4092 6450
437 332 597 440 1515

1412 368 1898 428 THEODORETI
1933 366 2270 424 EPISCOPI
2297 365 2666 425 CYRENSIS

3549 351 3686 422 1516

436 481 679 536 maxime
719 485 1005 533 strenuum
1054 477 1326 546 praebens.
1375 492 1394 526 ι
1437 473 1502 527 Ει
1550 476 1604 528 in
1647 473 1844 528 diebus
1895 472 2006 527 illis

2126 488 2287 536 ιενος,
2313 472 2406 524 καὶ
2437 471 2619 534 ἱκανὸς
2647 469 2723 522 ὣν
2761 468 2858 540 τὴν
2909 467 3326 539 ἐτοιμασθεῖσαν
3355 466 3448 520 ὑπ’
3475 464 3686 546 ἐκείνου

436 576 814 632 conterentur,
856 575 911 620 et
962 581 1071 619 non
1113 565 1166 618 in
1219 564 1383 629 facie,
1437 576 1616 632 neque
1648 562 1703 615 in
1750 561 1936 615 bellis.
1982 580 2000 612 ι

380 643 382 646 ’
433 657 672 712 ldoneus
706 658 852 712 enim
909 655 1040 719 erit,
1093 655 1294 723 inquit,
1332 653 1426 722 qui
1476 653 1560 706 vel
1593 649 1716 706 solo
1758 649 2005 714 nomine,

437 748 648 817 absque
681 747 890 816 praelia,
921 759 985 798 ac
1037 743 1158 799 sine
1203 743 1498 811 sanguine,
1527 741 1787 822 omnibus
1828 750 2007 795 terro-

435 853 552 892 rem
581 837 836 900 incutiat,
865 849 1071 904 eosque
1103 834 1206 888 sibi
1240 833 1519 910 subjiciat.

2110 564 2400 630 κατασχεῖν
2435 561 2733 629 βασιλείαν.
2764 561 2934 614 Τοῦτο
2961 563 2983 593 ⁸
3015 559 3340 631 παραδηλῶν
3387 559 3634 626 ἐπήγαγε
3671 573 3687 585 ·

2120 671 2138 702 ι
2180 652 2290 704 Kal
2338 651 2597 721 πράσσων
2633 651 2790 718 δόξαν
2821 651 3129 721 βασιλείας·
3166 671 3186 704 ι
3219 651 3340 704 ἀντὶ
3367 648 3483 712 τοῦ,
3520 649 3689 717 ὕπερ-

2107 742 2247 810 ἀγαν
2275 741 2354 811 τῷ
2408 742 2721 812 δραστηρίῳ
2774 744 3074 812 χρώμενος.
3115 760 3133 793 ι
3171 742 3283 795 Kal
3311 742 3368 793 ἑν
3395 741 3514 801 ταῖς
3549 737 3692 808 ὴμέ-

2110 848 2233 901 ραις
2285 830 2519 893 ἐκείναις
2580 832 3030 903 συντριϐήσονται
3064 833 3109 894 ⁸,
3145 831 3242 884 καὶ
3271 829 3372 882 οὐκ
3419 831 3477 882 ὲν
3520 835 3694 894 προσ-

436 927 624 992 ώποις,
682 927 803 980 οὐδὲ
845 928 904 978 ἐν
954 924 1211 994 πολέμοις
1243 925 1308 976 ¹⁰.
1347 907 1371 974 ι’
1413 923 1616 985 Ἱκανὸς
1665 922 1796 992 γὰρ,
1845 915 2032 992 φησὶν,
2089 921 2242 976 ἔσται
2296 922 2391 974 καὶ
2463 921 2600 991 μόνῃ
2649 925 2714 994 τῇ
2771 923 2933 996 φήμῃ
2978 921 3222 993 ἀμαχητὶ
3267 921 3363 974 καὶ
3418 907 3694 990 ἀναιμωτῖ

436 1017 775 1084 καταπλῆξαι
803 1016 1034 1079 πάντας,
1064 1017 1160 1068 καὶ
1193 1013 1370 1085 ἐαυτῷ
1399 1011 1690 1077 ὑποτάξαι.

505 1107 674 1163 Vens.
705 1108 797 1163 2|.
847 1125 865 1158 ι
907 1106 973 1160 Et
1004 1107 1176 1162 stabit
1206 1107 1261 1160 in
1296 1106 1758 1176 praeparationem
1807 1107 1948 1176 ejus.
1984 1125 2002 1158 ι

432 1199 613 1254 Tanta
644 1207 853 1260 autem,
883 1197 1085 1268 inquit,
1107 1196 1231 1266 ejus
1252 1197 1359 1251 erit
1385 1197 1586 1260 virtus,
1611 1203 1672 1250 ut
1697 1197 1868 1251 etiam
1891 1197 2011 1252 sine

437 1291 624 1361 praelio
675 1303 905 1358 regnum
947 1287 1014 1340 ad
1051 1302 1112 1342 se
1138 1301 1169 1340 a
1204 1294 1431 1357 parente
1480 1288 1813 1341 translatum
1868 1287 2012 1342 obti-

435 1391 586 1437 neat.
624 1399 643 1432 ι
679 1379 746 1433 Ει
773 1380 1073 1448 despectus
1105 1377 1228 1440 fuit,
1260 1388 1314 1432 ct
1369 1393 1476 1432 non
1524 1386 1613 1433 est
1658 1377 1785 1432 data
1843 1393 2013 1448 super

437 1486 560 1526 eum
594 1471 766 1540 gloria
804 1469 980 1540 regni.
1019 1487 1036 1520 ι
1079 1469 1244 1538 Atqui
1277 1485 1383 1522 non
1439 1477 1577 1530 erat,
1634 1470 1828 1537 inquit,
1880 1470 2012 1522 illu-

439 1561 593 1624 stris,
623 1575 719 1614 rex
759 1575 884 1614 cum
922 1567 1088 1623 esset,
1117 1559 1214 1614 sed
1258 1561 1386 1615 vilis
1414 1560 1636 1630 quidam
1692 1559 2008 1629 videbatur,

437 1653 533 1722 qui
568 1651 756 1705 Romae
784 1650 1182 1704 custodiretur.
1221 1668 1239 1700 ι
1283 1649 1348 1702 Ει
1386 1659 1693 1705 revertetur
1728 1651 1782 1704 in
1831 1653 2010 1705 abun-

435 1742 651 1806 dantia,
682 1748 736 1795 ct
760 1740 1031 1795 obtinebit
1061 1754 1292 1810 regnum
1330 1739 1385 1794 in
1412 1741 1682 1810 lapsibus.
1723 1760 1741 1793 ι
1777 1739 2011 1796 Verum-

2181 1111 2289 1159 xa’.
2325 1124 2343 1157 ι
2377 1105 2488 1158 Kal
2522 1107 2775 1176 στήσεται
2815 1103 2908 1156 ἐπὶ
2939 1103 3038 1173 τὴν
3091 1097 3410 1172 ἐτοιμασίαν
3441 1095 3626 1154 αὐτοῦ.
3657 1111 3689 1151 “›

2109 1191 2359 1267 Τοσαύτη
2386 1197 2464 1261 δὲ,
2497 1196 2661 1266 φησὶ,
2692 1196 2956 1266 χρήσεται
2987 1192 3296 1263 δυναστείᾳ,
3333 1192 3410 1255 ὡς
3437 1191 3532 1244 καὶ
3561 1191 3696 1245 ἄνευ

2110 1287 2432 1356 συμπλοκῆς
2465 1287 2738 1356 κρατῆσαι
2771 1287 2870 1355 τῆς
2908 1283 3178 1354 πατρόθεν
3207 1285 3288 1346 είς
3319 1282 3482 1335 αὑτὸν
3513 1299 3696 1352 παρα-

2109 1375 2449 1444 πεμφθείσης
2511 1374 2809 1444 βασιλείας.
2869 1390 2888 1424 ι
2961 1370 3320 1442 Ἐξουδενώθη
3353 1411 3370 1438 ,
3433 1372 3530 1424 καὶ
3588 1371 3698 1424 οὐκ

2107 1466 2267 1535 ἐδόθη
2292 1466 2334 1496 ’⁸
2366 1467 2453 1517 ἐπ’
2494 1466 2656 1519 αὐτὸν
2694 1464 2822 1529 δόξα
2861 1463 3160 1531 βασιλείας.
3193 1481 3211 1513 ι
3253 1463 3363 1516 Kal
3416 1462 3544 1532 μὴν,
3588 1475 3699 1532 φη-

2107 1557 2212 1620 σὶν,
2248 1557 2348 1610 οὐκ
2376 1552 2445 1626 ῆν
2480 1555 2744 1621 ἐπίδοξος,
2775 1553 3025 1624 βασιλεὺς
3055 1552 3130 1605 ὢν
3153 1593 3168 1618 ,
3193 1553 3308 1605 ἀλλ’
3335 1553 3557 1624 εὐτελής
3601 1571 3696 1616 τις

2106 1647 2279 1701 ἐδόκει
2304 1649 2362 1699 ἐν
2395 1650 2461 1717 τῇ
2493 1646 2683 1719 Ῥώμῃ
2706 1645 3127 1717 φρουρούμενος.
3170 1663 3188 1695 ι
3222 1645 3330 1699 Kal
3370 1646 3699 1716 ὲπανήξειη

2106 1732 2192 1792 ἐπ’
2227 1739 2268 1770 ’³
2297 1738 2542 1808 εὐθηνίᾳ,
2573 1738 2668 1790 καὶ
2711 1738 3029 1807 κατισχύσει
3075 1736 3354 1806 βασιλείας
3389 1737 3446 1790 ὲν
3476 1737 3699 1808 ὀλισθῆ-

437 1840 659 1895 tamen,
713 1830 932 1900 inquit,
982 1829 1236 1899 quamvis
1295 1830 1453 1884 valde
1506 1829 1833 1899 despectus,
1884 1845 2010 1886 cum

2126 1846 2268 1899 μασι.
2317 1849 2337 1882 ι
2387 1827 2525 1881 Ἀλλ’
2569 1829 2737 1895 ὅμως,
2781 1829 2934 1898 φησὶ,
2986 1828 3080 1881 καὶ
3134 1827 3251 1882 λίαν
3299 1819 3375 1880 ὢν
3410 1826 3692 1896 ἐξουθενη-

432 1920 611 1974 multa
640 1934 825 1973 rerum
861 1919 1022 1985 copia
1050 1919 1235 1973 veniet
1267 1919 1622 1991 plurimoque
1675 1935 1802 1975 cum
1853 1936 2012 1977 exer-

439 2011 576 2074 citu,
612 2018 668 2064 et
693 2010 820 2064 dolo
851 2011 960 2065 sibi
1009 2011 1318 2079 opitulante
1367 2025 1433 2064 ac
1483 2011 1679 2066 fraude
1741 2013 2009 2076 adhibita,

439 2111 673 2169 regnum
703 2099 998 2153 obtinebit.
1032 2097 1147 2152 Hoc
1197 2114 1325 2154 vero
1359 2101 1523 2154 etiam
1556 2102 1612 2154 in
1645 2102 1890 2158 secunda
1927 2103 2014 2156 vi-

441 2191 596 2245 sione
624 2191 816 2245 beatus
849 2189 1038 2244 Daniel
1067 2190 1376 2259 conspexit,
1411 2191 1729 2262 audivitque
1759 2201 2013 2248 sanctum

439 2278 778 2342 Gabrielcm,
834 2278 1198 2332 dicentemzc
1259 2278 1425 2333 Dolus
1480 2281 1532 2334 in
1583 2297 1751 2335 manu
1799 2280 2017 2352 1279

441 2368 584 2437 ejus,
619 2375 672 2422 et
702 2369 755 2421 in
793 2367 961 2422 corde
1008 2383 1110 2422 suo
1161 2367 1637 2438 magniﬁcabitur;
1661 2372 1678 2390 ‘
1708 2380 1763 2426 et
1802 2373 2019 2427 occidet

441 2462 671 2522 multos,
701 2467 756 2513 et
791 2460 847 2513 in
887 2459 1200 2526 perditione
1254 2460 1550 2514 multorum
1601 2463 1770 2517 stabit
1790 2465 1836 2517 ε.
1889 2483 1907 2514 ι
1951 2463 2019 2516 Et

441 2549 534 2602 hic
582 2548 886 2604 similiter:
923 2567 941 2599 ι
987 2547 1270 2604 Obtinebit
1326 2551 1472 2604 enim
1524 2564 1776 2622 regnum,
1815 2553 2017 2622 inquit,

443 2638 500 2693 in
533 2638 800 2706 lapsibus.
837 2656 855 2689 ›

517 2725 681 2782 Vens.
708 2728 798 2781 2‘2.
835 2747 852 2778 ι
888 2727 954 2781 Ει
992 2729 1216 2784 brachia
1246 2731 1572 2787 inundantis
1600 2733 2021 2788 innndabuntnr

448 2836 478 2874 a
511 2817 652 2873 facie
677 2819 822 2887 ejus,
875 2827 930 2874 ct
985 2829 1364 2876 conterentur.
1398 2841 1417 2874 ι
1457 2822 1560 2878 Hic
1611 2834 1793 2880 autem
1841 2825 2022 2879 denuo

444 2908 831 2980 .‘Egyptiorum
888 2910 1070 2962 innuit
1106 2927 1358 2980 regnum,
1388 2913 1521 2982 quia
1553 2915 1719 2967 etiam
1763 2914 1841 2967 illi
1880 2914 2024 2967 mul-

451 3013 566 3056 tum
591 3011 867 3072 potentes,
905 3011 959 3056 et
987 3003 1166 3058 instar
1192 3003 1386 3059 diluvii
1418 3006 1772 3062 adversarios
1797 3008 2027 3076 perden-

450 3101 556 3159 tes,
589 3103 642 3147 et
669 3091 1040 3146 internecioni
1072 3093 1290 3160 dantes,
1325 3095 1394 3149 ab
1428 3095 1551 3163 ipso
1579 3095 2025 3161 inundabuntur,

2115 1921 2271 1991 μένος
2289 1921 2351 1985 ⁸⁸,
2385 1920 2521 1990 μετά
2550 1919 2750 1986 πολλῆς
2783 1918 2902 1988 ἥξει
2933 1918 3252 1988 περιουσίας
3287 1919 3382 1971 καὶ
3427 1917 3696 1987 πλείστης

2109 2011 2412 2077 δυνάμεως,
2435 2012 2528 2064 καὶ
2553 2009 2816 2080 κρατήσει
2837 2011 2936 2079 τῆς
2957 2007 3235 2078 βασιλείας
3261 2009 3400 2078 δόλῳ
3417 2007 3698 2078 συνεργῷ,

2112 2105 2207 2156 καὶ
2258 2103 2503 2174 ἐξαπάτῃ
2569 2101 2770 2170 μᾶλλον
2795 2101 2838 2132 ³⁸
2867 2097 3167 2170 χρώμενος.
3210 2098 3382 2150 Τοῦτο
3412 2098 3468 2150 δὲ
3511 2099 3606 2151 καῖ⁵
3633 2099 3700 2151 ὲν

2112 2198 2178 2265 τῇ
2233 2193 2460 2264 δευτέρᾳ
2514 2192 2753 2263 ὀπτασίᾳ
2790 2193 2817 2244 ὁ
2850 2190 3120 2260 μακάριος
3168 2189 3428 2244 ἐθεάσατο
3481 2190 3705 2260 Δανιὴλ,

2115 2287 2208 2339 καὶ
2231 2287 2430 2356 ἤκουσε
2461 2284 2552 2338 τοῦ
2588 2285 2745 2352 ἁγίου
2771 2280 3036 2351 Γαϐριὴλ,
3068 2280 3348 2349 λέγοντος·
3393 2301 3410 2333 ι
3433 2281 3594 2343 Δόλος
3638 2282 3708 2334 ἐν

2115 2379 2180 2446 τῇ
2207 2376 2249 2407 ’⁸
2287 2375 2429 2446 χειρὶ
2460 2374 2650 2437 αὐτοῦ,
2685 2374 2780 2426 καὶ
2810 2376 2869 2427 ἐν
2923 2374 3120 2444 καρδίᾳ
3159 2373 3322 2426 αὑτοῦ
3359 2371 3709 2443 μεγαλυνθήε-

2120 2483 2269 2517 σεται
2288 2481 2302 2495 ο
2337 2466 2432 2518 καὶ
2460 2463 2743 2532 διαφθερεῖ
2773 2463 3016 2527 πολλοὺς,
3050 2464 3144 2516 καὶ
3167 2464 3259 2518 ἐπὶ
3283 2463 3531 2533 ἀπωλείᾳ
3564 2463 3704 2515 πολ-

2121 2557 2228 2611 λῶν
2265 2559 2542 2628 στήσεται.
2593 2555 2701 2609 Kal
2731 2554 2963 2608 ἐνταῦθα
2997 2554 3251 2618 ὠςαύτως
3277 2571 3289 2583 °
3335 2573 3353 2605 ι
3374 2553 3716 2624 Κατισχύσει

2119 2649 2227 2718 γὰρ
2258 2649 2322 2713 ¹⁷,
2361 2649 2513 2717 φησὶ,
2546 2646 2823 2716 βασιλείας
2847 2648 2904 2698 ὲν
2938 2646 3292 2716 ὀλισθήμασι.
3334 2665 3352 2698 ι

2191 2739 2296 2808 κβν.
2335 2757 2352 2788 ι
2394 2738 2502 2790 Kal
2530 2737 2813 2807 βραχίονες
2843 2737 2936 2789 τοῦ
2988 2735 3424 2799 κατακλύζοντος
3445 2734 3717 2788 κατακλυ·

2124 2825 2413 2894 σθήσονται
2433 2823 2540 2877 ἀπὸ
2559 2822 2852 2893 προσώπου
2879 2822 3066 2886 αὑτοῦ,
3083 2824 3176 2877 καὶ
3200 2824 3668 2893 συντριϐήσονται.
3686 2842 3707 2874 ›

2126 2916 2296 2969 Πάλιν
2325 2916 2381 2968 δὲ
2412 2914 2647 2968 ἐνταῦθα
2675 2914 2771 2985 τὴν
2821 2914 2927 2967 τῶν
2961 2913 3280 2982 Δίγυπτίων
3310 2909 3528 2985 ᾐνίξατο
3554 2908 3716 2983 βασι-

2125 3005 2296 3069 λείαν,
2329 3006 2410 3057 ὅτι
2445 3005 2687 3058 κάκεῖνοι
2715 3005 2764 3056 οἱ
2819 3003 2888 3056 τὰ
2922 3002 3135 3072 μεγάλα
3176 3003 3484 3072 δυνάμενοι,
3516 3004 3610 3056 καὶ
3630 3003 3720 3056 δί-

2130 3114 2234 3166 κην
2267 3095 2654 3165 κατακλυσμοῦ
2682 3097 2808 3158 τοὺς
2834 3093 3258 3164 ἀνθισταμένους
3285 3091 3715 3164 διαφθείροντες,

431 3189 506 3236 ’νει
533 3189 914 3235 conterentur.
947 3179 1136 3250 Neque
1187 3181 1275 3236 isti
1317 3183 1444 3247 soli,
1475 3183 1570 3239 sed
1596 3184 1760 3239 etiam
1801 3203 1815 3238 :
1851 3203 1870 3236 ι
1908 3184 2023 3238 Dux

2133 3189 2228 3240 καὶ
2259 3187 2487 3254 ἀφανεῖς
2530 3187 2624 3239 καὶ
2663 3186 2927 3258 φρούδους
2978 3185 3394 3254 ἀποφαίνοντες,
3446 3188 3538 3238 καὶ
3568 3177 3719 3238 οὗτοι

455 3272 791 3327 testamenti.
843 3290 861 3322 ι

528 3520 695 3576 Vens.
750 3522 842 3576 23.
880 3541 898 3574 ι
936 3523 1057 3577 Eta
1121 3526 1599 3585 commistionibus
1652 3545 1782 3602 erga
1849 3533 2031 3602 ipsum

457 3611 626 3667 faciet
655 3613 865 3666 dolum.
903 3632 922 3663 ι
970 3612 1072 3668 llic
1095 3617 1485 3685 praesigniﬁcat
1531 3618 1859 3675 seditionem
1894 3637 2032 3677 con-

458 3703 683 3756 citatam
738 3710 931 3756 contra
970 3703 1178 3772 ,Oniam
1239 3708 1545 3778 principem
1598 3712 1972 3777 sacerdotum,
2003 3730 2032 3768 a

453 3790 610 3855 Jesu,
651 3791 944 3859 quietiam
1000 3791 1166 3848 Jason
1203 3795 1387 3852 dictus
1445 3797 1568 3863 fuit,
1626 3811 1681 3855 et
1727 3801 1863 3856 Onia
1922 3805 2034 3860 ﬁlio

462 3879 690 3934 Menelai
725 3897 739 3933 :
776 3895 842 3935 ex
874 3883 1073 3951 quibus
1104 3881 1296 3948 Jason,
1343 3901 1466 3940 cum
1521 3890 1679 3959 prius
1729 3892 1798 3945 ad
1840 3892 2033 3948 Antio-

462 3972 626 4025 chum
666 3974 1069 4038 contendisset,
1115 3973 1345 4030 l‘ratrcm
1381 3994 1541 4032 suum
1587 3983 1912 4050 pontilicatu
1937 3986 2032 4040 de-

450 4063 608 4129 jecit,
648 4062 925 4118 Menelaus
955 4079 1085 4119 vero
1122 4069 1449 4125 muneribus
1480 4079 1534 4124 et
1577 4087 1714 4128 auro
1759 4077 2035 4132 Antiocho

460 4153 668 4217 n'iissis,
699 4153 768 4207 ad
801 4169 860 4208 se
894 4171 1090 4212 rursus
1134 4171 1394 4215 revocato
1443 4163 1770 4231 pontiﬁcatu
1826 4169 2034 4238 expulit

457 4244 740 4299 Jasonem.
803 4244 942 4300 Hinc
1000 4263 1196 4317 graves
1263 4261 1316 4305 et
1375 4253 1618 4309 molesta:
1683 4257 2035 4316 calamitates

457 4333 772 4389 Juda-orum
811 4337 1092 4394 nationem
1141 4341 1414 4399 invasere.
1451 4343 1578 4400 Haec
1617 4347 1814 4404 beatus
1845 4347 2036 4405 Daniel

461 4434 586 4480 ante
620 4425 854 4482 edoctus
891 4429 1044 4484 audit
1079 4448 1092 4484 :
1133 4449 1151 4482 ι
1199 4432 1431 4488 Brachia
1467 4435 1789 4493 inundantis
1820 4440 1888 4493 ab
1916 4442 2036 4507 ipso

2136 3277 2226 3329 ὑπ’
2276 3275 2443 3329 αὑτοῦ
2504 3276 3062 3345 κατακλυσθήσονται,
3094 3277 3190 3328 καὶ
3245 3273 3711 3344 συντριϐήσονται,

2134 3367 2233 3434 οὐχ
2271 3359 2419 3417 οὗτοι
2449 3364 2505 3417 δὲ
2567 3365 2758 3435 μόνοι,
2807 3364 2965 3430 ἀλλὰ,
3019 3384 3036 3416 ι
3072 3364 3183 3418 Καί
3237 3377 3302 3432 γε
3347 3363 3645 3434 ἡγούμενος
3665 3362 3718 3394 ’⁸⁸

2136 3459 2420 3529 ῶαθήκης.
2462 3477 2479 3508 ι

2207 3555 2313 3615 κγ’.
2374 3565 2391 3598 ι
2432 3547 2554 3599 Kal
2599 3548 2707 3600 ἀπὸ
2762 3544 2870 3599 τῶν
2931 3544 3245 3617 συμμίξεων
3285 3546 3328 3579 η
3363 3543 3497 3615 πρὸς
3556 3539 3718 3596 αὑτὸν

2139 3643 2353 3710 ποιησει
2391 3639 2561 3692 δόλον.
2606 3657 2623 3690 ι
2673 3638 2938 3691 Ἐνταῦθα
2967 3635 3335 3707 προσημαίνει
3362 3635 3460 3705 τὴν
3494 3633 3718 3704 γενομέ-

2139 3750 2237 3802 νην
2272 3730 2642 3784 ἐπανάστασιν
2699 3729 2848 3798 Ὀνίᾳ
2879 3728 2956 3798 τῷ
2986 3725 3235 3798 ἀρχιερεῖ
3279 3725 3384 3779 ὑπὸ
3407 3724 3582 3793 Ἰησοῦ
3624 3721 3718 3777 τοῦ

2139 3822 2235 3874 καὶ
2271 3821 2538 3882 Ἰάσωνος,
2572 3819 2664 3871 καὶ
2707 3818 2878 3870 Ὀνίου
2917 3817 3011 3869 τοῦ
3041 3815 3317 3870 Μενελάου
3341 3832 3353 3845 ·
3383 3815 3584 3868 τούτων
3611 3814 3718 3884 γὰρ

2142 3910 2406 3981 πρότερον
2428 3909 2472 3940 ²⁶
2515 3909 2614 3978 μὲν
2640 3909 2668 3960 ὁ
2709 3907 2924 3970 Ἵάσων,
2962 3907 3102 3977 πρὸς
3149 3905 3246 3958 τὸν
3287 3905 3556 3974 Ἀντίοχον
3584 3903 3717 3974 δραι

2144 3997 2280 4066 μὼν,
2296 3997 2386 4050 τὸν
2408 3997 2605 4049 οἰκεῖον
2627 3993 2854 4063 ἀδελφὸν
2881 3993 2980 4064 τῆς
3009 3992 3422 4065 ἀρχιερωσύνης
3443 3991 3715 4059 ἐξέϐαλεν·

2140 4089 2168 4140 ὁ
2188 4087 2242 4140 δὲ
2268 4085 2562 4149 Μενέλαος,
2596 4085 2745 4155 δῶρα
2765 4085 2858 4140 καὶ
2889 4085 3110 4154 χρυσίον
3137 4083 3467 4146 ἀποσταλεὶς
3496 4081 3717 4150 κομίσαι

2139 4175 2218 4244 τῷ
2275 4174 2552 4244 Ἀντιόχῳ,
2596 4176 2676 4236 είς
2733 4173 2925 4226 ἑαυτὸν
2981 4173 3142 4227 πάλιν
3171 4173 3271 4243 τὴν
3308 4171 3719 4242 ἀρχιερωσύνην

2145 4263 2419 4334 μεταθεὶς,
2455 4262 2685 4334 ἐξήλασε
2732 4262 2821 4314 τὸν
2866 4262 3112 4315 Ἰἀσωνα.
3152 4261 3432 4316 Ἐντεῦθεν
3466 4263 3523 4314 at
3548 4261 3720 4315 δειναὶ

2142 4353 2237 4406 καὶ
2259 4353 2496 4422 χαλεπαὶ
2523 4352 2802 4422 συμφοραὶ
2819 4351 2881 4403 τδ
2921 4351 3192 4404 Ἰουδαίων
3222 4350 3520 4405 κατέλαϐον
3546 4351 3717 4413 ἔθνος.

2143 4442 2326 4496 Ταῦτα
2355 4445 2383 4496 ὁ
2420 4443 2687 4512 μακάριος
2737 4441 3225 4512 πῳδιδασκὸμενος
3253 4441 3472 4512 Δανιὴλ,
3506 4441 3718 4504 ἀκούει,

461 4515 900 4571 inundabuntnr.
939 4538 958 4568 ι
999 4518 1066 4574 Ει
1106 4520 1354 4591 loquitur
1387 4526 1455 4580 de
1507 4527 1799 4584 Ptolemaeo
1859 4529 2023 4584 Philo-

2142 4533 2223 4586 ὅτι
2258 4552 2276 4582 ι
2300 4533 2592 4604 Βραχίονες
2609 4532 2703 4586 τοῦ
2735 4531 3163 4597 κατακλύζοντος
3185 4533 3720 4604 κατακλυσθήσονται

463 4613 691 4670 metore,
748 4608 841 4676 qui
897 4607 1196 4666 Ptolemaeo
1250 4612 1520 4683 Epiphani
1596 4622 1889 4673 successit.
1945 4617 2042 4674 llis

461 4696 714 4765 subjecit,
749 4717 766 4749 ι
796 4698 987 4754 Etdux
1023 4700 1266 4757 hederis.
1301 4703 1655 4777 i-Principem
1689 4708 2039 4764 sacerdotum

464 4784 696 4855 intelligi
726 4789 862 4851 vult,
899 4789 1048 4858 pium
1074 4789 1296 4849 Jasonis
1351 4793 1596 4861 fratrem,
1632 4805 2042 4866 praemonetque

465 4874 582 4928 fore
617 4882 677 4928 ut
723 4877 877 4931 illum
912 4879 1075 4933 etiam
1133 4882 1351 4936 abdicet
1403 4885 1723 4952 pontiﬁcatu
1781 4886 2041 4942 maximo.

465 4963 672 5021 Deinde
703 4967 867 5022 docet
903 4971 1149 5036 modum,
1193 4972 1383 5028 dicens
1417 4994 1429 5027 :
1470 4992 1489 5024 ι
1530 4974 1594 5029 Εῑ
1626 4991 1656 5030 a
1693 4977 2037 5035 commistio-

465 5057 626 5110 nibus
683 5072 811 5127 erga
859 5060 1010 5115 illum
1064 5061 1232 5118 faciet
1267 5065 1479 5129 dolum,
1522 5085 1540 5117 ι
1589 5067 1805 5137 1280
1856 5078 2042 5126 utetur

464 5146 608 5200 enim
653 5148 946 5217 ministris,
998 5151 1199 5222 inquit,
1247 5155 1313 5209 iis
1362 5157 1455 5225 qui
1517 5172 1576 5211 se
1641 5158 1782 5213 idem
1839 5159 2041 5216 habere

545 5298 570 5337 ⁸
604 5297 736 5352 Dan.
757 5317 878 5367 vni,
901 5302 994 5356 25.

2143 4625 2237 4676 ἀπ’
2271 4623 2457 4680 αὐτοῦ.
2495 4642 2513 4676 ι
2553 4623 2715 4691 Λέγει
2747 4623 2803 4676 δὲ
2837 4623 3172 4692 Πτολεμαῖον
3217 4624 3309 4676 τὸν
3333 4623 3678 4695 Φιλομήτορα
3701 4638 3718 4655 ⁸

2142 4709 2295 4776 οὗτος
2333 4714 2441 4783 γὰρ
2472 4713 2804 4781 Πτολεμαῖον
2829 4713 2920 4765 τὸν
2966 4715 3236 4786 Ἐπιφανῆ
3262 4714 3554 4782 διεδέξατο.
3587 4715 3722 4769 Τού-

2140 4820 2252 4865 τοις
2283 4804 2562 4872 ὲπήγαγεο
2595 4823 2614 4854 ι
2647 4803 2757 4856 Καί
2800 4819 2864 4871 γε
2901 4803 3208 4874 ἡγούμενος
3235 4805 3522 4877 διαθήκης.
3567 4825 3584 4858 ι
3621 4806 3723 4860 Λέ-

2144 4908 2230 4959 γει
2259 4893 2364 4962 γὰρ
2382 4895 2424 4925 ³⁸
2459 4893 2551 4944 τὸν
2581 4893 2840 4963 ἀρχιερέα
2866 4894 2956 4947 τὸν
2985 4895 3208 4965 εὐσεϐῆ,
3232 4896 3323 4949 τὸν
3347 4895 3440 4949 τοῦ
3478 4897 3724 4960 Ἰάσωνος

2146 4981 2406 5050 ἀδελφὸν,
2458 4983 2552 5034 καὶ
2599 4983 2947 5054 προδιδάσκει
2973 4985 3095 5047 ,ὅτι
3147 4987 3398 5039 κάκεῖνον
3447 4986 3542 5039 τοῦ
3584 4987 3724 5056 ἀρχ-

2149 5071 2448 5144 ιερατεύειν
2495 5072 2716 5126 παύσει.
2747 5069 2881 5126 Εἶτα
2901 5073 3143 5127 διδάσκει
3167 5076 3256 5128 τὸν
3290 5076 3492 5146 τρόπον
3515 5092 3529 5106 ·
3560 5094 3578 5126 ι
3614 5076 3724 5129 Kal

2147 5162 2254 5215 ἀπὸ
2301 5162 2409 5216 τῶν
2461 5161 2775 5235 συμμίξεων
2835 5163 2972 5233 πρὸς
3031 5166 3194 5218 αὑτὸν
3233 5167 3450 5235 ποιήσει
3482 5165 3716 5219 δόλον.-ι

1721 5457 1948 5514 VARle
1980 5417 2398 5520 mcrloxns.

540 5540 562 5571 ⁸
587 5541 763 5595 τοῦτο.
791 5542 830 5594 Β
867 5542 989 5612 add.
1019 5542 1146 5612 γάρ.

470 5607 608 5686 ﬁgat.
689 5613 737 5686 ’ξι
772 5613 880 5686 ἐπ’ἶ
912 5607 1040 5686 Aget
1065 5607 1210 5686 Ιξηὲν.
1237 5675 1252 5686 Δ,
1293 5612 1336 5643 ³⁸
1440 5607 1881 5686 ἐξουδενώμενος.

1254 5544 1274 5573 ⁹
1370 5547 1817 5623 ξυντριϐήσεται.
1892 5555 1894 5558 ’
1919 5549 2039 5623 ‘°__A
2065 5560 2124 5623 et
2156 5551 2195 5604 Β
2224 5553 2468 5623 πολέμῳ.

2571 5556 2692 5628 “fA,
2716 5556 2968 5628 ἔδωκαν..
3004 5567 3059 5612 et
3093 5559 3290 5617 deinde
3341 5562 3558 5628 δόξαν.·
3600 5563 3640 5596 η
3677 5563 3721 5616 Α

476 5619 608 5708 ἣξει.
689 5619 730 5641 ³³
772 5619 880 5691 ἐπ’ἱ
912 5619 956 5664 Α
983 5621 1035 5665 et
1065 5619 1105 5662 li
1135 5619 1210 5665 ὲν.
1249 5675 1252 5678 ἢ
1293 5619 1336 5643 ³⁸
1368 5619 1406 5666 Β
1440 5619 1881 5686 ὲξουδενώμενος.
1964 5619 2006 5649 ¹⁵
2039 5622 2199 5689 μᾶλλ.
2231 5623 2290 5676 1η
2321 5619 2373 5674 13⁷
2401 5619 2528 5678 ante
2555 5627 2648 5678 καὶ
2681 5626 2841 5692 ὲξαπ.
2878 5619 3121 5695 ponitur.
3203 5633 3246 5663 “
3276 5634 3364 5701 τῇ.
3395 5619 3519 5687 Des.
3557 5633 3613 5689 in
3651 5632 3716 5686 Β.

546 5695 670 5752 γαρ.
706 5679 826 5736 Des.
870 5697 923 5734 in
951 5680 1006 5732 Β.
1088 5682 1130 5710 ι’*
1153 5680 1192 5732 Β
1228 5682 1592 5752 ἡγησάμενος.
1678 5690 1718 5719 ³³
1745 5689 1789 5739 Α
1822 5689 2244 5758 συναναμίξεων.
2355 5693 2400 5724 ²⁰
2429 5694 2466 5744 Β
2497 5695 2778 5758 πρότερος.
2888 5700 2931 5728 ¹¹
2972 5699 3100 5758 γάρ.
3138 5699 3276 5758 Βδέ.
3319 5736 3324 5742 -
3672 5729 3676 5740 -

2355 5693 2400 5724 ²⁰
2429 5694 2466 5744 Β
2497 5695 2778 5765 πρότερος.

2888 5700 2931 5728 ει
2972 5699 3100 5769 γάρ.
3138 5699 3276 5758 nae.
3316 5699 3324 5742 1
