4092 6424
458 345 595 415 15ίῖ
1671 361 1752 420 IN
1789 359 2143 435 DANIELIS
2182 359 2339 419 CAP.
2385 361 2489 420 XI.
3572 364 3706 432 1513

455 463 735 532 Χρήσεται
766 459 872 532 γὰρ
897 503 910 527 ,
947 461 1103 533 φησὶ,
1141 461 1410 528 διακόνοις
1447 465 1557 531 τοῖς
1604 467 1666 520 τὸ
1711 468 1842 520 αὐτὸ
1880 469 2033 536 γένος
2063 521 2071 543 λ

2086 467 2440 544 γειοτίοιιιυι*
2473 484 2666 539 genus,
2725 470 3086 544 adhibitoque
3108 472 3261 541 dolo,
3311 472 3368 528 in
3427 475 3702 534 nationem

454 553 604 624 ἔχειν
655 553 1096 624 σεμνυνομένοις,
1127 555 1222 610 καὶ
1271 555 1408 628 δόλῳ
1458 560 1705 630 συνεργῷ
1753 559 2030 636 χρώμενος

2135 559 2348 614 inﬁnita
2377 561 2520 614 mala
2547 562 2812 630 patrabit.
2844 583 2861 614 ι
2888 563 3163 620 Ascendet
3204 573 3415 630 autem,
3451 577 3507 620 et
3541 583 3703 638 snpe-

456 645 628 717 μυρία
654 645 801 698 δεινὰ
845 647 928 708 είς
969 641 1030 700 τὸ
1062 645 1212 710 ἔθνος
1249 649 1564 719 ἐργάσεται.
1603 669 1622 702 ι
1674 653 2031 722 Ἀναὸήσεται

2131 652 2276 705 rabit
2307 653 2486 722 ipsum
2515 654 2731 708 modica
2758 662 2943 724 gente.
2981 673 3001 707 ι
3033 655 3304 727 {Deceptis
3329 659 3477 712 enim
3510 656 3704 713 lliero—

453 737 512 789 δὲ
535 737 627 789 καὶ
657 736 1012 807 ὐπερισχύσει
1032 737 1196 792 αὑτοῦ
1223 740 1281 791 ἐν
1303 739 1472 811 ὀλίγῳ
1493 741 1652 795 ἔθνει.
1670 761 1688 794 ι
1723 743 2029 813 Ἐξαπατή-

2131 742 2463 812 snlymorum
2519 743 2753 806 incolis,
2796 745 2955 814 quasi
3008 744 3272 814 paciﬁcus
3328 745 3702 815 ingressurus,

450 844 556 889 σας
576 826 685 897 γὰρ
700 827 826 889 τοὺς
843 827 912 880 τά
946 827 1290 898 Ἱεροσόλυμα
1317 828 1714 895 ο’ἰκοῦντας,ὼς
1743 833 1860 901 μετ’
1875 835 2028 903 εἰρή-

2130 836 2368 902 primum
2414 833 2470 887 in
2527 836 2667 888 sacri
2707 836 2796 890 Dei
2831 837 3019 906 templi
3075 837 3237 908 adyta
3274 837 3483 908 ingredi
3533 854 3703 894 ausus

450 933 550 986 νης
564 915 784 970 εἰσιέναι
801 917 1028 987 μέλλων,
1050 918 1262 988 πρῶτον
1293 920 1390 990 μὲν
1409 922 1660 993 ἐπιϐῆναι
1677 923 1786 976 τῶν
1820 923 2028 977 ἀδύτων

2130 933 2216 976 est
2249 942 2261 977 :
2289 924 2488 980 deinde
2516 925 2699 980 ablato
2726 927 2873 981 omni
2907 928 3166 998 imposito
3202 939 3424 991 ornatu.
3456 938 3513 986 ct
3553 932 3701 986 vasis

449 1007 718 1076 ἐτόλμησε
746 1006 840 1060 τοῦ
872 1006 1017 1061 θείου
1067 1008 1194 1074 νεὼ,
1229 1011 1424 1067 ἔπειτα
1451 1013 1665 1067 ἅπαντα
1689 1013 1782 1068 τὸν
1814 1015 2026 1068 ἐπικεί-

2125 1013 2310 1070 divino
2347 1016 2519 1070 cultui
2553 1015 2849 1083 dedicatis,
2896 1035 3158 1090 egressus
3210 1029 3314 1075 est.
3375 1022 3701 1093 Rursusque

452 1115 612 1170 μενον
662 1098 864 1170 κόσμον
911 1100 1145 1169 ἀφελὼν,
1183 1103 1276 1156 καὶ
1325 1103 1395 1157 τὰ
1423 1105 1780 1176 άφιερωμένα
1808 1108 1873 1177 τῇ
1899 1106 2024 1178 θείᾳ

2125 1106 2364 1160 adducto
2415 1107 2483 1161 ad
2539 1107 2731 1163 urbem
2791 1111 3039 1169 exercitu
3081 1112 3361 1182 octoginta
3413 1113 3695 1170 hominum

447 1189 756 1261 λειτουργίᾳ
782 1190 970 1261 σκεύη.
1002 1191 1176 1256 οὕτως
1203 1193 1540 1266 ἐξελήλυθεν.
1577 1193 1742 1260 Αὖθις
1769 1197 1826 1250 δὲ
1861 1199 2026 1251 πάλιν

2125 1197 2296 1250 millia
2331 1197 2559 1251 occidit.
2593 1197 2780 1268 Neque
2808 1199 2893 1255 his
2925 1210 3223 1256 contentus
3251 1201 3440 1257 missis
3464 1201 3697 1258 ducibus

443 1273 880 1349 ἐπιστρατεύσας
907 1278 974 1350 τῇ
1009 1280 1182 1346 πόλει,
1219 1281 1363 1338 ὀκτὼ
1389 1283 1488 1354 μὲν
1521 1284 1784 1355 μυριάδας
1811 1283 2022 1355 ἀνθρώ-

2125 1286 2243 1342 suis
2268 1287 2703 1344 innumerabiles
2743 1289 2921 1345 caedes
2970 1289 3254 1348 faciendas
3282 1291 3524 1346 curavit.
3572 1291 3699 1347 llaec

445 1387 564 1422 πων
603 1369 911 1438 κατέσφαξε
943 1371 1010 1434 ’³,
1047 1371 1140 1425 καὶ
1170 1372 1291 1428 οὑδέ
1313 1373 1525 1439 τούτοις
1555 1375 1865 1446 ἀρκεσθεὶς,
1889 1377 2016 1439 τοὺς
2123 1377 2555 1449 ρτωείεηίίίοοιιε
2589 1397 2604 1434 :

442 1461 640 1516 ἑαυτοῦ
698 1461 1036 1533 στρατηγοὺς
1110 1463 1462 1529 ἀποστείλας,
1532 1465 1757 1536 ἐτέρους
1831 1465 1994 1520 πάλιν
2076 1467 2314 1535 μυρίους
2363 1467 2410 1498 ³³
2467 1467 2662 1536 φόνους
2707 1467 3023 1540 εἰργάσατο.
3073 1469 3256 1526 Ταῦτα
3313 1473 3700 1545 προσημαίνων

443 1553 578 1624 φησί
611 1568 625 1584 ·
3385 1574 3390 1579 ·

520 1662 539 1692 ι
578 1642 686 1696 Kal
707 1642 1244 1715 ὕπερισχύσειαῦτοῦ
1279 1646 1337 1698 ἐν
1358 1645 1524 1716 ὀλίγῳ
1548 1644 1709 1700 ἔθνει.
1735 1643 1880 1717 (κδ’.)
1910 1646 2022 1698 Kal
2061 1720 2074 1721 γ

2204 1659 2222 1691 ι
2260 1640 2326 1694 Ει
2369 1642 2694 1711 superabit,
2748 1643 2969 1712 inquit,
3022 1643 3172 1714 ipsos
3233 1647 3450 1703 modica
3512 1661 3695 1721 gente,

439 1732 502 1786 ἐν
530 1733 774 1804 εὐθηνίᾳ,
830 1733 926 1788 καὶ
972 1735 1032 1787 ἐν
1069 1735 1214 1788 πίοσι
1270 1735 1475 1806 χώραις
1503 1737 1644 1808 ἣξει.
1681 1756 1700 1788 ›
1737 1736 1874 1791 Οὔτε
1912 1738 2022 1808 γάρ
2054 1724 2055 1728 Ἴ

2080 1723 2095 1777 Ι
2125 1732 2318 1803 (Vens.
2351 1732 2468 1801 Ἡ.)
2506 1733 2569 1788 Ει
2607 1733 2661 1788 in
2711 1734 3075 1800 abundantia,
3101 1746 3154 1791 et
3187 1739 3242 1792 in
3281 1720 3580 1810 pinguibus
3608 1761 3696 1801 re-

438 1825 507 1878 δι’
541 1825 800 1896 ἀπορίαν,
850 1826 1008 1896 φησὶ,
1063 1828 1182 1898 μετ’
1217 1827 1414 1896 ὀλίγων
1462 1829 1736 1899 ἀφίξεται,
1767 1830 2021 1884 ἁλλὰ-διά

2121 1823 2377 1892 gionibus
2424 1824 2626 1878 veniet.
2671 1843 2689 1877 ι
2727 1822 2917 1894 Neque
2973 1827 3119 1880 enim
3169 1842 3398 1900 propter
3455 1834 3695 1904 inopiam

442 1919 540 1988 τὴν
563 1919 657 1970 τοῦ
698 1916 1042 1988 φρονήματος
1073 1917 1438 1982 ἀλαζονείαν.⁶
1465 1920 1582 1974 ἔστι
1612 1921 1720 1992 γὰρ
1746 1921 1895 1992 αὺτῷ
1925 1922 2020 1976 καὶ

2119 1927 2246 1966 cum
2281 1914 2494 1984 paucis,
2526 1915 2727 1985 inquit.
2764 1915 2966 1979 veniet,
2989 1917 3082 1971 sed
3113 1929 3334 1989 propter
3360 1927 3560 1981 mentis
3581 1943 3696 1989 suae

437 2009 665 2079 εὐθηνία
713 2010 809 2062 καὶ
840 2008 1141 2071 ἀπόλαυσις
1195 2010 1406 2082 μυρίων
1436 2011 1608 2066 ἐθνῶν
1659 2014 1881 2077 πιόνων,
1926 2014 2019 2067 καὶ

2119 2004 2434 2073 superbiam
2469 2023 2482 2058 :
2519 2009 2532 2026 ‘
2555 2013 2641 2059 est
2672 2006 2818 2060 enim
2851 2006 2956 2076 ipsi
2995 2014 3050 2061 et
3075 2009 3440 2077 abundantia,
3473 2025 3526 2070 et
3572 2017 3692 2074 fru-

437 2100 604 2171 φόρον
654 2098 822 2152 πολὺν
873 2098 1271 2169 χορηγούντων.
1324 2120 1342 2153 ι
1402 2101 1511 2154 Kal
1572 2103 1788 2174 ποιήσει
1830 2102 1866 2156 ἃ
1917 2103 2017 2156 οὐκ

2117 2104 2240 2150 ctus
2307 2095 2647 2149 inﬁnitarum
2707 2097 2956 2167 gentium
3017 2097 3337 2168 pinguium,
3407 2105 3690 2176 vectigalia

435 2192 701 2261 ἐποίησαν
751 2192 800 2243 οί
853 2190 1086 2260 πατέρες
1116 2190 1281 2244 αὐτοῦ
1333 2191 1428 2245 καὶ
1460 2193 1506 2224 ’⁸
1538 2193 1588 2246 οί
1639 2193 1876 2265 πατέρες
1905 2194 2015 2248 τῶν

2117 2187 2290 2244 multa
2315 2188 2808 2256 suppeditantium.
2835 2205 2854 2239 ι
2887 2187 2953 2241 Ει
2979 2187 3143 2243 faciet
3171 2206 3293 2260 qua:
3314 2209 3420 2247 non
3447 2194 3694 2258 fecerunt

435 2281 688 2352 πατέρων
719 2280 882 2334 αὐτοῦ
903 2296 915 2308 ·
943 2281 1223 2351 προνομὴν
1245 2282 1340 2335 καὶ
1370 2280 1604 2354 ὓπαρξιν
1621 2283 1688 2345 ’⁸,
1708 2284 1805 2337 καὶ
1842 2282 2015 2338 σκῦλα

2114 2283 2306 2345 patres
2341 2274 2484 2344 ejus,
2525 2283 2580 2328 et
2647 2282 2833 2344 patres
2874 2282 3094 2345 patrum
3135 2277 3277 2348 ejus,
3319 2281 3578 2349 praedam,
3637 2294 3691 2341 et

433 2373 621 2436 αὐτοῖς
652 2371 1018 2443 διασκορπιεῖ.
1050 2389 1070 2424 ι
1119 2370 1344 2426 Πάντων
1379 2373 1490 2442 γάρ
1546 2373 1713 2428 αὑτοῦ
1747 2374 1855 2428 τῶν
1903 2392 2012 2428 πα-

2114 2365 2511 2429 substantiam,
2569 2365 2748 2435 spolia
2782 2365 2918 2438 ipsis
2967 2367 3270 2438 disperget.
3309 2388 3331 2423 ι
3376 2370 3510 2429 Nam
3562 2391 3688 2433 cum

434 2463 628 2534 τέρων,
676 2463 774 2517 καὶ
818 2462 926 2514 τῶν
986 2460 1265 2531 προγόνων
1309 2462 1567 2517 ἁπάντων
1622 2464 1685 2518 τὸ
1738 2465 2011 2519 Ἰουδαίων

2113 2471 2306 2511 omnes
2329 2456 2450 2524 ejus
2492 2464 2680 2526 patres
2711 2463 2766 2509 et
2797 2456 3034 2525 majores
3057 2456 3371 2514 Judmorum
3406 2465 3688 2521 nationem

437 2553 586 2618 ἔθνος
605 2553 997 2624 τετιμηκότων,
1027 2552 1286 2606 τάναντία
1318 2545 1473 2616 οὗτος
1506 2554 1683 2608 πάντα
1700 2556 1748 2586 ’⁸
1778 2555 2010 2626 ἐργάσε-

2112 2545 2166 2600 in
2210 2560 2411 2616 magno
2441 2546 2654 2602 honore
2686 2546 3004 2609 habuerint,
3053 2548 3161 2602 iste
3193 2551 3477 2605 contraria
3504 2555 3689 2612 omnia

437 2662 549 2709 ται,
574 2645 811 2716 ἀναιρῶν
839 2642 936 2696 καὶ
989 2641 1328 2713 ληϊζόμενος,
1363 2644 1458 2696 καὶ
1493 2644 2010 2716 ἐξανδραποδιζόμε-

2111 2637 2300 2701 faciet,
2340 2637 2622 2702 occidens,
2658 2645 2714 2691 et
2747 2639 2988 2707 rapiens,
3041 2647 3204 2708 atque
3263 2641 3319 2695 in
3369 2644 3688 2700 servitutem

433 2752 546 2798 νος,
569 2735 660 2789 καὶ
689 2736 804 2798 τοῖς
845 2732 1360 2804 συστρατευομένοις
1393 2733 1461 2787 τὰ
1493 2733 1698 2788 τούτων
1727 2734 2007 2805 δωρούμε-

2111 2728 2416 2793 abducens,
2463 2735 2518 2783 et
2568 2728 2840 2784 militibus
2895 2744 3088 2784 eorum
3155 2730 3302 2785 bona
3354 2735 3686 2791 concedens.

431 2841 547 2888 νος.
578 2844 596 2876 ι
634 2825 744 2878 Καὶ
773 2824 860 2876 ἐπ’
891 2823 1187 2892 Αίγυπτον,
1231 2823 1385 2892 φησὶ,
1416 2822 1676 2892 λογιεῖται
1715 2825 2006 2896 λογισμοὺς

2114 2835 2134 2868 ι
2169 2818 2236 2871 Et
2265 2832 2431 2887 super
2455 2815 2772 2887 Egyptutu,
2807 2816 3006 2886 inquit,
3038 2817 3300 2886 cogitabit
3323 2819 3688 2891 cogitationes

428 2914 621 2979 αὐτοῦ,
661 2916 754 2969 καὶ
782 2915 889 2978 ἕως
919 2912 1112 2984 καιροῦ
1141 2915 1207 2968 ".
1229 2931 1248 2966 ι
1297 2914 1446 2968 Ἀντὶ
1476 2913 1591 2980 τοῦ,
1623 2916 1723 2969 οὐκ
1758 2916 1850 2970 ἐπὶ
1872 2916 2006 2971 πολὺ

2109 2922 2262 2970 suas,
2291 2917 2346 2962 et
2375 2921 2553 2978 usque
2578 2907 2646 2961 ad
2683 2914 2921 2976 tempus.
2949 2925 2967 2958 ι
2987 2903 3102 2962 lloc
3127 2915 3232 2970 est,
3267 2923 3448 2981 neque
3477 2910 3688 2968 diutius

428 3009 718 3079 κρατήσει.
2033 3062 2044 3079 .

2033 3056 2074 3079 η
2109 2998 2511 3054 dominabitur.

502 3056 609 3174 κε’..
636 3136 656 3172 ι
692 3116 804 3171 Kal
841 3115 1261 3187 ἐξεγερθήσεται
1284 3116 1319 3186 ἡ
1354 3115 1509 3187 ίσχὺς
1541 3114 1706 3170 αὐτοῦ
1747 3117 1841 3169 καὶ
1867 3133 2006 3186 καρ-
2033 3056 2075 3112 C

2070 3059 2075 3111 ι
2181 3109 2352 3167 Vens.
2385 3109 2471 3164 25.
2515 3127 2534 3160 ι
2577 3107 2644 3162 Et
2675 3107 3008 3163 excitabitur
3043 3109 3254 3180 1281
3284 3113 3458 3166 robur
3489 3111 3608 3182 ejus
3633 3122 3686 3171 et

421 3211 519 3265 δία
546 3207 712 3264 αὐτοῦ
729 3207 822 3261 ἐπὶ
843 3205 1182 3278 βασιλέατοῦ
1194 3207 1388 3272 Νότου,
1405 3207 1465 3260 ὲν
1486 3207 1714 3277 δυνάμει
1735 3206 1968 3280 μεγάλῃ.
1983 3225 2001 3259 ι

2108 3215 2206 3256 cor
2232 3201 2357 3270 ejus
2378 3206 2574 3254 contra
2605 3213 2789 3268 regem
2823 3198 3038 3262 Austri,
3077 3199 3132 3253 in
3174 3201 3378 3256 virtute
3411 3217 3628 3272 magna.
3661 3221 3680 3254 ι

423 3303 650 3369 Ταύτην
677 3299 845 3353 αὑτοῦ
885 3298 983 3368 τὴν
1005 3300 1147 3352 κατὰ
1173 3298 1273 3369 τῆς
1301 3297 1578 3366 Δίγύπτου
1610 3297 1818 3367 ἔφοδον,
1849 3299 1944 3351 καὶ
1970 3300 2003 3368 ή

2109 3291 2262 3346 llanc
2285 3291 2464 3360 ipsius
2499 3290 2554 3344 in
2581 3288 2884 3360 Egyptum
2916 3289 3320 3360 profectionem
3362 3292 3538 3361 prima
3571 3293 3684 3347 Ma-

425 3389 622 3464 πρώτη
668 3389 776 3443 τῶν
831 3387 1213 3444 Μακκαϐαίων
1252 3387 1756 3458 διδάσκειυίστορία.
1812 3406 1830 3438 ι
1881 3388 2008 3440 Ela-

2107 3383 2457 3438 chabaaorum
2518 3381 2681 3436 docet
2728 3381 2986 3436 historia.
3022 3400 3042 3432 ι
3087 3379 3379 3452 Ingressus
3413 3391 3499 3438 est
3535 3385 3680 3441 enim

423 3483 563 3552 ἦλθε
606 3479 736 3550 γὰρ,
787 3479 974 3550 φησὶν,
1020 3477 1292 3548 Ἀντίοχος
1341 3479 1423 3540 είς
1454 3476 1733 3546 Αἴγυπτον
1773 3478 1830 3529 ἐν
1862 3476 2006 3547 ὄχλῳ

2105 3475 2432 3537 Antiochus,
2468 3474 2672 3544 inquit,
2701 3472 2759 3526 in
2799 3471 3122 3544 IEgyptum,
3164 3487 3290 3527 cum
3328 3473 3489 3529 turba
3542 3476 3681 3533 satis

425 3572 607 3644 βαρεῖ,
638 3569 734 3625 καὶ
762 3570 820 3623 ἐν
843 3566 1051 3638 ἅρμασι
1078 3567 1170 3619 καὶ
1199 3565 1420 3634 ἐλέφασι
1433 3565 1501 3631 ³⁸,
1522 3564 1617 3618 καὶ
1643 3562 1889 3628 ἱππεῦσι,
1908 3563 2005 3616 καὶ

2106 3580 2323 3635 magna,
2351 3572 2406 3620 et
2432 3565 2712 3628 curribus,
2753 3572 2809 3619 ct
2839 3563 3168 3634 elephantis,
3204 3570 3260 3619 et
3287 3564 3587 3634 equitibus,
3629 3577 3684 3627 et

419 3665 486 3716 ἐν
524 3662 695 3730 στόλῳ
730 3658 953 3731 μεγάλῳ
975 3697 992 3722 ,
1027 3656 1124 3710 καὶ
1169 3656 1538 3726 συνεστήσατο
1581 3655 1817 3726 πόλεμον
1867 3654 2005 3726 πρὸς

2105 3657 2285 3712 classe
2319 3671 2542 3728 magna,
2591 3663 2647 3711 et
2679 3656 2894 3726 paravit
2932 3656 3136 3711 bellum
3195 3655 3462 3712 adversus
3505 3655 3682 3716 Ptoloo

424 3751 761 3822 Πτολεμαῖον
794 3748 1017 3819 βασιλέα
1045 3745 1346 3815 Δίγύπτου,
1372 3746 1468 3800 καὶ
1496 3747 1769 3818 ἐνετράπη
1801 3745 2003 3799 Πτολε-

2104 3763 2301 3804 ιιιιευηι
2330 3763 2516 3819 regem
2555 3746 2799 3819 Egypti,
2825 3755 2882 3803 et
2917 3746 3132 3819 pudore
3181 3745 3428 3805 suffusus
3450 3757 3535 3804 est
3556 3749 3684 3808 Pto-

430 3843 590 3908 μαῖος
639 3839 746 3894 ἀπὸ
795 3837 1091 3910 προσώπου
1119 3836 1304 3901 αὐτοῦ,
1332 3837 1428 3890 καὶ
1457 3837 1648 3906 ἔφυγε,
1680 3836 1774 3890 xal
1799 3836 2003 3891 ἔπεσαν

2103 3841 2327 3896 lcmaeus
2353 3854 2540 3895 coram
2569 3853 2658 3902 eo,
2689 3847 2744 3893 et
2780 3837 2952 3908 fugit,
2988 3845 3042 3893 et
3067 3836 3388 3892 ceciderunt
3413 3839 3679 3900 vulnerati

427 3930 762 4001 τραυματίαι
789 3927 996 3992 πολλοὶ,
1031 3927 1124 3981 καὶ
1161 3924 1524 3998 κατελάᾷοντο
1571 3927 1668 3990 τὰς
1698 3926 1882 3990 πόλεις
1901 3926 2002 3990 τὰς

2102 3930 2284 3995 multi,
2318 3938 2374 3986 et
2405 3937 2672 3999 ceperunt
2701 3931 2868 3985 urbes
2900 3930 3142 3982 numitas
3173 3931 3229 3983 in
3255 3939 3402 3986 terra
3435 3910 3685 4000 Λεωνιιῖ

424 4021 630 4093 ὀχυρὰς
648 4024 706 4075 ἐν
725 4023 794 4092 γῇ
819 4003 1098 4089 Αἰγύπτου
1114 4020 1182 4083 ’³,
1203 4018 1298 4072 καὶ
1323 4017 1514 4072 ἔλαϐον
1541 4015 1608 4072 τὰ
1634 4016 1808 4071 σκῦλα
1825 4017 1997 4086 τῆς³⁰,

2103 4025 2159 4074 et
2188 4025 2459 4088 ceperunt
2513 4017 2688 4086 spolia
2724 4015 2946 4086 Ευριί
2971 4013 3022 4070 ιι.
3056 4034 3074 4066 υ
3107 4014 3173 4070 Ει
3221 4015 3338 4072 haec
3389 4031 3514 4070 cum
3550 4026 3677 4072 ante

419 4111 724 4180 Αἰγύπτου.
747 4112 857 4165 Kal
877 4110 919 4142 “
952 4109 1124 4165 ταῦτα
1153 4106 1644 4178 προδιδασκόμενος
1671 4107 1700 4158 ό
1730 4107 2002 4177 μακάριος

2102 4108 2397 4163 doceretur
2448 4108 2640 4161 beatus
2686 4105 2882 4159 Daniel
2932 4105 3166 4164 audivit.
3201 4125 3219 4157 ι
3250 4105 3312 4165 Et
3344 4121 3439 4160 rex
3485 4108 3674 4166 Austri

419 4203 623 4272 Δανιὴλ
672 4203 870 4273 ἢκουσε
899 4199 965 4252 ³¹.
1023 4218 1042 4250 ι
1067 4198 1178 4251 Kal
1223 4198 1252 4250 ὁ
1292 4197 1338 4229 ³³
1387 4195 1638 4266 βασιλεὺς
1682 4196 1775 4249 τοῦ
1825 4196 1998 4248 Νότου

2100 4198 2289 4270 prtelio
2340 4212 2466 4252 cum
2521 4198 2642 4266 ipso
2678 4195 2955 4266 conﬁiget,
3003 4196 3227 4251 virtute.
3248 4211 3444 4267 magna
3473 4205 3529 4253 et
3563 4199 3659 4253 ad-

419 4293 651 4364 συνάψει
695 4293 930 4361 πόλεμον
979 4289 1117 4360 πρὸς
1170 4288 1360 4351 αὐτὸν,
1390 4288 1449 4342 ἐν
1500 4287 1730 4357 δυνάμει
1783 4287 1998 4359 μεγάλῃ

2099 4289 2321 4344 modum
2364 4286 2516 4353 forti,
2546 4294 2601 4341 et
2648 4299 2759 4340 non
2795 4287 2965 4340 stabit
2988 4325 3003 4351 ,
3034 4286 3163 4357 quia
3191 4287 3512 4358 cogitabunt
3537 4304 3671 4344 con-

417 4381 517 4435 καὶ
539 4380 735 4451 ίσχυρᾷ
761 4379 984 4450 σφόδρα.
1017 4376 1114 4434 καὶ
1150 4375 1212 4431 οὐ
1261 4380 1539 4448 στήσεται,
1573 4377 1655 4430 δτι
1687 4377 1996 4444 λογιοῢνται
2024 4412 2033 4468 J

2055 4390 2184 4467 ,tra
2221 4378 2404 4450 ipsum
2435 4377 2821 4448 cogitationes.
2855 4396 2873 4432 ι
2910 4375 3024 4433 Hoc
3045 4385 3152 4444 est,
3183 4379 3386 4435 multas
3407 4387 3460 4435 et
3487 4383 3671 4439 varias

417 4472 508 4527 ἐπ’
533 4470 694 4524 αὐτὸν
731 4469 1045 4540 λογισμούς.
1083 4485 1101 4517 ι
1146 4465 1292 4520 Ἀντὶ
1323 4465 1441 4531 τοῦ,
1470 4467 1691 4531 πολλαῖς
1719 4467 1812 4520 καὶ
1859 4485 1984 4520 παν·
2025 4465 2033 4468 “

1163 4466 1292 4520 Αντὶ
1323 4465 1441 4531 τοῦ,
1470 4467 1691 4531 πολλαῖς
1719 4467 1812 4520 καὶ
1859 4485 1984 4520 παν·
2025 4465 2061 4469 Ἰ
2116 4470 2349 4526 insidias
2379 4469 2428 4526 ei
2459 4469 2779 4527 molientur.

413 4560 678 4624 τοδαπαίς
706 4560 950 4630 ἐνέδραις
980 4558 1273 4630 χρήσονται
1298 4559 1420 4610 κατ’
1451 4557 1616 4612 αὐτοῦ
1641 4558 1708 4614 ³⁵.

488 4655 602 4714 σις’.
639 4668 658 4701 ι
701 4649 809 4704 Kal
869 4647 1154 4717 φάγονται,
1195 4647 1349 4718 φησὶ,
1387 4646 1458 4699 τά
1509 4645 1698 4700 δέοντα
1751 4646 1936 4700 αὑτοῦ.
1971 4667 1988 4699 ι

2167 4641 2336 4698 Vsus.
2368 4641 2458 4697 26.
2505 4662 2524 4694 ι
2565 4640 2631 4697 Ει
2690 4640 3004 4705 comedent,
3043 4641 3286 4713 'inquit,
3353 4646 3668 4702 necessaria

415 4741 701 4802 Τουτέστι,
735 4737 1210 4795 καταναλώσουσιν
1250 4737 1414 4792 αὑτοῦ
1475 4738 1652 4790 πᾶσαν
1693 4736 1793 4806 τὴν
1833 4737 1996 4807 πρόσ-

2096 4735 2238 4805 ejus.
2273 4753 2292 4786 ι
2325 4732 2440 4788 Hoc
2473 4741 2582 4799 est,
2613 4741 2943 4789 consument
2971 4747 3187 4788 omnem
3236 4734 3384 4790 ill‘ns
3431 4751 3669 4808 proven-

411 4833 556 4897 οδον.
587 4835 680 4886 καὶ
709 4831 801 4885 τόν
849 4829 1170 4901 τελούμενον
1195 4828 1345 4900 αὑτῷ
1377 4828 1542 4900 φόρον
1578 4827 1888 4902 ληϊζόμενοι
1916 4831 1996 4894 είς

2095 4831 2306 4893 tum,et
2349 4824 2608 4895 vectigal,
2654 4824 2802 4894 quod
2854 4822 2960 4894 ipsi
2996 4823 3288 4891 pendetur,
3339 4826 3666 4898 diripientes

414 4923 644 4988 ἑαυτοὺς
703 4922 1098 4994 μεταθήσονται
1127 4921 1194 4976 ³⁵.
1235 4941 1253 4974 ι
1294 4921 1406 4977 Καὶ
1464 4919 1849 4991 συντρίψουσιν
1888 4920 1988 4998 αὖ·

2099 4917 2165 4971 ad
2203 4931 2263 4972 se
2290 4923 2638 4976 convertant.
2681 4933 2700 4967 ι
2733 4914 2796 4968 Ει
2828 4922 3122 4970 conterent
3152 4913 3358 4984 ipsum,
3391 4924 3445 4971 ct
3472 4919 3668 4990 copias

371 5062 374 5063 7
485 5101 510 5141 ³³
546 5105 564 5158 l
597 5099 772 5156 Maeli.
805 5115 844 5167 ι,
874 5100 1060 5156 17ο20.

1719 5256 1955 5313 VARIE
1996 5250 2422 5328 LECTIONES.

479 5431 526 5460 "
551 5446 674 5483 κατ.
692 5428 736 5481 Β
758 5427 884 5484 add.
907 5425 1070 5500 ἄλλας
1089 5425 1146 5500 δὲ
1160 5423 1426 5500 το-σαύτας
1449 5419 1901 5500 ἐξανδραποδίσας
1924 5419 2095 5500 διαπρι

2045 5416 2288 5500 πραθῆναι
2317 5413 2759 5500 προσέταξενιὶη
2776 5430 2847 5486 μυ
2857 5413 2991 5500 p.an
3011 5413 3051 5467 Β
3069 5421 3192 5500 post
3208 5414 3402 5500 φόνους
3418 5415 3661 5500 ponitur.

408 5499 455 5536 ³³
487 5501 581 5553 καὶ
614 5500 665 5552 oi
693 5517 752 5552 π.
779 5483 845 5551 τ.
877 5515 935 5550 π.
962 5483 1145 5551 αὑτοῦ.
1197 5494 1274 5548 Ex
1300 5495 1345 5548 A
1381 5483 1437 5550 εἰ
1471 5483 1509 5547 Β
1539 5483 1715 5562 suppl.
1818 5491 1866 5562 ’ἦ
1901 5507 1954 5543 κ.
1991 5488 2020 5540 ὓ

2045 5483 2087 5543 ἑ.
2113 5483 2254 5562 ίηᾏ
2283 5483 2555 5562 et_B__po§t
2584 5483 2757 5539 σκῦλα
2777 5483 2998 5562 ponitur
3070 5483 3084 5486 ⁷
3119 5488 3164 5518 ³⁸
3203 5483 3574 5562 πάινιιιαςῡοεἒ
3609 5487 3661 5540 in

409 5569 469 5623 Β.
509 5552 592 5643 ξ’
617 5569 721 5632 ἕως
747 5584 897 5639 καιρ.
938 5565 1321 5643 limc_(omi§so
1336 5564 1461 5643 grai)
1491 5552 1680 5643 ultima
1709 5559 1908 5643 suntm
1947 5574 2025 5643 (ιρι

2039 5558 2072 5612 l.
2100 5559 2242 5643 Aug:
2279 5627 2301 5643 ν
2318 5559 2366 5589 ³⁸
2383 5552 2463 5611 EX.
2501 5555 2542 5609 Β
2562 5569 2760 5643 prgam;
2779 5552 2861 5610 ἐν.
2883 5553 2994 5643 Ἰιιξι
3011 5570 3229 5643 quoque
3256 5552 3655 5643 autedngsﬁgt:

408 5617 469 5708 ξδ’
496 5617 536 5690 .3
569 5617 897 5708 Agam"
939 5617 1179 5708 iit—ﬁt}.
1206 5617 1455 5706 B'ﬁéU
1497 5633 1539 5666 δι
1571 5631 1684 5685 καί.
1713 5630 1836 5686 Des.
1881 5631 1936 5684 in
1970 5628 2024 5683 Β.

2122 5629 2166 5663 ⁸³
2190 5617 2242 5679 ’Β
2275 5627 2460 5696 ἤκουε.
2560 5617 2606 5658 ³’³
2634 5627 2684 5682 ὁ.
2719 5623 2844 5682 Des.
2882 5625 2936 5681 in
2955 5617 3042 5680 8..
3109 5617 3156 5658 ’5
3183 5623 3302 5683 κατ’
3341 5621 3525 5679 αὑτοῦ.
3583 5620 3658 5679 EI

410 5706 454 5762 Β
478 5705 655 5790 snppl.
759 5705 808 5741 "
834 5709 877 5760 Β
910 5705 1326 5778 μεταθήσουσιν.
