4092 6402
411 473 550 544 15ἒὸ

1605 483 1690 544 ΙΝ
1737 477 2094 543 DANIELIS
2130 477 2287 538 CAP.
2331 477 2454 539 XI-

3516 471 3670 535 1525'

405 590 518 645 ϐῶν
549 589 904 661 διαπράξεται
933 628 948 655 ,
989 587 1084 644 νῦν
1114 590 1212 662 μὲν
1259 590 1376 656 ταῖς
1423 591 1728 661 ἀπατηλαῖς
1773 591 1978 660 θαυμα‹

2091 589 2370 653 molietur,
2403 569 2462 641 ut
2499 585 2621 656 pios
2654 585 2709 640 in
2746 583 2988 639 fraudem
3038 582 3302 654 impellat,
3343 583 3508 639 modo
3553 585 3654 640 do-

403 683 678 752 τουργίαις
738 682 1012 753 ἐξαπατᾷν
1041 681 1134 735 ml
1158 680 1464 749 φενακίζειν
1494 683 1846 754 πειρώμενος,
1889 680 1983 732 νῦν

403 773 464 824 δέ
506 775 570 842 τῇ
616 773 902 843 δυναστέιᾳ
948 771 1246 848 χρῴμενος,
1297 772 1391 826 καὶ
1421 775 1527 825 πᾶν
1552 767 1688 835 εἶδος
1720 769 1983 841 τιμωρίας

403 865 682 932 ἐπιφέρων
733 865 845 926 τοῖς
884 863 982 932 τῆς
1031 863 1310 926 εὐσεϐείας
1339 862 1644 932 τροφίμοις.
1701 861 1764 913 Et
1797 859 1854 913 δέ
1901 875 1984 922 τις

403 951 720 1006 ἀκολουθίαν
735 953 779 985 τί
813 952 913 1022 τῆς
937 953 1272 1022 προφητείας
1329 952 1600 1021 ἐπιζητῶν
1635 950 1709 1021 μὴ
1743 949 1983 1003 πιστεύει

403 1040 559 1094 ταῦθ’
580 1039 750 1104 οὕτως
771 1039 861 1111 ἔχε
871 1057 938 1106 ιν,
961 1044 1039 1104 εἰς
1064 1041 1188 1094 νοῦν
1231 1042 1327 1112 τὴν
1352 1042 1708 1113 εὑαγγελικὴν
1738 1041 1987 1094 διδασκα-

403 1131 526 1184 λίαν
557 1130 763 1184 λαϐέτω
783 1146 795 1158 ·
829 1131 925 1184 acati.
975 1133 1082 1202 γὰρ
1116 1135 1233 1186 ἐκεῖ
1280 1134 1420 1188 κατὰ
1472 1133 1666 1187 ταυτὸν
1692 1133 1720 1186 ό
1784 1133 1984 1204 Κύριος

402 1223 474 1276 τὰ
506 1221 636 1292 περὶ
685 1221 786 1292 τῆς
823 1225 1006 1293 κοινῆς
1052 1223 1359 1287 συντελείας
1423 1223 1724 1294 προλέγει,
1779 1225 1868 1276 καὶ
1916 1223 1986 1276 τὰ

406 1312 537 1383 περὶ
591 1312 690 1382 τῆς
745 1312 1050 1376 συντελείας
1103 1315 1202 1384 τῆς
1274 1314 1631 1385 Ἰερουσαλήμ
1682 1330 1696 1345 ·
1751 1312 1986 1384 εἰρηκὼς

404 1405 513 1475 γάρ
541 1421 554 1434 ·
594 1423 613 1454 ε
641 1404 1010 1475 Προσεύχεσθε
1062 1407 1148 1459 ἵνα
1176 1405 1251 1477 μὴ
1280 1407 1503 1476 γένηται
1552 1409 1585 1476 ὴ
1641 1409 1786 1478 φυγὴ
1833 1392 1984 1477 ὑμῶῦ

406 1494 695 1565 χειμῶνος,
716 1496 849 1566 μηδέ
871 1497 929 1548 ἐν
945 1497 1204 1569 Σαϐϐάτῳ
1224 1499 1297 1547 η»
1327 1498 1571 1568 (τοῦτοδὲ
1597 1498 1870 1562 Ἰουδαίοις
1891 1498 1987 1568 μό-

408 1602 516 1648 νοις
540 1586 818 1656 άρμόττει)
840 1603 852 1616 ·
879 1586 1040 1651 εὐθὺς
1078 1590 1356 1658 ἐπήγαγεν
1376 1604 1390 1618 ⁶
1429 1608 1447 1640 ι
1475 1590 1668 1643 Ἔσται
1686 1591 1792 1659 γὰρ
1811 1589 1986 1658 θλίψις

408 1675 639 1744 μεγάλη,
671 1677 757 1728 οἵα
799 1677 860 1729 οὐ
893 1677 1111 1745 γέγονεν
1148 1680 1242 1732 ἀπ’
1277 1680 1451 1750 ἀρχῆς
1498 1681 1703 1750 κόσμου
1759 1681 1864 1744 ἕως
1891 1680 1984 1734 τοῦ

405 1765 522 1826 νῦν,
549 1765 667 1818 οὐδὲ
690 1764 765 1836 μὴ
791 1767 1075 1836 γενήσεται
1091 1769 1138 1800 ⁷³
1157 1784 1169 1797 '
1190 1769 1285 1822 καὶ
1310 1772 1357 1822 εί
1386 1772 1461 1839 μὴ
1488 1770 1901 1841 ἐκολοϐώθησαν
1930 1774 1985 1826 αί

405 1855 609 1925 ⁴ἡμέραι
632 1856 853 1921 ἐκεῖναι,
887 1857 986 1910 οὑκ
1005 1857 1069 1910 ἂν
1091 1859 1269 1930 ἐσώθη
1304 1862 1450 1914 πᾶσα
1471 1862 1607 1932 σάρξ
1634 1877 1647 1891 °
1672 1862 1759 1916 διὰ
1779 1863 1836 1916 δὲ
1862 1865 1988 1926 τοὺς

405 1945 690 2009 ἐκλεκτοὺς
719 1947 1183 2017 κολοϐωθήσονται
1222 1951 1278 2002 αἱ
1319 1951 1525 2021 ἡμέραι
1581 1955 1836 2008 ἐκεῖναι.»
1872 1955 1982 2006 Καὶ

401 2036 616 2099 δεικνὺς
650 2036 724 2096 ὡς
750 2037 902 2090 οὐδὲν
929 2038 1129 2092 τούτων
1172 2041 1445 2106 Ἰουδαίοις
1481 2047 1766 2116 προσήκει,
1785 2048 1985 2118 ἐπήγα-

400 2143 518 2194 γεν·
539 2127 699 2180 «Τότε
726 2128 820 2182 ἐάν
843 2145 926 2191 τις
950 2130 1078 2199 ὑμῖν
1123 2130 1252 2202 εἴπῃ
1273 2147 1287 2160 ·
1307 2133 1456 2198 Ἰδοὺ,
1493 2128 1594 2188 ὧδε
1623 2139 1652 2188 ὁ
1679 2138 1980 2208 Χριστὸς,ἢ

403 2217 586 2282 imi“,
604 2218 676 2288 μὴ
701 2218 1038 2288 πιστεύσητε.
1053 2239 1074 2271 ι
1099 2221 1206 2274 Καὶ
1223 2225 1566 2293 προειρηκὼς
1583 2229 1712 2297 περὶ
1736 2228 1844 2280 τῶν
1861 2229 1985 2297 ψευ-

397 2305 693 2375 δοχρίστων
715 2307 759 2338 τ’
776 2307 948 2376 ὀλίγα,
971 2309 1166 2378 ἐπάγει
1181 2313 1248 2344 "-
1269 2314 1512 2384 (Ὥσπερ
1535 2315 1643 2387 γὰρ
1667 2319 1699 2386 ὴ
1727 2319 1981 2389 ἀστραπὴ

398 2395 736 2466 ἐξέρχεταιττ
772 2398 881 2451 ἀπὸ
910 2401 1180 2454 ἀνατολῶν
1205 2404 1295 2456 καὶ
1319 2405 1567 2473 φαίνεται
1615 2407 1720 2469 ἕως
1741 2408 1978 2478 δυσμῶν,

399 2485 570 2550 οὕτως
589 2487 743 2541 ἔσται
759 2489 803 2520 ⁷⁸
819 2491 959 2561 καὶὴ
980 2494 1248 2562 παρουσία
1267 2495 1359 2548 τοῦ
1376 2497 1504 2548 Υίοῦ
1521 2498 1614 2550 τοῦ
1633 2499 1943 2570 ἀνθρώπου.
1957 2521 1976 2554 ι

407 2577 519 2630 Καὶ
542 2577 607 2633 τὰ
649 2578 783 2634 ἀλλα
805 2581 862 2634 δὲ
906 2582 1082 2636 πάντα
1115 2584 1334 2654 ὁμοίως,
1371 2588 1458 2642 ἵνα
1483 2590 1556 2659 μὴ
1598 2590 1720 2642 καθ’
1753 2591 1981 2644 ἕκαστον

403 2666 564 2736 λέγω.
637 2670 910 2724 Ἐντεῦθεν
951 2673 1131 2726 τοίνυν
1161 2675 1570 2747 ποδηγούμενοι,
1604 2679 1699 2732 καὶ
1725 2680 1823 2749 τὴν
1853 2698 1983 2752 προ-

397 2760 626 2830 φητείαν
653 2761 937 2833 νοήσομεν,
977 2765 1289 2834 μεταϐᾶσαν
1317 2769 1418 2837 μὲν
1438 2769 1546 2822 ἀπὸ
1569 2769 1666 2824 τοῦ
1709 2771 1979 2842 Ἀντιόχου

392 2851 492 2904 ἐπὶ
510 2851 555 2882 ”
584 2850 674 2905 τὸν
689 2853 1069 2923 ’Δντίχριστον,
1119 2855 1194 2919 ὡς
1227 2857 1337 2910 ἀπὸ
1385 2859 1590 2922 εἰκόνος
1615 2860 1707 2912 ἐπὶ
1748 2861 1979 2931 ἀρχέτυ-

392 2957 520 3003 πον,
556 2941 739 3010 σαφῶς
757 2941 813 2995 δὲ
844 2945 989 3014 ἡμᾶς
1015 2945 1085 2998 τὰ
1114 2946 1234 3000 κατ’
1261 2948 1466 3001 ἐκεῖνον
1496 2950 1975 3019 προδιδάσκουσαν.

471 3030 575 3096 λς’.
617 3051 637 3084 ι
664 3031 888 3105 Ποιήσει
919 3034 1049 3108 γὰρ,
1081 3037 1236 3106 φησὶ,
1277 3039 1421 3091 κατὰ
1468 3038 1530 3092 τὸ
1568 3039 1780 3111 θέλημα
1812 3041 1977 3094 αὐτοῦ

389 3123 430 3176 ὁ
479 3121 746 3192 βασιλεὺς,
799 3125 893 3178 καὶ
935 3125 1299 3198 ὑψωθήσεται,
1342 3129 1435 3181 καὶ
1489 3130 1972 3202 μεγαλυνθήσεται,

394 3214 497 3268 ἐπὶ
525 3214 700 3268 πάντα
726 3213 878 3279 Θεὸν,
905 3216 998 3270 καὶ
1024 3218 1114 3269 ἐπὶ
1135 3217 1226 3270 τὸν
1254 3217 1387 3272 Θεὸν
1418 3220 1528 3272 τῶν
1563 3221 1725 3285 θεῶν,
1751 3223 1845 3276 καὶ
1876 3223 1970 3275 λα-

393 3301 554 3372 λήσει
578 3303 874 3374 ὑπέρογκα,
902 3307 996 3359 καὶ
1025 3307 1361 3362 κατευθυνεῖ.
1401 3328 1420 3362 ›
1455 3311 1598 3364 Ἀντί
1628 3313 1742 3376 τοῦ,
1786 3313 1979 3366 εὐοδω-

393 3393 642 3468 θήσεται,
681 3395 794 3448 ἀλλ’
819 3398 920 3450 οὐκ
969 3399 1048 3461 είς
1094 3400 1268 3464 τέλος.
1313 3419 1332 3452 ‹
1362 3403 1540 3472 Μέχρι
1578 3403 1688 3474 γὰρ
1729 3387 1822 3456 τοῦ
1857 3422 1979 3457 συν-

394 3483 717 3547 τελεσθῆναι
747 3486 848 3557 τὴν
882 3485 1053 3557 ὀργήν
1075 3488 1142 3542 ⁸⁸.
1171 3490 1346 3553 ιἚως
1365 3491 1430 3544 ἂν
1451 3492 1677 3562 σφόδρα,
1699 3494 1853 3564 φησὶ,
1878 3494 1976 3565 τὴν

397 3573 552 3626 θείαν
580 3573 748 3644 ὀργὴν
786 3575 1050 3648 ἐκκαύσῃ,
1080 3579 1174 3630 καὶ
1195 3579 1398 3649 ταύτην
1423 3581 1814 3653 ἐπισπάσηται.
1851 3584 1972 3655 Ὀρο

395 3659 504 3731 τὴν
531 3661 586 3713 δέ
617 3663 717 3731 τὴν
763 3664 1034 3735 τιμωρίαν
1077 3665 1235 3718 καλεῖ
1257 3684 1270 3697 ο
1307 3669 1518 3731 ἀπαθὲς
1553 3668 1662 3741 γὰρ
1700 3670 1761 3724 τὸ
1797 3671 1972 3728 Θεῖον.

408 3770 430 3801 σ
466 3753 560 3815 Είς
589 3752 698 3822 γὰρ
724 3754 1051 3821 συντέλειαν,
1093 3757 1246 3827 φησὶ,
1295 3759 1390 3812 καὶ
1419 3760 1654 3830 σπουδὴν
1683 3762 1912 3830 γίνεται.
1951 3783 1970 3816 ι

403 3837 518 3889 Καὶ
543 3841 648 3909 γὰρ
675 3833 829 3905 οὗτος
849 3843 916 3908 ⁸¹,
947 3843 1102 3911 φησι,
1154 3847 1543 3916 προγινώσκων
1567 3850 1628 3901 τὸ
1657 3851 1846 3904 ἐαυτοῦ
1892 3853 1977 3906 τέ·-

407 3922 522 3988 λος,
552 3926 716 4000 πολλῇ
753 3931 1014 4003 χρήσεται
1064 3935 1267 4007 σπουδῇ
1305 3937 1384 3998 είς
1427 3937 1682 3992 ἀσέϐειαν
1730 3941 1977 4005 ἅπαντας

405 4013 821 4086 ἐκκαλούμενος,
864 4022 960 4075 καὶ
995 4022 1222 4089 πολλοὺς
1247 4029 1537 4091 κοινωνοὺς
1579 4031 1678 4099 τῆς
1703 4034 1975 4102 τιμωρίας

404 4105 590 4160 λαϐεῖν
611 4108 942 4181 βουλόμενος.
961 4113 1042 4167 Τὰ
1061 4114 1118 4168 δὲ
1135 4117 1446 4186 ἐπαγόμενα
1472 4119 1806 4192 σαφέστερον
1830 4123 1976 4191 ἐλέγ-

400 4214 490 4267 χει
520 4199 618 4269 τὴν
664 4201 848 4256 ἄνοιαν
882 4203 990 4257 τῶν
1039 4206 1465 4281 οίομένωνιπερὶ
1506 4210 1778 4281 Ἀντιόχου
1802 4211 1974 4266 ταῦτα

397 4289 672 4360 είρῆσθαι.
697 4294 840 4362 Φησὶ
867 4295 1008 4367 γάρ·-

468 4470 568 4534 λζθ.
600 4491 619 4525 ι
655 4474 765 4528 Καὶ
793 4477 886 4529 ἐπὶ
916 4478 1135 4544 πάντας·
1169 4481 1325 4544 θεοὺς
1348 4482 1456 4535 τῶν
1508 4482 1762 4553 πατέρων
1795 4483 1863 4537 αὑ
1877 4483 1970 4538 τοῦ

2094 679 2228 735 losis
2259 678 2547 733 miraculis
2575 677 2829 748 decipere
2853 691 2919 730 ac
2968 676 3158 732 fallere
3203 685 3462 740 conatus,
3496 676 3659 732 modo

2088 773 2140 825 vi
2170 771 2438 835 adhibita,
2463 777 2519 825 et
2547 785 2710 824 omne
2741 768 2996 837 supplicii
3028 782 3201 837 genus
3243 767 3463 836 pietatis
3512 766 3654 821 infe-

2085 873 2213 913 rens
2252 859 2511 913 alumnis.
2539 857 2696 923 Quod
2740 857 2953 925 1287
2998 859 3041 910 si
3069 857 3191 926 quis
3221 856 3524 926 prophetiae
3569 871 3654 910 se-

2086 947 2221 1001 riem
2258 945 2571 1014 inquirens,
2603 946 2718 998 hinc
2761 960 2869 998 non
2909 944 2986 997 ita
3021 959 3081 998 se
3123 945 3326 998 habere
3363 943 3570 1007 credat,
3607 944 3654 997 is

2085 1037 2455 1108 evangelicam
2483 1037 2789 1091 doctrinam
2815 1044 2996 1091 mente
3018 1044 3251 1106 repetat,
3274 1036 3367 1089 ubi
3393 1036 3653 1090 Dominus

2086 1129 2334 1182 simulet
2392 1143 2514 1198 qua:
2544 1127 2610 1181 ad
2677 1141 3044 1191 communem,
3096 1134 3150 1180 et
3199 1141 3320 1195 qum
3373 1126 3440 1178 ad
3479 1125 3652 1195 ipsius

2086 1218 2478 1290 Hierosolyma:
2522 1219 3058 1274 consummationem
3087 1221 3104 1240 ⁴
3161 1217 3456 1287 pertinent,
3517 1231 3654 1285 pra:-

2087 1309 2242 1364 dicit.
2278 1309 2414 1365 Cum
2457 1309 2605 1364 enim
2640 1309 2909 1364 dixisset:
2961 1329 2978 1360 ‹
3034 1308 3222 1374 Orate,
3275 1323 3343 1361 ne
3387 1309 3480 1359 fiat
3530 1307 3653 1376 fuga

2085 1409 2266 1457 vestra
2301 1402 2356 1455 in
2387 1401 2586 1466 hieme,
2621 1417 2798 1472 neque
2835 1400 3095 1462 Sabbato,
3125 1400 3269 1470 quod
3292 1398 3494 1453 Judaeis
3525 1398 3656 1453 solis

2086 1493 2361 1562 congruit,
2395 1510 2413 1544 ›
2450 1493 2636 1548 statim
2675 1493 2956 1562 subjecit:
2995 1511 3013 1540 ε
3051 1492 3168 1546 Erit
3195 1490 3340 1544 enim
3376 1487 3657 1543 tribulatio

2086 1569 2306 1654 magna,
2337 1585 2519 1654 qualis
2547 1600 2656 1638 non
2695 1583 2794 1638 fuit
2827 1585 2894 1638 ab
2939 1584 3097 1638 initio
3143 1581 3331 1635 mundi
3380 1595 3555 1649 usque
3591 1579 3657 1632 ad

2088 1672 2193 1727 hoc
2226 1681 2467 1743 tempus,
2502 1689 2678 1742 neque
2712 1673 2803 1728 fiet
2832 1693 2844 1728 :
2879 1682 2928 1726 et
2956 1672 3061 1726 nisi
3097 1668 3400 1724 abbreviati
3428 1669 3660 1722 fuissent

2089 1763 2208 1818 dies
2239 1764 2342 1827 illi,
2373 1765 2522 1819 salva
2558 1780 2666 1818 non
2706 1765 2858 1818 fieret
2886 1763 3065 1817 omnis
3099 1775 3266 1814 raro:
3301 1760 3395 1813 sed
3435 1768 3659 1828 promer

2088 1855 2294 1908 electos
2328 1855 2798 1910 abbreviabuntur
2829 1854 2948 1908 dies
2980 1855 3057 1906 illi
3080 1863 3120 1904 ο.
3160 1869 3178 1902 ι
3213 1850 3656 1919 Ostendensque,

2089 1945 2154 1999 ad
2190 1945 2414 2000 Judzeos
2449 1945 2585 1999 nihil
2616 1946 2810 1999 horum
2841 1945 3136 2016 pertinere,
3168 1944 3408 2012 adjecit:
3447 1960 3465 1992 ι
3503 1940 3659 1994 Tunc

2088 2041 2131 2089 si
2159 2036 2282 2105 quis
2302 2037 2460 2090 vobis
2480 2036 2682 2091 dixerit
2708 2054 2720 2089 :
2746 2036 2890 2090 Ecce
2907 2035 2998 2088 hic
3019 2045 3103 2089 est
3124 2035 3398 2095 Christus,
3433 2040 3526 2086 aut
3560 2031 3656 2092 ibi,

2089 2127 2262 2180 nolite
2287 2127 2515 2181 credere
2555 2137 2621 2193 P;
2681 2145 2700 2178 ι
2754 2127 3058 2196 paucisque
3105 2125 3172 2180 de
3221 2123 3660 2194 pseudochristis

2091 2218 2400 2287 praedictis,
2455 2217 2653 2272 addit:
2712 2236 2730 2269 ι
2781 2217 2938 2271 Sicut
2991 2217 3136 2272 enim
3183 2216 3366 2284 fulgur
3426 2214 3538 2267 exit
3590 2213 3658 2266 ab

2088 2309 2320 2371 oriente,
2353 2317 2408 2364 et
2440 2318 2670 2379 apparet
2701 2325 2881 2380 usque
2911 2309 2974 2362 ad
3016 2306 3380 2370 occidentem,
3434 2305 3508 2357 ita
3555 2304 3660 2358 crit

2090 2406 2141 2452 et
2172 2399 2442 2453 adventus
2479 2398 2600 2452 Filii
2635 2400 2878 2454 hominis
2909 2411 2957 2452 ιι.
2998 2419 3016 2450 ι
3059 2399 3125 2452 Ει
3152 2399 3257 2450 alia
3287 2397 3470 2451 omnia
3503 2395 3660 2450 simi-

2087 2485 2240 2549 liter,
2272 2501 2340 2542 ne
2375 2485 2593 2556 singula
2633 2501 2976 2542 recenseam.
3007 2485 3150 2539 Hinc
3179 2484 3364 2553 itaque
3403 2481 3658 2536 instructi

2086 2573 2250 2628 etiam
2285 2575 2628 2643 prephetiam
2675 2575 3066 2644 intelligemus,
3108 2587 3228 2642 qua:
3277 2571 3346 2625 ab
3384 2570 3658 2624 Antiocho

2088 2665 2159 2720 ad
2209 2666 2633 2729 Antichristum,
2697 2675 2756 2720 ut
2814 2665 2882 2720 ab
2938 2665 3174 2735 imagine
3237 2663 3303 2716 ad
3353 2662 3658 2730 exemplar,

2085 2758 2392 2820 transiens,
2421 2772 2543 2828 quae
2572 2756 2641 2810 ad
2671 2757 2824 2811 illum
2857 2757 3154 2825 pertinent,
3179 2769 3242 2808 ea
3272 2767 3376 2808 nos
3399 2759 3529 2806 ante
3556 2752 3658 2805 do-

2087 2856 2176 2904 cet
2209 2856 2416 2918 aperte.

2112 3031 2281 3087 Vens.
2298 3030 2387 3086 56.
2401 3049 2419 3082 ι
2437 3028 2778 3085 Facietenim
2797 3027 3100 3083 secundum
3122 3032 3458 3080 votuntatem
3478 3034 3658 3083 suam,

2086 3125 2285 3194 inquit,
2314 3138 2434 3185 rex,
2464 3131 2520 3176 et
2541 3121 2895 3183 exaltabitur,
2919 3129 2974 3174 et
3014 3117 3451 3187 magnificahitur
3490 3130 3658 3183 super

2085 3229 2302 3269 omnem
2330 3213 2523 3278 Deum,
2551 3221 2603 3267 et
2631 3227 2798 3282 super
2838 3210 3009 3264 Deum‘
3039 3209 3290 3270 deorum,
3320 3215 3374 3261 et
3400 3206 3660 3275 loquetur

2086 3305 2352 3367 fastuosa.
2373 3312 2428 3360 et
2443 3303 2726 3373 dirigetur.
2768 3321 2786 3352 ι
2826 3301 2880 3354 Id
2903 3310 3020 3368 est,
3039 3313 3302 3369 prospere
3329 3299 3377 3352 ei
3406 3312 3496 3350 res
3527 3311 3658 3350 suc-

2083 3395 2299 3458 cedent,
2317 3394 2414 3449 sed
2437 3394 2618 3448 nonin
2642 3399 2988 3462 perpetuum.
3011 3379 3036 3440 ⁴‹
3064 3389 3249 3442 Donec
3269 3387 3486 3456 1288
3508 3385 3655 3440 enim

2081 3483 2321 3552 perfecta
2348 3482 2517 3538 fuerit
2549 3483 2652 3536 ira.
2698 3500 2718 3533 ι
2775 3480 2980 3543 Donec,
3041 3478 3241 3548 inquit,
3294 3479 3647 3531 vehementer

2080 3574 2322 3629 divinam
2355 3576 2490 3628 iram
2525 3574 2907 3637 inflammarit,
2937 3573 3228 3642 ipsamque
3269 3569 3325 3622 in
3368 3583 3428 3624 se
3455 3582 3655 3637 provo-

2079 3673 2257 3720 catam
2297 3666 2607 3720 attraxerit.
2640 3663 2790 3718 Iram
2839 3673 3020 3718 autem
3069 3660 3400 3730 supplicium
3452 3667 3652 3713 vocat:

2079 3755 2290 3811 Numen
2324 3756 2468 3810 enim
2524 3753 3005 3826 perturbationum
3040 3759 3126 3807 est
3185 3765 3404 3819 expers.
3443 3768 3462 3799 ‹
3514 3746 3657 3813 Quia

2081 3847 2135 3900 in
2159 3847 2720 3912 consummationem,
2754 3845 2951 3916 inquit,
3003 3854 3060 3899 et
3087 3841 3331 3899 studium
3369 3840 3446 3893 fit.
3490 3858 3508 3889 ι
3560 3840 3655 3891 Et-

2078 3937 2224 3992 enim
2290 3938 2414 3999 iste.
2471 3939 2671 4007 inquit,
2715 3951 2878 3992 suum
2939 3945 3394 4004 prtecognoscens
3453 3929 3653 3991 tinem,

2080 4030 2305 4082 multam
2339 4029 2622 4084 adhibebit
2671 4042 2888 4090 curam,
2939 4033 2999 4079 ut
3049 4037 3242 4078 omnes
3273 4027 3536 4091 provocet
3583 4020 3652 4073 ad

2078 4118 2434 4186 impietatem,
2469 4119 2672 4172 multos
2715 4130 3002 4186 pmnarum
3047 4113 3228 4168 socios
3248 4118 3302 4166 et
3346 4109 3645 4179 participes

2078 4212 2308 4282 cupiens
2343 4211 2617 4278 accipere.
2650 4206 2954 4276 Sequentia
2987 4212 3170 4258 autem
3212 4202 3458 4272 apertius
3495 4214 3652 4253 coar-

2078 4308 2254 4374 guunt
2282 4315 2477 4356 eorum
2512 4299 2810 4362 inscitiam,
2845 4296 2939 4366 qui
2967 4296 3086 4350 haec
3111 4294 3179 4349 de
3207 4291 3480 4347 Antiocho
3506 4290 3651 4345 dicta

2078 4396 2251 4451 fuisse
2283 4393 2600 4463 opinentur.
2625 4391 2714 4444 Ait
2751 4389 2896 4445 enim
2926 4405 2941 4443 :

2147 4485 2316 4540 Vsus.
2351 4485 2440 4539 57.
2477 4503 2496 4535 ι
2536 4483 2601 4536 Et
2629 4497 2794 4552 super
2842 4494 3033 4536 omnes
3080 4477 3213 4532 deos
3265 4481 3484 4546 patrum
3515 4486 3646 4526 suo~

393 4562 470 4655 ού
503 4564 740 4655 συνήσει.
769 4583 787 4616 ι
826 4567 1168 4641 Εὐρίσκομεν
1195 4572 1252 4626 δὲ
1291 4572 1382 4626 τὸν
1442 4573 1711 4642 Ἀντίοχον
1763 4575 1972 4628 εἰδωλι-

2084 4593 2200 4632 rum
2229 4592 2337 4631 non
2375 4575 2661 4644 intelliget.
2708 4591 2726 4625 ι
2765 4571 3079 4626 Invenimus
3104 4575 3286 4624 autem
3317 4564 3648 4619 Antiochum

396 4651 512 4706 κῶν
583 4653 932 4729 βωμῶν-τήν
987 4676 1048 4712 τε
1093 4661 1447 4733 Ἰερουσαλὴμ
1505 4665 1599 4717 καὶ
1646 4667 1827 4717 πᾶσαν
1872 4666 1973 4736 τὴν

2084 4669 2216 4732 aris,
2249 4668 2303 4721 in
2339 4665 2543 4736 quibus
2573 4664 2721 4720 idola
2751 4663 3090 4724 colerentur,
3115 4665 3169 4713 et
3193 4655 3646 4724 Hierosolymam,

409 4743 671 4798 Ἰουδαίαν
714 4747 1093 4819 ἐμπλήσαντα,
1122 4752 1227 4806 καὶ-
1248 4753 1306 4806 ἐν
1355 4752 1432 4823 τῷ
1458 4753 1571 4825 ναῷ
1603 4756 1709 4809 τοῦ
1729 4755 1863 4809 Θεοῦ
1893 4757 1971 4830 τῷ

392 4832 483 4884 Διὶ
507 4832 766 4900 θύσαντα,
802 4838 898 4891 καὶ
932 4839 1055 4902 Διὸς
1083 4841 1182 4911 μὲν
1236 4843 1532 4914 Ὀλυμπίου
1574 4845 1666 4898 τὸν
1717 4847 1776 4898 ἐν
1812 4847 1974 4918 Ἰερο-

396 4922 651 4991 σολύμοις
683 4927 818 4980 νεὼν
854 4931 1396 5002 προσαγορεύσαντα,
1422 4936 1540 4997 Διὸς
1575 4936 1632 4988 δέ
1662 4935 1847 4990 Ξενίου
1880 4939 1971 4992 τὸν

394 5015 458 5067 ὲν
500 5015 576 5085 τῷ
604 5017 873 5088 Γαριζείν.
905 5022 1029 5085 Πῶς
1049 5024 1224 5078 τοίνυν
1246 5025 1291 5056 ⁸³
1320 5028 1349 5079 ό
1400 5025 1572 5090 οὕτως
1596 5027 1966 5098 δεισιδαίμων,

391 5103 429 5155 ὁ
452 5103 1056 5182 οὕτως-είδωλολάτρης,
1098 5132 1116 5164 ι
1144 5115 1238 5167 ἐπὶ
1276 5114 1429 5178 θεοὺς
1452 5116 1560 5169 τῶν
1594 5116 1846 5188 πατέρων
1871 5119 1968 5171 αὑ-

390 5193 492 5249 τοῦ
517 5197 584 5249 οὺ
608 5199 829 5270 συνήσει
856 5217 870 5266 ;
897 5219 916 5253 ι
951 5203 1135 5257 Πάντα
1153 5204 1202 5236 ⁸³
1229 5204 1340 5278 γὰρ
1364 5205 1674 5260 τούναντίον
1696 5207 1725 5258 ό
1764 5207 1968 5260 Ἀντίο-

471 5377 499 5408 ο
525 5371 716 5430 Matth.
738 5391 888 5444 utv,
921 5375 1110 5436 20722.
1194 5387 1224 5429 Ρ
1249 5378 1380 5434 ibid.
1409 5379 1500 5435 23.
1575 5390 1604 5431 ιι
1631 5380 1761 5436 ibid.
1796 5380 1889 5435 27.

2078 4767 2133 4814 et
2162 4772 2380 4812 omnem
2406 4755 2647 4811 Judaearn
2689 4753 3073 4822 complevisse,
3112 4756 3166 4803 et
3217 4747 3270 4800 in
3303 4743 3506 4813 templo
3552 4741 3648 4796 Dei

2074 4849 2196 4904 Jovi
2249 4848 2612 4913 sacrificasse,
2660 4843 2922 4911 Iovisque
2989 4839 3226 4911 Olympii
3296 4847 3649 4903 nuncupasse

2077 4939 2338 5008 templum
2373 4938 2518 5008 quod
2562 4936 2764 4992 eratin
2803 4930 3221 5000 Hierosolymis,
3271 4924 3422 4981 Jovis
3465 4932 3648 4977 autem

2077 5030 2389 5098 hospitalis,
2441 5030 2670 5083 alterum
2719 5025 2862 5094 quod
2911 5031 3029 5077 erat
3078 5021 3133 5074 in
3186 5016 3451 5076 Garizim.
3495 5011 3647 5078 Quo-

2075 5120 2238 5175 modo
2271 5120 2456 5189 igitur,
2497 5118 2588 5188 qui
2621 5119 2694 5170 ita
2739 5113 3158 5186 superstitiosus
3210 5111 3268 5164 in
3299 5103 3646 5162 dannonibus

2077 5210 2362 5278 colendis,
2419 5217 2474 5266 et
2527 5208 2793 5265 idolorum
2859 5205 3032 5262 cultui
3085 5205 3158 5259 ita
3212 5199 3463 5257 addictus
3523 5194 3639 5259 sit.

1671 5555 1902 5610 ἾΛΠΙκΕ
1939 5553 2342 5611 LECTIONES.

461 5699 505 5770 τί
539 5698 629 5770 ex.
664 5697 706 5752 Β
733 5715 920 5770 pnem.
957 5699 1094 5770 1:th
1151 5697 1197 5729 ⁷⁸
1234 5696 1275 5751 Β
1301 5697 1624 5770 σαϐϐάτου.“
1665 5698 1712 5729 ⁷³
1748 5697 1788 5770 Β
1818 5697 1925 5770 ούδ⁹
1954 5698 2132 5770 ού-μὴ
2180 5697 2425 5770 γένηταιξ
2499 5697 2543 5770 1"
2575 5697 2658 5750 ἐκ.
2961 5695 3008 5727 ⁷⁸
3048 5691 3202 5746 8τοῦ
3229 5687 3637 5770 ψευδοχρλίστου.

386 5770 438 5802 ⁷⁸
469 5767 510 5820 Β
534 5756 832 5838 ἐπήγαγεν.
907 5770 953 5803 ⁷⁷
990 5756 1032 5821 Β
1070 5767 1308 5888 ἔρχεται.
1386 5768 1430 5799 ⁷⁸
1452 5768 1566 5822 ἐστ.
1596 5765 1719 5821 Des.
1753 5769 1808 5820 in
1851 5766 1911 5820 Β.
1987 5768 2032 5799 ⁷³
2058 5756 2070 5768 ’
2098 5756 2210 5821 ε’πίξ
2245 5756 2367 5831 Des.
2411 5767 2465 5818 in
2500 5765 2541 5818 Β
2574 5773 2686 5821 tum
2719 5765 2772 5818 h.
2805 5765 2840 5818 Ι.
2877 5773 2989 5818 tum
3011 5771 3129 5834 post
3160 5756 3352 5830 pauca.
3393 5756 3472 5789 '9’
3502 5756 3634 5812 Rcc.

386 5838 578 5888 lectio.
623 5839 814 5888 μένοις
862 5831 923 5888 οὗ
946 5855 1102 5888 omne
1138 5836 1268 5888 εσθῆ
1301 5839 1333 5888 ἡ
1369 5837 1526 5888 όονή.
1624 5836 1664 5865 ⁸¹
1695 5832 1807 5888 οὗτ.
1843 5836 1882 5888 Β
1910 5837 2088 5888 αὑτός.
2194 5835 2237 5868 ³³
2268 5837 2397 5888 τοίν.
2435 5832 2602 5888 Βοῦν.
2682 5835 2725 5867 ⁸³
2760 5833 2800 5887 Β
2829 5835 2957 5886 πᾶν.

386 5838 578 5902 lectio,
623 5831 814 5910 μέχρις
862 5831 923 5892 οὗ
946 5855 1102 5892 συντε

1138 5832 1268 5907 ἔσθῇ
1301 5839 1333 5906 ἡ
1369 5837 1526 5908 ὀργή.
1624 5836 1664 5865 ⁸¹
1695 5832 1807 5892 οὖτ.
1843 5836 1882 5888 Β
1910 5837 2088 5899 αὐτὸς.
2194 5835 2237 5868 ⁸⁸
2268 5837 2397 5889 τοίν.
2435 5832 2602 5890 Βοῦν.
2671 5835 2725 5908 ,⁸³
2760 5833 2800 5887 Β
2829 5835 2957 5886 πᾶν.
