4092 6412
475 483 609 550 1531

1481 486 1968 547 TIIEODORETI
2009 483 2351 545 EPISCOPI
2378 485 2742 545 CYRENSIS

3597 475 3762 542 1532’

474 597 564 651 nis
593 595 832 650 hominis
857 595 1106 650 divinum
1139 609 1269 651 esse
1313 597 1554 652 simile'.
1584 620 1601 650 ι
1639 598 1749 653 Nec
1787 615 1895 651 non
1929 598 2046 666 ipse

2166 600 2442 668 (ρυσέῳ¹⁷,
2493 600 2525 670 ἢ
2581 599 2845 669 ἀργύρῳ,
2895 597 2928 668 ἤ
2975 570 3128 665 λίθῳ,
3177 595 3495 665 χαράγματι
3537 592 3736 662 τέχνης

476 687 648 742 Deus‘
681 703 853 758 genus
901 705 1060 743 suum
1112 698 1336 743 sanctos
1391 691 1607 744 vocavit
1643 709 1655 744 :
1696 710 1714 742 ι
1754 691 1822 745 Ut
1858 691 2050 746 bibere

475 779 694 840 laci-am.
732 782 931 852 inquit,
971 798 1144 852 genus
1171 799 1348 837 meum
1385 784 1641 849 electum,
1665 783 1814 853 quod
1851 781 2048 852 acqui-

475 871 577 926 sivi
615 871 770 935 mihi,
802 881 860 924 ut
903 880 1129 926 enarret
1168 873 1401 928 virtutes
1435 889 1586 929 meas
1606 883 1654 926 ι.
1698 892 1718 925 ι
1755 873 1796 925 Α
1836 874 2051 925 ratione

475 959 642 1024 igitur
664 959 829 1027 plane
863 975 972 1014 non
1015 961 1297 1027 abhorret,
1357 978 1455 1018 eos
1496 964 1588 1032 qui
1629 962 1815 1017 divina
1872 962 2050 1032 gratia

472 1048 713 1102 divinam
785 1050 1176 1120 cognationem
1245 1054 1531 1108 consecuti
1590 1066 1747 1120 sum,
1825 1054 2052 1106 Ammun

474 1139 773 1192 nominari.
813 1137 873 1193 Si
915 1141 1085 1210 igitur
1117 1142 1353 1212 ﬁgurate
1381 1145 1496 1197 haec
1528 1146 1751 1198 nomina
1803 1144 1938 1198 velis
1970 1144 2048 1196 in-

475 1227 746 1296 telligere,
774 1229 847 1284 ita
879 1230 1070 1284 facito.
1108 1230 1167 1286 Si
1205 1248 1338 1286 vero
1379 1234 1681 1287 secundum
1739 1233 2051 1298 historiam,

476 1317 551 1371 ita
593 1327 653 1371 ut
695 1320 862 1388 paulo
885 1328 1015 1375 ante
1052 1310 1317 1377 diximus.
1350 1321 1462 1379 Hos
1518 1325 1663 1378 enim
1716 1333 2053 1390 crintemnet,

475 1409 633 1476 quasi
668 1411 904 1464 maxima
944 1426 1136 1466 eorum
1184 1423 1342 1481 parte
1400 1414 1667 1484 impietati
1720 1415 1966 1480 addicta,
2002 1423 2056 1469 et

480 1503 674 1569 paucis
711 1502 843 1566 illis,
875 1502 971 1572 qui
1006 1503 1061 1557 in
1098 1505 1235 1573 ipsis
1263 1505 1337 1573 pii
1376 1505 1602 1570 fuerint,
1643 1506 1790 1560 haud
1840 1507 2054 1563 fervido

479 1591 664 1647 studio
695 1607 825 1663 erga
862 1607 956 1650 res
975 1594 1190 1651 divinas
1221 1594 1456 1650 allectis.

549 1768 716 1825 Vsus.
772 1771 974 1836 52,55.
1013 1790 1033 1824 ι
1072 1773 1138 1827 Et
1191 1775 1490 1840 extendet,
1544 1777 1759 1848 inquit,
1827 1793 2050 1833 manum

478 1877 635 1917 suam
668 1877 832 1931 super
864 1870 1067 1917 terram
1117 1863 1362 1936 Egypti,
1403 1876 1457 1921 et
1490 1875 1636 1922 terra
1691 1867 1913 1938 Egypti
1948 1884 2054 1921 non

2159 692 2252 744 καὶ
2275 690 2318 723 ¹⁸
2348 693 2696 761 ἐνθυμήσεως
2719 688 3020 760 ἀνθρώπων
3043 687 3104 740 τὸ
3131 688 3282 739 Θεῖον
3306 679 3444 738 εἶναι
3469 686 3675 754 ὅμοιον.
3710 703 3730 733 ι

2159 783 2269 836 Kal
2298 783 2460 847 αὐτὸς
2494 783 2551 836 δὲ
2585 784 2614 834 ό
2653 783 2804 845 Θεὸς,
2839 783 2995 848 γένος
3022 779 3188 834 αὐτοῦ
3226 780 3353 843 τοὺς
3387 778 3573 846 ἁγίους
3598 777 3733 830 ὲκά-

2158 868 2280 920 λεσε
2302 870 2342 900 ι’
2366 884 2380 899 °
2419 888 2438 920 ι
2470 869 2696 922 Ποτίσαι
2724 869 2853 940 γὰρ,
2887 869 3040 938 φησὶ,
3069 869 3131 921 τὸ
3166 869 3320 936 γένος
3355 886 3456 938 μου
3489 867 3549 921 τὸ
3579 866 3734 919 ἐκλε-

2160 960 2306 1021 κτὸν,
2351 961 2444 1012 il”
2474 962 2950 1030 περιεποιησὰμην
2992 961 3092 1023 τὰς
3140 961 3339 1032 ἀρετάς
3386 977 3487 1029 μου
3527 959 3737 1028 διηγεῖ-

2162 1050 2303 1102 σθαι.
2341 1070 2360 1102 ι
2411 1052 2576 1104 Οὐδὲν
2600 1048 2691 1104 οὖν
2720 1052 2964 1115 ἀπεικὸς,
3001 1053 3092 1104 καὶ
3119 1030 3244 1114 τούς
3283 1030 3380 1120 τῆς
3419 1051 3569 1114 θείας
3599 1067 3733 1118 συγ-

2159 1140 2373 1208 γενείας
2416 1141 2504 1194 διὰ
2551 1142 2651 1211 τῆς
2689 1142 2837 1206 θείας
2882 1143 3103 1212 χάριτος
3132 1141 3467 1211 ἠξιωμένους
3517 1141 3739 1209 Ἀμμὰν

2160 1230 2542 1300 ὀνομάζεσθαι.
2595 1233 2656 1284 Εἰ
2689 1233 2788 1300 μὲν
2813 1228 2905 1284 οὖν
2933 1231 3210 1301 τροπικῶς
3245 1231 3422 1301 βούλει
3451 1233 3638 1300 νοῆσαι
3666 1229 3739 1282 τὰ

2160 1318 2420 1388 ὀνόματα,
2469 1319 2612 1374 οὐτω
2655 1323 2893 1390 νοήσεις.
2942 1323 3004 1374 Εἰ
3056 1321 3113 1374 δὲ
3161 1321 3468 1392 ἰστορικῶς,
3515 1320 3590 1384 ὡς
3631 1320 3736 1390 ήδη

2163 1411 2591 1480 προειρήκαμεν,
2635 1412 2716 1464 ὅτι
2775 1411 2979 1464 τούτων
3028 1414 3470 1484 καταφρονήσει,
3517 1411 3592 1473 ὼς
3627 1395 3740 1464 τῶν

2166 1500 2264 1568 μὲν
2296 1499 2554 1552 πλειόνων
2591 1501 2815 1572 ἀσεϐείᾳ.
2851 1501 3157 1564 συζώντων,
3193 1502 3370 1556 αὐτῶν
3393 1501 3452 1554 δὲ
3489 1501 3595 1554 τῶν
3623 1501 3738 1556 ὀλίο

2163 1605 2274 1654 γων
2307 1589 2415 1640 τῶν
2441 1591 2499 1642 ἐν
2527 1590 2709 1652 αὐτοῖς
2751 1591 2992 1642 εὐσεϐῶν
3022 1592 3082 1643 οὐ
3111 1591 3328 1664 θερμῶς
3357 1593 3484 1662 περί
3511 1591 3578 1645 τὰ
3617 1591 3740 1646 θεῖα

2161 1677 2542 1747 διακειμένων.

2237 1768 2345 1837 μβθ,
2377 1767 2487 1837 μγ’.
2534 1786 2550 1816 ι
2586 1769 2692 1819 Καὶ
2723 1769 2949 1832 ἑκτενεῖ,
2981 1769 3134 1836 φησὶ,
3157 1767 3254 1838 τὴν
3283 1770 3438 1837 χεῖρα
3460 1768 3622 1820 αὐτοῦ
3644 1767 3738 1819 ἐπὶ

2163 1858 2261 1928 τήν
2289 1860 2394 1929 γῆν
2417 1858 2715 1926 Αἰγύπτου,
2753 1859 2846 1911 καὶ
2874 1860 2907 1929 ή
2935 1861 3006 1930 γῆ
3035 1858 3310 1927 Αἰγύπτου
3339 1859 3440 1911 οὐκ
3477 1858 3626 1912 ἔσται
3655 1861 3738 1921 εἰς

477 1950 586 2004 erit
621 1951 680 2006 in
724 1953 981 2008 salutem.
1034 1954 1100 2008 Et
1154 1955 1535 2012 dominabitur
1601 1960 1656 2013 in
1720 1960 2060 2015 absconditis

2169 1949 2461 2020 σωτηρίαν.
2505 1951 2612 2002 Kal
2656 1949 2936 2020 κυριεύσει
2983 1951 3041 2002 ὲν
3092 1953 3205 2012 τοῖς
3251 1949 3590 2020 ἀποκρύφοις
3640 1948 3738 2002 τοῦ

481 2042 603 2096 auri
637 2051 693 2097 et
721 2045 959 2113 argenti,
994 2053 1050 2099 et
1079 2047 1135 2098 in
1177 2049 1439 2104 omnibus
1463 2049 1856 2106 desirabilibus
1891 2049 2060 2122 Egy-

484 2133 584 2202 pti,
614 2144 669 2188 et
707 2132 1058 2204 Libycarum,
1095 2147 1150 2192 et
1197 2137 1543 2208 Aﬁtbiopum,
1579 2150 1634 2195 et
1684 2145 1740 2196 in
1799 2142 2063 2196 inunitio-

484 2223 650 2278 n-ibus
681 2225 947 2294 ipsorum.
980 2246 1001 2278 ι
1036 2227 1161 2282 Haec
1193 2245 1413 2300 quoque
1456 2231 1681 2286 minime
1727 2234 2064 2287 conveniunt

483 2313 777 2376 Antiocho.
809 2315 904 2384 qui
936 2331 1117 2385 neque
1151 2317 1344 2389 Libya,
1390 2334 1566 2389 neque
1615 2319 1924 2390 Ethiopia,
1967 2338 2064 2376 ne-

484 2420 594 2474 que
622 2405 786 2461 etiam
826 2405 945 2477 ipsa
973 2406 1212 2480 Egypto
1238 2410 1445 2480 potitus
1475 2419 1580 2467 est.
1613 2409 1812 2469 Jussus
1856 2413 2000 2467 enim
2033 2428 2063 2467 a

487 2495 771 2559 Romanis,
795 2511 1054 2555 reversus
1099 2509 1183 2554 est
1217 2501 1343 2556 inde
1379 2517 1392 2552 :
1427 2510 1487 2556 ut
1517 2502 1644 2557 hinc
1672 2503 1776 2557 tria
1825 2503 1913 2556 illa
1946 2517 2067 2558 cor-

428 2649 430 2652 ,
487 2601 600 2640 nua
642 2587 1043 2659 signiﬁcentur,
1097 2606 1220 2662 quae
1277 2608 1378 2662 per
1418 2608 1648 2662 parvum
1703 2594 1846 2648 illud
1891 2610 2065 2648 cornu

485 2693 682 2734 eversa
727 2688 877 2735 sunt.
932 2680 1066 2735 Nam
1108 2691 1220 2737 tres
1268 2685 1522 2739 nationes
1576 2685 1867 2748 maximas,
1899 2683 2067 2755 [Egy-

489 2778 666 2840 ptum,
699 2769 1062 2841 JEthiopiam,
1091 2780 1148 2827 et
1177 2773 1427 2845 Libyam,
1455 2790 1578 2844 quae
1624 2776 1826 2838 tribus,
1871 2783 1932 2828 ut
1977 2790 2068 2828 ve-

489 2861 724 2916 risimile
756 2872 859 2924 est,
886 2863 1108 2933 regibus
1143 2866 1408 2935 subjectae
1435 2875 1619 2931 erant,
1655 2866 1760 2920 iste
1797 2867 2066 2930 destruet,

493 2952 707 3023 1293
729 2961 784 3008 et
816 2953 870 3008 in
899 2969 1058 3008 suam
1085 2957 1294 3028 rediget
1328 2965 1683 3027 potestatem.

563 3042 729 3098 Vnus.
761 3043 853 3100 44.
883 3063 902 3096 ι
955 3045 1023 3099 Et
1069 3047 1408 3110 auditiones.
1468 3055 1524 3102 et
1579 3048 1898 3103 celeritates
1945 3063 2071 3117 pet“-

492 3135 796 3190 turbabunt
825 3151 972 3201 eum,
997 3137 1066 3192 ab
1090 3138 1302 3193 oriente
1321 3147 1376 3192 et
1399 3138 1468 3192 ab
1503 3137 1779 3207 aquilone,
1807 3147 1862 3193 et
1891 3140 2072 3194 veniet

495 3227 550 3280 in
583 3226 769 3282 furore
806 3227 1019 3289 multo,
1074 3236 1134 3281 ut
1196 3228 1547 3283 anathemate
1603 3227 1763 3282 feriat
1799 3237 1854 3283 et
1897 3230 2072 3284 deli-at

493 3319 714 3374 multos.
759 3336 779 3370 ι
831 3318 907 3373 Ne
961 3319 1063 3374 hoc
1115 3318 1338 3388 quidem
1392 3317 1449 3371 in
1506 3319 1839 3372 Antiochum
1897 3319 2066 3383 cadit,

491 3427 656 3470 suem
718 3425 829 3465 non
891 3409 1034 3464 fama
1089 3410 1163 3463 ita
1217 3409 1593 3479 perturbavit,
1633 3418 1693 3463 ut
1725 3411 1793 3464 ab
1831 3409 2070 3479 [Egypto

495 3502 799 3567 recederet,
856 3501 953 3556 sed
1010 3499 1385 3554 Romanorum
1444 3500 1767 3565 decretum,
1798 3502 1866 3556 ab
1909 3499 2072 3556 Occi-

493 3593 678 3657 dente,
717 3608 826 3646 non
863 3593 930 3645 ab
960 3591 1187 3645 Oriente
1210 3592 1468 3646 missum.
1513 3591 1593 3646 De
1631 3591 1741 3646 hoc
1779 3607 1911 3647 vero
1947 3593 2066 3658 ait,

497 3684 618 3737 fore
646 3693 705 3736 ιιι
735 3692 896 3752 capta
945 3681 1206 3752 Egypto,
1247 3681 1552 3753 Lybiaqne,
1595 3690 1653 3737 et
1685 3681 1993 3753 Ethiopia,
2016 3693 2072 3738 et

500 3775 555 3828 in
591 3789 746 3828 suam
777 3774 1039 3827 ditionem
1078 3774 1325 3837 redacta,
1388 3771 1608 3829 rumore
1660 3776 1898 3845 quodam
1955 3791 2074 3846 pcr-

500 3867 728 3921 tcrritus
761 3871 1096 3926 revertatur.
1153 3874 1209 3920 ct
1251 3865 1422 3918 multo
1456 3863 1643 3919 furore
1685 3865 1930 3935 percitus
1984 3880 2074 3920 ve-

502 3956 640 4021 niat,
677 3974 697 4005 ι
737 3965 795 4009 ιιι
827 3955 1010 4009 deleat
1057 3961 1112 4009 et
1158 3955 1510 4010 anathemate
1569 3954 1729 4010 feriat
1793 3957 2015 4011 multos.
2047 3976 2067 4009 ι

500 4043 648 4100 Idem
695 4061 826 4099 vero
857 4043 992 4099 dicit
1035 4054 1269 4112 utraque
1327 4043 1555 4112 phrasi:
1591 4045 1761 4099 delere
1803 4047 1948 4099 enim
1987 4053 2074 4101 est

500 4137 703 4207 pietate
725 4151 968 4202 exuere;
1005 4135 1339 4190 anathemate
1385 4136 1566 4206 ferire,
1605 4137 1674 4191 ab
1707 4137 1798 4190 illa
1829 4138 2072 4192 alienum

499 4226 807 4281 declarare.

573 4315 740 4372 Vens.
773 4317 862 4371 45.
899 4336 918 4368 ι
950 4316 1016 4370 Et
1049 4316 1195 4387 liget,
1233 4317 1432 4388 inquit,
1485 4319 1788 4373 tentorium
1822 4333 1984 4373 suum
2017 4321 2072 4373 in

501 4406 788 4477 Apadano,
820 4408 966 4462 inter
998 4407 1194 4471 maria,
1225 4410 1425 4477 inquit,
1455 4425 1624 4474 super
1649 4420 1889 4465 montem
1915 4410 2076 4465 Sabir

2160 2043 2386 2112 χρυσίου
2411 2042 2506 2095 καὶ
2533 2040 2629 2094 τοῦ
2659 2043 2949 2111 ἀργυρίου,
2983 2041 3075 2094 καί
3101 2043 3158 2094 έν
3184 2043 3349 2093 πᾶσιν
3382 2042 3738 2111 ἐπιθυμητοῖς

2160 2136 2458 2204 Αἰγύπτου,
2502 2136 2598 2189 καὶ
2629 2135 2864 2198 Λιϐύων,
2904 2136 2997 2188 καὶ
3047 2137 3340 2198 Αἰθιόπων,
3387 2137 3482 2188 καὶ
3526 2137 3583 2188 ὲν
3623 2139 3738 2199 τοῖς

2161 2227 2512 2299 ὀχυρώμασιν
2546 2227 2745 2280 αὐτῶν.
2779 2246 2794 2278 ι
2830 2228 2941 2281 Kal
2968 2226 3140 2280 ταῦτα
3167 2227 3508 2296 δὲ¹¹·ήκιστα
3535 2227 3742 2296 ἁρμότ-

2160 2338 2243 2372 τει
2261 2319 2339 2389 τῷ
2373 2320 2629 2388 Ἀντιόχῳ
2655 2336 2668 2350 ο
2703 2318 2827 2372 οὒτε
2855 2318 2964 2390 γὰρ
2989 2318 3193 2388 Λιϐύης
3210 2321 3276 2384 ²¹,
3304 2318 3426 2372 οὕτε
3455 2317 3741 2380 Αἰθιοπίας

2163 2411 2484 2482 ἐκράτησεν,
2506 2409 2628 2462 οὐτε
2651 2409 2706 2462 δὲ
2727 2410 2899 2478 αὐτῆς
2918 2411 3018 2478 τῆς
3046 2409 3344 2477 Αἰγύπτου.
3370 2409 3743 2480 Προσταχθεὶς

2163 2503 2270 2573 γὰρ
2298 2501 2403 2554 ὐπὸ
2445 2501 2732 2571 Ῥωμαίων
2775 2501 3103 2572 ἀνέστρεψεν
3128 2518 3142 2532 ’
3191 2501 3338 2558 ὥστε,
3362 2500 3609 2554 ἐντεῦθεν
3639 2517 3743 2570 ση-

2168 2593 2453 2664 μαίνεσθαι
2477 2593 2545 2646 τά
2565 2593 2690 2663 τρία
2716 2592 2943 2665 κέρατα,
2966 2593 3002 2647 ἃ
3024 2594 3085 2646 τδ
3107 2593 3303 2663 μικρὸν
3329 2593 3496 2664 κέρας
3518 2591 3744 2662 ἐινέτρε⁸

2163 2686 2283 2755 ψεν.
2309 2685 2418 2737 Kal
2448 2687 2556 2754 γὰρ
2581 2683 2815 2738 ἐνταῦθα
2842 2683 2968 2754 τρία
2997 2682 3122 2754 ἔθνη
3161 2682 3413 2753 μέγιστα,
3447 2682 3744 2750 Αἴγυπτον,

2165 2774 2260 2827 καὶ
2291 2772 2598 2837 Αἰθιοπίαν,
2645 2772 2739 2826 καὶ
2773 2772 3067 2843 Αιϐύην⁹⁸,
3100 2772 3205 2825 ὑπὸ
3233 2771 3419 2842 τριῶν,
3456 2771 3534 2834 ὡς
3572 2771 3744 2835 εἰκὸς,

2169 2861 2434 2932 βασιλέων
2477 2861 2814 2932 κατεχόμενα
2840 2863 2885 2893 ⁸⁸
2939 2860 3238 2915 καταλύσει
3274 2855 3459 2924 οὗτος,
3504 2859 3600 2913 καὶ
3651 2859 3748 2926 ὑφ’

2168 2953 2358 3007 ἑαυτὸν
2391 2953 2694 3022 ποιήσεται.

2243 3043 2345 3113 μδ’·.
2391 3061 2410 3094 ι
2443 3043 2554 3096 Kal
2589 3043 2776 3106 ἀκοαὶ,
2821 3041 2915 3094 καὶ
2947 3040 3176 3094 σπουδαὶ
3216 3039 3542 3110 ταράξουσιν
3582 3037 3748 3092 αὐτὸν

2171 3136 2228 3200 ἐξ
2249 3135 2539 3199 ἀνατολῶν,
2563 3135 2656 3189 καὶ
2678 3136 2786 3189 ἀπὸ
2809 3135 3000 3206 βορρᾶ,
3027 3136 3122 3188 καὶ
3143 3134 3262 3205 ἥξει
3281 3136 3339 3187 ὲν
3361 3133 3518 3204 θυμῷ
3542 3133 3746 3204 πολλῷ,

2170 3228 2263 3280 τοῦ
2304 3227 2699 3296 ἀναθεματίσαι
2742 3229 2837 3280 καὶ
2870 3227 3130 3296 ἀφανίσαι
3156 3228 3200 3258 ’⁵
3235 3225 3482 3289 πολλούς.
3532 3245 3550 3278 ι
3610 3226 3750 3278 Οὐδὲ

2170 3319 2328 3373 τοῦτο
2356 3319 2432 3390 τῷ
2473 3320 2723 3389 Ἀντιόχῳ
2750 3319 3009 3390 ἁρμόττει
3036 3335 3049 3348 °
3099 3321 3303 3372 ἐκεῖνον
3333 3318 3440 3389 γὰρ
3461 3319 3521 3372 οὒ
3563 3317 3750 3388 φῆμαι

2171 3409 2561 3480 διαταράξασαι
2611 3409 2709 3479 τῆς
2758 3408 3034 3475 Αἰγύπτου
3092 3407 3438 3478 ἀπέστησαν,
3498 3407 3634 3460 ἀλλὰ
3684 3407 3750 3460 τὸ

2170 3500 2346 3570 δόγμα
2389 3500 2693 3569 Ῥωμαίων,
2715 3499 2823 3552 ἀπὸ
2851 3500 2896 3532 ’⁸
2928 3500 3026 3569 τῆς
3058 3498 3350 3568 Ἐσπέρας,
3385 3499 3485 3552 οὐκ
3509 3497 3618 3550 ἀπὸ
3645 3497 3749 3568 τῆς

2173 3592 2289 3645 Ἕω
2317 3593 2644 3662 πεμφθένη.
2662 3593 2797 3662 Περὶ
2825 3593 2880 3645 δὲ
2900 3593 3087 3646 τούτου
3117 3594 3302 3662 φησὶν,
3337 3594 3418 3646 ὅτι
3443 3592 3623 3645 λαϐὼν
3647 3591 3751 3662 τὴν

2172 3683 2465 3750 Αἴγυπτον,
2510 3683 2600 3735 καὶ
2640 3683 2739 3750 τὴν
2779 3681 3004 3753 Αιϐύην,
3044 3683 3139 3736 καί⁸
3179 3680 3278 3754 τὴν
3318 3681 3618 3744 Αἰθιοπίαν,
3653 3682 3751 3735 καὶ

2174 3775 2270 3845 ὑφ’
2292 3774 2480 3828 ἑαυτὸν
2514 3775 2900 3844 ποιησάμενος,
2931 3773 3035 3830 ὐπὸ
3068 3775 3254 3844 φήμης
3284 3773 3426 3837 τινὸς
3457 3771 3750 3842 ταραχθεὶς

2175 3871 2520 3942 ἀναστρέψει,
2556 3872 2649 3924 καὶ
2676 3872 2793 3942 ἥξει
2835 3873 2892 3924 ὲν
2925 3870 3081 3942 θυμῷ
3113 3869 3313 3940 πολλῷ,
3370 3888 3388 3920 ι
3429 3868 3524 3922 τοῦ
3555 3869 3751 3924 ἀναθε-

2178 3963 2401 4032 ματίσαι
2425 3963 2519 4015 καὶ
2546 3961 2638 4015 τοῦ
2671 3962 2930 4032 ἀφανίσαι
2954 3960 3199 4024 πολλούς.
3229 3980 3247 4012 ›
3282 3959 3488 4014 Ταυτδν
3516 3959 3572 4013 δὲ
3601 3959 3750 4026 λέγει

2173 4054 2239 4107 δι’
2265 4053 2586 4124 ἀμφοτέρων
2613 4070 2626 4084 ·
2655 4053 2945 4122 ἀφανίσαι
2972 4052 3080 4123 γάρ
3109 4052 3225 4104 ἐστι
3251 4051 3312 4103 τὸ
3339 4051 3439 4119 τῆς
3468 4049 3751 4113 εὐσεϐείας

2177 4145 2481 4216 γυμνῶσαι,
2511 4144 2606 4197 καὶ
2637 4144 2696 4196 τὸ
2721 4143 3174 4212 ἀναθεματίσαι,
3215 4140 3276 4194 τὸ
3303 4140 3580 4212 ἀλλότριον
3610 4139 3750 4193 ἐκεί-

2175 4252 2271 4304 νης
2299 4233 2597 4302 ἀποφῆναι.

2224 4331 2352 4394 με’.
2416 4343 2433 4375 ι
2463 4325 2568 4376 Kal
2597 4324 2780 4394 πήξει,
2815 4323 2970 4394 φησι,
3019 4322 3118 4392 τὴν
3134 4321 3180 4354 ³⁸
3222 4320 3426 4392 σκηνὴν
3476 4317 3642 4374 αὑτοῦ
3692 4321 3749 4375 ὲν

2190 4415 2549 4485 Ἀπαδανῷ”,
2584 4415 2877 4485 ἀναμέσον,
2924 4414 3060 4484 φησί
3077 4413 3284 4480 ³⁰,¹ξτῶν
3330 4411 3632 4475 θαλασσῶν,
3670 4411 3750 4473 είς

501 4507 754 4552 sanctum
815 4516 832 4550 ι
864 4497 1050 4568 Neque
1099 4499 1204 4553 hoc
1257 4501 1629 4570 comperimus
1690 4503 1760 4558 ab
1801 4503 2062 4557 Autiochc

2177 4507 2300 4577 ὄρος
2328 4507 2528 4577 Σαὸεὶρ
2557 4507 2730 4574 ἅγιον.
2762 4525 2779 4557 ι
2829 4504 2963 4559 Οὐδὲ
3004 4505 3163 4557 τοῦτο
3205 4503 3262 4556 δὲ
3291 4503 3617 4573 εὑρίσκομεν
3647 4499 3752 4554 ὑπὸ

504 4587 709 4644 factum
742 4607 757 4644 :
799 4590 1046 4658 alioquin
1077 4588 1286 4650 dicant,
1317 4591 1576 4660 quisnam
1624 4593 1782 4647 locus
1825 4594 1949 4656 iste,
1983 4593 2062 4645 ub‘

2191 4599 2462 4670 Ἀντιόχου
2507 4598 2890 4669 γεγενημένον.
2940 4596 3090 4649 Ἐπεὶ
3119 4596 3452 4661 εἰπάτωσαν,
3485 4594 3570 4655 τίς
3601 4595 3629 4646 ό
3662 4593 3753 4646 τό·

501 4681 796 4736 tcntorium
833 4697 996 4736 suum
1025 4681 1205 4736 ﬁxerit
1238 4683 1569 4748 Antiochus,
1601 4684 1743 4740 inter
1765 4685 1875 4738 duo
1903 4685 2062 4738 mari:

2174 4708 2274 4753 πος
2305 4687 2478 4754 οὗτος,
2514 4692 2570 4742 ὲν
2601 4683 2645 4756 ᾧ
2672 4688 2769 4759 τήν
2799 4687 3003 4758 σκηνήν
3030 4685 3195 4740 αὐτοῦ
3227 4686 3532 4755 κατέπηξεν
3563 4689 3591 4739 ὁ
3633 4687 3752 4738 Ἀν-

504 4771 646 4825 situs
668 4771 694 4824 ?
722 4786 912 4824 verum
949 4786 1061 4824 non
1096 4778 1358 4841 poterunt
1383 4772 1700 4828 ostendere.
1732 4771 1880 4826 Nihil
1912 4773 2062 4842 igitur

2173 4779 2368 4849 τίοχος,
2415 4779 2517 4832 ἀνὰ
2550 4776 2712 4846 μέσον
2755 4775 2863 4828 τῶν
2907 4775 3000 4829 δύο
3050 4774 3336 4829 θαλασσῶν
3371 4774 3747 4843 διακείμενος;

503 4861 698 4916 horum
728 4862 908 4917 adhuc
939 4863 1190 4932 pervenit
1226 4865 1294 4919 ad
1337 4867 1569 4921 exitum.
1605 4863 1714 4918 Sed
1741 4863 1856 4919 hare
1894 4865 2062 4919 omni:

2187 4869 2326 4923 Ἀλλ’
2356 4870 2453 4941 οὐχ
2475 4868 2656 4931 ἕξουσι
2682 4867 2872 4930 δεῖξαι.
2907 4867 3114 4921 Οὐκοῦν
3140 4865 3344 4922 τούτων
3369 4866 3519 4920 οὐδὲν
3539 4863 3752 4919 οὐδέπω

503 4953 843 5007 acommuni
895 4953 1178 5008 hominum
1212 4955 1370 5011 hoste
1422 4955 1866 5025 proﬁciscentur.
1919 4955 2062 5010 Sabii

2177 4959 2349 5029 πέρας
2396 4957 2638 5026 εἴληφεν,
2683 4955 2820 5009 ἀλλά
2870 4957 3160 5026 γενήσεται
3215 4955 3390 5009 ταῦτα
3436 4955 3614 5008 πάντα
3647 4953 3754 5005 ὑπὸ

505 5050 685 5097 autem
717 5059 912 5098 rursus
946 5042 1056 5099 Deo
1095 5045 1331 5101 dicatam
1364 5054 1568 5100 terram
1623 5051 1829 5109 vocat,‘
1864 5047 2062 5116 Λραάαη

2175 5048 2270 5103 τοῦ
2319 5045 2500 5101 κοινοῦ
2554 5045 2661 5098 τῶν
2713 5043 3016 5116 ἀνθρώπων
3065 5044 3382 5116 ἀλάστορος.
3449 5043 3657 5110 Σαεείρ
3695 5041 3754 5094 δὲ

505 5149 630 5186 num
656 5142 836 5188 autem
870 5135 1052 5189 locum
1083 5137 1374 5206 quemdam
1419 5139 1492 5191 ita
1535 5138 1901 5202 nominatum,
1935 5138 2062 5192 haut

2178 5139 2340 5192 πάλιν
2373 5137 2470 5206 τὴν
2516 5136 2591 5207 τῷ
2623 5135 2743 5206 Θεῷ
2788 5135 3156 5206 ἀνακειμένην
3194 5135 3348 5188 καλεῖ
3389 5134 3494 5204 γῆν
3519 5149 3533 5162 ⁸
3590 5135 3756 5187 Ἀπα-

506 5225 698 5295 procul
733 5225 802 5280 ab
850 5224 1249 5298 Hierosolymis
1298 5229 1565 5299 positum,
1605 5228 1695 5282 ubi
1749 5229 1919 5284 exitio
1956 5244 2062 5298 per

2186 5231 2372 5286 δανὸν
2396 5229 2452 5283 δὲ
2480 5229 2643 5284 τόπον
2672 5228 2795 5281 τινὰ
2825 5227 2995 5293 οὕτως
3023 5226 3432 5298 ὠνομασμένον,
3474 5225 3536 5279 οὐ
3567 5224 3756 5295 πόρῤω

578 5417 603 5445 ν
628 5393 753 5465 Act.
783 5411 1027 5474 xvn,29.
1107 5425 1131 5452 ι
1161 5411 1270 5467 lsa.
1312 5429 1468 5481 mu,
1509 5415 1596 5484 l9,
1629 5415 1720 5471 ΞΟ.

1815 5553 2050 5609 νΑιιιΑη]
2091 5553 2492 5608 LECTIONES.

587 5646 607 5674 "
638 5642 906 5765 Βχῖρσῷ.
1007 5645 1049 5676 ¹⁸
1079 5645 1260 5698 καὶσ-
1287 5645 1441 5716 ἀνθρ.
1511 5649 1631 5704 Des.
1682 5649 1735 5704 in
1785 5649 1918 5702 edit.
1983 5648 2176 5717 priori.
2255 5649 2297 5678 ¹⁹
2329 5649 2412 5701 ὲκ.
2450 5642 2919 5714 Βπροσαγορεύει.
3024 5643 3070 5673 ⁸ο
3107 5640 3156 5692 ὃ.
3183 5635 3222 5688 Β
3255 5633 3382 5688 λαὸν
3433 5633 3512 5686 ὃν.
3605 5636 3647 5668 ’ί
3674 5636 3754 5717 δέ.

587 5731 628 5765 s.
671 5715 722 5765 in
797 5750 810 5765 .
893 5716 936 5745 ²²
968 5713 1112 5765 Edit.
1137 5715 1284 5765 nrior
1311 5717 1434 5765 hab.
1462 5719 1682 5765 Λιϐύας-
1779 5720 1824 5750 ³³
1859 5718 1998 5765 Edit-
2037 5735 2117 5765 nr-
2149 5716 2372 5765 Λιϐύαν.
2453 5716 2500 5746 ’δ
2533 5715 2572 5765 Β
2603 5715 2992 5765 κατεγομέναε.
3073 5710 3116 5741 ³⁸
3149 5709 3312 5765 ἀφαν.
3343 5703 3381 5755 Β
3411 5718 3596 5765 ιπωηι.
3637 5724 3754 5758 του.

506 5712 628 5790 Res.
671 5703 810 5790 ἰιῖἶὶ.
858 5703 870 5714 ’
893 5716 936 5745 ²²
968 5713 1112 5790 Edit.
1137 5715 1284 5790 prior
1304 5703 1434 5790 hab.
1461 5719 1682 5790 Αιόύας.
1758 5720 1824 5790 ,³³
1857 5703 1999 5771 ΕιηιῘ
2037 5735 2117 5790 pr.
2147 5716 2372 5790 Αιόύαν.
2453 5703 2572 5790 “li
2603 5703 2992 5790 κατεχομένας.
3059 5710 3116 5790 ,³-⁸
3148 5703 3596 5790 ᾀρςινεοβρτωξιξο
3637 5706 3755 5790 105'-

595 5781 796 5900 ηαξ
831 5797 1016 5851 praem.
1049 5783 1097 5837 ὃ.
1138 5775 1198 5816 ’²⁷
1233 5787 1273 5838 ιι
1300 5787 1571 5856 ἐπέμφθη.
1644 5775 1691 5820 ⁵²⁸
1722 5775 2098 5857 τὴν--Ἂπιίδ,
2142 5787 2301 5841 llcbr.
2332 5785 2625 5840 tentorium
2655 5775 2838 5853 palatii
2873 5783 2978 5838 sui.
3059 5782 3103 5813 ²⁹
3135 5778 3238 5833 Alii
3265 5775 3441 5830 aliter.
3519 5775 3565 5806 '°
3600 5775 3752 5846 φησί.

527 5863 631 5902 'cs.
662 5864 715 5901 ιιι
783 5886 796 5900 .
