4092 6428
403 354 548 422 153⁸7

1614 361 1695 420 IN
1731 356 2088 420 DANIELIS
2126 356 2284 420 CAP.
2316 357 2455 420 XII.

3525 359 3663 427 1538

407 464 650 519 εὗσεϐῶν
695 464 859 517 διεῖλε
908 463 977 517 τὰ
1029 464 1306 535 τάγματα.
1347 483 1366 517 ι
1406 467 1575 538 ιἌλλη
1621 449 1759 540 γὰρ,
1812 469 1981 538 φησὶ,

2091 475 2178 522 tas
2211 469 2540 524 stellarum:
2594 467 2750 524 stella
2801 468 2948 524 enim
2976 467 3158 525 diﬂert
3201 481 3234 523 α
3272 468 3451 535 stella,
3493 471 3665 526 clari-

405 553 538 616 δόξα
584 552 736 623 ἡλίου
757 591 772 614 ,
822 553 913 606 καὶ
949 551 1084 624 άλλη
1123 553 1251 616 δόξα
1281 552 1529 624 σελήνης,
1561 556 1655 608 καὶ
1676 555 1827 626 ’άλλη
1863 555 1990 619 δόξα

408 643 693 713 ἀστέρων·
720 643 897 713 ἀστὴρ
939 642 1047 714 γὰρ
1097 643 1325 712 ἀστέρος
1371 644 1620 714 διαφέρει
1674 647 1733 699 ὲν
1779 645 1925 717 δόξῃ.
1965 662 1984 696 ι

409 733 599 787 Ταῦτα
637 733 806 786 είπὼν
857 736 885 786 6
928 732 1004 804 τῷ
1053 735 1254 804 Δανιὴλ
1309 735 1854 806 προσδιαλεγόμενος,
1887 737 1990 788 ἑπ-

408 829 585 898 ήγαγε
604 843 616 856 ·
1624 885 1630 893 .

483 919 542 969 δ’.
583 935 603 970 ι
628 917 738 970 Καὶ
776 916 839 968 σὺ
862 958 876 977 ,
919 914 1134 986 Δανιὴλ,
1171 915 1447 988 ἔμφραξον
1481 919 1607 982 τοὺς
1640 919 1852 985 λόγους,
1895 901 1991 972 καὶ

410 1009 714 1079 σφράγισον
739 1006 799 1059 τὸ
827 1005 1031 1076 βιῆλίον
1053 1008 1158 1070 ἓως
1188 1013 1382 1079 καιροῦ
1417 1009 1749 1074 συντελείας,
1779 1011 1884 1073 ἓως
1909 1010 1991 1063 δι-

407 1097 650 1167 ὄαχθῶσι
681 1097 887 1161 πολλοὶ,
918 1097 1010 1149 καὶ
1051 1097 1331 1169 πληθυνθῇ
1364 1100 1396 1169 ἡ
1425 1099 1643 1166 γνῶσις,
1685 1122 1702 1153 ι
1751 1099 1965 1163 Ἐπίθες

409 1190 564 1260 φησὶ,
599 1187 675 1258 τῷ
719 1188 908 1260 βιϐλίῳ
939 1190 1038 1252 τὰς
1075 1190 1173 1260 τῆς
1224 1191 1489 1260 ἀσαφείας
1533 1194 1850 1264 σφραγῖδας,
1897 1211 1991 1246 κα-

411 1280 488 1349 μὴ
534 1280 668 1350 δῆλα
706 1279 875 1333 ἅπασι
930 1283 1300 1354 καταστήσῃς,
1352 1285 1457 1346 ἓως
1511 1283 1576 1336 ἃν
1633 1283 1909 1355 πληθυνθῇ
1955 1285 1988 1354 ὴ

408 1372 635 1441 γνῶσις,
686 1372 780 1424 καὶ
819 1371 1079 1443 πληρωθῇ
1123 1375 1155 1444 ἡ
1205 1375 1470 1444 σύμπασα
1519 1376 1590 1444 γῆ
1636 1375 1732 1428 τοῦ
1784 1376 1989 1443 γνῶναι

399 1465 503 1517 ’τὸν
533 1463 760 1534 Κύριον,
788 1465 862 1525 ὡς
895 1463 1041 1534 ὕδωρ
1085 1465 1221 1517 πολὺ
1261 1465 1642 1534 κατακαλύψαι
1691 1466 1987 1532 θαλάσσας,

407 1557 554 1611 κατὰ
585 1557 684 1626 τὴν
717 1557 1075 1627 προφητείαν.
1108 1556 1324 1620 Ταύτας
1361 1559 1392 1628 ὴ
1423 1557 1518 1610 τοῦ
1548 1557 1693 1614 θείου
1735 1557 1988 1628 Πνεῦμα-

406 1664 503 1711 τος
542 1647 701 1718 χάρις
731 1645 868 1716 μετὰ
899 1646 998 1716 τὴν
1042 1647 1135 1699 τοῦ
1182 1647 1433 1718 Σωτῆρος
1460 1647 1619 1719 ἡμῶν
1665 1649 1989 1716 ἐπιφάνειαν

404 1737 686 1806 ,ἀφελοῦσα
714 1737 811 1802 τὰς
844 1739 1168 1809 σφραγίδας,
1217 1740 1363 1811 σαφῆ
1395 1739 1463 1794 τά
1495 1741 1682 1810 ἀσαφῆ
1714 1742 1982 1813 πεποίηκε

398 1833 523 1892 τοῖς
552 1829 886 1884 πιστεύουσι.

482 1929 543 1988 ε’,
582 1935 654 1992 ς’.
701 1949 716 1978 ι
749 1929 856 1980 Καὶ
906 1924 1046 1980 εἶδον
1067 1968 1081 1990 ,
1136 1928 1322 1998 φησὶν,
1355 1928 1466 1997 ἐγὼ
1509 1930 1724 2000 Δανιὴλ,
1757 1930 1851 1984 καὶ
1880 1929 1986 1983 ίδοὺ

390 2018 505 2072 -δύο
531 2019 707 2089 ἕτεροι
737 2019 1104 2088 είστήκεισαν,
1135 2012 1215 2079 εἷς
1242 2018 1489 2073 ἐντεῦθεν
1518 2019 1613 2072 τοῦ
1649 2022 1894 2091 ποταμοῦ
1920 2022 1986 2086 ⁸⁸,

399 2111 506 2164 καὶ
529 2105 605 2171 εἷς
636 2108 887 2162 ἐντεῦθεν
911 2109 980 2161 ⁵⁷.
1043 2109 1155 2161 Καὶ
1201 2103 1352 2162 εἶπον
1400 2110 1477 2180 τῷ
1519 2111 1673 2180 ἀνδρὶ
1719 2113 1796 2183 τῷ
1848 2113 1990 2165 ἐνδε-

402 2200 625 2271 δυμένῳ
671 2199 732 2252 τὸ
780 2199 973 2269 βαδδὶμ
993 2199 1061 2264 ⁸⁸,
1099 2199 1158 2261 6;
1195 2196 1262 2270 ἦν
1295 2201 1480 2254 ἐπάνω
1529 2201 1622 2254 τοῦ
1670 2203 1862 2267 ὕδατος
1893 2204 1987 2257 τοῦ

405 2291 657 2364 ποταμοῦ
679 2309 693 2322 ’
726 2290 872 2352 Ἕως
903 2290 1032 2342 πότε
1057 2290 1119 2342 τὸ
1156 2292 1330 2361 πέρας
1357 2284 1432 2343 ὦν
1462 2290 1692 2363 εἴρηκας
1728 2293 1835 2347 τῶν
1860 2294 1990 2347 θαυ-

401 2384 638 2453 ¹μασίων,
668 2382 762 2434 καὶ
784 2383 829 2414 ⁵⁸
879 2384 908 2434 6
951 2381 1296 2452 καθαρισμὸς
1325 2381 1568 2444 τούτων;
1624 2403 1642 2433 ι
1711 2384 1852 2451 Ἐγὼ
1889 2385 1989 2454 μὲν

402 2474 536 2544 γὰρ,
558 2473 744 2542 φησὶν.
765 2473 1041 2541 εἱστήκειν
1067 2472 1258 2539 σιγῶν.
1286 2472 1380 2525 καὶ
1405 2475 1614 2544 ἐρωτᾷν
1647 2476 1721 2544 μὴ
1748 2476 1984 2544 τολμῶν,

406 2563 502 2615 δύο
539 2563 593 2616 δὲ
633 2562 812 2632 ἓτεροι
863 2564 980 2626 ταῖς
1015 2562 1200 2632 ὄχθαις
1248 2563 1588 2632 ἑκατέρωθεν
1611 2565 1654 2596 ⁸ο
1686 2566 1989 2633 ἐφεστῶτες

407 2653 506 2706 τοῦ
537 2653 804 2724 ποταμοῦ,
837 2653 1030 2724 ἤροντο
1067 2653 1158 2705 τὸν
1188 2655 1285 2723 τὴν
1312 2653 1567 2724 βυσσίνην
1591 2657 1987 2728 περιϐεϐλημέ-

399 2762 498 2798 νον
527 2747 748 2816 ἐσθῆτα,
781 2749 846 2816 τῇ
864 2763 924 2797 τε
949 2745 1046 2797 τοῦ
1077 2745 1267 2808 ὓδατος
1288 2745 1651 2816 ὲποχοὺμενον
1679 2748 1982 2820 ὲπιφανείᾳτ

401 2837 578 2889 Πόσον
608 2837 826 2900 καθέξει
851 2837 1042 2906 χρόνον
1069 2836 1138 2890 τὰ
1155 2837 1198 2868 ’ί
1229 2837 1357 2905 φοὸε
1369 2837 1437 2906 ρὰ
1463 2839 1636 2892 ταῦτα
1662 2841 1755 2891 καὶ
1789 2841 1988 2912 φρίκης

398 2927 676 2996 γέμοντας
711 2927 805 2979 καὶ
838 2928 968 2980 πότε
999 2929 1032 2998 ὴ
1070 2927 1275 2981 τούτων
1307 2928 1596 2998 ἀπαλλαγὴ
1630 2930 1916 2998 γενήσεται
1944 2948 1957 2995 ;

477 3015 543 3079 ζ’.
586 3033 604 3067 ι
642 3016 752 3068 Καὶ
796 3017 1004 3086 ηκουσα
1040 3016 1134 3070 τοῦ
1171 3017 1364 3087 ἀνδρὸς
1408 3017 1500 3070 τοῦ
1549 3019 1896 3090 ὲνδεδυμένου
1926 3019 1986 3072 τὺ

399 3104 620 3174 βαδδὶμ,
653 3104 710 3168 6;
737 3101 805 3175 ἦν
837 3107 1022 3159 ἐπάνω
1057 3107 1150 3158 τοῦ
1201 3106 1395 3171 ὕδατος
1440 3108 1536 3161 τοῦ
1571 3110 1841 3178 ποταμοῦ,
1891 3111 1986 3163 καὶ
2017 3137 2057 3196 c

391 3197 586 3266 ὕψωσε
623 3197 721 3268 τὴν
766 3196 945 3263 δεξιὰν
976 3199 1164 3264 αὑτοῦ,
1195 3200 1294 3252 καὶ
1339 3200 1439 3268 τὴν
1480 3200 1774 3271 ἀριστερὰν
1819 3201 1984 3254 αὑτοῦ

395 3291 485 3351 είς
531 3289 621 3340 τὸν
653 3289 902 3358 οὐρανὸν,
957 3290 1051 3342 καὶ
1089 3289 1302 3359 ὤμοσεν
1351 3293 1408 3343 ἐν
1443 3291 1518 3361 τῷ
1568 3291 1732 3354 ζῶντι
1778 3293 1859 3355 είς
1891 3293 1986 3346 τὸν

395 3379 596 3445 αίῶνα,
625 3381 706 3433 ὅτι
744 3382 822 3442 είς
858 3380 1072 3452 καιρὸν,
1116 3381 1211 3434 καὶ
1242 3383 1489 3456 καιροὺς,
1526 3384 1619 3434 καὶ
1651 3383 1822 3453 ἥμισυ
1859 3401 1983 3438 και-

393 3469 520 3542 ροῦ.
560 3489 580 3522 ι
632 3469 914 3523 Ἐντεῦθεν
945 3471 1192 3542 ἀκριϐῶς
1239 3473 1666 3542 μεμαθήκαμεν,
1698 3474 1780 3526 ὅτι
1809 3475 1837 3526 6
1861 3475 1984 3527 τότε

391 3561 781 3632 διαλεγόμενος
830 3563 931 3616 οὐκ
981 3563 1143 3625 αὐτὸς
1187 3559 1254 3632 ἦν
1303 3566 1332 3616 6
1368 3565 1664 3634 Δεσπότης.
1705 3584 1722 3615 ι
1783 3565 1845 3620 Ὀ
1875 3567 1983 3636 γὰρ

394 3653 701 3723 Δεσπότης,
738 3653 861 3706 ἐπεὶ
893 3655 1018 3706 κατ’
1047 3654 1260 3717 οὐδενὸς
1303 3656 1550 3725 μείζονος
1579 3656 1740 3710 ἄλλου
1763 3658 1804 3690 ⁸³
1837 3654 1981 3727 εἶχεν

388 3745 615 3815 ὀμόσαι,
753 3762 918 3816 φησιν
967 3748 996 3799 6
1044 3746 1184 3808 θεῖος
1237 3747 1578 3810 ’Λπόστολος,
1616 3749 1738 3802 καθ’
1786 3749 1979 3804 ἑαυτοῦ

398 3835 604 3900 ὤμοσε,
633 3837 838 3906 λέγων·
879 3856 898 3888 ι
944 3839 1030 3891 Ζῶ
1053 3839 1098 3869 ⁸³
1143 3838 1273 3908 ἐγὼ,
1317 3840 1464 3908 λέγει
1497 3841 1721 3912 Κύριος.
1765 3861 1783 3893 ι
1821 3845 1926 3897 Καὶ
1954 3847 1983 3898 ό

399 3928 671 3997 μακάριος
690 3930 745 3982 δὲ
771 3931 976 4001 Μωσῆς
998 3931 1266 3985 δείκνυσιν
1292 3934 1455 3986 αὑτὸν
1480 3933 1712 4000 λέγοντα
1729 3952 1744 3967 ο
1777 3955 1795 3986 ι
1838 3937 1980 4007 Ἀρῶ

393 4022 482 4084 είς
508 4022 598 4074 τὸν
630 4024 855 4091 οὐρανὸν
884 4025 984 4096 τὴν
1016 4025 1175 4096 χεῖρά
1199 4043 1322 4095 μου,
1351 4026 1444 4090 καὶ
1470 4025 1711 4095 ὀμοῦμαι
1739 4031 1804 4097 τῇ
1830 4028 1978 4101 δεξιᾷ

393 4128 526 4181 μου,
557 4113 669 4180 ,καὶ
706 4113 851 4183 ὲρῶο
893 4113 981 4167 Ζῶ
1021 4113 1131 4182 ἐγὼ
1178 4116 1258 4177 είς
1297 4114 1386 4167 τὸν
1422 4113 1611 4168 αἰῶνα.
1657 4134 1675 4166 ι
1721 4112 1884 4180 Οὗτος
1919 4118 1976 4171 δὲ

384 4197 473 4265 εἷς
489 4202 563 4256 ὢν
588 4204 694 4256 τῶν
710 4205 1086 4275 ὑποκειμένων
1111 4206 1203 4259 καὶ
1229 4204 1485 4267 εὐνοϊκῶς
1507 4207 1635 4276 περὶ
1661 4205 1749 4258 τὸν
1771 4207 1974 4260 Δεσπό-

2012 1801 2060 1862 Β

2092 567 2202 612 tate
2239 571 2287 612 σ.
2329 578 2348 610 ι
2382 557 2508 614 llaec
2541 559 2783 626 locutus,
2819 561 2914 631 qui
2953 575 3082 616 cum
3117 559 3340 617 Daniele
3382 561 3669 633 colloque-

2091 647 2273 714 batur,
2305 637 2541 720 subjecit
2567 670 2581 706 :

2169 916 2336 975 Vens.
2369 919 2424 977 4.
2461 939 2479 971 ι
2534 918 2598 974 Et
2631 927 2713 988 tu,
2745 919 2959 984 Daniel,
2998 920 3196 976 claude
3254 937 3558 986 sermones,
3605 932 3663 978 et

2091 1009 2320 1079 obsigna
2355 1010 2576 1075 librum,
2603 1027 2778 1081 usque
2807 1012 2874 1066 ad
2899 1020 3115 1081 tempus
3139 1015 3658 1074 consummationis.

2090 1099 2269 1155 donec
2296 1102 2605 1155 doceantur
2636 1103 2814 1165 multi,
2842 1112 2897 1157 et
2926 1103 3320 1172 multiplicetur
3341 1105 3604 1174 cognitio.
3636 1124 3660 1157 ι

2092 1189 2335 1262 impone,
2374 1194 2577 1262 inquit,
2622 1194 2764 1247 libro
2813 1195 2993 1264 sigilla
3050 1195 3430 1260 obscuritatis,
3486 1211 3664 1266 neque

2091 1285 2382 1353 perSpieua
2409 1285 2671 1340 omnibus
2703 1300 2765 1339 ea
2808 1285 3006 1348 facias,
3038 1287 3215 1342 donec
3265 1288 3664 1357 multiplicetur

2091 1374 2346 1439 scientia,
2382 1381 2437 1428 et
2477 1376 2769 1446 impleatur
2808 1377 2991 1431 omnis
3023 1385 3168 1432 terra
3197 1379 3513 1449 cognitione
3553 1377 3665 1439 Do-

2089 1467 2248 1531 mini,
2279 1469 2435 1534 quasi
2467 1481 2608 1535 aqua
2667 1469 2835 1520 multa
2882 1469 3096 1537 operiat
3129 1468 3333 1532 maria,
3363 1470 3666 1530 secundum

2091 1559 2439 1628 prophetiam
2471 1555 2516 1613 ί.
2553 1557 2650 1612 llis
2707 1559 2882 1628 signis
2929 1560 3129 1615 ablatis
3193 1560 3364 1615 divini
3425 1559 3667 1631 Spiritus

2092 1651 2291 1720 gratia,
2341 1657 2463 1718 post
2502 1650 2680 1704 nostri
2735 1649 3036 1707 Salvatoris
3070 1651 3390 1718 adventum,
3427 1653 3666 1712 obscura

2090 1739 2448 1796 credentibus
2480 1740 2770 1810 perspicua
2809 1739 2959 1794 fecit.
3002 1784 3008 1792 .

2161 1924 2328 1980 Vens.
2367 1926 2421 1989 5,
2453 1925 2506 1980 6.
2539 1943 2558 1977 ι
2603 1925 2669 1980 Et
2697 1925 2828 1992 vidi,
2859 1925 3061 2000 inquit,
3089 1942 3190 1998 ego
3213 1925 3425 1990 Daniel,
3453 1937 3507 1984 et
3535 1943 3665 1984 ecce

2089 2017 2198 2072 duo
2233 2017 2324 2072 alii
2390 2025 2684 2081 steterunt,
2737 2031 2882 2071 unus
2937 2017 3004 2072 ab
3052 2018 3154 2072 bac
3203 2027 3360 2088 parte
3400 2019 3662 2082 ﬂuminis,

2091 2111 2230 2163 alter
2270 2110 2338 2163 ab
2368 2110 2561 2163 altera.
2611 2107 2678 2161 Et
2727 2109 2991 2164 dixerunt
3039 2110 3157 2163 viro
3210 2109 3425 2186 1298
3471 2110 3665 2165 induto

2090 2207 2241 2253 veste
2285 2199 2533 2269 byssina,
2587 2198 2683 2268 qui
2749 2205 2869 2252 erat
2919 2213 3086 2268 super
3144 2213 3340 2268 aquam
3376 2198 3660 2254 ﬂumitti5°

2094 2288 2400 2358 Usquequo
2434 2287 2559 2341 ﬁnis
2584 2302 2798 2351 eorum,
2828 2302 2948 2357 quae
2970 2288 3182 2353 dixisti,
3214 2288 3572 2352 mirabilium,
3609 2300 3664 2343 et

2089 2382 2332 2449 expiatio
2365 2379 2606 2433 horum?
2643 2397 2662 2429 ι
2699 2377 2810 2458 Ego
2833 2380 2977 2433 enim
3038 2377 3259 2445 tacitus,
3298 2379 3500 2448 inquit,
3543 2388 3660 2434 sta-

2089 2471 2254 2533 bam,
2302 2485 2479 2540 neque
2527 2469 2874 2540 interrogare
2929 2469 3232 2536 audebam;
3266 2471 3361 2524 sed
3407 2471 3517 2525 duo
3569 2470 3660 2523 alii

2091 2561 2352 2629 utrinque
2387 2560 2524 2630 ripis
2556 2560 2706 2615 ﬂuvii
2753 2561 3102 2624 assistentes,
3134 2575 3258 2615 eum
3304 2561 3395 2630 qui
3442 2561 3662 2631 byssina

2088 2662 2241 2707 veste
2268 2653 2493 2708 indutus
2525 2662 2666 2718 erat,
2699 2660 2754 2707 et
2796 2653 2852 2707 in
2900 2668 3056 2722 aqua:
3086 2653 3382 2721 superficie
3424 2654 3663 2708 veheba-

2091 2753 2200 2808 tur,
2236 2744 2691 2813 interrogabant:
2723 2743 2976 2808 Quandiu
3023 2742 3303 2798 durabunt
3338 2743 3452 2798 haec
3497 2746 3661 2799 terri-

2089 2834 2221 2887 bilia
2245 2843 2300 2887 et
2331 2835 2585 2889 horroris
2612 2835 2771 2905 plena
2793 2834 2816 2887 ?
2837 2841 2891 2890 et
2918 2835 3140 2904 quando
3179 2835 3248 2889 ab
3271 2835 3359 2891 bis
3398 2835 3503 2890 erit
3531 2836 3665 2890 libe—

2091 2927 2235 2980 ratio
2256 2926 2279 2978 ?

2169 3015 2334 3072 Vsus.
2364 3017 2421 3070 7.
2461 3036 2480 3069 ι
2520 3016 2586 3074 Et
2620 3018 2806 3072 audivi
2843 3019 3027 3073 virum
3060 3017 3312 3073 indutum
3343 3027 3496 3075 veste
3533 3019 3664 3090 bys-

2091 3107 2234 3171 sina,
2268 3107 2364 3177 qui
2392 3117 2512 3161 erat
2544 3123 2716 3178 super
2756 3122 2954 3177 aquam
3014 3107 3282 3171 ﬂuminis,
3335 3115 3390 3163 et
3443 3111 3666 3166 suStulit

2089 3196 2376 3252 dexteram
2404 3213 2586 3263 suam,
2619 3207 2670 3252 et
2708 3199 2992 3254 sinistram
3019 3214 3177 3254 suam
3212 3214 3402 3255 versus
3438 3201 3662 3262 caelum,

2089 3297 2144 3343 et
2161 3289 2369 3354 iuravit
2398 3305 2494 3358 per
2524 3289 2796 3344 viventem
2835 3291 2887 3344 in
2935 3291 3159 3353 saecula,
3194 3288 3313 3344 fore
3349 3300 3407 3344 ut
3446 3291 3664 3360 (durent

2087 3382 2202 3452 illa)
2227 3383 2281 3436 in
2310 3391 2546 3464 tempus,
2572 3391 2626 3437 et
2651 3393 2921 3452 tempora,
2948 3392 3003 3438 et
3030 3383 3318 3438 dimidium
3341 3385 3658 3453 temporis.»

2085 3472 2224 3528 Hinc
2253 3486 2441 3543 aperte
2490 3474 2786 3530 didicimus
2814 3489 2939 3529 eum
2983 3476 3076 3545 qui
3139 3483 3271 3529 tunc
3334 3475 3663 3542 loquebatur

2084 3579 2195 3619 non
2251 3565 2434 3633 ipsum
2487 3563 2659 3620 fuisse
2712 3565 3027 3620 Dominum.
3087 3585 3106 3617 ι
3171 3565 3436 3621 Dominus
3479 3567 3660 3632 enim,

2083 3657 2348 3726 quoniam
2385 3657 2660 3710 neminem
2701 3657 2895 3712 habuit
2921 3659 3090 3712 alium
3118 3673 3214 3727 per
3262 3674 3423 3728 quem
3449 3657 3662 3726 jurart-t

2085 3748 2351 3817 majorem
2378 3786 2394 3811 ,
2453 3747 2598 3802 sicut
2637 3749 2714 3801 ait
2754 3748 2916 3804 divus
2954 3749 3272 3818 Apostolus,
3325 3765 3422 3818 per
3460 3760 3663 3804 semct-

2081 3837 2265 3908 ipsum
2288 3837 2520 3905 juravit,
2543 3839 2736 3894 dicens
2763 3858 2778 3894 :
2809 3840 2945 3894 Vivo
2968 3855 3092 3910 ego,
3117 3839 3252 3894 dicit
3277 3838 3542 3896 Dominus
3563 3842 3588 3881 ε
3639 3860 3657 3887 ι

2083 3929 2284 3985 Beatus
2316 3931 2445 3984 item
2481 3931 2661 3986 Moses
2699 3934 2880 4000 ipsum
2923 3932 3040 3986 haec
3078 3933 3349 3986 dicentem
3378 3932 3656 3986 ostendit:

2087 4039 2106 4072 ι
2128 4019 2348 4075 Levabo
2376 4022 2430 4074 in
2454 4023 2653 4076 C(Blllm
2682 4037 2903 4076 manum
2923 4037 3122 4086 meam,
3147 4033 3202 4075 et
3219 4022 3420 4089 jurabo
3437 4024 3658 4077 dextera

2080 4127 2221 4173 mea,
2253 4115 2269 4133 '
2305 4119 2360 4166 et
2389 4111 2567 4165 dicam
2602 4131 2615 4166 :
2672 4112 2810 4165 Vivo
2857 4128 2959 4182 ego
2994 4113 3048 4166 in
3097 4110 3436 4166 azternumh.
3490 4133 3506 4163 ι
3559 4113 3658 4170 llic

2079 4213 2258 4257 autem
2284 4219 2408 4257 cum
2441 4219 2585 4258 unus
2615 4212 2762 4258 esset
2795 4220 2861 4258 ex
2892 4205 2980 4268 iis,
3011 4205 3106 4273 qui
3151 4202 3384 4257 Domino
3419 4206 3652 4273 subjecti

384 4310 490 4362 την
515 4294 896 4365 διακειμένων,
920 4296 1153 4359 ἐξέτεινε
1187 4296 1286 4366 μὲν
1321 4298 1400 4358 είς
1424 4295 1515 4346 τὸν
1551 4295 1778 4365 οὐρανὸν
1806 4296 1974 4366 ἄμφω

2088 4303 2133 4348 et
2161 4294 2428 4349 benevolo
2460 4293 2646 4347 animo
2675 4309 2806 4364 erga
2839 4295 2994 4348 illum
3022 4293 3201 4348 aﬂ'ecti
3227 4304 3376 4358 sunt,
3410 4297 3656 4357 extendit

381 4385 458 4438 τὰ
496 4388 666 4456 χεῖρε,
719 4385 901 4455 ὤμοσε
953 4387 1009 4440 δὲ
1053 4389 1113 4438 ὲν
1164 4385 1240 4457 τῷ
1290 4385 1452 4448 ζῶντι
1505 4386 1588 4447 είς
1636 4384 1727 4438 τὸν
1779 4386 1969 4440 αἰῶνα.

2088 4401 2273 4440 versus
2299 4385 2500 4438 emtum
2533 4384 2726 4439 ambas
2768 4399 2988 4449 manus,
3019 4394 3072 4440 et
3099 4385 3313 4453 juravit
3345 4402 3440 4455 per
3462 4388 3654 4442 viven-

381 4478 592 4548 Χεῖρας
613 4477 668 4531 δὲ
695 4477 841 4546 λέγει
871 4478 1031 4531 αὐτὸν
1062 4478 1207 4548 ἔχειν
1237 4479 1265 4528 6
1295 4475 1493 4545 Δανιὴλ
1520 4475 1677 4529 τοῦτο
1704 4477 1973 4547 θεασάμε-

2088 4488 2188 4534 tem
2210 4479 2264 4532 in
2294 4485 2584 4532 aeternum.
2611 4476 2677 4530 Et
2703 4492 2900 4532 manus
2938 4477 3117 4547 ipsum
3153 4477 3356 4531 habere
3385 4478 3518 4532 dicit
3548 4477 3654 4530 Da-

383 4585 500 4630 νος.
562 4569 879 4639 ’Λσώματον
911 4571 957 4623 δ’
1003 4572 1154 4641 ὅμως
1207 4569 1364 4638 ἴσμεν
1421 4567 1530 4619 τῶν
1573 4569 1820 4636 ἀγγέλων
1871 4572 1970 4640 τὴν

2088 4570 2222 4633 niel,
2259 4569 2387 4638 quia
2438 4567 2513 4621 ita
2559 4567 2794 4622 viderat.
2856 4567 3122 4624 Novimus
3162 4578 3341 4623 tamen
3400 4571 3654 4639 corporis

384 4659 554 4727 φύσιν
576 4677 588 4690 ·
621 4661 1014 4731 σχηματίζουσι
1041 4661 1096 4713 δὲ
1126 4660 1226 4723 τὰς
1258 4659 1410 4729 ὄψεις
1437 4657 1573 4729 πρὸς
1610 4659 1671 4712 τὸ
1703 4662 1970 4731 χρήσιμον

2088 4669 2357 4730 expertem
2395 4673 2522 4714 esse
2567 4666 2826 4712 naturam
2863 4659 3208 4728 angelorum,
3264 4659 3358 4728 qui
3406 4658 3652 4714 visiones

381 4750 499 4804 τῶν
545 4750 830 4820 ὁρώντων·
878 4755 972 4806 καὶ
1022 4752 1284 4814 πολλάκις
1325 4750 1424 4820 μὲν
1458 4749 1806 4823 ἡμερώτερον
1842 4755 1970 4821 φαί-

2088 4751 2148 4804 ad
2187 4749 2490 4804 videntium
2522 4748 2815 4801 utilitatem
2848 4747 3106 4817 ﬁgurant,
3135 4756 3188 4803 et
3221 4763 3365 4817 saepe
3396 4763 3654 4806 mansue-

382 4855 590 4906 νονται,
624 4841 1026 4909 συγκατασάσει
1052 4841 1256 4894 πλείονι
1285 4837 1587 4910 χρώμενοι,
1625 4841 1882 4907 πολλάκις
1911 4845 1968 4898 δὲ

2088 4839 2248 4894 tiores
2285 4835 2502 4906 1299
2528 4845 2793 4906 apparent
2827 4852 2955 4892 sese
2981 4839 3478 4898 accommodantes.
3506 4853 3654 4906 saepe

383 4929 665 4999 φοϐερώτε
677 4950 765 5002 ρον
787 4975 801 4996 ,
835 4933 1284 5003 σπουδαιοτέρους
1323 4930 1446 4991 τοὺς
1475 4929 1717 5000 ὁρῶντας
1743 4934 1967 5003 ἐργαζό-

2088 4931 2241 4986 etiam
2273 4929 2664 4993 terribiliores,
2699 4945 2811 5000 quo
2837 4929 3223 5000 diligentiores
3263 4943 3362 4984 eos
3396 4929 3649 4993 reddant,

389 5035 559 5087 μενοι.
598 5039 614 5071 ι
653 5022 857 5092 Ὠμοσε
901 5024 1080 5077 τοίνυν
1108 5021 1266 5092 ἐντῷ
1309 5019 1469 5084 ζῶντι
1517 5021 1597 5082 εἰς
1635 5021 1725 5075 τὸν
1769 5025 1962 5093 αἰῶνα,

2088 5023 2274 5092 ritibus
2328 5021 2431 5090 ipsi
2491 5036 2551 5075 se
2603 5023 2920 5077 ostendunt.
2968 5039 2987 5072 ι
3051 5021 3266 5076 Juravit
3329 5023 3512 5091 itaque
3558 5035 3654 5088 per

380 5107 468 5160 ετι
522 5109 601 5172 είς
649 5112 866 5182 καιρὸν,
914 5113 1008 5166 καὶ
1051 5113 1296 5183 καιροὺς,
1335 5107 1430 5161 καὶ
1475 5107 1647 5178 ἥμισυ
1699 5113 1914 5184 καιροῦ.
1945 5135 1964 5167 ι

2088 5116 2351 5170 viventem
2381 5111 2436 5166 in
2463 5120 2751 5177 aeternum,
2785 5113 2902 5169 fore
2934 5124 2990 5169 ιιι
3024 5113 3246 5186 (durent
3276 5115 3390 5187 illa)
3424 5115 3477 5168 in
3515 5121 3652 5173 tem-

461 5274 485 5301 ο
517 5262 534 5317 Ι
568 5264 696 5320 Cor.
745 5281 831 5331 xv,
863 5267 950 5324 .il.
1037 5265 1056 5306 τ
1089 5266 1194 5322 lsa.
1227 5284 1301 5332 xt,
1335 5268 1389 5323 9.
1473 5281 1499 5315 ε
1534 5269 1700 5324 Hebr.
1738 5283 1811 5331 νι,
1855 5269 1940 5333 15,

2139 5272 2163 5310 h
2194 5269 2353 5326 Deut.
2389 5286 2559 5337 xxxii,
2587 5270 2677 5323 40.

1653 5421 1886 5476 VARI/P3
1923 5422 2329 5479 LECTIONES.

458 5510 505 5590 ἐξ
536 5528 587 5562 τ.
617 5512 1100 5590 ποτκΑΡυᾹμΧΧ
1143 5528 1329 5582 prtem.
1364 5511 1458 5564 τοῦ
1480 5513 1769 5590 χείλους.--
1797 5512 1842 5542 ⁸⁷
1875 5514 1985 5590 έντ.
2023 5515 2176 5590 Apud
2209 5515 2350 5590 LX}
2382 5531 2536 5584 sequ.
2567 5516 2661 5590 τοῦ
2680 5517 2896 5590 χείλους
2920 5517 3013 5590 τοῦ
3055 5519 3320 5590 ποταμοῦ.
3429 5521 3474 5551 δ’
3509 5520 3639 5576 nec.

380 5581 546 5635 lectio
584 5589 668 5654 est
693 5582 774 5654 Δτὰ
815 5580 1012 5651 βαδδίν.
1039 5586 1112 5638 Ita
1145 5580 1360 5654 quoque
1389 5580 1530 5635 vers.
1567 5583 1616 5635 7.
1701 5580 1770 5654 _"
1804 5582 1899 5654 καὶ
1915 5580 2256 5654 Α-ντόύτων,
2304 5585 2428 5640 Des.
2455 5580 2596 5654 apud
2629 5580 2769 5642 LXX
2803 5589 2931 5642 etin
2971 5588 3134 5644 llcbr.
3198 5580 3210 5590 ’
3239 5591 3282 5620 ⁸ο
3310 5591 3461 5640 ἑκατ.
3502 5590 3557 5643 In
3605 5593 3642 5643 lt

383 5657 516 5773 ἲῖίῗ
542 5668 591 5704 1:.
615 5649 736 5774 li510.
762 5649 989 5775 ιιέὸιιὶιιιι·
1112 5649 1282 5706 “'15:.
1321 5653 1361 5704 Β
1391 5667 1578 5720 prtem.
1619 5651 1730 5705 καί.
1829 5651 1872 5682 θ’
1914 5652 2133 5708 Βάλλου
2177 5657 2440 5726 μείζονος.
2477 5649 2582 5713 Sed
2618 5658 2778 5713 ἄλλου
2827 5658 2944 5715 des.
2995 5659 3028 5713 l.
3071 5675 3121 5713 c.
3192 5659 3239 5690 ⁸³
3271 5659 3377 5722 Ζῶ,
3415 5675 3538 5716 κ.τ.
3584 5662 3634 5718 λ.

462 5736 582 5782 ter,
639 5735 732 5791 ._c.
811 5739 862 5791 ς.
