4092 6402
510 299 531 364 l
543 304 650 368 539

1487 308 1976 370 THEODORETI
2005 311 2346 373 EPISCOPI
2373 315 2739 381 CYRENSIS

3619 329 3764 404 1540
3832 278 3833 281 Ἰ

505 432 629 486 pus,
657 423 714 471 et
748 391 1029 487 tempora,
1065 424 1120 471 et
1152 415 1442 471 dimidium
1493 419 1781 488 temporis.
1827 437 1847 472 ι
1889 417 2060 490 Signi-

2176 423 2440 494 Σημαίνει
2483 428 2541 482 δὲ
2577 430 2704 500 τρία
2737 430 2830 485 καὶ
2857 432 3030 504 ἣμισυ
3059 432 3176 506 ἐτη.
3220 432 3391 490 Τοῦτο
3419 435 3478 492 δὲ
3525 391 3759 495 καὶ-επῖ

506 510 633 561 tit-at
673 515 856 561 autem
891 518 1205 562 tres-annos
1227 521 1353 561 cum
1382 506 1632 562 dimidio.
1669 506 1786 563 Hoc
1819 509 1964 566 idem
2005 509 2074 566 de

503 609 678 650 cornu
704 611 828 651 eum
860 595 1069 650 sanctis
1099 594 1302 650 bellum
1347 603 1588 665 gerente,
1634 595 1782 666 quod
1813 596 1948 666 post
1977 597 2075 652 de-

502 701 625 740 cem
659 698 867 739 cornua
897 685 1188 752 pullulabit
1234 684 1385 739 circa
1419 682 1651 740 Romani
1683 687 1837 757 regni
1867 686 2028 741 ﬁnem
2057 729 2073 753 ,

503 784 730 832 sanctus
749 775 967 832 Gabriel
999 773 1159 830 dixit.
1191 775 1328 830 Cum
1363 777 1510 830 enim
1545 777 1780 833 dixisset
1810 797 1823 832 :
1863 796 1882 830 ι
1937 775 2076 833 Tres

501 883 655 937 reges
689 865 1020 929 humiliabit,
1049 873 1105 920 et
1153 881 1438 922 sermones
1489 875 1688 922 contra
1723 868 2071 924 Altissimum

499 961 778 1027 loquetur,
799 965 854 1012 et
874 965 1101 1011 sanctos
1123 957 1392 1012 Altissimi
1415 966 1760 1014 veterascere
1784 958 1947 1014 faciet
1974 961 2018 1022 ί,
2048 977 2070 1012 ο

498 1048 735 1117 adjecit:
782 1065 803 1098 ι
867 1045 934 1099 Et
961 1045 1186 1101 dabitur
1232 1048 1288 1102 in
1325 1063 1548 1103 manum
1601 1049 1723 1119 ejus
1787 1066 1962 1120 usque
2004 1051 2072 1106 ad

499 1147 738 1207 tempus,
766 1144 824 1192 et
860 1143 1131 1206 tempora,
1161 1146 1215 1191 et
1241 1136 1530 1192 dimidium
1557 1141 1841 1210 temporis.
1884 1159 1904 1192 ι
1936 1139 2073 1197 Tres

495 1238 680 1285 autem
712 1230 769 1283 bi
806 1228 934 1283 anni
959 1244 1088 1284 cum
1132 1229 1382 1285 dimidio.
1419 1230 1643 1300 Tempus
1680 1232 1826 1286 enim
1862 1247 2068 1288 annum

497 1321 815 1392 appellavit,
846 1321 996 1390 quod
1028 1337 1095 1375 ex
1128 1322 1217 1387 iis,
1252 1336 1376 1391 qua:
1414 1331 1746 1392 sequuntur,
1791 1325 2072 1380 discemus

498 1412 785 1482 apertius:
824 1430 844 1462 ι
883 1410 1024 1476 Quia
1054 1411 1318 1482 (durabit)
1344 1413 1402 1466 in
1454 1419 1692 1482 tempus,
1753 1415 1966 1484 inquit,
2014 1425 2071 1470 et

497 1509 771 1572 tempora,
807 1509 862 1557 et
891 1501 1180 1556 dimidium
1225 1503 1513 1572 temporis.
1557 1504 1845 1573 Completa
1896 1506 2067 1561 dissi-

498 1593 722 1662 patione
767 1591 952 1662 populi
990 1590 1341 1657 sanctiﬁcati,
1396 1603 1736 1663 cognoscent
1779 1604 2066 1662 sanctum,

495 1691 551 1736 et
604 1680 957 1750 perﬁcientur
1001 1679 1184 1734 omnia
1240 1679 1378 1734 hac.
1435 1698 1454 1732 ι
1522 1680 1741 1736 Etenim
1802 1698 1900 1752 per
1955 1693 2066 1739 tres

2173 512 2270 566 τοῦ
2297 516 2525 586 κέρατος
2549 519 2642 572 τοῦ
2671 521 2954 588 ποιοῦντος
2985 525 3222 594 πόλεμον
3251 526 3527 596 μετὰτῶν
3561 524 3753 598 ἁγίων,

2174 603 2204 655 ὃ
2231 605 2370 673 μετά
2398 609 2470 660 τὰ
2508 609 2642 663 δέκα
2691 611 2985 686 βλαστήσει
3023 616 3230 687 κέρατα
3263 619 3322 670 ὲν
3360 616 3441 687 τῷ
3471 618 3613 672 τέλει
3651 621 3754 690 τῆς

2185 697 2502 768 Ῥωμαῖκῆς
2523 701 2821 770 βασιλείας,
2851 708 2880 759 6
2905 707 3059 774 ἅγιος
3082 706 3184 778 ἔφη
3211 707 3475 778 Γαϐριήλ.
3499 709 3755 781 Είρηκὼς

2173 786 2283 867 γάρ
2302 802 2316 817 °
2345 805 2364 838 ι
2407 788 2570 859 Τρεῖς
2601 790 2840 860 βασιλεῖς
2867 792 3215 857 ταπεινώσει,
3248 795 3343 846 καὶ
3384 793 3574 862 λόγους
3613 795 3754 867 πρὸς

2171 861 2264 928 τὸν
2313 876 2573 946 Ὕψιστον
2622 881 2867 953 λαλήσει,
2921 884 3017 938 καὶ
3067 883 3194 947 τοὺς
3247 861 3467 952 ἀγίουςί
3495 861 3750 954 Ὑψίστου

2174 965 2475 1022 παλαιὼσει
2501 984 2515 998 ⁶
2553 989 2573 1022 ι
2624 972 2909 1044 ἐπήγαγε·
2965 991 2986 1026 ι
3026 975 3138 1028 Καὶ
3173 974 3462 1045 δοθήσεται
3500 977 3562 1031 ἐν
3605 979 3750 1050 χειρὶ

2172 1057 2338 1111 αὑτοῦ
2367 1059 2471 1124 ἕως
2491 1062 2708 1134 καιροῦ,
2735 1066 2831 1120 καὶ
2853 1065 3081 1137 καιρῶν,
3104 1066 3199 1120 καὶ
3224 1066 3395 1136 ἥμισυ
3417 1068 3464 1100 ⁸⁸
3493 1069 3744 1141 καιροῦω

2174 1147 2312 1218 Τρία
2340 1150 2397 1203 δὲ
2413 1151 2588 1206 ταῦτα
2617 1155 2711 1207 καὶ
2741 1157 2912 1226 ἥμισυ
2929 1156 3050 1226 ἔτη.
3076 1156 3184 1210 Τὸν
3205 1157 3416 1225 καιρὸν
3437 1158 3547 1232 γὰρ
3575 1161 3754 1213 ἐνιαυ-

2172 1237 2262 1291 τὸν
2277 1239 2324 1271 ⁸³
2375 1244 2808 1314 προσηγόρευσε,
2839 1247 3116 1300 καὶτοῦτο
3156 1248 3221 1300 ἐκ
3267 1247 3376 1301 τῶν
3405 1250 3542 1319 μετὰ
3575 1249 3753 1304 ταῦτα

2174 1330 2504 1400 σαφέστερον
2549 1333 2945 1405 μαθησόμεθαο
3000 1354 3019 1387 ι
3062 1337 3186 1390 Ὅτι
3221 1338 3302 1400 είς
3337 1339 3546 1410 καιρὸν,
3591 1342 3748 1411 φησι,

2171 1421 2267 1476 καὶ
2294 1425 2539 1494 καιροὺς,
2572 1426 2668 1478 καὶ
2700 1427 2874 1495 ἥμισυ
2902 1429 3119 1500 καιροῦ.
3162 1429 3250 1483 Ἐν
3282 1429 3361 1500 τῷ
3393 1431 3754 1503 συντελεσθῆ-

2171 1530 2260 1565 ναι
2301 1513 2734 1587 διασκορπισμὸν
2785 1517 2914 1572 λαοῦ
2943 1520 2988 1550 ⁸⁸⁸
3044 1521 3385 1592 ήγιασμίνου
3445 1523 3753 1591 γνώσονται

2170 1604 2342 1673 ἀγιον,
2382 1607 2476 1661 καὶ
2501 1607 3018 1680 συντελεσθήσονται
3048 1612 3222 1666 ταῦτα
3251 1614 3430 1668 πάντα
3451 1616 3516 1668 ⁸⁷.
3558 1634 3577 1666 ι
3607 1615 3750 1686 Τρία

2170 1695 2300 1765 γὰρ,
2338 1697 2493 1768 φησὶ,
2527 1699 2625 1753 καὶ
2661 1699 2834 1771 ἥμισυ
2868 1701 2964 1773 ἔτη
3010 1705 3040 1757 6
3084 1703 3180 1757 τοῦ
3235 1706 3567 1776 ἠγιασμένου
3616 1707 3750 1764 λαοῦ

412 1815 416 1820 .
496 1784 673 1824 annos
715 1782 840 1822 cum
900 1767 1131 1821 dimidio
1189 1766 1413 1822 durabit
1473 1771 1807 1826 sanctiﬁcati
1876 1774 2060 1842 populi

2173 1766 2438 1857 κρατήσει
2488 1766 2964 1860 διασκορπισμὺς,
3007 1793 3103 1848 καὶ
3165 1766 3747 1867 συν-τελεσθήσονταιω

493 1858 783 1928 dispersio,
812 1862 868 1911 et
892 1855 1248 1926 perilcientur
1303 1856 1420 1910 hac
1468 1857 1675 1913 omnia.
1727 1856 1935 1913 Deinde
1971 1874 2065 1912 co-

492 1955 740 2018 gnoscent
791 1955 1056 2000 sanctum.
1094 1945 1268 2000 Eliam
1318 1945 1410 2001 hic
1454 1946 1682 2001 innuit:
1746 1962 1874 2002 nam
1919 1949 2068 2002 circa

493 2038 655 2092 ﬁnem
687 2037 838 2091 illius
871 2035 1119 2106 imperii,
1143 2049 1268 2090 cum
1297 2034 1615 2105 apparuerit
1638 2051 1869 2108 magnus
1892 2035 2064 2103 Elias,

493 2128 794 2184 secundum
848 2126 1154 2181 Salvatoris
1198 2127 1378 2180 nostri
1434 2127 1828 2196 praenuntiabit
1863 2127 2067 2184 adven-

493 2227 632 2273 tum.
674 2216 773 2273 llis
799 2216 1030 2285 subjicit
1058 2217 1256 2272 beatus
1294 2215 1522 2272 Daniel:

563 2313 731 2369 Vens.
772 2313 827 2366 8.
862 2330 880 2363 ι
921 2311 986 2365 Ει
1012 2327 1112 2381 ego
1141 2310 1350 2373 audivi,
1404 2317 1460 2364 et
1511 2323 1622 2365 non
1682 2309 1949 2374 intellexi,
2007 2317 2065 2366 et

491 2406 630 2470 dixi,
667 2404 915 2466 Domine,
949 2404 1083 2473 quid
1111 2411 1356 2458 extrema
1387 2401 1631 2456 horum?
1667 2419 1686 2454 ι
1723 2399 1844 2455 Νοη
1899 2401 2063 2456 intel-

491 2500 686 2568 ligens,
717 2497 913 2567 inquit,
943 2496 995 2550 id
1029 2495 1174 2564 quod
1200 2494 1409 2549 dictum
1453 2491 1631 2547 fuerat
1672 2491 1741 2548 de
1793 2500 2058 2561 tempore,

491 2591 836 2658 interrogare
865 2595 1092 2642 coactus
1125 2586 1229 2652 fni,
1269 2584 1517 2654 apertius
1556 2584 1770 2638 discere
1793 2583 2058 2653 cupiens:

489 2681 868 2738 desiderabam
897 2679 1069 2742 enim,
1102 2694 1225 2748 quae
1257 2675 1522 2746 deinceps
1569 2683 1942 2731 consecutura
1973 2690 2062 2731 es-

487 2783 632 2839 sent,
654 2771 921 2826 ediscere.
955 2769 1049 2824 llle
1089 2777 1270 2823 autem

558 2884 727 2941 Vens.
769 2884 824 2948 9,
855 2884 942 2940 10.
977 2903 995 2935 ε
1021 2881 1166 2936 Dixit
1192 2880 1404 2952 1300
1436 2878 1612 2934 mibi:
1655 2877 1814 2946 Veni,
1849 2877 2057 2946 Daniel,

485 2979 615 3048 quia
641 2976 811 3032 clausi
845 2983 900 3030 et
933 2973 1130 3044 signati
1169 2986 1452 3028 sermones
1482 2985 1656 3040 usque
1687 2970 1756 3025 ad
1787 2972 2059 3040 temporis

2168 1874 2341 1929 ταῦτα
2373 1877 2571 1932 πάντα.
2605 1874 2742 1932 Εἶτα
2776 1880 3111 1950 γνώσονται
3143 1884 3251 1937 τὸν
3278 1884 3467 1954 ἅγιον.
3502 1885 3607 1938 Τὸν
3643 1886 3747 1955 μὲ-

2168 1983 2271 2035 γαν
2303 1966 2488 2020 Ἠλίαν
2533 1968 2772 2022 ἐνταῦθα
2813 1971 3110 2026 αἰνίττεται
3134 1990 3148 2004 ·
3197 1976 3327 2046 περὶ
3361 1977 3469 2046 γὰρ
3514 1976 3582 2029 τὰ
3614 1978 3747 2049 τέλη

2165 2057 2266 2128 τῆς
2310 2058 2523 2114 ἐκείνου
2563 2059 2885 2127 δυναστείας
2935 2064 3232 2134 ἀναφανεὶς
3261 2070 3289 2120 6
3321 2067 3494 2137 μέγας
3534 2069 3746 2136 Ἠλίας,

2165 2147 2262 2218 τὴν
2289 2147 2545 2220 δευτέραν
2574 2150 2670 2204 τοῦ
2695 2152 2944 2223 Σωτῆρος
2967 2151 3128 2225 ἡμῶν
3167 2157 3495 2224 ἐπιφάνειαν
3532 2177 3751 2231 προκη-

2167 2239 2340 2308 ρύξει.
2394 2240 2617 2303 Τούτοις
2648 2241 2842 2310 ἐπάγει
2867 2244 2896 2296 6
2930 2245 3201 2315 μακάριος
3237 2249 3454 2318 Δανιήλ’

2233 2336 2304 2403 η’.
2337 2347 2357 2382 ι
2395 2330 2506 2386 Καὶ
2530 2331 2641 2400 ἐγὼ
2669 2333 2900 2404 ηκουσα,
2936 2335 3032 2389 καὶ
3069 2338 3129 2390 οὐ
3165 2338 3395 2409 συνῆκα,
3429 2339 3525 2392 καὶ
3554 2333 3744 2394 εἵπονο

2164 2420 2358 2492 Κύριε,
2393 2421 2444 2474 τί
2487 2422 2558 2476 τὰ
2587 2422 2794 2493 ἔσχατα
2824 2424 3067 2493 τούτων;
3117 2444 3138 2479 ι
3191 2429 3285 2498 Μὴ
3316 2430 3539 2495 συνιεὶς,
3582 2433 3744 2501 φησὶ,

2161 2512 2224 2565 τὺ
2244 2510 2534 2582 εἰρημένον
2572 2514 2701 2583 περὶ⁵
2729 2514 2822 2568 τοῦ
2854 2515 3068 2585 χρόνου,
3098 2517 3454 2592 ἠναγκάσθην
3496 2521 3745 2596 ἔρεσθαι,

2164 2601 2494 2672 σαφέστερον
2542 2601 2732 2672 μαθεῖν
2771 2605 3091 2675 ἐφιέμενοςο
3142 2606 3373 2660 ἐπόθουν
3419 2609 3478 2662 δὲ
3527 2610 3622 2663 καὶ
3673 2611 3746 2664 τὰ

2167 2692 2310 2762 μετά
2337 2691 2512 2745 ταῦτα
2541 2693 2779 2765 ἐσόμενα
2807 2694 3123 2768 διδαχθῆναι
3146 2695 3214 2751 ⁶⁹.
3259 2698 3318 2751 '0
3342 2697 3400 2751 δὲ

2233 2870 2300 2935 θ’,
2348 2873 2399 2926 ι’.
2446 2889 2465 2922 ι
2504 2871 2649 2941 Ἔφη
2687 2871 2824 2943 πρός
2865 2889 2967 2943 με·
3006 2873 3215 2947 Δεῦρο,
3261 2876 3482 2948 Δανιὴλ,
3518 2879 3602 2932 ὅτι
3640 2880 3742 2952 ἑμ-

2163 2961 2542 3032 πεφραγμένοι
2571 2961 2666 3014 καὶ
2701 2962 3127 3033 ἐσφραγισμένοι
3155 2965 3206 3016 οἱ
3240 2963 3388 3034 λόγοι
3411 2965 3517 3030 ἕως
3543 2968 3738 3039 καιροῦ

489 3073 673 3124 tinem.
734 3066 920 3120 Donec
967 3065 1267 3134 eligantur,
1318 3069 1374 3116 et
1422 3060 1771 3124 dealbentur,
1836 3067 1890 3114 et
1936 3074 2060 3129 pro-

2163 3053 2396 3122 πέρατος
2415 3052 2482 3107 ⁷ο.
2521 3052 2668 3115 Ἕως
2700 3053 2986 3120 ὲκλεγῶσι,
3017 3055 3113 3108 καὶ
3151 3056 3555 3112 ὲκλευκανθῶσι
3575 3100 3592 3124 ,
3640 3061 3737 3115 καὶ

487 3164 688 3216 bentur
722 3158 902 3223 multi,
935 3163 990 3211 et
1018 3155 1208 3224 inique
1236 3159 1401 3223 agent
1425 3150 1624 3220 iniqui,
1657 3157 1712 3204 et
1741 3165 1850 3204 non
1889 3149 2055 3205 intel-

485 3252 656 3320 ligent
676 3262 867 3302 omnes
893 3244 1072 3316 impii,
1107 3241 1476 3310 intelligentes
1507 3239 1842 3309 intelligent.
1883 3259 1900 3291 ι
1937 3238 2055 3294 Non

483 3343 604 3396 sine
645 3353 834 3399 causa,
869 3335 1070 3406 inquit,
1121 3333 1239 3387 haec
1275 3330 1570 3386 obscurius
1603 3329 1750 3392 dixi,
1785 3338 1840 3384 et
1888 3330 2056 3385 veluti

482 3434 662 3503 sigilla
692 3431 877 3486 verbis
915 3426 1313 3484 obscuritatem
1353 3421 1611 3492 imposui.
1667 3420 1857 3492 Neque
1907 3422 2055 3476 enim

483 3537 687 3580 temere
717 3521 977 3576 omnibus
1025 3515 1209 3572 divina
1259 3524 1388 3569 sunt
1421 3513 1776 3584 proponenda
1797 3553 1812 3580 ,
1845 3512 1940 3567 sed
1974 3512 2059 3566 in-

482 3617 791 3685 telligentes
851 3625 950 3680 per
989 3607 1383 3677 cognitionem,
1435 3604 1728 3674 quaeipsis
1790 3603 2057 3658 divinitus

481 3701 1021 3765 subministrabitur,
1054 3698 1392 3767 intelligent;
1428 3696 1603 3764 iniqui
1639 3710 1771 3749 vero
1803 3703 1859 3750 et
1902 3695 2056 3762 impii

481 3796 618 3852 nihil
644 3808 834 3850 eorum
864 3807 985 3862 quae
1006 3790 1509 3858 insutit,lpntcrunt
1544 3786 1853 3856 intelligere
1879 3803 1892 3839 :
1915 3788 1931 3806 ‘
1962 3786 2054 3840 ubi

481 3897 661 3943 autem
695 3902 782 3941 res
835 3883 1142 3947 evenerint,
1211 3890 1400 3950 aperte
1437 3879 1766 3950 percipient,
1816 3893 1941 3948 quae
1987 3878 2056 3934 de

479 3982 564 4034 liis
601 3978 860 4049 praedicta
894 3975 1119 4030 fuerint.
1150 3973 1306 4027 Tunc
1345 3972 1511 4025 etiam
1556 3970 1967 4040 separabuntur
2020 3983 2051 4024 a

471 4074 668 4142 justis,
695 4070 787 4140 qui
836 4075 1142 4137 operantur
1193 4064 1544 4134 iniquitatem
1573 4059 1621 4116 i:
1655 4063 1843 4116 omnia
1907 4062 2052 4116 enim

478 4162 793 4218 incendium
844 4157 1129 4228 probabit.
1179 4154 1290 4208 lloc
1338 4155 1536 4209 beatus
1581 4168 1802 4223 quoque
1845 4151 2052 4207 Paulus

475 4255 738 4311 tradidit:
814 4269 832 4301 ε
906 4247 1354 4316 Uniuscujusque
1402 4245 1546 4299 enim
1593 4259 1772 4314 opus,
1837 4243 2048 4314 inquit,

473 4344 826 4402 manifestum
879 4342 1005 4404 erit,
1047 4340 1166 4395 dies
1217 4339 1364 4392 enim
1411 4337 1738 4402 declarabit,
1798 4337 1927 4405 quia
1993 4336 2049 4389 in

2162 3142 2490 3213 πυρωθῶσιν
2523 3144 2574 3195 οἱ
2607 3141 2813 3206 πολλοὶ,
2844 3142 2938 3198 καὶ
2964 3145 3331 3216 ἀνομήσουσιν
3363 3149 3414 3202 οι
3437 3150 3480 3181 τί
3519 3149 3732 3221 ἄνομοι,

2159 3237 2256 3288 καὶ
2303 3235 2364 3288 οὐ
2401 3235 2694 3305 συνήσουσι
2742 3236 2943 3300 πάντες
2975 3238 3214 3302 ἀσεϐεῖς,
3245 3241 3340 3294 καὶ⁵
3377 3242 3428 3294 ol
3473 3244 3733 3313 νοήμονες

2159 3328 2460 3396 νοήσουσιν.
2497 3345 2514 3377 ι
2549 3327 2624 3380 Οὐ
2661 3329 2860 3399 μάτην,
2894 3329 3078 3399 φησὶν,
3115 3332 3462 3402 ἀσαφέστερα
3485 3336 3530 3373 τ’
3558 3335 3733 3389 ταῦτα

2159 3420 2376 3488 εἴρηκα,
2408 3419 2502 3472 καὶ
2539 3419 2706 3473 οἱονεὶ
2747 3421 3051 3492 σφραγίδας
3083 3424 3194 3486 τοῖς
3239 3423 3417 3493 λόγοις
3461 3426 3558 3496 τὴν
3599 3428 3734 3482 ἀσά-

2160 3527 2318 3578 φειαν
2344 3509 2611 3580 ἐπέθηκα.
2642 3511 2777 3564 Οὐδὲ
2803 3511 2912 3583 γὰρ
2938 3512 3020 3566 δεῖ
3056 3514 3222 3566 πᾶσιν
3257 3516 3443 3580 ἁπλῶς
3473 3523 3728 3589 προσκεῖ-

2162 3600 2284 3655 σθαι
2308 3601 2355 3633 ⁷⁸
2379 3601 2447 3654 τὰ
2478 3600 2619 3666 θεῖα,
2652 3601 2767 3655 ἀλλ’
2796 3604 2843 3656 οἱ
2873 3603 2971 3674 μὲν
3003 3604 3265 3676 νοήμονες
3293 3606 3381 3661 διὰ
3404 3609 3502 3677 τῆς
3529 3610 3734 3664 ἄνωθεν

2158 3693 2341 3756 αὐτοῖς
2389 3693 2808 3763 χορηγουμένης
2855 3694 3113 3763 γνώσεως
3154 3701 3517 3770 ,συνήσουσιν
3571 3703 3623 3756 oi
3675 3703 3734 3758 δὶ

2158 3783 2357 3854 ἀνομίᾳ
2391 3783 2482 3836 καὶ
2515 3783 2800 3855 δυσσεϐείᾳ
2828 3783 3119 3849 συζῶντες,
3154 3789 3305 3842 οὐδὲν
3340 3789 3449 3843 τῶν
3477 3792 3733 3863 ἐγκειμέ-

2157 3892 2262 3928 νων
2294 3875 2485 3945 νοῆσαι
2513 3875 2868 3945 δυνήσονται·
2905 3877 3034 3930 ὅταν
3066 3877 3122 3930 δὲ
3149 3878 3278 3951 ἔλθῃ
3304 3881 3372 3933 τὰ
3407 3882 3730 3953 πράγματα,

2158 3965 2344 4034 σαφῶς
2389 3967 2485 4029 τὰς
2533 3967 2662 4038 περὶ
2711 3967 2918 4020 τούτων
2973 3967 3310 4039 μαθήσονται
3371 3966 3727 4043 προφητείας.
3821 3969 3824 3972 ’

2157 4057 2291 4110 Τότε
2335 4055 2430 4108 καὶ
2459 4055 2921 4126 ἀποκριθήσονται
2960 4055 3068 4108 τῶν
3100 4057 3323 4115 δικαίων
3351 4060 3400 4112 oi
3433 4059 3533 4130 τῆς
3566 4078 3731 4132 πονη-

2157 4148 2278 4219 ρίας
2320 4147 2583 4217 ὲργάταιυ
2641 4147 2819 4202 πάντα
2875 4145 2986 4218 γὰρ
3034 4149 3067 4218 ἡ
3117 4149 3364 4220 πύρωσις
3419 4151 3727 4221 δοκιμάσει.

2154 4237 2325 4291 Τοῦτο
2373 4238 2468 4291 ita}.
2513 4237 2542 4289 6
2587 4238 2856 4308 μακάριος
2898 4239 3003 4310 ἔφη
3052 4239 3261 4304 Παῦλος
3283 4241 3360 4274 ’δ’
3402 4259 3422 4293 ι
3465 4242 3730 4299 Ἐκάστου

2153 4331 2284 4402 γὰρ,
2305 4331 2459 4402 φησὶ,
2491 4331 2552 4383 τὸ
2577 4333 2736 4402 ἔργον
2755 4333 2990 4403 φανερὴν
3012 4333 3326 4404 γενήσεταιο
3353 4335 3386 4403 ἠ
3415 4334 3524 4405 γὰρ
3543 4335 3729 4406 ἡμέρα

472 4441 599 4510 igne
629 4433 991 4494 revelabitur,
1024 4439 1078 4484 et
1110 4427 1553 4496 uniuscujusque
1582 4441 1722 4495 opus
1752 4425 1915 4494 quale
1953 4425 2045 4490 sit,

2163 4423 2404 4495 δηλώσει,
2457 4425 2539 4477 ὅτι
2571 4426 2630 4476 ὲν
2666 4426 2802 4495 πυρὶ
2845 4425 3322 4492 ἀποκαλύπτεται,
3373 4427 3468 4480 καὶ
3497 4426 3730 4482 ἑκάστου

472 4529 616 4600 ignis
650 4523 974 4596 probabitk.
1016 4541 1033 4571 ι
1076 4519 1292 4573 Rursus
1332 4533 1441 4570 non
1495 4526 1751 4587 oportere
1793 4514 2048 4568 omnibus

473 4631 680 4675 temere
703 4617 891 4671 divina
921 4626 1250 4683 proponere,
1282 4607 1548 4662 Dominus
1582 4606 1638 4660 in
1666 4605 1842 4660 sacris
1867 4605 2048 4658 Evan-

470 4710 628 4782 geliis
664 4709 780 4761 ait:
827 4723 845 4754 ι
895 4703 1076 4756 Nolite
1119 4702 1250 4755 dare
1295 4705 1549 4753 sanctum
1583 4697 1840 4782 canibus,
1869 4710 2048 4762 neque

468 4781 778 4870 projiciatis
801 4791 1130 4860 margaritas
1161 4799 1375 4843 vestras
1415 4794 1545 4839 ante
1595 4798 1792 4852 porcos
1819 4781 1862 4837 ι.
1904 4803 1924 4837 ι
1981 4785 2046 4837 Et

469 4890 688 4942 beatum
727 4881 1028 4942 Danielem,
1063 4887 1316 4933 sanctum
1345 4883 1399 4929 et
1446 4874 1584 4928 bene
1617 4872 1943 4938 sentientem
1977 4874 2047 4946 dp

471 4992 572 5030 suo
611 4973 848 5028 Domino
878 4969 1169 5034 famulum,
1208 4973 1438 5023 sanctus
1474 4963 1704 5032 angelus
1735 4962 1896 5018 docet
1934 4965 2044 5019 An-

467 5066 702 5122 tichristi
729 5060 1038 5136 tyrannidis
1063 5069 1306 5130 tempus.

2153 4515 2214 4568 τὸ
2238 4515 2396 4587 ἔργον
2434 4516 2617 4569 ὁποῖόν
2661 4516 2778 4568 ἐστι
2819 4515 2880 4569 τὸ
2923 4515 3035 4587 πῦρ
3065 4516 3370 4587 δοκιμάσει.
3414 4536 3432 4568 ι
3474 4517 3642 4572 Πάλιν
3671 4517 3728 4572 δὲ

2153 4607 2281 4674 περὶ
2305 4605 2401 4658 τοῦ
2433 4605 2507 4676 μὴ
2538 4605 2647 4658 δεῖν
2678 4604 2882 4659 ἅπασιν
2912 4605 3099 4670 ἁπλῶς
3132 4606 3446 4677 προτιθέναι
3477 4607 3545 4661 τὰ
3587 4607 3726 4675 θεῖα,

2151 4696 2179 4747 ὁ
2203 4695 2406 4766 Κύριος
2435 4698 2491 4748 ὲν
2533 4699 2647 4758 τοῖς
2681 4697 2844 4767 ἱεροῖς
2873 4697 2918 4728 ⁷⁸
2962 4697 3318 4766 Εὑαγγελίοις
3353 4698 3522 4768 φησί·
3581 4717 3600 4750 ι
3633 4699 3728 4768 Μὴ

2152 4785 2288 4838 δῶτε
2336 4788 2404 4838 τὰ
2453 4786 2651 4854 ἆγια⁷⁶
2692 4789 2804 4850 τοῖς
2849 4787 2997 4853 κυσὶ,
3051 4789 3186 4859 μηδὲ
3223 4789 3346 4851 τοὺς
3386 4790 3731 4861 μαργαρίτας

2153 4877 2308 4947 ὑμῶν
2341 4877 2532 4948 ρίψητε
2556 4879 2598 4909 ⁷⁷
2626 4878 2935 4948 ἔμπροσθεν
2963 4879 3072 4932 τῶν
3105 4880 3322 4952 χοίρων.
3357 4898 3377 4932 ›
3408 4880 3512 4933 Τὸν
3531 4881 3588 4934 δὲ
3620 4899 3730 4950 μα-

2151 4968 2340 5038 κάριον
2371 4967 2566 5037 Δανιὴλ
2593 4967 2747 5036 ἅγιον
2787 4970 2937 5034 ὄντα,
2985 4971 3079 5024 καὶ
3107 4969 3295 5023 εὖνουν
3329 4969 3424 5022 τοῦ
3454 4972 3729 5023 Δεσπότου

2152 5056 2481 5128 θεράποντα,
2516 5060 2542 5111 6
2575 5058 2717 5121 θεῖος
2747 5058 2976 5128 ἄγγελος
3009 5060 3250 5114 διδάσκει
3280 5059 3379 5131 τῆς
3409 5059 3505 5120 τοῦ
3548 5060 3725 5117 Ἀντιι

2149 5149 2374 5220 χρίστου
2405 5149 2716 5220 τυραννίδος
2750 5150 2842 5204 τὸν
2875 5151 3086 5221 χρόνον,
3123 5152 3219 5205 καί
3258 5169 3424 5222 φησιν
3447 5166 3460 5181 ³

545 5299 556 5335 i
601 5295 732 5348 Dan.
766 5309 861 5355 vn,
890 5291 982 5356 Ἡ,
1009 5291 1099 5346 '25.
1185 5288 1198 5339 l
1249 5289 1394 5345 νέοι.
1433 5305 1541 5359 κει,
1568 5289 1652 5344 l0.
1738 5288 1802 5343 ιιΙ
1834 5290 1962 5345 Cor.
2002 5306 2060 5344 ιιι

2163 5292 2216 5346 5.
2295 5290 2310 5324 ¹
2344 5291 2534 5349 Matth.
2571 5309 2667 5360 vn,
2703 5291 2759 5348 6.

1737 5425 1973 5479 VARl/E
2013 5426 2304 5483 LECTION
2315 5428 2412 5481 ES.

533 5523 578 5552 5"
615 5522 655 5573 Β
696 5520 949 5590 ἡμίσους..
1025 5517 1068 5549 ⁸³
1125 5517 1163 5571 Β
1195 5516 1424 5590 τὸιίγᾲρ
1449 5517 1690 5590 ἐνιαυτὸν
1722 5515 1950 5590 καιρόν.

463 5584 570 5645 “ll
625 5584 1121 5656 συντελεσθήσεται.
1201 5587 1244 5618 ⁶⁹
1276 5585 1315 5640 Β
1351 5584 1641 5656 δειχθῆναι.
1720 5588 1765 5616 ⁷ο

2029 5518 2073 5547 “
2093 5517 2224 5570 λαοῦ
2256 5549 2323 5561 --
2354 5521 2530 5574 πάντα
2580 5521 2752 5575 Aliter
2805 5522 2854 5574 οἱ
2897 5521 3059 5579 LXX.
3137 5526 3180 5557 "
3221 5524 3262 5578 Β
3302 5527 3481 5582 πάντα
3526 5530 3724 5585 ταῦτα.

1835 5585 1962 5661 Nec.
1993 5587 2296 5661 “lectiqest
2343 5592 2514 5661 πέρας

2622 5592 2664 5626 τ¹
2704 5593 2798 5664 οἰκ
2829 5591 2949 5664 Des.
3007 5594 3058 5646 in
3110 5595 3169 5649 Β.
3265 5598 3309 5629 ⁷³
3346 5597 3385 5650 Β
3419 5600 3729 5664 docete-.2-

465 5643 576 5730 ρον.
655 5661 702 5689 ⁷³
740 5659 779 5710 Β
813 5643 1150 5746 προκεῖσθαι,
1190 5657 1407 5737 omissis
1432 5643 1553 5709 'i‘lli's
1591 5658 1657 5709 τὰ
1693 5657 1830 5746 Offa.
1913 5658 1956 5688 “
1989 5659 2026 5710 ll
2067 5658 2235 5712 Παῦλ.
2275 5643 2426 5727 ἔφη’
2495 5643 2546 5690 ²¹⁶
2585 5661 2688 5731 ἱερ.
2720 5662 2755 5713 Il
2779 5661 2962 5725 θείοις.
3052 5665 3097 5694 ’³⁸
3128 5666 3168 5716 Β
3195 5665 3254 5718 τὸ
3284 5643 3455 5736 ἅγιοκῐ
3493 5643 3576 5701 *ἦ
3605 5643 3721 5746 Elii}.

466 5727 592 5784 ηερ.
626 5730 785 5783 lectio
820 5735 922 5790 est,
959 5727 1173 5796 βάλητε,
1212 5727 1442 5796 positum
1468 5737 1589 5794 post
1626 5727 1782 5796 μηδέ.
