4092 6392
310 289 454 358 ibi!

1534 288 1619 350 IN
1677 290 2035 351 DANIELIS
2051 291 2216 352 CAP.
2243 292 2381 354 XII».

3448 308 3586 373 1562

394 397 486 455 ια’.
525 418 544 452 ι
590 397 724 454 Ἀπὸ
752 393 948 469 καιροῦ
972 394 1365 467 παραλλάξεως
1387 396 1478 451 τοῦ
1502 398 1901 471 ἐνδελεχισμοῶ

2085 400 2244 459 Vens.
2289 404 2376 458 ii.
2412 423 2430 453 σ
2469 402 2512 457 Α
2545 414 2819 477 tempore,
2858 409 3061 482 inquit,
3113 416 3446 473 mutationis
3494 434 3586 475 sa-

316 495 417 549 καὶ
473 491 692 563 δοθῆναι
750 482 1024 560 βδέλυγμα
1068 487 1423 559 ἐρημώσεως,
1474 489 1679 561 ἡμέραι
1729 490 1900 560 χίλιαι

315 584 592 639 διακόσιαι
617 572 995 651 ἐννενήκοντα.
1024 598 1043 631 ι
1100 572 1320 651 Ἐπειδὴ
1348 578 1458 651 γάρ
1489 579 1726 650 εἰρηκὼς
1770 599 1787 631 ι
1821 582 1903 644 είς

314 675 534 746 καιρὸν,
571 671 665 726 καὶ
711 670 959 741 καιροὺς,
996 667 1093 722 καὶ
1122 668 1313 739 ἥμισυ
1341 669 1570 738 καιροῦ,
1615 689 1633 721 ι
1676 665 1797 724 Εἷδε
1826 669 1902 742 μὴ

317 757 615 833 νενοηκότα
644 760 735 815 τὸν
765 754 1039 831 μακάριον
1076 756 1298 831 Δανιὴλ,
1345 760 1619 824 ἀναλύσας
1656 763 1734 824 είς
1762 754 1902 831 ήμέ-

321 869 426 930 ρας
452 856 542 910 τὸν
559 855 769 926 χρόνον,
791 848 950 923 δῆλον
964 844 1113 921 αύτῷ
1135 851 1195 903 τὸ
1220 851 1586 921 ἀγνοούμενον
1608 851 1899 921 πεποίηκε,

319 952 437 1012 τοῖς
457 948 513 1001 δὲ
551 946 732 1009 ἄλλοις
762 944 858 998 καὶ
881 936 1057 1006 οὕτως
1086 944 1271 1013 ἀσαφῆ
1298 943 1389 997 τὸν
1422 934 1581 1011 λόγον
1619 941 1901 995 κατέλιπε.

320 1034 642 1107 Βδέλυγμα
676 1031 731 1088 δὲ
764 1032 1119 1105 ἐρημώσεως
1143 1027 1304 1088 αὑτὸν
1334 1034 1490 1087 καλεῖ
1510 1034 1601 1088 τὸν
1638 1032 1915 1103 Ἀντίχριτ

322 1145 476 1184 στον·
506 1116 859 1197 ἐναλλαγὴν
880 1125 936 1177 δὲ
964 1119 1072 1179 τοῦ
1097 1122 1555 1194 ἐνδελεχισμοῦ,
1579 1124 1678 1196 τῆς
1706 1125 1906 1196 ἐκκλη-

324 1221 615 1290 σιαπικῆς
644 1216 994 1287 λειτουργίας
1038 1217 1138 1286 τὴν
1184 1215 1360 1282 τάξιν,
1397 1212 1503 1270 ὑπὸ
1546 1213 1646 1288 τῆς
1694 1210 1904 1269 ἐκείνου

327 1311 522 1382 μανίας
551 1310 645 1362 καὶ
674 1300 873 1378 λύττης
900 1305 1337 1378 σκεδαννυμένην
1364 1321 1424 1359 τε
1452 1308 1548 1362 καὶ
1565 1302 1902 1378 παυομένην.

323 1393 550 1463 Τούτοις
578 1398 829 1467 ἐπιφέρει
858 1398 885 1450 6
907 1394 1049 1456 θεῖος
1071 1389 1301 1463 ἅγγελος
1322 1406 1341 1427 ‘-

396 1491 481 1561 tﬂ'.
513 1508 531 1542 ι
573 1489 859 1559 Μακάριος
884 1488 911 1539 6
935 1485 1243 1554 ὑπομένων,
1292 1485 1387 1539 καὶ
1419 1485 1631 1555 φθάσας
1659 1486 1737 1550 είς
1770 1484 1910 1557 ἠμέ-

322 1594 423 1654 ρας
453 1581 631 1652 χιλίας
654 1578 974 1650 τριακοσίας
994 1582 1297 1649 ’τριάκοντα
1330 1576 1509 1632 πέντε.
1546 1596 1565 1628 ι
1604 1573 1908 1631 Ᾱίνίττεταί

318 1683 382 1728 τε
410 1674 503 1727 καὶ¹
534 1670 835 1742 παραδηλοῖ
860 1664 955 1733 ὡς,
984 1668 1176 1722 τούτου
1196 1668 1295 1739 τὴν
1321 1664 1586 1739 ’θεήλατον
1612 1668 1905 1740 δεξαμένου

316 1760 558 1836 πληγὴν,
594 1739 846 1833 ὲνπιμενεῖ
881 1760 980 1834 μὲν
1008 1763 1037 1815 6
1073 1761 1246 1832 μέγας
1285 1757 1474 1824 Ἠλίας
1505 1739 1790 1832 κηρύττων
1810 1761 1908 1823 τὰς
1939 1739 1982 1794 Β

316 1856 652 1918 ὑπολοίπους
681 1854 844 1907 πέντε
892 1852 988 1905 καὶ
1025 1844 1457 1922 τεσσαράκοντα,
1514 1853 1813 1922 φανήσεται
1850 1850 1906 1903 δὲ

314 1947 348 2000 6
373 1942 652 2015 Δεσπότης
674 1944 767 1996 ἐπὶ
795 1943 904 1996 τῶν
935 1935 1170 2011 νεφελῶν
1198 1941 1293 1995 106
1326 1942 1559 2012 ούρανοῦ
1589 1941 1906 2013 ἐρχόμενος,

314 2037 416 2092 καὶ
439 2034 773 2103 στεφανώσει
805 2028 933 2098 τοὺς
965 2031 1164 2087 ἄσυλον
1194 2032 1293 2102 τῆς
1323 2027 1603 2103 ύπομονῆς
1634 2033 1696 2086 16
1719 2031 1909 2102 κτῆμα

314 2124 685 2194 φυλάξαντας.
734 2121 907 2177 Τοῦτο
962 2123 1019 2175 δὲ
1055 2123 1150 2176 καὶ
1188 2122 1217 2174 6
1264 2121 1471 2194 Κύριος
1514 2122 1572 2174 ἐν
1601 2118 1715 2186 τοῖς
1743 2123 1907 2192 ἱεροῖς

308 2213 679 2285 Ε’ύαγγελίοις
716 2215 917 2285 φησίν⁹
959 2232 978 2266 ι
1026 2215 1083 2267 ’0
1134 2213 1191 2266 δὲ
1242 2214 1544 2282 ὑπομείνας
1600 2211 1682 2276 είς
1728 2212 1903 2274 τέλος.

306 2298 475 2369 οὗτος
517 2303 847 2373 σωθήσεται.
888 2322 907 2354 ι
946 2299 1058 2356 Καὶ
1114 2301 1367 2356 ἐντεῦθεν
1431 2296 1490 2355 δὲ
1536 2300 1655 2355 ἐστι
1714 2301 1909 2373 μαθεῖν

311 2395 585 2467 ἀκριϐῶς,
613 2393 687 2457 ὡς
712 2394 861 2446 οὐδὲν
914 2393 1120 2448 τούτων
1190 2393 1455 2463 ἁρμόττει
1502 2392 1579 2462 τῷ
1628 2390 1903 2462 Ἀντιόχῳ.

329 2481 454 2539 Ἐπ’
503 2484 713 2538 ἐκείνου
766 2484 865 2554 μὲν
896 2485 1007 2555 γὰρ
1040 2483 1311 2553 δισχιλίας
1341 2480 1654 2553 τριακοσίας
1698 2483 1909 2552 ἡμέρας

323 2575 452 2645 ἔφη,
479 2577 568 2628 ἐπὶ
588 2574 644 2628 δὲ
672 2574 766 2627 106
805 2573 1174 2645 ’Λντιχρίστου
1193 2569 1371 2643 χιλίας
1391 2566 1672 2636 διακοσίας
1695 2573 1909 2641 ἐννενή-

323 2682 492 2721 κοντα
516 2666 560 2697 ⁷⁵
613 2665 915 2736 κρατήσειν
972 2664 1073 2735 τήν
1124 2663 1448 2733 συμφοράν·
1499 2662 1642 2715 ὥστε
1692 2660 1908 2715 καὶτοῦ

314 2758 514 2831 χρόνου
547 2755 934 2828 τὴνδιαφοράν
983 2756 1285 2826 μαρτυρεῖν
1322 2756 1390 2825 τῇ
1435 2752 1546 2807 τῶν
1598 2751 1910 2822 προσώπων

312 2850 417 2905 καὶ
445 2848 553 2903 τῶν
583 2849 924 2919 πραγμάτων
946 2846 1201 2917 διαφορᾷ.
1846 2846 1851 2849 ’

390 2944 485 3004 ιγ’.
522 2956 540 2989 ι
564 2938 675 2990 Καὶ
693 2937 781 2999 σὺ,
815 2933 971 3006 φησὶ,
995 2934 1154 3005 δεῦρο
1185 2934 1282 2988 καὶ
1305 2933 1605 2988 ἀναπαύου.
1634 2946 1657 2985 δ
1685 2933 1909 3006 Καιρδς,

312 3029 508 3101 φησιν,
536 3027 632 3081 106
661 3027 917 3092 δέξασθαί
940 3043 999 3079 σε
1020 3025 1114 3079 τοῦ
1150 3026 1264 3096 βίου
1298 3024 1361 3078 τὸ
1382 3025 1555 3087 τέλος.
1593 3045 1611 3076 ι
1648 3025 1769 3078 Ἔτι
1799 3024 1906 3097 γὰρ

310 3119 527 3191 ἡμέραι
561 3119 640 3181 εἰς
665 3116 1056 3188 ἀναπλήρωσιν
1076 3117 1121 3149 τ’
1151 3114 1482 3178 συντελείας.
1526 3135 1543 3165 ι
1583 3116 1696 3169 Οὐκ
1726 3115 1903 3183 ὀλίγος

311 3212 452 3281 γὰρ,
486 3212 673 3282 φησιν,
705 3209 786 3262 ἔτι
816 3209 1005 3279 χρόνος
1060 3207 1445 3261 ὑπολέλειπται
1476 3210 1543 3278 τῇ
1584 3205 1678 3260 τοῦ
1707 3207 1908 3277 παρόν-

311 3317 411 3367 τος
444 3303 560 3374 βίου
587 3301 871 3355 συστάσει.
899 3301 1012 3354 Καὶ
1052 3299 1291 3354 ἐνταῦθα
1318 3300 1375 3353 δὲ
1398 3298 1584 3367 σαφῶς
1622 3299 1771 3369 ἡμᾶς
1801 3298 1908 3350 ὲδί-

312 3392 443 3458 δαξε
462 3395 563 3465 τὴν
596 3392 910 3446 συντέλειαν
935 3393 1049 3459 ,καὶ
1066 3392 1147 3444 ὅτι
1166 3392 1223 3444 ὲν
1252 3389 1433 3461 ἐκείνῃ
1451 3388 1520 3442 τὰ
1534 3387 1910 3459 προειρημένα

314 3483 633 3553 γενήσεται.
667 3480 805 3533 «Καὶ
835 3479 1130 3550 ἀναπαύσῃ
1153 3478 1252 3532 καὶ
1272 3478 1557 3550 ἀναστήσῃ
1584 3479 1663 3540 είς
1690 3476 1780 3529 τὸν
1796 3493 1912 3530 καιο

319 3574 419 3645 ρόν
443 3573 489 3606 ⁸ο
518 3589 612 3626 σου
663 3572 803 3642 (ἀλλ’
843 3571 889 3603 ¹⁸¹
920 3571 1210 3642 ὀρθότερον
1245 3570 1328 3635 16,
1374 3568 1608 3638 κλῆρόν
1652 3583 1791 3635 σου,
1834 3568 1911 3633 ὼς

317 3667 388 3718 ἐκ
441 3664 552 3719 τῶν
594 3663 721 3735 ἑξῆς
758 3663 963 3735 δῆλον),
1007 3664 1086 3727 εἰς
1124 3661 1434 3716 συντέλειαν
1475 3661 1713 3732 ἡμερῶν.
1750 3680 1767 3713 ι
1796 3658 1911 3714 Νῦν

322 3759 430 3830 μὲν
444 3757 733 3828 γὰρ,φησὶ,
756 3755 816 3809 σὲ
834 3755 879 3788 ⁸¹
904 3755 1175 3827 προσήκει
1192 3754 1252 3808 τὸ
1265 3754 1443 3807 κοινὸν
1460 3753 1715 3818 δέξασθαι
1734 3752 1907 3815 τέλος⁸

321 3846 651 3916 ἀναστήσῃ
676 3845 754 3911 δὲ,
781 3844 883 3898 καὶ
921 3844 1023 3913 οὐχ
1051 3842 1238 3905 ἁπλῶς
1293 3843 1595 3915 ἀναστήσῃ,
1655 3842 1770 3894 ἀλλ’
1826 3842 1913 3907 εἰς

322 3939 441 3993 τὸν
466 3935 693 4006 κλῆρόν
721 3954 860 4002 σου,
911 3934 1178 3999 τουτέστι,
1242 3933 1384 4004 μετᾶ
1416 3932 1518 4003 τῆς
1550 3932 1657 3986 τῶν
1689 3933 1914 4003 ὁμοτρό-

322 4045 451 4084 πων
482 4028 810 4100 συμμορίας.
839 4028 949 4081 Καὶ
972 4026 1210 4090 δεικνὺς,
1235 4024 1384 4089 πότε,
1416 4026 1696 4094 ἐπήγαγεν
1719 4042 1732 4056 ’
1761 4045 1779 4074 ι
1818 4025 1912 4088 Εἰς

319 4120 639 4175 συντέλειαν
683 4119 930 4192 ήμερῶν.
974 4137 993 4169 ι
1047 4118 1205 4171 Οὕτω
1261 4115 1450 4185 σαφῶς
1505 4117 1652 4187 ἡμᾶς
1707 4118 1735 4170 6
1770 4117 1911 4180 θεῖος

317 4212 667 4286 ἀρχάγγελος
698 4211 788 4265 διὰ
812 4210 906 4264 τοῦ
943 4209 1215 4281 μακαρίου
1250 4209 1346 4262 καὶ
1369 4208 1772 4279 τρισμακαρίου
1803 4209 1908 4260 Δα·

315 4304 448 4374 νιὴλ
476 4301 683 4367 ἐδίδαξε
722 4301 823 4372 τὴν
867 4301 1189 4354 ἀνάστασιν.
1246 4296 1403 4351 Οὕτω
1460 4296 1757 4369 πληρώσας
1810 4298 1911 4369 τὴν

318 4393 670 4463 ἀποκάλυψιν
694 4394 978 4463 ἐπήγαγεν
1008 4391 1038 4443 6
1063 4390 1379 4462 προφήτηςο

400 4486 482 4540 ιδ’.
519 4504 537 4537 ι
574 4485 686 4539 Καὶ
744 4487 773 4538 6
842 4482 1093 4553 βασιλεὺς
1143 4481 1190 4513 ⁸³
1249 4480 1558 4550 Ἀστυάγης
1599 4478 1901 4551 προσετέθη

315 4576 463 4648 πρὸς
487 4578 614 4640 τοὺς
642 4575 888 4645 πατέρας
933 4573 1127 4637 αὑτοῦ,
1190 4574 1284 4627 καὶ
1332 4572 1606 4643 παρέλαϐε
1655 4571 1836 4642 Κῦρος
1877 4575 1905 4627 6

316 4663 676 4738 Πέρσης¹τὴν
708 4663 986 4735 βασιλείαν
1010 4661 1199 4726 αὐτοῦ,
1230 4663 1325 4716 καὶ
1347 4658 1414 4733 ἦν
1440 4663 1639 4731 Δανιὴλ
1659 4664 1904 4734 συμϐιω-

313 4759 426 4828 τὴς
458 4756 553 4811 106
587 4756 870 4827 βασιλέως,
930 4756 1025 4809 καὶ
1079 4754 1288 4819 ἔνδοξος
1348 4754 1486 4826 ὑπὲρ
1531 4755 1741 4819 πάντας
1781 4757 1908 4820 τοὺς

317 4850 517 4922 φίλους
541 4850 728 4906 αὐτοῦ.
772 4869 791 4902 ι
839 4851 897 4903 '0
923 4849 981 4902 δὲ
1024 4848 1331 4919 ’Δστυάγης
1351 4846 1447 4899 τοῦ
1473 4847 1660 4919 Κύρου
1695 4866 1903 4920 μητρο-

316 4941 550 5008 πάτωρ·
586 4940 796 4994 ἐκείνου
853 4939 910 4992 δὲ
955 4936 1379 5006 τελευτήσαντος
1408 4977 1422 5001 ,
1465 4938 1560 4990 καὶ
1618 4938 1905 5011 Κυαξάρου

315 5029 423 5084 106
454 5030 614 5093 υίέως
648 5026 814 5083 αὐτοῦ
860 5027 1215 5099 οἰκονομῆσαι
1270 5025 1369 5096 τὴν
1408 5025 1685 5095 βασιλείαν
1715 5029 1776 5082 ού
1809 5031 1903 5084 δυ-

406 5207 649 5266 πιΜιιῑιιι.
693 5224 749 5277 x,
778 5210 870 5265 22.

2004 492 2201 548 eriticii
2231 494 2406 566 jugis,
2444 506 2499 551 et
2549 514 2614 553 ex
2667 515 2780 569 quo
2838 502 2966 556 data
3018 503 3190 561 fuerit
3248 508 3588 566 abominatio

2007 582 2397 649 desolationis,
2432 587 2554 643 dies
2591 599 2722 644 sunt
2754 591 2902 648 mille
2931 595 3160 651 ducenti
3200 600 3524 669 nonaginta.
3561 621 3582 655 ›

2005 674 2141 729 Cum
2167 676 2315 730 enim
2349 677 2603 743 dixisset,
2656 698 2675 731 ι
2724 679 2780 734 lu
2820 692 3059 754 tempus,
3093 694 3151 739 et
3201 693 3474 758 tempora,
3531 700 3591 746 et

2009 765 2218 836 1301
2260 768 2546 823 dimidium
2568 774 2857 842 temporis,
2899 793 2919 826 ι
2981 776 3307 849 videretque
3354 780 3577 836 beatum

2009 857 2286 913 Danielem
2325 859 2467 915 haud
2499 861 2864 929 intellexisse,
2897 868 3172 937 explicato
3202 871 3256 925 in
3284 870 3404 928 dies
3434 881 3581 928 tem-

2005 962 2138 1017 pore
2183 949 2331 1019 quod
2375 950 2705 1019 ignorabat,
2745 955 2794 1009 ei
2836 958 3189 1026 perspicuum
3244 959 3396 1024 fecit,
3448 962 3586 1017 aliis

2006 1053 2137 1094 vero
2162 1039 2329 1094 etiam
2361 1039 2445 1095 sic
2471 1043 2780 1100 orationem
2831 1047 3132 1104 obscuram
3165 1052 3405 1122 reliquit.
3438 1053 3585 1109 Abo-

2006 1130 2352 1184 minationem
2386 1138 2571 1187 autem
2602 1133 2956 1192 (temtationis
3008 1139 3191 1209 ipsum
3221 1150 3382 1198 vocat
3418 1144 3586 1199 Anti-

2006 1213 2320 1287 Christum;
2358 1224 2712 1281 mutationem
2764 1242 2897 1283 vero
2936 1229 3092 1300 jugis
3128 1232 3383 1301 sacriﬁcii
3406 1235 3588 1291 eccle-

2006 1311 2218 1367 siastici
2245 1314 2433 1370 cultus
2460 1315 2716 1372 ordinem
2753 1318 2905 1375 illius
2952 1319 3173 1376 insania
3209 1329 3265 1378 et
3296 1324 3446 1378 rabie
3474 1325 3590 1382 dis-

2007 1395 2248 1472 sipatum
2281 1412 2336 1459 et
2362 1406 2654 1461 abolitum.
2683 1399 2783 1464 His
2813 1408 3011 1479 adjicit
3054 1418 3284 1468 sanctus
3320 1414 3545 1481 angelus
3571 1433 3586 1469 :

2076 1487 2245 1568 Vrsas.
2284 1497 2371 1553 12.
2420 1519 2438 1550 ι
2501 1500 2705 1556 Beatus
2752 1504 2849 1573 qui
2893 1513 3180 1575 exspectat
3241 1513 3296 1559 et
3340 1507 3593 1576 pervenit

2009 1603 2187 1656 usque
2221 1589 2285 1643 ad
2317 1589 2438 1645 dies
2479 1588 2627 1646 mille
2673 1600 2956 1647 trecentos
2991 1595 3217 1665 triginta
3254 1597 3541 1666 quinque-
3566 1615 3587 1650 ο

2009 1673 2194 1729 lnnuit
2243 1686 2297 1732 et
2339 1674 2588 1732 declarat
2635 1678 2751 1735 fore
2788 1687 2849 1734 ut
2888 1681 2984 1736 illo
3028 1683 3220 1738 divina
3263 1685 3422 1756 plaga
3468 1702 3594 1756 per-

2008 1780 2198 1830 cussu,
2232 1779 2554 1837 permaneat
2592 1785 2826 1840 magnus
2868 1770 3019 1828 Elias
3051 1774 3300 1844 reliquos
3345 1776 3595 1848 quinque

2006 1865 2063 1912 et
2090 1858 2457 1929 quadraginta
2509 1856 2816 1929 praedicans
2875 1862 3017 1930 dies,
3061 1871 3116 1918 et
3166 1872 3296 1918 tunc
3327 1874 3595 1935 appareat

2008 1948 2278 2006 Dominus
2307 1947 2539 2006 veniens
2570 1948 2624 2006 in
2654 1947 2901 2007 nubibus
2951 1955 3104 2019 caali,
3158 1955 3251 2025 qui
3299 1957 3592 2012 coronabit
3662 2022 3663 2025 η

2006 2056 2103 2097 eos
2133 2041 2227 2111 qui
2263 2042 2644 2111 incorruptam
2695 2046 3121 2113 perseverantiae
3181 2050 3590 2116 possessionem

2007 2132 2303 2188 servarint.
2329 2126 2485 2199 Quod
2512 2128 2641 2188 item
2677 2131 2943 2191 Dominus
2978 2137 3032 2191 iu
3070 2139 3247 2194 sacris
3281 2138 3592 2212 Evangeliis

2008 2222 2249 2278 asserit:
2289 2242 2308 2274 ι
2349 2223 2454 2290 Qui
2488 2232 2670 2278 autem
2716 2229 3156 2293 perseveraverit
3190 2245 3370 2300 usque
3413 2233 3480 2285 ad
3529 2234 3593 2286 ti-

2008 2328 2156 2378 nem,
2189 2310 2280 2369 liic
2313 2317 2501 2371 salvus
2525 2316 2637 2370 erit
2662 2325 2723 2371 "'.
2759 2336 2777 2368 ι
2813 2310 2953 2373 Hinc
2987 2320 3152 2374 etiam
3185 2320 3349 2390 plane
3377 2321 3594 2376 discere

2007 2403 2157 2467 licet,
2200 2404 2339 2458 nihil
2392 2402 2588 2458 hormn
2632 2404 2685 2460 in
2740 2405 3075 2463 Antiochum
3115 2411 3439 2477 convenire.
3493 2411 3597 2465 Illo

2008 2491 2154 2545 enim
2190 2502 2476 2562 regnante,
2509 2493 2587 2547 bis
2614 2492 2760 2548 mille
2807 2505 3066 2551 trecentos
3099 2498 3213 2553 dies
3249 2499 3407 2564 dixit,
3436 2500 3595 2555 Auti-

2007 2583 2219 2638 christo
2251 2598 2413 2651 vero,
2437 2583 2580 2638 mille
2609 2584 2859 2640 ducentos
2894 2590 3189 2659 nonaginta
3213 2601 3592 2661 grassaturam

2007 2672 2394 2730 calamitatem.
2457 2673 2536 2729 Ita
2604 2687 2664 2730 ut
2724 2675 2890 2731 etiam
2957 2683 3226 2750 temporis
3281 2681 3595 2737 diil'erentia

2012 2780 2382 2833 personarum
2410 2782 2474 2821 ac.
2506 2783 2685 2820 rerum
2713 2768 3043 2825 dilTerentite
3067 2772 3446 2828 testimonium
3471 2789 3594 2845 per-

2012 2856 2216 2911 hibeat.

2084 2944 2246 3002 Vens.
2290 2946 2378 3002 l3.
2429 2967 2448 3000 ι
2489 2948 2556 3003 Ει
2587 2959 2665 3015 ιιι,
2703 2949 2903 3020 inquit,
2940 2951 3051 3006 huc
3083 2952 3311 3019 accede,
3349 2964 3398 3009 et
3433 2954 3595 3025 quie-

2013 3052 2124 3092 see.
2168 3055 2187 3088 ι
2222 3035 2468 3107 Tempus
2515 3039 2663 3094 enim
2711 3050 2814 3105 est,
2854 3049 2911 3093 ut
2944 3041 3071 3097 vitae
3104 3041 3265 3099 ﬁnem
3310 3045 3594 3100 sortiaris.

2018 3147 2036 3180 ι
2078 3126 2212 3183 Nam
2246 3127 2428 3184 adhuc
2450 3130 2568 3186 dies
2613 3131 2680 3185 ad
2709 3132 3115 3188 absolutionem
3144 3135 3588 3191 consummatio-

2014 3217 2123 3272 nis.
2182 3234 2203 3269 ι
2262 3217 2386 3271 Νοιι
2430 3219 2577 3273 enim
2633 3219 2799 3275 breve
2847 3228 3062 3291 tempus
3106 3224 3326 3289 adhuc,
3376 3225 3594 3295 inquit,

2013 3309 2287 3378 reliquum
2317 3316 2401 3363 est
2436 3312 2733 3378 praesentis
2767 3313 2895 3366 vita:
2925 3314 3119 3368 statui.
3149 3314 3216 3369 Et
3246 3315 3352 3370 hoc
3376 3331 3595 3385 quoque

2011 3397 2133 3452 loco
2159 3412 2265 3451 nos
2295 3407 2490 3467 aperte
2531 3398 2743 3468 1302
2795 3399 2985 3475 docuit
3038 3403 3595 3466 consummationem,

2010 3487 2128 3543 fore
2156 3495 2216 3541 ut
2249 3488 2510 3558 praedicta
2540 3498 2675 3544 tunc
2698 3490 2978 3546 eveniant.
3009 3510 3028 3541 ι
3060 3492 3126 3545 Ει
3158 3493 3476 3564 requiesees
3502 3496 3514 3511 ‘
3542 3501 3593 3547 et

2011 3594 2207 3650 surges
2240 3587 2490 3650 tempore
2518 3586 2614 3636 tuo
2640 3580 2761 3651 (sed
2809 3582 3038 3651 rectius,
3096 3584 3153 3637 in
3187 3595 3332 3638 sorte
3390 3592 3504 3650 tua,
3537 3593 3597 3638 ut

2010 3671 2220 3742 patebit
2254 3686 2323 3726 ex
2355 3672 2771 3743 sequentibus),
2796 3674 2852 3728 in
2894 3676 3436 3731 consummationem
3483 3676 3589 3731 die-

2011 3777 2155 3818 rum.
2195 3781 2214 3814 »
2244 3761 2401 3818 Nunc
2428 3764 2600 3828 enim,
2628 3764 2830 3836 inquit,
2860 3764 3020 3820 decet
3046 3773 3099 3820 te
3121 3767 3401 3820 communi
3425 3775 3600 3820 morte

2012 3848 2169 3909 obire
2195 3869 2209 3919 ;
2233 3869 2475 3925 resurges
2499 3862 2709 3922 autem,
2748 3870 2926 3926 neque
2955 3854 3285 3927 simpliciter
3313 3871 3600 3928 resurges.

2013 3944 2106 3998 sed
2149 3943 2207 3996 in
2237 3952 2382 3997 sorte
2432 3954 2550 4009 tua,
2589 3943 2693 3998 hoc
2738 3950 2861 4007 est,
2894 3958 3018 3998 cum
3052 3952 3198 3997 coetu
3233 3957 3451 4005 eorum,
3504 3944 3604 4013 qui

2012 4032 2288 4088 similibus
2324 4032 2580 4089 moribus
2631 4020 2847 4102 praediti
2903 4031 3132 4087 fuerint.
3180 4031 3248 4086 Et
3280 4032 3597 4094 ostendens,

2010 4124 2258 4195 quando,
2301 4123 2526 4193 adjecit,
2570 4141 2588 4174 ι
2626 4124 2686 4178 in
2723 4122 3257 4179 consummationem
3289 4121 3522 4177 dierum.
3573 4141 3593 4173 ι

2013 4215 2108 4271 Sic
2133 4223 2322 4286 aperte
2358 4229 2460 4269 nos
2507 4213 2732 4269 divinus
2779 4213 3147 4284 arehangelus
3195 4228 3293 4284 per
3345 4212 3599 4268 beatissi-

2012 4321 2161 4361 mum
2198 4303 2476 4361 Danielem
2524 4305 2715 4360 docuit
2764 4305 3254 4361 resurrectionem.
3301 4303 3481 4375 Atque
3524 4303 3598 4357 ita

1944 4409 1989 4466 ι)
2017 4394 2269 4448 absoluta
2300 4393 2635 4449 revelatioue
2663 4391 2899 4463 subjecit
2931 4391 3198 4462 propheta
3220 4409 3237 4467 ς

2077 4483 2244 4541 Vens.
2280 4484 2370 4542 M.
2410 4503 2430 4537 ι
2486 4483 2553 4539 Ει
2604 4501 2701 4540 rex
2736 4485 3009 4556 Astyages
3067 4483 3364 4555 appositus
3396 4492 3478 4538 est
3529 4483 3597 4538 ad

2006 4586 2192 4647 patres
2231 4591 2387 4643 suos,
2428 4584 2485 4632 et
2527 4577 2746 4647 accepit
2775 4576 2957 4647 Cyrus
2987 4574 3157 4632 Persa
3194 4590 3425 4647 regnum
3454 4575 3598 4645 ejus,

2006 4675 2064 4723 et
2099 4675 2221 4722 erat
2250 4667 2444 4723 Daniel
2495 4667 2728 4721 conviva
2776 4667 2959 4737 regis,
2997 4673 3053 4721 et
3106 4666 3383 4737 gloriosus
3432 4681 3600 4736 super

2004 4770 2198 4812 omnes
2226 4756 2436 4811 amicos
2482 4756 2626 4825 ejus.
2670 4774 2688 4807 ι
2737 4757 3008 4826 Astyages
3059 4765 3242 4809 autem
3304 4755 3411 4810 fuit
3467 4757 3595 4828 Cyri

2010 4856 2292 4903 maternus
2344 4863 2503 4914 avus,
2534 4862 2647 4918 quo
2673 4848 2786 4902 vita
2835 4844 3118 4913 defuncto,
3152 4861 3277 4901 cum
3318 4847 3599 4920 Cyaxares
3685 4843 3691 4857 ’

2015 4941 2164 4996 illius
2192 4939 2339 4996 [ilius
2389 4954 2618 5011 regnum
2664 4937 3058 4994 administrare
3126 4953 3239 4992 non
3304 4939 3596 5010 potuisset,

2011 5029 2192 5101 Cyrus
2226 5030 2581 5102 Assyriorum
2630 5036 2689 5085 et
2739 5025 3125 5083 Chaldaeorum
3167 5042 3364 5084 everso
3407 5042 3596 5100 regno,

1639 5361 1874 5421 unus
1913 5359 2335 5445 LECTIONES.‘

396 5521 446 5554 ⁷⁸
478 5522 591 5587 iw.
622 5519 665 5573 Β
700 5535 887 5592 praem.
919 5519 1282 5592 ήμέραςλκαί.

1383 5520 1428 5592 :9
1453 5520 1532 5584 είς
1556 5520 1763 5592 @ng).
1812 5521 1967 5592 Apud
1990 5521 2061 5592 ρ’
2091 5517 2358 5592 praemitti
2395 5517 2554 5592 solet,
2614 5520 2707 5573 καὶ
2760 5514 2919 5592 ὧραι.

3022 5523 3068 5595 ⁸9
3091 5537 3241 5595 καιρ.
3295 5520 3431 5595 lter.
3466 5519 3595 5574 lect.

396 5522 446 5554 ⁷⁸
478 5522 591 5587 iw.
622 5522 665 5573 Β
700 5535 887 5591 praem.
919 5522 1131 5644 lytépac
1167 5522 1282 5575 καί.
1383 5522 1428 5552 ⁷⁹
1453 5522 1532 5584 εἰς
1565 5522 1763 5574 ἀναπλ.
1812 5522 1928 5592 Apu

326 5590 550 5672 ἕλῆΡθΥο
602 5591 811 5672 ﬁt“);
840 5622 919 5672 τ’
967 5591 1113 5672 ῆλογ-
1140 5589 1355 5672 [ἱρεῦσι
1387 5589 1445 5672 [ξ’
1524 5591 1568 5672 ⁸ἶ
1604 5591 1686 5670 σέτ
1721 5590 1847 5672 Des:
1898 5594 1928 5645 ί¹

2009 5522 2061 5574 0'
2091 5522 2345 5591 praemitti
2395 5522 2554 5585 solet,
2614 5522 2707 5573 καὶ
2760 5522 2919 5592 ὧραι.
3022 5523 3068 5556 ⁸ο
3091 5537 3241 5595 καιρ.
3295 5522 3427 5576 lter.
3466 5522 3595 5574 lect.

2009 5590 2051 5672 ἲς
2107 5590 2306 5672 ἰη-καὶ
2337 5588 2365 5640 6
2396 5587 2544 5659 βασ.,
2570 5606 2634 5672 μκ.
2656 5607 2709 5644 τ.
2752 5592 2801 5645 λ.
2837 5592 2960 5672 llaec
2994 5590 3598 5672 initiuuthcgnstitttunt

327 5659 577 5716 historia:
602 5660 743 5718 Belis
767 5659 1130 5719 etdracbniS.
1175 5659 1313 5715 Edit.
1350 5661 1501 5730 prior
1552 5660 1608 5715 in
1660 5660 1907 5731 margine
1966 5661 2197 5716 habebat
2241 5659 2376 5713 Dan.
2408 5674 2504 5714 xm
2535 5669 2587 5715 et
2619 5676 2748 5728 xw;
2792 5664 2885 5718 sed
2928 5662 3075 5717 conf.
3125 5678 3177 5732 p.
3214 5661 3368 5725 1254,
3399 5659 3515 5714 sch.
3544 5661 3593 5713 5.
