4092 6402
376 429 515 495 1549

1216 428 1297 490 IN
1334 428 1450 487 XII
1489 427 1931 488 PROPHETAS
1972 424 2314 488 MINORES
2355 424 2769 488 PREFATIO.

3484 423 3621 490 1550

372 548 555 617 ἔχουσι
584 545 801 616 βίϐλον·
863 546 923 601 έν
977 545 1254 618 διαφόροις
1309 545 1418 617 γὰρ
1467 547 1675 616 καιροῖς
1703 545 1804 606 τὰς
1832 544 1942 596 τῶν

2048 543 2466 611 prehenduntur
2500 563 2517 601 :
2559 544 2793 601 diversis
2835 543 2979 597 enim
3042 542 3381 612 temporibus
3430 542 3619 597 futura

375 638 679 706 μελλόντων
706 637 1032 708 ἐποιήσαντο
1061 636 1416 706 προφητείας.
1454 637 1565 689 Καὶ
1590 636 1619 688 ό
1644 634 1745 705 μὲν
1787 632 1945 703 Ὠσηὲ

2050 636 2562 705 ρῑαιείεηίἢοατυηι.
2614 637 2783 691 ()seas
2829 633 3172 705 prophetiam
3242 649 3397 690 suam
3448 635 3623 689 edidit

372 729 432 782 ἒν
473 727 721 800 βασιλείᾳ
764 728 965 793 Ὀζίου,
1029 728 1124 781 καί.
1168 727 1428 795 Ἰωάθαμ,
1482 726 1577 779 καί
1604 723 1801 795 Ἀχαζ,
1852 727 1949 778 καί⁸

384 820 653 885 Ἐζεκίου,
686 820 735 874 οἰ
756 819 1109 873 ἰϐασίλευσαν
1134 818 1232 890 τῆς
1272 817 1530 881 Ἰουδαίας
1552 833 1568 849 ’
1597 818 1691 871 καὶ
1709 818 1738 869 ό
1768 814 1949 885 Ἀμὼς

381 910 633 976 ὒσαύτως
674 912 732 965 ὲν
764 910 999 982 ἡμέραις
1026 910 1203 974 Ὀξίου
1225 927 1240 941 ⁸
1272 909 1365 963 καὶ
1402 908 1585 979 μέντοι
1605 907 1702 962 καὶ
1731 908 1760 958 ό
1791 906 1948 977 Ἰωήλ

379 999 577 1053 τούτων
627 998 958 1071 ὁμόχρονος·
1018 1001 1047 1051 ὁ
1090 999 1149 1053 δὲ
1205 997 1447 1068 Μιχαίας
1486 996 1647 1059 εὐθὺς
1676 994 1815 1065 μετᾶ
1849 995 1949 1067 τήν

383 1093 563 1158 Ὃζίου
591 1092 851 1161 τελευτὴν
884 1091 983 1161 τῆς
1030 1088 1367 1160 προφητείας
1409 1086 1614 1157 ήρξατο
1638 1084 1948 1156 ὲνήμέραις

383 1181 645 1251 Ίωάθαμ,
689 1181 787 1234 καί.
821 1180 1021 1251 ’Δχαζ,
1089 1178 1185 1231 καὶ
1227 1175 1497 1240 Ἐζεκίου.
1525 1175 1635 1229 Καὶ
1680 1175 1863 1237 Ἰωνᾶς
1889 1173 1948 1227 δὲ

378 1271 576 1340 ταύτης
613 1268 842 1339 έστίτῆς
866 1268 1211 1339 συμμορίας·
1242 1267 1293 1319 εἰ
1326 1267 1433 1338 γὰρ
1456 1265 1550 1319 καὶ
1575 1266 1609 1335 ή
1642 1261 1948 1334 προφητεία

378 1363 463 1416 τὸν
493 1360 687 1432 χρόνον
737 1360 1015 1429 ἐσίγησεν,
1074 1358 1189 1412 ἁλλ’
1234 1360 1269 1428 ή
1299 1358 1407 1411 τῶν
1450 1356 1948 1428 ῐῐσραλειπομένων

373 1453 555 1523 βίϐλος
582 1450 742 1505 τοῦτο
768 1451 1009 1505 διδάσκει
1043 1450 1249 1519 σαφῶς.
1299 1448 1363 1502 '0
1382 1448 1439 1502 δὲ
1458 1448 1652 1518 Ναοὺμ
1693 1446 1830 1518 μετὰ
1856 1446 1949 1499 τὸν

383 1543 570 1597 Ἰωνᾶν
600 1541 657 1596 τὸ
675 1542 775 1612 τῆς
798 1542 1135 1612 προφητείας
1164 1540 1383 1605 ἐδέξατο
1402 1540 1646 1611 χάρισμα
1670 1554 1683 1567 ·
1709 1536 1947 1591 διδάσκει

374 1634 429 1687 δὲ
452 1632 614 1687 τοῦτο
641 1632 829 1701 σαφῶς
852 1634 886 1703 ή
916 1633 1017 1701 τῆς
1060 1630 1396 1702 προφητείας
1443 1629 1720 1692 ὑπόθεσις.
1758 1629 1817 1681 '0
1850 1627 1948 1698 μὲν

373 1723 481 1793 γάρ
501 1722 687 1784 Ἰωνᾶς
714 1720 813 1791 τὴν
868 1720 1245 1790 πανωλεθρίαν
1284 1718 1529 1790 κηρύξας
1572 1721 1685 1780 τοῖς
1732 1717 1949 1770 Νινευε-

371 1829 515 1873 ταις,
560 1812 674 1873 τοῖς
721 1811 821 1881 τῆς
875 1808 1165 1880 μετανοίας
1211 1809 1413 1871 αὐτοὺς
1460 1807 1772 1878 φαρμάκοις
1803 1822 1948 1874 παρ-

371 1900 636 1953 εσκεύασε
656 1899 967 1970 χρήσασθαι
992 1916 1008 1928 ·
1040 1898 1123 1951 διδ
1149 1897 1244 1950 καὶ
1268 1898 1466 1967 πεῖραν
1503 1898 1603 1949 οὐκ
1626 1896 1819 1949 ἔλαϐον
1842 1894 1949 1947 τῶν

368 1992 602 2061 άπηχῶν
662 1990 889 2043 ἐκείνων
936 1986 1582 2060 προρρήσεωνᾙεπειδὴ
1630 1986 1687 2040 δὲ
1739 1986 1819 2049 εἰς
1848 1985 1951 2055 τὴν

370 2084 648 2154 προτέραν
692 2082 890 2135 κακίαν
944 2081 1482 2151 παλινδρομήσαντες
1520 2080 1644 2146 ἄξια
1678 2080 1949 2149 τιμωρίας

369 2172 609 2241 ἐσχάτης
655 2170 984 2239 ἐτόλμησαν,
1038 2171 1066 2223 ό
1107 2170 1302 2239 Ναοὺμ
1367 2167 1544 2222 αὐτῶν
1602 2168 1741 2238 μετὰ
1777 2167 1950 2221 ταῦτα

369 2260 708 2333 προφητεύει
750 2260 843 2313 τὸν
881 2259 1124 2331 ϐλεθρον.
1166 2260 1226 2313 ’0
1278 2260 1336 2312 δὲ
1389 2259 1621 2324 ’Λϐδιοῦ,
1660 2259 1728 2312 δι’
1748 2252 1824 2312 ὧν
1879 2261 1946 2330 τῇ

368 2352 645 2424 Ἰδουμαίᾳ
666 2353 711 2384 ¹⁶
726 2350 1135 2423 προηγόρευσεν
1157 2350 1441 2419 ἀλγεινῶν,
1462 2350 1620 2416 δῆλός
1656 2351 1774 2404 ἐστι
1810 2350 1949 2421 μετὰ

366 2439 593 2503 τούτους
632 2440 732 2510 τῆς
760 2439 1097 2510 προφητείας
1146 2437 1476 2511 ἀρξάμενος.
1520 2437 1580 2492 '0
1607 2439 1666 2492 δὲ
1689 2436 1949 2507 Σοφονίας

370 2534 611 2587 διδάσκει
643 2531 853 2601 σαφῶς,
897 2531 974 2594 ὡς
1007 2530 1103 2584 ἐπὶ
1142 2529 1352 2584 Ἰωσίου
1410 2529 1505 2582 τοῦ
1552 2528 1816 2599 βασιλέως
1850 2528 1950 2599 τῆς

375 2623 525 2687 θείας
552 2621 944 2691 ἀποκαλύψεως
969 2619 1125 2690 ἔτυχε
1143 2637 1157 2651 ·
1191 2620 1335 2673 κατὰ
1361 2619 1452 2673 τὸν
1479 2619 1642 2672 αὐτὸν
1672 2620 1728 2672 δὲ
1756 2619 1948 2687 καιρὸν

373 2716 469 2769 καί
503 2717 531 2769 ό
560 2715 865 2784 Θαυμάσιος
900 2712 1191 2784 Ἱερεμίας.
1229 2712 1288 2765 '0
1346 2711 1406 2765 δὲ
1461 2710 1781 2781 ’Δϐϐακοὺμ
1819 2710 1862 2741 ⁸⁷
1885 2710 1947 2762 ού

370 2808 508 2861 πολὺ
543 2807 682 2878 μετὰ
737 2804 982 2868 τούτους.
1022 2805 1274 2871 Ἀγγαῖος
1306 2803 1383 2864 δὲ,
1416 2802 1511 2856 καὶ
1532 2801 1827 2873 Ζαχαρίας,
1853 2801 1951 2854 καὶ

368 2896 680 2966 Μαλαχίας,
708 2895 848 2967 μετὰ
873 2894 1084 2949 πολλῶν
1106 2894 1244 2947 ἐτῶν
1256 2894 1491 2965 ἀριθμόν
1515 2910 1530 2925 ο
1562 2894 1622 2946 ού
1655 2893 1765 2964 γὰρ
1789 2893 1949 2963 μόνον

371 2986 514 3058 μετὰ
539 2986 630 3040 τὸν
674 2984 903 3049 Ἰωσίαν,
937 2984 1033 3039 καί⁵
1061 2985 1155 3037 τδν
1177 2984 1461 3055 Ἰωακείμ,
1517 2984 1613 3038 καὶ
1658 2983 1749 3037 τὸν
1784 2986 1950 3053 Ἰεχο-

367 3076 513 3139 νίαν,
553 3074 653 3129 καὶ
693 3074 785 3128 τὸν
827 3073 1102 3139 Σεδεκίαν,
1138 3072 1277 3128 ἀλλὰ
1326 3075 1421 3128 καὶ
1462 3074 1602 3145 μετὰ
1630 3074 1720 3126 τὸν
1748 3074 1807 3127 έν
1840 3075 1948 3126 Βα-

369 3160 571 3214 ϐυλῶνι
588 3162 686 3231 τῆς
711 3161 1087 3233 αἰχμαλωσίας
1108 3160 1323 3231 χρόνον,
1345 3161 1441 3215 καί.
1475 3161 1613 3233 μετὰ
1649 3160 1833 3232 Κῦρον
1854 3160 1947 3215 τὸν

369 3248 588 3319 πρῶτον
629 3248 855 3319 Περσῶν
918 3247 1338 3318 βασιλεύσαντα,
1382 3249 1442 3312 ὃς
1481 3250 1574 3302 τὸν
1602 3249 1947 3320 Ἰσραηλίτην

367 3340 497 3393 λαὸν
532 3343 577 3373 ⁸⁸
609 3338 924 3393 ἐπανελθεῖν
984 3339 1367 3409 παρηγγύησε,
1418 3340 1511 3393 καὶ
1540 3340 1679 3410 μετὰ
1711 3340 1948 3410 Καμϐύ-

371 3447 475 3499 σην
509 3429 599 3482 τὸν
625 3428 837 3481 ἐκείνου
871 3428 1038 3481 παῖδα
1081 3429 1175 3480 ἐπὶ
1202 3428 1430 3499 Δαρείου
1479 3426 1573 3481 τοῦ
1614 3427 1947 3492 Ὑστάσπου,

367 3518 466 3572 τοῦ
518 3516 827 3589 Ζοροϐάϐελ
876 3516 978 3588 ήδη
1030 3523 1123 3570 τὸν
1166 3516 1307 3569 θεῖον
1351 3515 1763 3586 οἰκοδομοῦντος
1788 3514 1947 3581 νεὼν,

367 3609 473 3681 τὴν
501 3608 839 3679 προφητείαν
869 3608 1198 3678 ἐποιήσαντο
1219 3624 1232 3639 ·
1270 3605 1391 3677 μεθ’
1436 3605 1531 3671 οὓς
1565 3605 1741 3670 οὐδεὶς
1763 3605 1951 3677 ἕτερος

371 3700 508 3768 παρ’
546 3696 821 3759 Ἰουδαίοις
843 3698 1130 3768 προφήτης
1188 3697 1527 3769 εὑρίσκεται.
1572 3697 1647 3750 Ού
1670 3697 1853 3751 τοίνυν
1874 3697 1951 3758 ὡς

371 3785 496 3836 κατ’
524 3784 685 3836 αὐτὸν
738 3785 780 3815 ¹⁹
819 3783 1103 3852 γεγονότες
1170 3784 1301 3855 μίαν
1350 3785 1534 3856 έχουσι
1590 3785 1795 3856 βίϐλον,
1835 3787 1952 3841 ἀλλ’

378 3873 569 3942 ἐπειδὴ
618 3874 681 3927 δι’
719 3874 916 3943 όλίγων
952 3876 1281 3947 ἐποιήσαντο
1326 3876 1426 3939 τὰς
1461 3878 1815 3948 προρρήσεις,
1856 3878 1952 3933 καὶ

376 3963 480 4032 οὐχ
516 3963 724 4036 ἀπέχρη
777 3966 982 4020 τούτων
1031 3966 1260 4028 ἕκαστος
1312 3967 1394 4030 εἰς
1441 3969 1570 4036 μιᾶς
1624 3966 1811 4037 βίϐλου
1859 3968 1949 4021 διὰ

374 4054 691 4126 βραχύτητα
740 4060 1106 4129 κατασκευὴν,
1179 4057 1406 4121 εἰκότως
1451 4058 1501 4110 οἱ
1537 4056 1803 4111 ἀνέκαθεν
1840 4058 1950 4110 τῶν

368 4147 539 4203 θείων
588 4151 1012 4218 πεφροντικότες
1063 4152 1131 4215 ²⁰,
1156 4151 1264 4204 τῶν
1309 4150 1631 4203 δυοκαίδεκα
1655 4149 1949 4221 προφητῶν

364 4240 472 4304 τὰς
502 4242 834 4312 προρρήσεις
854 4242 1272 4310 συναγαγόντες,
1297 4241 1422 4311 μίαν
1438 4240 1720 4309 ἀπέφηναν
1745 4240 1945 4309 βίϐλον.

364 4332 581 4402 Καιρδς
632 4332 690 4385 δὲ
743 4331 949 4399 λοιπὸν,
1003 4337 1105 4405 τῆς
1158 4333 1301 4386 κατὰ
1344 4332 1509 4405 μέρος
1537 4332 1683 4401 ἡμᾶς
1708 4330 1948 4400 ἅψασθαι

365 4421 693 4492 ἑρμηνείας,
719 4424 819 4492 τῆς
852 4423 1012 4494 Ὠσηὲ
1064 4422 1405 4494 προφητείας
1445 4424 1503 4476 ὲν
1536 4421 1817 4493 κεφαλαίῳ
1845 4422 1945 4493 τήν

365 4512 629 4567 ὑπόθεσιν
656 4511 1091 4582 προδιδάξαντες.

1983 1870 2023 1924 Β

2051 728 2392 797 temporibus
2420 727 2584 789 θείω,
2616 726 2892 782 Joathami
2915 767 2931 791 ,
2963 725 3162 782 Achasi
3189 768 3203 791 ,
3245 735 3297 780 et
3333 724 3579 782 Ezechiae
3602 766 3619 793 ,

2048 831 2241 887 regum
2292 817 2465 881 Iudae.
2521 821 2692 874 Amos
2742 818 3001 873 similiter
3054 817 3397 888 temporibus
3451 816 3618 873 Ozim.

2046 907 2164 964 Joel
2211 910 2418 979 pariter
2462 909 2657 965 horum
2704 925 2923 965 coaevus
2957 924 3021 965 ac
3064 909 3294 978 aequalis
3332 908 3457 963 fuit.
3520 908 3621 963 Mi—

2050 999 2234 1055 chaeas
2267 1006 2450 1055 autem
2484 999 2669 1055 statim
2696 1008 2823 1070 post
2841 1009 3071 1055 mortem
3102 999 3248 1055 Ozias
3272 1000 3618 1071 pr0phetiam

2048 1088 2277 1159 incepit,
2304 1090 2502 1145 diebus
2522 1090 2818 1153 Joathami,
2843 1090 3048 1146 Achasi
3079 1099 3133 1146 et
3164 1090 3429 1146 Ezechiae.
3452 1090 3623 1147 Jonas

2047 1179 2217 1235 etiam
2257 1181 2491 1251 hujusce
2519 1182 2719 1237 classis
2754 1190 2838 1237 est
2870 1197 2884 1233 :
2918 1182 3169 1251 quamvis
3201 1183 3345 1237 enim
3378 1183 3617 1253 prophe-

2048 1271 2137 1326 tiae
2165 1278 2383 1340 tempus
2418 1271 2615 1338 tacuit,
2647 1271 2903 1325 volumen
2938 1279 3120 1325 tamen
3158 1270 3620 1340 Paralipomenon

2049 1363 2155 1419 hoc
2197 1364 2359 1433 plane
2395 1363 2578 1419 docet.
2631 1362 2845 1416 Nahum
2900 1371 3026 1431 post
3072 1360 3268 1417 Jonam
3320 1362 3622 1432 prOphetite

2047 1455 2253 1509 donum
2278 1454 2509 1523 accepit,
2530 1454 2680 1525 quod
2704 1453 3005 1523 prophetia:
3031 1462 3414 1523 argumentum
3442 1454 3619 1523 ipsum

2049 1554 2240 1614 aperte
2272 1544 2541 1598 declarat.
2588 1542 2725 1597 Nam
2754 1542 2948 1608 Jonas,
2973 1558 3097 1596 cum
3147 1557 3468 1612 supremum
3506 1541 3623 1596 exi-

2049 1636 2187 1689 tium
2224 1634 2507 1691 -Ninevitis
2549 1635 2793 1689 futurum
2842 1634 3263 1699 denuntiasset,
3315 1643 3374 1689 ut
3421 1634 3621 1705 resipi-

2050 1728 2277 1783 scentiae
2352 1727 2617 1783 remediis
2658 1734 2953 1782 uterentur
3010 1724 3232 1781 effecit:
3284 1741 3409 1796 quae
3452 1740 3623 1780 causa

2052 1818 2195 1885 fuit,
2241 1826 2301 1873 ut
2343 1819 2515 1875 duras
2559 1819 2682 1874 illas
2727 1817 3115 1889 praedictiones
3166 1816 3347 1887 reipsa
3403 1816 3621 1886 experti

2052 1927 2165 1967 non
2197 1912 2331 1968 sint.
2365 1912 2475 1968 Ubi
2502 1927 2635 1967 vero
2659 1912 2714 1965 in
2746 1910 2981 1980 pristina
3019 1908 3226 1980 ﬂagitia
3260 1909 3457 1963 iterum
3491 1923 3621 1979 pro-

2052 2004 2215 2075 lapsi,
2242 2017 2460 2058 summo
2483 2003 2754 2073 supplicio
2776 2002 2940 2073 digna
2967 2002 3382 2064 commiserunt,
3406 1998 3621 2054 Nahum

2051 2104 2173 2165 post
2202 2094 2317 2151 haec
2335 2110 2522 2151 eorum
2551 2095 2803 2151 funditus
2825 2094 3190 2164 perditionem
3216 2092 3483 2163 praedicit.
3497 2090 3620 2145 Jam

2050 2202 2183 2241 vero
2230 2202 2296 2242 ex
2336 2187 2598 2241 aerumnis
2647 2200 2787 2255 quas
2825 2185 3031 2240 Abdias
3076 2185 3327 2239 Idumam
3374 2198 3625 2254 praenun-

2050 2279 2228 2342 tiavit,
2248 2286 2494 2349 apparet,
2520 2294 2647 2333 cum
2680 2285 2868 2349 postea
2900 2277 3243 2349 pr0phetiam
3277 2275 3621 2329 inchoasset.

2055 2369 2269 2440 1309
2326 2369 2636 2439 Suphonias
2689 2377 2870 2424 autem
2927 2366 3220 2423 manifeste
3264 2367 3466 2431 docet,
3518 2365 3625 2421 sub

2047 2460 2203 2515 Josia
2263 2475 2392 2531 rege
2439 2459 2681 2515 divinam
2738 2459 3131 2514 revelationem
3184 2472 3244 2512 se
3306 2463 3623 2512 assecutum

2050 2552 2255 2616 fuisse,
2296 2566 2408 2621 quo
2450 2560 2697 2620 tempore
2748 2549 3107 2605 admirandus
3148 2549 3314 2603 etiam
3351 2546 3622 2601 Jeremias

2050 2641 2396 2697 vaticinatus
2422 2650 2530 2698 est.
2557 2638 2818 2695 Habacuc
2837 2654 2971 2694 vero
3000 2654 3111 2694 non
3140 2639 3313 2693 multo
3337 2638 3420 2692 his
3439 2645 3625 2707 poste-

2051 2732 2167 2787 rior
2209 2732 2333 2787 fuit.
2368 2733 2601 2802 Aggaeus
2639 2745 2772 2786 vero
2797 2768 2813 2794 ,
2858 2730 3158 2785 Zacharias
3220 2738 3275 2784 et
3322 2727 3622 2781 Malachias

2051 2822 2245 2878 multis
2271 2829 2395 2893 post
2424 2821 2587 2876 annis
2613 2819 2967 2875 exstiterunt.
2994 2819 3131 2871 Nam
3156 2834 3264 2872 non
3304 2816 3467 2871 modo
3499 2823 3622 2885 post

2049 2911 2281 2976 Josiam,
2317 2918 2372 2966 et
2397 2909 2727 2974 Joacimu‘m,
2757 2919 2814 2965 et
2836 2906 3187 2971 Jechoniam,
3215 2914 3270 2961 et
3305 2904 3617 2971 Sedeciam,

2050 3017 2241 3059 verum
2272 3003 2439 3057 etiam
2470 3009 2593 3071 post
2619 2999 3004 3071 Bahylonicam
3030 2997 3439 3068 captivitatem,
3470 3005 3625 3066 post-

2050 3110 2158 3165 que
2183 3095 2385 3165 Cyrum
2436 3093 2672 3163 primum
2712 3091 3008 3148 Persarum
3050 3106 3230 3162 regem
3260 3128 3277 3156 ,
3312 3089 3405 3159 qui
3449 3103 3627 3159 popu-

1974 3189 2018 3247 (ι
2056 3184 2169 3238 lum
2198 3183 2564 3239 Israeliticum
2593 3182 2775 3237 redire
2805 3186 2823 3204 ‘
2850 3180 3117 3252 permisit,
3151 3194 3215 3235 ac
3246 3189 3370 3250 post
3389 3180 3626 3250 Camby-

2051 3291 2149 3331 sen
2188 3275 2356 3343 hujus
2414 3273 2623 3339 filium,
2676 3274 2834 3328 Dario
2875 3272 3164 3344 Hystaspis
3214 3272 3326 3327 ﬁlio
3361 3279 3625 3341 regnante

2051 3383 2117 3423 ac
2151 3366 2483 3421 Zororabele
2520 3375 2777 3421 sanctum
2820 3364 3087 3435 templum
3122 3362 3236 3433 jam
3276 3363 3623 3426 mdificante,

2050 3456 2468 3527 prophetarum.
2508 3454 2640 3511 Post
2672 3469 2838 3525 quos,
2869 3455 3012 3525 apud
3042 3452 3264 3508 Judteos
3291 3467 3452 3507 nemo
3478 3453 3623 3508 alius

2050 3548 2318 3618 propheta
2358 3547 2659 3602 invenitur.
2707 3546 2827 3601 Non
2862 3547 3049 3616 itaque
3082 3545 3229 3616 quod
3267 3560 3375 3599 uno
3401 3545 3623 3601 eodeni-

2050 3654 2158 3709 que
2197 3646 2444 3709 tempore
2487 3638 2737 3704 fuerint,
2785 3637 2842 3692 in
2884 3653 3057 3692 unum
3094 3638 3349 3692 volumen
3389 3637 3624 3707 conjun-

2052 3737 2258 3800 guntur
2290 3749 2302 3784 :
2338 3729 2432 3785 sed
2459 3730 2587 3799 quia
2621 3738 2677 3785 et
2714 3729 2911 3801 paucis
2941 3729 3327 3800 praedictiones
3357 3730 3625 3800 complexi

2052 3829 2219 3887 sunt,
2249 3837 2350 3876 nec
2382 3824 2522 3877 satis
2550 3823 2620 3876 ob
2651 3822 2985 3877 brevitatem
3013 3820 3213 3877 fuisset
3247 3825 3625 3893 unusquisque

2052 3912 2120 3965 ad
2144 3912 2306 3966 unius
2335 3911 2459 3965 libri
2487 3911 2969 3981 compositionem,
2995 3911 3119 3981 jure
3143 3912 3405 3980 majores,
3423 3915 3625 3982 quibus

2050 4002 2182 4055 olim
2216 4001 2402 4055 divina
2433 4016 2582 4056 cura:
2621 4000 2869 4063 fuerunt.
2898 4000 3189 4055 duodecim
3226 4001 3622 4070 prophetarum

2052 4090 2441 4161 praedictiones
2477 4092 2534 4146 in
2574 4107 2746 4146 unum
2788 4090 3046 4147 redactas
3090 4092 3294 4146 librum
3335 4092 3622 4148 concluse.

2050 4188 2200 4234 runt.
2236 4178 2343 4235 Sed
2379 4186 2597 4250 tempus
2624 4188 2738 4245 est,
2767 4190 2826 4236 ut
2856 4196 2952 4251 per
2977 4190 3166 4249 partes
3201 4182 3351 4237 Osete
3381 4183 3623 4253 prophe-

2052 4272 2183 4326 tiam
2212 4271 2586 4341 explicemus,
2612 4280 2903 4343 postquam
2938 4272 3252 4329 summatim
3293 4273 3413 4345 cjus
3459 4288 3620 4345 argu-

2050 4372 2295 4420 mentum
2320 4364 2730 4434 proposuimus.

1678 4676 1914 4733 VARUE
1959 4678 2361 4737 LECTIONES.

448 4764 493 4844 ξ⁶
525 4764 1010 4844 ‘18.“Edit.nprio_r
1035 4764 1272 4844 habebat
1318 4766 1568 4844 Ἰουδαίᾳ,
1602 4770 1695 4844 sed
1733 4770 1857 4844 in}
1887 4771 1951 4844 ad
1986 4773 2283 4841 marginem
2324 4772 2619 4844 ascriptum
2646 4778 2748 4844 est,
2791 4772 2920 4835 toto;
2959 4770 3253 4844 Ἰδουμαία.
3328 4774 3369 4806 ⁸⁷
3411 4774 3619 4844 ’Ᾱμ6α-

347 4834 535 4912 γούυ..
616 4836 659 4867 ³³
689 4836 733 4889 Α
754 4834 871 4892 etC
896 4835 1055 4890 λεών.
1140 4837 1181 4868 ¹⁹
1214 4835 1255 4889 C
1289 4838 1431 4890 κατὰ
1470 4834 1685 4893 ταύτόν.

1789 4841 1833 4870 ¹⁰
1877 4840 1925 4895 Α
1951 4840 2377 4913 πεφρονηκότες,
2426 4840 2483 4896 in
2525 4843 2766 4912 margine
2815 4842 3250 4914 πεφροντικότες.
