4092 6402
470 423 603 493 1551

1340 475 1344 478 .
1425 417 1910 480 THEODORETI
1950 415 2289 477 EPISCOPI
2334 411 2706 474 CYRENSIS

3595 405 3731 472 1552

476 545 3721 594 ΝΜ

789 722 1136 856 ΤΟΥ
1211 713 2090 852 ΜΑΚΑΡΙΟΥ
2165 699 3389 846 ΘΕΟΔΩΡΗΤΟΥ’

1777 943 2177 1002 ΕΠΙΣΚΟΠΟΥ
2208 945 2394 1002 ΚΥΡο
2405 947 2444 1004 1⁸

951 1135 1522 1227 ΕΡΜΗΝΕΙΑ
1606 1136 1778 1221 ΕΙΣ
1848 1134 2072 1218 TON

2169 1130 2787 1216 ΠΡΟΦΗΤΗΝ
2882 1131 3206 1215 ΩΣΗΕ.

1305 1488 2880 1663 BEATITHEODORETI

1759 1774 2068 1834 EPISCOPI
2123 1771 2464 1834 CYRENSIS

1035 1945 1731 2039 ENABRATIO
1785 1946 1911 2035 IN
1973 1943 2362 2037 OSEAM
2436 1944 3220 2039 PROPHETAM.

887 2292 1100 2365 1310
1139 2289 1646 2348 ARGUMENTUM.

560 2390 754 2464 Populi
800 2387 906 2444 sub
944 2385 1229 2440 lioboamo
1275 2385 1387 2440 lilio
1440 2383 1758 2438 Salomonis
1788 2383 2067 2439 divisione

495 2485 661 2548 iacta,
689 2483 880 2537 decem
905 2477 1166 2533 tribubus
1201 2475 1493 2531 Jeroboam
1537 2474 1683 2530 illius
1712 2473 1924 2529 Nabath
1961 2475 2066 2528 im-

492 2577 702 2649 peravit
727 2586 774 2628 ι’.
814 2570 918 2626 Hic
944 2585 1070 2624 cum
1105 2577 1374 2623 metueret
1427 2581 1519 2632 ne,
1553 2566 1709 2623 festis
1745 2566 1938 2622 diebus
1971 2581 2070 2636 po-

497 2667 682 2734 pulum
714 2664 782 2718 ad
813 2660 1077 2730 templum
1112 2658 1682 2728 Hierosolymitanum
1715 2657 2067 2723 vocantibus,

498 2759 554 2810 in
593 2754 918 2809 Davidicum
952 2763 1185 2820 regnum
1217 2748 1407 2803 decem
1440 2748 1618 2803 tribus
1662 2747 1934 2811 redirent,
1973 2746 2075 2800 im-

496 2848 756 2917 pietatem
804 2843 860 2899 in
901 2839 1076 2898 Deum
1110 2837 1323 2893 nefarie
1359 2853 1593 2894 exorsus
1641 2846 1770 2901 est,
1825 2837 2074 2906 duasque

498 2938 702 2991 vitulas
761 2948 961 2988 aureas
1002 2929 1244 2986 coniecit
1283 2944 1562 3001 :quarnm
1611 2929 1771 2985 alteri
1810 2929 1866 2984 in
1915 2928 2027 2981 Dan
2058 2967 2073 2992 ,

500 3027 658 3082 alteri
699 3026 757 3080 in
787 3023 976 3079 Bethel
1002 3023 1294 3078 delubrum
1327 3022 1508 3076 erexit
1529 3021 1579 3077 ἀ.
1633 3021 1775 3076 Hinc
1807 3021 2074 3090 originem

502 3123 729 3176 sumens
757 3116 1014 3185 impietas
1042 3113 1401 3168 ﬁnitimarum
1435 3128 1660 3182 quoque
1690 3113 1933 3183 gentium
1963 3113 2077 3166 ido-

503 3209 571 3265 lis
603 3206 816 3263 servire
845 3205 969 3260 illos
997 3205 1208 3259 docuit.
1236 3203 1395 3259 llnde
1433 3204 1490 3257 in
1529 3209 1836 3258 extremam
1868 3201 2076 3272 iniqui-

502 3301 670 3353 tatem
717 3296 984 3368 prolapsi,
1014 3295 1203 3350 divina
1265 3293 1607 3365 providentia
1665 3292 1884 3363 spoliati
1924 3303 2079 3347 sunt.

500 3393 578 3446 Ac
638 3391 852 3461 primus
914 3389 1134 3459 quidem
1179 3402 1275 3444 eos
1330 3387 1628 3441 debellavit
1674 3386 1840 3440 Azael
1909 3384 2080 3456 Syro-

2090 2170 2165 2187 ὴ

2092 2299 2141 2355 Α

2775 2292 3061 2348 ΥΠΟΘΕΣΙ
3069 2293 3126 2348 Σ.

2239 2382 2352 2454 Τῆς
2380 2382 2474 2438 τοῦ
2518 2382 2648 2437 λαοῦ
2693 2383 3012 2454 διαιρέσεως
3055 2385 3149 2437 ἐπὶ
3192 2385 3428 2456 Ῥοϐοάμ
3457 2384 3550 2440 τοῦ
3592 2385 3758 2439 Σολο-

2173 2473 2383 2545 μῶντος
2426 2475 2820 2546 γεγενημένης,
2851 2474 2958 2528 τῶν
2993 2475 3125 2530 δέκα
3167 2476 3353 2546 φυλῶν
3397 2477 3684 2549 Ἱεροϐοάμ
3721 2479 3756 2529 ὁ

2170 2565 2360 2620 Ναϐάτ
2393 2566 2760 2624 ἐϐασίλευσεν.
2789 2560 2955 2629 Οὗτος
2978 2565 3160 2630 δείσας
3192 2569 3290 2639 μὴ,
3312 2568 3420 2621 τῶν
3460 2567 3600 2621 κατά
3631 2585 3760 2620 και.-

2176 2655 2266 2728 ρδν
2300 2655 2503 2726 ἑορτῶν
2547 2659 2626 2720 εἰς
2673 2656 2763 2708 τὸν
2798 2658 2856 2709 ἐν
2893 2655 3289 2727 Ἰεροσολύμοις
3333 2655 3467 2710 νεὼν
3501 2656 3592 2710 τὸν
3621 2655 3758 2709 λαὸν

2173 2744 2473 2809 καλουσῶν,
2507 2747 2588 2809 είς
2621 2745 2718 2816 τὴν
2750 2744 3040 2816 Δαϐιτικὴν
3061 2746 3105 2775 ¹²
3134 2747 3503 2801 ἐπανέλθωσιν
3527 2748 3582 2801 αἱ
3616 2748 3759 2800 δέκα

2175 2836 2340 2905 φυλαὶ
2372 2834 2649 2904 βασιλείαν
2669 2875 2684 2901 ,
2721 2832 2855 2906 ἦρξε
2898 2836 3082 2901 κακῶς
3114 2838 3210 2906 τῆς
3241 2837 3318 2900 εἰς
3344 2837 3436 2892 τὸν
3464 2837 3594 2892 Θεὸν
3620 2840 3761 2891 ἀσε-

2176 2927 2350 2993 ϐείας,
2379 2928 2472 2981 καὶ
2515 2927 2606 2984 δύο
2635 2927 2898 2999 δαμάλεις
2940 2929 3359 2993 κατασκευάσας
3402 2931 3636 3000 χρυσᾶς,
3684 2931 3757 2998 τῇ

2180 3022 2279 3093 μὲν
2311 3025 2368 3076 ἐν
2395 3025 2462 3092 τῇ
2493 3024 2600 3077 Δᾶν
2625 3065 2640 3087 ,
2670 3025 2735 3093 τῇ
2772 3023 2828 3076 δὲ
2871 3023 2932 3076 ἐν
2975 3025 3043 3093 τῇ
3093 3021 3297 3092 Βαιθὴλ
3334 3022 3561 3091 τέμενος
3618 3036 3760 3076 κατ⁶

2177 3111 2472 3164 εσκεύασεν
2496 3109 2881 3164 ¹³ρἙντεῦθεν
2913 3111 2947 3181 ἠ
2981 3109 3208 3164 ἀσέϐεια
3235 3109 3473 3163 λαϐοῦσα
3521 3110 3758 3180 παρείσ-

2177 3203 2349 3267 δυσιν,
2385 3203 2479 3257 καὶ
2523 3205 2638 3265 τοῖς
2669 3203 2776 3255 τῶν
2819 3203 3038 3274 ὁμόρων
3069 3203 3237 3257 ἐθνῶν
3285 3201 3526 3266 εἰδώλοις
3557 3202 3761 3265 αὐτοὺς

2178 3293 2462 3368 λατρεύειν
2496 3293 2731 3358 ἐδίδαξεν
2757 3311 2772 3326 ·
2801 3295 2881 3356 είς
2910 3293 3134 3363 ἔσχατον
3161 3293 3216 3346 δέ
3248 3293 3596 3364 παρανομίας
3626 3293 3760 3347 ἐλά-

2181 3401 2373 3447 σαντες
2415 3384 2513 3452 τῆς
2566 3383 2718 3447 θείας
2784 3384 3179 3454 ἐγυμνώθησάν
3235 3384 3597 3455 προμηθείας.
3648 3386 3763 3437 Καὶ

501 3497 626 3536 rum
663 3479 872 3550 1311
926 3494 1070 3533 rex:
1125 3477 1325 3532 deinde
1375 3477 1531 3532 Phua
1571 3477 1928 3546 Assyriorum
1979 3490 2078 3529 rex

2183 3477 2394 3547 πρῶτος
2431 3477 2528 3546 μὲν
2566 3476 2765 3538 αὐτοὺς
2815 3475 3012 3546 Ἀζαὴλ
3044 3479 3072 3530 ὁ
3110 3477 3218 3529 τῶν
3249 3477 3434 3546 Σύρων
3465 3477 3767 3529 κατεπολέ-

503 3572 805 3627 maximum
847 3569 1118 3623 tributum
1169 3559 1414 3639 "exegit.
1457 3568 1588 3621 Post
1621 3567 1771 3620 hunc
1815 3566 2079 3635 Tcglath-

507 3661 787 3731 phalasar,
822 3672 949 3712 cum
986 3658 1190 3712 multas
1215 3659 1382 3712 urbes
1411 3656 1727 3721 evertisset,
1773 3657 2079 3710 incolarum
2111 3639 2155 3698 Β

509 3753 648 3806 alios
716 3748 1030 3812 interfecit,
1094 3749 1235 3803 alios
1298 3748 1356 3802 in
1417 3748 1794 3818 captivitatem
1853 3747 2079 3818 redegit.

507 3841 703 3896 Postea
750 3838 1108 3894 Salmanasar
1147 3853 1320 3908 regno
1367 3838 1696 3903 succedens,
1736 3838 1927 3893 eadem
1961 3853 2084 3892 rur-

511 3949 606 3989 sus
639 3931 768 3988 fecit
795 3938 989 3985 contra
1021 3929 1190 3985 urbes
1228 3929 1412 3984 adhuc
1443 3929 1708 3999 integras,
1737 3944 1860 3999 qua:
1893 3935 2082 3984 vasta-

2184 3584 2323 3640 μησε
2376 3566 2667 3636 βασιλεύς·
2710 3564 2828 3619 εἶτα
2861 3567 3005 3620 Φουά
3041 3569 3069 3620 ὁ
3095 3567 3204 3620 τῶν
3255 3567 3557 3637 Ἀσσυρίων
3602 3584 3764 3636 τηνι-

2183 3659 2310 3712 κάδε
2343 3658 2412 3710 τά
2446 3659 2702 3728 σκῆπτρα
2743 3659 3010 3727 κατέχων,
3046 3659 3211 3728 φόρον
3241 3659 3323 3712 ὅτι
3362 3659 3612 3712 πλεῖστον
3648 3660 3767 3710 εἰσ-

2184 3747 2408 3819 ἔπραξε.
2440 3749 2592 3802 Μετὰ
2630 3749 2817 3801 τοῦτον
2850 3749 3318 3821 Θεγλαθεραλασάρ
3339 3751 3386 3782 ⁸⁵
3418 3749 3619 3812 πολλάς
3651 3749 3769 3803 τῶν

2185 3841 2393 3894 πόλεων
2416 3841 2749 3905 ἀναστάτους
2785 3841 3122 3910 πεποιηκὼς,
3151 3844 3276 3904 τοὺς
3313 3842 3412 3910 μὲν
3444 3841 3620 3894 ἀνεῖλε
3649 3841 3769 3894 τῶν

2185 3930 2558 3998 ἐνοικούντων,
2594 3933 2718 3996 τοὺς
2759 3933 2816 3986 δὲ
2859 3933 3232 4005 δορυαλώτους
3273 3935 3554 4004 ἀπήγαγε.
3603 3933 3770 3988 Μετὰ

511 4033 578 4079 tzc
607 4024 850 4080 nondum
890 4022 1126 4087 fuerant,
1155 4028 1344 4091 atque,
1372 4021 1620 4076 exercitu
1654 4020 1721 4074 ad
1741 4019 2082 4075 obsidionem

2183 4023 2374 4078 τοῦτον
2411 4023 2778 4094 Σαλμανασὰρ
2796 4026 2841 4056 ’⁵
2875 4026 2974 4096 τὴν
3024 4026 3310 4096 βασιλείαν
3350 4026 3766 4093 διαδεξάμενος.

509 4117 711 4179 diviso,
759 4127 870 4169 una
911 4127 1037 4168 cum
1087 4111 1500 4167 habitatoribus
1554 4109 1859 4164 Samariam
1915 4111 2082 4180 cepit,

511 4210 810 4278 decemque
849 4205 1091 4260 tribuum
1124 4203 1389 4274 reliquias
1419 4203 1472 4256 in
1507 4201 1790 4273 Assyriam
1832 4201 2082 4256 abduxit.

512 4299 830 4355 Postremus
893 4311 1026 4353 vero
1081 4311 1178 4351 rex
1238 4295 1595 4365 Assyriorum
1662 4291 2084 4354 Sennaclierim,

513 4405 639 4444 cum
682 4389 887 4444 bellum
917 4395 1110 4442 contra
1149 4384 1394 4440 Judaaam
1443 4385 1731 4448 movisset,
1763 4385 1928 4438 urbes
1961 4381 2087 4451 qui-

512 4481 636 4533 dem
667 4479 884 4547 aliquas
908 4477 1077 4547 cepit;
1098 4474 1194 4530 sed
1229 4491 1353 4530 cum
1387 4483 1658 4530 tentasset
1683 4475 1939 4529 obsidere
1964 4472 2089 4526 Ilie-

512 4567 868 4639 rosolymam,
916 4565 1188 4619 divinitus
1237 4563 1390 4618 illata
1431 4565 1593 4634 plaga
1627 4563 1932 4620 exercitum
1967 4574 2091 4629 per-

513 4658 675 4724 didit,
717 4659 835 4728 ipse
872 4671 1004 4710 vero
1035 4658 1248 4726 integer
1275 4664 1331 4710 et
1365 4656 1554 4710 salvus
1584 4655 1794 4721 evasit,_
1820 4661 1878 4705 ut
1911 4663 2093 4718 prmco

517 4752 671 4805 ﬁeret
699 4749 945 4804 numinis
977 4749 1148 4804 divini
1176 4767 1190 4803 :
1224 4757 1276 4802 at
1324 4763 1452 4803 cum
1492 4748 1715 4801 domum
1748 4742 2028 4804 mdiisset,
2061 4755 2092 4794 a

517 4840 636 4894 suis
664 4836 856 4893 liberis
890 4844 1124 4893 necatus
1176 4835 1304 4902 fuit,
1346 4834 1610 4906 quoniam
1658 4841 1716 4887 et
1758 4833 1880 4902 ipse
1911 4845 1942 4884 a
1983 4827 2092 4886 Deo

517 4929 697 4985 factus
751 4938 944 4984 contra
1010 4943 1172 4984 suum
1249 4927 1513 4982 factorem
1578 4923 1906 4979 insanierat.
1963 4919 2090 4976 Haec

517 5021 702 5089 itaque
731 5020 925 5074 beatus
950 5017 1144 5084 Oseas,
1192 5019 1249 5072 in
1280 5032 1485 5072 munus
1515 5014 1898 5086 propheticum
1945 5013 2090 5068 asci-

474 5100 483 5144 l
541 5127 630 5174 us,
683 5112 885 5167 mentis
923 5111 1105 5166 oculis
1169 5109 1330 5180 longe
1383 5108 1747 5179 prospiciens,
1792 5103 2092 5175 praedicere

2115 4982 2158 5040 C

2185 4114 2358 4168 ταύτά
2407 4114 2632 4186 δέδρακε
2683 4115 2845 4170 πάλιν
2899 4119 2997 4180 τὰς
3037 4118 3348 4188 ἀκηράτους
3399 4117 3772 4181 διασωθείσας

2186 4206 2295 4259 τῶν
2325 4206 2564 4270 πόλεων,
2613 4209 2709 4263 καὶ
2756 4207 2946 4262 διελὼν
2992 4210 3072 4272 είς
3110 4207 3424 4278 πολιορκίαν
3468 4208 3570 4279 τὴν
3600 4224 3768 4278 στρα-

2185 4299 2306 4352 τιάν
2325 4299 2394 4364 ³⁸,
2427 4298 2731 4371 αὔτανδρον
2777 4299 2936 4352 ἔλαϐε
2986 4300 3086 4370 τὴν
3129 4301 3464 4370 Σαμάρειαν,
3510 4299 3602 4352 καὶ
3655 4297 3771 4350 τῶν

2186 4387 2317 4442 δέκα
2347 4387 2532 4456 φυλῶν
2582 4389 2642 4442 τὸ
2689 4389 3007 4460 λειπόμενον
3047 4392 3127 4453 είς
3164 4391 3264 4460 τὴν
3313 4389 3607 4460 Ἀσσυρίαν
3657 4389 3768 4442 ἀπο

2190 4474 2414 4543 ᾠκισεν.
2449 4479 2716 4548 Ἔσχατος
2745 4479 2800 4531 δὲ
2833 4479 3084 4548 βασιλεὺς
3123 4479 3422 4549 Ἀσσυρίων
3441 4481 3470 4532 ὁ
3491 4478 3769 4550 Σενναχη-

2193 4566 2322 4636 ρεὶμ
2354 4568 2498 4621 κατὰ
2553 4569 2654 4637 τῆς
2717 4569 2977 4633 Ἰουδαίας
3028 4569 3400 4642 στρατεύσας,
3455 4569 3605 4633 ἐνίας
3665 4571 3767 4639 μὲν

2191 4650 2300 4708 εἷλε
2333 4655 2442 4708 τῶν
2471 4656 2678 4710 πόλεων
2700 4696 2714 4720 ,
2763 4658 3125 4729 πολιορκῆσαι
3173 4659 3228 4712 δέ
3271 4659 3373 4729 τὴν
3407 4657 3769 4728 Ἰερουσαλὴμ

2194 4745 2498 4815 πειραθεὶς,
2524 4745 2770 4817 θεηλάτῳ
2793 4748 2977 4820 πληγῇ
3001 4749 3100 4820 τὴν
3125 4751 3383 4820 στρατιάν
3401 4751 3444 4781 ³⁷
3468 4749 3765 4814 ἀπολέσας,

2193 4833 2353 4897 αὐτὸς
2391 4835 2672 4906 άλώϐητος
2716 4838 3017 4908 τηνικαῦτα
3072 4840 3380 4909 μεμένηκεν
3403 4881 3417 4904 ,
3468 4841 3544 4903 ὼς
3578 4839 3644 4892 ἂν
3673 4839 3768 4907 γέο

2193 4941 2339 4978 νοιτο
2388 4924 2564 4995 κῆρυξ
2593 4927 2695 4997 τῆς
2736 4928 2888 4992 θείας
2915 4930 3230 5000 δυνάμεως·
3266 4931 3326 4984 ἐν
3362 4930 3422 4984 δὲ
3462 4933 3576 4993 τοῖς
3607 4928 3770 4998 βασις

2193 5017 2355 5081 λείοις
2384 5017 2696 5087 γενόμενος,
2727 5020 2832 5074 ὑπὸ
2857 5021 2966 5074 τῶν
3009 5021 3068 5089 ἐξ
3113 5021 3272 5076 αύτοῐ
3308 5022 3522 5091 φύντων
3548 5020 3773 5085 ἐδέξατο

2193 5109 2292 5179 τὴν
2324 5107 2539 5180 σφαγήν
2569 5125 2582 5140 ο
2619 5112 2810 5182 ἐπειδὴ
2846 5113 2940 5166 καὶ
2970 5113 3131 5177 αὐτὸς
3159 5114 3264 5166 ὑπὸ
3303 5113 3396 5167 τοῦ
3425 5112 3562 5166 Θεοῦ
3603 5130 3770 5181 γεγοο

515 5200 740 5271 jubetur
766 5201 996 5273 populo,
1035 5208 1095 5254 ut
1136 5201 1561 5270 pradictionum
1609 5204 1756 5253 metu
1790 5195 2091 5252 exterritus

2192 5198 2297 5262 νὼς
2343 5199 2486 5253 κατὰ
2541 5197 2638 5254 τοῦ
2685 5203 3045 5272 πεποιηκότος
3105 5203 3418 5275 ἐλύττησεν.
3473 5204 3532 5255 ’0
3584 5203 3770 5256 τοίνυν

518 5293 786 5364 supplicia
851 5293 1100 5362 fugeret,
1156 5293 1541 5362 malorumque
1607 5289 1912 5360 periculum
1980 5301 2090 5341 non

2193 5289 2479 5353 Θεσπέσιος
2522 5291 2678 5362 Ὠσηέ
2705 5293 2767 5345 τὸ
2811 5295 3148 5366 προφητικὸν
3175 5294 3468 5365 δεξάμενος
3491 5294 3767 5366 χάρισμα,

591 5419 612 5444 ε
653 5407 717 5462 lll
752 5407 886 5477 Reg.
919 5421 1020 5473 xu,
1046 5405 1139 5472 εο,
1166 5407 1325 5476 juxta
1354 5406 1515 5462 LXX.
1593 5404 1618 5443 δ
1644 5403 1779 5460 ibid.
1813 5403 1885 5458 26
1917 5417 2073 5472 seqq.

1814 5516 1899 5573 VA
1911 5514 2048 5570 lile
2089 5515 2488 5572 LECTIONES.

583 5616 627 5647 ’⁸
664 5613 718 5686 Α
743 5623 797 5668 et
813 5615 868 5686 t2
908 5611 1193 5686 Ὑττόθεσις
1221 5614 1321 5686 τῆς
1358 5614 1516 5686 Ὠσηὲ
1550 5611 1907 5686 προφητείας,
1931 5624 2055 5686 _n_on
2090 5609 2272 5686 addito
2312 5611 2534 5686 nomine
2568 5610 2898 5686 Theodoreti.

2997 5611 3112 5683 "_C
3150 5614 3485 5683 Aaui'jttx'qv,
3559 5613 3604 5643 "
3635 5631 3764 5672 κατ.

518 5685 562 5742 Α
590 5693 644 5754 et
680 5681 722 5736 C
755 5683 961 5754 addunt
991 5683 1218 5754 (omisso
1245 5677 1515 5754 νεφελκί)
1552 5677 1644 5738 κάι
1673 5677 1896 5754 ταύταις
1929 5677 2076 5754 θύειν
2131 5680 2220 5732 τὸν
2250 5679 2376 5735 λαὺν
2424 5681 2850 5751 παρεσκεύασεν.
2929 5683 2974 5712 ’⁸
3015 5681 3056 5736 C
3097 5677 3548 5751 Θεγλαθφασσάρ.
3629 5685 3674 5716 ³⁸
3719 5686 3766 5743 C

521 5752 899 5821 Σαλμανάσαρ.

1007 5749 1052 5782 ¹⁶
1081 5750 1122 5802 C
1158 5749 1465 5821 στρατείαν.
1497 5749 1505 5754 ’
1533 5755 1583 5785 ³⁷
1616 5755 1660 5806 Α
1690 5762 1742 5804 et
1767 5750 1806 5803 (ἑ
1839 5749 2148 5818 στρατείαν.
