4092 6444
456 433 595 501 1553

1787 441 1869 500 IN
1901 436 2092 500 OSEE
2121 438 2283 498 CAP.
2317 437 2358 496 ῐ.

3573 437 3707 501 1554

451 547 544 598 καὶ
575 543 862 615 πόρρωθεν
900 543 1075 598 ταῦτα
1121 543 1236 608 τοῖς
1267 547 1661 616 πνευματικοῖς
1692 547 2014 618 θεασάμενος

2130 543 2364 599 subiret.
2401 541 2589 612 Neque
2623 541 2768 598 enim
2804 543 3020 600 idcirco
3045 543 3192 602 Deus
3232 561 3422 617 ρωπος
3449 553 3707 611 minatur.

447 636 749 705 ὀφθαλμοῖς
773 675 790 700 ,
843 635 1138 708 προλέγειν
1180 637 1581 709 προστάττεται
1619 640 1698 712 τῷ
1741 640 1894 711 λαῷ,
1946 641 2032 694 ἴνα

447 727 724 789 δείσαντες
756 728 856 791 τὰς
907 729 1282 799 προρρήσεις,
1335 729 1550 799 φύγωσι
1605 731 1704 796 τὰς
1756 731 2028 796 κολάσεις,

449 819 544 870 καὶ
577 821 774 889 πεῖραν
807 818 881 888 μὴ
917 818 1125 872 λάϐωσι
1153 819 1266 872 τῶν
1293 821 1504 875 κακῶν.
1535 823 1674 876 esse
1702 823 1812 894 γάρ
1841 823 2030 876 τούτου

447 908 609 980 χάριν
642 911 671 962 ό
699 909 809 962 τῶν
857 909 999 963 ὅλων
1031 910 1165 974 Θεὸς
1210 911 1427 964 ἀπειλεῖ
1467 912 1566 976 τὰς
1615 913 1920 985 τιμωρίας,
1962 912 2029 966 ἶν’

447 1001 632 1071 ἐπάγῃ
645 1001 690 1033 ³⁸
721 1001 929 1065 ταύτας
951 997 1034 1064 οἷς
1054 1001 1268 1056 ἀπειλεῖ
1290 1021 1304 1034 ·
1332 1003 1446 1057 ἀλλ’
1477 1004 1564 1057 ἵνα
1585 1003 1662 1075 τῷ
1688 1005 1838 1075 φόϐῳ
1865 1022 2030 1059 κατα-

448 1091 660 1161 πλήξας
691 1093 772 1155 είς
803 1092 1169 1162 μεταμέλειαν
1189 1095 1392 1166 ἀγάγῃ,
1424 1096 1518 1150 καὶ
1546 1096 1646 1166 τῆς
1673 1097 2029 1168 τολμωμένης

446 1184 717 1253 πονηρίας
753 1183 1150 1255 ἐλευθερώσας,
1197 1185 1364 1258 ὀρέξῃ
1395 1186 1492 1258 τὴν
1523 1189 1818 1260 σωτηρίαν.
1855 1189 2030 1245 Κολά-

446 1270 562 1336 ζειν
616 1273 726 1344 γὰρ
782 1273 1108 1343 βουλόμενος
1161 1277 1264 1329 οὐκ
1322 1277 1389 1330 ἂν
1442 1278 1710 1350 ἠπείλησε
1764 1279 2023 1333 κόλασιν·

445 1363 687 1417 ἀπειλῶν
717 1365 775 1417 δὲ
827 1366 1134 1437 παραδηλοί
1179 1366 1256 1430 ὡς
1299 1367 1494 1433 σώζειν
1524 1369 1641 1423 ἀλλ’
1686 1372 1746 1424 οὐ
1777 1369 2028 1436 κολάζειν

448 1455 679 1524 ἐφίεται.
732 1457 948 1527 Πέμπει
994 1459 1175 1513 τοίνυν
1218 1461 1312 1513 τὸν
1367 1461 1638 1532 μακάριον
1681 1463 1876 1533 Ὠσηὲ,
1931 1465 2028 1519 καὶ

446 1546 568 1608 ταῖς
615 1545 748 1598 δέκα
781 1546 978 1615 φυλαῖς
1022 1548 1090 1602 τὰ
1141 1550 1538 1622 συμϐησόμενα
1593 1557 1896 1624 προειπεῖν,
1933 1557 2028 1610 καὶ

445 1638 566 1699 ταῖς
589 1635 684 1689 δύο
713 1637 978 1702 ὡσαύτως
999 1655 1014 1668 ·
1055 1641 1159 1711 τήν
1179 1658 1238 1694 τε
1286 1641 1380 1695 ἐπὶ
1407 1642 1504 1696 τοῦ
1526 1645 1905 1717 Σενναχηρεὶμ
1937 1663 2027 1715 γεο

444 1729 750 1800 νησομένην
799 1731 1076 1802 σωτηρίαν
1119 1735 1527 1806 προαγορεῦσαι
1553 1775 1568 1801 ,
1625 1741 1719 1790 καὶ⁹
1750 1739 1840 1791 τὸν
1868 1739 1961 1792 ἐπὶ
1982 1741 2027 1774 υ

444 1817 802 1873 Βαϐυλωνίων
821 1820 1262 1893 ἐπαχθησόμενον
1288 1826 1470 1889 αὐτοῖς
1494 1827 1716 1896 ὄλεθρον
1739 1845 1916 1902 προση
1925 1832 2029 1903 μῆ·-

441 1923 551 1960 ναι.
590 1909 762 1962 Καλεῖ
808 1909 865 1962 δὲ
899 1911 1006 1977 τὰς
1039 1913 1136 1983 μὲν
1164 1915 1274 1968 δύο
1303 1917 1504 1984 φυλὰς
1541 1919 1743 1973 Ἰούδαν
1764 1936 1779 1951 ·
1823 1922 1886 1976 οὑ
1915 1922 2024 1994 γὰρ

440 1997 509 2049 ἐκ
541 1998 643 2067 τῆς
684 2003 1062 2072 Βενιαμίτιδος
1084 2047 1099 2071 ,
1152 2007 1268 2060 ἀλλ’
1303 2011 1367 2062 ἐκ
1400 2009 1501 2080 τῆς
1550 2012 1721 2066 Ἰούδα
1755 2013 1928 2086 φυλῆς
1960 2016 2024 2069 τὸ

441 2091 722 2158 βασιλικὸν
765 2095 1156 2170 ἐϐεϐλαστήκει
1197 2099 1376 2168 γένος.
1411 2104 1520 2156 Καὶ
1568 2104 1637 2158 τά
1685 2106 1934 2176 βασίλεια
1964 2107 2021 2161 δὲ

434 2183 496 2235 ἐν
525 2187 640 2248 τοῖς
675 2187 1070 2261 Ἰεροσολύμοις
1119 2189 1186 2264 ἦν
1214 2211 1228 2223 ·
1273 2194 1532 2267 Ἰουδαῖκὴ
1580 2197 1637 2252 δέ
1662 2199 1757 2252 καὶ
1804 2199 1945 2269 αὕτη
1984 2202 2018 2271 ὴ

431 2272 610 2337 πόλις.
645 2276 754 2329 Καὶ
786 2279 971 2348 μέντοι
1003 2282 1099 2335 καὶ
1126 2282 1322 2354 πλήθει
1343 2326 1358 2348 ,
1393 2287 1490 2340 καὶ
1522 2288 1752 2360 δυνάμει
1794 2291 1857 2344 οὐ
1891 2291 2018 2344 τού-

429 2376 558 2425 τους
596 2365 793 2452 μόνους
815 2408 830 2433 ,
861 2368 998 2423 ἀλλὰ
1039 2373 1133 2424 καὶ
1177 2374 1307 2437 τοὺς
1347 2375 1541 2440 ἄλλους
1572 2379 1818 2444 ἅπαντας
1849 2380 2019 2452 ὑπερ·

431 2456 580 2523 εἰχον
624 2449 771 2511 οὗτοι
795 2473 810 2488 °
860 2461 1053 2515 τούτου
1107 2463 1267 2535 χάριν
1317 2465 1431 2519 ἀπὸ
1472 2469 1574 2538 τῆς
1639 2449 2018 2544 δυνατωτέρας

432 2545 604 2617 φυλῆς
643 2550 741 2613 τὰς
786 2550 880 2605 δύο
921 2557 1342 2626 προσαγορεύει.
1385 2560 1494 2612 Καὶ
1543 2561 1661 2626 τὰς·
1699 2561 1847 2616 δέκα
1896 2565 2024 2634 Ἐφ-

2137 641 2197 690 ut
2231 633 2436 704 quibus
2471 634 2719 689 minatur
2769 632 2972 689 inferat
3009 649 3104 690 eas
3135 653 3148 690 :
3185 635 3280 692 sed
3319 640 3382 692 ut
3414 647 3561 692 metu
3592 655 3713 708 per-

2137 724 2464 781 terrefactos
2500 724 2570 780 ad
2621 725 3063 794 resipiscentiam
3117 735 3361 790 revocet,
3408 736 3482 793 et,
3513 742 3639 782 eum
3679 745 3710 783 ιι

2139 817 2386 887 nequitia
2429 831 2594 887 quam
2630 817 2981 872 committunt
3009 832 3105 874 eos
3151 817 3490 884 liberaverit,
3517 822 3596 876 eis
3624 836 3711 875 sa-

2133 910 2304 966 lutem
2335 907 2550 965 afferat.
2578 907 2696 964 Non
2737 910 2881 964 enim
2927 911 3252 975 minaretur,
3296 911 3341 965 si
3376 913 3571 981 punire
3595 913 3708 968 vel-
3817 903 3831 916 ’

2135 1003 2212 1057 let
2246 1019 2260 1056 :
2288 1017 2413 1057 cum
2445 1015 2576 1055 vero
2603 1002 2782 1058 minas
2828 1001 3088 1066 intentat,
3132 1003 3374 1058 ostendit
3403 1020 3462 1060 se
3491 1019 3711 1059 scrvare

2132 1091 2295 1157 velle,
2321 1105 2432 1146 non
2463 1091 2713 1161 perdere.
2739 1090 3008 1157 Quocirca
3037 1093 3248 1163 1312
3280 1093 3496 1149 beatum
3510 1095 3707 1151 Oscam

2129 1181 2320 1247 mittit,
2375 1189 2438 1236 ut
2497 1180 2686 1235 decem
2741 1181 3020 1246 tribubus,
3065 1190 3121 1237 et
3177 1183 3394 1239 duabus
3458 1185 3705 1254 pariter,

2129 1279 2396 1328 eventura
2451 1271 2738 1342 praedicat,
2789 1279 2956 1342 atque
3006 1280 3067 1326 ut
3117 1275 3222 1330 sub
3277 1273 3708 1330 Sennacherimo

2131 1365 2375 1419 futuram
2409 1364 2646 1419 salutem
2679 1362 3034 1433 pranuntiet,
3081 1371 3196 1419 tum
3222 1365 3388 1420 etiam
3413 1380 3445 1418 a
3475 1365 3706 1437 Babylo-

2129 1457 2240 1513 niis
2269 1456 2615 1512 inferendam
2656 1456 2738 1512 eis
2778 1456 3078 1526 perniciem
3111 1457 3513 1528 prasigniticet.
3559 1459 3708 1514 Duas

2129 1558 2314 1614 autem
2353 1549 2522 1605 tribus
2548 1548 2747 1604 Judam
2781 1556 2982 1615 vocat;
3019 1563 3132 1604 non
3164 1549 3313 1605 enim
3341 1565 3405 1606 ex
3429 1549 3706 1619 Benjami-

2128 1642 2268 1708 tide,
2296 1641 2397 1698 sed
2429 1657 2498 1697 ex
2542 1641 2686 1696 tribu
2737 1639 2878 1696 Iuda
2907 1656 3084 1712 genus
3123 1641 3338 1712 regium
3387 1641 3705 1697 oriundum.

2129 1735 2296 1806 Regia
2322 1749 2545 1805 quoque
2573 1732 2976 1805 Hierosolymis
3001 1740 3142 1798 erat,
3175 1747 3298 1803 quae
3324 1740 3379 1787 et
3420 1733 3538 1803 ipsa
3574 1733 3703 1789 urbs

2133 1827 2234 1882 fuit
2275 1824 2527 1882 Iudaica.
2561 1824 2654 1880 Isti
2706 1839 2871 1894 porro
2905 1839 3018 1879 non
3072 1824 3160 1880 bis
3199 1826 3402 1888 solum,
3445 1825 3542 1881 sed
3581 1823 3704 1880 aliis

2131 1918 2394 1975 omnibus
2452 1915 2786 1986 prastabant
2843 1914 3055 1970 viribus
3102 1923 3158 1969 et
3212 1915 3617 1970 multitudine:
3671 1931 3709 1969 α

2128 2009 2420 2083 potentiori
2473 2011 2656 2079 itaque
2709 2009 2856 2062 tribu
2906 2007 3046 2063 duas
3097 2007 3436 2063 denominat.
3511 2007 3700 2062 Decem

2125 2119 2260 2162 vero
2296 2102 2463 2158 tribus
2505 2103 2747 2172 appellat
2777 2100 3063 2170 Ephraim,
3110 2099 3371 2168 quoniam
3407 2099 3709 2155 J‘eroboam.

2127 2211 2320 2254 earum
2351 2195 2565 2266 primus
2610 2207 2802 2249 rexex
2850 2193 2952 2248 bac
2999 2191 3151 2247 tribu
3211 2189 3336 2254 fuit,
3390 2197 3446 2244 et
3496 2191 3709 2260 regiam

2125 2304 2282 2345 suam
2307 2289 2361 2342 in
2393 2285 2643 2342 Samaria
2682 2285 2818 2339 urbe
2845 2283 3154 2347 constituit,
3181 2295 3304 2352 qua
3329 2282 3386 2336 in
3420 2281 3520 2334 hac
3553 2280 3698 2335 tribu

2128 2395 2325 2436 rursus
2358 2377 2653 2433 eminebat.
2704 2374 3090 2430 Excelluerunt
3121 2378 3304 2427 autem
3350 2377 3405 2425 et
3451 2370 3702 2426 multituv-

2127 2473 2256 2528 dine
2289 2477 2345 2526 et
2375 2469 2588 2524 viribus
2629 2467 2794 2522 etiam
2834 2466 2947 2521 isti.
2982 2463 3079 2520 His
3122 2462 3199 2517 ita
3233 2461 3547 2533 explicatis,
3587 2461 3698 2530 jam

2131 2562 2453 2635 explanatio
2480 2576 2578 2631 per
2606 2565 2795 2630 partes
2825 2554 3138 2626 incipienda
3169 2562 3273 2609 est.

438 2638 573 2709 ρατμ
632 2641 892 2712 ὀνομάζει
919 2663 934 2676 ·
987 2647 1176 2718 ἐπειδὴ
1229 2650 1321 2704 καὶ
1381 2649 1668 2724 Ἰερυὸοὰμ
1716 2659 1744 2708 ὁ
1802 2656 2019 2727 πρῶτος
2092 2657 2272 2712 αὐτῶν
2339 2653 2662 2725 βασιλεύσας
2692 2652 2757 2704 ἐκ
2785 2647 2986 2718 ταύτης
3016 2642 3086 2717 ἦν
3117 2646 3219 2717 τῆς
3264 2646 3458 2716 φυλῆς,
3491 2644 3590 2698 καὶ
3629 2642 3703 2696 τά

432 2730 677 2799 βασίλεια
712 2736 769 2786 ἐν
800 2738 864 2806 τῇ
899 2737 1184 2810 Σαμαρείᾳ
1227 2743 1598 2812 κατεστήσατο
1629 2743 1806 2807 πόλεις,
1833 2748 2008 2816 ταύτῃ
2049 2747 2213 2801 πάλιν
2242 2747 2308 2816 τῇ
2349 2743 2489 2814 φυλῇ
2534 2737 2899 2810 διαφερούσῃ·
2951 2736 3050 2791 καὶ
3101 2737 3161 2789 ἐν
3234 2735 3430 2807 πλήθει
3477 2734 3537 2788 δὲ
3603 2731 3693 2785 καὶ

425 2819 652 2890 ἀνδρείᾳ
713 2821 1010 2896 διέπρεπον
1061 2830 1156 2882 καὶ
1207 2825 1374 2887 οὗτοι.
1413 2832 1633 2888 Τούτων
1684 2836 1868 2888 τοίνυν.
1941 2830 2043 2893 ὧδε
2084 2835 2554 2909 διηυκρινημένων
2611 2834 2685 2897 ³⁸,
2734 2829 2966 2901 ἀρκτέον
3023 2827 3122 2900 ἤδη
3189 2829 3286 2898 τῆς
3337 2825 3480 2882 κατὰ
3533 2825 3696 2898 μέρος

425 2909 730 2983 ἑρμηνείας
749 2915 815 2969 ³⁸.

1027 3008 1428 3064 ΚΕΦΑΛΑΙΟΝ
1461 3013 1539 3066 A'.

499 3100 570 3148 α’.
611 3114 629 3146 ι
670 3097 844 3167 ⁴λόγος
886 3100 1094 3172 Κυρίου
1120 3142 1136 3168 ,
1179 3102 1240 3165 ὃς
1291 3103 1524 3176 ἐγενήθη
1557 3106 1694 3176 πρὸς
1739 3107 1898 3179 Ὡσηέ
1924 3109 2019 3163 τόν

421 3182 522 3237 τοῦ
553 3185 750 3257 Βεηρὶ,
801 3189 859 3266 ἐν
905 3189 1142 3266 ἡμέραις
1179 3192 1359 3257 Ὀζίου
1389 3234 1404 3257 ,
1457 3195 1552 3248 καὶ
1590 3197 1863 3269 Ἰωάθαμ,
1922 3197 2016 3252 καὶ

427 3277 608 3346 ’Ἄχας
628 3317 643 3341 ,
677 3280 772 3333 καὶ
812 3281 1056 3346 Ἐζεκίου
1106 3283 1372 3357 βασιλέων
1415 3287 1586 3341 Ἰούδα
1609 3329 1626 3354 ,
1661 3290 1756 3343 καὶ
1785 3292 1843 3345 ἐν
1879 3292 2018 3362 ήμέ-

2814 3011 2996 3068 APUT
3052 3010 3093 3066 I.

2814 3013 2898 3067 AP
3052 3013 3093 3066 I.

2193 3107 2360 3165 Vens.
2399 3111 2450 3163 I.
2496 3127 2514 3160 ‹
2578 3013 2816 3164 Verba:
2873 3013 3112 3170 Βῖἒίηί,
3151 3104 3297 3175 quod
3359 3104 3561 3158 factum
3612 3111 3698 3157 est

2121 3200 2198 3254 ad'
2224 3202 2442 3265 Oscam,
2486 3201 2661 3255 ﬁlium
2709 3198 2888 3264 Beeri,
2921 3197 2980 3252 in
3021 3196 3218 3252 diebus
3267 3194 3435 3258 Ozlaa,
3465 3193 3692 3249 Joatba-

2119 3290 2215 3356 mi,
2249 3291 2474 3357 Achaei,
2511 3300 2566 3345 et
2598 3289 2868 3355 Ezechiae,
2897 3301 3084 3359 regum
3109 3285 3262 3342 Judaa
3292 3303 3306 3341 :
3332 3293 3386 3340 ct
3409 3286 3703 3341 indiebus.

424 3385 552 3437 ραις
603 3370 921 3442 Ἰεροὸοὰμ.
971 3375 1092 3428 υἱοῦ
1137 3376 1330 3442 Ἰωᾶς,
1393 3376 1656 3446 βασιλέως
1705 3382 1946 3452 Ἰσραήλ.
1989 3401 2008 3433 ι

2118 3381 2454 3446 Ιοιόὶιοεηιί,
2499 3382 2595 3435 lilii
2641 3380 2816 3445 ,Ιοεεί,
2869 3380 3017 3449 regis
3064 3378 3252 3434 Israel.
3297 3393 3317 3430 ι
3382 3375 3552 3432 Plane
3589 3392 3691 3433 nos

424 3460 624 3528 Σαφῶς
652 3464 799 3532 ἡμᾶς
837 3463 1077 3532 ἐδίδαξεν
1100 3505 1114 3530 ,
1144 3467 1216 3530 ὼς
1253 3469 1458 3522 τούτων
1498 3470 1766 3525 κάκείνων
1797 3472 2010 3543 ἐχειρο-

421 3549 626 3620 τονήθη
659 3553 967 3623 προφήτηςο
994 3548 1054 3608 οῦ
1083 3555 1245 3624 χάριν
1266 3556 1328 3609 οὐ
1363 3559 1524 3628 μόνον
1551 3558 1658 3612 τῶν
1676 3560 1769 3613 τοῦ
1814 3561 2013 3616 Ἰούδα

417 3639 735 3703 ,ϐασιλέων
763 3641 1169 3713 ἐμνημόνευσεν
1190 3685 1204 3710 ,
1242 3647 1377 3700 ἀλλὰ
1405 3648 1502 3700 καὶ
1541 3647 1636 3701 τοῦ
1695 3649 2006 3719 Ἱεροϐοὰμ,

424 3730 485 3794 ὃς
512 3730 606 3783 τοῦ
641 3732 741 3801 μὲν
791 3734 945 3797 Ίωᾶς
980 3729 1051 3804 ἦν
1079 3735 1226 3800 υίὸς,
1259 3736 1482 3806 ἔκγονος
1507 3738 1564 3791 δὲ
1608 3741 1701 3792 τοῦ
1753 3739 2003 3811 Ἰωάχαζ,

430 3820 694 3888 ἀπόγονος
738 3823 794 3876 δὲ
842 3823 940 3876 τοῦ
983 3824 1119 3896 Ἰηοῦ
1150 3865 1164 3889 ,
1210 3827 1272 3879 ὃν
1320 3829 1347 3881 ό
1379 3828 1665 3892 θεσπέσιος
1706 3829 2006 3897 Ἐλισσαῖος

430 3909 574 3962 κατὰ
621 3909 761 3965 θεῖον
813 3913 999 3983 ἔχρισε
1050 3915 1257 3986 νεῦμα,
1305 3917 1446 3972 ὥστε
1487 3920 1582 3972 καὶ
1626 3919 1704 3990 τῷ
1754 3922 2004 3977 Ναϐουθέ

427 4002 760 4073 τιμωρῆσαι,
799 4006 895 4058 καὶ
919 4004 1017 4074 τὴν
1046 4010 1444 4078 μυσαρωτάτην
1484 4009 1720 4073 Ἰεζάδελ
1749 4011 1998 4065 κολάσαι.

423 4090 586 4146 Οὕτω
620 4095 870 4166 δηλώσας
924 4097 1014 4150 τὸν
1049 4097 1242 4168 χρόνον
1281 4099 1376 4152 καὶ
1427 4101 1554 4162 τοὺς
1599 4099 1882 4169 βασιλέας,
1924 4096 2000 4157 ὧν

423 4185 773 4254 κρατούντων
799 4188 1180 4259 ἐχειροτονήθη
1224 4191 1532 4261 προφήτης,
1572 4192 1797 4260 ἐπάγει·

496 4275 560 4346 β’.
607 4297 627 4330 ι
687 4279 855 4352 Ἀρχὴ
901 4280 1062 4349 λόγου
1102 4281 1308 4352 Κυρίου
1358 4282 1495 4352 πρὸς
1546 4282 1725 4352 Ὠσηέ.
1773 4301 1794 4336 ι
1851 4284 1997 4337 Ἀντὶ

417 4366 537 4430 τοῦ,
578 4370 743 4424 Οὐδὲν
781 4372 888 4443 πρὸ
915 4374 1105 4426 τούτου
1139 4390 1229 4444 μοι
1268 4375 1605 4446 προσέταξεν
1641 4377 1671 4430 ὁ
1699 4376 1993 4449 Δεσπότης,

417 4458 557 4514 ἀλλὰ
590 4460 699 4514 τῶν
738 4463 875 4533 πρὸς
913 4463 1014 4533 ἐμὲ
1050 4463 1227 4531 λόγων
1266 4463 1605 4534 ἀρξάμενος,
1646 4464 1900 4520 ἐκέλευσέ
1929 4484 1996 4536 με

414 4554 655 4620 γυναῖκα
695 4551 953 4623 πορνείας
990 4553 1198 4616 λαϐεῖν,
1237 4554 1334 4608 καὶ
1368 4554 1537 4608 τέκνα
1569 4555 1826 4624 πορνείας
1864 4573 1994 4609 παι-

413 4640 728 4711 δοποιῆσαι.
769 4643 1103 4714 Προστίθησι
1138 4644 1195 4698 δὲ
1246 4645 1342 4699 καὶ
1376 4646 1478 4715 τὴν
1515 4646 1695 4700 αἰτίαν
1728 4662 1744 4676 ο
1785 4665 1805 4699 ι
1850 4647 1997 4700 Διότι

2115 3474 2327 3538 docuit,
2355 3471 2498 3543 quod
2525 3481 2578 3525 et
2621 3471 2706 3524 bis
2734 3478 2789 3523 et
2815 3469 2925 3524 illis
2976 3468 3237 3538 propheta
3285 3467 3449 3522 datus
3499 3465 3686 3521 fuerit.

2113 3565 2195 3623 0b
2246 3564 2301 3621 id
2334 3565 2514 3634 ipsum
2571 3577 2676 3616 non
2712 3560 2874 3613 ludar
2923 3559 3086 3613 modo
3124 3574 3304 3628 regum
3352 3558 3688 3613 mentionem

2115 3655 2262 3720 fecit,
2296 3652 2393 3710 sed
2432 3652 2595 3706 etiam
2645 3649 2976 3713 Moboami,
3021 3648 3114 3720 qui
3145 3645 3250 3702 fuit
3299 3647 3446 3703 ﬁlius
3497 3645 3686 3708 J-oasi.

2114 3761 2289 3818 nepos
2333 3759 2467 3801 vero
2513 3739 2795 3804 Ioacbasi,
2829 3747 3103 3810 prenepos
3135 3753 3264 3793 vero
3319 3735 3480 3801 Jelm,
3524 3751 3687 3806 quem

2107 3837 2334 3891 divinus
2374 3833 2594 3890 Eliseus
2638 3833 2812 3901 jussu.
2855 3845 2922 3885 ac
2985 3837 3122 3884 nutu
3181 3827 3371 3883 divino
3436 3826 3590 3882 uiuit
3637 3835 3695 3890 ρ,

2111 3927 2322 3998 1313
2359 3935 2418 3981 ut
2455 3934 2511 3980 et
2547 3923 2853 3978 Nabothum
2890 3919 3275 3981 ulcisceretur,
3305 3925 3362 3973 et
3407 3915 3687 3973 scelestis-

2102 4018 2300 4070 simam
2349 4015 2662 4070 J‘ezabelem
2712 4011 2959 4082 puniret.
2999 4009 3186 4079 Itaque
3238 4014 3293 4062 et
3343 4014 3590 4078 tempore
3625 4013 3683 4061 et

2101 4105 2324 4175 regibus
2371 4103 2656 4166 indicatis,
2715 4099 2923 4170 quibus
2974 4096 3370 4167 imperantibus
3413 4095 3683 4165 propheta

2097 4199 2306 4254 electus
2341 4195 2528 4261 fuerit,
2571 4193 2729 4248 addit-
2761 4210 2789 4247 ες

2170 4284 2338 4341 Vens.
2379 4283 2433 4338 2,
2477 4303 2495 4335 ι
2529 4279 2870 4350 Principium
2896 4278 3050 4334 verbi
3075 4275 3290 4332 Domini
3317 4274 3385 4330 ad
3405 4273 3625 4332 Oscam.
3653 4291 3671 4325 ι

2097 4375 2211 4432 Hoc
2251 4385 2354 4442 est,
2389 4374 2526 4429 nihil
2571 4373 2800 4426 antehac
2849 4369 2983 4423 mihi
3067 4367 3331 4438 praecepit
3386 4366 3678 4431 Dominus,

2096 4464 2361 4533 sed,cum
2397 4465 2464 4518 ad
2496 4478 2582 4518 me
2612 4461 2911 4517 verborum
2937 4460 3155 4514 initium
3189 4458 3338 4521 fecit,
3381 4457 3550 4527 jussit
3591 4471 3681 4514 me

2096 4573 2325 4614 uxorem
2357 4552 2743 4612 fornicationis
2780 4553 2988 4608 ducere
3035 4560 3090 4608 et
3159 4551 3302 4606 filios
3353 4548 3680 4605 fornicatioo

2096 4649 2185 4706 nis
2218 4660 2531 4719 procreare.
2571 4647 2638 4700 Et
2664 4642 2820 4699 addit
2848 4656 3074 4698 esttsam
3110 4659 3126 4696 :
3157 4659 3178 4693 ι
3223 4640 3361 4706 Quia
3396 4638 3679 4694 fornicari:

414 4732 762 4802 πορνεύουσα
819 4734 1172 4806 ὲκπορνεύσεν
1235 4738 1268 4807 ή
1329 4737 1399 4808 γῆ
1450 4738 1559 4790 ἀπὸ
1614 4737 1840 4792 δπισθεν
1897 4736 1994 4792 τοῦ

2118 4740 2475 4797 'ornicabitur
2509 4746 2656 4792 terra
2692 4744 2818 4806 post
2870 4733 3184 4788 Dominum.
3240 4749 3259 4783 ι
3315 4729 3394 4802 [3]
3449 4727 3545 4784 His
3579 4727 3679 4782 ad-

414 4827 647 4897 Κυρίου.
697 4823 984 4892 »Τούτοις
1033 4830 1427 4902 προστίθησιν.
1481 4833 1556 4896 ὡς
1608 4833 1995 4904 ἀναμφιϐόλως

411 4915 479 4967 τὸ
517 4917 861 4988 προσταχθὲν
909 4918 1100 4990 ἔδρασε
1124 4936 1136 4948 ·
1197 4921 1347 4990 λέγει
1409 4921 1468 4974 δὲ
1506 4922 1600 4976 καὶ
1637 4923 1740 4994 τῆς
1786 4924 1995 4996 πόρνης

413 5002 674 5076 τοῦνομα,
714 5007 810 5061 καὶ
848 5011 912 5062 ὲκ
954 5009 1099 5073 τίνος
1138 5010 1262 5080 ἔφυ,
1292 5013 1386 5066 καὶ
1411 5013 1510 5082 τὴν
1546 5013 1854 5084 γενομένην
1879 5014 1994 5083 όμι·

415 5093 556 5160 λίαν,
598 5097 693 5151 καὶ
733 5099 826 5152 τὸν
852 5099 952 5169 τῆς
989 5099 1210 5170 ὁμιλίας
1251 5102 1484 5172 καρπὸν,
1527 5104 1622 5156 καὶ
1658 5103 1751 5157 τοῦ
1778 5103 1995 5174 τεχθέν-

410 5204 508 5249 τος
536 5188 636 5260 τὴν
695 5192 1073 5261 προσηγορίαν
1124 5193 1219 5246 ὑπ’
1271 5193 1437 5247 αὑτοῦ
1475 5195 1727 5249 τεθεῑσαν
1769 5193 1862 5249 τοῦ
1903 5196 1997 5248 καὶ

409 5281 505 5334 τὸν
535 5283 712 5352 γάμυν
753 5284 1206 5354 προστεταχὼος.

499 5471 520 5495 ε
553 5457 615 5510 IV
657 5459 788 5529 Reg.
819 5461 944 5523 tx,6
980 5476 1134 5531 seqq.

2097 4833 2299 4903 jungit,
2354 4844 2413 4886 se
2471 4829 2593 4884 sine
2651 4825 2996 4882 dubitatione
3044 4825 3372 4894 imperatu
3425 4821 3671 4876 fecisse:

2101 4937 2300 4979 nomen
2331 4922 2495 4978 etiam
2521 4919 2782 4990 exprimit
2811 4917 3150 4982 meretricis,
3187 4923 3245 4971 et
3269 4913 3498 4977 indicat,
3527 4909 3673 4967 unde

2101 5014 2338 5070 oriunda
2378 5013 2567 5077 fuerit,
2618 5012 2836 5082 qualem
2871 5022 2996 5064 cum
3029 5022 3095 5064 ea
3140 5006 3393 5062 habuerit
3437 5019 3675 5059 consue-

2099 5107 2369 5172 tudinem,
2400 5113 2457 5161 et
2501 5105 2624 5175 quis
2657 5103 2824 5160 fuerit
2853 5103 2977 5171 ejus
3026 5098 3283 5164 fructus;
3319 5097 3418 5153 filii
3452 5112 3674 5168 quoque

2099 5211 2301 5253 nomen
2340 5196 2584 5251 ostendit
2615 5194 2684 5249 ab
2726 5209 2794 5250 eo
2842 5191 3157 5265 impositum
3193 5190 3290 5262 qui
3328 5189 3496 5244 etiam
3555 5201 3672 5241 Illa-

2095 5287 2416 5343 ~trimonium
2449 5287 2832 5357 imperaverat.

1722 5618 1955 5676 VARUS
1995 5617 2395 5680 LECTIONES.

491 5774 533 5803 ﬂ
691 5771 927 5847 Uterque
956 5773 1259 5847 ςπαγάγῃκ
1309 5776 1351 5806 ⁸³
1380 5772 1489 5847 mf.
1527 5775 1567 5826 Α
1601 5774 1722 5847 ὑπό.
1802 5778 1845 5807 ³⁰
1869 5776 1913 5830 Α
1944 5785 1995 5832 et
2024 5777 2062 5832 C
2086 5777 2564 5847 διευκρινημένων.
2623 5779 2663 5810 ³¹
2695 5777 2822 5846 ἐρμ.
2857 5773 2933 5829 Ex
2959 5771 3001 5830 Α
3030 5766 3656 5838 ctFintcrp'etalioncm

418 5845 663 5898 thIllllIlS
699 5842 855 5901 Oscae
888 5845 1144 5902 dabimus
1175 5842 1318 5901 infra
1353 5845 1418 5900 ad
1450 5845 1608 5900 finem
1637 5846 1942 5902 Comment.
1975 5848 2030 5903 in
2066 5849 2212 5902 hunc
2243 5842 2465 5904 librum.
