4092 6404
492 361 628 430 1555

1439 379 1924 445 THEODORETI
1941 386 2291 448 'EI’ISCOPI
2330 389 2694 454 CYRENSIS

3602 397 3746 465 1556

565 479 729 536 Vens.
774 484 808 538 ι
876 505 894 537 ι
941 483 1090 542 Dixit
1131 489 1278 545 extim
1327 489 1592 550 Dominus
1629 513 1652 549 :-
1673 494 1814 552 Voca
1865 513 2057 555 nomen

2233 503 2304 558 6’.
2328 524 2347 556 ι
2383 501 2518 559 Eia-ts
2567 507 2664 577 γὰρ
2693 507 2898 579 Κύριος
2921 525 2934 538 ·
2984 509 3227 564 Κάλεσον
3268 510 3328 564 τὸ
3363 511 3534 582 ὄνομα
3576 515 3743 568 αὐτοῦ

485 572 609 640 ejus
640 572 874 630 Jezrael.
909 595 928 628 ι
969 577 1174 632 Eorum
1225 579 1514 637 audaciam
1551 585 1741 641 mirari
1773 588 1911 644 satis
1952 605 2064 645 non

489 679 650 731 ιιιιοο,
697 667 790 735 qui
842 682 950 722 nou
998 678 1257 726 verentur
1304 672 1490 730 dicere
1535 677 1700 732 verba
1747 678 1863 734 haec
1941 696 2065 737 esse

490 755 656 810 rebus
704 755 970 812 destituta
1015 777 1028 813 :
1078 771 1134 815 et
1163 761 1310 831 quod
1350 778 1414 819 ea
1463 766 1682 835 quidem
1724 768 1868 825 Deus
1901 785 2062 827 exse-

360 834 374 848 ’
486 843 704 914 quenda
748 845 1000 914 jusserit.
1053 851 1318 920 propheta
1372 834 1557 911 tamen
1607 872 1718 912 non
1753 862 2060 930 receperit;

486 934 581 988 sed
606 935 766 989 verba
794 939 1006 1006 prolata
1035 940 1257 1009 quidem
1289 941 1482 1010 fuisse,
1515 960 1706 1001 verum
1741 951 2062 1019 prophetam

483 1039 549 1078 ea
599 1039 707 1080 non
757 1036 1080 1084 exsecutmn
1146 1029 1344 1088 fuisse.
1407 1033 1702 1094 Enimvero
1753 1039 2066 1096 debuerunt

485 1115 929 1174 animadvertere
962 1119 1057 1189 qui
1088 1121 1206 1177 hznc
1240 1121 1430 1180 dicere
1459 1125 1583 1181 ausi
1609 1135 1762 1192 sunt,
1791 1128 2064 1198 ejusmodi

483 1207 655 1261 multa
688 1207 858 1264 Deum
891 1212 1093 1280 szepius
1128 1213 1454 1283 imperasse.
1506 1215 1702 1272 Isaiam
1749 1222 1898 1276 enim
1948 1221 2064 1278 sol-

483 1315 612 1356 vere
641 1300 711 1356 de
757 1302 958 1359 lumbis
991 1304 1230 1360 tunicam
1271 1307 1574 1375 cilicinam,
1607 1321 1661 1367 et
1688 1313 1924 1382 pedibus
1951 1330 2064 1371 non

485 1393 750 1450 calceatis
775 1396 1098 1468 reliquoque
1147 1415 1380 1470 corpore
1397 1403 1544 1457 nudo
1568 1404 1845 1473 incedere,
1873 1408 2066 1480 sicque

487 1485 828 1553 prophetiam
857 1487 1020 1542 edere
1047 1488 1216 1558 jussit
1259 1488 1406 1546 Deus
1445 1491 1490 1547 ί.
1513 1491 1806 1550 Jeremiam
1838 1505 2064 1556 catenas

486 1589 634 1627 nunc
667 1575 896 1645 ligneas,
918 1593 1068 1632 nunc
1103 1578 1314 1636 ferreas
1337 1583 1479 1638 collo
1501 1585 1787 1654 imponere
1811 1587 1980 1658 jussit
1997 1600 2022 1638 ε
2045 1609 2062 1659 ;

485 1663 826 1720 Ezechielem
883 1667 1117 1723 sinistro
1168 1669 1327 1725 lateri
1379 1682 1601 1728 centum
1659 1678 2064 1750 quinquaginta

484 1752 630 1817 dies,
664 1754 881 1827 1314
909 1755 1108 1812 dextro
1139 1759 1508 1831 quadraginta
1531 1765 1982 1839 incubarejussit
2004 1771 2060 1827 ιε

2178 591 2414 664 Ίεζραέλ
2432 595 2499 649 ³⁸.
2530 614 2550 647 ι
2603 595 2744 664 Ἐγὼ
2779 595 2837 650 δὲ
2875 596 3144 668 θαυμάζω
3169 599 3291 652 λίαν
3320 601 3442 664 τοὺς
3479 602 3744 676 τετολμη-

2164 681 2330 747 κότας
2352 686 2548 749 εἰπεῖν,
2569 685 2647 748 ώς
2665 687 2886 757 ῥήματα
2902 685 3077 741 ταῦτά
3106 689 3252 741 ἑστιν
3275 689 3458 760 ἔρημα
3477 693 3741 762 πραγμά-

2163 789 2290 841 των,
2310 775 2403 828 καὶ
2427 775 2724 846 προσέταξε
2760 776 2862 844 μὲν
2888 779 2914 830 ό
2933 775 3043 829 τῶν
3071 776 3208 831 ὅλων
3227 777 3380 843 Θεὸς,
3403 781 3431 831 ό
3448 779 3506 834 δὲ
3527 785 3734 852 προφή-

2163 879 2263 934 της
2298 865 2400 918 οὐκ
2430 864 2652 931 ἐλαῦεν,
2691 865 2825 919 ἀλλὰ
2853 867 2920 920 τὰ
2949 867 3047 936 μὲν
3089 869 3314 938 ῥήματα
3351 871 3738 941 προσεφέρετο,

2161 951 2232 1006 τὰ
2257 953 2314 1006 δὲ
2350 954 2650 1025 πράγματα
2681 957 2782 1010 οὐκ
2813 957 3042 1024 ἐγίνετο.
3075 958 3222 1012 Ἔδει
3255 957 3313 1011 δὲ
3351 959 3584 1013 συνιδεῖν
3613 960 3741 1021 τοὺς

2162 1044 2336 1099 ταῦτα
2369 1046 2552 1114 λέγειν
2588 1047 3019 1117 ἐπιχειροῦντας,
3058 1048 3135 1111 ὡς
3159 1047 3330 1102 πολλά
3363 1047 3587 1102 τοιαῦτα
3610 1048 3741 1101 πολ-

2163 1136 2320 1200 λάκις
2343 1136 2672 1210 προσέταξεν
2695 1139 2725 1190 ό
2743 1137 2876 1202 Θεὸς
2897 1153 2910 1167 ·
2940 1138 3029 1190 τὸν
3061 1138 3160 1208 μὲν
3182 1137 3293 1208 γὰρ
3321 1139 3548 1193 Ἡσαΐαν
3580 1138 3739 1192 λῦσαι

2163 1227 2256 1281 τὸν
2294 1227 2497 1282 σάκκον
2544 1227 2652 1281 ἀπὸ
2700 1227 2800 1296 τῆς
2830 1226 3032 1295 ὀσφύος
3080 1227 3357 1291 ἐκέλευσε,
3392 1229 3492 1281 καὶ
3533 1229 3739 1298 γυμνὸν

2161 1317 2380 1388 Ιτρέχειν
2401 1357 2417 1378 ,
2459 1318 2555 1371 καί
2587 1317 2913 1371 ἀνυπόδετον
2936 1317 3009 1382 ³³,
3040 1317 3134 1372 καὶ
3163 1316 3308 1370 οὕτω
3337 1317 3616 1370 ποιεῖσθαι
3639 1318 3740 1388 τὴν

2165 1408 2505 1481 προφητείαν
2532 1425 2546 1440 ·
2608 1408 2684 1479 τῷ
2735 1407 2792 1462 δὲ
2837 1407 3082 1479 Ἱερεμίᾳ
3108 1447 3123 1471 ,
3179 1407 3311 1461 ποτὲ
3362 1407 3460 1479 μὲν
3499 1407 3740 1473 ξυλίνους

2165 1500 2379 1564 κλοιοὺς
2422 1499 2500 1570 τῷ
2541 1499 2801 1570 τραχήλῳ
2843 1498 3151 1569 περιθεῖναι
3173 1539 3187 1563 ,
3226 1499 3360 1552 ποτὲ
3387 1499 3447 1553 δὲ
3484 1497 3740 1568 σιδηροῦς

2166 1589 2550 1661 παρεγγύησεν
2570 1591 2617 1622 ³⁸
2641 1604 2656 1618 ⁸
2691 1588 2771 1660 τῷ
2789 1589 2848 1644 δὲ
2888 1590 3168 1660 Ἰεςεκιὴλ,
3193 1591 3286 1643 ἐπὶ
3316 1589 3419 1661 τῆς
3453 1590 3739 1661 εὐωνύμου

2164 1680 2559 1751 κατακλιθῆναι
2597 1680 2840 1751 πλευρᾶς
2874 1671 3213 1751 πεντήκοντα
3253 1680 3348 1734 καί
3377 1681 3572 1734 ἑκατὸν
3597 1679 3738 1750 ἠμέ-

2166 1786 2267 1839 ρας
2296 1769 2632 1841 προσέταξε,
2674 1770 2771 1823 καὶ
2816 1769 2910 1822 ἐπὶ
2953 1769 3052 1838 τῆς
3095 1769 3278 1835 δεξιᾶς
3307 1770 3736 1840 τεσσαράκοντα,

482 1843 775 1900 comedere
829 1862 1024 1917 panem
1082 1850 1326 1908 humano
1385 1861 1631 1911 stercore
1684 1869 1942 1926 coctum,
2002 1873 2057 1918 et

2161 1861 2254 1915 καὶ
2300 1863 2494 1932 φαγεῖν
2518 1861 2610 1917 τὸν
2654 1861 2818 1933 ἄρτον
2865 1862 2924 1914 ἐν
2962 1859 3234 1930 βολϐίτοις
3267 1861 3475 1932 κόπρου
3519 1861 3736 1930 ἀνθρω-

481 1946 610 1986 vasa
643 1935 976 2004 captivitatis
1021 1954 1266 2004 sumere,
1299 1956 1630 2014 murumque
1656 1945 1964 2016 perfodere,
2003 1958 2057 2006 et

483 2023 774 2094 imaginem
832 2026 1157 2098 fugientium
1202 2031 1522 2104 depingere,
1550 2041 1568 2058 ⁶
1610 2045 1666 2092 et
1699 2038 1780 2094 sic
1813 2037 2058 2098 Sedecia:

483 2113 665 2186 fugam
718 2119 1172 2190 praesigniﬁcare.
1222 2121 1547 2193 Hujusmodi
1603 2128 1711 2184 alia
1764 2130 2056 2188 innumera

482 2205 540 2260 in
569 2219 924 2264 sacrosancta
975 2209 1266 2282 Scriptura
1318 2215 1569 2272 invenire
1624 2219 1774 2286 licet,
1819 2239 2054 2293 quorum

482 2313 713 2370 scopum
747 2309 802 2356 et
833 2305 1181 2374 propositum
1211 2308 1254 2361 si
1280 2309 1404 2378 quis
1440 2310 1793 2380 ignoraverit,
1820 2317 2056 2387 prophe-

483 2389 590 2443 tica
621 2390 823 2448 virtute
849 2393 963 2448 haec
989 2393 1211 2466 indigna
1245 2397 1438 2463 ducet;
1471 2401 1562 2470 qui
1589 2411 1769 2458 autem
1809 2405 1902 2462 Dei
1935 2415 2054 2464 stu-

481 2479 632 2534 dium
666 2488 721 2537 et
765 2497 1008 2540 amorem
1045 2487 1099 2542 in
1135 2489 1386 2546 homines
1422 2493 1628 2560 sciunt,
1671 2510 1840 2566 utque
1869 2499 2055 2556 omnia

481 2570 549 2624 ad
584 2571 868 2628 hominum
899 2577 1133 2633 salutem
1165 2581 1540 2646 administrat.
1569 2586 1698 2642 inde
1733 2587 1904 2645 Deum
1936 2591 2056 2645 lau-

481 2663 648 2718 dandi
679 2668 1010 2723 occasiones
1046 2671 1342 2742 arripiunt,
1396 2690 1461 2730 ac
1501 2677 1717 2734 divinos
1759 2681 2055 2750 prophetas

473 2753 632 2807 omni
656 2768 719 2809 ex
759 2765 912 2826 parte
942 2758 1174 2816 Domino
1207 2763 1434 2821 obedire
1455 2767 1742 2826 studentes
1776 2771 2056 2827 admiran-

479 2851 596 2900 tur.
637 2844 1033 2904 Universorum
1083 2852 1229 2907 enim
1284 2853 1452 2923 Deus,
1488 2870 1636 2924 cum,
1679 2858 1746 2912 ad
1804 2859 2055 2917 homines

479 2935 782 2993 inveterato
807 2940 1054 3010 stuporis
1081 2944 1275 3000 morbo
1297 2945 1609 3003 laborantes
1629 2949 1794 3004 verba
1823 2949 2051 3018 faciens,

479 3025 668 3083 verbis
715 3042 828 3083 non
872 3032 1250 3101 persuaderet,
1297 3035 1463 3092 rebus
1493 3037 1825 3107 quibusdam
1859 3042 2055 3098 adum-

480 3115 681 3172 brabat
713 3117 916 3183 futura,
951 3122 1307 3194 visorumque
1355 3127 1786 3186 admirabilitate
1815 3131 1884 3187 ad
1922 3148 2056 3190 eon-

482 3207 874 3266 siderationem
936 3227 1033 3268 eos
1081 3193 1353 3281 trahebat,
1411 3217 1504 3288 qui
1565 3219 1837 3290 pervicaci
1894 3193 2125 3280 erantc

482 3300 686 3356 animo.
727 3303 934 3359 lsaiam'
974 3306 1182 3379 quippe
1233 3309 1441 3366 nudum
1496 3315 1930 3385 conspicientes,
1985 3317 2054 3374 ad

481 3392 717 3451 insolitae
773 3397 848 3452 rei
908 3403 1280 3469 spectaculum
1351 3405 1716 3462 accurrebant
1747 3447 1765 3474 ,
1827 3423 2054 3464 causam

477 3485 751 3553 ejusmodi
806 3489 1061 3546 incessus
1106 3507 1444 3564 cognoscere
1496 3499 1803 3553 studentes.
1858 3497 1926 3553 Et
1961 3500 2056 3570 qui

478 3573 822 3634 Ezechielem
853 3579 1039 3634 omnia
1085 3583 1176 3636 illa
1229 3583 1520 3641 iacientem
1560 3588 1843 3654 viderant,
1883 3590 2059 3647 facto-

479 3680 602 3720 rum
641 3682 891 3736 causam,
925 3679 986 3726 ut
1016 3687 1114 3742 par
1140 3683 1285 3740 erat,
1321 3677 1771 3735 sciscitabantur.
1815 3682 1879 3737 In
1907 3683 2058 3741 hunc

485 3755 712 3813 modum
747 3760 1134 3818 universorum
1175 3763 1441 3823 Dominus
1477 3769 1697 3826 beatum
1729 3770 1923 3830 Oscam
1955 3776 2058 3830 im-

483 3849 641 3919 pellit
669 3849 737 3904 ad
793 3852 1099 3910 ducendam
1147 3873 1377 3914 uxorem
1440 3861 1796 3933 impudicam,
1860 3877 1919 3922 ut
1953 3867 2057 3924 hoc

475 3934 625 3991 facto
659 3941 842 4010 populi
869 3942 1202 4013 impietatem
1229 3961 1516 4022 coarguat,
1547 3960 1603 4008 et
1633 3969 1791 4010 suam
1817 3958 2056 4014 toleran-

475 4023 607 4080 tiam
659 4027 1036 4087 incredibilem
1082 4037 1356 4094 ostendat.
1413 4039 1470 4095 Si
1501 4057 1630 4098 vero
1665 4045 2052 4103 universorum

479 4116 622 4176 Deus
680 4120 909 4180 libidine
977 4127 1247 4196 perditam
1305 4139 1362 4186 et
1433 4132 1741 4190 adulteram
1797 4139 2055 4195 toleravit

476 4211 846 4283 bynagogam,
893 4223 946 4270 et
986 4232 1103 4284 non
1144 4221 1558 4279 contaminatus
1603 4233 1690 4281 est
1743 4230 2055 4285 sanctitatis

474 4300 602 4358 fons
647 4319 746 4373 per
788 4304 1060 4375 impuram
1108 4310 1250 4366 hanc
1283 4321 1338 4365 et
1368 4315 1772 4372 exsecrabilem
1807 4335 1821 4371 :
1872 4335 2055 4389 neque

468 4393 734 4464 propheta
774 4412 842 4452 ex
877 4398 968 4452 illa
1004 4401 1188 4470 probri
1228 4409 1387 4472 plena
1417 4421 1589 4460 uxore
1635 4409 1906 4463 maculam
1929 4427 2052 4466 sus-

471 4484 640 4554 cepit.
682 4483 800 4540 Non
858 4487 1004 4542 enim
1053 4491 1381 4560 appetitioni
1419 4494 1632 4566 1315
1676 4497 2052 4556 immoderata:

472 4574 822 4643 inservienti,
871 4579 974 4635 sed
1009 4579 1104 4637 Dei
1157 4583 1411 4654 imperiis
1460 4587 1885 4657 obtemperanti,
1923 4606 2049 4646 cum

471 4663 564 4718 illa
595 4666 935 4724 consuetudo
966 4670 1298 4728 intercessit.
1324 4674 1504 4746 Scopo
1547 4686 1728 4733 autem
1759 4687 1815 4736 et
1857 4694 2052 4750 propo-

469 4753 578 4811 sito
614 4754 816 4812 bonum
851 4769 905 4814 et
931 4762 1136 4816 malum
1172 4763 1406 4820 indicari
1439 4767 1727 4822 sciendum
1762 4776 1846 4825 est
1875 4787 1889 4826 :
1948 4770 2054 4826 hoc

469 4846 620 4901 enim
653 4848 819 4904 modo
865 4853 1278 4911 matrimonium
1315 4856 1386 4912 ab
1421 4857 1695 4914 adulterio
1732 4864 2047 4930 sejunctum

469 4935 834 5008 dignoscitur,
863 4953 921 4998 et
953 4959 1076 4999 cum
1103 4946 1253 5002 coitu
1288 4946 1426 5002 nihil
1455 4947 1734 5017 differant,
1765 4955 2049 5024 proposito

422 5092 424 5094 ν
469 5033 526 5081 et
571 5029 687 5100 lege
718 5031 1020 5091 discrimen
1069 5037 1503 5108 demonstratur,
1565 5048 1732 5112 atque
1772 5045 1876 5102 hac
1921 5055 2044 5103 nota

470 5114 605 5172 illud
635 5119 968 5191 legitimum,
1005 5125 1106 5182 hoc
1155 5127 1502 5200 illegitimum
1543 5130 1851 5200 judicatur.
1897 5136 2048 5192 luve-

2161 1952 2344 2023 πίνης,
2385 1953 2480 2006 καὶ
2508 1951 2693 2006 λαϐεῖν
2734 1950 2902 2022 σκεύη
2934 1951 3334 2022 αἰχμαλωσίας,
3364 1953 3460 2005 καὶ
3490 1951 3737 2021 διορύξαι

2157 2043 2247 2097 τὸν
2269 2047 2446 2114 τοῖχον
2467 2083 2482 2107 ,
2534 2045 2630 2097 καὶ
2667 2043 2854 2097 εἰκόνα
2885 2043 3189 2114 διαγράψαι
3240 2044 3554 2113 φευγόντων
3577 2086 3592 2111 ,
3642 2044 3739 2109 καὶ

2157 2135 2300 2189 οῦτω
2335 2134 2743 2206 προαγορεῦσαι
2784 2136 2878 2188 τὸν
2923 2135 3016 2188 τοῦ
3051 2135 3302 2188 Σεδεκίου
3330 2136 3592 2206 δρασμόν.
3624 2135 3740 2188 Καὶ

2161 2228 2334 2300 μυρία
2362 2228 2420 2281 δὲ
2448 2227 2586 2281 ἄλλα
2613 2226 2839 2280 τοιαῦτα
2865 2227 3172 2297 εὑρήσομεν
3197 2227 3254 2281 ὲν
3277 2229 3342 2296 τῇ
3372 2226 3494 2296 θείᾳ
3518 2227 3735 2295 Γραφῇ.

2157 2313 2233 2373 ὧν
2268 2321 2322 2373 εῐ
2359 2336 2443 2383 τις
2487 2319 2579 2371 τὸν
2614 2317 2818 2371 σκοπὸν
2847 2318 3196 2386 ἀγνοήσειεν,
3239 2317 3436 2382 ἀνάξια
3466 2315 3640 2370 ταῦτα
3668 2316 3738 2369 ἂν

2157 2411 2301 2466 εἴποι
2331 2408 2677 2481 προφητικῆς
2701 2409 2898 2479 ἀρετῆς
2917 2425 2931 2437 ·
2963 2410 3013 2461 οἱ
3045 2409 3102 2462 δὲ
3130 2407 3224 2462 τοῦ
3253 2407 3386 2461 Θεοῦ
3417 2407 3515 2478 τὴν
3545 2407 3729 2472 φιλαν-

2158 2502 2404 2574 θρωπίαν
2436 2501 2676 2564 εἰδότες,
2735 2501 2831 2553 καὶ
2877 2500 2952 2563 ὡς
2996 2501 3219 2554 ἅπαντα
3261 2500 3592 2570 πρυτανεύει
3638 2500 3742 2568 τῆς

2155 2593 2264 2648 τῶν
2295 2591 2598 2662 ἀνθρώπων
2627 2591 2790 2644 ἕνεκα
2821 2589 3095 2662 σωτηρίας
3118 2630 3134 2655 ,
3199 2589 3452 2644 ἐντεῦθεν
3505 2589 3744 2660 μάλιστα

2157 2683 2374 2746 καὶτὰς
2403 2683 2505 2753 τῆς
2543 2681 2695 2745 θείας
2727 2681 3002 2754 ὑμνῳδίας
3050 2680 3416 2751 λαμϐάνουσιν
3459 2679 3739 2752 ἀφορμὰς,

2157 2781 2252 2833 καὶ
2299 2777 2426 2840 τοὺς
2492 2775 2816 2839 θεσπεσίους
2880 2772 3223 2845 θαυμάζουσι
3279 2774 3606 2844 προφήτας,
3655 2773 3740 2836 εἰς

2157 2867 2374 2922 ἅπαντα
2417 2861 2560 2932 εἶξαι
2611 2863 2690 2935 τῷ
2733 2865 2981 2936 Δεσπότῃ
3045 2863 3465 2934 προελομένους.
3517 2861 3580 2916 ’0
3627 2861 3739 2930 γὰρ

2153 2957 2265 3010 τῶν
2291 2956 2428 3010 ὅλων
2451 2955 2607 3020 Θεὸς,
2649 2954 2838 3025 ἐπειδὴ
2879 2955 3017 3024 πρὸς
3039 2952 3363 3024 ἀνθρώπους
3401 2951 3740 3022 ἀναλγησίαν

2155 3048 2444 3112 νοσοῦντας
2474 3049 2599 3111 τοὺς
2630 3047 2821 3116 λόγους
2863 3047 3191 3117 ποιούμενος
3228 3045 3318 3099 διά
3348 3045 3606 3116 ῥημάτων
3637 3045 3739 3098 οὐκ

2157 3139 2362 3206 ἔπειθε,
2399 3138 2689 3211 πράγμασί
2728 3155 2871 3194 τισιν
2925 3136 3289 3208 ἑσκιαγράφει
3335 3137 3406 3189 τὰ
3453 3135 3737 3206 μέλλοντα,

2157 3231 2235 3302 τῷ
2266 3230 2559 3303 παραδόξῳ
2587 3228 2697 3285 τῶν
2742 3229 3038 3301 ὁρωμένων
3070 3231 3150 3292 εἰς
3188 3227 3423 3298 θεωρίαν
3453 3227 3578 3288 τοὺς
3608 3227 3736 3279 ἁτε-

2161 3328 2403 3399 ρὰμονας
2453 3326 2629 3380 ἕλκων
2654 3342 2668 3357 ο
2717 3325 2772 3380 οῖ
2819 3342 2878 3379 τε
2936 3325 3042 3396 γὰρ
3103 3323 3195 3377 τὸν
3266 3323 3494 3378 Ἡσαΐαν
3547 3321 3739 3376 θέοντα

2155 3418 2364 3490 γυμνὸν
2405 3417 2644 3489 ὁρῶντες
2678 3416 2916 3486 ἔδραμον
2947 3415 3014 3470 ἂν
3064 3413 3333 3486 δήπουθεν
3381 3415 3461 3477 εἰς
3508 3412 3607 3482 τὴν
3639 3412 3736 3465 τοῦ

2156 3508 2347 3563 καινοῦ
2397 3509 2723 3581 πράγματος
2761 3507 2998 3578 θεωρίαν
3022 3549 3037 3573 ,
3087 3505 3282 3577 μαθεῖν
3317 3503 3596 3574 ἐφιέμενοι
3639 3502 3737 3556 τοῦ

2155 3600 2398 3655 τοιούτου
2419 3602 2626 3672 δρόμου
2657 3601 2756 3671 τὴν
2787 3601 3086 3674 πρόφασιν.
3130 3601 3243 3654 Καὶ
3265 3601 3313 3652 οἰ
3346 3598 3438 3652 τὸν
3477 3595 3740 3666 Ἰεζεκιὴλ

2156 3693 2343 3745 ἐκεῖνα
2367 3691 2545 3745 πάντα
2576 3691 2790 3761 δρῶντα
2823 3691 3112 3763 θεώμενοι,
3148 3692 3343 3763 ηροντο
3369 3690 3438 3743 ἂν
3469 3688 3546 3754 ὡς
3577 3688 3734 3751 εἰκὸς

2155 3781 2256 3853 τὴν
2292 3783 2473 3836 αἰτίαν
2521 3781 2631 3835 τῶν
2683 3782 3009 3851 γινομένων.
3063 3781 3221 3836 Οῦτω
3263 3780 3440 3835 τοίνυν
3485 3780 3582 3832 καὶ
3645 3778 3742 3833 τὸν

2161 3873 2430 3944 μακάριον
2479 3872 2640 3944 Ὠσηὲ
2683 3872 3094 3945 παρασκευάζει
3137 3872 3246 3926 τῶν
3281 3872 3419 3925 ὅλων
3443 3873 3470 3925 ὁ
3508 3868 3739 3941 Κύριος,

2155 3965 2392 4032 γυναῖκα
2419 3963 2606 4017 λασεῦι
2659 3964 2959 4018 ἀκόλαστον
2987 4003 3001 4026 ,
3035 3965 3122 4018 ἵνα
3153 3962 3240 4016 διὰ
3281 3960 3376 4016 τοῦ
3423 3960 3739 4031 γινομένου,

2157 4057 2251 4110 καὶ
2285 4055 2379 4109 τοῦ
2406 4055 2536 4108 λαοῦ
2561 4057 2659 4125 τὴν
2695 4055 2953 4110 ἀσέϐειαν
2983 4053 3182 4127 ἐλέγξῃ
3203 4095 3217 4119 ,
3252 4053 3348 4107 καὶ
3380 4052 3477 4123 τὴν
3505 4050 3740 4114 οἰκείαν,

2156 4145 2403 4219 ἐπιδείξῃ
2454 4147 2858 4217 μακροθυμίαν.
2895 4147 2957 4200 Εἰ
2998 4146 3055 4200 δὲ
3081 4147 3109 4199 ό
3147 4145 3260 4199 τῶν
3303 4144 3441 4198 ὅλων
3473 4143 3607 4205 Θεὸς
3637 4141 3742 4211 τῆς

2155 4238 2458 4292 ἀκολάστου
2489 4238 2586 4292 καὶ
2611 4238 2958 4308 μοιχευτρίας
2982 4238 3227 4307 ἠνείχετο
3255 4233 3610 4304 Συναγωγῆς,
3641 4234 3741 4286 καὶ

2156 4330 2258 4384 οὐκ
2289 4328 2582 4400 ὲμολύνετο
2614 4333 2645 4400 ἡ
2680 4331 2779 4402 τῆς
2824 4331 3136 4401 ἁγιωσύνης
3167 4329 3319 4399 πηγὴ
3371 4331 3436 4382 ὲκ
3481 4329 3580 4396 τῆς
3631 4344 3740 4396 μυ·-

2157 4422 2329 4490 σαρᾶς
2377 4421 2593 4489 ἐκείνης
2621 4419 2665 4455 ³³
2695 4422 2790 4474 καὶ
2815 4421 3100 4491 βδελυράς,
3138 4420 3260 4474 οὐδὲ
3295 4423 3323 4474 ό
3358 4421 3642 4490 προφήτης
3670 4419 3737 4471 ἐκ

2155 4510 2252 4578 τῆς
2273 4509 2538 4578 ἀσελγοῦς
2563 4510 2782 4582 ἐκείνης
2814 4511 3075 4579 γυναικὸς
3108 4510 3301 4580 κηλίδα
3324 4508 3543 4574 ἐδέξατο
3569 4524 3583 4538 ο
3611 4507 3736 4562 οὐδὲ

2155 4602 2266 4671 γάρ
2323 4602 2592 4674 ἐπιθυμία
2639 4603 2856 4673 πονηρᾷ
2896 4603 3200 4668 δουλεύων,
3247 4601 3386 4656 ἀλλὰ
3439 4601 3509 4655 τὸ.
3551 4597 3737 4653 θεόθεν

2155 4695 2608 4764 προστεταγμένα
2655 4695 2915 4767 πληρῶν,
2961 4695 3060 4765 τῆς
3105 4693 3324 4764 ὁμιλίας
3367 4693 3582 4763 ἐκείνης
3637 4692 3735 4761 ﬁv-

2151 4783 2361 4852 έσχετο.
2395 4785 2608 4840 Εἰδέναι
2635 4787 2690 4839 δὲ
2715 4787 2820 4856 χρὴ
2849 4828 2861 4850 ,
2897 4785 2970 4848 ὡς
3002 4785 3080 4856 τῷ
3104 4783 3293 4855 σκοπῷ
3334 4784 3395 4838 τό
3431 4801 3490 4836 τε
3527 4781 3735 4850 ἀγαθὸν

2152 4876 2344 4929 καὶτὸ
2393 4877 2563 4930 κακὸν
2596 4878 2875 4947 κρίνεται·
2940 4877 3116 4946 τούτῳ
3165 4877 3275 4946 γάρ
3329 4875 3359 4928 6
3415 4874 3593 4944 γᾴμθς
3630 4873 3736 4942 τῆς

2155 4965 2401 5034 μοιχείας
2448 4965 2812 5036 κεχώρισται,
2864 4967 2959 5020 καὶ
3002 4968 3100 5036 τῆς
3145 4965 3433 5030 συνουσίας
3474 4964 3737 5032 οὐδεμίαν

2151 5054 2385 5124 ἐχούσης
2410 5054 2696 5126 διαφορὰν,
2728 5056 2808 5126 τῷ
2836 5056 3023 5126 σκοπῷ
3053 5058 3148 5111 καὶ
3169 5056 3248 5127 τῷ
3276 5056 3427 5126 νόμῳ
3456 5054 3517 5109 τὸ
3547 5054 3738 5122 διάφο-

2152 5162 2245 5217 ρον
2276 5143 2572 5206 δείκνυται,
2607 5145 2702 5199 καὶ
2739 5146 2881 5201 κατά
2910 5145 3084 5200 ταῦτα
3123 5145 3183 5198 τὸ
3235 5145 3334 5216 μὲν
3377 5143 3624 5213 ἔννομον,
3673 5141 3738 5194 τὸ

471 5208 591 5264 nire
633 5212 910 5284 quispiam
950 5217 1127 5286 possit
1165 5219 1272 5276 hoc
1322 5222 1466 5278 idem
1502 5223 1556 5278 in
1589 5224 1762 5290 caede,
1805 5227 1852 5283 si
1885 5229 2047 5283 modo

2158 5208 2205 5291 δὲ
2250 5238 2568 5308 παράνομον
2602 5240 2872 5310 κρίνεται.
2915 5239 3088 5295 Τοῦτο
3139 5208 3248 5293 καὶ·
3286 5239 3380 5292 ἐπὶ
3422 5208 3518 5290 τοῦ
3568 5237 3736 5305 φόνου

470 5303 803 5360 consideret.
840 5306 1103 5364 lnterllcit
1152 5312 1299 5367 enim
1346 5314 1641 5380 homicida,
1696 5317 1957 5374 interﬁcit
1985 5328 2040 5374 et

2152 5325 2524 5396 σκοπούμενον
2571 5324 2723 5398 εῦροι
2752 5343 2838 5391 τις
2882 5326 2968 5381 ἄν.
3020 5327 3260 5399 ’Δναιρεῖ
3285 5327 3393 5399 γὰρ
3434 5326 3527 5380 καὶ
3563 5327 3591 5378 ὁ
3641 5326 3736 5379 ἀν-

547 5504 566 5542 τ
599 5503 703 5561 lsa.
734 5507 907 5575 κτλ,
989 5510 1242 5569 lHerem.
1282 5531 1450 5582 xxvn,
1477 5517 1550 5584 2;
1589 5535 1788 5585 xxvm,
1825 5520 1912 5585 t3;
1957 5523 2042 5577 vel
2080 5521 2240 5593 juxta
2271 5526 2433 5596 LXX,
2461 5548 2648 5598 xxxiv,
2685 5532 2748 5598 2;
2780 5548 2947 5596 xxxv,
2987 5531 3072 5586 l5.
3147 5535 3173 5575 Ι·
3206 5533 3399 5590 Ezech.
3428 5549 3502 5600 tv,
3536 5533 3568 5588 ι
3605 5533 3657 5589 6.

1747 5659 1980 5716 VARIAE
2021 5659 2425 5723 LECTIONES.

577 5761 615 5790 η
647 5760 739 5816 El.
775 5765 920 5832 prior
953 5767 1078 5822 hab.
1129 5769 1390 5840 ’ἶεσραήλη
1471 5775 1512 5806 ³³
1549 5774 1586 5828 C
1618 5775 1966 5848 ἀννπόδητον.
2047 5778 2092 5849 ξι
2114 5779 2153 5833 ί]
2186 5790 2561 5854 παρηγγύησε.
2641 5787 2683 5820 ³⁸
2714 5786 2798 5842 ἐκ.
2829 5784 2953 5845 Des.
2975 5786 3032 5845 in
3051 5788 3116 5844 C.
