4092 6438
473 401 609 469 1557

1799 409 1878 470 ΙΝ
1909 407 2098 470 OSEE
2134 408 2292 470 CAP.
2329 410 2368 470 Ι.

3590 407 3725 474 1558

467 519 746 589 δροιρόνος,
783 517 998 590 ἀναιρεῖ
1039 519 1132 571 καὶ
1171 522 1199 573 6
1238 520 1536 592 δικαστής·
1584 521 1700 574 ἀλλ’
1734 525 1762 576 6
1807 523 1906 593 μὲν
1947 525 2030 576 έν-

2139 521 2303 592 judex
2338 542 2350 576 :
2385 522 2479 578 sed
2505 521 2594 577 hic
2625 515 2867 593 legitime
2898 530 2952 578 et
2971 531 3140 593 juste,
3178 523 3270 582 ille
3301 522 3490 597 inique
3523 533 3577 582 et
3607 527 3728 583 ille-

467 609 678 678 νόμως,
717 611 744 660 6
792 608 848 662 δὲ
903 609 1236 680 παρανόμως
1262 625 1276 639 ·
1307 614 1402 666 καὶ
1445 612 1506 665 τὸ
1544 612 1645 684 μὲν
1693 613 1858 686 ἔργον
1909 616 2044 670 ταύ-

466 698 577 758 τδν.
605 697 682 768 τῷ
713 697 769 750 δὲ
800 697 986 768 σκοπῷ
1020 700 1286 772 διαφέρει.
1320 702 1426 755 Καὶ
1461 703 1546 756 ἵνα
1576 703 1733 758 τοῦτο
1782 707 2045 776 σαφέστε-

471 806 564 861 ρον
589 789 696 842 ἀπὸ
749 791 850 861 τῆς
893 791 1042 855 θείας
1090 792 1315 865 Γραφῆς
1356 797 1766 869 μεταμάθωμεν
1791 800 1856 865 ³⁸,
1917 819 2045 854 σκο-

469 882 736 949 πήσωμεν
755 880 925 945 οὕτως
937 883 1002 937 ⁸⁷.
1043 884 1362 953 Ἐφόνευσεν
1382 889 1410 940 6
1429 887 1585 952 Καῒν,
1603 889 1737 943 ἀλλὰ
1765 890 2044 963 βασκήνας

469 973 561 1024 καὶ
600 971 736 1044 δόλῳ
762 974 1105 1045 χρησάμενος
1128 993 1143 1006 ο
1177 977 1436 1046 ἐφόνευσε
1459 982 1662 1049 Φινεὲς,
1691 983 1827 1038 ἀλλά
1866 983 2041 1056 ζηλὼ-

469 1081 588 1128 σας,
619 1065 714 1119 καὶ
745 1068 845 1137 τῆς
875 1069 1158 1135 εὐσεϐείας
1191 1070 1613 1145 ύπερμαχήσας,
1650 1078 1745 1130 καὶ
1788 1076 2044 1147 βδελυξά-

471 1175 633 1228 μενος
677 1159 774 1232 τὴν
823 1161 1081 1217 ἀσέϐειαν
1104 1181 1118 1194 ·
1151 1164 1244 1218 καὶ
1285 1167 1346 1219 τὸ
1377 1168 1476 1238 μὲν
1509 1168 1668 1238 ἔργον
1705 1171 1892 1236 ταύτὸ,
1929 1176 1958 1226 6
1983 1172 2042 1226 δὲ

469 1252 668 1314 σκοπὸς
711 1253 950 1317 ἐναντίος
989 1255 1054 1308 ὲκ
1097 1255 1412 1328 διαμέτρου,
1463 1259 1620 1313 Οὕτω
1665 1263 1760 1315 καὶ
1801 1264 2040 1335 ήκλοπὴ

466 1339 575 1393 τῶν
608 1341 706 1410 μὲν
733 1341 837 1395 ὑπὸ
868 1342 960 1396 τοῦ
991 1343 1156 1414 νόμου
1191 1348 1680 1420 κατηγορουμένων
1714 1352 1863 1405 ἐστίν
1883 1371 1896 1384 ·
1923 1353 2039 1407 ἀλλ’

465 1430 660 1500 ἔκλεψε
701 1433 800 1503 τὴν
841 1433 1088 1504 εὐλογίαν
1116 1438 1145 1489 6
1189 1437 1387 1492 Ἰακὼϐ
1411 1479 1427 1502 ,
1482 1442 1578 1495 καὶ
1630 1442 1690 1494 ού
1744 1444 1906 1514 μόνον
1941 1445 2041 1517 τὴν

467 1523 800 1593 κατηγορίαν
827 1525 1097 1594 διέφυγεν,
1124 1527 1260 1580 ἀλλὰ
1283 1530 1376 1582 και
1401 1530 1462 1582 ὲν
1487 1531 1688 1595 πάσαις
1711 1534 2038 1606 εὐφημείται

463 1614 586 1674 ταῖς
628 1615 860 1681 γενεαῖς.
903 1615 1258 1685 Ἐνήστεοσεν
1309 1619 1496 1682 Ἠλίας
1525 1622 1554 1673 6
1585 1622 1745 1686 πάνυ,
1783 1625 2039 1694 ἐνήστευ-

464 1719 566 1756 σαν
591 1704 648 1758 δὲ
692 1705 788 1774 και
835 1707 884 1759 οι
922 1707 1014 1760 τὸν
1053 1709 1300 1763 Ναϐουθὲ
1339 1711 1770 1780 καταλεύσαντες
1798 1715 1842 1747 ³⁸
1866 1733 1881 1751 ο
1923 1717 2037 1772 ἀλλ’

463 1795 493 1848 6
543 1797 642 1864 μὲν
686 1797 1030 1867 φιλοσοφῶν,
1088 1802 1138 1854 οι
1189 1801 1246 1855 δὲ
1295 1805 1662 1873 συκοφαντίαν
1688 1809 2032 1880 τυρεύοντες.

475 1886 736 1959 Ἢλέησεν
764 1890 794 1942 ό
835 1891 1007 1944 Σαοὺλ
1053 1891 1145 1946 τὸν
1185 1894 1355 1964 Ἀγάγ
1375 1896 1440 1959 ³⁸,
1473 1899 1568 1950 καὶ
1609 1901 1900 1973 ἐγυμνώθη
1937 1904 2034 1973 τῆς

464 1976 739 2046 βασιλείας
833 1984 1150 2055 παράνομος
1201 1985 1311 2057 γὰρ
1366 1983 1434 2058 ἦν
1495 1990 1705 2056 ἐκεῖνος
1753 1994 1781 2046 6
1847 1995 2032 2060 ἔλεος·

458 2067 695 2138 ἔσφαξεν
739 2073 768 2126 6
811 2073 1060 2147 Σαμουὴλ
1108 2077 1202 2130 τὸν
1248 2078 1419 2149 Ἀγάγ
1447 2122 1462 2144 ,
1526 2082 1622 2136 καὶ
1676 2084 1820 2140 θεῖον
1871 2089 2036 2159 νόμον

457 2161 766 2253 ἐπληρωσε.
800 2165 909 2218 Kal.
933 2165 1071 2221 ἄλλα
1099 2167 1154 2220 δὲ
1188 2171 1358 2242 μυρία
1383 2171 1530 2228 ἔστιν
1568 2175 1750 2248 εὑρεῖν
1778 2181 1839 2232 οὑ
1883 2185 2035 2253 παρά

454 2249 682 2348 θείᾳ
713 2253 851 2348 μόνη
875 2255 1087 2330 Γραφῇ,
1118 2259 1256 2314 ἀλλὰ
1292 2263 1386 2317 καὶ
1418 2265 1476 2318 ὲν
1505 2269 1619 2331 τοῖς
1643 2269 1769 2324 καθ’
1794 2249 2034 2348 ἑκάστην

455 2343 672 2414 ἡμέραν
724 2347 855 2416 παρ’
900 2348 1058 2419 ήμῶν
1109 2353 1470 2423 γιγνομένοις.
1505 2359 1613 2412 Καὶ
1658 2362 1687 2414 6
1731 2343 2033 2434 θαυμάσιος

452 2433 637 2488 τοίνυν
686 2436 868 2507 Ὠσηὲ,
904 2439 1003 2493 οὐκ
1037 2441 1305 2515 ἐπιθυμίᾳ
1327 2444 1646 2516 δουλεύσας,
1698 2433 2032 2522 ἀλλὰθείοις

456 2524 720 2613 νεύμασιν
757 2528 928 2594 εἴξας,
957 2530 1116 2585 ἔλαϐε
1140 2533 1240 2606 τὴν
1266 2535 1496 2607 πόρνην,
1539 2539 1635 2592 xui.
1677 2543 1857 2613 γάμου
1891 2565 2030 2602 παν-

458 2613 548 2678 τὸς
590 2611 657 2686 ἦν
708 2620 1009 2692 σεμνοτέρα
1054 2623 1235 2696 ἐκείνη
1273 2627 1304 2696 ἡ
1348 2627 1532 2696 ὁμιλία
1558 2648 1571 2661 ·
1623 2633 1684 2685 οὐ
1739 2611 1901 2704 μόνον
1947 2639 2029 2693 ὅτι

458 2707 598 2761 κατὰ
631 2708 772 2762 θεῖον
798 2712 1010 2779 ἐγίνετο
1037 2713 1234 2786 νεῦμα,
1269 2717 1384 2770 ἀλλ’
1427 2720 1616 2793 ἐπειδὴ
1647 2725 1740 2777 καὶ
1768 2726 1860 2780 τοῦ
1892 2727 2028 2783 Θεοῦ

450 2797 546 2852 τὸν
572 2798 740 2852 τύπον
766 2799 974 2856 ἐδείκνυ
995 2845 1008 2869 ,
1046 2805 1142 2858 καὶ
1185 2805 1333 2871 ὅπως
1365 2809 1392 2860 6
1420 2810 1576 2879 ἅγιος
1616 2815 1711 2868 καὶ
1743 2817 1802 2869 ὲν
1851 2819 2030 2888 ἁγίοις

450 2892 888 2962 ἀναπαυόμενος,
916 2896 1148 2967 νυμφίος
1177 2901 1276 2970 τῆς
1310 2900 1610 2958 ἀκολάστου
1653 2906 1894 2978 πληθύος
1921 2913 2029 2968 τῶν

463 2981 814 3054 Ἰσραηλιτῶν
884 2987 1242 3058 ἐχρημάτιζε.
1319 2993 1778 3066 Παιδοποιήσαντι
1849 2979 2030 3058 τοίνυν

449 3072 602 3145 αὐτῷ
645 3075 857 3130 κελεύει
896 3080 1334 3150 προσαγορεῦσαι
1392 3083 1451 3137 τὸ
1499 3087 1688 3156 τεχθὲν
1746 3089 1983 3161 Ἰεζραέλ
2011 3111 2024 3124 ·

2147 612 2375 683 gitime;
2417 621 2470 668 et
2514 627 2641 666 cum
2687 612 2760 668 sit
2799 627 2973 668 unum
3006 623 3060 670 et
3092 613 3238 670 idem
3281 630 3442 685 opus,
3478 616 3596 670 solo
3645 625 3729 670 ta-

2147 719 2271 758 men
2319 704 2602 775 pr0posito
2633 702 2837 769 differt,
2877 713 2931 759 et
2971 720 3161 776 scopo.
3219 702 3290 760 Ut
3322 721 3453 762 vero
3479 708 3726 777 apertius

2147 808 2212 848 ex
2258 809 2415 849 sacra
2453 793 2741 863 Scriptura
2776 794 2880 850 hoc
2923 809 3365 865 cognoscamus,
3400 796 3504 851 bac
3541 798 3724 852 consi-

2145 883 2429 940 deratione
2469 900 2609 956 opus
2645 893 2754 940 est.
2785 885 2997 940 Caedem
3043 886 3170 942 fecit
3200 887 3331 942 Cain
3364 888 3419 950 ἱ.

2145 972 2236 1027 dia
2277 973 2538 1029 laborans
2566 981 2622 1028 et
2644 974 2770 1027 dolo
2798 975 2961 1029 malo.
2989 974 3200 1030 Caedem
3241 975 3365 1031 fecit
3397 976 3630 1032 Pliinees
3660 977 3673 1026 ι
3705 1018 3719 1041 ,

2147 1065 2244 1120 sed
2291 1068 2309 1086 '
2353 1066 2468 1120 zelo
2511 1064 2902 1131 inflammatus,
2945 1073 3000 1120 et
3032 1081 3131 1135 pro
3181 1067 3383 1136 pietate
3437 1077 3718 1122 certamen

2147 1155 2483 1226 suscipiens,
2514 1163 2678 1225 atque
2706 1155 2774 1210 ab
2802 1155 3080 1224 impietate
3110 1157 3432 1211 abhorrens.
3474 1155 3612 1211 Hinc
3636 1165 3722 1212 est

2144 1247 2364 1318 quidem
2395 1262 2537 1317 opus
2568 1247 2734 1310 idem,
2778 1261 2980 1316 scopus
3018 1262 3148 1302 vero
3173 1255 3233 1302 et
3271 1248 3613 1319 propositum
3651 1265 3716 1303 ex

2143 1337 2410 1393 diametro
2437 1337 2801 1393 contrarium.
2836 1336 3042 1393 Eodem
3063 1337 3226 1392 modo
3260 1338 3466 1392 furtum
3496 1339 3716 1408 quidem

2145 1446 2242 1500 per
2274 1429 2448 1500 legem
2495 1429 2863 1500 improbatur,
2918 1445 2948 1484 a
2977 1438 3132 1500 patre
3172 1435 3353 1484 tamen
3385 1428 3720 1485 benedictio-

2143 1538 2267 1577 nem
2302 1521 2472 1577 Jacob
2530 1520 2745 1577 furatus
2788 1527 2872 1576 cst
2896 1521 2919 1558 Ιι
2942 1559 2958 1584 ,
2994 1530 3049 1575 et
3081 1534 3191 1574 non
3222 1519 3388 1575 modo
3431 1519 3562 1575 furti
3612 1537 3718 1575 non

2139 1625 2225 1673 est
2257 1621 2575 1675 accusatus,
2611 1627 2800 1667 verum
2833 1612 3003 1666 etiam
3039 1626 3138 1680 per
3182 1626 3374 1668 omnes
3413 1613 3719 1684 generatio-

2140 1723 2238 1762 nes
2282 1705 2593 1760 celebratus
2644 1711 2750 1759 est.
2795 1701 3079 1772 Jejunavit
3122 1702 3270 1758 Elias
3317 1703 3409 1758 ille
3447 1717 3719 1774 magnus,

2137 1798 2453 1867 jejunarunt
2485 1802 2541 1850 et
2579 1793 2636 1848 hi
2679 1793 2776 1864 qui
2839 1791 3150 1848 Nabothum
3195 1794 3471 1864 lapidibus
3519 1795 3718 1850 obrue-

2140 1899 2268 1944 runt
2302 1888 2318 1927 ι
2356 1907 2370 1944 :
2398 1888 2495 1945 sed
2527 1888 2620 1943 ille
2648 1885 2957 1942 honestatis
3003 1885 3214 1951 studio,
3245 1886 3303 1941 bi
3332 1901 3463 1942 vero
3503 1887 3717 1940 calum-

2139 1983 2284 2035 niam
2336 1987 2702 2049 aucupantes.
2747 1975 2878 2032 Saul
2931 1976 3249 2034 misericors
3293 1992 3422 2049 erga
3468 1977 3712 2050 Agagum

2139 2072 2267 2137 fuit,
2296 2079 2350 2126 et
2380 2071 2647 2141 spoliatus
2680 2068 2785 2123 fuit
2827 2083 3016 2139 regno,
3052 2068 3239 2139 iniqua
3268 2071 3414 2125 enim
3449 2080 3566 2126 erat
3600 2071 3710 2126 haec

2137 2161 2561 2228 misericordia;
2631 2159 2856 2215 Samuel
2920 2158 3202 2215 interfecit
3257 2161 3500 2233 Agagum
3553 2172 3596 2202 In
3657 2171 3713 2218 et

2135 2254 2242 2325 legi
2281 2254 2483 2309 divinae
2529 2251 2828 2308 satisfecit.
2885 2249 3204 2307 Istiusmodi
3267 2253 3373 2306 alia
3425 2252 3714 2307 innumera

2136 2346 2382 2402 invenire
2404 2344 2563 2400 facile
2586 2351 2691 2410 est,
2721 2356 2900 2412 neque
2925 2341 2980 2395 in
3011 2354 3170 2396 saera
3204 2348 3416 2396 tantum
3456 2341 3710 2413 Scriptu-

2134 2453 2232 2504 ra,
2289 2453 2476 2494 verum
2516 2437 2680 2492 etiam
2728 2435 2780 2488 in
2822 2434 2889 2488 iis
2944 2448 3066 2503 qua:
3111 2434 3366 2510 quotidie
3414 2433 3564 2490 inter
3607 2449 3714 2489 nos"

2135 2532 2294 2587 ﬁunt.
2333 2530 2694 2586 Admirabiiis
2731 2529 2948 2600 1316
2993 2529 3178 2598 itaque
3214 2525 3406 2594 Oseas,
3439 2543 3549 2582 non
3582 2527 3708 2581 libi-

2135 2622 2249 2677 dini
2285 2622 2558 2684 serviens,
2613 2620 2710 2676 sed
2764 2620 2920 2673 uutui
2968 2618 3156 2672 divino
3219 2631 3412 2687 parere
3457 2617 3705 2682 studens,

2133 2730 2359 2770 uxorem
2393 2714 2552 2768 duxit
2597 2710 2964 2776 meretricem,
3001 2717 3166 2780 atque
3213 2707 3472 2763 omnibus
3499 2707 3707 2777 nuptiis

2132 2809 2338 2863 castior
2366 2816 2421 2862 et
2449 2804 2778 2859 laudabilior
2802 2804 2920 2858 btec
2951 2803 3190 2858 societas
3238 2801 3341 2855 fuit
3380 2819 3393 2852 :
3429 2815 3607 2869 neque
3637 2800 3709 2854 ob

2131 2899 2198 2954 id‘
2219 2898 2418 2962 solum,
2439 2895 2584 2966 quod
2611 2911 2680 2949 ex
2712 2893 2801 2949 Dei
2833 2902 2970 2948 nutu
2994 2901 3049 2948 et
3080 2892 3313 2947 arbitrio
3343 2891 3489 2946 facta
3518 2889 3705 2953 fuerit,

2132 2989 2228 3045 sed
2259 2991 2424 3044 etiam
2463 2987 2610 3057 quod
2655 2984 2826 3041 Deum
2856 2984 3032 3056 ﬁgura
3079 2984 3314 3054 quadam
3354 2982 3708 3054 expresserit,

2132 3080 2548 3149 significaturus
2595 3094 2708 3150 quo
2747 3084 2910 3148 pacto
2934 3084 3161 3132 sanctus
3194 3075 3305 3138 ilic,
3335 3083 3390 3130 et
3417 3074 3471 3129 in
3504 3073 3710 3130 sanctis

456 3182 476 3216 ι
514 3165 661 3220 Διότι
716 3166 797 3222 ἔτι
850 3170 1077 3242 μικρὸν,
1128 3172 1283 3225 ml."
1338 3175 1614 3246 ἐκδικήσω
1658 3179 1720 3232 τὸ
1753 3176 1896 3252 αἷμα
1930 3185 2025 3239 τοῦ

2133 3174 2508 3246 requiescens,
2540 3185 2814 3243 sponsum.
2834 3183 2897 3224 se
2929 3166 3124 3223 fecerit
3154 3165 3540 3222 contaminatae
3563 3163 3706 3217 mul-

460 3254 698 3327 Ίεξραὲλ
724 3297 740 3321 .
787 3258 943 3313 ἔπιθι
995 3259 1087 3313 τὸν
1135 3256 1284 3316 οἶκον
1323 3264 1464 3334 Ἰηοῦ
1489 3307 1504 3329 ,
1540 3269 1635 3320 και
1687 3272 2028 3328 καταπαύσω

450 3344 728 3415 βασιλείαν
757 3347 908 3402 οἴκου
967 3347 1199 3421 Ἰσραήλ.
1232 3353 1315 3420 (δ’,
1365 3353 1448 3421 ε’).
1481 3355 1589 3408 Καὶ
1639 3356 1812 3424 ἔσται,
1867 3363 1926 3416 ὲν
1956 3367 2033 3436 τῇ

447 3436 632 3506 ἡμέρᾳ
669 3438 852 3510 ἐκείνῃ
897 3441 1174 3512 συντρίψω
1195 3443 1256 3496 τδ
1293 3444 1446 3509 τόξον
1477 3446 1574 3500 τοῦ
1621 3450 1840 3522 Ἰσραὴλ
1867 3455 1927 3508 έν
1956 3459 2022 3528 τῇ

446 3528 654 3583 κοιλάδι
680 3528 776 3582 τοῦ
823 3530 1084 3599 ’Ῑεζραέλ.
1122 3551 1139 3583 ι
1185 3535 1249 3588 Ὃ
1272 3534 1326 3589 δὲ
1357 3535 1526 3605 λέγει,
1559 3542 1800 3596 τοιοῦτόν
1831 3546 1981 3602 ἔστιν
2007 3563 2020 3577 °

460 3618 712 3687 Ἰεῷαὲλ
743 3620 804 3673 τὸ
829 3622 1025 3692 χωρίον
1063 3623 1230 3696 ἔστιν,
1266 3626 1325 3680 ὲν
1353 3621 1397 3695 ᾧ
1426 3629 1675 3686 Ναϐουθὲ
1713 3633 1812 3704 τὴν
1836 3635 2021 3693 ἄδικον

444 3711 662 3781 ὲκείνην
694 3711 950 3780 ὑπέμεινε
982 3715 1196 3786 σφαγήν
1218 3733 1232 3747 ·
1263 3717 1291 3770 ό
1320 3717 1375 3771 δὲ
1405 3721 1590 3789 Ἰηοῦ,
1618 3724 1646 3777 6
1668 3726 1858 3782 τούτου
1885 3732 2024 3786 κατὰ

448 3799 597 3853 θείαν
627 3800 821 3870 βουλὴν
853 3802 1142 3871 γενόμενος
1172 3807 1432 3878 τιμωρὸς,
1472 3804 1516 3879 ᾧ
1541 3811 1810 3885 ὑπέσχετο
1834 3819 1862 3872 6
1892 3819 2024 3885 Θεὸς

449 3889 541 3943 διὰ
581 3891 650 3944 τὰ
683 3891 822 3946 κατά
848 3894 947 3964 τῆς
999 3894 1231 3960 Ἰεζαϐὲλ
1252 3897 1298 3928 ⁴¹
1329 3900 1480 3971 αύτῷ
1525 3908 1903 3978 γεγενημένα,
1943 3913 2024 3974 εις

450 3978 715 4069 τετάρτην
741 3981 934 4050 γενεὰν
976 3981 1287 4054 διαρκέσειν
1311 3984 1408 4056 τὴν
1451 3988 1752 4059 βασιλείαν.
1802 3996 2021 4069 Ἐπειδὴ

449 4068 629 4123 τοίνυν
659 4071 706 4124 οι
749 4073 813 4125 ὲκ
838 4071 1031 4125 τούτου
1069 4072 1238 4145 λήθην
1266 4074 1364 4146 τῆς
1393 4076 1542 4143 θείας
1572 4080 1764 4136 ἔλαϐον
1793 4068 2020 4157 εὐεργεέ

446 4159 592 4225 σίας,
625 4163 715 4214 καὶ
750 4161 846 4234 τὴν
882 4163 992 4216 τῶν
1033 4163 1138 4234 πρὸ
1170 4164 1348 4218 αὐτῶν
1390 4166 1856 4236 βεϐασιλευκότων
1888 4175 2018 4247 ἐζή-

441 4250 625 4307 λωσαν
658 4253 996 4319 δυσσέϐειαν,
1026 4255 1243 4310 ἀπειλεί
1272 4257 1302 4309 6
1325 4256 1456 4323 Θεὸς
1485 4262 1580 4314 καὶ
1611 4263 1820 4336 ταύτην
1845 4283 2021 4322 κατα-

440 4343 676 4399 παύσειν
725 4343 824 4417 τὴν
874 4345 1184 4416 βασιλείαν.
1223 4349 1318 4402 καὶ
1369 4349 1462 4402 τοῦ
1515 4353 1728 4426 Ἰσραὴλ
1773 4357 1833 4410 τὸ
1865 4359 2020 4424 τόξον

441 4439 761 4511 συντρίψειν
784 4479 798 4504 ,
834 4439 1122 4503 τουτέστι,
1157 4439 1486 4496 καταλύσειν
1536 4443 1635 4516 τὴν
1690 4447 1921 4520 δύναμιν
1958 4455 2019 4506 ἐν

2132 3266 2384 3322 titudinis
2419 3263 2814 3319 lsraelitarum.
2855 3258 3045 3328 Itaque
3074 3257 3271 3322 litium,
3315 3271 3478 3327 quem
3523 3262 3709 3311 sustu-

2129 3357 2311 3421 lisset,
2352 3355 2522 3426 jussit
2563 3351 2833 3408 nominari
2865 3348 3102 3404 Jezrael.
3138 3365 3157 3400 ι
3191 3347 3332 3414 Quia
3372 3347 3553 3402 adhuc
3588 3361 3704 3399 mo-

2127 3447 2334 3508 dicunt,
2367 3451 2423 3500 et
2453 3443 2690 3500 ulciscar
2719 3439 3042 3511 sanguinem
3096 3436 3362 3494 Jezraelis
3403 3451 3570 3506 super
3603 3436 3704 3490 do-

2128 3551 2276 3590 mum
2315 3533 2451 3588 Jehu
2483 3551 2498 3589 :
2535 3540 2593 3588 et
2620 3532 2904 3602 quiescere
2927 3529 3124 3584 faciam
3150 3544 3375 3598 regnum
3401 3528 3603 3583 domus
3622 3527 3706 3582 ls-

2125 3627 2312 3684 raelis.
2349 3624 2537 3698 (Vens.
2569 3625 2648 3697 5.)
2693 3623 2756 3678 Et
2782 3625 2907 3689 erit,
2939 3624 3034 3678 illo
3077 3623 3169 3678 die
3215 3621 3462 3691 frangam
3514 3633 3703 3673 arcum

2126 3719 2350 3776 lsraelis
2397 3717 2453 3773 in
2490 3718 2632 3772 valle
2682 3715 2970 3773 Jezraelis.
3035 3733 3054 3767 ›
3101 3711 3392 3783 Ejusmodi
3442 3722 3524 3767 est
3558 3711 3707 3780 quod

2127 3809 2306 3866 dicit:
2357 3807 2572 3864 Jezrael
2617 3809 2774 3864 locus
2823 3816 2928 3872 est,
2969 3805 3064 3862 ubi
3110 3804 3332 3860 Naboth
3361 3802 3576 3873 'injusta
3612 3802 3706 3855 illa

2126 3902 2276 3959 caede
2309 3912 2538 3958 necatus
2565 3899 2668 3955 fuit
2702 3915 2716 3953 :
2741 3899 2878 3954 Jahn
2909 3911 3040 3953 vero
3064 3897 3254 3952 divino
3283 3895 3513 3951 consitio
3542 3893 3706 3963 hujus

2126 3994 2325 4048 mortis
2357 3993 2554 4048 vindex
2587 3990 2767 4045 factus
2805 3997 2889 4044 est
2921 4007 2935 4044 :
2965 3986 3053 4043 cui
3090 3986 3358 4042 Dominus
3397 3986 3468 4040 ob
3499 3999 3563 4040 ea
3585 3998 3708 4055 quae

2125 4090 2322 4138 contra
2367 4080 2675 4135 Jezabeiem
2724 4077 2949 4141 fecerat;
2988 4090 3165 4145 usque
3209 4074 3290 4129 ad
3317 4083 3568 4144 quartam
3609 4087 3707 4142 ge,

2125 4175 2472 4232 uerationem
2512 4185 2737 4242 regnum
2787 4181 3213 4239 permansurum
3245 4181 3370 4222 esse
3423 4164 3704 4235 pollicitus

2125 4275 2206 4322 est
2239 4274 2288 4320 ιι.
2319 4263 2400 4320 Ut'
2415 4278 2544 4319 vero
2573 4260 2780 4332 posteri
2820 4261 2876 4314 in
2919 4259 3251 4314 oblivionem
3279 4256 3478 4313 divine
3509 4254 3708 4311 benetb

2126 4357 2320 4412 centiae
2349 4361 2637 4423 venerunt,
2671 4358 2725 4406 et
2758 4365 2972 4412 eorum.
3010 4350 3104 4420 qui
3152 4357 3316 4404 antea
3349 4356 3698 4419 regnassent.

2129 4448 2461 4519 impietatem
2519 4442 2726 4498 imitari
2771 4449 3080 4512 cmperuut,
3117 4442 3364 4496 minatur
3441 4437 3706 4493 Dominus

437 4533 508 4602 τῇ
539 4531 746 4585 κοιλάδι
796 4529 893 4586 τοῦ
939 4529 1210 4601 Ἰειζξραεῖλ⁹
1252 4531 1350 4602 οὐχ
1398 4532 1586 4597 ἁπλῶς
1633 4535 1690 4589 δὲ
1730 4537 1896 4594 τοῦδε.
1921 4542 2018 4596 τοῦ

2133 4554 2183 4595 se
2211 4538 2376 4594 etiam
2417 4536 2522 4590 hoc
2553 4548 2784 4604 regnum
2817 4531 3122 4588 deleturum
3166 4538 3222 4585 et
3259 4542 3451 4582 areum
3487 4525 3704 4582 lsraelis

439 4620 624 4692 χώρου
659 4621 756 4692 τὴν
781 4619 1007 4692 μνήμην
1049 4621 1344 4693 ἐποιήσατο
1364 4662 1379 4684 ,
1417 4622 1553 4677 ἀλλὰ
1580 4625 1682 4695 τῆς
1711 4627 1862 4692 θείας
1892 4631 2024 4685 ἀνα-

442 4713 774 4782 μιμνήσκων
833 4711 1151 4783 εὐεργεσίας
1201 4713 1294 4768 τὸν
1339 4716 1592 4785 τηνικάδε
1626 4718 1850 4788 βασιλέα
1877 4763 1892 4787 ,
1926 4726 2022 4780 καὶ

437 4802 710 4856 διδάσκων
733 4841 749 4868 ,
805 4803 886 4857 ὅτι
935 4802 1188 4876 καθάπερ
1225 4805 1382 4870 δίκας
1421 4809 1714 4880 εἰσέπραξε
1751 4814 1876 4878 τοὺς
1931 4817 2024 4870 τὸν

436 4893 692 4965 ,Ναϐουθὲ
722 4892 1182 4964 κατασφάξαντας
1215 4897 1302 4951 διὰ
1334 4896 1429 4952 τοῦ
1482 4901 1828 4974 προπάτορος
1856 4905 2022 4959 αὑτοῦ

454 4979 596 5050 Ἰηοῦ
617 4996 631 5010 ·
669 4980 812 5034 οὕτω
852 4984 948 5036 και¹
978 4983 1175 5046 αὐτοὺς
1204 4984 1302 5055 τῆς
1328 4985 1408 5049 εἰς
1434 4987 1598 5040 αὐτὸν
1625 4989 2020 5064 ἀγνωμοσύνης

439 5069 737 5144 ἀπαιτήσει
769 5073 980 5145 ποινήν.
1027 5073 1250 5138 Τούτοις
1285 5077 1482 5144 ἐπάγει
1505 5119 1521 5144 ,
1574 5080 1659 5132 ὅτι
1704 5082 1796 5134 καὶ
1831 5083 2021 5155 ἕτερον

438 5160 637 5234 ἐτέχθη
697 5164 912 5218 παιδίον
935 5203 952 5231 ,
999 5166 1093 5219 καὶ
1134 5165 1240 5219 ὑπὸ
1284 5165 1379 5220 τοῦ
1426 5166 1563 5221 Θεοῦ
1597 5169 1706 5224 τῶν
1751 5171 1887 5226 ὅλων
1921 5175 2019 5246 τὴν

2120 4629 2566 4690 confracturum,
2597 4626 2705 4680 hoc
2727 4632 2833 4690 est,
2866 4623 3011 4678 vires
3050 4629 3105 4676 et
3140 4619 3440 4691 potentiam
3471 4618 3526 4672 in
3560 4615 3703 4670 valle

2121 4719 2388 4776 Jezraelis
2435 4716 2838 4774 dissoluturum
2876 4729 3019 4769 esse.
3070 4710 3190 4766 Non
3245 4710 3345 4766 abs
3397 4723 3458 4763 re
3515 4715 3699 4762 autem

2123 4810 2292 4880 hujus
2338 4808 2452 4864 loci
2486 4809 2820 4863 mentionem
2865 4804 3022 4868 fecit,
3062 4803 3157 4858 sed
3194 4800 3262 4854 ad
3297 4799 3496 4854 divinae
3552 4798 3706 4853 beni-

2122 4902 2353 4973 gnitatis
2402 4900 2721 4955 memoriam
2761 4910 3021 4952 revocare
3068 4893 3301 4964 cupiens
3354 4905 3536 4960 regem
3589 4897 3703 4942 tum

2131 5003 2475 5064 regnantem,
2527 5008 2592 5046 ac
2655 4990 2883 5051 docens,
2939 4987 3087 5042 sicut
3115 4999 3214 5055 per
3272 4981 3408 5038 Jeltu
3443 4996 3706 5051 proavum

2126 5085 2250 5156 eius
2281 5100 2472 5156 pennas
2515 5084 2580 5138 de
2635 5083 2743 5147 bis,
2790 5081 2883 5153 qui
2925 5079 3236 5133 Nabothum
3291 5072 3707 5133 interfecerant,

2129 5187 2444 5249 sumpserat
2478 5177 2767 5238 Dominus,
2815 5174 2888 5229 ita
2925 5173 3079 5228 illum
3110 5171 3179 5226 ab
3215 5169 3336 5238 ejus
3367 5164 3709 5223 successori—

519 5370 811 5453 ‘_Gft_t'-_I-V.
1019 5372 1196 5453 _I}'um.
1228 5392 1355 5453 τῃ.
1378 5374 1432 5428 8.
1511 5377 1535 5416 ιι
1575 5375 1906 5444 Genuum,
1940 5380 2010 5436 22
2045 5396 2198 5453 seqq.
2279 5379 2296 5419 ι
2339 5379 2406 5435 ιιι
2441 5377 2576 5448 Reg.
2608 5392 2698 5440 xx,
2731 5375 2764 5429 ι
2789 5389 2945 5444 seqq.
3025 5382 3064 5410 ιυ
3099 5372 3119 5426 ι
3151 5370 3283 5442 Reg.
3317 5385 3410 5435 xv,
3451 5365 3519 5422 32
3548 5378 3679 5434 seqq

435 5439 594 5510 juxta
618 5441 783 5496 LXX.
861 5450 889 5480 ³
923 5442 989 5497 ιν
1019 5442 1151 5511 Heg.
1188 5462 1240 5508 x,
1275 5447 1364 5503 30.

1714 5628 1950 5686 ὙΛΡιΙιΕ
1991 5627 2400 5687 LECTIONES.

515 5735 559 5817 ’ξ
590 5737 629 5790 C
681 5742 1120 5817 καταμάθωμεν.
1182 5746 1223 5775 οτ
1249 5743 1292 5817 tl
1326 5741 1546 5817 οὑτωσί.
1579 5814 1596 5817 _
1623 5744 1665 5773 ³⁸
1704 5743 1930 5817 κατ-,ιω
1965 5745 2028 5807 C.
2065 5761 2226 5817 quem
2279 5742 2582 5817 sequimur.
2619 5737 3236 5817 Si_rtn._>ga_:1?._53:fgtft.
3317 5732 3357 5761 ³’
3392 5728 3434 5786 C
3469 5727 3670 5795 Ἀγαγο

444 5805 490 5837 ⁸ο
528 5806 606 5860 ἔτι
645 5827 702 5880 μ.
746 5805 856 5866 καί.
893 5812 953 5866 C.
991 5805 1140 5884 Ξρησί.

1245 5815 1285 5845 δι
1322 5813 1432 5868 ἐπί.
1461 5814 1532 5868 lla
1559 5814 1620 5882 Ο,
1660 5825 1718 5869 ιιι
1753 5814 1914 5870 LXX.
1961 5811 2260 5889 Edit'prior
2311 5811 2544 5871 habebat
2595 5811 2710 5866 καί.

2808 5811 2849 5843 ⁸³
2879 5810 2917 5864 C
2965 5802 3212 5868 Ἰεζάϐελ.

3459 889 3553 943 sed
3584 889 3726 943 invi-
3825 903 3832 908 ·
