4092 6408
545 377 680 446 1563

1514 383 2000 444 THEODORETI
2040 383 2378 447 EPISCOPI
2412 389 2776 450 CYRENSIS

3665 389 3812 456 1564

543 509 723 548 meum
791 492 1083 563 priorem:
1132 493 1262 563 quia
1333 494 1528 550 melior
1577 496 1712 550 mihi
1769 505 1890 552 erat
1949 505 2101 562 tunc,

2211 497 2527 570 ἐπιστρέψω
2577 500 2714 571 πρὸς
2748 500 2836 554 τὸν
2866 500 3032 572 ἄνδρα
3092 517 3193 570 μου
3249 499 3340 556 τὸν
3389 504 3678 575 πρότερον,
3716 506 3809 558 ὅτι

543 598 707 652 quam
733 599 880 639 nunc
901 594 1004 640 est.
1035 603 1054 636 ι
1092 583 1150 639 Et
1170 583 1548 656 quisDcierga
1585 587 1838 643 homines
1865 588 2110 643 studium

543 681 598 726 et
625 686 870 726 amorem
909 673 1162 738 intuens,
1221 689 1334 729 non
1381 675 1510 745 jure
1562 677 1944 749 Obstupescat.
1989 681 2108 749 qui,

543 778 665 816 cum
701 761 844 819 Deus
879 765 970 831 sit,
1004 765 1182 820 factor
1231 775 1286 822 et
1319 767 1604 834 Dominus,
1643 771 1816 824 virum
1867 779 1922 827 et
1949 787 2110 842 spon-

541 867 658 906 sum
701 855 946 924 seipsum
1008 866 1190 924 vocat,
1234 873 1344 912 non
1402 860 1731 916 dominum?
1780 860 1916 916 Nam
1979 863 2110 933 quia

540 946 730 999 uxoris
771 963 904 1018 erga
968 948 1146 1002 virum
1186 965 1344 1004 amor
1401 953 1582 1022 major
1627 968 1692 1008 ac
1732 954 2111 1010 vehementior

537 1049 700 1103 quam
735 1051 1024 1092 servorum
1055 1053 1184 1110 erga
1239 1038 1526 1095 dominum
1577 1057 1703 1098 esse
1754 1044 1925 1110 solet,
1964 1047 2111 1100 hunc

537 1123 794 1180 allectum
831 1142 896 1182 ac
928 1129 1174 1184 studium
1217 1130 1475 1188 inducere
1501 1135 1734 1203 cupiens
1765 1135 2107 1205 hominibus,

537 1215 780 1284 seipsum
805 1232 1058 1285 sponsum
1086 1226 1142 1274 et
1171 1220 1343 1273 virum
1395 1224 1656 1292 appellat.
1719 1223 2107 1284 Verumtamen

539 1319 608 1360 ne
635 1306 740 1360 ista
763 1307 985 1377 quidem
1015 1311 1261 1380 ingratos
1292 1322 1348 1366 et
1383 1315 1626 1382 perversi
1656 1317 1825 1371 animi
1851 1319 2110 1376 homines

540 1395 610 1449 ad
635 1404 844 1451 rectum
873 1408 927 1453 et
959 1408 1171 1468 gratum
1201 1417 1331 1472 erga
1383 1404 1552 1459 Deum
1579 1407 1825 1462 animum
1861 1420 2107 1467 movent.

539 1485 698 1540 Unde
732 1486 789 1541 at
815 1496 875 1542 ut
904 1490 1070 1544 etiam
1101 1491 1170 1546 de
1207 1493 1316 1548 illis
1350 1493 1499 1549 dicat
1530 1511 1545 1548 :

610 1572 776 1631 Vsus.
803 1577 856 1632 8.
893 1597 914 1629 ‹
945 1579 1011 1634 Et
1046 1581 1164 1650 ipsa
1220 1584 1456 1638 nescivit
1510 1601 1597 1641 me
1653 1586 1874 1644 dedisse
1906 1591 1957 1647 ei
1991 1590 2109 1647 fru-

538 1676 809 1731 mentum,
841 1677 894 1723 et
924 1671 1129 1738 viuum,
1163 1681 1217 1726 et
1250 1674 1460 1739 oleum,
1489 1685 1544 1732 et
1580 1690 1892 1750 argentum,
1925 1691 1980 1737 et
2007 1699 2108 1738 au-

538 1771 661 1810 rum
711 1758 1168 1828 multiplicavisse
1204 1763 1256 1818 ei
1289 1783 1303 1818 :
1344 1765 1463 1820 haec
1515 1779 1696 1824 autem
1737 1779 1998 1842 argentea
2055 1784 2110 1831 et

534 1860 702 1903 aurea
741 1849 991 1905 adhibuit
1023 1852 1076 1906 in
1103 1842 1236 1909 usus
1284 1855 1486 1913 Baalis.
1523 1878 1543 1911 ›
1578 1859 1750 1917 Etiam
1773 1879 1895 1934 qua:
1928 1879 1958 1918 a
1998 1865 2108 1922 Deo

534 1940 747 2010 accepit
796 1940 960 2007 dona,
995 1959 1058 1999 ea
1105 1945 1172 2000 ad
1217 1947 1342 2003 illos
1408 1949 1504 2005 Dei
1559 1952 1746 2011 hostes
1801 1961 2106 2016 transtulit.

431 2071 434 2075 .
533 2030 613 2104 [9]
649 2033 830 2100 Quare
856 2035 1101 2094 offensus
1135 2038 1280 2096 Deus
1307 2043 1551 2098 minatur
1607 2062 1667 2102 se
1696 2063 1793 2105 eos
1831 2050 2108 2110 frumento

530 2133 586 2177 et
615 2125 744 2180 vino
777 2142 899 2182 esse
927 2130 1296 2198 privatorum.
1351 2133 1415 2188 Et
1445 2151 1514 2191 ne
1570 2137 1715 2194 forte
1750 2149 1957 2198 terram
2018 2145 2105 2199 in-

533 2212 874 2305 fecunditate
905 2219 1160 2278 laborare
1186 2225 1544 2294 arbitrentur,
1585 2234 1836 2302 apposite
1866 2237 2102 2305 addidit,

529 2322 554 2356 ι
593 2303 650 2358 In
681 2315 925 2378 tempore
972 2325 1112 2377 suo,
1153 2333 1171 2366 ι
1212 2315 1318 2372 hoc
1369 2330 1474 2382 est,
1535 2330 1827 2392 postquam
1877 2303 2105 2383 omnino

529 2401 878 2466 maturuerit,
914 2407 1115 2462 messis
1145 2408 1353 2478 1321
1399 2426 1463 2465 ae
1505 2414 1798 2470 vindemia:
1831 2424 2102 2488 tempore.

525 2486 772 2546 Minatur
799 2496 966 2550 etiam
1018 2511 1079 2552 se
1137 2498 1289 2554 illam
1332 2509 1486 2556 veste
1541 2505 1906 2575 spoliaturum
1949 2486 2100 2576 esse,

527 2579 604 2635 ita
635 2591 694 2638 ut
725 2587 1074 2646 vestimentis
1096 2593 1259 2647 etiam
1305 2598 1638 2654 necessariis
1672 2600 1936 2672 indigeat.
1980 2603 2098 2676 [l0]

525 2671 660 2742 Ejus
696 2691 847 2742 vero,
883 2680 1083 2750 inquit,
1115 2693 1394 2742 amatores
1449 2688 1565 2743 haec
1610 2671 1909 2750 cernentes
1938 2671 2100 2766 adju;

524 2775 713 2822 mento
743 2769 792 2824 ei
828 2785 950 2826 esse
1000 2789 1108 2828 non
1140 2785 1421 2846 poterunt.
1471 2780 1584 2855 [Η]
1619 2784 1853 2856 Insuper
1882 2795 1936 2843 et
1983 2805 2103 2846 ces-

521 2857 797 2913 sationem
845 2859 1060 2917 dierum
1105 2864 1397 2934 festorum,
1443 2887 1747 2945 omnesque
1794 2878 1998 2937 laetitia:
2045 2893 2101 2938 et

520 2946 910 3004 exsultationis
937 2953 1260 3010 occasiones
1290 2959 1748 3031 exstinguendas,
1767 2967 1902 3024 licus
1934 2971 2097 3026 etiam

520 3044 576 3091 et
615 3037 803 3096 vineas
837 3046 1274 3115 corrumpendas
1307 3064 1404 3105 ore
1463 3053 1790 3120 prophetico
1857 3060 2097 3116 minatus

2210 588 2374 652 καλός
2400 591 2446 622 ⁸³
2479 608 2570 660 μοι
2601 587 2670 663 ἦν
2689 592 2832 657 τότε,
2860 593 2894 662 ή
2940 591 3053 646 νῦν.
3093 591 3202 645 Καὶ
3231 594 3313 657 τίς
3341 594 3440 647 οὐκ
3472 593 3539 648 ἂν
3570 597 3810 660 εἰκότως

2211 679 2512 752 ἐκπλαγείη
2539 681 2638 752 τήν
2660 682 2806 735 θείαν
2847 680 3278 752 φιλανθρωπίαν,
3310 683 3370 746 ὃς
3401 683 3535 748 Θεὸς
3569 684 3667 747 ὣν,
3701 687 3809 739 καὶ

2211 773 2458 842 ποιητὴς,
2482 774 2575 826 καὶ
2599 773 2822 845 Κύριος,
2845 773 3036 842 ἄνδρα
3057 774 3268 839 ἑαυτὸν,
3295 774 3411 828 ἀλλ’
3443 776 3504 828 ού
3526 776 3808 846 δεσπότην

2209 863 2507 931 ἀποκαλεῖς
2545 867 2763 938 Ἐπειδὴ
2787 867 2896 938 γὰρ
2929 867 3128 920 πλείων
3170 867 3272 937 τῆς
3305 870 3565 936 γυναικὸς
3597 873 3630 940 ή
3666 873 3808 942 περὶ

2209 954 2302 1006 τὸν
2356 955 2525 1027 ἄνδρα
2557 957 2930 1026 φιλοστοργία,
2964 958 2998 1029 ἢ
3050 957 3257 1021 δούλοις
3285 959 3424 1030 πρὸς
3477 955 3756 1034 δεσπότην
3788 1007 3804 1026 ,

2211 1045 2414 1116 ταύτην
2439 1046 2670 1103 ἐνθεῖναι
2701 1051 2814 1112 τοῖς
2842 1046 3151 1120 ἀνθρώποις
3195 1049 3519 1120 βουλόμενος
3546 1053 3646 1122 τὴν
3679 1054 3807 1108 διά-

2211 1135 2378 1201 θεσιν,
2397 1140 2662 1207 νυμφίον
2678 1140 2867 1194 ἑαυτὸν
2885 1140 2977 1193 καὶ
2992 1139 3180 1208 ἄνδρα
3200 1143 3621 1214 προσαγορεύει.
3653 1145 3806 1198 Ἀλλ’

2209 1228 2359 1298 ὅμως
2395 1231 2520 1293 τοὺς
2549 1230 2870 1302 ἀγνώμονας
2899 1231 3020 1285 οὐδὲ
3053 1232 3224 1285 ταῦτα
3265 1236 3344 1298 είς
3367 1235 3806 1306 εὐγνωμοσύνην

2211 1323 2367 1374 κινεῖ.
2392 1323 2483 1376 Διὸ
2520 1323 2611 1376 καὶ
2639 1324 2763 1395 περὶ
2785 1322 3006 1378 ἐκείνων
3038 1324 3222 1395 φησὶν,
3248 1327 3329 1378 δτι

2279 1604 2351 1669 η’.
2373 1617 2391 1650 ι
2423 1597 2572 1670 seu,
2599 1598 2700 1652 οὐκ
2741 1598 2904 1668 ἔγνω,
2935 1598 3017 1652 ὃτι
3045 1597 3158 1667 ἐγὼ
3179 1598 3387 1653 δέδωκα
3420 1600 3557 1672 αὐτῇ
3593 1600 3684 1655 τὸν
3714 1605 3801 1655 σῖ-

2208 1706 2321 1755 τον,
2357 1690 2452 1744 καὶ
2479 1689 2571 1744 τὸν
2597 1685 2760 1755 οἶνον,
2786 1690 2882 1744 καὶ
2902 1691 2963 1745 τὸ
2997 1691 3178 1745 ἔλαιον
3195 1709 3210 1723 ·
3239 1692 3503 1764 ἀργύριον
3538 1695 3634 1747 καὶ
3661 1712 3802 1766 χρυ-

2213 1781 2326 1834 σίον
2360 1780 2635 1852 ὲπλήθυνα
2688 1781 2826 1852 αὐτῇ
2853 1799 2866 1812 ⁸
2917 1781 3056 1853 αὑτὴ
3103 1782 3162 1836 δὲ
3213 1785 3432 1854 ἀργυρᾶ
3469 1785 3564 1836 καὶ
3613 1787 3802 1856 χρυσᾶ

2211 1871 2435 1941 ἐποίησε
2463 1873 2528 1942 τῇ
2553 1871 2720 1926 Βάαλ.
2763 1891 2782 1923 ι
2813 1874 2923 1927 Καὶ
2955 1873 2991 1928 ἀ
3017 1875 3167 1946 παρὰ
3198 1875 3292 1928 τοῦ
3319 1874 3456 1929 Θεοῦ
3494 1877 3798 1947 ἐκομίσατο

2208 1963 2380 2036 δῶρα,
2437 1964 2611 2019 ταῦτα
2665 1966 2782 2029 τοῖς
2829 1965 3097 2028 ἀντιθέοις
3147 1967 3378 2032 ἐκείνοις
3421 1971 3795 2041 προσήνεγκε.

2209 2057 2360 2111 Aab”
2403 2059 2747 2128 χαλεπαίνων
2795 2060 2823 2112 ό
2875 2058 3008 2124 Θεὸς
3064 2061 3284 2114 ἀπειλεῖ
3327 2063 3422 2115 καὶ
3484 2063 3638 2116 σίτου
3695 2068 3797 2119 καὶ

2207 2152 2351 2204 οῐνου
2393 2152 2699 2223 στερίσκειν
2747 2151 2951 2214 αὐτούς
2974 2169 2988 2182 ·
3024 2153 3120 2206 καὶ
3157 2152 3244 2208 ἵνα
3297 2154 3370 2224 μὴ
3400 2155 3663 2225 νομίσωσι
3693 2158 3796 2226 τὴν

2207 2243 2313 2313 γῆν
2340 2243 2620 2312 ἀκαρπίαν
2642 2245 2841 2310 νοσεῖν,
2881 2243 3106 2306 είκότως
3127 2245 3396 2314 ἐπήγαγε,
3434 2263 3452 2296 ι
3486 2244 3797 2317 Καθ’ὦραν

2205 2333 2370 2387 αὑτοῦ
2390 2351 2403 2363 ·
2430 2353 2449 2387 ι
2472 2333 2736 2398 τουτέστι,
2764 2334 2901 2404 μετά
2933 2333 2994 2386 τὸ
3019 2334 3381 2405 πεπανθῆναι,
3408 2337 3500 2390 καὶ
3527 2337 3795 2408 πέπειρον

2205 2423 2480 2492 γενέσθαι.
2505 2426 2561 2478 ἐν
2588 2423 2800 2496 ἀμητοῦ
2835 2424 2883 2456 ⁵⁸
2910 2425 3007 2477 καὶ
3054 2425 3265 2496 τρύγης
3309 2425 3506 2496 καιρῷ.
3549 2428 3798 2480 ’Δπειλεί

2203 2514 2259 2568 δὲ
2290 2515 2384 2568 καὶ
2417 2515 2620 2585 ἐσθῆτα
2657 2515 3183 2588 ἀφαιρεῖσθαι,ὤστε
3205 2518 3297 2570 καὶ
3331 2517 3438 2571 τῶν
3469 2519 3794 2588 ἀναγκαίων

2205 2606 2566 2676 περιϐολαίων
2611 2605 2913 2671 σπανίζειν.
2945 2606 3007 2659 οί
3046 2606 3102 2659 δὲ
3135 2608 3365 2678 ἐρασταὶ
3392 2608 3598 2678 αὐτῆς,
3631 2613 3791 2679 φησὶ,

2202 2695 2375 2750 ταῦτα
2396 2695 2648 2766 ὁρῶντες,
2681 2695 2960 2766 ἐπαμῦναι
2993 2697 3132 2768 αὐτῇ
3165 2697 3224 2749 ού
3260 2697 3602 2763 δυνήσονται.
3643 2698 3795 2768 Πρὸς

2201 2788 2436 2850 τούτοις,
2468 2787 2688 2850 καὶτὰς
2719 2786 3059 2858 πανηγύρεις
3092 2786 3452 2853 καταπαύειν,
3483 2790 3574 2842 καὶ
3607 2791 3794 2842 πᾶσαν

2202 2878 2459 2949 ἀφορμὴν
2501 2878 2843 2949 εὐφροσύνης
2893 2879 3200 2944 σϐεννύναι,
3241 2881 3412 2942 συκᾶς
3441 2896 3499 2932 τε
3535 2879 3630 2933 καὶ
3681 2881 3792 2950 ἀμ-

2202 2968 2402 3032 πέλους
2437 2969 2808 3039 διαφθείρειν,
2839 2969 2924 3024 διὰ
2979 2971 3080 3041 τῆς
3129 2971 3476 3042 προφητικῆς
3521 2970 3788 3042 ἠπείλησε

2201 3058 2471 3132 γλώττης.
2528 3061 2746 3131 Ἐπειδὴ
2781 3058 2902 3115 εἷπε
2924 3102 2938 3126 ,
2977 3062 3142 3134 φησὶ,
3177 3061 3350 3117 ταῦτα
3389 3063 3541 3134 παρά
3570 3063 3678 3115 τῶν
3710 3065 3790 3115 εί-

519 3135 630 3184 est.
668 3127 781 3202 [12]
807 3131 1101 3200 Quoniam,
1136 3136 1340 3206 inquit,
1381 3141 1496 3196 luce
1541 3159 1600 3199 se
1629 3145 1699 3199 ab
1745 3146 1911 3205 idolis
1959 3151 2098 3207 dixit

2200 3127 2382 3205 δὼλων
2405 3127 2708 3224 εἰληφέναι,
2734 3127 2833 3207 καὶ
2859 3127 3124 3224 ἠγνόησεν
3152 3153 3250 3222 ἐμὲ
3280 3153 3369 3206 τδν
3401 3127 3607 3205 τούτων
3636 3154 3788 3221 γενό-

520 3222 826 3289 accepisse,
863 3240 948 3280 me
980 3235 1162 3282 autem
1209 3231 1483 3300 ignoravit
1532 3234 1727 3291 horum
1765 3255 1894 3296 esse
1933 3241 2100 3313 largi-

519 3319 720 3370 torem.
759 3333 779 3366 ι
822 3314 887 3371 Et
931 3332 1154 3387 ponam,
1187 3321 1389 3392 inquit,
1431 3342 1494 3380 ea
1539 3327 1595 3381 in
1630 3331 2037 3390 testimonium.
2074 3354 2092 3388 ι

519 3406 558 3458 Α
591 3403 720 3460 feris
771 3409 937 3472 enim,
996 3410 1094 3476 ait,
1131 3419 1186 3467 et
1220 3415 1569 3482 volucribus,
1630 3428 1686 3474 et
1741 3425 2097 3492 serpentibus

517 3493 694 3552 deleta
723 3506 778 3552 et
801 3509 1086 3570 corrupta.
1115 3511 1169 3558 et
1192 3505 1528 3574 impietatem
1553 3525 1745 3564 eorum
1769 3524 2093 3584 coarguent,

518 3588 535 3608 ‘
567 3594 623 3640 et
655 3588 1037 3644 testimonium
1090 3593 1306 3648 dabunt
1347 3613 1492 3658 meae.
1538 3599 1846 3670 disciplina:
1873 3613 1928 3659 et
1969 3621 2097 3660 cor-

516 3679 774 3734 rectioni.
813 3680 928 3753 [l5]
965 3682 1093 3738 llarc
1158 3694 1341 3739 autem
1376 3689 1518 3742 mala
1551 3693 1924 3762 perpetietur,
1960 3711 2098 3764 quo-

517 3771 666 3825 niam
693 3771 925 3839 Baalim,
979 3773 1032 3827 id
1071 3783 1176 3841 est,
1231 3777 1418 3844 idolis,
1451 3781 1663 3834 cultum
1712 3798 1892 3838 meum
1929 3797 2093 3856 posto

516 3864 696 3935 posuit
729 3881 743 3918 :
773 3880 838 3920 ac
862 3874 1066 3922 ornatu
1100 3869 1253 3923 vario
1282 3881 1335 3924 et
1365 3872 1653 3941 multiplici
1675 3876 1972 3947 instructa,
2013 3879 2094 3935 fe-

515 3964 635 4013 stos
660 3951 937 4013 idolorum
970 3959 1092 4016 dies
1113 3961 1244 4032 egit.
1282 3961 1467 4028 Quare
1504 3965 1685 4036 inquit

584 4088 749 4147 Vens.
784 4091 870 4147 14.
913 4113 931 4144 ι
974 4097 1117 4151 Ecce
1147 4111 1250 4166 ego
1281 4096 1540 4154 seducam
1565 4116 1710 4168 eam,
1753 4111 1808 4158 et
1838 4107 2090 4179 redigam

512 4182 662 4237 illam
695 4183 748 4237 in
795 4183 1096 4241 desertum.
1141 4204 1160 4238 ι
1215 4186 1331 4243 lloc
1369 4197 1484 4256 est,
1541 4195 1730 4264 vagari
1789 4205 1844 4250 et
1898 4213 2092 4256 errare

511 4271 710 4326 faciam
726 4275 1022 4345 captivam,
1054 4275 1251 4347 hisque
1279 4281 1540 4338 omnibus
1569 4282 1734 4340 bonis
1765 4283 2088 4344 destitutam

509 4364 734 4418 reddam
768 4382 782 4420 ι
819 4376 1198 4423 verumtamen
1257 4373 1590 4428 consolabor
1655 4391 1776 4430 eam
1838 4379 1893 4433 in
1963 4380 2088 4436 istis

509 4455 693 4512 malis.

2203 3258 2364 3310 μενον
2392 3242 2646 3312 χορηγόν.
2685 3261 2703 3292 ‹
2732 3244 2844 3296 Καὶ
2868 3243 3103 3314 θήσομαι
3143 3242 3302 3307 αὐτὰ,
3324 3243 3510 3314 φησὶν,
3539 3244 3619 3306 είς
3642 3261 3787 3313 μαρ-

2197 3333 2400 3403 τύριον.
2431 3353 2448 3385 ι
2510 3334 2642 3386 Ἀπὸ
2657 3333 2704 3366 ⁸⁸
2734 3333 2936 3405 θηρίων
2977 3335 3104 3406 γὰρ,
3144 3335 3313 3405 φησι,
3345 3336 3443 3387 καὶ
3491 3335 3782 3398 πετεινῶν,

2197 3425 2291 3478 καὶ
2326 3425 2574 3498 ἑρπετῶν
2619 3427 2998 3496 ἀφανιζόμενα
3054 3427 3150 3480 καὶ
3203 3426 3658 3497 διαφθειρόμενα,
3689 3429 3788 3480 καὶ

2195 3516 2298 3586 τῆς
2341 3516 2522 3570 αὐτῶν
2551 3517 2873 3580 δυσσεϐείας
2927 3517 3317 3587 κατηγορήσει,
3355 3516 3450 3570 καὶ
3504 3520 3569 3587 τῇ
3620 3518 3785 3570 ὕπ’σο

2196 3606 2333 3676 ἐμοῦ
2388 3607 2744 3677 ὲπενεχθείσῃ
2805 3609 3148 3678 μαρτυρήσει
3201 3607 3442 3675 παιδείᾳ..
3487 3607 3674 3660 Ταῦτα
3729 3609 3788 3662 δὲ

2196 3695 2464 3759 πείσεται,
2491 3697 2677 3766 ἐπειδὴ
2703 3697 2771 3750 τὰ
2820 3697 3113 3768 Βααλὶμ⁸⁷,
3147 3697 3420 3760 τουτέστι,
3461 3698 3530 3751 τά
3563 3698 3784 3763 είδωλα,

2195 3787 2290 3858 τῆς
2316 3787 2824 3859 ὲμῆςπροετίμησε
2859 3789 3186 3861 θεραπείας,
3217 3791 3311 3842 καὶ
3349 3791 3539 3860 κόσμῳ
3584 3807 3784 3844 παντο-

2194 3880 2350 3950 δαπῷ
2397 3881 2717 3953 κεχρημένη
2741 3883 2840 3945 τὰς
2886 3881 3111 3936 ἐκείνων
3148 3880 3342 3953 ἑορτὰς
3389 3880 3650 3934 ὲπιτελεῐ.
3687 3884 3788 3936 Διά

2194 3970 2354 4025 τοῦτό
2379 3987 2545 4042 φησιν

2265 4103 2344 4157 ιδ’.
2383 4123 2401 4155 ι
2445 4103 2574 4158 Ἰδοὺ
2606 4104 2717 4173 ἐγὼ
2753 4104 2939 4160 πλανῶ
2969 4103 3157 4175 αὐτὴν,
3195 4104 3289 4157 καὶ
3317 4103 3466 4168 τάξω
3494 4105 3666 4176 αὐτὴν
3697 4107 3782 4170 είς

2192 4192 2451 4265 ἔρημον.»
2499 4195 2642 4248 Ἀντί
2686 4193 2801 4260 τοῦ,
2841 4194 3098 4248 Ἀλᾶσθαι
3126 4195 3295 4263 αὐτὴν
3345 4197 3439 4249 καὶ
3469 4196 3784 4252 πλανᾶσθει

2191 4287 2537 4358 αἰχμάλωτον
2581 4287 2883 4358 γενομένην
2929 4287 3360 4358 παρασκευάσω,
3424 4288 3518 4341 καὶ
3575 4289 3788 4344 τούτων

2192 4381 2450 4434 ἀπάντων
2473 4379 2582 4432 τῶν
2605 4379 2824 4448 ἀγαθῶν
2853 4379 3060 4452 ἔρημον
3089 4380 3419 4449 καταστήσω
3439 4396 3454 4411 ⁸
3481 4380 3596 4434 ἀλλ’
3629 4382 3784 4451 ὅμως

2117 4517 2164 4573 D
2189 4470 2583 4543 ψυχαγωγήσω
2629 4472 2796 4543 αὐτὴν
2843 4473 2902 4524 ὲν
2950 4470 3164 4536 τούτοις
3217 4468 3384 4526 οὖσαν
3435 4475 3550 4538 τοῖς
3595 4473 3784 4543 ἀλγει-

2193 4567 2325 4628 νοῖς.

575 4672 742 4734 Vsns.
779 4677 864 4732 15.
911 4697 931 4732 ι
969 4679 1192 4750 Loquar
1247 4682 1419 4750 enim,
1469 4683 1670 4755 inquit,
1699 4683 1766 4738 ad
1799 4699 1898 4739 cor
1943 4687 2086 4756 ejus.

2266 4696 2350 4751 ιε’.
2402 4715 2422 4748 t
2483 4697 2716 4766 Λαλήσω
2761 4697 2893 4767 γὰρ,
2970 4697 3156 4768 φησὶν,
3226 4698 3319 4751 ἐπὶ
3379 4696 3480 4768 τὴν
3552 4697 3783 4770 καρδίαν

509 4764 574 4820 Et
591 4767 734 4822 dabo
759 4767 809 4824 ei
841 4773 1224 4838 possessiones
1251 4787 1384 4827 suas
1419 4773 1570 4836 inde,
1595 4783 1652 4828 et
1677 4773 1875 4828 vallem
1903 4776 2086 4832 Achor

2200 4784 2364 4853 αὐτῆς
2384 4801 2398 4815 θ
2437 4785 2534 4838 καὶ
2575 4764 2733 4838 δώσω
2776 4764 2931 4855 Ῠαύτῇ
2965 4764 3043 4838 τὰ-
3069 4785 3326 4855 κτήματα
3351 4764 3520 4854 αὐτῆς
3541 4764 3778 4851 ὲκείθεν,

505 4857 574 4910 ad
629 4857 982 4927 aperiendam
1047 4859 1468 4932 intelligentiam
1503 4862 1646 4932 ejus.
1688 4881 1706 4913 ι
1760 4863 1869 4919 Pro
1900 4865 2081 4921 Achar

2200 4871 2286 4923 καὶ
2313 4869 2410 4940 τὴν
2439 4870 2661 4926 κοιλάδα
2699 4869 2878 4941 Ἀχὼρ
2903 4871 3164 4936 διανοῖξαι
3198 4871 3411 4926 σύνεσιν
3435 4871 3608 4941 αὐτῆς
3637 4873 3708 4925 ⁸³.
3747 4891 3766 4924 ι

505 4947 650 5016 apud
699 4947 895 5020 Syrum
947 4951 1128 5006 Achar
1179 4953 1361 5009 inveni
1394 4971 1408 5007 :
1446 4953 1494 5008 is
1519 4969 1653 5010 vero
1704 4964 1812 5020 est,
1845 4958 1938 5028 qui
1979 4961 2083 5016 sub

2200 4961 2253 5014 Γδ
2299 4960 2355 5014 δὲ
2397 4959 2582 5029 Ἀχώρ
2617 4961 2769 5033 παρά
2810 4961 2888 5032 τῷ
2918 4962 3076 5034 Σύρῳ
3132 4961 3318 5031 Ἀχάρ
3371 4954 3559 5031 εὖρον·
3619 4953 3781 5024 οὗτος

503 5034 673 5094 Josua
725 5040 839 5096 lilio
877 5040 1028 5098 Nave
1073 5043 1278 5098 furtum
1333 5043 1682 5106 commisit',
1729 5054 1898 5116 atque
1950 5064 2082 5103 aua-

2200 5053 2377 5106 ;’ὲστἰν
2398 5053 2426 5104 ό
2457 5053 2551 5105 ἐπὶ
2580 5051 2754 5121 Ἰησοῦ
2781 5052 2874 5106 τοῦ
2897 5053 3055 5124 Ναυῆ
3078 5053 3381 5123 κεκλοφὼς,
3402 5052 3496 5106 καί
3527 5052 3587 5106 τὸ
3617 5053 3778 5107 τεθὲν

503 5127 688 5184 thema
721 5133 1086 5187 constitutum
1131 5134 1375 5198 violavit,
1407 5135 1501 5205 qui
1531 5145 1587 5190 et
1618 5152 1812 5206 poenas
1863 5156 2080 5208 pepen-

2200 5143 2428 5214 ινάθεμα
2486 5143 2912 5215 παραϐεϐηκὼς,
2962 5145 3022 5208 ὃς
3064 5144 3160 5198 καὶ
3209 5144 3493 5214 τιμωρίαν
3542 5141 3778 5209 ἐξέτισεν

501 5217 603 5272 dit.
626 5217 800 5277 Totus
853 5223 1000 5277 enim
1046 5224 1287 5294 populus
1346 5241 1471 5280 eum
1532 5226 1810 5297 lapidibus
1862 5230 2074 5286 obruit.

2200 5236 2379 5300 παντὸς
2423 5235 2588 5289 αὐτὸν
2618 5233 2712 5289 τοῦ
2745 5233 2876 5288 λαοῦ
2909 5233 3370 5299 καταλεύσαντος.
3412 5232 3580 5288 Ἀλλά
3634 5235 3782 5304 μετὰ

571 5384 593 5412 ι
626 5373 793 5433 Josuc
822 5391 920 5443 vtt,
965 5377 987 5431 1
1018 5394 1142 5448 sqq.

1821 5542 2056 5600 VARUS
2092 5544 2496 5605 LECTIONES.

570 5629 773 5728 ξΣ-καλ.
806 5629 1146 5728 Ιιιιειμιιίόειη
1179 5633 1535 5728 [Impetit
1559 5649 1616 5728 et
1634 5638 1844 5728 99mph
1870 5637 2315 5728 rPrae'statautem
2351 5659 2462 5700 ree.
2499 5645 2870 5728 ιεοιῑοΑκαίὶι-ῶς
2920 5647 3138 5728 Α⁸³⁸διό.
3174 5647 3214 5702 C
3244 5647 3409 5728 .add._
3461 5647 3575 5728 καί.
3604 5719 3616 5728 ι
3653 5645 3778 5728 ἐς

502 5698 718 5792 ἀμήτου
817 5704 866 5786 ιτ
893 5698 968 5792 eg
984 5703 1110 5759 ὑπό.
1187 5706 1234 5792 ιτ
1264 5705 1535 5792 cngnép.“
1573 5698 2066 5792 ‘j.lhid.'Baa).:£pt.
2101 5711 2177 5767 lta
2202 5698 2422 5786 quoque
2451 5698 2867 5784 hispidi-If
2909 5698 3472 5792 «_5-.'a~}.}~5~f;13=.
3504 5698 3678 5772 item.
3718 5698 3775 5772 i5

503 5769 707 5823 ostium
756 5772 891 5842 spei.
935 5773 1143 5845 Symm.
1188 5776 1268 5840 εἰς
1296 5769 1464 5844 θύραν
1491 5779 1722 5845 ἐλπίδος.
