4092 6400
329 403 491 471 ῖ1565

1671 399 1752 459 IN
1784 399 1974 460 OSEE
2015 401 2172 461 CAP.
2209 403 2292 462 II.

3479 400 3617 468 1566

351 517 452 588 τὴν
483 513 695 568 ἐκείνου
743 509 1022 582 τελευτὴν,
1053 507 1146 572 εἰς’
1177 506 1304 562 νοῦν
1337 506 1614 573 λαϐόντες,
1640 508 1820 580 δσονή
1848 508 1941 562 τοῦ

2046 510 2176 566 Post
2204 512 2353 567 illius
2383 517 2512 568 Vero
2545 529 2762 578 necem,
2809 513 3021 585 1322
3055 529 3181 568 cum
3230 523 3618 582 agnoscerem,

354 608 504 660 θείου
537 605 705 673 νόμου
733 601 972 656 λωϐᾶται
999 598 1335 670 παράϐασις,
1366 596 1642 662 κλαίοντες
1674 598 1768 650 καὶ
1817 598 1936 650 ὀλο-

354 695 654 766 φυρόμενοι
681 692 775 746 τὸν
805 690 938 744 Θεὸν
965 688 1276 743 ἰλεώσαντο.
1306 686 1481 740 Τοῦτο
1501 687 1680 740 τοίνυν
1722 689 1816 740 καὶ
1847 689 1937 739 ὲν-

353 784 533 839 ταῦθα
559 781 962 853 παρεδήλωσεν,
983 782 1065 834 ὅτι
1086 777 1338 849 καθάπερ
1364 779 1413 831 οἰ
1440 777 1693 848 τηνικάδε
1721 776 1807 830 διὰ
1838 776 1936 844 τῆς

354 870 453 924 τοῦ
490 868 656 940 Ἀχὰρ
697 867 969 937 τιμωρίας
1003 865 1230 938 ἔμαθον,
1257 867 1380 920 ὅσον
1405 868 1437 936 ἠ
1467 865 1784 936 παρανομία
1835 881 1936 919 κα-

358 963 476 1028 κὸν,
505 961 647 1015 οὕτω
677 960 772 1014 καὶ
813 950 960 1012 οὗτοι
993 957 1083 1012 διά
1111 959 1210 1029 τῆς
1258 957 1637 1028 αἰχμαλωσίας
1681 955 1936 1026 αἴσθησιν

354 1053 618 1124 λήψονται
663 1050 774 1104 τῶν
829 1050 1046 1104 οἰκείων
1071 1049 1584 1122 πλημμελημάτων.
1617 1051 1729 1106 Καὶ
1778 1052 1938 1104 τοῦτο

358 1143 697 1214 σαφέστερον
720 1141 918 1213 δηλῶν,
953 1142 1200 1213 ἐπήγαγε
1219 1158 1235 1174 ·

433 1241 530 1300 ις’,
569 1233 656 1298 ιζ’.
686 1251 705 1286 ι
739 1235 850 1288 Kal
873 1233 1344 1303 ταπεινωθήσεται
1372 1234 1490 1288 ἐκεῖ
1515 1234 1656 1288 κατὰ
1681 1235 1781 1298 τὰς
1803 1234 1938 1305 ἡμέ-

361 1343 464 1398 ρας
488 1325 812 1396 νηπιότητος
841 1325 1032 1393 αὑτῆς,
1067 1325 1163 1378 καὶ
1196 1325 1335 1378 κατὰ
1368 1325 1465 1388 τὰς
1494 1325 1706 1396 ἡμέρας
1732 1326 1938 1379 ἀναδά-

358 1433 500 1479 σεως
550 1413 722 1485 αὐτῆς
774 1417 840 1467 ὲκ
887 1413 993 1482 γῆς
1049 1413 1348 1483 Αἰγύπτου.
1418 1416 1527 1468 Kal
1577 1414 1730 1468 ἔσται
1781 1415 1840 1467 ἐν
1869 1418 1935 1487 τῇ

355 1507 546 1580 ἡμέρα
595 1507 798 1580 ἐκείνῃ,
831 1505 981 1574 λέγει
1017 1505 1242 1577 Κύριος.
1289 1503 1509 1558 καλεσει
1555 1522 1644 1574 με,
1697 1505 1755 1558 ’0
1800 1506 1938 1576 ἀνήρ

358 1609 490 1667 μου,
523 1595 619 1651 καὶ
643 1597 704 1650 οὐ
739 1595 955 1649 καλεσει
1007 1601 1075 1666 με
1114 1594 1195 1648 ἔτι
1230 1594 1462 1665 Βααλίμ.
1507 1595 1620 1649 Kal
1665 1594 1844 1666 ὲξαρῶ
1870 1596 1938 1650 τὰ

353 1689 600 1760 ὀνόματα
623 1688 732 1742 τῶν
760 1687 973 1758 Βααλὶμ
997 1689 1062 1741 ὲκ
1087 1687 1182 1741 τοῦ
1231 1687 1499 1757 πόματος
1533 1687 1724 1757 αὐτῆς,
1753 1688 1846 1741 καὶ
1876 1689 1936 1741 ού

360 1781 441 1851 μὴ
480 1779 788 1851 μνησθῶσιν
821 1779 1004 1834 οὐκέτι
1051 1779 1160 1833 τῶν
1212 1779 1493 1849 ὀνομάτων
1545 1779 1745 1834 αὐτῶν.
1781 1799 1800 1831 ι
1839 1779 1938 1834 “Ov

2041 609 2284 670 quantas
2306 604 2496 659 turbas
2532 603 2666 674 legis
2700 604 2902 660 divinae
2953 605 3327 674 transgressio
3360 603 3616 667 adveliat,

2043 693 2194 749 luctu
2228 705 2282 749 et
2309 695 2538 765 planctu
2561 695 2732 752 Deum
2771 698 3081 767 placarnnt.
3120 695 3238 750 IInc
3270 696 3440 766 igitur
3483 711 3618 765 pro-

2040 785 2204 854 pheta
2258 787 2347 840 hic
2376 786 2608 841 indicat.
2641 785 2777 842 Nam
2813 795 2873 842 ut
2924 788 3000 842 illi
3057 795 3174 843 tum
3220 803 3288 842 ex
3344 787 3619 857 supplicio

2042 877 2224 931 Achar
2260 891 2659 948 cegnoverunt,
2694 894 2860 948 quam
2895 879 3090 950 ingens
3131 879 3337 933 malum
3375 879 3448 933 sit
3480 879 3618 946 legis

2039 968 2310 1023 violatio:
2366 969 2449 1024 sic
2496 969 2659 1023 etiam
2709 985 2776 1024 ex
2819 971 3137 1039 captivitate
3191 969 3247 1024 lii
3303 969 3617 1042 percipient

2041 1075 2266 1115 sensum
2341 1074 2574 1114 suorum
2631 1059 2986 1117 delictorum.
3041 1062 3108 1116 Et
3179 1061 3285 1116 hoc
3366 1061 3613 1132 apertius

2040 1148 2362 1206 ostendens.
2397 1147 2547 1202 addit

2112 1239 2273 1294 Vens.
2297 1239 2383 1306 l6,
2416 1240 2503 1296 l7.
2536 1257 2554 1290 ι
2595 1238 2662 1294 Ει
2694 1239 3076 1294 bumiliabitur
3105 1239 3350 1310 ibijuxta
3374 1238 3492 1295 dies
3537 1240 3617 1295 in-

2042 1330 2233 1384 fantia:
2311 1347 2472 1386 suae:
2533 1343 2587 1386 et
2636 1331 2796 1401 juxta
2871 1331 2990 1386 dies
3069 1344 3334 1385 ascensus
3415 1330 3497 1385 sui
3582 1344 3614 1383 c

2040 1429 2184 1477 terra
2206 1420 2452 1493 Egypti.
2483 1421 2548 1476 Et
2576 1423 2682 1477 erit.
2712 1421 2800 1477 die
2828 1424 2942 1486 illo,
2979 1424 3055 1476 ait
3079 1421 3368 1486 Dominus,
3399 1419 3618 1475 vocabit

2039 1529 2146 1577 me,
2174 1512 2268 1568 Vir
2301 1529 2459 1569 meus
2496 1532 2510 1569 :
2545 1522 2600 1570 et
2634 1529 2745 1568 non
2771 1515 2991 1568 vocabit
3024 1529 3112 1569 me
3157 1513 3418 1583 amplius,
3476 1510 3618 1564 Baa-

2040 1605 2154 1660 lim.
2184 1604 2522 1661 Etaul'eram
2555 1607 2781 1660 nomina
2844 1605 3053 1658 Baalim
3104 1605 3174 1659 de
3218 1618 3315 1658 ore
3360 1602 3482 1672 ejus
3516 1621 3530 1656 :
3561 1609 3616 1657 et

2039 1711 2150 1750 non
2205 1695 2644 1750 recordabuntur
2691 1695 2928 1764 amplius
2992 1695 3278 1748 nominum
3325 1708 3537 1749 eorum.
3590 1711 3610 1744 ι

2039 1785 2160 1840 Non
2182 1801 2343 1842 secus
2373 1787 2638 1857 Assyriis,
2693 1785 2895 1856 inquit,
2928 1785 3188 1850 servient,
3225 1794 3394 1854 atque
3443 1782 3615 1854 Egy-

351 1871 561 1941 τρόπον
609 1869 740 1940 γάρ,
786 1869 971 1940 φησὶν,
1016 1867 1336 1922 ὲδούλευσαν
1387 1867 1728 1935 Αἰγυπτίοις,
1767 1866 1938 1930 οὕτως

2041 1880 2172 1951 ptiis
2201 1881 2510 1936 servierunt
2543 1899 2556 1934 :
2580 1879 2702 1949 ejus
2727 1880 2874 1935 enim
2903 1878 3190 1947 infantiam
3213 1887 3373 1933 vocat
3395 1885 3614 1947 tempus

370 1959 679 2030 Ἀσσυρίοις
707 1956 1083 2011 δουλεύσουσι·
1115 1956 1448 2024 νηπιότητα
1478 1955 1588 2026 γάρ
1619 1956 1789 2026 αὐτῆς
1840 1955 1941 2026 τὴν

2041 1987 2150 2044 quo
2184 1974 2238 2028 in
2278 1971 2515 2046 [Egypto
2550 1972 2752 2028 versati
2782 1979 2933 2028 sunt.
2974 1973 3231 2027 Attamen
3265 1971 3509 2028 servitus
3530 1971 3612 2025 eis

354 2053 418 2106 ἐν
454 2052 712 2121 Αἰγύπτῳ
738 2053 893 2104 καλεί
912 2049 1210 2118 διαγωγήν.
1277 2047 1436 2100 Ἀλλά
1462 2047 1600 2118 πρὸς
1641 2047 1804 2102 καλὸν
1837 2048 1938 2100 αὐ-

352 2145 470 2206 τοῖς
497 2144 532 2214 ἡ
560 2142 772 2196 δουλεία
804 2143 1119 2213 γενήσεται,
1150 2141 1244 2195 καὶ
1269 2140 1533 2211 πρόξενος
1564 2141 1750 2206 αὐτοῖς
1785 2143 1940 2196 εύσε-

351 2233 511 2298 σείας
558 2233 1023 2303 ἀποφανθήσεται.
1067 2233 1156 2286 Ἔν
1189 2232 1300 2302 γάρ
1340 2236 1407 2304 τῇ
1442 2233 1789 2304 αἰχμαλωσίᾳ
1817 2235 1939 2286 ἐπι-

352 2323 582 2392 λήσεται
613 2324 711 2393 μὲν
732 2324 831 2394 τῆς
855 2322 965 2376 τῶν
993 2321 1227 2377 εἰδώλων
1258 2322 1536 2395 λατρείας,
1562 2323 1662 2393 ἐμὲ
1683 2323 1739 2376 δὲ
1768 2324 1936 2396 ἄνδρα

355 2415 452 2467 καὶ
486 2412 734 2467 σύνοικον
773 2413 1054 2484 όνομάσει.
1093 2413 1236 2483 Ἐγὼ
1265 2414 1323 2467 δὲ
1351 2413 1524 2485 αὐτῆς
1551 2414 1649 2485 τὴν
1694 2415 1935 2486 μεταμέ-

353 2501 508 2556 λειαν
534 2501 807 2573 θεώμενος
823 2541 841 2568 ,

436 2601 523 2664 ιη’.
553 2613 571 2646 ι
608 2593 952 2665 Διαθήσομαι
1002 2594 1189 2658 αὐτοῖς
1212 2595 1480 2666 διαθήκην
1527 2595 1584 2648 ὲν
1631 2597 1696 2666 τῇ
1752 2595 1936 2668 ἡμέρᾳ

357 2687 566 2757 ἐκείνῃ,
610 2687 753 2756 μετὰ
798 2686 905 2740 τῶν
933 2685 1140 2758 θηρίων
1177 2685 1273 2741 τοῦ
1317 2686 1513 2758 ἀγροῦ,
1541 2688 1635 2741 καὶ
1664 2687 1804 2757 μετά
1827 2687 1936 2742 τῶν

355 2777 620 2831 πετεινῶν
651 2776 748 2832 τοῦ
775 2777 1033 2848 ούρανοῦ,
1061 2779 1158 2831 καὶ
1188 2778 1328 2848 μετὰ
1375 2777 1486 2832 τῶν
1537 2779 1781 2849 ἑρπετῶν
1835 2778 1938 2850 τῆς

351 2869 514 2938 γῆς.)
548 2870 660 2923 Kal
683 2869 974 2934 διδάσκων,
1006 2870 1083 2934 ὡς
1135 2870 1196 2923 ού
1237 2871 1368 2942 περὶ
1401 2869 1607 2941 θηρίων
1637 2873 1731 2924 καὶ
1757 2888 1940 2924 πετει-

349 2960 466 3015 νῶν
497 2960 670 3030 λόγει,
702 2961 837 3016 ἀλλὰ
878 2960 1007 3031 περὶ
1036 2961 1322 3033 θηριωδῶν
1365 2961 1671 3032 ἀνθρώπων
1717 2963 1811 3017 καὶ
1840 2979 1940 3016 πε-

349 3053 551 3107 τεινῶν
601 3053 760 3124 δίκην
810 3054 1222 3124 ὲπιπετομένων
1282 3055 1378 3109 καὶ
1426 3054 1650 3118 ίοϐόλοις
1689 3056 1939 3126 ἑρπετοῖς

351 3143 634 3210 ἐοικότων,
661 3144 914 3215 ἐπήγαγε
938 3161 953 3176 ·
987 3163 1006 3196 ‹
1043 3144 1157 3198 Kal
1187 3144 1366 3212 τόξον,
1390 3147 1483 3199 καί
1515 3147 1812 3217 ῥομφαίαν,
1840 3151 1934 3203 καὶ
1965 3162 1969 3167 ·

352 3232 594 3302 πόλεμον
625 3234 900 3304 συντρίψω
928 3235 1036 3290 ἀπὸ
1057 3235 1103 3268 ”
1129 3236 1230 3306 τῆς
1252 3237 1411 3306 γῆς.»
1435 3233 1566 3292 Εἶτα
1596 3240 1938 3312 ὑπισχνεῖται

353 3325 546 3388 αὐτοῖς
573 3324 645 3378 τά
689 3325 886 3380 αἰώνια
935 3327 1138 3396 ἀγαθά·
1182 3347 1202 3379 ι
1237 3329 1348 3382 Kal
1377 3333 1635 3385 κατοικιῶ
1663 3333 1862 3397 αὐτοὺς
1893 3334 1940 3366 ⁸⁵

355 3417 448 3472 ἐπ’
470 3415 665 3472 ἑλπίδι.
707 3435 726 3468 ι
751 3416 891 3487 Περὶ
922 3416 1128 3488 ταύτης
1152 3417 1211 3471 δὲ
1232 3419 1330 3488 τῆς
1365 3419 1580 3484 ἐλπίδος
1605 3423 1634 3475 ὁ
1668 3422 1940 3492 μακάριος

356 3507 510 3577 λέγει
558 3509 806 3572 Παῦλος·
840 3527 860 3561 ι
899 3511 978 3582 Τῇ
1024 3511 1134 3582 γάρ
1184 3511 1358 3565 ἑλπίδι
1412 3511 1715 3584 ἐσώθημεν.
1755 3515 1943 3580 Ἐλπὶς

355 3599 420 3654 δὲ
452 3599 759 3670 βλεπομένη
785 3599 885 3654 οὐκ
917 3599 1064 3654 ἐστιν
1117 3600 1295 3665 ὲλπίςο
1329 3601 1365 3656 ά
1391 3602 1434 3635 ⁸⁸
1468 3603 1577 3674 γάρ
1614 3604 1806 3676 βλέπει
1833 3623 1939 3672 τις,

355 3689 415 3744 τί
442 3691 537 3745 καὶ
563 3687 812 3756 ἐλπίζεις
859 3691 922 3745 Εἰ
968 3690 1025 3744 δὲ
1061 3691 1090 3744 ὃ
1117 3692 1177 3745 οὐ
1236 3692 1508 3765 βλέπομεν
1534 3695 1846 3767 ἐλπίζομεν,
1875 3698 1942 3752 δι’

360 3780 641 3850 ὑπομονῆς
669 3780 1004 3852 ὲκδεχόμεθα
1025 3781 1094 3834 ⁸³.
1133 3801 1152 3834 ι
1191 3783 1304 3836 Kal
1335 3784 1421 3840 ὅτι
1457 3787 1588 3856 περί
1610 3787 1814 3859 ταύτης
1838 3788 1941 3861 ἔφη
1974 3837 1977 3839 ,

365 3869 468 3938 τῆς
514 3869 742 3935 ὲλπίδος,
789 3872 886 3926 καὶ
940 3872 1041 3944 οὐχ
1089 3873 1304 3946 ἑτέρας,
1353 3875 1426 3930 τά
1451 3877 1769 3950 ὲπαγόμενα
1804 3898 1945 3954 μαρ-

362 3975 432 4012 τυ
440 3961 542 4026 psi.

441 4050 527 4105 ιϐ’.
570 4069 589 4103 ι
637 4052 747 4107 Kal
807 4053 1218 4126 μνηστεύσομαί
1267 4073 1328 4110 σε
1370 4056 1594 4128 ἐμαυτῷ
1626 4059 1673 4092 ⁸³
1715 4061 1796 4125 εἰς
1851 4061 1944 4116 τὸν

358 4140 553 4206 αἰῶνα,
585 4143 680 4195 καὶ
729 4144 1140 4217 μνηστεύσομαι
1170 4146 1220 4179 ⁸⁸
1251 4148 1311 4200 ἐν
1354 4148 1693 4223 δικαιοσύνῃ,
1742 4153 1838 4206 καὶ
1885 4155 1944 4207 ὲν

357 4232 612 4303 κρίματι,
644 4235 738 4287 καὶ
767 4234 827 4289 ὲν
882 4236 1039 4308 ἐλέῳ,
1077 4238 1171 4292 καὶ
1204 4240 1263 4293 ὲν
1311 4241 1635 4311 οίκτιρμοῖς,
1677 4263 1696 4296 ι
1733 4245 1855 4299 Ὅτι
1886 4247 1944 4301 δὲ

353 4325 424 4380 οὐ
469 4325 571 4396 τὴν
609 4325 878 4381 Ἰουδαίων
930 4329 1265 4402 Συναγωγὴν
1311 4333 1393 4396 εἰς
1440 4333 1533 4387 τὸν
1575 4335 1748 4389 αἰῶνα
1777 4337 1945 4410 ὲμνηυ

360 4413 654 4480 στεύσατο,
705 4415 846 4470 ἀλλὰ
892 4416 990 4488 τὴν
1044 4419 1105 4484 ἐξ
1145 4420 1412 4474 Ἰουδαίων
1455 4423 1549 4476 καὶ
1601 4425 1661 4490 ἐξ
1689 4427 1736 4458 ⁸⁸
1775 4427 1944 4481 ἐθνῶν

2040 2065 2190 2120 utilis
2215 2065 2343 2129 erit,
2373 2071 2426 2119 et
2457 2063 2618 2134 plane
2648 2063 2872 2134 pietatis
2937 2063 3047 2119 erit
3089 2063 3463 2118 conciliatrix.
3521 2061 3615 2116 Et-

2037 2156 2182 2213 enim
2213 2156 2358 2213 idola
2385 2156 2568 2212 colere
2612 2155 2972 2210 obliviscetur
3016 2154 3072 2208 in
3100 2155 3426 2225 captivitate
3469 2170 3484 2207 :
3528 2169 3615 2207 me

2035 2261 2168 2302 vero
2193 2253 2248 2302 et
2281 2247 2458 2301 virum
2484 2253 2539 2302 et
2565 2246 2856 2317 conjugem
2901 2245 3236 2300 nominabit.
3283 2243 3396 2316 Ego
3431 2252 3614 2299 autem

2036 2335 2159 2406 ejus
2189 2335 2362 2392 animi
2390 2336 2591 2392 factam
2631 2335 2992 2392 mutationem
3024 2334 3216 2392 videns
3251 2354 3266 2392 :

2109 2605 2275 2661 Vens.
2314 2606 2403 2662 l8.
2446 2624 2464 2658 ι
2490 2602 2790 2674 Disponam
2835 2603 2918 2659 eis
2947 2607 3340 2658 testamentum
3375 2597 3465 2654 die
3520 2598 3615 2653 illo

2037 2710 2164 2751 cum
2201 2696 2400 2752 bestiis
2431 2697 2572 2766 agri,
2608 2702 2664 2751 et
2696 2710 2822 2750 cum
2849 2691 3172 2749 volatilibus
3202 2691 3351 2755 caeli,
3389 2699 3443 2744 et
3486 2703 3614 2743 cum

2034 2790 2330 2860 reptilibus
2360 2799 2540 2849 teme.
2581 2807 2599 2841 ι
2637 2785 2704 2841 Et
2731 2787 2939 2841 docens
2978 2783 3126 2855 quod
3155 2798 3263 2837 non
3305 2781 3374 2836 de
3419 2779 3611 2836 bestiis

2037 2887 2092 2934 et
2126 2879 2450 2934 volucribus
2479 2879 2761 2948 loquatur,
2788 2876 2883 2932 sed
2910 2874 2980 2931 de
3009 2874 3249 2931 ell'eratis
3277 2871 3616 2934 hominibus,

2039 2977 2094 3024 et
2120 2968 2406 3024 volucrum
2456 2983 2608 3023 mure
2663 2964 3065 3030 invulantibus,
3118 2971 3175 3020 et
3225 2969 3618 3018 venenatorum

2042 3066 2359 3127 serpentum
2409 3056 3023 3127 similibus,adjungit:
3081 3073 3100 3105 ι
3156 3052 3224 3109 Et
3283 3067 3500 3118 arcum,
3566 3055 3622 3104 et

2043 3150 2309 3221 gladium,
2345 3158 2401 3204 et
2445 3150 2653 3204 bellum
2695 3155 2982 3204 conteram
3032 3148 3103 3202 de
3154 3153 3327 3200 terra.
3363 3162 3382 3196 ι
3416 3139 3623 3197 Deinde

2041 3243 2333 3313 pollicetur
2365 3241 2576 3312 1323
2592 3241 2672 3297 eis
2694 3249 2896 3296 aeterna
2917 3239 3079 3294 bona.
3104 3255 3124 3289 ι
3147 3235 3211 3290 Ει
3231 3235 3509 3291 babitare‘
3525 3247 3622 3288 eos

2044 3335 2242 3390 laciam
2276 3335 2331 3388 in
2375 3347 2526 3404 spea
2553 3331 2630 3387 De
2661 3332 2766 3386 hac
2800 3346 2900 3401 spe
2925 3331 3127 3385 beatus
3177 3327 3384 3381 Paulus
3443 3323 3622 3394 loqui-

2043 3433 2172 3480 tur:
2208 3444 2226 3476 ι
2267 3423 2378 3495 Spe
2407 3423 2583 3488 enim,
2634 3423 2837 3494 inquit,
2867 3421 3006 3476 salvi
3056 3419 3189 3474 facti
3225 3433 3441 3472 sumus.
3484 3415 3624 3486 Spes

2045 3527 2223 3573 autem
2265 3533 2390 3588 quae
2420 3516 2478 3571 in
2507 3516 2704 3572 oculos
2733 3514 2995 3580 incurrit,
3021 3528 3132 3569 non
3171 3521 3257 3567 est
3288 3527 3415 3582 spes
3448 3529 3460 3564 :
3495 3523 3622 3564 nam

2044 3609 2195 3681 quod
2221 3609 2370 3664 videt
2391 3609 2542 3680 quis,
2577 3607 2711 3679 quid
2739 3609 2903 3662 etiam
2934 3605 3163 3678 sperat?
3193 3605 3240 3659 si
3265 3609 3446 3658 autem
3477 3599 3624 3672 quod

2045 3719 2156 3759 non
2201 3701 2479 3768 videmus,
2511 3715 2828 3772 speramus,
2856 3715 2955 3770 per
2985 3697 3311 3771 patientiam
3344 3704 3625 3765 exspecta-

2045 3797 2236 3852 mus‘.
2283 3813 2302 3848 ι
2330 3794 2490 3862 Quod
2526 3808 2658 3849 vero
2685 3793 2754 3848 de
2789 3793 2893 3847 hac
2922 3807 3020 3863 spe
3048 3791 3376 3861 loquantur,
3421 3795 3478 3842 et
3511 3801 3624 3841 non

2046 3889 2116 3945 de
2141 3889 2272 3954 alia,
2301 3903 2366 3945 ea
2406 3903 2528 3958 quae
2569 3894 2881 3958 sequuntur
2910 3893 3210 3942 testantur.

2117 4063 2286 4121 Vsus.
2318 4064 2406 4122 l9.
2437 4082 2455 4115 ι
2494 4063 2562 4118 Ει
2611 4061 2962 4133 desponsabo
3010 4070 3064 4116 te
3099 4061 3231 4114 mihi
3264 4059 3320 4113 in
3358 4065 3623 4113 aeternum

2045 4157 2099 4211 in
2117 4156 2351 4226 justitia,
2379 4164 2433 4211 et
2451 4156 2506 4209 in
2524 4153 2758 4224 judicio,
2782 4155 2904 4208 etin
2939 4150 3344 4214 misericordia,
3371 4157 3427 4204 et
3451 4150 3505 4204 in
3524 4147 3622 4201 mi-

2046 4246 2443 4304 serationibus.
2486 4264 2505 4298 ι
2546 4245 2704 4312 Quod
2737 4259 2866 4300 vero
2913 4242 3231 4299 Iudaeorum
3282 4243 3624 4315 Synagogam

2046 4353 2154 4392 non
2187 4337 2240 4390 in
2274 4343 2541 4392 aeternum
2571 4335 2679 4392 sibi
2705 4334 3153 4405 dcsponsaverit,
3195 4332 3292 4390 sed
3319 4350 3384 4389 ex
3429 4332 3624 4390 Iudaeis

2045 4437 2099 4484 et
2126 4429 2384 4500 gentibus
2417 4426 2706 4482 collectam
2741 4425 3070 4489 Ecclesiam,
3102 4439 3193 4480 res
3242 4425 3374 4495 ipsa:
3419 4431 3614 4480 testan-

358 4505 716 4575 συλλεγεῖσαν
758 4507 1107 4578 Ἐκκλησίαν,
1161 4509 1230 4564 τὰ
1285 4512 1588 4583 πράγματα
1647 4518 1937 4585 μαρτυρεῖ.

2047 4527 2156 4574 tur.
2189 4517 2284 4572 Illa
2327 4517 2474 4572 enim
2517 4516 2729 4587 abiecta
2775 4524 2858 4572 est
2893 4557 2908 4571 .
2957 4515 3072 4571 bec
3101 4530 3226 4570 cum
3262 4529 3466 4584 sponso
3492 4528 3610 4568 con-

368 4595 438 4649 Ἦ
471 4596 573 4668 μὲν
605 4595 714 4667 γὰρ
747 4597 1054 4671 ἀπεϐλήθη,
1090 4601 1124 4670 ή
1153 4600 1210 4654 δὲ
1237 4602 1315 4672 τῷ
1366 4605 1637 4676 μνηστῆρι
1691 4607 1944 4670 συνέζευ-

355 4706 509 4756 κται,
533 4690 939 4763 προσδεχομένη
977 4693 1046 4747 τά
1072 4694 1254 4762 ἀγαθὰ
1282 4712 1351 4750 τα
1379 4695 1572 4751 αἰώνια
1591 4713 1606 4726 ο
1638 4699 1942 4770 ἐμνηστεύ-

358 4795 494 4833 σατο
525 4780 582 4835 δὲ
612 4781 804 4851 αὐτὴν,
848 4783 910 4836 ού
956 4783 1116 4852 μόνον
1142 4787 1200 4838 ἐν
1226 4785 1539 4861 δικαιοσύνῃ
1561 4790 1652 4843 καὶ
1681 4791 1936 4863 κρίματι,

356 4870 502 4925 ἀλλὰ
553 4871 650 4926 καὶ
703 4875 762 4926 ἐν
798 4873 932 4943 ἰλέῳ
961 4876 1056 4930 καὶ
1077 4879 1379 4950 οἰκτιρμοίς
1401 4897 1416 4912 ο
1449 4881 1808 4954 δικαιοσύνῃ
1843 4885 1944 4955 μὲν

359 4961 476 5031 γάρ
500 4962 597 5016 καὶ
622 4964 862 5034 κρίματι
890 4967 1031 5022 κατὰ
1048 4967 1142 5022 τοῦ
1174 4972 1414 5042 πονηροῦ
1439 4969 1705 5045 τυράννου
1727 4979 1939 5050 χρησά-

360 5068 546 5123 μενος,
564 5051 743 5109 ἔλεον
771 5053 828 5108 δὲ
859 5059 954 5110 καὶ
974 5058 1312 5128 οἰκτιρμοὺς
1332 5062 1413 5125 εἰς
1438 5065 1563 5128 τοὺς
1588 5065 1782 5137 ἐκείνῳ
1819 5068 1944 5121 δουο

356 5141 540 5197 λεύειν
559 5145 1016 5217 ἠναγκασμένους
1043 5151 1476 5223 ἐπιδειξάμενος.
1518 5156 1734 5229 Ἐπειδὴ
1756 5159 1811 5212 δὲ
1837 5159 1944 5215 ἔδει

352 5232 486 5296 τοὺς
517 5232 699 5297 ἐλέους
729 5235 776 5269 ⁸⁸
813 5237 1175 5307 τετυχηκότας
1208 5241 1302 5293 καὶ
1328 5241 1525 5307 αὐτοὺς
1550 5243 1859 5300 ἀντιδοῦναί
1891 5264 1943 5301 τι

353 5324 436 5396 τῷ
474 5327 762 5391 σεσωκότι,
790 5327 1018 5392 εἰκότως
1043 5328 1294 5399 ἐπήγαγε
1314 5348 1329 5364 ο

432 5441 453 5478 ι
489 5437 652 5496 Rom.
686 5456 807 5508 vm,
835 5440 929 5509 24,
953 5439 1045 5496 23.

2044 4612 2236 4683 juncta
2260 4617 2548 4682 exspectat
2580 4610 2722 4664 bona
2749 4619 2975 4665 aeterna.
3011 4607 3144 4662 Eam
3185 4616 3364 4662 autem
3389 4606 3494 4663 sibi
3527 4607 3623 4674 de~

2045 4703 2355 4775 sponsavit,
2387 4717 2494 4757 non
2522 4702 2578 4756 in
2615 4700 2834 4771 justitia
2862 4699 3026 4755 modo
3055 4708 3109 4753 et
3152 4698 3388 4768 judicio,
3420 4698 3514 4754 sed
3569 4697 3622 4752 in

2045 4793 2430 4852 misericordia
2493 4808 2716 4864 quoque
2768 4801 2824 4848 et
2877 4792 3328 4848 miserationibus
3363 4809 3378 4845 :
3410 4789 3625 4861 iustitia

2043 4887 2247 4960 quippe
2271 4893 2326 4941 et
2358 4884 2570 4955 judicio
2627 4899 2757 4955 erga
2814 4885 3022 4938 malum
3085 4892 3378 4954 tyrannum
3439 4891 3624 4944 utens.

2046 4976 2414 5034 misericordia
2444 4984 2625 5034 autem
2686 4983 2740 5031 et
2773 4975 3204 5030 miserationibus
3242 4989 3370 5046 erga
3400 4988 3496 5030 eos
3530 4974 3623 5044 qui

2045 5079 2286 5144 tyranno
2314 5074 2523 5127 servire
2555 5069 2729 5124 coacti
2787 5075 2938 5122 sunt.
3003 5065 3125 5122 Jam
3165 5083 3320 5132 vero,
3364 5067 3626 5138 quoniam

2045 5162 2336 5234 oportebat
2367 5159 2807 5217 misericordiam
2843 5171 3177 5216 consecutos
3214 5157 3423 5229 aliquid
3456 5160 3623 5214 etiam

2043 5255 2196 5326 ipsos
2223 5254 2528 5326 rependere
2551 5251 2851 5319 Salvatori,
2886 5250 3088 5306 merito
3117 5250 3446 5323 subjunxit:

1638 5537 1874 5594 VARUE
1914 5539 2317 5598 LECTIONES.

457 5603 504 5682 ξ’
534 5603 830 5682 εἶπά-Βάκ.
871 5605 1285 5682 prior_habebat
1313 5606 1428 5682 ἐπί,
1452 5605 1539 5663 ed.
1574 5618 1794 5682 praestat
1835 5625 1945 5665 rec.
1988 5611 2150 5667 lectio
2174 5611 2300 5676 ἀπὸ,
2326 5625 2492 5682 quam
2523 5607 2721 5682 Noster
2755 5627 2942 5682 supra,
2978 5628 3030 5682 [ν.
3072 5610 3230 5682 1009.
3260 5605 3596 5682 sequebatur

498 5675 622 5758 αὐτ.
651 5675 739 5758 Ita
770 5674 973 5758 corripi.
1011 5676 1338 5758 Sedsiipra1
1363 5678 1433 5758 Ι..
1455 5674 1652 5758 θεαῖσι
1677 5679 1926 5758 gé_juxt_a
1963 5690 2086 5758 rec._'
2111 5683 2240 5758 lect.
2289 5674 2362 5758 '9'
2385 5681 2441 5758 ξι.
2471 5680 2712 5758 [nit-2.},
2737 5674 2841 5746 Ill,"
2864 5674 2938 5758 a_d'
2979 5674 3139 5758 Rom.
3162 5680 3211 5758 _l.
3245 5693 3292 5758 cn.
3339 5674 3454 5758 leg.
3502 5676 3550 5758 δ’.

651 5745 820 5823 Infra,
884 5745 919 5802 Ι.
956 5764 1006 5804 c.
1049 5756 1134 5806 est
1165 5745 1594 5819 ἀπεκδεχόμεθα.
1675 5749 1721 5782 ⁸³
1744 5745 1836 5822 ἐμ.
1871 5751 1913 5805 C

2041 5753 2098 5808 τί.
2174 5752 2219 5783 ⁸³
2258 5751 2344 5806 αν.
2379 5751 2418 5806 C
2450 5751 2575 5806 add.
2612 5751 2671 5805 σὲ
2698 5745 2942 5823 ἐμαυτῷ.

432 5812 477 5851 ⁸⁸
510 5813 645 5869 Ibid.
679 5815 852 5872 ἐλέου.

3048 5751 3092 5783 ⁸⁸
3122 5749 3200 5812 ἐξ.
3255 5746 3379 5806 Des.
3423 5746 3481 5801 in
3521 5747 3566 5800 (ἒ
