4092 6424
325 403 471 468 1569

1630 398 1708 463 IN
1737 395 1933 462 OSEE
1979 398 2137 458 CAP.
2169 398 2266 460 IV.

3458 399 3590 464 1570

326 515 594 588 μηθείας·
647 513 1034 586 θυσιαστηρίου
1081 513 1189 585 γὰρ
1241 511 1340 567 οὐκ
1373 513 1564 577 ὕντος,
1619 513 1748 566 ποία
1798 513 1908 564 λει-

2031 523 2188 577 isque
2218 524 2311 579 per
2356 511 2696 577 sacerdotes,
2750 519 2846 566 aut
2892 511 3214 582 prophetas,
3267 513 3487 568 ostendi
3537 519 3592 568 et

321 605 558 677 τουργία
587 607 916 677 γενήσεται;
968 601 1108 658 Οὔτε
1138 602 1244 674 μὴν
1283 601 1353 655 τὰ
1387 602 1476 656 διὰ
1512 602 1618 655 τῶν
1659 602 1903 673 ἱερέωνῆ

326 697 627 771 προφητῶν
670 696 898 752 εἰωθότα
943 695 1237 766 δηλοῦσθαι
1278 695 1371 750 καὶ
1409 695 1906 766 προσημαίνεσθαι,

324 794 442 852 τοῖς
491 789 839 860 βουλομένοις
891 788 950 841 ὲν
995 789 1061 858 τῇ
1111 786 1237 860 ξένῃ
1288 787 1480 857 μαθεῖν
1523 787 1586 839 τὸ
1636 786 1910 857 πρακτέον

329 879 852 952 προδηλωθήσεται·
892 878 1010 931 ἀλλ’
1051 877 1175 931 οὐδὲ
1217 879 1318 948 τὴν
1356 877 1494 948 ἐμὴν
1537 879 1719 940 αὐτοῖς
1747 877 1911 944 κηδε-

331 973 527 1041 μονίαν
573 969 864 1041 προφανῶς
919 970 1212 1034 ἐπιδείξω·
1272 973 1366 1022 καὶ
1416 969 1589 1024 ταῦτα
1647 967 1736 1020 διὰ
1787 969 1914 1029 τοὺς

328 1067 579 1135 πατέρας
620 1061 750 1131 περὶ
796 1061 994 1123 αὐτοὺς
1032 1059 1251 1132 θερμῶς
1300 1061 1662 1130 διακείμενος.
1712 1059 1913 1112 Τούτου

329 1158 446 1228 γὰρ
495 1157 654 1227 χάριν
709 1153 804 1208 καὶ
854 1156 884 1206 ὁ
935 1153 1224 1223 προφήτης
1269 1155 1335 1223 τῇ
1395 1152 1633 1222 πονηρία
1695 1151 1912 1219 συζώσῃ

331 1250 555 1317 γυναικὶ
587 1245 821 1316 συνῴκει
853 1245 973 1316 μὲν,
1011 1244 1088 1307 ῶς
1121 1243 1494 1314 προσετάχθη,
1525 1243 1626 1311 τῆς
1663 1243 1720 1295 δὲ
1754 1258 1916 1311 γαμι-

333 1342 440 1410 κῆς
490 1338 706 1408 ὁμιλίας
737 1337 994 1406 ἀπείχετο
1016 1351 1030 1365 ο
1071 1335 1258 1405 ἐπειδὴ
1289 1335 1386 1388 καὶ
1417 1337 1445 1387 ὁ
1464 1334 1573 1387 τῶν
1602 1335 1737 1386 ὅλων
1763 1333 1917 1394 Θεὸς.

333 1429 464 1482 οὔτε
494 1428 670 1496 πάντη
698 1425 985 1497 ἐγύμνωσε
1013 1424 1104 1477 τὸν
1131 1423 1258 1476 λαὸν
1282 1427 1379 1494 τῆς
1407 1423 1613 1484 οἰκείας
1641 1423 1917 1493 προνοίας,

330 1521 460 1575 οὔτε
501 1518 766 1590 πρόδηλον
811 1516 1016 1586 ταύτην
1074 1515 1257 1577 αὐτοῖς
1290 1515 1462 1568 ἐποίει
1519 1515 1611 1566 καὶ
1655 1513 1914 1582 φανεράν.

331 1613 579 1679 Δήσῖους
613 1610 671 1664 δὲ
709 1608 808 1672 τὰς
835 1607 1266 1680 προαγορεύσεις
1300 1606 1399 1669 τὰς
1431 1605 1579 1669 θείας
1607 1605 1921 1674 ὠνόμασενο

328 1702 527 1772 ἐπειδὴ
573 1701 669 1755 καὶ
712 1702 740 1754 ὁ
781 1700 1072 1771 ἀρχιερεὺς
1098 1699 1177 1768 τῷ
1207 1699 1374 1767 λογίῳ
1415 1699 1514 1766 τῆς
1554 1698 1788 1769 κρίσεως
1823 1696 1918 1766 τὴν

2011 601 2424 671 presignilieari
2448 603 2632 668 solita,
2666 604 2810 660 scire
2838 605 2893 658 in
2917 605 3103 660 alieno
3131 605 3250 660 solo
3278 605 3594 660 volentibus

2009 691 2140 759 quid
2168 694 2439 762 agendum
2473 694 2583 758 sit,
2629 698 3244 764 przemonstrabuntur:
3277 712 3457 766 neque
3493 712 3594 750 cu-

2012 798 2126 835 ram
2165 799 2341 838 meam
2377 785 2488 840 illis
2527 795 2713 856 aperte
2759 787 3073 849 ostendam,
3107 788 3326 842 tametsi
3373 797 3598 856 propter

2012 887 2202 926 eorum
2253 875 2493 943 majores
2529 877 2743 930 ardenti
2789 891 2886 931 eos
2923 891 3110 931 amore
3149 891 3472 946 prosequar.
3506 875 3595 930 ld-

2013 965 2164 1018 circo
2199 965 2342 1018 enim
2381 966 2649 1035 preplteta
2676 968 2838 1021 simul
2867 983 2993 1022 eum
3031 970 3262 1024 muliere
3289 971 3342 1022 iu
3366 968 3595 1022 nefariis

2017 1052 2360 1109 facinoribus
2384 1065 2643 1112 versante
2670 1058 2949 1113 habitabat
2972 1059 3217 1128 quidem,
3247 1067 3306 1112 ut
3329 1059 3596 1114 Dominus

2013 1144 2302 1214 iusserat,
2370 1157 2751 1203 verumtamen
2799 1151 3138 1204 matrimonii
3193 1149 3598 1205 consuetudine

2019 1253 2128 1292 non
2165 1238 2460 1294 utebatur:
2508 1240 2955 1310 quandoquidem
2987 1255 3088 1294 nec
3141 1240 3282 1294 Deus
3315 1241 3598 1295 universo-

2018 1342 2140 1381 rum
2178 1330 2401 1398 penitus
2452 1345 2549 1384 sua
2596 1331 2939 1400 providentia
2989 1331 3250 1402 populum
3308 1331 3596 1400 spoliavit,

2021 1436 2200 1490 neque
2233 1430 2413 1476 tamen
2457 1421 2598 1476 hanc
2631 1423 2976 1492 perspicuam
3014 1430 3069 1476 et
3107 1429 3352 1490 apertam
3389 1419 3596 1490 populo

2022 1513 2278 1567 faciebat.
2330 1511 2794 1581 Manifestationes
2823 1525 3006 1566 autem
3041 1511 3259 1566 divinas
3287 1511 3600 1580 praedictio-

2022 1619 2121 1658 nes
2152 1604 2485 1668 nominavit,
2527 1613 2641 1658 tum
2677 1605 2807 1674 quia
2854 1618 3105 1658 summus
3132 1605 3394 1659 sacerdos
3438 1605 3602 1657 ratio-

2024 1697 2133 1750 nali
2165 1696 2356 1764 judicii
2398 1696 2612 1766 1323
2645 1694 3146 1750 maniiestationem
3179 1697 3509 1765 accipiebat,
3542 1703 3598 1749 et

328 1794 574 1864 δήλωσιν
603 1791 903 1862 ἐλάμϐανε,
928 1791 1027 1845 καὶ
1062 1791 1163 1860 τὴν
1185 1789 1444 1860 ἀλήθειαν
1466 1803 1481 1821 ·
1522 1791 1618 1842 καὶ
1645 1789 1734 1844 διά
1755 1805 1919 1841 τινων

2029 1791 2310 1843 veritatem
2344 1808 2356 1842 :
2405 1797 2520 1842 tum
2555 1789 2683 1858 quia
2724 1803 2820 1857 per
2862 1787 3131 1856 quasdam
3169 1787 3603 1858 signiﬁcationes

330 1886 582 1956 σημείων
615 1887 672 1938 ὲν
710 1884 908 1953 ἐκείνῳ
955 1883 1298 1953 γιγνομένων
1329 1881 1673 1952 προηγόρευε
1702 1880 1772 1932 τὰ
1797 1879 1922 1933 ὲσό-

2029 1883 2122 1935 illo
2157 1881 2332 1935 factas
2362 1879 2546 1935 futura
2581 1881 2954 1950 praedicebat;
2981 1880 3126 1934 unde
3153 1895 3389 1949 magnus
3423 1878 3603 1936 Moses

241 2041 248 2046 _
335 1992 504 2046 μενα.
533 1975 629 2028 Διὰ
657 1973 816 2029 τοῦτο
842 1975 936 2028 καὶ
961 1975 990 2026 ὁ
1018 1973 1192 2044 μέγας
1217 1974 1421 2042 Μωσῆς
1435 1974 1482 2006 ’³
1510 1973 1608 2043 τὴν
1644 1970 1922 2041 ἱερατικὴν

332 2067 515 2139 φυλὴν
545 2066 784 2134 εὐλογῶν
805 2083 819 2098 ο
859 2066 1010 2130 Δότε,
1044 2066 1200 2136 φησὶ,
1233 2065 1432 2136 δήλους
1453 2065 1533 2134 τῷ
1567 2063 1718 2118 Λευτ.
1762 2063 1922 2118 Οὕτω

331 2160 408 2213 τὰ
442 2159 660 2230 λυπηρά
691 2157 1088 2228 προθεσπίσας,
1122 2156 1450 2227 ἀναμίγνυσι
1480 2156 1690 2218 τούτοις
1715 2155 1809 2207 καὶ
1850 2154 1919 2208 τὰ

333 2251 572 2323 χρηστά·

413 2348 476 2394 ε’.
519 2360 539 2392 ι
574 2340 730 2396 Μετὰ
756 2337 930 2395 ταῦτα
965 2339 1105 2412 γὰρ,
1149 2339 1351 2410 φησὶν,
1397 2339 1820 2410 ἐπιστρέφουσιν
1866 2339 1916 2390 οἱ

336 2433 448 2485 υἱοὶ
490 2431 724 2501 Ἰσραὴλ,
753 2433 848 2484 καὶ
875 2431 1170 2502 ζητήσουσι
1196 2430 1400 2500 Κύριον
1431 2430 1521 2482 τὸν
1545 2430 1677 2482 Θεὸν
1715 2428 1916 2490 αὐτῶν,

2028 1972 2358 2029 sacerdOtali
2390 1973 2556 2026 tribui
2592 1972 2928 2026 benedicens
2977 1972 3092 2024 ait:
3150 1971 3284 2024 Date
3318 1969 3444 2024 Levi
3485 1985 3603 2025 ma-

2031 2066 2436 2120 nifestationes.
2467 2066 2484 2085 '
2520 2065 2600 2119 Ad
2629 2065 2777 2118 hunc
2806 2078 2938 2118 vero
2983 2063 3203 2116 modum
3237 2061 3417 2116 tristia
3467 2062 3598 2115 vati-

2033 2156 2266 2217 cinatus,
2297 2155 2384 2210 bis
2412 2155 2574 2227 etiam
2609 2155 2730 2209 lazta
2762 2155 3028 2209 admiscet

2106 2337 2266 2393 Vsus.
2297 2339 2352 2392 5.
2389 2355 2409 2389 ι
2443 2337 2508 2391 Et
2551 2346 2676 2408 post
2722 2336 2860 2399 haec,
2894 2336 3096 2406 inquit,
3134 2343 3485 2391 revertentur
3509 2335 3606 2391 filii

2027 2431 2272 2496 israelis,
2300 2439 2354 2487 et
2382 2440 2628 2501 quaerent
2658 2430 2946 2484 Dominum
2993 2427 3162 2483 Deum
3197 2443 3379 2492 suum,
3411 2437 3468 2483 et
3502 2427 3610 2481 Da-

341 2525 439 2578 καὶ
471 2523 635 2576 Δαϐὶδ
673 2523 766 2576 τὸν
795 2521 1018 2591 βασιλέα
1047 2523 1230 2576 αὐτῶν
1250 2560 1264 2584 ,
1299 2523 1392 2575 καὶ
1435 2521 1792 2590 ἐκστήσονται
1827 2519 1920 2572 ἐπὶ

2029 2523 2200 2578 videm
2239 2538 2424 2594 regem
2454 2538 2637 2586 suum,
2675 2532 2728 2576 et
2755 2522 3058 2590 stnpebunt
3081 2520 3146 2574 ad
3181 2518 3472 2574 Dominum
3497 2559 3512 2581 .
3548 2527 3605 2574 et

343 2614 424 2684 τῷ
449 2615 658 2685 Κυρίῳ,
691 2614 786 2667 καὶ
816 2615 909 2666 ἐπὶ
945 2617 1060 2676 τοῖς
1098 2613 1324 2680 ἀγαθοῖς
1359 2613 1523 2666 αὑτοῦ
1553 2611 1640 2665 ἐπ’
1675 2613 1922 2681 ἐσχάτων

2029 2630 2189 2684 super
2218 2615 2380 2670 bonis
2405 2618 2527 2683 ejus
2554 2615 2608 2668 in
2639 2612 2965 2668 novissimis
3004 2612 3222 2666 diebus.
3258 2629 3276 2661 ι
3319 2609 3456 2664 Nam
3483 2625 3610 2665 cum

341 2706 453 2758 τῶν
479 2705 718 2777 ἡμερῶν.
773 2724 791 2754 ι
840 2705 1057 2773 Ἐπειδὴ
1097 2706 1208 2774 γὰρ
1233 2706 1287 2756 αί
1317 2703 1450 2757 δέκα
1481 2703 1664 2772 φυλαὶ,
1701 2702 1922 2754 διαστα-

2029 2706 2208 2762 decem
2245 2707 2444 2768 tribus,
2478 2721 2505 2758 a
2551 2705 2779 2774 regibus
2810 2718 2874 2758 ex
2910 2702 3114 2756 Davide
3149 2703 3433 2771 prognatis
3468 2700 3605 2755 deli-

340 2797 601 2851 σιάσασαι
627 2796 764 2867 πρὸς
789 2796 918 2858 τοὺς
947 2797 1013 2848 ὲκ
1039 2794 1203 2848 Δαϐὶδ
1234 2795 1509 2864 βασιλέας,
1543 2793 1675 2846 ἴδιον
1701 2794 1922 2856 ἑαυταῖς

2029 2797 2258 2858 cientes,
2301 2797 2586 2866 proprium
2612 2811 2794 2864 regem
2825 2793 2935 2849 sibi
2981 2791 3297 2862 elegissent,
3347 2802 3472 2859 post
3515 2807 3608 2846 re-

338 2889 759 2960 ἐχειροτόνησαν
789 2885 1013 2958 βασιλέα
1036 2903 1050 2917 ο
1093 2886 1232 2956 μετά
1263 2886 1322 2939 δὲ
1364 2885 1462 2956 τὴν
1506 2887 1570 2938 ὲκ
1603 2884 1922 2946 Βαϐυλῶνος

2031 2890 2344 2944 versionem
2400 2904 2466 2943 ex
2532 2887 2811 2958 Babylone
2865 2887 3177 2954 conjunctae
3227 2893 3282 2941 et
3346 2885 3613 2955 copulata:

341 2981 605 3035 ἐπάνοδον
637 2978 922 3032 ὲνωθεῖσαι
957 2979 1050 3030 καὶ
1091 2977 1447 3046 συναφθεῖσαι
1483 2978 1577 3029 ἕνα
1606 2977 1762 3046 ἔσχον
1789 2979 1922 3047 ἡγε-

2031 2997 2199 3035 unum
2232 2981 2541 3034 habuerunt
2564 2981 2763 3034 ducem
2801 2979 3198 3032 Zurobabelem
3229 2993 3294 3032 ex
3350 2976 3614 3030 Davidica

343 3073 490 3145 μόνα
516 3072 608 3126 τὸν
640 3070 949 3141 Ζοροϐάϐελ
977 3109 992 3133 ,
1041 3073 1105 3122 ὲκ
1153 3070 1252 3138 τῆς
1305 3068 1602 3138 Δαὸιτικῆς
1625 3069 1672 3100 τ’
1728 3067 1922 3137 βεϐλα-

2033 3073 2179 3126 tribu
2223 3081 2596 3141 procreatum,
2649 3071 2755 3125 sub
2787 3085 2896 3139 quo
2927 3078 2981 3123 et
3021 3069 3293 3122 divinitus
3341 3068 3615 3122 bonorum

348 3163 595 3234 στηκότα
629 3163 826 3232 φυλῆς,
862 3163 947 3230 ἐφ’
981 3156 1041 3216 οὗ
1083 3162 1179 3215 καὶ
1219 3161 1329 3214 τῶν
1381 3160 1675 3214 θεοσδότων
1705 3161 1923 3228 ἀγαθῶν

2033 3163 2286 3217 datorum
2317 3161 2556 3215 fructum
2579 3169 2877 3231 ceperunt.
2903 3159 3029 3214 Haec
3059 3161 3265 3224 omnia,
3295 3160 3614 3230 priusquam

342 3254 600 3318 ιδὲξαντο
622 3252 721 3324 τὴν
751 3252 1073 3306 ἀπόλαυσιν.
1099 3249 1286 3303 Ταῦτα
1315 3250 1491 3304 πάντα
1523 3252 1655 3319 πρὶν
1675 3249 1923 3317 γενέσθαι

2042 3254 2255 3318 fierent,
2291 3263 2486 3324 aperte
2520 3254 2724 3315 sciens,
2755 3253 3073 3322 prophetica
3101 3267 3230 3306 voce
3259 3253 3615 3320 praenuntiat.

342 3345 536 3414 σαφῶς
575 3344 962 3410 ἐπιστάμενος,
1002 3342 1092 3395 διὰ
1114 3342 1215 3411 τῆς
1245 3342 1594 3412 προφητικῆς
1622 3341 1923 3405 θεσπίζειθε

2033 3345 2173 3398 Illud
2212 3359 2364 3409 vero,
2395 3363 2413 3395 ι
2447 3346 2500 3397 in
2540 3344 2862 3398 novissimis
2906 3343 3122 3408 diebus,
3155 3361 3173 3394 ι
3221 3343 3364 3398 idem
3391 3350 3474 3398 est
3523 3358 3613 3406 ac,

339 3431 551 3501 φωνῆς.
588 3433 663 3484 Τὸ
700 3431 758 3484 δὲ
799 3448 817 3481 ι
869 3431 990 3484 Ἐπ’
1019 3432 1250 3500 ἐσχάτου
1299 3429 1410 3482 τῶν
1459 3431 1709 3502 ἡμερῶν,
1752 3450 1770 3482 ι
1805 3433 1931 3484 ἀντὶ

337 3522 461 3585 τοῦ,
501 3522 640 3592 μετά
686 3523 749 3575 τὸ
779 3521 931 3586 τέλος
969 3520 1081 3574 τῶν
1110 3521 1486 3591 έὸἰομήκοντα
1513 3521 1613 3592 τῆς
1642 3522 1930 3592 αἰχμαλω-

339 3612 466 3675 σίας
497 3611 658 3667 ἐτῶν.

954 3704 1208 3758 ΚΕΦΑΛ.
1251 3703 1324 3758 Δ’.

421 3792 575 3847 Οὕτω
600 3795 668 3848 τὰ
707 3793 891 3863 ἀγαθὰ
939 3794 1303 3864 προμηνύσας
1330 3834 1344 3858 ,
1387 3794 1550 3847 πάλιν
1588 3794 1698 3848 τῶν
1744 3793 1932 3856 κακῶς

351 3883 654 3951 γινομένων
685 3885 785 3955 τὴν
813 3885 1147 3955 κατηγορίαν
1191 3888 1447 3940 ποιεῖται.
1493 3886 1778 3957 Ἀληθείας
1800 3886 1929 3957 γὰρ,

355 3971 545 4039 φησιν,
576 3974 698 4027 ἐστὲ
720 3974 817 4028 καὶ
849 3975 1264 4044 φιλανθρωπίας
1294 3975 1514 4046 ἔρημοι,
1552 3979 1646 4030 καὶ
1676 3975 1934 4044 γνώσεως

352 4063 504 4128 θείας
535 4067 889 4139 ἐστερημένοι
913 4085 928 4100 ο
961 4068 1095 4121 πολὺ
1130 4068 1188 4121 δὲ
1218 4071 1350 4138 παρ’
1381 4070 1511 4138 ὑμῖν
1537 4071 1580 4102 ει
1619 4069 1681 4122 τὸ
1709 4069 1928 4138 ψεῦδος,

345 4157 449 4211 καὶ
494 4157 665 4223 ἀδεῶς
707 4162 736 4212 ὁ
767 4160 928 4229 φόνος
968 4160 1235 4231 τολμᾶται
1256 4202 1269 4224 ,
1322 4161 1417 4213 καὶ
1471 4160 1581 4213 τῶν
1635 4160 1932 4228 ἀλλοτρίων

344 4249 628 4320 ἐφιέμενοι
677 4250 1061 4322 σφετερίζεσθε
1118 4251 1332 4314 ταῦτα,
1382 4252 1477 4304 καὶ
1524 4253 1638 4313 τοῖς
1685 4251 1932 4320 ἀλλήλων

346 4338 734 4392 ἐπιϐουλεύετε
783 4341 1012 4409 γάμοις,
1070 4339 1148 4404 ὡς
1207 4341 1304 4412 τὴν
1357 4341 1461 4412 γῆν
1506 4341 1664 4411 ὑμῶν
1712 4342 1931 4396 ἅπασαν

349 4430 538 4502 πλήρη
585 4431 792 4485 τούτων
833 4431 1091 4501 γενέσθαι
1131 4433 1241 4486 τῶν
1287 4433 1633 4503 μιασμάτων.
1678 4434 1756 4486 Δι’
1788 4433 1930 4504 ἅπερ

2035 3441 2158 3504 post
2201 3433 2363 3488 linem
2408 3437 2758 3505 septuaginta
2792 3447 3062 3488 annorum
3105 3433 3465 3504 captivitatis.

2652 3704 2880 3761 CAPUT
2916 3704 2982 3759 IV
3000 3749 3014 3762 .

2107 3800 2186 3872 [1,
2213 3798 2270 3871 2]
2306 3799 2606 3869 Postquam
2632 3797 2773 3851 bona
2801 3799 2882 3851 sic
2917 3796 3386 3867 prtesignillcavu.,
3421 3808 3618 3847 rursus

2033 3874 2087 3948 in
2126 3895 2336 3947 scelera
2363 3892 2662 3945 commissa
2695 3890 3105 3944 accusationem
3153 3887 3412 3942 instituit.
3465 3886 3618 3941 Veri-

2035 3991 2149 4038 tate
2178 3987 2345 4045 enim,
2404 3983 2626 4052 inquit,
2687 3988 2742 4035 et
2781 3980 3165 4035 misericordia
3219 3979 3414 4049 privati
3459 3979 3615 4040 estis,

2037 4075 2242 4144 Deique
2287 4075 2605 4144 cognitione
2645 4073 2918 4134 destituti,
2969 4074 3200 4126 multum
3249 4081 3430 4125 autem
3470 4072 3615 4140 apud

2033 4181 2135 4221 vos
2165 4166 2312 4234 viget
2348 4162 2742 4227 mendacium,
2795 4162 3020 4231 impune
3079 4161 3137 4214 lit
3198 4160 3394 4222 credes,
3439 4161 3615 4213 aliena

2033 4260 2348 4323 expetentes
2376 4253 2430 4307 in
2459 4261 2698 4306 vestram
2729 4267 2844 4306 rem
2861 4251 3358 4312 convertitis,alter
3389 4249 3616 4303 alterius

2034 4345 2192 4400 uxori
2226 4343 2603 4398 insidiamini:
2643 4342 2716 4394 ita
2755 4349 2813 4394 ut
2859 4341 3039 4393 omnis
3090 4348 3236 4396 terra
3290 4347 3473 4394 vestra
3530 4338 3616 4392 bis

2037 4435 2338 4491 sceleribus
2377 4433 2665 4489 redundet.
2705 4431 2790 4504 [5]
2826 4431 3060 4501 Propter
3088 4447 3209 4501 qua:
3247 4431 3455 4500 1327
3492 4436 3615 4483 tan-

346 4520 604 4575 τοσοῦτο»
630 4523 676 4554 ⁸³
709 4523 984 4593 πολεμίων
1010 4525 1139 4594 ὑμῖν
1163 4523 1349 4588 ἐπάξω
1379 4523 1606 4594 πλῆθος,
1631 4524 1705 4587 ῶς
1735 4541 1923 4578 παντε·

2038 4535 2147 4581 tam
2202 4526 2449 4581 hostium
2512 4525 2922 4578 multitudinem
2986 4523 3142 4578 vobis
3206 4523 3514 4584 immittam,
3556 4528 3614 4573 ut

351 4611 459 4676 λῶς
487 4611 883 4684 δαπανηθῆναι,
915 4615 977 4668 οὐ
1012 4616 1172 4685 μόνον
1212 4615 1337 4678 τοὺς
1370 4616 1598 4687 εὐπορίᾳ
1630 4617 1929 4680 συζῶντας,

349 4703 450 4757 καὶ
487 4703 696 4774 θηρίων
741 4704 898 4774 δίκην
955 4704 1052 4757 καὶ
1106 4705 1356 4775 ἑρπετῶν
1408 4708 1521 4768 τοῖς
1581 4705 1934 4776 πενεστέροις

351 4795 629 4858 ἐπιόντας,
659 4795 753 4849 καὶ
776 4791 887 4848 οἷόν
917 4813 1028 4850 τισι
1062 4800 1281 4868 πτεροῖς
1299 4799 1364 4868 τῇ
1402 4797 1696 4868 δυναστείᾳ
1727 4815 1934 4868 κεχρη-

353 4885 556 4956 μένους
575 4902 590 4916 ·
623 4885 762 4939 ἀλλὰ
791 4886 884 4940 καὶ
911 4888 1042 4950 τοὺς
1066 4885 1261 4950 ἄλλους
1291 4887 1557 4950 ἅπαντας,
1588 4888 1637 4939 οἳ
1678 4887 1933 4956 καθάπερ

349 4976 498 5039 τινὲς
537 4977 717 5048 ἰχθύες
744 4978 1092 5049 διανήχονται
1131 4978 1225 5032 τοῦ
1258 4978 1375 5049 βίου
1407 4979 1468 5032 τὸ
1509 4978 1763 5046 πέλαγος.
1793 4979 1931 5048 Τρο-

314 5049 532 5131 ’πικῶς
577 5071 690 5139 γὰρ
737 5068 903 5140 θηρία
950 5070 1082 5140 μὲν,
1138 5071 1234 5124 καὶ
1280 5069 1498 5139 ἑρπετὰ
1537 5070 1636 5124 καὶ
1667 5068 1931 5132 πετεινὰ,

326 5158 480 5221 τοὺς
511 5158 772 5222 δυνατοὺς
810 5161 1275 5230 προσηγόρευσεν,
1309 5159 1519 5228 ἰχθύας
1541 5160 1598 5212 δὲ
1623 5161 1750 5222 τοὺς
1774 5175 1934 5210 πενε-

350 5247 579 5317 στέρους
634 5248 910 5318 ὠνόμασε.
959 5250 1166 5302 Τούτου
1224 5248 1314 5312 δὲ,
1377 5250 1552 5319 φησὶ,
1614 5248 1930 5318 γενομένου,

349 5340 561 5409 ἕρημος
597 5341 630 5411 ἡ
671 5341 747 5410 γῆ
793 5341 888 5394 καὶ
929 5341 1040 5394 τῶν
1077 5341 1410 5406 δικαζόντων
1446 5343 1539 5394 καὶ
1583 5341 1690 5395 τῶν
1715 5341 1930 5404 δικαζο-

351 5430 534 5501 μένων
583 5433 892 5503 γενήσεται.
948 5451 965 5483 ι
1021 5434 1080 5483 '0
1125 5433 1181 5487 δὲ
1233 5432 1360 5495 λαός
1413 5449 1554 5501 μου,
1606 5433 1808 5503 φησὶν,
1858 5432 1935 5496 ὡς

2039 4618 2296 4673 funditus
2342 4625 2588 4687 pereant,
2629 4631 2738 4670 non
2777 4615 2955 4670 solum
2990 4615 3084 4682 qui
3117 4613 3330 4667 divitiis
3368 4611 3612 4674 afﬂuunt,

2041 4726 2106 4766 ac
2143 4713 2385 4764 ferarum
2419 4718 2474 4764 et
2501 4709 2782 4777 reptilium
2833 4722 2986 4762 more
3032 4721 3299 4777 pauperes
3331 4703 3616 4764 invadunt,

2041 4813 2095 4860 et
2122 4803 2284 4859 veluti
2312 4803 2644 4873 quibusdam
2669 4801 2770 4855 alis
2792 4801 2992 4853 robore
3013 4813 3114 4853 suo
3137 4807 3404 4851 utuntur:
3429 4810 3615 4850 verum

2041 4893 2206 4947 etiam
2234 4905 2428 4946 omnes
2459 4891 2570 4953 alii,
2613 4890 2706 4959 qui
2752 4899 2812 4942 ut
2863 4889 3045 4958 pisces
3092 4888 3351 4956 navigant
3387 4885 3446 4939 in
3495 4886 3619 4940 vita:

2042 4983 2254 5054 pelago.
2287 4982 2522 5052 Tropice
2549 4984 2722 5045 enim,
2758 4981 2971 5049 reptilia
3000 4990 3051 5034 et
3087 4979 3330 5034 volatilia
3366 4986 3621 5047 potentes

2044 5072 2304 5137 vocavit;
2337 5072 2505 5140 pisces
2551 5085 2682 5125 vero
2739 5070 2935 5138 inopes
2993 5068 3247 5123 homines
3303 5067 3618 5137 appellavit.

2045 5160 2123 5234 [4,
2151 5159 2213 5232 5]
2245 5160 2304 5215 id
2353 5169 2535 5216 autem
2576 5161 2623 5214 si
2668 5165 2781 5224 bet,
2817 5159 3021 5228 inquit,
3054 5167 3201 5213 terra
3245 5158 3622 5228 iudicantibus

2041 5262 2096 5308 et
2125 5253 2476 5323 litigantibus
2507 5252 2861 5306 destituetur.
2902 5269 2920 5302 ι
2953 5250 3198 5321 Populus
3225 5257 3408 5303 autem
3441 5263 3618 5310 meus,

2042 5345 2243 5416 inquit,
2268 5345 2425 5414 quasi
2465 5341 2727 5398 sacerdos
2765 5344 2855 5397 cui
2892 5341 3339 5397 contradicitur:
3377 5347 3436 5394 et
3468 5339 3622 5393 inlir-

2044 5435 2286 5491 mabitur
2323 5449 2420 5507 per
2445 5433 2614 5499 diem,
2659 5441 2712 5488 et
2739 5433 3114 5488 inlirmabitur
3144 5435 3306 5488 etiam
3355 5429 3619 5501 propheta

1646 5605 1880 5663 VARIA'J
1913 5606 2322 5664 LECTIONES.

385 5724 550 5802 -"AC
597 5731 853 5802 Μωῦσῆς.
901 5734 947 5765 τ’
1017 5729 1056 5786 C
1111 5728 1416 5798 Δαυῖδικῆς.
1493 5727 1537 5759 ⁸ο
1590 5727 1629 5778 (Ζ
1683 5725 2054 5795 προθεσπίζει.
2100 5726 2176 5758 ·⁸¹
2207 5724 2247 5780 C
2278 5724 2418 5795 ὑμῶτ

347 5799 641 5853 τοσούτων.

2559 5726 2605 5759 δ’
2645 5741 2755 5779 τοσ.
2792 5725 2869 5776 ita
2899 5734 3021 5777 cum
3063 5720 3102 5774 C
3149 5718 3396 5789 legimus.
3446 5714 3614 5771 Sirm.
