4092 6412
557 361 684 426 1571

1548 367 2038 430 THEODORETI
2063 372 2402 436 EPISCOPI
2439 375 2806 439 CYRENSIS

3677 389 3803 456 1572
3823 452 3828 454 .

550 489 676 528 cum
705 487 793 528 eo.
836 492 853 528 ι
889 473 1199 540 Sacerdoti,
1227 475 1426 546 inquit,
1452 480 1764 546 reprobate.
1795 486 1850 533 et
1888 481 1983 548 qui
2021 494 2109 534 sua

2227 484 2640 559 ἀντιλεγόμενος
2688 489 2905 560 ἰερεὺς,
2963 490 3056 544 καὶ
3087 492 3378 566 ἀσθενήσει
3429 497 3676 570 ἡμέρας,
3711 505 3801 559 καὶ

550 566 818 635 dignitate
856 569 1087 633 excidit,
1143 569 1353 623 similes
1383 567 1574 629 eritis.
1617 585 1736 624 mea
1786 572 2125 639 providentia

552 659 736 710 orbati
773 676 788 723 ;
815 674 879 712 ac
902 675 1000 724 per
1029 660 1233 714 multos
1269 657 1390 713 dies
1421 658 1475 712 in
1504 659 1646 714 hanc
1679 674 1852 713 meam
1883 659 2128 729 discipli-

551 765 679 803 nam
715 751 1030 814 trademini,
1077 767 1186 805 una
1216 766 1342 805 cum
1379 751 1663 821 prophetis
1709 751 1804 820 qui
1841 751 2126 807 mendacia

549 842 706 894 vobis
765 842 1078 896 enuntiant.
1144 841 1468 910 Prop/cctam
1515 843 1661 896 enim
1702 857 1855 896 nunc
1910 843 2128 898 vocavit

549 929 1110 998 pseudopmphetam,
1142 946 1207 984 ex
1241 930 1666 992 consuetudine,
1703 945 1826 1000 quae
1855 931 1997 1000 apud
2028 946 2126 987 eos

546 1018 875 1073 inualuerat.
913 1039 931 1072 ι
973 1019 1036 1074 Et
1067 1021 1217 1076 nocti
1245 1022 1548 1078 assimilavi
1578 1031 1806 1076 matrem
1837 1026 1855 1044 '
1895 1032 2066 1077 tuam.
2098 1040 2118 1073 ι

545 1104 610 1160 Et
641 1106 849 1164 docens
873 1125 1044 1180 quam
1093 1121 1326 1168 matrem
1361 1120 1558 1168 vocet:

614 1387 790 1445 Vens.
846 1389 900 1448 6.
970 1409 988 1442 ι
1054 1390 1410 1447 Assimilatus
1461 1399 1568 1456 est,
1628 1391 1830 1462 inquit,
1883 1394 2122 1462 populus

542 1481 704 1550 quasi
735 1480 1025 1537 scientiam
1052 1495 1159 1535 non
1200 1480 1436 1536 habens.
1475 1500 1494 1534 ι
1547 1481 1685 1536 Nam
1716 1485 1847 1554 quia
1879 1483 1934 1538 in
1971 1492 2122 1540 tene-

544 1573 675 1627 bras
697 1571 1023 1642 ignorantic
1044 1572 1260 1642 seipsos
1289 1571 1661 1641 tradiderunt,
1689 1583 1752 1630 ut
1772 1589 1840 1630 ne
1865 1575 2119 1644 exiguam

543 1663 763 1731 quidem
796 1664 972 1719 lucem
1003 1664 1228 1721 luminis
1259 1665 1328 1720 ad
1362 1665 1458 1720 Dei
1501 1666 1784 1722 notionem
1815 1666 2122 1739 perducen-

543 1759 614 1814 tis
643 1758 926 1828 suscipere
952 1758 1151 1821 velint,
1185 1758 1384 1812 merito
1418 1768 1814 1828 comparantur
1844 1759 1993 1814 nocti
2023 1760 2116 1831 qui

2230 577 2520 650 ἀσθενήσει
2585 580 2683 635 καὶ
2742 583 3032 655 προφήτης
3084 587 3200 655 μετ’
3249 587 3497 646 αὐτοῦ⁸³.
3547 610 3566 643 ι
3631 594 3800 667 Ἱερεί,

2228 669 2414 736 φησιν,
2443 669 2696 740 ἀδοκίμῳ
2725 671 2981 740 φανέντι,
3024 676 3118 726 καὶ
3162 673 3258 739 τὰς
3283 677 3494 740 οἰκείας
3523 677 3679 744 ἀξίας
3711 685 3801 736 ἐκ-

2226 759 2540 812 πεπτωκότι
2591 760 3036 832 ὁμοιωθήσεσθε,
3089 765 3190 834 τῆς
3243 766 3383 836 ἐμῆς
3431 771 3802 839 γυμνωθέντες

2227 850 2508 918 προνοίας,
2542 853 2636 905 καὶ
2663 854 2757 906 ἐπὶ
2795 854 3017 918 πολλαῖς
3047 856 3106 910 δέ
3138 856 3380 929 ἡμέραις
3412 861 3584 932 ταύτῃ
3634 881 3800 935 παρα·

2223 938 2516 1008 δοθήσεσθε
2541 945 2608 1014 τῇ
2639 944 2858 1016 παιδείᾳ
2884 945 2982 999 σὺν
3007 949 3121 1011 τοῖς
3158 949 3228 1001 τά
3257 950 3439 1019 ψευδῆ
3473 956 3803 1026 προαγορεύο

2233 1045 2389 1083 ουσιν
2423 1033 2550 1102 ὑμῖν
2579 1036 2908 1105 προφήταις.
2937 1036 3263 1106 Προφήτην
3299 1039 3411 1110 γάρ
3436 1039 3534 1095 νῦν
3564 1043 3656 1097 τὸν
3679 1045 3804 1113 ψευ-

2225 1119 2571 1194 δοπροφήτην
2616 1123 2939 1196 ὠνόμασεν,
2983 1128 3091 1179 ἀπὸ
3143 1129 3246 1198 τῆς
3288 1131 3636 1202 κατεχούσης
3677 1134 3801 1208 παρ’

2225 1211 2406 1276 αὐτοῖς
2449 1214 2756 1284 συνηθείας.
2798 1235 2818 1268 ι
2853 1218 2964 1272 Καὶ
2981 1218 3030 1250 ⁸⁸
3071 1220 3226 1272 νυκτὶ
3258 1220 3528 1292 ὠμοίωσα
3572 1223 3671 1295 τὴν
3709 1242 3803 1296 μη·

2222 1304 2354 1374 τέρα
2380 1322 2494 1360 σου.
2528 1325 2548 1359 ι
2583 1308 2690 1361 Καὶ
2718 1309 2936 1373 δεικνὺς
2966 1313 3088 1365 τινα
3115 1312 3330 1384 μητέρα
3360 1314 3522 1367 καλεῖ
3542 1355 3558 1379 ,

2293 1399 2366 1456 ς’.
2410 1413 2429 1445 ι
2477 1395 2770 1468 Ὡμοιώθη,
2799 1400 2985 1469 φησιν,
3023 1402 3052 1453 ὀ
3080 1401 3206 1464 λαός
3241 1419 3368 1471 μου,
3396 1402 3476 1466 ὡς
3521 1405 3625 1458 οὐκ
3665 1405 3798 1477 ἔχων

2220 1485 2597 1553 ἐπίγνωσιν⁸⁸.
2634 1506 2652 1538 ι
2704 1489 2924 1560 Ἐπειδὴ
2975 1491 3087 1562 γάρ
3115 1491 3194 1560 τῷ
3233 1491 3386 1564 ζόφῳ
3429 1497 3531 1566 τῆς
3580 1497 3797 1566 ἀγνοίας

2222 1579 2362 1645 σφᾶς
2393 1581 2590 1643 αὐτοὺς
2629 1581 2990 1645 ἐκδεδώκασι,
3019 1584 3115 1636 καὶ
3138 1585 3262 1638 οὐδὲ
3307 1583 3576 1656 βραχεῖαν
3609 1589 3794 1660 αἴγλην

2219 1666 2311 1718 τοῦ
2353 1667 2454 1736 τῆς
2497 1667 2836 1736 θεογνωσίας
2870 1671 3050 1739 φωτὸς
3101 1672 3467 1738 ὑποδέξασθαι
3503 1675 3792 1745 βούλονται,

2218 1757 2447 1822 εἰκότως
2506 1761 2900 1826 ἀπεικάζονται
2954 1765 3112 1819 νυκτὶ
3161 1767 3397 1838 τοιούτῳ
3451 1771 3794 1841 κατεχόμενοι

541 1848 636 1902 tali
663 1847 901 1917 caligine
925 1846 1174 1917 oppressi
1201 1855 1354 1902 sunt.
1385 1844 1619 1901 Matrem
1656 1856 1840 1903 autem
1885 1849 2109 1918 appellat

2224 1848 2400 1920 σκότῳ
2425 1865 2438 1878 ·
2466 1852 2700 1920 μητέρα
2731 1853 2788 1906 δὲ
2819 1853 2978 1908 καλεί
3005 1855 3104 1926 τὴν
3147 1858 3510 1930 Συναγωγην,
3540 1862 3694 1916 ,λαὸν
3719 1862 3790 1926 δὲ,

540 1937 926 2009 Synagogam,
960 1937 1213 2006 populum
1260 1953 1391 1992 vero
1437 1954 1505 1994 ex
1537 1953 1601 1994 ea
1643 1949 1961 2010 prognatos.
2002 1938 2119 1996 lloc

538 2032 703 2085 etiam
758 2029 902 2100 apud
958 2031 1155 2085 Isaiam
1203 2030 1557 2086 invenimus:
1600 2049 1621 2082 ι
1661 2029 1854 2096 Qualis
1908 2040 1996 2088 est
2027 2032 2118 2087 hic

539 2124 676 2177 liber
702 2122 917 2191 repudii
949 2123 1142 2176 matris
1169 2129 1367 2176 vestrae
1390 2122 1460 2174 ιιῖ
1501 2141 1520 2174 ι
1580 2123 1744 2192 Ergo,
1784 2141 1803 2174 ι
1845 2121 1985 2188 Quia
2020 2131 2113 2191 tu,

541 2211 759 2284 1328
784 2212 985 2282 inquit,
1013 2211 1305 2267 scientiam
1344 2212 1619 2282 repulisti,
1651 2220 1705 2267 et
1734 2227 1835 2283 ego
1855 2213 2114 2282 repellam

537 2315 613 2368 tc,
643 2321 713 2360 ne
738 2305 1050 2359 sacerdotio
1081 2302 1331 2374 [uulgaris
1375 2319 1562 2359 coram
1598 2319 1725 2359 me:
1767 2313 1822 2360 et
1853 2306 2112 2375 quoniam

536 2397 707 2450 oblita
754 2410 818 2451 es
849 2394 982 2465 legis
1014 2394 1110 2448 Dei
1162 2394 1266 2456 tui,
1295 2403 1350 2449 et
1385 2408 1489 2465 ego
1535 2394 1834 2449 obliviscar
1872 2396 2112 2450 ﬁliorum

536 2501 776 2544 tuorum.
819 2506 838 2539 ι
895 2485 960 2541 Ει
1016 2485 1333 2542 distinctius
1384 2485 1685 2542 ostendens
1721 2487 2112 2560 benignitatem

535 2596 716 2646 suam,
746 2588 800 2634 et
827 2578 1101 2648 ingratum
1131 2591 1324 2632 eorum
1355 2576 1598 2631 animum
1635 2596 1650 2633 :

604 2685 770 2741 Vens.
795 2685 848 2738 7.
885 2703 904 2736 ι
948 2682 1269 2738 S'ecundum
1308 2683 1715 2740 multitudinem
1750 2699 1963 2752 eorum,
2011 2685 2109 2749 ait,

531 2782 607 2836 ita
648 2783 1020 2850 peccaverunt
1041 2775 1198 2838 mihi,
1233 2791 1253 2826 ι
1290 2773 1344 2828 id
1373 2783 1482 2836 est,
1510 2789 1614 2843 ego
1645 2782 1707 2828 ut
1739 2775 1844 2844 ipsi
1877 2789 2111 2830 numero

533 2870 752 2940 plurimi
775 2876 979 2931 essent,
1010 2867 1206 2923 eﬁeei:
1243 2866 1320 2920 illi
1356 2880 1488 2920 vero
1525 2871 1721 2920 contra
1754 2881 1844 2920 me
1881 2880 2112 2936 peccare

529 2967 1047 3033 perseveraverunt.
1079 2959 1270 3024 Quare

599 3051 769 3107 Vsus.
803 3049 856 3104 8.
887 3068 907 3101 ι
962 3049 1162 3104 Eorum
1198 3047 1425 3119 gloriam
1479 3046 1532 3101 in
1567 3046 1924 3116 ignominiam
1979 3062 2110 3102 con-

529 3152 766 3200 vertam.
844 3140 1080 3197 Peccata
1139 3139 1324 3210 populi
1385 3138 1490 3193 mei
1555 3137 1887 3194 comedent:
1936 3146 1992 3194 et
2051 3139 2104 3192 in

529 3233 910 3306 iniquitatibus
959 3246 1151 3288 eorum
1207 3230 1482 3300 accipient
1532 3229 1716 3300 populi
1763 3230 1980 3284 animas
2011 3243 2107 3284 eo-

527 3343 671 3383 rum.
722 3346 741 3378 ι
774 3325 833 3380 id
864 3333 980 3389 est,
1015 3329 1220 3377 metent
1269 3336 1391 3392 qua:
1426 3321 1791 3387 seminarunt,
1827 3327 1882 3374 et
1911 3334 2105 3389 pecca-

527 3428 708 3472 torum
765 3431 993 3473 suorum
1071 3413 1310 3468 fructum
1369 3411 1808 3467 vindemiabnnt.
1866 3409 2103 3477 Quidam

525 3523 658 3564 vero
704 3507 938 3570 dicunt,
975 3519 1072 3574 per
1126 3505 1242 3559 haec
1288 3503 1566 3574 designari
1615 3501 1937 3556 sacerdotes
1986 3502 2102 3573 qui,

523 3615 652 3654 eum
712 3595 1114 3653 exsacriﬁciis
1173 3610 1274 3667 pro
1328 3596 1575 3666 peccatis
1633 3593 1834 3648 oblatis
1896 3603 2102 3650 certam

524 3685 822 3758 quamdam
865 3685 1171 3755 portionem
1209 3683 1511 3738 secundum
1557 3673 1736 3751 legem
1764 3681 2101 3751 acciperent,

524 3780 632 3834 hoc
659 3776 928 3832 beneﬁcio
959 3775 1225 3841 fruentes,
1252 3774 1519 3830 scelerate
1548 3773 1818 3840 viventes,
1841 3788 2106 3829 accusare

524 3868 819 3935 nolebant;
879 3866 1233 3938 quamobrem
1309 3862 1554 3919 oﬂ‘ensus
1627 3864 1893 3920 Dominus
1975 3865 2100 3920 ait:

522 3959 796 4028 Quoniam
850 3957 1144 4014 sacriﬁciis
1174 3972 1277 4028 pro
1319 3954 1566 4027 peccatis
1612 3955 1817 4010 oblatis
1866 3956 2105 4012 delecta-

522 4052 681 4118 mini,
713 4060 769 4108 et
827 4065 1128 4122 congruam
1195 4049 1542 4105 curationem
1607 4048 1928 4105 labentibus
1988 4065 2100 4106 non

522 4143 850 4209 admovetis,
878 4143 1079 4196 horum
1105 4139 1431 4197 delictorum
1475 4153 1669 4210 pinnas
1700 4139 1928 4206 dabitis,
1969 4142 2103 4198 alie-

520 4239 611 4294 nis
648 4237 902 4307 gentibus
947 4235 1016 4290 ad
1051 4235 1255 4292 czedem
1287 4231 1504 4290 traditi.
1552 4231 1711 4300 Quod
1751 4234 2104 4292 manifestius

519 4325 745 4392 docens,
778 4324 1029 4397 adiungit
1055 4342 1069 4379 :

591 4588 756 4645 Vsus.
779 4589 834 4644 9.
869 4605 888 4640 ι
919 4587 986 4641 Et
999 4588 1105 4643 erit
1125 4586 1277 4644 sicut
1305 4585 1562 4657 populus,
1588 4588 1668 4644 sic
1682 4597 1738 4644 et
1762 4588 2042 4646 sacerdos.
2070 4607 2090 4641 ι

517 4680 576 4737 Id
607 4681 726 4750 esti,
757 4680 1017 4736 similiter
1047 4685 1105 4733 ut
1143 4679 1382 4749 populus
1412 4693 1630 4748 pmnatn
1662 4679 1831 4735 vestri
1865 4679 2097 4735 sceleris

517 4770 822 4835 suﬂ'eretis,
851 4770 984 4840 quia
1033 4770 1224 4840 populi
1287 4771 1638 4826 curationem
1695 4784 1822 4824 cum
1857 4769 2100 4838 recepis-

519 4861 675 4927 setis,
709 4863 764 4916 in
801 4875 1012 4916 summa
1043 4861 1242 4915 inertia
1271 4861 1439 4915 vitam
1469 4859 1844 4925 traducentes,
1877 4874 2096 4915 omnem

521 4950 663 5004 male
695 4949 1014 5004 habentium
1036 4963 1227 5003 curam
1256 4949 1561 5017 abjccistis.
1602 4947 1787 5014 Quare
1816 4948 1932 5002 ait:
1975 4966 1995 5000 ι
2027 4950 2095 5005 Ει

523 5039 758 5094 ulciscar
807 5055 976 5110 super
1011 5055 1108 5098 eos
1166 5040 1286 5096 vias
1333 5054 1574 5096 eorum:
1621 5049 1677 5094 et
1732 5040 2096 5110 cogitationes

520 5127 666 5183 illius
695 5128 920 5184 reddam
967 5129 1037 5184 ei.
1080 5147 1099 5182 ι
1132 5127 1250 5183 Non
1305 5129 1452 5183 enim
1507 5129 1684 5186 solum
1746 5129 1961 5201 1339
1996 5145 2096 5201 pro

587 5319 613 5346 ιι
645 5307 754 5363 lsa.
781 5323 832 5375 ι,
871 5310 925 5364 l.

2217 1939 2343 2003 τοὺς
2379 1941 2444 1994 ἐκ
2479 1941 2685 2013 ταύτης
2707 1944 3032 2016 φυομένους.
3077 1947 3248 2002 Τοῦτο
3287 1949 3398 2020 γὰρ
3425 1950 3522 2003 καὶ
3551 1951 3698 2023 παρά
3720 1953 3792 2024 τῷ

2227 2028 2426 2102 Ἡσαΐᾳ
2447 2034 2793 2106 εὑρίσκομεν.
2813 2055 2832 2088 ι
2853 2037 3012 2092 Ποῖον
3027 2038 3156 2111 γὰρ,
3181 2042 3339 2112 φησι,
3357 2041 3588 2096 τοῦτοτὺ
3604 2043 3790 2112 βιϐλίον

2215 2119 2310 2172 τοῦ
2343 2121 2672 2179 ἀποστασίου
2697 2129 2795 2198 τῆς
2811 2129 3015 2200 μητρὸς
3049 2129 3205 2200 ὑμῶν
3229 2150 3246 2197 ;
3271 2149 3290 2182 ι
3317 2162 3386 2174 -
3409 2151 3427 2184 ι
3453 2133 3666 2206 Ἐπειδὴ
3689 2137 3790 2189 τοί-

2217 2229 2336 2277 νυν,
2370 2217 2525 2284 φησὶ,
2541 2219 2636 2271 καὶ
2653 2221 2719 2273 σὺ
2737 2220 3031 2288 ἐπίγνωσιν
3049 2221 3587 2296 ἀπώσω,ἁπώσομαί
3617 2244 3673 2280 σε
3700 2227 3791 2281 κά-

2216 2305 2321 2374 γὼ,
2343 2306 2437 2360 τοῦ
2469 2310 2543 2380 μὴ
2561 2310 2608 2342 ⁸⁸
2635 2311 2935 2381 ἱερατεύειν
2955 2329 3067 2384 μοι’
3087 2315 3182 2368 καὶ
3197 2315 3391 2387 ἐπειδὴ
3419 2317 3682 2372 ἐπελάθου
3705 2317 3788 2372 τοῦ

2214 2398 2382 2467 νόμου
2425 2400 2522 2452 τοῦ
2549 2401 2684 2454 Θεοῦ
2719 2420 2818 2456 σου
2844 2443 2860 2469 ,
2897 2403 3058 2472 κάγὼ
3087 2406 3427 2478 ἐπιλήσομαι
3457 2408 3570 2462 τῶν
3599 2409 3789 2463 τέκνων

2217 2503 2332 2541 σου.
2375 2507 2393 2540 ι
2426 2491 2535 2544 Καὶ
2565 2491 2781 2557 δεικνὺς
2809 2496 3145 2566 σαφέστερον
3172 2498 3274 2568 τήν
3302 2515 3368 2552 τε
3409 2499 3615 2554 οἰκείαν
3646 2501 3788 2571 εὐερ-

2215 2579 2428 2648 γεσίαν,
2463 2581 2559 2635 καὶ
2581 2581 2681 2654 τὴν
2724 2585 2952 2640 ἐκείνων
2976 2586 3405 2658 ἀγνωμοσύνην,

2284 2669 2351 2734 ζ’.
2384 2689 2403 2722 ι
2435 2672 2592 2726 Κατά
2625 2673 2686 2727 τὸ
2715 2674 2923 2746 πλῆθος
2951 2677 3156 2742 αὐτῶν,
3183 2679 3354 2748 φησιν
3372 2719 3388 2743 ,
3435 2680 3608 2744 οὓτως
3629 2681 3791 2751 ἥμαρο

2211 2765 2305 2818 τόν
2363 2783 2474 2836 μοι.
2534 2786 2554 2821 ι
2627 2768 2772 2836 Ἐγὼ
2829 2767 2934 2840 μὲν
2989 2769 3101 2840 γὰρ
3181 2770 3398 2834 αὐτοὺς
3456 2771 3789 2842 παμπληθεῖς

2212 2853 2490 2925 ἀπέφηνα.
2536 2858 2691 2912 αὐτοὶ
2732 2859 2790 2912 δὲ
2841 2859 3293 2930 παρανομοῦντες
3327 2863 3420 2926 εἰς
3454 2863 3557 2935 ἐμὲ
3581 2862 3786 2917 διετέλε-

2215 2962 2337 3001 σαν.
2368 2948 2462 3002 Διὸ

2282 3044 2353 3112 η’.
2417 3062 2436 3095 ι
2485 3043 2597 3115 Τήν
2641 3043 2800 3109 δόξαν
2857 3044 3038 3099 αὐτῶν
3110 3045 3192 3108 εἰς
3263 3044 3500 3117 ἀτιμίαν
3546 3045 3779 3116 θήσομαι.

2223 3135 2524 3206 ’Δμαρτίας
2578 3135 2710 3188 λαοῦ
2765 3153 2867 3205 μου
2918 3137 3202 3205 φάγονται,
3256 3137 3350 3191 καὶ
3404 3140 3464 3193 ἐν
3515 3140 3634 3202 ταῖς
3682 3135 3781 3190 ἀδι-

2209 3225 2357 3289 κίαις
2407 3226 2589 3279 αὐτῶν
2617 3225 2880 3297 λήψονται
2925 3227 3107 3282 laci."
3149 3227 3247 3292 τὰς
3300 3228 3490 3300 ψυχὰς
3539 3228 3724 3283 αὐτῶν.
3755 3244 3771 3277 i

2221 3316 2366 3369 Ἀντὶ
2392 3317 2508 3382 τοῦ,
2541 3317 2813 3388 θεριοῦσιν
2841 3312 2921 3381 οἷς
2948 3313 3282 3386 ἐσπάρκασι,
3313 3326 3418 3372 καὶ
3448 3321 3554 3372 τῶν
3583 3315 3775 3371 οἰκείων

2207 3409 2698 3480 πλημμελημάτων
2756 3410 3093 3480 τρυγήσουσι
3137 3409 3266 3473 τοὺς
3324 3409 3600 3482 καρπούς.
3633 3405 3774 3468 Τινὲς

2205 3501 2264 3556 δέ
2292 3519 2425 3570 φασι
2479 3503 2576 3556 καὶ
2619 3502 2748 3565 τοὺς
2805 3502 2986 3574 ἱερέας
3025 3501 3114 3555 διά
3160 3501 3367 3555 τούτων
3420 3498 3770 3554 αἰνίττεσθαι⁶

2206 3594 2396 3664 ἐπειδὴ
2424 3594 2532 3647 τῶν
2561 3593 2704 3663 ὑπὲρ
2733 3593 3152 3664 ἁμαρτημάτων
3177 3592 3274 3645 καὶ
3301 3591 3774 3664 πλημμελημάτων
3878 3606 3881 3609 ·

2207 3684 2671 3756 προσφερομένων
2709 3683 2910 3737 θυσιῶν
2952 3682 3197 3754 φανεράν
3228 3699 3350 3736 τινα
3409 3687 3602 3755 μοῖραν
3648 3677 3773 3735 κατά

2207 3777 2374 3846 νόμον
2444 3775 2785 3845 ἐλάμϐανον,
2846 3777 2944 3829 καὶ
2997 3775 3203 3845 ταύτης
3277 3776 3643 3840 ἀπολαύοντες
3687 3772 3772 3841 τῆς

2209 3866 2509 3938 θεραπείας
2565 3866 2863 3937 διελέγχειν
2912 3868 3014 3922 οὐκ
3056 3866 3347 3936 ἠϐούλοντο
3383 3871 3512 3933 τοὺς
3559 3863 3772 3934 πονηρίᾳ

2207 3957 2514 4023 συζῶντας·
2537 3959 2728 4012 τούτου
2749 3958 2909 4030 χάριν
2934 3957 3261 4026 ἀγανακτῶν
3313 3959 3453 4022 Θεὸς
3471 3998 3486 4022 ,
3547 3955 3771 4024 Ἐπειδὴ,

2206 4049 2379 4119 φησι,
2436 4051 2560 4111 ταῖς
2613 4049 2713 4118 μὲν
2769 4047 2910 4120 ὑπὲρ
2961 4049 3252 4119 ἁμαρτιῶν
3310 4045 3770 4120 προσφερομέναις

2206 4143 2514 4213 ἐντρυφᾶτε
2537 4140 2773 4205 θυσίαις,
2800 4141 2900 4210 τὴν
2925 4139 2984 4193 δέ
3009 4141 3398 4212 προσήκουσαν
3423 4143 3537 4204 τοῖς
3557 4137 3769 4192 πταίου-

2208 4248 2293 4284 σιν
2322 4231 2384 4284 ού
2421 4231 2764 4303 προσφέρετε
2803 4231 3119 4302 θεραπείαν,
3168 4231 3278 4284 τῶν
3326 4231 3556 4286 ἀδικιῶν
3583 4227 3768 4282 τούτων

2205 4323 2408 4376 δώσετε
2439 4323 2600 4386 δίκας
2623 4363 2637 4386 ,
2677 4320 2998 4388 ἀλλοφύλοις
3035 4320 3243 4374 ἔθνεσιν
3273 4322 3356 4384 εἰς
3394 4319 3608 4391 σφαγὴν
3635 4314 3767 4370 ἐκδο-

2206 4414 2410 4478 θέντες.
2469 4414 2584 4468 Καὶ
2649 4412 2810 4467 τοῦτο
2863 4413 3132 4466 διδάσκων
3189 4411 3566 4484 σαφέστερον,
3622 4405 3766 4467 εὐθὺς

2134 4519 2181 4577 ι’)
2206 4506 2454 4576 ἐπήγαγε
2472 4519 2486 4533 ·

2276 4590 2343 4642 θ’.
2373 4610 2391 4641 ι
2429 4589 2540 4643 Καὶ
2568 4588 2721 4642 ἔσται
2755 4588 2942 4652 καθὼς
2991 4591 3020 4643 ὁ
3059 4589 3209 4654 λαὸς,
3248 4589 3424 4652 οὕτως
3452 4587 3607 4643 xui."
3633 4585 3662 4636 ὁ
3703 4582 3768 4636 is-

2207 4681 2352 4752 ρεύς.
2396 4700 2414 4731 ι
2457 4679 2864 4750 Παραπλησίως
2912 4679 3020 4750 γάρ
3072 4680 3150 4748 τῷ
3201 4679 3316 4750 λαῷ
3370 4682 3465 4734 καὶ
3518 4678 3670 4749 ὑμεῖς
3708 4671 3764 4740 τῇ

2203 4772 2446 4842 τιμωρίᾳ
2493 4769 2940 4841 παραδοθήσεσθε
2966 4812 2982 4835 ,
3036 4771 3226 4841 ἐπειδὴ
3280 4770 3376 4824 τοῦ
3406 4769 3537 4824 λαοῦ
3567 4767 3664 4836 τὴν
3693 4763 3762 4814 ἰα-

2203 4859 2392 4930 τρείαν
2431 4859 2862 4929 ἐγχειρισθέντες
2913 4858 3167 4932 ῥαστώνῃ
3207 4860 3477 4925 συζῶν-τες
3527 4851 3763 4923 οὐδεμίαν

2205 4949 2535 5020 ἐποιήσασθε
2571 4950 2680 5002 τῶν
2708 4947 3011 5021 ἀρρώστως
3047 4950 3409 5021 διακειμένων
3436 4942 3762 5020 κηδεμονίαν-

2202 5039 2294 5094 Διό
2328 5055 2494 5109 φησιν
2518 5055 2532 5070 ο
2559 5057 2577 5091 ι
2617 5039 2925 5109 Ἐκδικήσω
2954 5040 3040 5092 ἐπ’
3069 5041 3267 5105 αὐτοὺς
3287 5041 3334 5074 ⁸⁸
3366 5043 3464 5104 τὰς
3499 5039 3648 5098 ὁδοὺς
3677 5029 3762 5084 αὖ·

2203 5132 2334 5197 τῶν,
2365 5131 2461 5184 καὶ
2493 5129 2563 5184 τά
2612 5129 2895 5185 διαὸούλια
2937 5131 3103 5187 αὑτοῦ
3145 5133 3514 5187 ἀνταποδώσω
3555 5121 3714 5194 αὐτῷ.
3743 5137 3760 5170 ι

1821 5458 2056 5515 VARUE
2094 5458 2486 5518 LECTIONES

591 5621 637 5654 ⁸⁸
665 5620 789 5693 μετ’
848 5621 975 5693 ab}.
1020 5612 1218 5693 Rosius
1257 5618 1358 5693 _ad_
1394 5619 1451 5674 h.
1484 5619 1520 5673 l.
1569 5619 1766 5693 Nostro
1795 5619 2040 5693 tribuit”
2069 5619 2358 5693 lectionem

2409 5622 2546 5692 μετά
2588 5622 2700 5676 σοῦ.
2781 5623 2827 5656 ⁸⁸
2879 5624 2990 5678 καί.
3029 5624 3150 5681 Des.
3205 5625 3258 5678 in
3309 5622 3372 5679 C.
3455 5621 3499 5652 "
3520 5612 3756 5692 inﬁgo.

526 5683 686 5746 lectio
711 5700 796 5746 est
820 5689 1046 5759 γνῶσιν.
1114 5684 1165 5759 ff
1199 5691 1294 5759 μή.
1330 5688 1514 5759 llecte:
1526 5696 1680 5756 juxta
1712 5689 1878 5745 Hebr.
1918 5689 2140 5745 additur
2169 5706 2199 5745 a
2230 5683 2450 5751 Nostro,
2493 5694 2562 5746 ab
2595 5695 2719 5748 aliis
2753 5694 3050 5750 omittitur.
3127 5696 3169 5727 ⁸⁷
3204 5695 3342 5749 λαοί.
3371 5694 3500 5750 llcs.
3528 5692 3582 5744 in
3607 5683 3753 5739 Hebr-

528 5759 572 5790 “
609 5762 722 5816 καί.
746 5754 943 5812 Deerat
978 5758 1032 5809 in
1064 5754 1210 5809 edit.
1232 5754 1422 5824 priori.
1500 5754 1544 5790 ⁸⁵
1577 5759 1697 5814 αὐτ.
1736 5760 1840 5815 Alii
1875 5760 2063 5828 αὐτόν,
2097 5771 2150 5816 et
2185 5761 2386 5818 deinde
2419 5762 2611 5816 αὐτοῦ.
3661 5810 3666 5812 .
