4092 6438
362 385 505 454 1573

1677 386 1759 445 IN
1801 385 1989 446 OSEE
2029 386 2187 446 CAP.
2219 388 2316 447 IV.

3487 395 3626 458 ..574

345 506 430 560 οο
460 520 569 576 γαρ
614 502 775 574 μόνον
808 502 1064 575 πονηρῶν
1108 503 1286 574 ἔργων
1307 543 1322 567 ,
1358 501 1492 556 ἀλλὰ
1535 501 1630 553 καὶ
1659 498 1939 571 λογισμῶν

2048 500 2253 571 iniquis
2307 503 2592 573 operibus,
2627 501 2721 557 sed
2765 510 2819 558 et
2851 517 2954 574 pro
3001 503 3430 575 cogitationibus
3463 508 3626 564 malis

346 596 574 650 ἀτόπων
605 594 840 660 εὐθύνας
875 592 1264 664 εἰσπράξομαι.

427 693 476 741 ι’.
518 706 537 739 ι
573 687 684 742 Καὶ
715 687 1018 757 φάγονται,
1067 687 1162 740 καλ⁵
1214 687 1275 740 ού
1331 686 1406 758 μὴ
1461 684 1872 756 ἐμπλησθῶσιν.
1913 701 1934 734 ι

365 778 675 849 Ἐπάλληλσ
703 819 719 842 ,
767 779 972 848 φησὶν,
1017 778 1202 842 αὐτοῖς
1253 778 1442 844 ἐπάξω
1476 779 1645 842 κακὰ,
1685 777 1940 846 καθάπερ

364 871 470 932 τοῖς
515 867 674 940 κόρον
721 867 891 921 σιτίου
918 868 964 898 ⁹⁰
1019 866 1204 921 λαϐεῖν
1255 869 1357 921 οὐκ
1409 868 1652 921 ἐθέλουσι
1716 865 1941 918 πλείονα

357 957 730 1029 προσφέρεται
793 957 859 1010 τά
911 957 1205 1028 ἐδέσματα.
1263 958 1436 1011 Πάλιν
1502 957 1559 1010 δὲ
1615 955 1796 1010 αὐτῶν
1840 954 1940 1018 τὰς

313 1028 322 1043 ’
357 1028 706 1120 παρανομίας
731 1048 1050 1118 καταλέγει.
1074 1050 1430 1117 οἰνοφλυγίαν
1459 1050 1642 1113 αὐτοῖς
1663 1047 1936 1118 ἐγκαλῶν,

356 1142 451 1192 καὶ
473 1142 571 1209 τὴν
606 1139 713 1192 τῶν
759 1138 994 1193 εἰδώλων
1049 1139 1306 1208 λατρείαν
1331 1157 1346 1172 ο
1396 1140 1600 1210 ταύτην
1635 1139 1742 1209 γάρ
1769 1139 1938 1210 αὐτὴν

353 1230 610 1299 ὀνομάζει
644 1229 950 1298 πορνείαν.
990 1229 1326 1300 Προστίθησι
1370 1231 1425 1283 δὲ
1469 1233 1566 1284 καὶ
1618 1230 1718 1300 τὴν
1771 1247 1942 1284 κατα-

355 1322 618 1390 γέλαστον
657 1322 922 1392 μαντείαν
949 1362 966 1386 ,
996 1321 1301 1386 διδάσκων,
1351 1323 1502 1386 ὅπως
1547 1340 1606 1376 τε
1646 1322 1801 1376 αὐτοὶ
1830 1321 1939 1376 τῶν

355 1415 493 1484 χρᾷν
541 1414 1034 1484 ἐπαγγελλομένων
1091 1414 1488 1480 ἐπυνθάνοντο,
1543 1417 1786 1469 κάκεῖνοι
1831 1411 1938 1469 τίνί

351 1506 544 1575 τρόπῳ
569 1504 668 1565 τὰς
709 1504 1033 1575 ἀποκρίσεις
1064 1505 1366 1559 ἐποιοῦντο.

430 1592 514 1662 ιβ’.
563 1612 582 1645 ι
624 1593 713 1646 Ἐν
742 1593 1088 1662 συμϐόλοις’¹
1119 1594 1248 1665 γὰρ,
1279 1595 1464 1666 φησὶν,
1498 1595 1820 1664 έπηρωτων,
1846 1594 1940 1648 καὶ

349 1685 415 1736 ὲν
451 1683 672 1754 ῥάϐδοις
711 1683 877 1736 αὑτοῦ
911 1684 1258 1754 ἀπήγγελλον
1285 1684 1454 1755 αὐτῷ.
1497 1703 1514 1737 ι
1571 1687 1634 1738 Ol
1661 1685 1770 1755 ,μὲν
1805 1684 1938 1756 γὰρ,

350 1775 518 1844 φησὶ,
560 1774 647 1827 διὰ
681 1775 965 1846 συμϐόλων
990 1775 1152 1832 τινῶν
1207 1776 1396 1848 μαθεῖν
1425 1777 1484 1830 τὸ
1512 1779 1789 1845 πρακτέον
1816 1775 1942 1849 ἐζή-

345 1883 483 1918 τουν
504 1867 548 1896 ⁹¹
574 1883 588 1896 °
623 1868 671 1918 οί
696 1866 753 1919 δὲ
787 1867 1005 1938 ῥάϐδοις
1032 1869 1144 1921 τισὶ
1170 1867 1501 1939 κεχρημένοι
1535 1871 1817 1940 συνεργοῖς
1839 1870 1940 1939 τῆς

348 1957 596 2025 ἀπάτης,
645 1958 994 2026 ἀπήγγελλον
1025 1958 1060 2014 ἀ
1106 1959 1418 2029 ἠϐούλοντο.
1471 1960 1658 2016 Ταῦτα
1700 1962 1756 2014 δὲ
1807 1961 1940 2031 παρ’

347 2047 540 2102 αὐτῶν
571 2049 897 2120 ὲτολμῶντο,
935 2051 1124 2121 ἐπειδὴ
1155 2052 1420 2123 πορνικὴν
1464 2054 1765 2123 ἐκτήσαντο
1800 2052 1941 2121 γνώ-

352 2157 469 2209 μην
497 2157 510 2172 ο
560 2141 796 2210 πνεῦμα
832 2142 940 2214 γὰρ
969 2144 1014 2175 ’³
1064 2144 1344 2212 πορνείας
1382 2144 1482 2216 τὴν
1515 2145 1644 2216 περὶ
1670 2145 1771 2216 τὴν
1804 2163 1940 2218 πορ-

348 2232 508 2285 νείαν
539 2231 586 2262 ’⁸
614 2233 792 2304 ὁρμὴν
825 2233 1103 2306 ὀνομάζει.
1157 2236 1269 2288 Καὶ
1308 2236 1643 2304 σαφέστερον
1675 2237 1942 2291 διδάσκων

348 2323 482 2374 τίνα
520 2323 919 2394 προσαγορεύει
961 2325 1239 2397 πορνείαν,
1295 2326 1547 2398 ἐπήγαγε
1572 2344 1586 2358 ⁸
1647 2346 1666 2379 ι
1695 2328 1807 2382 Καὶ
1850 2327 1940 2392 ἐξ-

352 2415 696 2485 επόρνευσαν
732 2415 841 2468 ἀπὸ
876 2415 971 2469 τοῦ
1002 2415 1137 2469 Θεοῦ
1185 2415 1386 2471 αὐτῶν.
1417 2437 1436 2468 ι
1477 2418 1589 2472 Καὶ
1611 2418 1702 2471 τὸν
1738 2420 1940 2490 τρόπον

357 2505 682 2570 ὑποδεικνύς
707 2521 718 2533 ·

437 2603 524 2664 ιγ’.
569 2615 588 2648 ι
632 2598 754 2651 Ἐπὶ
785 2599 882 2664 τὰς
922 2600 1169 2672 κορυφὰς
1204 2600 1313 2655 τῶν
1358 2601 1529 2673 ὀρέων
1563 2602 1851 2668 έθυσίαζον
1871 2605 1941 2667 ’³,

361 2687 458 2739 καὶ
491 2687 580 2740 ἐπὶ
610 2689 733 2752 τοὺς
765 2689 986 2760 βουνοὺς
1013 2693 1169 2746 ἔθυον
1199 2692 1458 2746 ὑποκάτω
1488 2693 1668 2764 δρυὸς,
1698 2695 1792 2747 καὶ
1817 2694 1943 2748 λεύ-

359 2797 486 2848 κης,
529 2782 622 2834 καὶ
638 2781 860 2854 δένδρου
883 2785 1270 2850 συσκιάζοντος
1293 2803 1307 2818 ο
1339 2787 1423 2839 ὅτι
1467 2787 1632 2840 καλὸν
1671 2789 1872 2858 σκέπη.
1918 2809 1936 2841 ι

371 2871 824 2943 Ἐπιτεοπόμενοι
869 2875 978 2946 γὰρ
1021 2879 1131 2940 τοῖς
1160 2878 1502 2948 ἀμφιλαφέσι
1543 2879 1653 2932 τῶν
1689 2879 1941 2952 δένδρων,

354 2962 418 3013 ού
455 2961 546 3016 τὸν
593 2963 800 3019 τούτων
849 2968 1078 3038 ποιητὴν
1122 2969 1512 3039 προσεκύνουν,
1560 2970 1696 3024 ἀλλά
1736 2971 1945 3036 τούτοις

354 3053 475 3105 ἀντ’
516 3054 727 3107 ἐκείνου
771 3054 872 3120 τὰς
910 3055 1098 3122 θυσίας
1146 3059 1508 3133 προσέφερον.
1567 3055 1647 3116 Ob
1692 3063 1852 3133 χάριν
1874 3065 1942 3131 ³⁸,

2044 606 2237 662 poenas
2263 607 2497 646 sumam.

2117 681 2281 738 Vens.
2315 685 2401 739 i0.
2452 683 2518 738 Et
2567 684 2879 750 comedent,
2915 692 2970 740 et
3028 699 3137 740 non
3170 685 3563 755 implebuntur.
3600 705 3620 738 ι

2041 773 2268 839 Crebra,
2302 776 2504 844 inquit,
2541 776 2650 832 illis
2681 776 2914 831 inferam
2948 778 3122 842 mala,
3157 778 3621 847 quemadmodum

2043 865 2110 920 iis
2138 866 2232 937 qui
2261 867 2456 921 satiari
2490 883 2597 922 non
2631 877 2868 936 possunt
2923 868 3065 923 cibis
3121 868 3279 939 plura
3333 883 3623 940 apponun-

2042 965 2134 1011 tur
2157 957 2460 1013 esculenta.
2490 957 2606 1030 [it]
2634 959 2848 1014 Rursus
2878 968 3060 1016 autem
3084 975 3274 1015 eorum
3303 961 3624 1030 iniquitates

2040 1054 2481 1112 commemorat.‘
2525 1065 2719 1106 eorum
2777 1052 3138 1107 vinolentiam
3189 1050 3509 1114 criminans,
3566 1061 3623 1105 et

2042 1138 2319 1193 idolorum
2350 1139 2586 1205 cultum,
2632 1156 2794 1211 quem
2829 1148 2988 1195 vocat
3039 1141 3466 1210 Iormcationem.
3509 1139 3621 1194 Ad-

2036 1230 2220 1302 jungit
2254 1246 2418 1301 porro
2449 1241 2504 1287 et
2541 1231 2837 1286 ridiculam
2879 1232 3352 1299 vaticinationem,
3386 1234 3618 1296 docens,

2039 1339 2150 1394 quo
2201 1333 2366 1394 pacto
2416 1340 2513 1380 eos
2570 1325 2663 1396 qui
2715 1325 3122 1395 profitebantur
3173 1341 3233 1382 se
3291 1327 3622 1394 vaticinari,

2039 1417 2417 1483 consulerent,
2447 1425 2503 1474 et
2535 1418 2613 1474 illi
2652 1418 2842 1490 aliquo
2886 1418 3054 1474 modo
3097 1433 3367 1488 responsa
3421 1418 3622 1475 redde-

2038 1514 2186 1563 rent.

2112 1598 2280 1657 Vens.
2310 1601 2396 1655 12.
2447 1619 2466 1652 ι
2512 1601 2618 1656 Per
2645 1601 2898 1671 auguria,
2939 1600 3144 1670 inquit,
3182 1601 3621 1671 interrogabant,

2040 1697 2097 1746 et
2131 1705 2228 1760 per
2258 1691 2442 1762 virgas
2473 1707 2602 1747 suas
2635 1690 3046 1746 annuntiabaut
3078 1692 3151 1745 ei.
3186 1709 3204 1740 ι
3236 1689 3454 1744 Etenim
3499 1690 3620 1750 alii,

2047 1784 2250 1854 inquit,
2280 1798 2382 1852 per
2441 1782 2670 1854 auguria
2714 1783 2965 1851 quaedam
3007 1797 3129 1852 quae
3163 1788 3352 1836 essent
3410 1781 3624 1851 agenda

2041 1875 2428 1943 exquirebant,
2465 1874 2558 1928 alii
2610 1873 2782 1945 virgis
2817 1873 3158 1943 quibusdam
3209 1873 3425 1928 fraudis
3457 1872 3619 1940 adju-

2043 1967 2277 2023 tricibus
2311 1973 2554 2031 utentes,
2591 1982 2715 2037 qua:
2764 1967 3028 2022 volebant
3073 1966 3459 2021 enuntiabant.
3495 1964 3624 2021 Haec

2043 2064 2226 2112 autem
2259 2070 2357 2125 per
2386 2071 2445 2111 se
2487 2054 2787 2120 audebant,
2823 2055 2970 2125 quod
3008 2055 3253 2109 animum
3308 2054 3375 2110 ad
3439 2053 3621 2109 forni~

2044 2146 2319 2202 cationem
2359 2161 2695 2217 prOpeusum
2751 2147 3048 2201 baberent.
3084 2145 3346 2215 Spiritum
3388 2146 3621 2216 fornica-

2046 2238 2204 2291 tionis
2229 2237 2376 2293 enim
2412 2245 2571 2291 vocat
2600 2251 2864 2305 magnum
2921 2236 3308 2291 fornicationis
3352 2235 3622 2290 studium.

2046 2328 2111 2382 Et
2142 2328 2391 2398 apertius
2415 2328 2621 2385 docens
2641 2367 2656 2392 ,
2686 2343 2986 2398 quamnam
3044 2327 3467 2383 fornicationem
3527 2343 3623 2398 apo

2047 2421 2232 2490 pellet.
2286 2419 2573 2488 subjuuxit
2608 2434 2621 2470 :
2663 2436 2682 2470 ι
2723 2419 2792 2474 Et
2842 2417 3104 2472 fornicati
3138 2427 3270 2472 sunt
3315 2432 3346 2472 a
3387 2417 3626 2472 Domino

2046 2528 2170 2569 suo.
2212 2532 2230 2564 ι
2270 2511 2348 2565 Ac
2374 2512 2596 2566 modum
2623 2511 2873 2567 ostendit
2903 2529 2916 2542 ο

2116 2603 2280 2658 Vens.
2313 2603 2400 2656 i3.
2436 2622 2454 2655 ι
2485 2601 2541 2657 In
2577 2603 2882 2658 verticibus
2901 2609 3178 2658 montium
3211 2601 3624 2669 sacriﬁcabant,

2045 2705 2094 2750 et
2120 2696 2172 2748 iu
2205 2694 2442 2749 collibus
2483 2693 2850 2748 immolabant
2884 2693 2986 2748 sub
3019 2708 3259 2763 quercu,
3293 2701 3347 2748 et
3395 2693 3620 2762 populo,

2045 2793 2099 2838 et
2137 2783 2338 2837 arbore
2371 2784 2628 2838 umbrosa
2668 2801 2681 2836 :
2715 2783 2842 2853 quia
2903 2783 3106 2837 bonum
3149 2793 3269 2836 erat
3325 2783 3622 2837 umbracu-

2047 2877 2183 2931 lum.
2223 2895 2240 2926 ι
2278 2876 2636 2931 Obloctantes
2687 2876 2836 2929 enim
2882 2890 2944 2930 se
2983 2874 3278 2930 arboribus
3312 2874 3622 2936 umbrosis,

2047 2984 2156 3022 non
2194 2967 2386 3021 harum
2415 2975 2721 3022 creatorem
2761 2967 3188 3034 venerabantur,
3225 2967 3318 3022 sed
3350 2966 3469 3037 ejus
3505 2968 3624 3020 loco

2047 3060 2328 3117 sacriﬁcia
2371 3060 2488 3115 illis
2526 3059 2853 3114 oli‘erebant.
2917 3059 3028 3132 [Η]
3069 3058 3378 3125 Quocirca,
3421 3059 3623 3130 inquit,

356 3143 548 3215 φησὶν,
599 3146 857 3218 οὐδεμιᾶς
907 3149 1040 3218 παρ’
1085 3149 1221 3219 ἐμοῦ
1268 3149 1522 3217 τεύξεσθε
1575 3153 1937 3224 προμηθείας,

2047 3153 2255 3206 nullam
2291 3159 2537 3206 vestrum
2576 3151 2788 3222 1330
2818 3166 3010 3206 curam
3054 3152 3290 3215 habebo,
3328 3167 3508 3222 neque
3564 3151 3615 3205 lio

354 3236 469 3290 τῶν
494 3236 806 3309 θυγατέρων
831 3239 984 3310 ὑμῶν
1004 3241 1100 3294 καὶ
1121 3241 1230 3294 τῶν
1259 3242 1486 3313 νυμφῶν
1513 3245 1807 3314 προφανῶς
1834 3247 1938 3300 ὑπὸ

2044 3241 2244 3294 liarum
2276 3250 2610 3306 vestrarum,
2636 3256 2813 3310 neque
2863 3255 3200 3310 sponsarum
3245 3241 3424 3312 palam
3461 3241 3622 3295 vitia-

353 3329 466 3382 τῶν
500 3329 764 3386 ἐπιόντων
794 3331 925 3400 ὑμῖν
964 3332 1241 3404 πολεμίων
1274 3337 1699 3404 μοιχευομένων.
1729 3339 1797 3390 ’Ἀ
1830 3339 1940 3408 γὰρ

353 3421 598 3492 κρύϐδην
623 3424 756 3494 παρ’
789 3423 942 3491 ὑμῶν
965 3425 1251 3496 ἐτολμᾶτε,
1277 3426 1448 3480 ταῦτα
1478 3427 1786 3494 ἀναφανδὸν
1809 3446 1941 3496 συγ-

353 3512 596 3582 χωρήσω
634 3513 910 3581 γενέσθαι.
954 3515 1139 3569 Ταῦτα
1157 3517 1201 3548 ⁸⁷
1232 3517 1342 3588 γὰρ
1377 3519 1754 3588 προεδήλωσεν
1776 3519 1822 3550 ’⁸
1859 3520 1940 3573 εί-

357 3603 546 3675 ρηκώς
564 3619 579 3635 '
619 3622 638 3655 ι
664 3603 788 3657 Ὅτι
823 3605 919 3657 καὶ
944 3605 1102 3659 αὐτοὶ
1131 3607 1269 3677 μετά
1310 3607 1525 3678 πορνῶν
1555 3610 1938 3681 συνεφύροντο,

358 3694 500 3762 μετά
527 3694 574 3727 θ’
616 3695 727 3750 τῶν
776 3696 1178 3768 τετελεσμένων
1233 3698 1389 3753 ἔθυον
1415 3739 1430 3765 ,
1495 3700 1590 3754 καὶ
1645 3700 1774 3766 λαὸς
1827 3703 1889 3755 οὑ
1921 3703 1938 3735 ¹

360 3783 558 3838 συνιὼν
584 3786 942 3842 συνεπλέκετο
971 3789 1110 3860 μετά
1139 3789 1363 3860 πόρνης.
1395 3809 1413 3842 ι
1445 3792 1741 3859 Πορνείαν
1762 3791 1941 3848 τοίνυν

364 3873 498 3926 ποτὲ
535 3876 629 3944 μὲν
655 3877 750 3948 τὴν
785 3879 1102 3945 ἀκολασίαν,
1144 3881 1275 3934 ποτὲ
1313 3881 1370 3934 δὲ
1403 3882 1500 3953 τὴν
1537 3882 1796 3938 ἀσέϐειαν
1821 3885 1941 3939 ὀνο-

370 3963 532 4030 μάζει
559 3983 573 3996 ·
615 3970 1076 4040 τετελεσμένους
1111 3971 1168 4025 δὲ
1211 3971 1369 4026 καλεῖ
1402 3975 1530 4036 τοὺς
1575 3974 1646 4028 τά
1678 3978 1777 4046 τῆς
1815 3975 1943 4030 ἀσε-

363 4053 516 4121 ϐείας
545 4057 704 4130 ὄργια
736 4063 1142 4133 μεμυημένους.
1175 4063 1444 4136 Καθάπερ
1482 4065 1592 4136 γὰρ
1620 4069 1783 4138 ήμεῖς
1815 4069 1943 4134 τοὺς

355 4147 469 4200 τῶν
501 4148 658 4204 θείων
687 4155 1002 4224 μυστηρίων
1026 4153 1358 4224 ἠξιωμένους
1393 4156 1649 4222 πιστοὺς
1677 4158 1940 4228 ὀνομάζο-

359 4257 486 4310 μεν,
524 4240 667 4295 οὓτω
710 4245 1128 4316 τετελεσμένους
1170 4244 1454 4316 ὠνόμαζον
1499 4247 1780 4318 Ἕλληνες,
1815 4248 1942 4313 τοὺς

354 4331 751 4405 ἀκριϐέστερον
779 4335 1194 4406 δεδιδαγμένους
1232 4337 1332 4406 τὴν
1363 4337 1632 4409 σφετέραν
1662 4338 1937 4396 ἀσέϐειαν.

354 4423 544 4488 Οὕτως
578 4425 760 4490 αὺτοῖς
796 4426 1121 4498 ἀπειλήσας,
1159 4426 1319 4481 πάλιν
1360 4427 1702 4501 προσφέρει¹
1736 4429 1940 4502 παραίο

349 4532 413 4569 νε
420 4531 522 4570 σιν.

429 4607 510 4662 ιε’.
557 4627 576 4660 ι
605 4609 677 4662 Σὺ
709 4609 786 4674 δὲ,
841 4608 1081 4680 Ἰσραὴλ,
1129 4609 1206 4680 μὴ
1235 4610 1441 4678 ἀγνόει,
1488 4610 1583 4664 καὶ
1629 4609 1821 4677 Ἰούδα,
1860 4611 1936 4684 μὴ

350 4700 739 4772 εἰσπορεύεσθε
770 4702 850 4764 είς
875 4701 1145 4769 Γάλγαλα,
1171 4701 1266 4755 καὶ
1293 4701 1368 4773 μὴ
1396 4703 1714 4757 ἀναϐαίνετε
1738 4705 1818 4769 είς
1846 4704 1938 4758 τὸν

347 4786 499 4844 οἶκον
527 4791 678 4856 Ὢν⁹,
712 4792 808 4844 καὶ
839 4791 915 4862 μὴ
944 4790 1173 4861 ὀμνύετε
1207 4791 1384 4857 ζῶντα
1415 4792 1638 4864 Κύριον.
1671 4813 1689 4844 ι
1732 4793 1804 4846 Τὸ
1835 4774 1955 4848 ὀν’

346 4882 523 4951 ὄνομά
551 4883 668 4936 ὲστι
693 4881 788 4934 τοῦ
820 4881 1039 4935 εἰδώλου
1070 4883 1164 4935 τοῦ
1200 4885 1256 4936 ὲν
1292 4882 1496 4951 Βαιθήλ
1529 4899 1541 4912 ·
1598 4884 1659 4937 οὐ
1694 4885 1825 4956 γάρ,
1861 4884 1936 4950 ὥς

344 4990 496 5036 τινες
546 4973 838 5036 ὑπέλαϐον,
885 4971 1025 5026 τδνδ
1066 4973 1262 5027 ἀΐδιον
1300 4974 1614 5045 ἑρμηνεύει,
1664 4975 1930 5042 τουτέστι,

347 5064 440 5117 τὸν
458 5064 586 5118 ὄντα
605 5083 618 5097 ·
647 5066 762 5120 ἀλλ’
793 5064 1080 5137 Ἐϐραῖκόν
1099 5065 1266 5129 ἐστιν,
1286 5067 1383 5135 οὐχ
1410 5065 1718 5135 Ἑλληνικὸν
1739 5067 1931 5136 ὄνομα.

346 5155 520 5211 Τοῦτο
554 5157 611 5211 δὲ
642 5157 827 5228 σαφῶς
871 5159 1023 5229 ἡμᾶς
1071 5157 1167 5211 καὶ
1206 5158 1257 5210 οἱ
1297 5155 1474 5210 λοιποὶ
1502 5157 1602 5228 τῆς
1650 5157 1931 5229 Ἐϐραῖδος

1968 4511 2015 4569 D

2041 3338 2224 3384 tarum
2283 3329 2352 3384 ab
2394 3328 2784 3384 invadentibus
2826 3343 2923 3384 vos
2978 3329 3240 3384 inimicis.
3289 3329 3421 3394 Qua:
3472 3330 3621 3384 enim

2041 3422 2183 3476 clam
2215 3429 2269 3474 et
2301 3421 2522 3476 occulte
2576 3421 2722 3490 apud
2772 3435 2871 3474 vos
2925 3421 3234 3484 audebatis,
3271 3420 3384 3475 lucc
3441 3419 3621 3489 palam

2044 3513 2160 3567 ﬁeri
2197 3512 2543 3582 permittam.
2582 3510 2702 3565 Hoc
2745 3510 2894 3566 enim
2947 3511 3212 3579 ostendit,
3261 3525 3384 3564 cum
3438 3510 3618 3564 dixit:

2046 3624 2066 3658 ι
2097 3604 2368 3672 Quoniam
2401 3603 2508 3674 ipsi
2547 3619 2672 3658 cum
2702 3601 3095 3658 meretricibus
3127 3603 3534 3664 miscebantur,
3566 3611 3623 3656 et

2043 3713 2170 3753 cum
2203 3696 2442 3752 initiatis
2473 3695 2878 3750 immolabant:
2920 3702 2976 3750 et
3019 3695 3260 3764 populus
3301 3708 3408 3748 non
3457 3693 3622 3747 intel-

2043 3790 2221 3860 ligens
2243 3787 2561 3844 adhaerebat
2591 3787 2892 3842 meretrici.
2938 3807 2955 3838 ι
2986 3785 3422 3840 Fornicalionem
3455 3785 3624 3855 igitur

2043 3881 2328 3936 interdum
2367 3881 2608 3950 appellat
2665 3879 3168 3942 incontinentiam,
3209 3880 3480 3932 interdum
3519 3877 3623 3930 im-

2043 3974 2328 4045 pietatem.
2355 3971 2611 4028 Initiatos
2643 3982 2809 4027 vocat
2839 3972 3016 4026 sacris
3048 3972 3357 4039 impietatis
3380 3971 3622 4024 imbutos

2041 4072 2098 4120 et
2153 4063 2487 4119 instructos.
2547 4061 2685 4116 Nam
2711 4063 2857 4117 sicut
2910 4078 3010 4116 nos
3075 4061 3279 4116 divinis
3337 4061 3620 4130 mysteriis

2041 4166 2271 4211 ornatos
2306 4153 2488 4223 ﬁdeles
2520 4167 2810 4217 vocamus,
2847 4153 2923 4206 ita
2958 4151 3133 4207 Graeci
3171 4152 3406 4220 gentiles
3432 4152 3620 4204 initia-

2044 4256 2125 4302 tos
2157 4245 2521 4299 nominarunt
2543 4243 2799 4298 exactius
2822 4241 2889 4296 ad
2932 4257 3088 4298 suam
3141 4241 3478 4311 impietatem
3532 4239 3627 4314 insi

2043 4336 2295 4398 stitutes.
2325 4332 2441 4388 Hoc
2482 4331 2647 4387 modo
2672 4331 2782 4387 illis
2809 4323 3182 4388 comminatus
3203 4371 3219 4396 ,
3258 4346 3456 4386 rursus
3485 4347 3620 4384 con-

2044 4429 2370 4487 solationem
2404 4425 2651 4480 adhibet.

2110 4610 2278 4665 Vens.
2312 4609 2402 4664 i5.
2449 4627 2468 4661 ι
2503 4608 2584 4663 Tu
2646 4613 2852 4673 autem,
2888 4606 3076 4671 lsrael,
3108 4621 3179 4663 ne
3238 4606 3480 4677 ignores,
3539 4613 3616 4669 et,

2041 4702 2205 4768 Juda,
2237 4701 2411 4756 nolite
2453 4701 2670 4770 ingredi
2722 4701 2776 4753 in
2852 4699 3099 4770 Galgala,
3151 4714 3255 4753 ncc
3305 4699 3618 4753 ascendatis

2042 4797 2096 4850 in
2121 4794 2344 4850 domum
2377 4793 2483 4857 On,
2516 4801 2572 4848 et
2605 4809 2675 4848 ne
2699 4791 2902 4862 juretis
2953 4807 3050 4862 per
3102 4793 3372 4846 viventem
3431 4789 3617 4844 Domi-

2041 4901 2194 4941 num.
2237 4905 2255 4935 ι
2288 4883 2371 4939 οη
2411 4900 2608 4939 nomen
2637 4894 2721 4938 est
2744 4883 2874 4936 idoli
2926 4882 2982 4936 in
3023 4881 3261 4936 Bethel:
3301 4896 3412 4934 non
3443 4880 3614 4943 enim.

2041 4987 2100 5031 ut
2123 4975 2348 5046 quidam
2397 4975 2608 5045 opinati
2655 4981 2806 5037 sunt,
2868 4974 3246 5042 sempiternum
3304 4971 3617 5043 signiﬁcat,

2040 5070 2143 5123 hoc
2167 5078 2275 5131 est,
2304 5068 2668 5123 exsistentem
2703 5085 2717 5121 :
2743 5065 2836 5122 sed
2867 5066 3203 5121 ilebraicum
3242 5074 3327 5120 est
3379 5081 3578 5120 nomen
3600 5107 3614 5130 ,

2037 5176 2148 5214 non
2203 5157 2478 5213 Graecum.
2533 5156 2647 5210 Hoc
2697 5157 2860 5226 plane
2905 5170 3007 5210 nos
3053 5154 3365 5210 docuerunt
3419 5155 3618 5225 reliqui

1652 5293 1887 5348 VARle
1920 5290 2306 5349 LECTIONES

413 5434 460 5465 ⁹⁰
491 5431 533 5487 C
566 5430 775 5484 σιτίων.
848 5429 892 5461 ⁶¹
928 5427 1095 5530 συμϐ.
1127 5425 1293 5482 Grab.
1326 5424 1681 5497 συμϐουλαῖς.
1723 5424 1903 5480 Minus
1931 5433 2100 5482 recte.
2177 5425 2222 5457 ”
2257 5423 2298 5478 C
2333 5421 2652 5491 ἐπεζήτουν.
2723 5421 2772 5452 ⁹³
2812 5419 2940 5492 γάρ.
2972 5418 3100 5474 Des.
3131 5417 3188 5473 in
3221 5417 3284 5474 (Ξ.
3375 5418 3422 5451 ’⁸
3451 5437 3608 5490 πορν.

413 5517 575 5530 ...η-..η
631 5500 888 5530 --.ως-η...
971 5500 991 5530 ο
1048 5498 1106 5530 sn
1165 5496 1204 5530 ρ
1240 5497 1381 5530 ...ιλιι
1417 5496 1550 5530 ηιςηηῖ
1604 5497 1698 5530 ειμι
1726 5496 1794 5530 ..ιι
1823 5498 1926 5530 ε)Ιῖσι
1960 5511 2122 5530 τηου-1
2226 5495 2272 5527 ac
2296 5489 2356 5530 σιτ.
2385 5495 2490 5530 νᾶη
2573 5509 2606 5530 ν
2657 5509 2688 5530 η
2732 5491 2758 5530 ἱ
2817 5490 2890 5530 Ιαῖιν
2922 5505 3061 5530 mira,
3105 5490 3170 5530 is
3217 5489 3332 5530 ham
3365 5498 3588 5530 nciam

341 5503 382 5558 (Σ
412 5517 600 5572 prtem.
631 5500 991 5572 conﬁsum“)

1047 5498 1128 5551 ὲθ.
1165 5496 1207 5551 C
1238 5489 1572 5566 addit'cpqsi,
1604 5497 1698 5551 Sed
1724 5496 1794 5550 ab
1823 5498 1927 5550 alia
1960 5511 2148 5550 manu.
2226 5495 2272 5566 ξ’
2296 5489 2356 5566 ob
2385 5489 2537 5566 χάρ..
2573 5509 2629 5545 κ.
2657 5509 2706 5544 τ.
2732 5489 2899 5566 ληΕιι
2922 5490 3192 5566 vergit,
3216 5489 3333 5566 bac
3365 5489 3612 5566 exstant.

339 5557 536 5641 supra,
575 5583 613 5624 t.
652 5572 692 5634 I,
723 5557 855 5641 pag:
881 5567 1006 5641 1‘50.
1040 5569 1152 5622 Οὐκ
1194 5557 1568 5641 ἐπισκέψομαι
1601 5567 1696 5641 trgi
1726 5566 1840 5641 _1:_&;
1884 5566 2190 5641 θυγατέρας
2230 5557 2564 5641 ὑμιῖξνξὸταν
2609 5561 2976 5641 πορνεύσωσι,
3005 5560 3109 5641 καὶ.
3145 5559 3238 5641 Eni
3265 5557 3364 5620 τὰς
3394 5557 3612 5641 νύμφας

337 5637 518 5712 ὑμῶν,
556 5642 688 5695 ὅταν
725 5637 1114 5712 μοιχεύσωσιν.
1215 5637 1260 5669 ’⁷
1296 5639 1336 5691 (2
1375 5637 1556 5712 τοῦτο.

1652 5637 1698 5668 ⁹¹¹
1726 5626 1835 5690 Id;
1859 5626 2280 5707 παρεδήλωσὲνξ
2338 5626 2570 5707 "merci.
2609 5626 2746 5707 Ibid.
2789 5645 2988 5707 prtem.
3183 5639 3239 5682 ut
3268 5627 3409 5697 apud
3429 5626 3610 5707 .ILXX.

340 5715 355 5746 ⁸
378 5697 483 5764 ὀύ.
505 5697 619 5791 'Alii
727 5697 1190 5791 fail.:garticiilam
1218 5707 1692 5791 negat.__o’niittunt
1721 5707 1834 5768 alii,
1872 5697 1968 5791 sed
2001 5697 2329 5791 perper-arri;
2349 5697 2472 5791 ,ξω
2486 5697 3008 5791 Ξιροφλέρειίεοιὶὲιιι)
3035 5701 3139 5791 ξΙῇ
3168 5711 3335 5791 manu
3368 5713 3398 5748 σ
3429 5697 3611 5751 inser-

341 5795 458 5838 tum
489 5789 594 5837 est.
671 5780 691 5811 ³
723 5769 966 5846 λιῖἰὯν,
1000 5779 1094 5834 sed
1126 5780 1228 5848 leg.
1261 5769 1514 5832 esse'ﬂv
1554 5793 1619 5830 ex
1671 5769 2027 5846 sequentibus
2067 5769 2234 5845 patet.
2266 5771 2389 5828 Vid.
2426 5769 2586 5836 infra,
2619 5769 2787 5826 Amos
2825 5786 2861 5834 l,
2898 5769 2949 5824 5.

3051 5766 3246 5822 "Ctd.
