4088 6404
349 424 487 494 1577
1684 431 1759 491 IN

1826 429 2013 492 OSEE
2049 434 2206 492 CAP.
2243 435 2288 494 V

3455 437 3590 502 1578

345 539 558 609 κινήσει
610 537 719 590 τῶν
771 539 986 610 πτερῶν
1034 541 1124 594 τὸν
1168 539 1305 610 ἀέρα
1355 541 1450 592 σὺν
1485 541 1601 610 ήχῳ
1647 541 1754 592 τινὶ
1806 541 1919 594 δια-

2028 556 2206 594 aerem
2239 556 2366 595 aves
2395 557 2518 596 cum
2563 559 2697 598 sono
2728 544 2962 614 quodam
2988 544 3266 600 dissecant
3301 563 3312 598 :
3353 548 3423 601 ita
3454 549 3590 608 haec,

344 628 528 697 τέμνει
557 643 570 658 ·
620 628 792 692 οὑτως
833 631 970 701 αὕτη
1005 626 1117 684 οἷόν
1145 649 1227 694 τις
1258 631 1561 700 ὑπόπτερος
1587 632 1664 694 εἰς
1700 632 1796 702 τὴν
1825 633 1917 685 ἁλ-

345 719 560 789 λοτρίαν
593 720 992 789 ἀπαχθήσεται,
1035 722 1290 794 καθάπερ
1317 723 1464 783 τινὸς
1493 725 1798 794 συστροφῆς
1819 725 1916 794 τῆς

345 806 483 876 ἐμῆς
505 806 674 876 ὀργῆς
702 809 1079 881 ὑποσυρούσης
1109 811 1299 882 αὑτὴν,
1329 815 1491 865 κάκεῖ
1521 813 1726 881 διάγειν
1755 815 1918 881 ἀναγ-

343 897 616 969 καζούσης
643 916 654 928 ·
703 901 962 971 ὑπομενεῖ
987 903 1043 955 δὲ
1077 904 1251 956 ταῦτα
1280 904 1387 956 τῶν
1414 905 1706 959 είδωλικῶν
1733 906 1920 959 θυσια-

346 991 581 1060 στηρίων
612 991 738 1056 τοὺς
765 995 1013 1064 καρποὺς
1049 995 1380 1066 δρεπομένη.

951 1084 1204 1139 ΚΕΦΑΛ.
1242 1086 1317 1139 Ε’.

415 1171 651 1234 Ταύταις
689 1175 868 1226 τοίνυν
894 1179 1016 1238 ταῖς
1052 1177 1308 1242 ἀπειλαῖς
1338 1180 1432 1232 καὶ
1473 1179 1627 1249 ὑμεῖς
1657 1181 1704 1230 οἱ
1756 1181 1920 1250 ἱερεῖς

343 1262 806 1338 προσέχετεηκαὶ
852 1265 997 1329 ἆπας
1023 1267 1078 1318 δὲ
1123 1268 1328 1338 διλαὸς,
1366 1271 1458 1323 καὶ
1502 1271 1738 1333 ἅπαντες
1782 1273 1831 1322 οί
1865 1273 1922 1322 ἐν

347 1355 454 1414 τοῖς
479 1352 774 1422 βασιλείοις
795 1356 1090 1424 διάγοντες,
1112 1335 1220 1423 τδῖς
1243 1361 1346 1414 ὠσὶ
1379 1362 1446 1414 τὰ
1471 1361 1734 1432 εἰρημένα
1763 1378 1923 1430 προσ.

344 1442 584 1507 δέξασθε.
616 1445 760 1497 Διότι
778 1462 790 1476 ο

2024 630 2190 683 veluti
2243 631 2408 695 alata,
2447 631 2502 684 in
2553 633 2790 687 alienam
2830 642 3036 687 terram
3096 633 3419 704 abripietur,
3473 646 3594 689 tan-

2023 735 2187 788 quam
2219 723 2437 776 turbine
2472 724 2709 792 quodam
2740 723 2835 777 irae
2860 739 2992 778 mem
3018 724 3382 780 subtrahente
3414 727 3590 793 illam,
3631 736 3634 739 ‘

2025 813 2210 882 ibique
2241 817 2572 870 commorari
2606 827 2837 886 cogente
2864 836 2876 871 :
2906 818 3020 872 haec
3041 829 3222 873 autem
3251 823 3594 890 perpetietur

2023 920 2086 958 ex
2126 905 2396 960 idolorum
2432 907 2700 962 altaribus
2723 907 2936 964 fructus
2968 911 3104 964 istos
3129 913 3462 980 percipiens.

2647 1088 2873 1143 CAPUT
2910 1090 2974 1144 V.

2097 1174 2174 1249 μ]
2207 1176 2315 1232 Vos
2353 1178 2555 1248 itaque,
2573 1179 2914 1246 sacerdotes,
2950 1183 3017 1236 ad
3069 1185 3167 1238 has
3197 1187 3374 1239 minas
3418 1195 3595 1241 atten-

2024 1264 2152 1326 dite,
2196 1269 2490 1337 (initiisque
2543 1269 2814 1338 populus,
2847 1278 2902 1323 et
2957 1285 3151 1326 omnes
3211 1275 3396 1342 quiin
3449 1277 3597 1346 regia

2025 1359 2190 1410 vitam
2221 1359 2406 1428 agitis,
2437 1360 2672 1415 attentis
2694 1362 2922 1417 auribus
2955 1362 3105 1416 dicta
3139 1366 3418 1435 excipite:

423 1555 440 1584 ι
472 1535 616 1604 Πρὸς
647 1537 793 1605 ὑμᾶς
825 1537 941 1590 ἐστι
969 1538 1028 1591 τὸ
1058 1538 1252 1610 κρῖμα,
1283 1542 1363 1594 ὅτι
1399 1543 1564 1611 παγὶς
1597 1521 1948 1615 ἐγεννήθητει

340 1627 408 1694 τῇ
441 1627 717 1696 exemi”,
748 1627 841 1679 καὶ
866 1628 939 1690 ὡς
965 1629 1179 1683 δίκτυον
1200 1633 1560 1702 ἐκτεταμένον
1588 1635 1678 1687 ἐπὶ
1699 1636 1758 1688 τὸ
1793 1637 1925 1688 Ίτα-

337 1717 530 1786 ϐύριον
549 1719 610 1770 η.
640 1719 753 1787 (β’.)
788 1720 852 1771 Ὅ
874 1720 1198 1789 ἀγρεύοντες
1218 1723 1315 1792 τὴν
1337 1724 1507 1796 Θήραν
1533 1726 1866 1796 κατέπηξαν.
1900 1746 1917 1776 ι

2028 1722 2344 1792 ltabyrium.
2375 1723 2560 1791 (Vens.
2583 1724 2660 1792 ‘2.)
2693 1725 2850 1791 Quod
2881 1728 2978 1795 qui
3002 1728 3248 1796 capiunt,
3278 1729 3487 1799 1333

338 1809 580 1872 Πάντας,
629 1809 815 1878 φησὶν,
869 1812 1014 1880 ὑμᾶς
1060 1813 1151 1865 ἐπὶ
1203 1813 1300 1883 τὴν
1349 1817 1486 1887 ἐμὴν
1535 1816 1647 1882 ἄξω
1701 1819 1920 1886 κρίσιν·

2029 1812 2303 1865 nationem
2340 1810 2669 1866 deﬁxeruut.
2715 1833 2734 1865 ι
2769 1814 2973 1868 Omnes
3008 1831 3128 1879 vos,
3167 1815 3382 1885 inquit,
3421 1818 3473 1870 in
3504 1817 3599 1886 ju—

336 1899 584 1961 ἅπαντες
633 1901 742 1972 γὰρ
791 1902 932 1955 κατά
967 1902 1074 1956 τῶν
1103 1904 1251 1974 ἐμῶν
1298 1907 1594 1976 προφητῶν
1625 1907 1795 1977 μυρία
1825 1907 1922 1960 ὅσα

2029 1903 2234 1957 dicium
2285 1919 2461 1957 meum
2526 1904 2796 1958 adducam
2837 1924 2850 1959 :
2886 1921 3012 1959 nam
3064 1921 3256 1960 omnes
3309 1911 3600 1962 innumera

2101 1556 2119 1587 ‹
2150 1539 2228 1592 Ad
2260 1555 2357 1593 vos
2408 1541 2553 1594 enim
2595 1542 2836 1608 pertinet
2871 1542 3165 1611 judicium,
3217 1545 3311 1615 qui
3368 1547 3599 1616 laqueus

2029 1627 2154 1682 facti
2199 1631 2339 1684 estis
2394 1633 2784 1699 speculationi,
2817 1641 2870 1688 et
2898 1647 3014 1688 rete
3065 1651 3368 1703 expansum
3433 1653 3602 1708 super

337 1991 707 2060 ἐτεκτήνασθε
737 1993 902 2059 κακὰ,
935 1988 1044 2047 οἷόν
1083 2012 1206 2049 τινα
1251 1995 1440 2050 δίκτυα
1471 1999 1593 2050 κατ’
1631 1998 1810 2051 αὐτῶν
1840 1998 1926 2063 ἐξ-

339 2083 642 2146 απλοῦντες
673 2085 770 2148 τὰς
805 2087 1075 2157 ὑμετέρας
1124 2089 1436 2152 ἐπιϐουλὰς.
1485 2090 1580 2142 καὶ
1609 2093 1722 2154 τοῖς
1766 2092 1822 2143 ἐν
1848 2091 1927 2160 τῷ

353 2173 638 2247 Ἰταϐυρίῳ
665 2193 678 2206 ·
734 2176 858 2246 ὸρος
887 2177 942 2230 δὲ
971 2178 1130 2233 τοῦτό
1160 2183 1274 2234 ἐστι
1320 2182 1492 2252 Θήρας
1534 2181 1794 2251 διαφόρου
1827 2199 1925 2252 με-

341 2267 471 2318 στόν
497 2283 510 2294 ο
565 2267 635 2318 τὰ
679 2266 910 2338 θήρας¹⁸
952 2271 1432 2340 καταπηγνύουσιν
1476 2272 1703 2342 ὄργανα,
1744 2290 1925 2344 παρα-

343 2357 591 2426 πλησίως
617 2358 772 2427 ὑμεῖς
795 2358 893 2423 τὰς
931 2361 1032 2430 τῆς
1055 2362 1348 2429 ἐπιϐουλῆς
1389 2363 1651 2416 καττύετε
1680 2363 1926 2434 μηχανὰς

341 2445 488 2498 κατὰ
528 2445 636 2498 τῶν
677 2448 1157 2520 ἀποστελλομένων
1199 2451 1290 2503 ὑπ’
1330 2451 1464 2520 ἐμοῦ
1491 2452 1789 2522 προφητῶν
1827 2452 1927 2521 τῆς

345 2537 620 2608 ὑμετέρας
661 2538 848 2592 ἕνεκεν
885 2540 1179 2611 σωτηρίας.
1224 2541 1492 2595 Σκοπιὰν
1517 2542 1645 2613 γὰρ,
1688 2543 1779 2595 τὸν
1816 2543 1925 2597 τῶν

351 2629 644 2698 προφητῶν
667 2630 1080 2702 προσηγόρευσε
1115 2631 1370 2700 σύλλογον
1395 2649 1408 2664 ·
1450 2633 1546 2686 καὶ
1581 2634 1690 2705 γάρ
1714 2633 1789 2704 τῷ
1828 2636 1925 2688 Ἰε-

347 2720 537 2792 ζεκιὴλ
558 2721 663 2791 ἔφη
686 2738 700 2751 ο
745 2742 762 2774 ι
787 2723 998 2777 Σκοπὸν
1030 2724 1240 2778 δέδωκά
1284 2743 1344 2778 σε
1368 2725 1446 2796 τῷ
1466 2727 1600 2796 οίκῳ
1635 2726 1868 2798 Ἰσραήλ.
1901 2747 1920 2778 ι

344 2810 549 2864 Τούτου
590 2812 750 2882 χάριν
787 2813 922 2882 φησὶ
967 2811 1046 2878 τῷ
1107 2814 1358 2883 Ἐφραῒμ
1387 2815 1484 2868 καὶ
1517 2811 1597 2880 τῷ
1651 2815 1923 2882 Ἰσραὴλ,

343 2903 470 2956 ἀντὶ
515 2902 626 2966 τοῦ,
673 2903 837 2956 παντὶ
875 2903 953 2974 τῷ
985 2904 1097 2975 λαῷ
1131 2906 1229 2976 τὴν
1265 2905 1515 2961 παιδείαν
1551 2905 1756 2994 ἐπάξω.
1806 2906 1926 2970 Ἐξ-

343 2993 640 3063 επόρνευσε
663 2993 792 3065 γὰρ,
827 2995 920 3047 καὶ
942 2995 1175 3068 ἐμιάνθη
1197 2999 1294 3063 τῆς
1318 3000 1458 3070 ἐμῆς
1491 2993 1736 3062 ἀποστάς
1767 2999 1928 3072 θερα-

343 3083 530 3145 πείας.
1220 3135 1230 3150 ,,
1299 3108 1305 3114 -

417 3175 479 3229 δ’.
516 3195 535 3228 ι
565 3177 675 3230 Καὶ
717 3177 818 3230 οὐκ
870 3175 1078 3231 ἔδωκαν
1135 3177 1204 3230 τά
1255 3178 1538 3234 διαϐούλια
1577 3179 1778 3244 αὐτῶν,
1829 3179 1923 3233 τοῦ

344 3269 675 3340 ἐπιπρέψαι
689 3270 826 3340 πρὸς
842 3269 932 3322 τὸν
951 3269 1082 3323 Θεὸν
1096 3270 1275 3325 αὑτῶν
1285 3272 1395 3337 ὅτι,
1422 3272 1642 3343 πνεῦμα
1665 3271 1924 3343 πορνείας

345 3359 496 3413 ἐστὶν
519 3360 565 3391 ¹⁶
617 3361 676 3412 ἐν
729 3360 935 3424 αὐτοῖς,
971 3361 1064 3412 τὸν
1096 3361 1152 3413 δὲ
1177 3361 1380 3432 Κύριον
1409 3363 1511 3416 οὐκ
1541 3363 1877 3430 ἐπέγνωσαν.
1901 3382 1919 3413 ι

344 3453 642 3521 Λογισμοῖς
661 3452 770 3524 γάρ
802 3451 1024 3514 ἀτόποις
1061 3453 1421 3522 χρησάμενοι,
1448 3453 1546 3522 τῆς
1574 3453 1673 3523 μὲν
1693 3453 1926 3524 ἀληθοῦς

345 3545 678 3613 θεογνωσίας
727 3543 1011 3608 ἐξέπεσον,
1048 3547 1115 3614 τῇ
1161 3544 1218 3597 δὲ
1258 3544 1367 3598 τῶν
1399 3544 1634 3598 είδώλων
1659 3544 1926 3614 θεραπείᾳ

345 3634 652 3705 προσέσχον
674 3652 688 3665 ο
730 3633 810 3686 διὸ
858 3634 1069 3688 τίσουσι
1117 3637 1350 3706 ταυτησὶ
1378 3637 1475 3707 τῆς
1499 3636 1712 3708 ὕϐρεως
1741 3637 1919 3701 δίκας,

347 3725 642 3795 προφανῶς
695 3726 929 3795 ὁρῶντες
977 3728 1160 3789 ὁποῖος
1188 3728 1217 3779 ό
1246 3727 1346 3798 τῆς
1372 3728 1653 3792 εὐσεϐείας
1691 3728 1921 3799 καρπός.

348 3815 523 3868 Τοῦτο
557 3817 663 3887 γὰρ
713 3813 896 3872 εἶπεν·
937 3838 954 3870 ι
1003 3819 1097 3881 Εἰς
1151 3819 1442 3889 πρόσωπον
1493 3819 1692 3874 αὑτοῦ·
1743 3821 1839 3873 καὶ
1883 3820 1923 3852 ³⁷

365 3904 585 3975 Ἰσραὴλ
615 3907 709 3960 καὶ
752 3907 992 3980 Ἐφραῒμ
1020 3911 1412 3980 ἀσθενήσουσιν
1443 3913 1500 3965 ἐν
1534 3915 1656 3976 ταῖς
1692 3912 1926 3975 ἀδικίαις

352 3993 534 4046 αὐτῶν
559 4011 571 4024 ⁸
613 3997 704 4049 καὶ
733 3999 1021 4070 ἀσθενήσει
1081 4001 1175 4053 καὶ
1234 4000 1436 4063 Ἰούδας
1493 4003 1610 4070 μετ’
1653 4001 1851 4056 αὐτῶν.
1895 4019 1914 4052 ι

365 4085 580 4158 Ἐπειδὴ
603 4088 802 4142 αίδέκα
836 4092 996 4157 φυλαὶ
1025 4091 1288 4162 πρότερον
1315 4089 1357 4122 ³⁸
1377 4091 1467 4144 τὸν
1493 4092 1923 4161 ἀνδραποδισμὸν

339 4178 447 4234 καὶ
479 4179 576 4250 τὴν
603 4179 846 4234 δουλείαν
869 4183 1188 4253 ὑπέμειναν,
1215 4183 1440 4246 εἰκότως
1467 4183 1646 4236 αὐτῶν
1678 4182 1921 4254 ἐμνήσθη

341 4270 613 4343 πρότερον
634 4273 697 4336 ¹⁹,
733 4274 982 4342 Ἰσραὴλ
1007 4275 1176 4338 αὑτὰς
1204 4276 1297 4328 καὶ
1331 4274 1579 4343 Ἐφραῒμ
1603 4274 1878 4344 ὀνομάσας
1903 4289 1916 4302 ·

335 4361 436 4413 τὸν
462 4361 519 4413 δὲ
564 4362 763 4416 Ἰούδαν
794 4365 1064 4435 ἁρμοδίως
1107 4365 1316 4418 τέθεικε
1367 4365 1704 4427 τελευταῖον,
1733 4365 1923 4435 ἐπειδὴ

341 4453 466 4520 μετ’
494 4452 735 4518 ἐκείνους
757 4455 856 4524 τὴν
906 4455 1282 4525 αίχμαλωσίαν
1327 4456 1640 4526 ὑπέμεινεν.
1674 4451 1809 4509 Εἶτα
1843 4455 1923 4508 δι-

1921 3097 1956 3150 L.

2031 1997 2175 2048 mala
2205 2007 2398 2050 contra
2449 1997 2746 2065 prophetas
2795 2013 2946 2053 meos
2987 1998 3287 2052 machinati
3343 1999 3509 2064 estis,
3547 2009 3598 2054 et

2031 2086 2263 2142 insidias
2313 2097 2529 2142 vestras
2587 2097 2848 2158 tanquam
2908 2091 3045 2145 retia
3102 2092 3346 2161 quaedam
3401 2101 3598 2146 contra

2029 2193 2122 2232 cos
2145 2179 2488 2248 explicuistis
2517 2198 2528 2233 :
2560 2195 2664 2235 nec
2693 2181 2868 2246 aliter,
2904 2197 3068 2252 quam
3112 2183 3204 2252 qui
3261 2182 3313 2236 in
3362 2181 3600 2254 ltabyrio

2030 2277 2237 2334 monte,
2272 2271 2582 2325 venationis
2609 2272 2876 2325 varietate
2906 2272 3091 2340 pleno,
3124 2274 3448 2329 venatorias
3481 2289 3602 2327 nia-

2029 2360 2222 2416 ebinas
2257 2361 2522 2432 defigunt,
2564 2362 2890 2416 insidiarum
2952 2362 3174 2417 fraudes
3207 2363 3474 2418 molin'tini
3507 2365 3603 2418 ad-

2034 2467 2224 2506 versus
2264 2453 2560 2522 prophetas
2607 2462 2805 2507 vestrae
2845 2454 3041 2508 salutis
3082 2469 3250 2508 causa
3287 2470 3316 2507 a
3349 2469 3439 2508 me
3470 2455 3603 2508 mis-

2029 2558 2143 2597 sos.
2210 2541 2636 2612 Speculationem
2705 2547 2850 2598 enim
2923 2547 3316 2615 prophetarum
3395 2555 3598 2600 coetum

2030 2641 2210 2687 vocat.
2246 2631 2523 2687 Ezecltieli
2551 2634 2700 2687 enim
2730 2634 2873 2688 dixit
2911 2652 2924 2688 :
2971 2652 2988 2685 ι
3021 2635 3438 2704 Speculatoretn
3471 2635 3598 2689 dedi

2027 2731 2081 2776 te
2129 2721 2314 2777 domui
2377 2723 2601 2777 lsraelis
2627 2731 2675 2776 ῐ.
2722 2741 2740 2774 ι
2807 2722 2888 2794 [5]
2943 2723 3071 2776 Eam
3127 2725 3198 2778 ob
3262 2739 3376 2778 rem
3427 2724 3598 2778 dicit:

2031 2813 2321 2882 Ephraimo
2354 2822 2404 2867 et
2437 2812 2652 2875 Israeli,
2688 2814 2742 2867 id
2777 2824 2883 2876 est,
2929 2814 3081 2869 omni
3147 2815 3374 2884 populo,
3411 2829 3603 2868 corre-

2028 2905 2265 2960 ctionem
2313 2904 2568 2958 inferam.
2605 2903 2818 2958 Etenim
2879 2904 3194 2960 fornicatus
3233 2914 3318 2960 est
3353 2913 3408 2960 et
3448 2918 3617 2981 com-1

2028 2997 2337 3051 maculatus
2373 3004 2480 3061 est,
2513 3011 2636 3050 cum
2668 2995 2932 3051 defecerit
2956 3011 2986 3049 a
3010 2997 3162 3051 cultu
3199 3012 3342 3054 meo.

2105 3178 2270 3239 Vens.
2301 3179 2352 3232 4.
2398 3197 2415 3229 ι
2461 3178 2524 3232 Ει
2563 3195 2669 3231 non
2697 3177 2967 3233 dederunt
3017 3177 3387 3248 cogitationes
3445 3191 3602 3239 suas,

2032 3279 2094 3324 ut
2130 3277 2540 3324 reverterentur
2591 3269 2659 3324 ad
2714 3267 2885 3320 Deum
2953 3282 3139 3331 suum,
3189 3267 3319 3335 quia
3375 3265 3604 3335 spiritus

2033 3361 2422 3416 fornicationis
2455 3368 2540 3413 est
2581 3359 2634 3411 in
2667 3359 2769 3422 eis,
2800 3357 3092 3411 Dominum
3128 3366 3312 3411 autem
3351 3371 3460 3410 non
3500 3370 3603 3410 co-

2027 3460 2352 3520 gnoverunt.
2399 3469 2417 3502 ι
2469 3449 2605 3502 Nam
2656 3465 2780 3503 cum
2835 3449 3089 3504 absurdis
3165 3448 3603 3519 cogitationibus

2029 3545 2340 3602 uterentur,
2367 3552 2397 3590 a
2431 3553 2557 3591 vera
2598 3537 2694 3590 Dei
2722 3539 2949 3592 notione
2979 3537 3380 3594 aberraverunt
3403 3578 3420 3605 ,
3455 3547 3508 3593 et
3532 3538 3601 3592 ad

2029 3629 2174 3683 idola
2219 3628 2448 3683 colenda
2493 3643 2551 3683 se
2597 3629 2889 3683 dederunt.
2950 3627 3026 3700 [5]
3084 3627 3452 3694 Quamobrem
3503 3645 3604 3698 pro

2031 3722 2131 3774 hac
2155 3722 2490 3776 contumelia
2525 3736 2716 3791 paruas
2751 3721 2861 3776 Deo
2885 3721 3118 3785 dabunt,
3155 3723 3335 3791 palam
3367 3737 3604 3778 cernen-

2031 3821 2132 3877 tes,
2168 3813 2349 3883 qualis
2383 3814 2454 3868 sit
2497 3815 2802 3882 impietatis
2832 3813 3073 3870 fructus.
3106 3814 3220 3868 Hoc
3241 3815 3386 3869 enim
3421 3815 3600 3868 dixit:

2035 3924 2053 3955 ι
2084 3905 2140 3956 In
2175 3904 2376 3959 faciem
2407 3905 2530 3974 ejus
2567 3921 2581 3957 :
2607 3906 2776 3960 Israel
2802 3915 2856 3959 et
2880 3905 3142 3975 prraim
3170 3906 3600 3960 inlirmabuntur

2027 3997 2085 4048 in
2117 3995 2506 4064 iniquitatibus
2551 3997 2688 4059 suis,
2737 4006 2792 4049 et
2845 3996 3216 4050 infirmabitur
3274 3995 3414 4050 Juda
3471 4011 3599 4051 cum

2027 4086 2129 4140 eis.
2170 4103 2188 4136 ι
2223 4085 2362 4149 Quia
2397 4086 2584 4140 decem
2617 4087 2795 4140 tribus
2843 4086 3054 4153 priores
3107 4087 3159 4138 in
3219 4087 3600 4154 captivitatem

2025 4184 2080 4232 et
2121 4177 2444 4230 servitutem
2497 4177 2746 4230 abductze
2780 4176 3018 4240 fuerunt,
3051 4178 3174 4246 jure
3217 4178 3370 4246 prius
3408 4191 3598 4231 carum

2026 4269 2296 4331 meminit,
2357 4265 2532 4322 Israel
2584 4283 2677 4322 eas
2729 4269 3038 4337 appellans,
3072 4278 3124 4322 et
3162 4269 3417 4336 Ephraim
3450 4284 3468 4321 :
3503 4267 3601 4322 Ju-

2027 4357 2152 4412 dam
2187 4373 2318 4412 vero
2358 4368 2504 4412 recte
2537 4357 2733 4412 ultimo
2769 4358 2892 4411 loco
2925 4359 3145 4428 posuit,
3179 4360 3438 4428 quoniam
3473 4367 3601 4429 post

2028 4450 2152 4504 illos
2209 4448 2422 4519 1334
2472 4450 2832 4505 servitutem‘
2881 4450 3165 4504 sustinuit.
3223 4449 3300 4521 [6]
3338 4449 3471 4505 Post
3531 4465 3601 4505 ea

332 4541 553 4604 δάσκει,
609 4545 763 4608 ὅπως
798 4545 938 4599 κατά
991 4547 1186 4600 ταύτὸν
1237 4549 1469 4618 μόσχους
1521 4546 1796 4612 λαϐόντες,
1827 4545 1922 4598 καὶ

2029 4541 2194 4594 docet
2224 4542 2342 4594 fore
2376 4550 2436 4594 ut
2471 4541 2637 4596 simul
2673 4541 2883 4596 vitulos
2926 4549 3146 4596 sumant
3179 4551 3235 4596 et
3267 4541 3465 4596 ovibus
3507 4557 3602 4596 sa-

333 4630 612 4701 πρόϐατα,
664 4633 856 4696 θυσίας
905 4637 1312 4690 ἐπιτελέσουσιν
1357 4639 1402 4669 ¹⁰
1434 4637 1790 4706 ἐκζητοῦντες
1828 4637 1920 4690 τὸν

332 4720 567 4790 Κύριον,
600 4724 695 4777 καὶ
731 4727 792 4778 οὑ
840 4725 918 4798 μὴ
967 4726 1201 4798 εὑρωσιν
1230 4729 1393 4782 αὐτόν
1417 4746 1430 4760 ·
1484 4729 1774 4781 ἐκκέκλικε
1811 4729 1921 4799 γὰρ

329 4808 434 4864 ἀπ’
455 4813 654 4870 αὐτῶν.
685 4816 793 4868 Καὶ
813 4815 912 4888 τὴν
951 4819 1130 4873 αἰτίαν
1157 4820 1389 4886 δεικνὺς,
1422 4820 1732 4890 ἐπήγαγενο

409 4897 475 4962 ξ’·
505 4918 522 4949 ι
549 4901 663 4954 Ὀτι
699 4905 791 4960 τὸν
813 4908 1018 4980 Κύριον
1033 4911 1412 4979 ἐγκατέλιπον.
1441 4931 1460 4964 ›
1491 4913 1602 4964 Καὶ
1634 4912 1714 4964 ὄτι
1740 4929 1920 4983 παρα-

331 4987 521 5059 νόμως
559 4991 891 5062 ἀλλοφύλους
955 5001 1212 5066 λαϐόντες
1263 5006 1550 5071 γυναῖκας,
1591 5001 1651 5066 ἐξ
1695 5003 1918 5056 ἐκείνων

331 5079 802 5154 δπαιδοποίησανο
855 5089 1014 5143 τοῦτο
1059 5093 1168 5162 γὰρ
1229 5094 1502 5164 ἐδήλωσεν
1548 5094 1592 5125 ¹¹
1641 5093 1914 5164 εἰρηκώς·

335 5189 364 5225 ι
403 5171 526 5227 Ὅτι
564 5175 732 5229 τέκνα
791 5178 1050 5252 ἀλλότρια
1107 5185 1474 5255 ἐγεννήθησαν
1528 5186 1747 5249 αὐτοῖς’
1794 5185 1915 5254 (διὸὶ

399 5363 432 5404 7
459 5355 653 5412 Ezecb.
695 5371 887 5423 xxxm,
920 5358 971 5411 7.

2028 4647 2122 4686 cra
2155 4631 2384 4694 faciant,
2417 4633 2804 4702 perquirentes
2858 4632 3170 4696 Dominum,
3219 4633 3312 4688 sed
3349 4648 3458 4687 non
3509 4634 3598 4687 in-

2025 4725 2250 4779 veniant
2273 4740 2396 4778 eum
2437 4741 2449 4777 :
2484 4739 2610 4780 nam
2639 4725 2941 4779 declinavit
2985 4725 3054 4779 ab
3084 4725 3215 4779 illis.
3279 4725 3344 4778 Et
3373 4739 3601 4780 causam

2026 4817 2325 4870 ostendens
2361 4815 2682 4884 subjunxit:

2097 4907 2263 4962 Vens.
2299 4907 2353 4960 7.
2388 4927 2405 4959 ι
2449 4909 2590 4972 Quia
2642 4906 2934 4962 Dominum
2992 4906 3431 4976 dereliquerunt.
3482 4925 3500 4957 ι
3533 4906 3602 4960 Et

2024 5000 2158 5069 quia
2184 4999 2472 5069 illegitime
2519 5014 2584 5053 ex
2638 4997 2978 5062 mulieribus
3023 4997 3253 5061 exteris,
3295 5011 3436 5066 quas
3483 5011 3601 5051 ma-

2023 5089 2286 5144 trimonio
2325 5088 2432 5144 sibi
2479 5089 2878 5158 adjunxerant,
2911 5087 3124 5144 liberos
3184 5098 3597 5159 susceperunt;

2024 5184 2130 5240 hoc
2167 5184 2315 5240 enim
2365 5184 2688 5250 declaravit,
2733 5183 2970 5240 dicens:
3007 5201 3026 5233 ι
3063 5181 3207 5247 Quia
3272 5179 3369 5236 filii
3425 5181 3596 5238 alieni

1637 5513 1869 5568 VARI/ﬂ
1909 5513 2312 5569 LECTIONES.

401 5645 670 5722 211131.
708 5642 895 5722 Hebr._
927 5646 980 5698 in
1035 5642 1230 5722 bliapa.
1259 5718 1274 5722 _
1315 5647 1484 5722 ¹ζέπὶ
1523 5649 1584 5703 τὸ
1633 5651 1808 5722 ΑἸταϐ.
1857 5650 2080 5707 Rectius
2128 5652 2341 5722 Compl.
2385 5653 2538 5718 juxta
2588 5650 2754 5722 Hebr.
2804 5652 2897 5704 ἐπὶ
2945 5649 3314 5722 ΤαϐὡρηΛιίἰ
3363 5636 3617 5722 Θαᾼϐὠρλ

321 5714 590 5790 ημθήρζϐ
621 5729 806 5790 prtem.
835 5715 1008 5790 τῆς...
1038 5716 1081 5747 ¹⁶
1111 5714 1224 5790 ἐστ.
1257 5718 1314 5770 In
1345 5717 1386 5772 C
1421 5728 1540 5787 post
1585 5720 1767 5784 αὐτοῖς
1814 5722 2054 5790 ponitur.
2135 5725 2176 5754 "
2203 5714 2319 5776 καί.
2354 5714 2473 5776 Des.
2515 5724 2569 5776 in
2597 5721 2660 5784 C,
2699 5737 2859 5789 quem
2895 5720 3068 5775 secuti
3110 5714 3266 5773 colon
3299 5714 3582 5788 posuimus

326 5786 394 5842 ad
433 5783 595 5855 piece.
626 5783 815 5838 αὑτοῦ.
895 5785 938 5816 ¹⁸
970 5783 1010 5837 C
1049 5787 1328 5855 πρότεραι.
1411 5783 1450 5821 ³³⁵
1491 5790 1621 5848 Ibid.
1643 5783 1945 5860 προτέρων.
2021 5794 2069 5826 ’⁸
2098 5791 2141 5846 C
2174 5793 2530 5845 ἐπιτελοῦσιν.
2638 5793 2680 5822 ³³
2705 5783 2835 5845 ibid.
2868 5790 3268 5860 παρεδήλωσεν.

648 5880 917 5941 Parnm”
961 5880 1076 5942 GR.
1117 5881 1392 5963 LXXXL
3122 5883 3202 5941 50
