4088 6406
350 436 485 504 1581

1660 419 1742 481 ΙΝ
1774 417 1962 479 OSEE
1995 415 2151 476 CAP.
2180 415 2283 476 VI.

3472 400 3605 470 1582

346 553 443 608 τὶν
477 548 640 609 Ψουά,
666 545 915 618 βασιλεὺς
952 541 1008 595 δὲ
1038 531 1191 601 οὗτος
1210 533 1278 609 ἦν
1317 534 1636 605 Ἀσσυρίων,
1672 532 1930 585 ὲκάλεσεν

2044 526 2253 596 1336
2308 522 2458 578 Phua
2520 535 2702 592 regem
2773 518 3126 590 Assyriorum
3170 517 3224 573 in
3302 519 3606 577 subsidium

347 646 433 710 ei;
461 640 731 715 βοήθειαν.
762 655 780 688 ι
804 635 915 688 Καὶ
935 629 1222 686 ἀπέστειλε
1245 626 1505 699 πρέσϐεις
1542 623 1678 694 πρὸς
1708 620 1931 692 βασιλέα

363 712 567 804 Ἴαρεὶϐ
596 729 664 791 ³⁰,
700 726 795 779 καὶ
836 722 999 784 αὐτὸς
1027 720 1128 773 ούκ
1159 716 1398 787 ἠδυνήθη
1453 712 1720 785 ῥύσασθαι
1762 712 1929 780 ὑμᾶς,

350 803 535 881 καὶού
568 820 641 892 μὴ
661 815 933 885 διαπαύσῃ
963 813 1022 880 ἐξ
1047 812 1201 882 ὑμῶν
1228 808 1406 879 ὀδύνη.
1438 826 1455 858 ι
1483 805 1650 859 Πάλιν
1670 804 1796 874 ὑμῖν
1824 803 1932 855 τῶν

364 913 669 983 Ἀσσυρίων
693 907 1049 967 ἐπελθόντων,
1076 897 1479 970 πρεσϐεύσεσθε
1508 897 1576 961 ⁸¹,
1608 895 1763 965 φησι,
1797 893 1934 965 πρὸς

348 1006 446 1058 τὸν
477 1000 755 1070 Αἰγύπτου
804 994 1048 1067 βασιλέα,
1104 992 1204 1063 τὴν
1249 988 1459 1042 ἐκεῖθεν
1501 984 1776 1046 αἰτοῦντες
1812 985 1929 1035 ἐπι-

350 1094 582 1164 κουρίαι
612 1108 626 1121 ·
663 1087 778 1143 ἀλλ’
810 1090 959 1157 ὅμως
1002 1082 1124 1136 οὐδὲ
1152 1083 1252 1152 τῆς
1292 1078 1501 1132 ἐκεῖθεν
1532 1074 1783 1141 τεύξεσθε
1804 1073 1933 1143 βοη-

351 1185 530 1248 θείας,
551 1182 666 1237 ἀλλ’
696 1179 908 1241 ὀδύναις
939 1173 1267 1244 ἐπαλλήλοις
1302 1167 1772 1239 παραδοθήσεσθε.
1809 1166 1932 1218 Ὀτι

349 1278 410 1330 δέ
445 1277 536 1329 τὸν
572 1272 800 1345 βασιλέα
838 1257 1054 1337 ’Ἰαρείσ
1079 1266 1171 1319 τόν
1202 1262 1478 1332 Αἰγύπτου
1506 1259 1662 1314 καλεῖ
1688 1256 1932 1328 βασιλέα,

354 1372 418 1424 ἐκ
450 1368 556 1422 τῶν
584 1365 723 1436 μετά
761 1362 936 1416 ταῦτα
976 1360 1157 1433 ῥᾴδιον
1209 1356 1421 1429 μαθεῖν.
1464 1372 1483 1405 ι
1533 1351 1783 1421 Ἐγένετο
1827 1346 1936 1419 γὰρ

366 1456 628 1529 Ἐφραῒμ,
664 1454 741 1518 ὡς
774 1450 1072 1524 περιστερά
1111 1449 1290 1511 ἄνους,
1320 1445 1421 1497 οὐκ
1455 1441 1652 1512 ἔχουσα
1683 1438 1934 1510 καρδίαν,

351 1553 631 1619 Αἴγυπτον
655 1544 998 1607 ἐπεκαλεῖτο,
1014 1542 1107 1594 καὶ
1123 1541 1204 1603 εἰς
1218 1536 1536 1605 Ἀσσυρίους
1556 1531 1899 1603 ἐπορεύοντο.
1912 1548 1930 1580 ι

354 1645 486 1697 Δέον
515 1642 625 1711 γὰρ
654 1637 753 1709 τὴν
784 1635 922 1706 ἐμὴν
966 1631 1193 1700 αἰτῆσαι
1236 1627 1510 1699 βοήθειαν,
1569 1623 1663 1675 καὶ
1704 1620 1937 1681 δυνατὴν

354 1731 544 1798 οὖσαν,
604 1731 701 1784 καὶ
751 1727 873 1781 λίαν
927 1722 1077 1793 αύτῷ
1136 1718 1496 1783 πελάζουσαν,
1545 1714 1673 1785 τῇδε
1712 1713 1937 1766 κάκεῖσε

355 1823 593 1879 δ.ετέλει
640 1816 995 1891 περινοστῶν,
1055 1812 1150 1867 καὶ
1189 1812 1288 1872 τὰς
1334 1806 1581 1868 ἀσθενεῖς
1614 1801 1939 1871 ἐπικουρίας

358 1916 532 1972 αἰτῶν
551 1932 567 1947 ο
597 1885 850 1982 οὔδε-μίαν
868 1911 911 1942 ³¹
937 1908 994 1960 δὲ
1024 1906 1210 1974 ὄνησιν
1242 1902 1306 1954 ἐκ
1341 1900 1439 1969 τῆς
1469 1897 1677 1951 τούτων
1717 1895 1941 1948 ἐπικουο
1971 1885 2013 1940 Β

362 2007 489 2080 ρίας
522 2002 912 2076 προσλήψεται.

440 2075 573 2151 ιδ⁹.ι
612 2096 776 2157 Διότι,
843 2090 1006 2161 φησὶν
1025 2088 1094 2151 ³³,
1153 2084 1264 2155 ἐγώ
1320 2086 1435 2154 εἰμι.
1487 2082 1562 2144 ὼς
1604 2079 1821 2149 πάνθηρ
1862 2075 1940 2150 τῷ

372 2188 633 2260 Ἐφραῒμ,
659 2187 752 2239 καὶ
766 2185 845 2247 ὡς
886 2183 1025 2236 λέων
1051 2178 1131 2251 τῷ
1168 2178 1302 2248 οἴκῳ
1340 2176 1530 2237 Ἰούδα,
1571 2174 1665 2227 καὶ
1693 2170 1804 2240 ἐγὼ
1840 2172 1941 2241 ἁρ-

360 2282 577 2351 πῶμαι,
619 2278 714 2332 καὶ
737 2274 1096 2346 πορεύσομαι,
1126 2271 1220 2324 καὶ
1248 2268 1514 2339 λήψομαι,
1540 2267 1635 2318 καὶ
1664 2265 1764 2317 οὐκ
1790 2262 1942 2316 ἔσται

358 2374 389 2427 ὁ
422 2369 827 2442 ἐξαιρούμενος.
858 2385 877 2416 ι
905 2365 1000 2427 Τίς
1050 2362 1157 2434 γὰρ
1189 2360 1504 2429 ἀντιστῆναι
1543 2360 1657 2419 τοῖς
1680 2357 1772 2408 ὑπ’
1805 2353 1941 2424 ἐμοῦ

361 2460 712 2532 γιγνομένοις
739 2460 1062 2528 δυνήσεται;
1088 2454 1170 2516 τίς
1193 2452 1251 2506 δέ
1274 2452 1400 2512 τοὺς
1429 2450 1520 2502 ὑπ’
1554 2447 1690 2517 ἐμοῦ
1720 2442 1942 2508 κολαζο-

367 2555 561 2626 μένους
586 2551 967 2621 ἐξαιρήσεται;

2036 613 2349 670 accersivit.
2401 632 2421 667 ι
2446 612 2511 666 Et
2530 612 2677 666 misit
2704 611 2911 680 legatos
2928 610 2991 665 ad
3020 622 3200 679 regem
3216 609 3388 674 .larib,
3414 621 3467 664 et
3492 610 3611 681 ipse
3706 674 3721 685 _

2033 721 2144 763 non
2194 706 2370 775 potuit
2416 705 2648 759 liberare
2677 718 2797 767 vos,
2832 716 2931 756 nec
2979 700 3215 755 cessabit
3261 715 3292 754 a
3318 701 3475 755 vobis
3504 701 3610 756 do-

2034 798 2137 851 lor.
2179 818 2195 849 l
2228 796 2363 851 Cum
2396 811 2590 851 rursus
2618 794 2828 865 Assyrii
2860 793 3003 848 bello
3033 807 3131 847 vos
3162 792 3504 859 adorientur,
3541 793 3611 849 de

2035 887 2244 942 auxilio
2291 885 2527 956 petendo
2557 886 2767 955 legatos
2804 883 3036 937 mittetis
3068 883 3131 937 ad
3180 882 3376 953 (Jarib)
3424 899 3609 955 regem

2036 977 2310 1048 Egypti:
2361 976 2506 1031 unde
2554 986 2734 1030 tamen
2789 974 3053 1028 auxilium
3092 990 3201 1028 non
3254 975 3609 1043 obtinebitis,

2037 1071 2132 1125 sed
2184 1070 2434 1123 dolorum
2485 1081 2678 1120 acervo
2722 1066 3160 1120 eumulahimini.
3220 1065 3377 1132 Quod
3427 1075 3609 1122 autem

2036 1177 2218 1233 regem
2245 1159 2400 1214 Jarib
2473 1158 2693 1230 Egypti
2726 1173 2907 1228 regem
2942 1167 3122 1220 vocet,
3148 1174 3213 1212 ex
3247 1159 3608 1228 sequentibus

2041 1254 2204 1307 facile
2257 1252 2632 1322 cognoscitur.
2691 1269 2709 1302 ι
2780 1249 2983 1305 Factus
3045 1251 3189 1304 enim
3261 1258 3365 1312 est,
3401 1252 3602 1320 inquit,

2039 1343 2298 1412 E'pltl'aitl‘l
2324 1343 2481 1411 quasi
2510 1340 2761 1396 columba
2791 1340 3081 1409 insipiens,
3113 1355 3222 1394 non
3258 1340 3465 1396 habens
3493 1357 3609 1408 cor,

2041 1432 2336 1504 Egyptum
2372 1431 2680 1495 invocabat,
2720 1439 2774 1485 et
2812 1430 2878 1484 ad
2933 1430 3192 1500 Assyrios
3224 1431 3481 1485 abierunt
3520 1440 3565 1485 ι.
3589 1451 3608 1483 ι

2040 1524 2198 1578 Nam.
2239 1538 2362 1578 cum
2411 1537 2440 1575 a
2488 1537 2574 1577 me
2630 1522 2739 1591 peti
2798 1530 3076 1592 Oporteret
3123 1522 3407 1588 auxilium,
3467 1523 3614 1593 quod

2042 1616 2292 1672 suﬂicere
2327 1623 2539 1685 poterat
2568 1623 2623 1669 et
2668 1614 2718 1669 ei
2749 1614 2990 1668 vicinum
3034 1629 3098 1669 ac
3125 1616 3435 1684 proximum
3476 1623 3613 1681 erat,

2042 1710 2149 1763 huc
2190 1716 2243 1763 et
2274 1708 2402 1761 illuc
2445 1706 2712 1760 continuo
2748 1706 3025 1765 currebat.
3059 1715 3114 1761 et
3159 1706 3375 1760 infirma
3407 1721 3618 1776 quaere-

2042 1802 2136 1854 bat
2175 1799 2412 1863 auxilia,
2446 1812 2567 1867 quae
2610 1807 2790 1852 tamen
2827 1798 2963 1850 nulli
2997 1805 3164 1852 erunt
3200 1797 3250 1851 ei
3278 1796 3615 1867 adiumento.

2116 2068 2281 2126 Vnus.
2320 2070 2406 2125 M.
2443 2087 2462 2121 ι
2501 2068 2640 2135 Quia
2688 2083 2789 2139 ego
2825 2083 2969 2129 sum,
3033 2067 3229 2138 inquit,
3275 2070 3431 2140 quasi
3481 2087 3619 2142 pan-

2043 2165 2200 2220 thera
2263 2161 2594 2231 Ephraimo,
2633 2168 2686 2215 et
2740 2161 2896 2230 quasi
2946 2161 3030 2215 leo
3080 2161 3263 2216 domui
3308 2160 3463 2218 Iuda:
3506 2183 3520 2219 :
3564 2174 3622 2220 et

2047 2271 2147 2326 ego
2175 2255 2410 2323 rapiam,
2442 2261 2495 2307 et
2525 2250 2740 2316 vadam,
2766 2260 2821 2305 et
2850 2251 3037 2305 tollam
3068 2270 3081 2305 :
3129 2259 3184 2306 et
3232 2267 3339 2306 non
3368 2253 3471 2307 erit
3522 2256 3619 2325 qui

2044 2355 2222 2405 eruat.
2257 2363 2277 2396 ι
2318 2343 2453 2410 Quis
2487 2344 2632 2399 enim
2683 2343 2753 2397 iis
2806 2358 2929 2412 qua:
2970 2357 2997 2395 a
3046 2358 3133 2397 me
3178 2345 3314 2397 ﬁunt
3359 2360 3418 2399 se
3448 2360 3621 2416 oppe~

2045 2451 2178 2493 nere
2210 2433 2449 2503 poterit?
2489 2434 2615 2503 quis
2644 2449 2739 2488 eos
2793 2433 2888 2501 qui
2931 2446 2961 2485 a
2992 2448 3080 2486 me
3111 2434 3424 2502 plectuntur
3483 2436 3621 2492 libe-

2044 2527 2227 2585 rabit?

2120 2619 2287 2677 Vens.
2333 2620 2419 2675 15.
2472 2638 2490 2671 ι
2528 2619 2649 2680 Ibo,
2704 2626 2757 2671 et
2792 2623 3035 2669 revertar
3085 2615 3140 2669 in
3182 2615 3360 2670 locum
3417 2631 3621 2684 meum,

441 2651 519 2699 ιε’.
551 2665 570 2695 ι
601 2643 711 2696 Καὶ
742 2641 1110 2711 πορεύσομαι,
1144 2637 1238 2689 καὶ
1281 2630 1595 2702 ἐπιστρέψω
1623 2630 1702 2690 εἰς
1728 2626 1821 2679 τὸν
1852 2626 1944 2678 τό-

366 2754 470 2792 πον
500 2754 624 2807 μου,
656 2734 763 2794 ἓως
788 2706 848 2786 οῦ
874 2706 1266 2800 ἀφανισθῶσιν.
1293 2744 1316 2780 ι
1351 2725 1632 2793 Ἐπὲμεινε
1653 2722 1719 2791 τῇ
1745 2718 1943 2791 τροπῇ.

2048 2714 2224 2769 donec
2256 2714 2592 2784 dispereant.
2621 2729 2640 2762 ι
2668 2707 2916 2763 Perstitit
2947 2706 3003 2760 in
3030 2707 3309 2777 allegoria.
3342 2706 3474 2762 Nam
3494 2710 3624 2779 quia

375 2800 599 2899 Ἐπειδὴ
628 2826 739 2896 γὰρ
761 2821 912 2878 εἶπεν
936 2839 949 2852 ·
972 2843 989 2874 ι
1013 2823 1099 2885 Ὣς
1127 2818 1303 2888 πάνθη
1314 2834 1363 2888 ρ,
1392 2816 1485 2869 καὶ
1504 2815 1579 2877 ὡς
1602 2813 1740 2865 λέων
1766 2810 1947 2872 αὐτοῖς

2048 2806 2232 2860 dixit:
2276 2825 2294 2857 ι
2358 2804 2515 2858 Sicut
2573 2801 2862 2872 panthera,
2906 2809 2961 2854 et
3008 2800 3154 2855 sicut
3193 2800 3274 2854 leo
3323 2801 3404 2857 eis
3446 2816 3560 2868 ero,
3599 2820 3621 2854 ι

362 2891 599 2993 lacum;
618 2891 654 2970 »-
671 2891 943 2989 ἁρμοδίως
1001 2915 1252 2984 ἐπήγαγε
1289 2910 1387 2962 τόο
1436 2927 1454 2959 ι
1502 2901 1847 2973 Ἐπιστρέψω
1869 2901 1947 2962 εἰς

2051 2898 2300 2967 apposite
2346 2894 2621 2964 adiunxit.
2682 2911 2702 2946 ι
2742 2891 3008 2946 Revertar
3055 2891 3109 2945 in
3160 2892 3339 2945 locum
3406 2909 3623 2962 meum,

362 2982 653 3069 τὸνπόπον
700 2982 840 3080 μου,
889 3008 994 3071 ἓως
1038 2982 1105 3060 οῦ
1158 3000 1550 3073 ἁφανισθῶσιν.
1584 3017 1602 3048 ι
1634 2996 1795 3059 Ἕθος
1841 2992 1947 3064 γὰρ

2053 2989 2226 3043 donec
2258 2988 2595 3056 dispereant.
2637 3003 2654 3036 ι
2703 2982 2973 3049 Quoniam
3032 2998 3152 3040 mos
3202 2993 3287 3040 est
3324 2985 3409 3040 bis
3448 2985 3579 3042 feris
3607 3027 3624 3050 ,

363 3105 467 3161 καὶ
495 3105 607 3165 τοῖς
640 3099 848 3171 θηρίοις
878 3097 1128 3159 ἐκείνοις,
1183 3096 1311 3148 ὅταν
1337 3110 1388 3144 τι
1407 3091 1453 3122 ³⁷⁵
1482 3087 1843 3159 θηρεύσωσιν,
1872 3084 1947 3145 εἰς

2054 3097 2180 3135 eum
2216 3080 2496 3150 quidpiam
2530 3084 2739 3132 venatae
2764 3074 2989 3140 fuerint,
3028 3074 3095 3129 ad
3131 3075 3250 3131 loca
3291 3091 3391 3131 sua
3420 3078 3623 3142 redire,

366 3198 499 3260 τοὺς
535 3190 789 3262 συνήθεις
841 3187 1119 3242 ἐπανιέναι
1175 3185 1401 3246 τόπους,
1433 3182 1527 3233 καὶ
1563 3179 1656 3232 τὸν
1707 3176 1815 3229 ἀπὸ
1851 3172 1953 3243 τῆς

366 3287 547 3359 θήρας
572 3283 928 3353 ἐγγενόμενον
956 3277 1313 3332 διαναπαύειν
1335 3274 1519 3328 πόνον.
1548 3269 1719 3339 Κάγὼ
1746 3269 1949 3330 τοίνυν,

366 3378 531 3449 φησί,
555 3376 711 3445 δίκην
740 3374 1017 3445 πάνθηρος
1036 3369 1130 3424 καί
1162 3370 1399 3430 λέοντος,
1431 3365 1520 3418 διά
1543 3362 1651 3416 τῶν
1677 3359 1953 3430 πολεμίων

368 3472 504 3541 ὑμῖν
525 3466 787 3531 ἐπελθὼν,
812 3465 930 3519 κατ’
952 3463 1187 3534 ἐμαυτὸν
1232 3459 1418 3513 λοιπὸν
1445 3456 1660 3525 ἔσομαι,
1696 3449 1952 3523 προνοίας

371 3562 521 3634 ὑμᾶς
545 3558 803 3630 οὐδεμιᾶς
834 3554 971 3621 ἀξιῶ
992 3555 1062 3609 ³⁵.

914 3661 1339 3720 ’ΚΕΦΛΛΛΙΟΝ
1375 3665 1449 3726 ς’.

446 3763 667 3818 Τούτων
717 3761 795 3827 δὲ,
844 3757 1001 3829 φησί,
1038 3754 1361 3825 γινομένων,
1398 3752 1497 3821 τὴν
1544 3749 1682 3820 ἐμὴν
1726 3745 1959 3816 κηδεμο-

381 3856 504 3909 νίαν
551 3854 961 3925 ἐπιζητήσουσι,
1013 3849 1106 3902 καὶ
1155 3846 1404 3916 ἀλλήλοις
1459 3837 1958 3912 παρακελεύσονται

382 3945 477 3999 τὸν
508 3944 603 4008 τὰς
626 3944 865 4006 παιδείας
896 3939 1247 4009 ἐπαγαγόντα
1279 3931 1553 3988 ἱκετεῦσαι
1584 3929 1737 3993 Θεὸν,
1766 3925 1962 4005 κατάλ-

380 4037 545 4108 ληλον
571 4036 834 4090 ἐπιθεῖναι
861 4036 972 4097 τοῖς
1000 4030 1276 4102 τραύμασι
1307 4029 1619 4097 φάρμακον.
1663 4040 1681 4072 ι
1708 4020 1829 4071 Ὀτι
1859 4016 1960 4068 αύο

375 4128 493 4191 τὸς,
517 4127 673 4197 φησί,
704 4125 942 4179 πέπαικε
969 4122 1034 4186 ³⁸,
1067 4119 1160 4172 καὶ
1192 4118 1400 4170 ἰάσεται
1430 4113 1576 4184 ἡμᾶς
1598 4128 1610 4141 ·
1641 4105 1871 4170 πατάξει
1891 4104 1957 4171 ³⁷,

378 4218 477 4275 καὶ
507 4217 740 4288 μοτώσει
770 4217 937 4287 ἡμᾶς.
972 4232 988 4263 ι
1027 4210 1135 4265 Καὶ
1174 4208 1233 4263 τὸ
1283 4205 1550 4274 σύντομον
1605 4199 1708 4269 τῆς
1763 4198 1957 4258 ἰάσεως

380 4310 709 4382 παραδηλῶν
738 4328 752 4341 ·

555 4424 573 4454 ι
622 4404 866 4471 ’Υγιάσει
890 4401 1036 4471 ἡμᾶς
1065 4394 1204 4467 μετὰ
1228 4392 1320 4447 δύο
1346 4387 1579 4462 ἡμέρας,
1615 4387 1672 4440 ἐν
1708 4384 1773 4454 τῇ
1803 4381 1963 4474 τρίτῃ

377 4472 570 4566 ἡμέρᾳ
606 4491 1026 4563 ἁναστησόμεθα
1046 4489 1091 4520 ³⁸
1131 4506 1148 4538 ›
1181 4486 1256 4539 Ού
1285 4485 1457 4537 δεῖται
1515 4477 1624 4548 γὰρ
1669 4476 1749 4537 εἰς
1795 4472 1958 4543 θερα-

375 4565 823 4656 πείανχρονικῆς
856 4582 1124 4653 περιόδου,
1177 4576 1292 4631 ἀλλ’
1337 4571 1541 4644 ἁθρόαν
1594 4565 1821 4639 παρέξει

377 4678 593 4747 ὑγίειαν
612 4677 676 4708 ³⁸⁸
694 4675 988 4729 αἰνίττεται
1010 4670 1065 4725 δέ
1095 4670 1183 4723 διὰ
1208 4666 1411 4721 τούτων
1438 4664 1533 4716 καὶ
1556 4660 1654 4731 τὴν
1681 4657 1769 4710 διὰ
1794 4653 1961 4727 τριῶν

374 4743 606 4838 ἡμερῶν
656 4763 953 4833 γενομένην
1011 4757 1103 4811 τοῦ
1150 4755 1401 4825 Σωτῆρος
1448 4750 1766 4807 ἀνάστασιν,
1802 4744 1836 4815 ἢ
1866 4743 1964 4813 τῆς

378 4836 568 4924 κοινῆς
623 4855 973 4915 ἀναστάσεως
1019 4848 1236 4919 ἐγένετο
1293 4844 1570 4916 πρόξενος,
1636 4838 1731 4891 καὶ
1796 4836 1962 4888 πᾶσιν

378 4946 515 5015 ἡμῖν
545 4943 847 5012 δεδώρηται
870 4942 968 5014 τὴν
1009 4942 1110 5010 τῆς
1165 4936 1462 4997 ἀθανασίας
1507 4930 1717 4993 ἐλπίδα,
1748 4928 1836 4982 διὰ
1865 4924 1965 4995 τῆς

383 5035 467 5097 εἰς
510 5033 601 5086 τὸν
640 5033 771 5086 Θεὸν
817 5033 1161 5099 ἐπιγνώσεως
1219 5026 1578 5096 ἐγγινομένην
1605 5022 1673 5076 ⁸ο.
1709 5039 1726 5069 ι
1762 5019 1850 5073 Ἐν
1896 5019 1963 5086 τῇ

384 5125 549 5197 τρίτη
585 5124 716 5194 γὰρ,
757 5120 942 5193 φησιν,
987 5120 1172 5191 ἡμέρα
1200 5113 1641 5187 ἀναστησόμεθα,
1666 5111 1760 5165 καὶ
1798 5107 1961 5178 ζησό·

463 5311 487 5340 ι
507 5298 613 5358 Isa.
646 5315 741 5367 vlt,
767 5297 846 5354 Η.

2057 3171 2245 3240 ibique
2271 3185 2331 3227 se
2370 3182 2619 3224 recreare
2649 3182 2679 3221 a
2720 3167 2931 3230 labore,
2964 3182 3125 3236 quem
3154 3169 3405 3222 venando
3438 3184 3632 3226 susce-

2055 3271 2287 3331 perant;
2347 3275 2469 3328 ego,
2512 3257 2714 3327 inquit,
2766 3272 2920 3310 more
2975 3258 3257 3325 pantherae
3307 3266 3361 3312 et
3419 3260 3631 3330 1337

2054 3352 2252 3414 leonis,
2295 3365 2420 3403 eum
2473 3364 2571 3418 per
2617 3350 2806 3403 hostes
2864 3347 2921 3400 in
2976 3362 3076 3403 vos
3131 3349 3367 3413 irruero,
3429 3351 3630 3407 deinde

2055 3442 2287 3497 seorsim
2322 3439 2535 3510 degam,
2574 3438 2778 3492 nullam
2811 3437 2966 3493 vobis
2998 3452 3187 3492 curam
3218 3439 3560 3509 impertiens.

2659 3616 2889 3693 CAPUT
2942 3637 3032 3693 VL

2132 3732 2212 3805 [l]
2278 3731 2414 3787 Cum
2468 3731 2608 3793 haec,
2661 3730 2863 3800 inquit,
2915 3729 2988 3782 ita
3030 3729 3182 3791 tient,
3234 3729 3636 3799 providentiam

2061 3840 2237 3878 meam
2285 3820 2609 3893 requirent:
2662 3830 2717 3876 et
2749 3829 2941 3874 mutuo
2972 3835 3031 3875 se
3080 3820 3522 3875 exhortabautur
3570 3823 3637 3875 ad

2062 3913 2482 3982 supplicandum
2513 3913 2621 3966 Deo
2649 3912 3054 3966 correctiouum
3098 3911 3332 3971 auctori.
3366 3919 3424 3964 ut
3448 3927 3638 3965 eorum

2061 4005 2380 4059 vulneribus
2406 4002 2744 4058 commodam
2778 4001 3099 4055 medicinam
3143 3999 3418 4055 adhibeat.
3459 4000 3641 4066 «Quia

2062 4096 2179 4164 ipse
2210 4093 2539 4159 verberavit,
2576 4103 2630 4147 et
2678 4092 2897 4146 sanabit
2928 4105 3031 4144 nos
3070 4109 3083 4144 :
3133 4090 3424 4159 percutiet,
3458 4099 3515 4144 et
3541 4105 3642 4144 cu-

2063 4185 2208 4240 rabit
2237 4198 2359 4239 nos.
2398 4202 2416 4234 ι
2469 4184 2535 4236 Ει
2575 4181 2914 4237 celeritatem
2965 4180 3247 4235 medicina:
3291 4181 3636 4243 ostendens;

2135 4365 2299 4420 Vens.
2338 4365 2395 4419 2.
2425 4383 2443 4416 ι
2479 4363 2709 4457 Sanabit
2737 4377 2838 4417 nos
2868 4370 2993 4432 post
3018 4361 3159 4415 duos
3193 4360 3330 4423 dies,
3360 4360 3526 4415 tertio
3554 4376 3646 4417 re-
3674 4356 3677 4359 ’

2067 4472 2375 4529 surgemus.
2401 4475 2419 4508 ι
2451 4455 2567 4509 Non
2594 4452 2740 4509 enim
2777 4453 2985 4524 indiget
3020 4452 3254 4506 circuitu
3289 4452 3549 4520 temporis
3581 4457 3649 4507 ad

1867 4564 1966 4632 τὴν
1998 4563 2041 4615 ι)
2074 4549 2419 4626 medendum,
2451 4547 2546 4602 sed
2579 4547 2810 4602 celerem
2842 4546 3129 4600 sanitatem
3157 4542 3365 4598 aﬂ‘eret.
3398 4542 3501 4597 Per
3530 4544 3647 4598 haec

2071 4650 2251 4695 autem
2278 4639 2529 4709 designat
2554 4639 2718 4693 etiam
2748 4645 2874 4706 post
2904 4645 3018 4692 tres
3052 4635 3171 4689 dies
3208 4634 3406 4687 factam
3462 4633 3649 4688 Salva-

2069 4732 2207 4789 toris
2232 4730 2717 4791 resurrectionem,
2738 4743 2857 4797 quae
2879 4726 3157 4796 publicam
3179 4724 3647 4779 resurrectionem

2073 4827 2407 4891 conciliavit,
2441 4825 2809 4892 omnibusque
2843 4822 3007 4876 nobis
3035 4836 3187 4891 spem
3217 4820 3651 4875 immortalitatis

2073 4921 2243 4982 dedit,
2272 4934 2336 4974 ex
2375 4918 2467 4972 Dei
2522 4916 2836 4986 cognitione
2887 4914 3153 4967 innatam.
3197 4930 3218 4962 ι
3260 4910 3447 4966 Tertio
3502 4911 3649 4965 enim

2073 5014 2180 5079 die,
2212 5012 2410 5082 inquit,
2446 5022 2822 5078 resurgemus,
2870 5015 2923 5061 et
2960 5005 3214 5060 vivemus
3246 5018 3430 5057 coram
3467 5018 3555 5067 eo,
3596 5010 3654 5057 et

2072 5118 2490 5174 cognoscemus.
2534 5119 2553 5153 ι
2598 5099 2731 5155 Nam
2781 5104 2903 5168 post
2954 5093 3442 5159 resurrectionem,
3475 5092 3655 5161 inquit

1664 5439 1900 5495 VARI/41‘.
1941 5432 2345 5493 LECTI‘JNES.

468 5598 515 5631 "
544 5595 586 5652 ο
620 5589 959 5667 Ἰερεέμ-Ᾰιεὲ
986 5601 1204 5667 altoque
1236 5582 1570 5667 deinde;
1604 5598 1699 5667 πρς

1742 5579 1889 5633 Edit.
1935 5578 2082 5647 prior
2115 5575 2243 5628 hab.
2298 5569 2759 5647 ἐπρεσϐεύσασθε.
2832 5568 2876 5647 ξ’
2933 5565 3139 5647 ρρδέ
3202 5566 3350 5647 μίαν.

3441 5557 3486 5626 δέ
3519 5572 3652 5626 φησ-

468 5625 512 5631 "
544 5625 586 5652 υ
640 5625 848 5667 ιαριιμ.
879 5625 954 5645 ιιιι
986 5625 1204 5658 cunuth
1236 5625 1452 5639 νιν-..ψη
1535 5651 1560 5664 ﬂ
1611 5625 1699 5651 nr.
1747 5625 1889 5659 ...πῂ
1935 5625 1947 5647 Ι

388 5670 518 5724 Des.
555 5669 610 5719 in
634 5665 698 5721 C.
775 5663 821 5695 "‘
849 5662 890 5715 Ο
934 5661 1011 5713 ὅτ’
1039 5657 1104 5711 ἄν
1132 5674 1207 5709 τι.
1284 5655 1328 5685 ³⁸
1362 5654 1402 5707 C
1436 5651 1623 5716 ἀξιων.
1676 5651 1763 5724 Al)
1806 5650 1910 5724 alia

2044 5662 2129 5724 mu
2186 5647 2238 5724 [ιι
2293 5625 2466 5724 marg.
2522 5641 2791 5724 addit-uni,
2839 5640 2897 5689 ἐν
2946 5625 3406 5724 θλίψξιναύτῶμᾉ
3436 5625 3653 5724 ’θλπέἑι

418 5694 518 5721 1“..
558 5694 590 5719 Il
685 5706 698 5719 ο
849 5694 890 5715 υ
934 5694 990 5713 VU
1039 5694 1103 5711 νιν
1144 5694 1207 5709 ιη
1364 5694 1402 5707 ν
1437 5694 1471 5707 -η
1511 5694 1623 5704 ...υ-ν
1682 5694 1762 5704 .-υ
1807 5694 1910 5701 η...-

561 5694 721 5791 Ιὲεῒὶο
749 5741 834 5788 est
872 5732 1115 5800 ἧρπακε.
1165 5726 1229 5800 ξ³⁷
1258 5694 1635 5800 πατπτςὶἶμᾶς.
1662 5722 1743 5800 ᾼΙ)
1772 5720 1947 5800 alia}!

2259 5694 2594 5800 suppletum.
2672 5711 2716 5742 ³⁸
2745 5694 2937 5763 ἀναστ.
2967 5706 3008 5759 C
3038 5694 3211 5766 addit,
3244 5700 3338 5752 καὶ
3375 5694 3659 5765 ζησόμεθα

396 5807 633 5863 ἐναντίον
672 5801 860 5867 αὑτοῦ,
884 5783 975 5854 καὶ
1000 5796 1344 5867 γνωσόμεθα.
1420 5795 1462 5824 ³³
1488 5783 1543 5846 Ἐ
1572 5783 1781 5859 ὑγείαν.
1858 5790 1902 5820 ⁸³
1925 5787 1966 5841 C
1996 5783 2412 5854 ἐγγιγνομένην.
