4088 6420
519 395 655 463 1583

1499 394 1983 455 TIIEODORETI
2006 395 2347 457 EPISCOPI
2379 397 2743 459 CYBENSIS

3633 393 3774 460 1584

515 506 828 579 Apostolus,
884 519 1235 576 cognoscam,
1297 503 1440 561 sicut
1491 514 1544 561 et
1597 513 1851 576 cognitus
1910 521 2077 562 sum:

2187 508 2325 579 μεθα
2354 510 2597 564 ἐναντίον
2640 507 2825 573 αὐτοῦ,
2875 509 2969 563 καὶ
3020 508 3360 579 γνωσόμεθα.
3394 526 3411 561 ι
3445 510 3607 565 Merit
3654 512 3771 582 γάρ

522 617 542 651 ι
574 598 731 654 Νιιιιο
771 599 914 653 enim
961 611 1230 667 cognosco
1260 611 1327 652 ex
1373 603 1549 666 parte,
1583 604 1716 651 tunc
1769 606 1951 651 autem
1987 611 2083 651 co-

516 702 776 759 gnoscam
832 687 975 740 sicut
1007 692 1062 740 et
1091 685 1344 754 cognitus
1375 699 1496 739 sum
1533 696 1580 738 α.
1630 703 1650 734 ι
1689 683 1773 755 [3}
1807 684 1961 759 Tunc
1986 684 2085 755 igi-

517 788 627 842 tur,
656 775 851 845 inquit,
886 774 1282 829 accuratiorem
1309 790 1493 829 rerum
1526 775 1805 829 notionem
1848 774 2086 845 accipiec

513 882 636 923 mus
668 884 682 921 :
720 885 739 919 ι
773 864 927 920 Nune
962 880 1363 935 persequamur
1389 872 1448 921 ut
1476 880 1878 936 cognoscamus
1904 864 2085 919 Domi-

513 976 665 1015 num.
706 978 726 1011 ι
758 957 1038 1023 Studiose,
1076 958 1280 1029 inquit,
1317 969 1373 1014 et
1420 959 1676 1013 alacriter
1708 958 2081 1028 requiramus.

509 1052 646 1107 Nam
688 1071 707 1104 ι
748 1051 905 1121 quasi
960 1066 1121 1106 mane
1168 1060 1419 1120 paratum
1484 1051 1831 1106 inveniemus
1869 1066 2017 1106 eum.
2060 1068 2080 1101 ›

512 1140 667 1196 Sicut
695 1142 839 1196 enim
894 1140 1197 1195 diluculum
1263 1141 1441 1199 noctis
1494 1142 1755 1198 tenebras
1810 1141 2083 1203 dissolvit,

515 1231 731 1303 1338
764 1232 845 1287 sic
874 1234 992 1301 ipse
1025 1233 1187 1287 nobis
1233 1233 1579 1289 imminentes
1620 1233 1952 1289 tentationes
1994 1248 2085 1289 re-

511 1324 694 1393 pellet.
729 1335 781 1380 et
811 1321 1173 1393 providentia:
1211 1339 1326 1379 sua:
1374 1325 1587 1380 radium
1624 1324 1907 1393 praebebit.
1955 1343 1973 1374 ι
2021 1323 2085 1378 Et

514 1414 694 1468 veniet
748 1414 909 1469 nobis
970 1414 1130 1484 quasi
1187 1415 1369 1483 pluvia
1420 1415 1688 1469 matutina
1734 1423 1789 1470 et
1843 1415 2085 1470 serotina

514 1512 694 1559 terrae.
729 1523 747 1555 ι
811 1501 1066 1558 Omnium
1120 1504 1266 1558 enim
1330 1504 1597 1559 bonorum
1653 1505 1868 1574 copiam
1926 1504 2084 1559 nobis

520 1591 704 1647 faciet.
732 1590 860 1646 Post
889 1591 1030 1645 hanc
1056 1591 1275 1647 illorum
1312 1593 1366 1646 in
1403 1593 1600 1651 melius
1639 1593 2081 1658 conversionem,

518 1692 777 1752 tanquam
811 1692 963 1751 pater
983 1681 1280 1737 liberorum
1306 1683 1717 1741 amantissimus
1748 1683 1817 1738 ad
1846 1700 1942 1741 eos
1962 1699 2084 1740 ver-

514 1774 579 1829 ba
618 1773 764 1828 facit.

579 1959 745 2015 Vens.
785 1960 838 2015 4.
877 1976 895 2011 ι
934 1956 1077 2024 Quid
1118 1957 1316 2013 faciam
1362 1957 1486 2026 tibi,
1522 1956 1968 2028 Ephraimiquid
2007 1955 2082 2011 fa-

502 2055 648 2107 ciam
696 2052 819 2113 tibi,
845 2049 1019 2105 Juda?
1062 2049 1439 2106 misericordia
1482 2057 1665 2104 autem
1709 2057 1892 2106 vestra
1925 2048 2081 2119 quasi

510 2142 682 2197 nubes
715 2141 1004 2206 matutina,
1031 2148 1083 2195 et
1110 2140 1272 2211 quasi
1311 2156 1402 2198 ros
1444 2156 1605 2195 mane
1632 2142 2028 2211 pertransiens.
2056 2156 2077 2192 ι

511 2234 641 2304 ligo,
676 2233 876 2303 inquit,
905 2234 1051 2286 omni
1105 2232 1445 2303 benignitate
1485 2247 1583 2287 vos
1630 2231 1844 2286 allicere
1877 2231 2079 2301 cupio:

509 2332 565 2377 at
599 2332 774 2377 vestra
811 2321 1129 2392 pmnitentia
1182 2330 1537 2392 temporanea
1585 2329 1689 2386 est,
1748 2328 1801 2375 et
1831 2336 1938 2374 non
1982 2319 2078 2373 diu

509 2422 812 2484 permanet,
836 2414 949 2466 rori
980 2412 1176 2480 exiguo
1205 2412 1521 2481 persimilis,
1548 2412 1637 2481 qui
1670 2427 1701 2465 a
1731 2412 1847 2464 sole
1874 2410 2083 2465 exhau-

508 2505 670 2567 ritur,
707 2512 759 2556 et
792 2501 1022 2565 nebuke,
1054 2516 1174 2570 qum
1207 2516 1366 2555 mane
1395 2500 1754 2570 conspicitur,
1790 2507 1846 2553 et
1879 2513 1909 2552 a
1948 2497 2082 2553 solis

504 2593 679 2650 radiis
717 2592 1037 2662 dissipatur.
1083 2590 1418 2650 Pmnitentia:
1450 2597 1632 2644 autem
1662 2600 2082 2644 commensura-

478 2694 598 2740 -tur
646 2682 1049 2739 misericordia.
1112 2679 1370 2736 Attamen
1430 2694 1530 2736 vos
1574 2678 1661 2735 vel
1723 2678 1799 2732 ita
1858 2677 2083 2733 atTectos

505 2775 657 2832 omni
708 2788 839 2830 cura
885 2772 1143 2845 prosequi
1196 2772 1565 2842 perseveravi,
1621 2773 1695 2826 ita
1774 2778 1835 2824 ut
1890 2778 2085 2823 auctor

507 2868 703 2922 mortis
734 2866 1125 2936 pmphetarum
1151 2878 1398 2919 meorum
1432 2863 1628 2918 fuerim
1661 2880 1674 2918 :
1725 2878 1851 2918 nam
1884 2862 1952 2917 ad
1984 2878 2082 2917 vos

508 2954 877 3010 instituendos
899 2968 995 3010 eos
1025 2954 1296 3020 mittens“,
1328 2952 1411 3008 eis
1436 2963 1667 3009 mortem
1703 2968 1732 3007 a
1767 2953 1923 3010 vobis
1950 2967 2084 3009 con-

506 3048 710 3104 ciliavi.
745 3044 871 3101 "ch
896 3046 1043 3103 enim
1076 3045 1320 3103 ostendit
1371 3060 1496 3101 cum
1530 3045 1672 3101 dixit
1708 3064 1723 3101 :

576 3343 749 3401 Vsus.
789 3342 845 3398 5.
876 3360 895 3394 ι
939 3339 1236 3412 Propterea
1268 3340 1479 3396 succidi
1530 3343 1823 3414 prophetas
1847 3352 2082 3410 vestros,

507 3433 688 3489 occidi
716 3448 813 3488 eos
839 3432 1008 3488 verbo
1034 3434 1149 3487 oris
1178 3433 1309 3497 mei,
1342 3440 1397 3487 ct
1424 3432 1690 3502 judicium
1722 3450 1901 3490 meum
1927 3437 2085 3505 quasi

512 3524 607 3579 lux
657 3521 989 3592 egredietur.
1025 3541 1043 3575 ι
1096 3521 1230 3576 Nam
1274 3524 1377 3579 etsi
1433 3539 1623 3579 omnes
1670 3527 1965 3594 prophetas
2018 3527 2087 3584 de

514 3613 695 3668 medio
726 3612 953 3677 tollatis,
988 3621 1169 3667 tamen
1214 3628 1321 3668 non
1352 3614 1561 3671 'falsam
1596 3617 1889 3671 oStendcre
1934 3627 2088 3687 pote-

514 3706 633 3760 ritis
667 3704 1008 3774 prophetiam
1043 3727 1053 3759 :
1092 3721 1215 3760 nam
1266 3716 1524 3777 tanquam
1570 3708 1759 3761 iumen
1806 3707 2083 3778 quoddam

502 3796 793 3852 veritatem
837 3795 960 3866 ejus
987 3800 1293 3853 ostendam.

582 3886 747 3944 Vsus.
789 3887 842 3955 6,
880 3889 929 3943 7.
968 3906 985 3940 ι
1026 3889 1167 3956 Quia
1216 3889 1656 3948 misericordiam
1693 3888 1839 3954 volo,
1887 3898 1940 3945 et
1973 3906 2082 3946 non

2184 601 2283 670 τὴν
2344 601 2668 665 ἀνάστασιν,
2720 601 2885 673 φησιν
2910 603 2940 664 ὁ
2978 601 3318 665 ’Λπόστολος,
3354 600 3733 673 ἐπιγνώσομαι
3756 640 3775 664 ,

2185 692 2366 756 καθὼς
2390 693 2483 746 καὶ
2518 693 2870 764 ἐπεγνώσθην
2894 710 2907 722 ·
2948 713 2967 745 ι
3002 693 3164 762 ’Ἄρτι
3190 692 3297 762 γὰρ
3311 692 3566 761 γινώσκω
3586 696 3649 746 ἐκ
3676 694 3784 764 μέο

2188 781 2468 852 ρους,τότε
2483 782 2538 835 δὲ
2552 781 2949 853 ἐπιγνώσομαι,
2976 782 3162 847 καθὼς
3194 783 3291 837 καὶ
3332 781 3716 853 ἐπεγνώσθην.
3742 801 3767 834 ι

2185 874 2316 927 Τότε
2336 872 2535 937 τοίνυν,
2559 873 2748 943 φησὶν,
2766 873 3163 945 ἀκριϐεστέραν
3182 873 3291 926 τῶν
3305 874 3645 945 πραγμάτων
3666 872 3777 941 τὴν

2185 964 2386 1033 γνῶσιν
2414 963 2677 1036 δεξόμεθα
2695 982 2710 997 ⁸
2752 984 2769 1016 ι
2797 965 2911 1019 Νῦν
2936 965 2993 1019 δὲ
3017 965 3296 1037 διώξωμεν
3325 965 3419 1019 τοῦ
3446 965 3645 1033 γνῶναι
3678 967 3777 1018 τὸν

2188 1054 2413 1126 Κύριον.
2447 1074 2466 1106 ι
2494 1056 2827 1120 Σπουδαίως,
2842 1058 3000 1128 φησὶ,
3022 1058 3114 1111 καὶ
3134 1056 3557 1128 προθυμοτέρως
3579 1056 3779 1126 ἐπιζη-

2182 1149 2457 1218 τήσωμεν.
2491 1165 2509 1197 t
2534 1146 2619 1210 Ὠς
2636 1147 2744 1218 γὰρ
2763 1146 2957 1219 ὄρθρον
2977 1148 3195 1218 ἕτοιμον
3218 1148 3524 1219 εὑρήσομεν
3545 1147 3728 1199 αὑτόν.
3748 1165 3770 1197 ι

2184 1237 2452 1309 Καθάπερ
2489 1238 2595 1309 γὰρ
2617 1240 2647 1291 ό
2671 1238 2866 1310 ὄρθρος
2904 1239 3023 1292 λύει
3055 1240 3153 1310 τῆς
3179 1240 3371 1302 νυκτὸς
3396 1239 3458 1292 τὸ
3490 1237 3730 1306 ζοφῶδες
3754 1277 3773 1302 ,

2183 1330 2357 1396 οὕτως
2396 1331 2558 1395 αὐτὸς
2589 1331 2695 1385 τῶν
2719 1331 3087 1400 ἐπικειμένων
3116 1333 3263 1402 ἡμᾶς
3308 1330 3607 1396 ἀπαλλάξει
3640 1346 3775 1381 πει-

2187 1422 2431 1496 ρασμῶν,
2465 1424 2560 1476 καὶ
2587 1426 2686 1494 τῆς
2733 1420 2899 1476 αὑτοῦ
2946 1422 3202 1494 προνοίας
3241 1423 3341 1494 τὴν
3381 1423 3575 1477 ἀκτῖνα
3617 1437 3778 1491 παρ-

2184 1516 2314 1583 έξει.
2350 1516 2503 1569 ιΚαὶ
2537 1514 2656 1586 ἥξει
2682 1517 2815 1586 ήμῖν
2838 1515 2914 1578 ὡς
2957 1514 3109 1578 ὑετὸς
3157 1513 3406 1586 πρὼἳμος
3443 1515 3535 1567 καὶ
3571 1513 3779 1583 ὃψιμος

2183 1609 2248 1677 τῇ
2278 1608 2371 1677 γῇ.
2401 1624 2421 1657 ι
2456 1606 2680 1660 Πάντων
2722 1607 2830 1678 γὰρ
2857 1608 2989 1677 ήμϊν
3019 1606 3128 1661 τῶν
3156 1607 3377 1676 ἀγαθῶν
3405 1605 3631 1679 παρέξει
3670 1606 3777 1677 τὴν

2184 1697 2466 1767 ἀφθονίαν.
2506 1698 2663 1752 Μετὰ
2709 1698 2914 1768 ταύτην
2952 1698 3130 1754 αὐτῶν
3162 1699 3262 1769 τὴν
3300 1700 3392 1752 ἐπὶ
3428 1699 3504 1767 τὰ
3523 1701 3775 1769 κρεῖττον

2188 1787 2490 1859 μεταϐολήν
2513 1828 2526 1851 ,
2586 1788 2840 1860 καθάπερ
2892 1806 2978 1852 τις
3038 1790 3221 1860 πατὴρ
3264 1788 3618 1859 φιλόστοργος
3670 1789 3776 1860 τὴν

2118 1869 2164 1927 Β
2196 1879 2330 1949 πρὸς
2360 1878 2555 1942 αὑτοὺς
2584 1882 2819 1932 ποιεῖται
2851 1879 3108 1946 διάλεξιν.

2254 1971 2318 2025 δ’.
2357 1971 2468 2024 «Τί
2522 1989 2606 2024 σοι
2662 1972 2895 2043 ποιήσω,
2937 1971 3220 2042 Ἐφραῖμ;
3269 1979 3326 2034 τε
3378 1987 3463 2022 σοι
3529 1969 3769 2039 ποιήσω,

2195 2059 2360 2114 Ἰούδα
2391 2077 2406 2127 ;
2451 2062 2524 2114 Τὸ
2566 2061 2623 2115 δὲ
2666 2060 2813 2125 ἔλεος
2847 2060 3021 2133 ὑμῶν,
3052 2060 3128 2125 ὼς
3160 2061 3355 2130 νεφέλη
3392 2060 3632 2131 πρωῖνὴ,
3671 2061 3773 2113 καὶ

2183 2151 2258 2217 ὼς
2300 2153 2489 2224 δρόσος
2529 2152 2754 2226 ὁρθρινὴ
2806 2153 3171 2225 πορευομένη.
3207 2170 3227 2203 ›
3271 2150 3415 2220 Ἐγὼ
3472 2152 3570 2221 μὲν
3617 2151 3770 2221 γὰρ,

2184 2244 2340 2315 φησὶ,
2374 2244 2554 2313 πάσης
2584 2244 2728 2313 ὑμᾶς
2771 2244 3001 2310 ἀξιῶσαι
3060 2242 3469 2313 φιλανθρωπίας
3508 2241 3710 2294 ἐθέλωο
3734 2245 3769 2312 ή

2181 2334 2240 2390 δὲ
2295 2336 2424 2403 παρ’
2474 2331 2633 2405 ὑμῶν¹
2676 2336 2936 2405 γινομένη
2956 2335 2998 2366 “
3038 2335 3370 2404 μεταμέλεια
3423 2333 3765 2403 πρόσκαιρός

2182 2426 2320 2489 ἐστι,
2355 2426 2450 2479 καὶ
2481 2426 2542 2478 οὑ
2576 2425 2827 2496 διαρκὴς,
2860 2426 2957 2478 καὶ
2982 2424 3123 2478 ἔοικε
3165 2425 3341 2495 δρόσῳ
3375 2423 3607 2495 βραχείᾳ
3640 2439 3773 2475 συν-

2185 2514 2469 2589 ισταμένῃ,
2498 2517 2591 2569 καὶ
2632 2516 2738 2570 ὑπὸ
2781 2516 2933 2587 ήλίου
2973 2516 3367 2588 δαπανωμένῃ,
3419 2516 3513 2567 καὶ
3570 2513 3776 2585 νεφέλῃ

2179 2604 2347 2661 ἔωθεν
2373 2608 2808 2678 προφαινομένῃ,
2844 2607 2939 2661 καὶ
2974 2606 3079 2660 ὑπὸ
3108 2606 3216 2659 τῶν
3264 2606 3502 2659 ἀκτίνων
3532 2605 3768 2657 σκεδανο⁹

2181 2697 2388 2768 νυμένη
2413 2714 2427 2728 ·
2452 2699 2521 2768 τῇ
2553 2695 2610 2749 δὲ
2655 2696 2987 2768 μεταμελείᾳ
3022 2698 3463 2768 παραμετρεῖται
3503 2695 3562 2748 τὸ
3596 2694 3769 2758 ἔλεος.

2196 2784 2334 2841 Ἀλλ’
2357 2789 2505 2858 ὅμως
2530 2789 2623 2843 καὶ
2644 2787 2816 2852 οὕτως
2844 2789 2987 2859 ὑμᾶς
3011 2788 3392 2857 διακειμένους
3420 2786 3774 2855 παντοδαπῆς

2182 2879 2501 2951 ἐπιμελείας
2548 2880 2716 2947 ἀξιῶν
2763 2880 3060 2946 διετέλεσα,
3097 2880 3173 2944 ὡς
3219 2880 3313 2933 καὶ
3360 2882 3472 2942 τοῖς
3528 2879 3772 2950 ἐμαυτοῦ

2185 2974 2490 3044 προφήταις
2540 2972 2714 3036 αἴτιος
2753 2971 2984 3026 θανάτου
3035 2970 3289 3040 γενέσθαι
3319 2988 3332 3001 ·
3364 2974 3443 3034 εἰς
3498 2971 3773 3043 ὑμετέραν

2184 3065 2293 3135 γὰρ
2320 3064 2517 3129 αὑτοὺς
2559 3063 2903 3118 ἀποστέλλων
2928 3062 3298 3123 διδασκαλίαν.
3333 3064 3424 3115 τὸν
3452 3061 3581 3131 παρ’
3613 3062 3773 3131 ὑμῶν

2188 3156 2370 3218 αὐτοῖς
2395 3154 2736 3226 προὺξένησα
2764 3154 3013 3210 θάνατον.
3040 3152 3224 3207 Ταῦτα
3245 3154 3353 3224 γὰρ
3382 3152 3649 3224 ἐδήλωσεν
3687 3152 3769 3204 εἰ-

2190 3246 2394 3320 ρηκώς.

2255 3335 2318 3390 ε’.
2355 3356 2375 3388 ι
2410 3334 2508 3389 Διὰ
2547 3335 2705 3390 τοῦτο
2750 3334 3055 3406 ἀπεθέρισα
3099 3335 3227 3399 τοὺς
3259 3334 3543 3405 προφήτας
3588 3332 3771 3403 ὑμῶν,

2184 3423 2482 3481 ἀπέκτεινα
2504 3426 2700 3491 αὐτοὺς
2728 3424 2772 3455 ⁸³
2806 3426 2864 3477 έν
2896 3425 3102 3494 ῥήματι
3134 3424 3402 3494 στόματός
3427 3440 3549 3495 μου,
3588 3423 3682 3475 καὶ
3712 3423 3776 3475 τὺ

2193 3515 2371 3587 κρῖμά
2405 3533 2507 3587 μου
2542 3516 2616 3579 ὡς
2659 3515 2773 3585 φῶς
2824 3514 3183 3579 ἐξελεύσεται.
3220 3534 3239 3566 ι
3280 3515 3390 3569 Καὶ
3441 3515 3550 3585 γὰρ
3598 3514 3778 3568 ἀπαν-

2184 3624 2284 3671 τας
2307 3608 2433 3669 τοὺς
2473 3608 2758 3679 προφήτας
2788 3605 2857 3660 ἂν
2880 3607 3131 3678 ἀνέλητε,
3162 3608 3222 3661 οὐ
3253 3606 3549 3678 δυνήσεσθε
3595 3605 3779 3669 δεῖξαι

2185 3697 2283 3770 τὴν
2312 3698 2647 3772 προφητείαν
2677 3697 2848 3768 ψευδῆ
2870 3714 2883 3728 ·
2919 3690 3031 3751 οἷόν
3062 3716 3114 3752 τι
3137 3698 3182 3730 ⁸³
3207 3700 3318 3769 γὰρ
3362 3698 3481 3768 φῶς
3511 3694 3614 3767 τὴν
3634 3696 3780 3748 ταύ-

2187 3807 2287 3861 την
2310 3790 2568 3859 ἀλήθειαν
2601 3790 2877 3855 ἐπιδείξω.

2259 3889 2332 3948 ς’.
2374 3902 2393 3934 ι
2432 3884 2577 3937 Διότι
2600 3883 2750 3937 ἔλεον
2785 3884 2943 3950 θέλω,
2986 3884 3079 3937 καὶ
3110 3884 3171 3936 οὑ
3199 3881 3244 3913 ⁸⁵
3278 3881 3469 3935 θυσίαν
3489 3895 3501 3908 ·
3532 3878 3629 3931 καὶ
3654 3877 3781 3932 ἐπί-

2184 3991 2383 4046 γνωσιν
2425 3974 2583 4040 Θεοῦ,
2626 3975 2659 4047 ἢ
2711 3975 3167 4046 ὁλοκαυτώματα.
3203 3972 3367 4027 Αὐτοὶ
3413 3972 3470 4025 δέ
3520 3972 3660 4024 εἰσιν
3697 3971 3781 4034 ὡς

509 4073 612 4145 1ρεὶ
648 4090 775 4130 vero
804 4082 933 4130 sunt
967 4076 1113 4132 sicut
1142 4076 1307 4130 homo
1340 4074 1749 4146 transgrediens
1779 4075 1980 4142 fmdns,
2008 4075 2083 4134 ibi

2185 4066 2471 4138 ἄνθρωπος
2497 4067 2851 4139 παραϐαίνων
2878 4068 3168 4140 διαθήκην,
3198 4068 3317 4120 ἐκεῖ
3345 4064 3780 4134 κατεφρόνησάν

513 4165 726 4236 1339
761 4166 907 4222 enim
947 4174 1403 4236 contempserunt
1439 4181 1545 4223 me.
1574 4185 1595 4219 ι
1628 4165 1929 4224 Saeriticiis
1961 4168 2083 4239 qui-

2186 4174 2290 4229 μου
2316 4157 2383 4210 ⁸⁵⁸.
2419 4176 2438 4209 ι
2468 4157 2686 4211 Θυσιῶν
2729 4158 2829 4229 μὲν
2857 4160 2985 4231 γὰρ,
3016 4156 3266 4229 φησὶν,⁸⁸
3301 4157 3362 4209 οὐ
3411 4154 3778 4227 προσδέομαι,

492 4252 652 4322 'dem,
677 4255 872 4324 inquit,
893 4271 1002 4309 non
1031 4270 1183 4325 egeo.
1206 4256 1447 4326 suscipio
1470 4264 1650 4311 tamen
1671 4256 1763 4311 illa
1791 4258 1862 4313 ob
1889 4265 2083 4315 vestrm

2185 4246 2408 4318 δέχομαι
2456 4247 2514 4301 δὲ
2560 4247 2762 4312 ταύτας
2789 4251 2855 4321 τῇ
2908 4249 3009 4318 τῆς
3041 4249 3315 4320 ὑμετέρας
3343 4248 3570 4319 γνώμης
3604 4247 3778 4301 ἁσοεο

506 4345 1124 4402 mentisiutirmitatem.
1170 4346 1286 4402 Duo
1332 4356 1520 4403 autem
1549 4347 1668 4404 haec
1703 4350 1885 4421 exigo,
1927 4365 2081 4406 amo-

2185 4340 2308 4412 νείᾳ
2355 4339 2827 4409 συγκαταϐαίνων.
2870 4342 3114 4396 Ἀπαιτῶ
3139 4341 3197 4395 δὲ
3221 4342 3288 4394 τά
3312 4342 3404 4394 δύο
3428 4339 3624 4401 ταῦτα,
3669 4340 3777 4409 τήν

507 4453 618 4493 rem
649 4453 778 4509 erga
812 4454 918 4503 me,
950 4447 1005 4493 et
1038 4454 1166 4509 erga
1194 4439 1508 4510 proximum
1546 4439 1919 4499 dilectionem.
1952 4440 2079 4497 Bazc

2185 4449 2244 4484 τε
2292 4432 2421 4504 περὶ
2452 4431 2554 4503 ἐμὲ
2583 4430 2824 4499 εὔνοιαν,
2852 4434 2949 4487 καὶ
2974 4435 3074 4505 τὴν
3123 4433 3204 4495 είς
3234 4431 3323 4485 τὸν
3360 4430 3529 4494 πέλας
3575 4428 3775 4497 φιλαν-

504 4529 649 4585 cnim
681 4530 791 4584 duo
816 4531 993 4599 prima
1024 4530 1204 4600 posui,
1235 4545 1360 4585 cum
1392 4529 1537 4600 leges
1568 4533 1894 4589 condet-em:
1939 4551 1957 4584 ‹
1981 4532 2077 4587 Di-

2185 4521 2448 4594 θρωπίαν.
2482 4521 2666 4579 Ταῦτα
2692 4524 2800 4597 γὰρ
2820 4525 2913 4578 καὶ
2941 4522 3247 4595 νομοθετῶν
3275 4521 3470 4595 πρῶτα
3500 4522 3729 4575 τέθεικα
3758 4538 3773 4549 ·

506 4619 638 4688 liges
668 4617 956 4674 Dominum
1006 4616 1178 4674 Deum
1216 4627 1372 4675 tuum
1403 4635 1470 4675 ex
1512 4629 1627 4676 toto
1671 4623 1835 4678 corde
1865 4628 1983 4687 tuo,
2024 4637 2074 4678 et

2188 4634 2208 4668 ι
2249 4616 2582 4687 Ἀγαπήσεις
2611 4617 2816 4688 Κύριον
2850 4617 2943 4671 τὸν
2969 4616 3100 4670 Θεόν
3128 4632 3222 4670 σου
3256 4613 3317 4680 ἐξ
3345 4614 3473 4684 ὅλης
3499 4614 3601 4682 τῆς
3630 4630 3778 4684 καρ-

505 4726 571 4764 ex
603 4718 715 4765 tota
761 4710 944 4765 anima
985 4723 1098 4775 tua,
1131 4718 1186 4765 et
1232 4725 1298 4769 ex
1338 4718 1452 4768 tota
1506 4721 1689 4767 mente
1743 4721 1858 4775 tua,
1918 4719 1975 4768 et
2009 4724 2074 4770 est

2185 4706 2313 4771 Βίας·
2338 4727 2451 4773 σου,
2488 4712 2584 4763 καὶ
2615 4710 2673 4777 ἐξ
2719 4709 2847 4780 ὅλης
2890 4711 2989 4779 τῆς
3012 4710 3192 4780 ψυχῆς
3232 4726 3348 4773 σου,
3378 4708 3472 4761 καὶ
3520 4707 3581 4771 ἐξ
3623 4707 3761 4776 ὅλης

506 4803 763 4858 omnibus
792 4803 1005 4859 viribus
1041 4804 1153 4860 tuis
1189 4823 1202 4858 :
1250 4810 1304 4859 et
1345 4804 1541 4875 diliges
1578 4803 1887 4874 proximum
1924 4811 2078 4859 tuum

2185 4800 2276 4868 τῆς
2308 4800 2543 4862 διανοίας
2588 4817 2706 4861 σου,
2742 4803 2837 4855 καὶ
2872 4800 2933 4866 ἐξ
2983 4801 3110 4872 ὅλης
3155 4802 3256 4870 τῆς
3301 4796 3581 4869 δυνάμεώς
3626 4814 3727 4849 σου
3754 4814 3769 4824 ι

502 4891 648 4946 sicut
682 4900 733 4946 te
766 4892 944 4963 ipsum
986 4894 1032 4948 ι).
1093 4913 1111 4945 ›
1148 4893 1349 4950 Verum
1393 4894 1510 4949 haec
1557 4908 1659 4965 ego
1706 4892 1925 4962 quidem
1962 4894 2079 4966 lege

2185 4890 2275 4943 καὶ
2306 4889 2613 4960 ἀγαπήσεις
2641 4891 2733 4943 τὸν
2775 4892 3002 4963 πλησίον
3037 4910 3154 4956 σου,
3184 4892 3259 4956 ὡς
3294 4890 3537 4945 σεαυτόν.
3565 4908 3584 4936 ο
3625 4884 3779 4937 Ἀλλ’

506 4983 663 5037 sanxi
699 5002 713 5039 :
760 4992 814 5038 at
843 4984 948 5055 ipsi
979 4986 1187 5042 similes
1219 4986 1347 5041 facti
1394 4995 1524 5043 sunt
1572 4984 1799 5047 homini,
1841 4988 1935 5056 qui
1964 4988 2079 5043 vio-

2185 4983 2292 5047 ἐγω
2333 4981 2433 5051 μὲν
2461 4981 2638 5035 ταῦτα
2662 4983 3064 5055 νενομοθέτηκα
3090 5000 3104 5013 ⁵
3130 4984 3288 5037 αὑτοὶ
3316 4982 3378 5031 δὲ
3405 4976 3647 5030 ἐῡίκασιν
3676 4976 3777 5028 ἀν-

506 5075 584 5128 lat
610 5082 767 5144 pacta
809 5090 932 5146 qua
964 5092 1091 5132 cum
1127 5079 1316 5151 aliquo
1352 5078 1494 5133 iniit.
1535 5074 1802 5130 Similiter
1849 5077 1994 5132 enim
2023 5086 2078 5133 et

2185 5072 2387 5144 θρώπῳ
2412 5075 2510 5138 τὰς
2555 5077 2920 5146 συγκειμένας
2964 5075 3112 5144 αὐτῷ
3147 5071 3284 5142 πρός
3315 5088 3436 5124 τινα
3488 5068 3777 5138 παραϐαί-

508 5163 623 5226 isti,
681 5164 1000 5234 patientiam
1059 5184 1236 5225 meam
1288 5171 1743 5229 contemnentes,
1798 5165 1944 5237 leges
1998 5169 2080 5225 eis

2185 5181 2332 5217 νοντι
2364 5165 2659 5236 συνθήκας.
2711 5164 3118 5237 Παραπλησίως
3162 5162 3273 5234 γὰρ
3318 5162 3411 5214 καὶ
3456 5154 3627 5219 οὑτοι.
3662 5158 3772 5227 τῆς

504 5252 793 5324 impositas
822 5259 1236 5314 conculcarnnt.

2188 5254 2330 5323 ἐμῆς
2390 5254 2769 5327 μακροθυμίας
2803 5254 3302 5328 καταφρονοῦντες,
3339 5251 3468 5315 τοὺς
3505 5249 3775 5314 τεθέντας

2190 5346 2370 5410 αὐτοῖς
2395 5347 2676 5417 ἐπάτησαν
2700 5346 2916 5418 νόμους.

508 3982 871 4040 sacriﬁcium:
905 3985 1190 4040 scientiam
1216 3983 1311 4040 Dei
1345 3983 1519 4055 magis
1544 3998 1706 4054 quam
1738 3984 2083 4041 holocausta.

576 5446 603 5473 ιι
638 5433 653 5486 1
685 5431 811 5489 Cor.
851 5451 971 5502 xm,
1009 5437 1096 5490 t2.
1174 5436 1202 5476 ιι
1232 5435 1397 5492 Marc.
1438 5451 1537 5501 ιιι,
1578 5437 1668 5502 50,
1702 5436 1794 5490 3|.

1850 5526 2083 5584 VARIIE
2123 5527 2531 5589 LECTIONES.

577 5637 618 5667 ι¹
644 5634 685 5690 C
716 5632 1032 5715 γιγνομένη,
1085 5632 1150 5715 ‘5’
1176 5635 1297 5715 αὑτ.
1334 5636 1508 5707 Supra
1554 5641 1606 5694 in
1656 5640 1996 5715 Promm._a_d
2028 5640 2271 5715 Da_n._6_t‘
2298 5642 2453 5715 ὑμᾶς
2476 5641 2601 5715 τοὺς
2637 5660 2940 5715 προφήτας.
2990 5643 3065 5715 ᾲ⁸³
3092 5643 3167 5715 τί.
3201 5640 3258 5696 1η
3294 5640 3350 5715 Β.
3373 5648 3495 5709 post
3521 5650 3775 5715 γαρ-ρο·

506 5706 673 5783 nitur.
706 5700 797 5783 ’δ”
826 5702 919 5783 καὶ
1085 5700 1159 5757 Ita
1204 5704 1383 5769 Alex.,
1416 5700 1579 5783 'que_u
1617 5711 1866 5783 sequitur
1905 5710 2050 5783 llier.
2088 5711 2204 5783 Sed
2228 5700 2468 5783 lectioni
2484 5700 2607 5767 cod'.
2658 5700 2777 5768 Vat'.
2807 5700 2845 5783 ’ἦ
2878 5700 3066 5767 θύσίαν
3101 5712 3287 5770 favent
3332 5700 3773 5771 Irenrens,'T'er-

516 5775 635 5827 tull.
672 5770 889 5836 aliique.
959 5770 1002 5800 ⁵⁵
1033 5772 1116 5826 ἐκ.
1179 5788 1302 5827 κατ.
1354 5770 1476 5844 μού.
1524 5778 1645 5833 Des.
1675 5770 1730 5835 iit
1777 5779 1835 5833 C.
1942 5780 1987 5813 ⁸⁸
2013 5798 2143 5851 φησ.
2189 5780 2314 5834 Des.
2343 5781 2395 5835 in
2431 5779 2507 5837 C.’
