4088 6408
348 436 488 502 1585
532 426 539 431 ’
1329 483 1358 497 ε

1630 435 1712 494 ΙΝ
1750 431 1938 491 OSEE
1976 430 2133 489 CAP.
2174 427 2303 487 VII.

3478 414 3622 479 1586

415 558 487 621 η’,
522 548 589 602 θ’·
625 567 643 599 ί
686 548 1079 619 Κατεφρόνησὲ
1131 566 1232 619 μου
1265 548 1308 580 ⁵⁷
1359 548 1611 617 Γάλγαλα
1659 545 1728 612 ⁸⁸,
1775 546 1928 607 πόλις

2104 540 2267 596 Vens.
2302 540 2354 601 8,
2385 537 2439 592 9.
2475 534 2852 603 «Contempsit
2888 547 2974 587 me
2999 531 3242 603 Galgala,
3278 529 3471 585 civitas
3491 544 3615 599 quae

345 640 693 715 ἐργαζομένη
751 641 984 710 μάταια,
1033 642 1379 712 ταράττουσα
1411 640 1456 673 ’⁸³
1510 638 1675 710 ὕδωρ.
1733 637 1837 692 Καὶ
1892 638 1926 708 ἡ

349 732 505 804 ἰσχύς
560 748 653 785 σου
701 730 895 802 ἀνδρὸς
946 731 1226 801 πειρατοῦ.
1262 753 1280 784 ι
1314 732 1532 804 Ταύτης
1558 730 1653 785 καὶ
1676 730 1788 784 ἄνω
1828 728 1928 798 τῆς

346 823 560 884 πόλεως
612 820 1065 891 ἐμνημόνευσεν,
1114 822 1191 886 ὡς
1244 823 1482 887 εἰδώλοις
1535 822 1924 890 ἀνακειμένης.

345 914 445 967 καὶ
475 912 705 973 πολλοὺς
736 912 816 973 είς
845 910 1100 965 ἀσέϐειαν
1135 913 1563 984 ἐκκαλουμένης.
1596 909 1930 979 Ταράσσειν

345 999 405 1052 δὲ
445 999 643 1060 αὐτοὺς
691 997 795 1068 ἔφη
827 996 1017 1067 ὕδωρ,
1051 1000 1112 1052 τὸ
1156 1001 1397 1072 καθαρὸν
1447 1002 1549 1071 τῆς
1601 999 1929 1067 θεογνωσίας

345 1089 724 1141 ἐπιθολοῦσαν.
754 1089 1013 1158 Πειρατῇ
1039 1090 1096 1143 δὲ
1117 1090 1217 1162 τὴν
1242 1094 1394 1163 ἰσχὺν
1415 1093 1585 1162 αὐτῆς
1605 1091 1927 1151 ἀπείκασεν,

345 1178 535 1250 ἐπειδὴ
570 1182 858 1249 γοητικαίς
904 1181 1269 1250 μαγγανείαις
1316 1183 1410 1235 καὶ
1461 1181 1757 1252 σοφίσμασί
1817 1196 1928 1233 τισι

350 1270 860 1340 μεμηχανημένοις,
892 1270 991 1334 τὰς
1020 1271 1128 1324 τῶν
1170 1271 1406 1325 εἰδώλων
1454 1272 1735 1326 ἐποιοῦντο
1774 1272 1931 1341 κινή-

351 1379 481 1423 σεις.
520 1360 785 1433 Καθάπερ
818 1361 928 1432 γὰρ
962 1363 1013 1415 οἰ
1071 1364 1329 1434 πειραταὶ
1364 1363 1602 1434 κρύϐδην
1647 1365 1761 1426 τοῖς
1802 1381 1932 1416 ναυ-

344 1453 683 1521 τιλλομένοις
717 1454 972 1519 ὲπιᾶσιν,
1032 1452 1206 1517 οὕτως
1239 1457 1287 1507 οἰ
1336 1454 1444 1508 τῶν
1484 1454 1720 1508 εἰδώλων
1770 1454 1931 1523 θερα-

348 1543 573 1609 πευταὶ,
610 1542 687 1614 μὴ
715 1544 1003 1614 δυνάμενοι
1043 1545 1213 1612 δεῖξαι
1259 1546 1553 1618 προφανῶς
1596 1547 1696 1617 τὴν
1726 1547 1932 1599 τούτων

345 1635 654 1704 ἐνέργειαν,
689 1634 778 1689 διά
830 1636 938 1689 τῶν
985 1639 1462 1708 μεμηχανημένων
1513 1638 1696 1701 αὐτοῖς
1738 1655 1932 1707 τεχνα-

348 1726 577 1794 σμὰτων
628 1724 942 1790 ἐξαπατῶσι
990 1729 1118 1790 τοὺς
1182 1729 1464 1800 ἀνοήτους.
1519 1730 1648 1781 Δέον
1698 1729 1753 1782 δὲ
1808 1730 1936 1791 τοὺς

347 1809 529 1875 θείους
561 1809 744 1882 ἱερέας
802 1812 939 1881 μετά
985 1813 1302 1885 παρρησίας
1346 1813 1591 1883 ἐλέγχειν
1623 1813 1723 1884 τὴν
1755 1813 1937 1866 τετολ-

2032 641 2295 705 operatur
2337 643 2479 685 vana
2516 636 2571 683 et
2617 624 2912 681 conturbat
2966 637 3187 693 aquam.
3244 620 3311 675 Et
3350 618 3618 675 fortitudo

2035 734 2127 781 tua
2163 724 2265 779 viri
2299 723 2509 793 pirata).
2553 738 2571 771 ι
2626 717 2800 787 llujus
2831 715 2985 771 urbis
3018 714 3180 768 etiam
3231 725 3397 781 supra
3459 723 3618 763 men-

2032 818 2235 871 tionem
2284 812 2432 878 fecit,
2468 821 2526 866 ut
2560 808 2722 865 idolis
2755 805 2974 868 deditae,
3000 814 3054 858 et
3084 802 3289 857 multos
3323 800 3391 855 ad
3428 799 3618 868 impie-

2032 915 2198 962 tatem
2232 902 2609 976 provocantis.
2648 899 2714 953 Et
2744 896 3059 953 conturbare
3103 909 3199 950 eos
3235 908 3424 962 aquam
3452 891 3614 956 dixit,

2032 1013 2153 1067 qua:
2188 996 2450 1050 nimirum
2495 991 2590 1047 Dei
2638 990 2921 1045 notionem
2973 1000 3165 1055 puram
3201 981 3457 1037 sordibus
3488 980 3619 1034 inli-

2032 1088 2235 1144 ciebat.
2269 1084 2471 1139 Piratw
2511 1096 2643 1137 vero
2675 1092 2867 1135 eorum
2903 1072 3278 1129 fortitudinem
3304 1073 3612 1137 comparat,

2033 1178 2177 1249 quod
2208 1174 2608 1247 praestigiarum
2654 1169 2831 1242 plenis
2886 1162 3392 1221 machinationibus
3424 1170 3477 1211 et
3510 1158 3614 1211 fal-

2035 1269 2191 1324 laciis
2221 1263 2553 1337 quibusdam
2586 1262 2729 1317 idola
2771 1256 2979 1313 moveri
3009 1254 3270 1310 facerent.
3307 1249 3524 1304 Etenim
3561 1257 3616 1300 et

2034 1361 2125 1432 qui
2162 1358 2451 1430 piraticam
2495 1352 2739 1415 faciunt,
2791 1348 3009 1404 occulte
3062 1345 3381 1414 navigantes
3435 1339 3617 1395 adori-

2035 1431 2252 1507 untur:
2288 1449 2368 1504 sic
2402 1445 2675 1501 idolorum
2713 1441 2980 1504 cultores,
3012 1451 3121 1492 non
3155 1443 3342 1506 aperte
3378 1431 3617 1487 valentes

2035 1545 2271 1599 istorum
2315 1537 2610 1594 ellicaciam
2642 1533 3044 1592 demonstrare,
3075 1525 3402 1596 insrpientes
3452 1536 3618 1577 exeo-

2035 1630 2220 1701 gitatis
2259 1626 2595 1698 quibusdam
2644 1621 2935 1677 fraudibus
2985 1617 3201 1672 fallunt.
3253 1615 3390 1670 Cum
3435 1621 3618 1667 autem
3666 1666 3688 1685 κ

2036 1736 2139 1791 par
2191 1726 2364 1781 esset,
2401 1724 2610 1771 tantam
2649 1713 2982 1783 impietatem
3019 1724 3049 1763 a
3103 1708 3198 1762 Dei
3232 1702 3618 1762 sacerdotibus

2039 1812 2207 1867 libere
2238 1806 2592 1881 reprehendi,
2625 1803 2850 1861 silentio
2894 1797 3271 1871 prateribant,
3325 1795 3617 1863 impiorum

353 1878 909 1972 uquéqudaé’ietav,
934 1878 1172 1972 ἐσίγων,
1200 1905 1303 1976 τὴν
1328 1878 1815 1959 τῶνάσεϐούντων
1843 1905 1932 1958 δε-

2040 1878 2320 1958 timentes
2347 1899 2642 1956 insaniam.
2668 1894 2845 1951 Justis
2902 1893 3070 1963 igitur
3105 1887 3320 1960 1350
3341 1889 3409 1942 de
3432 1884 3620 1941 causis

345 1993 522 2057 διότες
557 1994 772 2065 μανίαν.
825 1994 1065 2058 Εἰκότως
1094 1995 1274 2048 τοίνυν
1304 1995 1484 2049 αὐτῶν
1518 1997 1614 2051 καὶ
1658 1996 1806 2067 μάλα
1855 1998 1932 2049 δι-

349 2081 526 2149 καίως
550 2085 866 2154 κατηγορεῖ,
901 2083 1076 2152 λέγων
1092 2098 1107 2114 ο

427 2193 447 2227 ι
486 2176 769 2246 Ἕκρυψαν
814 2177 976 2247 ίερεῖς
1010 2175 1128 2229 ὁδὸν
1156 2176 1363 2248 Κυρίου
1393 2176 1460 2243 ⁸⁸,
1512 2176 1811 2245 ἐφόνευσαν
1841 2177 1927 2229 Σίε

346 2284 525 2336 κημα,
554 2267 636 2319 ὅτι
667 2266 895 2336 ἀνομίαν
925 2265 1186 2337 ἐποίησαν
1210 2267 1275 2322 ³⁸.
1306 2267 1382 2339 (ι’,
1408 2267 1522 2337 ια’.)
1563 2268 1651 2320 Ἐν
1683 2267 1761 2338 τῷ
1794 2268 1929 2338 οἴκῳ

360 2356 577 2427 Ἰσραὴλ
614 2351 755 2409 εἶδον
800 2355 1047 2427 φρικώδη
1092 2357 1211 2409 ἐκεῖ
1237 2358 1494 2428 πορνείαν
1526 2356 1622 2411 τοῦ
1663 2357 1926 2430 Ἐφραῒμ,

348 2448 583 2517 ἐμιάνθη
620 2446 855 2517 Ἰσραήλ.
891 2447 1000 2500 Καὶ
1045 2447 1215 2501 Ἰούδα
1233 2450 1278 2481 ³³
1325 2449 1505 2520 ἀφῆκε
1533 2450 1791 2521 θερισμὸν
1827 2451 1928 2502 αὑ-

348 2538 502 2593 τοῦ.ι
535 2540 601 2592 Ὃ
622 2538 680 2591 δὲ
706 2539 872 2604 λέγει,
888 2538 1128 2594 τοιοῦτόν
1146 2541 1282 2595 ἐστι.
1313 2540 1447 2595 Λευῒ
1464 2542 1532 2607 ⁸³,
1549 2545 1576 2594 ό
1595 2542 1703 2595 τῶν
1736 2542 1925 2612 ἱερέων

354 2630 675 2700 προπάτωρ,
714 2628 792 2698 τῷ
844 2628 1070 2700 Συμεὼν
1121 2632 1464 2703 χρησάμενος
1500 2634 1767 2705 συνεργῷ,
1823 2636 1925 2706 τὴν

349 2717 642 2787 Σικιμιτῶν
677 2720 830 2771 πόλιν
860 2719 1029 2790 ἄρδην
1049 2718 1313 2790 ἠφάνισεν
1336 2721 1573 2788 ἃπασαν,
1597 2724 1695 2794 τῆς
1722 2725 1803 2788 εἰς
1825 2725 1924 2795 τὴν

346 2808 580 2881 ἀδελφὴν
651 2810 863 2881 ὕϐρεως
932 2813 1126 2883 ποινὴν
1180 2813 1306 2877 τοὺς
1363 2816 1829 2885 πεπαρῳνηκότας
1876 2816 1925 2848 ⁸⁸

346 2902 745 2972 πραττόμενος.
779 2902 1035 2973 Ἐγκαλεῖ
1057 2907 1171 2969 τοῖς
1220 2905 1475 2977 ἰερεῦσιν,
1509 2907 1589 2961 ὅτι
1610 2922 1624 2935 ·
1664 2909 1921 2961 Ἐκείνων

343 2993 501 3057 ὄντες
540 2995 816 3062 ἀπόγονοι,
848 2995 957 3050 τῶν
985 2997 1228 3066 ἐκείνων,
1272 3000 1457 3071 φησιν,
1500 2999 1600 3052 ούκ
1652 3001 1923 3069 ἐσχήκατε

345 3082 532 3149 ζῆλον.
573 3084 802 3137 Ἐκεῖνοι
835 3085 934 3155 μὲν
959 3084 1069 3156 γάρ
1115 3084 1463 3158 ἐτιμώρησαν
1505 3087 1810 3159 ἠδικημένη
1856 3089 1922 3158 τῇ

345 3175 580 3245 ἀδελφῇ,
629 3175 725 3229 καὶ
761 3175 902 3247 ὑπὲρ
949 3176 1049 3247 τῆς
1099 3175 1360 3248 πατρῴας
1397 3178 1573 3241 οἰκίας
1598 3178 1878 3251 ἐζήλωσαν
1905 3194 1923 3209 ·

346 3264 513 3333 ὑμεῖς
537 3264 614 3328 δὲ,
654 3266 832 3336 πάσης
864 3266 1028 3338 τιμῆς
1062 3267 1449 3333 ἀπολαύοντες,
1498 3267 1621 3322 ούδέ
1661 3268 1933 3338 διελέγξαι

343 3356 452 3428 τὴν
480 3358 561 3420 είς
584 3357 683 3428 ἐμὲ
710 3358 1042 3443 γιγνομένην
1066 3361 1415 3432 παρανομίαν
1435 3360 1751 3431 ἠνέσχεσθε.
1794 3362 1934 3415 Ἀλλ’

347 3446 594 3518 ὁρῶντες
624 3449 695 3501 τὰ
725 3450 970 3521 φρικώδη
1001 3452 1184 3504 ἐκεῖνα
1217 3452 1312 3505 καὶ
1348 3452 1488 3522 μετά
1510 3451 1666 3516 δέους
1692 3453 1937 3524 μιάσμα-

348 3556 444 3601 τα,
474 3540 572 3609 οὐχ
602 3540 693 3610 ὑφ’
720 3539 840 3604 ἐνὸς
869 3539 1165 3614 ἀνθρώπου
1184 3541 1535 3614 τολμώμενα,
1565 3543 1702 3597 ἀλλά
1739 3544 1939 3608 παντὸς

350 3630 452 3684 ’τοῦ
479 3648 537 3685 τε
575 3630 816 3703 Ἐφραῖμ
835 3634 1043 3688 καὶτοῦ
1076 3634 1265 3699 Ἰούδα,
1291 3634 1552 3703 σιγῶντες
1578 3634 1936 3693 διετελέσατε.

353 3721 434 3774 Τὸ
462 3721 521 3774 δὲ
568 3722 787 3777 πάντων
814 3724 1205 3796 ἀνιαρώταταν,
1238 3726 1320 3780 ὅτι
1354 3727 1477 3781 καθ’
1507 3727 1567 3780 ὃν
1615 3726 1722 3780 ἔδει
1748 3725 1942 3798 καιρὸν

358 3811 598 3882 θερίζειν
652 3814 745 3869 τὸν
811 3814 1012 3871 Ἰούδαν
1065 3818 1175 3871 τῶν
1226 3817 1386 3873 θείων
1428 3817 1771 3888 ἐπαγγελιῶν
1815 3819 1941 3883 τοὺς

364 3902 634 3970 καρποὺς,
665 3905 785 3959 τότε
813 3907 906 3959 τὸν
934 3906 1145 3979 ἀμητδν
1177 3909 1460 3979 ἀθέριστον
1499 3892 1892 3964 καταλέλοιπεν
1923 3924 1939 3940 ⁸

363 3989 507 4043 ἀλλά
551 3994 652 4064 τῆς
695 3995 984 4068 ὀλιγωρίας
1028 3999 1125 4051 καὶ
1181 3997 1466 4070 ῥᾳστώνης
1494 4000 1866 4071 παυσάμενος,
1897 3994 1944 4055 ὦ

375 4081 547 4138 Ἰούδα
566 4101 581 4115 ο
625 4104 645 4138 r
674 4088 879 4159 ¹ΙἈρχου
907 4090 1116 4162 τρυγᾷν
1142 4089 1352 4161 σεαυτῷ
1401 4092 1458 4144 ἐν
1486 4090 1565 4162 τῷ
1596 4091 1945 4162 ἐπιστρέφειν

364 4190 441 4246 με
472 4176 573 4247 τὴν
607 4177 981 4248 αἰχμαλωσίαν
1033 4179 1126 4234 τοῦ
1157 4181 1289 4235 λαοῦ
1323 4199 1446 4253 μου,
1482 4183 1539 4235 ἐν
1567 4180 1621 4214 ⁵⁸
1650 4180 1729 4252 τῷ
1763 4180 1945 4237 ἰᾶσθαί

363 4283 437 4337 με
467 4267 560 4321 τὸν
589 4268 863 4341 Ἰσραήλά
907 4273 1148 4346 Ἐπειδὴ,
1185 4275 1339 4347 φησὶ,
1368 4274 1473 4347 πρὸ
1498 4277 1595 4346 τῆς
1618 4274 1730 4328 τῶν
1756 4273 1946 4330 κακῶν

360 4357 586 4431 πείρας,
606 4361 708 4415 οὐκ
722 4362 998 4435 ἠθέλησας
1025 4368 1155 4431 τοὺς
1175 4368 1275 4436 τῆς
1301 4367 1651 4440 δικαιοσύνης
1675 4367 1946 4440 τρυγῆσαι

361 4450 639 4520 καρποὺς,
686 4450 784 4507 νῦν
830 4454 880 4487 ⁸⁸
938 4456 1078 4527 μετά
1129 4458 1229 4531 τὴν
1288 4461 1504 4529 πεῖραν,
1536 4459 1629 4513 καὶ
1665 4459 1804 4529 μετά
1849 4456 1948 4529 τὴν

2039 2009 2134 2049 eos
2157 2000 2400 2056 accusat,
2442 1989 2630 2045 dicens
2655 2004 2670 2040 :

2114 2175 2572 2234 «Absconderunt
2622 2167 2939 2228 sacerdotes
2973 2165 3117 2222 viam
3165 2158 3620 2217 Dominizinter-

2037 2275 2287 2328 fecerunt
2317 2267 2597 2330 Siehema,
2631 2264 2759 2334 quia
2804 2259 3153 2330 iniquitatem
3197 2253 3408 2325 operati
3467 2259 3618 2307 sunt.

2036 2368 2054 2434 (
2087 2363 2251 2417 Vens.
2279 2360 2362 2426 l0,
2399 2357 2532 2427 ll.)
2573 2356 2633 2410 In
2663 2354 2827 2410 domo
2871 2348 3092 2407 lsraelis
3142 2347 3258 2402 vidi
3298 2342 3620 2401 horribilem

2034 2455 2108 2511 ibi
2175 2451 2600 2507 fornicationem
2677 2443 3005 2516 Ephraimi,
3059 2438 3467 2495 contaminatus
3537 2443 3625 2488 est

2033 2543 2224 2601 lsrael.
2252 2539 2477 2596 EtJuda
2504 2537 2715 2594 dimisit
2742 2548 2978 2593 messem
3011 2546 3189 2588 suam.
3231 2548 3250 2581 ι
3283 2527 3438 2594 Quod
3467 2527 3624 2597 (pro-

2032 2635 2214 2708 pheta)
2235 2635 2332 2698 ait,
2357 2629 2631 2702 ejusmodi
2647 2637 2765 2684 est:
2796 2627 2949 2693 Levi,
2975 2623 3329 2681 sacerdotum
3351 2621 3382 2656 “
3402 2632 3624 2690 parens,

2033 2729 2291 2785 Simeone
2310 2736 2446 2780 usus
2479 2718 3190 2792 adjutore,‘Sichemitarum
3219 2714 3407 2769 urbem
3441 2709 3625 2764 fundi-

2032 2830 2123 2877 tus
2154 2818 2376 2880 delevit,
2407 2830 2623 2887 poenam
2656 2827 2882 2870 sumens
2924 2826 3023 2880 pro
3062 2805 3390 2864 contumelia
3439 2799 3621 2855 sorori

2032 2913 2205 2975 illata,
2231 2909 2298 2964 de
2339 2907 2427 2963 his
2461 2907 2552 2977 qui
2589 2905 2697 2960 tale
2728 2903 2947 2958 facinus
2997 2899 3339 2955 admiserant
3367 2905 3414 2947 α.
3443 2892 3628 2946 incre-

2034 3007 2126 3072 pat
2174 3010 2306 3068 ergo
2354 2994 2696 3057 sacerdotes,
2741 2989 2900 3062 quasi
2935 2989 3175 3044 dicens:
3219 2984 3356 3039 Cum
3406 2982 3626 3034 illorum

2034 3088 2241 3163 posteri
2270 3087 2414 3153 sitis,
2447 3086 2572 3141 illos
2606 3099 2718 3139 non
2768 3083 2903 3136 estis
2932 3077 3196 3135 aemulati.
3243 3075 3327 3129 illi
3356 3072 3502 3128 enim
3535 3083 3628 3126 so-

2035 3196 2217 3236 rorem
2283 3177 2486 3249 injuria
2538 3175 2790 3231 ali'ectam
2849 3172 2951 3227 ulti
3006 3177 3159 3235 sunt,
3214 3177 3269 3223 et
3322 3180 3421 3237 pro
3463 3164 3631 3219 domo

2036 3282 2266 3345 paterna
2289 3271 2643 3326 vehementer
2677 3270 3059 3338 pugnaverunt
3087 3281 3100 3315 ι
3131 3275 3227 3314 vos
3255 3267 3437 3313 autem
3477 3255 3626 3309 omni

2037 3366 2246 3420 honore
2266 3360 2470 3428 aii'ecti,
2499 3375 2568 3415 ne
2588 3370 2821 3429 arguere
2841 3355 3062 3427 quidem
3104 3352 3161 3406 in
3199 3364 3287 3406 me
3327 3345 3627 3404 commissa

2041 3455 2287 3511 facinora
2328 3452 2592 3509 curastis.
2644 3448 2962 3515 Quin,eum
3017 3441 3277 3499 videretis
3344 3436 3626 3493 horribilia

2040 3547 2133 3601 illa
2163 3551 2220 3601 et
2262 3542 2558 3600 metuenda
2597 3540 2807 3597 scelera
2836 3552 2947 3593 non
2976 3536 3045 3591 ab
3076 3547 3187 3589 uno
3231 3530 3499 3591 admissa,
3534 3525 3628 3582 sed

2045 3634 2116 3694 ab
2166 3636 2319 3693 omni
2369 3634 2673 3706 Ephraimo
2701 3640 2756 3689 et
2790 3628 2954 3694 Juda,
2994 3634 3261 3699 perpetuo
3308 3621 3531 3679 silentio
3564 3634 3630 3674 ea

2044 3730 2368 3786 transiistis.
2401 3725 2561 3794 Quod
2607 3738 2740 3781 vero
2785 3721 3030 3778 omnium
3069 3726 3157 3773 est
3187 3713 3631 3772 acerbissimum,

2045 3836 2155 3894 quo
2180 3831 2433 3892 tempore
2462 3815 2707 3874 metendi
2748 3820 2908 3870 erant
2935 3826 2965 3866 a
2991 3810 3131 3866 Juda
3156 3809 3474 3865 divinorum
3504 3816 3633 3872 pro-

2043 3893 2344 3972 missorum
2374 3911 2613 3974 fructus,
2644 3920 2879 3963 messem
2911 3919 3025 3959 non
3053 3902 3343 3958 collectam
3374 3893 3628 3964 reliquit.

2045 4005 2433 4063 Verumtamen
2462 4015 2699 4057 excusso
2728 3996 2881 4053 omni
2926 4002 3149 4065 torpore
3196 4001 3360 4060 atque
3406 3983 3632 4045 inertia,

2045 4113 2080 4155 o
2111 4095 2273 4163 Juda,
2308 4112 2327 4147 ι
2350 4094 2535 4163 incipe
2580 4089 2925 4145 vindemiare
2953 4086 3079 4150 tibi,
3133 4097 3257 4138 cum
3309 4081 3633 4133 convertere

2045 4162 2414 4257 captivitatem
2441 4162 2627 4253 populi
2651 4178 2780 4243 mei,
2821 4190 2950 4233 cum
2980 4186 3179 4231 sanare
3211 4168 3437 4222 voluero
3461 4162 3633 4220 lsrac-

2046 4278 2177 4334 lem.
2220 4295 2240 4329 ι
2273 4274 2568 4343 Quoniam,
2604 4269 2807 4341 inquit,
2842 4274 3139 4335 antequam
3183 4261 3326 4316 mala
3374 4260 3634 4327 expertus

2049 4382 2226 4435 esses,
2247 4365 2477 4440 iustitiae
2498 4362 2715 4419 fructus
2743 4358 3031 4432 percipere
3059 4353 3308 4412 noluisti,
3330 4362 3479 4405 nunc
3504 4351 3627 4416 post

2049 4461 2508 4533 experimentum,
2534 4461 2591 4511 et
2607 4461 2731 4524 post
2758 4450 2991 4507 reditum
3017 4462 3049 4503 c
3068 4444 3409 4516 captivitate.
3434 4451 3634 4493 secun-

361 4540 476 4594 ἀπὸ
507 4542 555 4575 "
603 4547 705 4615 τῆς
754 4545 1136 4619 αἰχμαλωσίας
1184 4528 1463 4618 ἐπάνοδον,
1511 4528 1749 4623 ἐννόμως
1790 4528 1934 4604 πολι-

2054 4528 2186 4610 duin
2211 4552 2385 4622 legem
2415 4548 2559 4616 vive,
2594 4545 2805 4618 135.1
2837 4542 3163 4609 fructusque
3213 4535 3341 4590 inde
3380 4528 3638 4623 proveni-

360 4633 548 4700 τεύου,
568 4639 663 4690 καὶ
689 4637 819 4702 τοὺς
839 4639 1090 4695 ἐντεῦθεν
1119 4644 1426 4714 φυομένους
1448 4643 1648 4714 δρέπου
1678 4640 1947 4714 καρπούς.

364 4725 704 4799 Προσφόρως
752 4729 810 4784 δὲ
862 4727 1050 4786 εἶπεν*
1089 4753 1108 4786 ι
1154 4734 1358 4806 Ἀρχου
1390 4736 1597 4806 τρυγᾷν
1631 4734 1845 4806 σεαυτῷ
1872 4750 1888 4765 ·
1927 4753 1946 4787 ι

362 4816 433 4868 οὐ
481 4818 593 4890 γάρ
634 4819 713 4890 τῷ
759 4822 881 4896 Θεῷ
924 4842 977 4879 τι
1019 4826 1330 4898 παρέχομεν
1378 4827 1621 4900 ἐννόμως
1663 4826 1949 4881 πολιτευόο

371 4921 528 4975 μενοι
551 4945 567 4970 ,
613 4911 732 4967 ἀλλ’
766 4916 897 4987 ἡμῖν
940 4916 1124 4984 αὐτοῖς
1153 4919 1223 4973 τά
1250 4920 1503 4975 ἐντεῦθεν
1550 4919 1957 4991 προξενούμενα

370 4996 580 5064 ἀγαθά.

990 5100 1239 5155 ΚΕΦΑΛ.
1281 5102 1356 5156 Ζ⁸.

447 5199 517 5255 α’.
552 5223 574 5256 ‹
604 5204 717 5260 Καὶ
758 5209 1282 5284 ἀποκαλυφθήσεται
1331 5215 1366 5283 ἠ
1432 5214 1619 5268 ἀδικία
1688 5210 1950 5284 Ἐφρὰῖμ,

451 5346 478 5376 ι
512 5336 652 5396 Gen.
680 5356 871 5408 xxxrv,
911 5342 1005 5399 25.

2053 4652 2209 4702 entes
2237 4619 2492 4710 decerpe.
2525 4639 2781 4708 (longrue
2814 4640 3000 4689 autem
3041 4628 3202 4694 dixit,
3241 4643 3259 4677 ι
3292 4624 3479 4691 incipe
3517 4619 3635 4673 vin-

2054 4734 2298 4791 demiare
2323 4731 2418 4786 tibi
2446 4748 2459 4785 :
2492 4747 2512 4781 ι
2551 4743 2679 4783 nam
2712 4726 2824 4781 Deo
2853 4722 2988 4779 nihil
3015 4720 3311 4782 donamus,
3335 4727 3459 4769 cum
3487 4710 3639 4780 justo

2055 4826 2317 4889 vivimus,
2373 4820 2469 4877 sed
2505 4820 2664 4876 nobis
2710 4817 2847 4887 ipsis
2883 4813 3012 4869 inde
3053 4812 3197 4866 bona
3230 4816 3636 4875 comparamus.

2667 5084 2897 5143 CAPUT
2926 5082 3043 5139 Vl}.

2136 5208 2301 5265 Vsus.
2338 5208 2387 5261 l.
2440 5224 2459 5258 ι
2498 5206 2566 5260 Ει
2590 5201 2929 5258 revelabitur
2964 5195 3233 5269 iniquitas
3268 5191 3549 5264 Ephraimi
3591 5199 3645 5246 et

1688 5471 1920 5528 VARUE
1960 5467 2369 5526 LECTIONES.
2382 5522 2395 5531 .

377 5638 666 5762 “EX”.
724 5658 849 5712 μου.
908 5643 1035 5726 Des.
1073 5643 1129 5699 h.
1167 5642 1206 5698 l.
1258 5644 1402 5732 apud

507 5726 596 5762 υο.
644 5708 841 5762 Exstat
896 5723 1062 5762 etiam
1093 5714 1235 5762 amid
1268 5714 1395 5762 (.vr.

380 5712 431 5814 εἰ
451 5709 596 5790 Κυρ.
644 5708 841 5793 Exstat
896 5714 1062 5768 etiam
1093 5714 1236 5784 apud
1268 5708 1310 5772 C
1351 5730 1395 5769 r.

456 5778 603 5835 Edit.
668 5796 823 5841 prior
872 5782 1001 5839 hab.
1077 5784 1275 5841 Λευής.

668 5785 823 5857 prior
872 5785 1001 5839 hab.
1035 5855 1048 5857 _
1077 5785 1275 5857 Λευής.
1309 5785 1370 5841 C.

1449 5642 1614 5699 LXX.
1653 5643 1711 5698 In
1741 5642 1782 5697 Ο
1809 5658 1996 5714 praem.
2056 5645 2193 5697 ἐκεῖ.
2256 5642 2316 5714 ζ’
2347 5639 2517 5714 Γάλγ.
2565 5637 2708 5714 LX}
2729 5677 2745 5703 ,
2774 5637 3024 5714 falces.
3092 5636 3150 5714 ff
3178 5634 3223 5687 (ἶ
3244 5632 3639 5714 fugaefugae.

1407 5754 1422 5780 ,
1474 5716 1590 5769 des.
1624 5702 1894 5768 autem'in
1926 5713 2091 5769 Hebr.
2167 5714 2208 5745 ⁸¹
2242 5711 2284 5767 C
2334 5702 2559 5779 ἐποίησε
2602 5707 2690 5780 ,τῷ
2732 5702 2877 5780 οἴκῳ
2931 5706 3196 5780 Ἰσραήλ.Δ
3241 5702 3287 5735 ⁸¹

1414 5774 1598 5847 Λευίς.
1628 5808 1631 5811 -
1699 5784 1746 5815 ⁸⁵
1774 5800 1908 5836 πεπ.
1946 5784 2019 5839 Ita
2050 5798 2174 5837 cum
2216 5782 2258 5837 C
2286 5774 2524 5849 legimus
2558 5774 2725 5849 Sinti.
2763 5774 3317 5849 πε’ἔτιεριινομηκόταςἶ

3422 5699 3641 5761 Ἰούδας.

3415 5772 3461 5803 ⁸⁵
3491 5772 3646 5823 ἐνσ-ο

397 5849 639 5922 Ἰσραήλ.
670 5839 775 5906 λά.
803 5866 855 5908 e.
900 5869 975 5910 vn
1030 5855 1081 5922 l,
1134 5839 1252 5912 haec
1286 5839 1588 5926 pertinent,
1625 5852 1780 5923 juxta
1822 5852 1986 5910 llebr.
2020 5863 2073 5911 et
2103 5851 2269 5909 LXX.
2340 5839 2393 5885 ἴα
2421 5850 2537 5905 νῦν.
2568 5849 2611 5906 ϐ
2640 5847 2734 5903 νῦν
2766 5850 2818 5918 γ’
2857 5839 2972 5902 οὖν.
3049 5839 3092 5878 ⁵⁷
3117 5839 3246 5900 ἀπό.
3288 5841 3363 5899 Ex
3386 5840 3427 5897 C
3460 5839 3641 5911 suppl.
