4088 6408
380 381 522 449 1589

1716 374 1793 435 ΙΝ
1832 374 2019 434 OSEE
2060 373 2217 432 CAP.
2260 372 2391 436 VII.

3497 334 3657 434 iam

378 494 652 559 συζῶντες
698 491 810 554 τοῖς
859 489 1158 561 γνωρίμοις
1212 486 1606 553 λυμαίνονται·
1673 485 1959 554 φθείρουσι

2071 479 2232 536 Docet
2270 481 2495 549 insuper
2529 496 2645 546 eos,
2692 491 2859 535 noctu
2895 482 3126 536 insidias
3157 481 3381 539 assidue
3436 486 3635 537 machi-

374 587 486 655 γὰρ
522 582 629 653 ἢθη
666 580 880 652 χρηστὰ
921 579 1129 651 ὁμιλίαι
1159 578 1361 632 κακαί’
1407 577 1648 635 διδάσκει
1695 576 1776 641 δὲ,
1812 575 1888 638 ὼς
1912 575 1957 605 ⁷³

375 676 471 730 καίΙ
506 676 722 743 νύκτωρ
770 671 872 733 τὰς
919 670 1215 734 ἐπιϐουλὰς
1271 670 1541 723 διετέλουν
1606 666 1956 732 καττύοντες,

375 764 475 817 καὶ
506 762 624 832 μεθ’
663 762 880 832 ἡμέραν
928 760 1101 831 πυρὸς
1148 761 1306 832 δίκην
1333 761 1460 823 τοὺς
1491 759 1581 812 ὑπ’
1613 757 1796 810 αὐτῶν
1840 756 1958 810 ἀδι-

376 851 684 923 κουμένους
730 849 1034 921 διέφθειρον
1056 851 1104 882 ⁷⁵
1130 867 1142 880 ·
1176 849 1237 902 τὸ
1288 849 1398 921 γὰρ
1420 892 1434 915 ,
1482 868 1502 901 ι
1547 849 1637 901 Ἐν
1678 847 1759 918 τῷ
1793 864 1961 901 mra.-

380 943 606 1015 ράσσειν
644 942 842 1005 αὐτοὺς
874 939 1003 1010 ὃλην
1039 937 1138 1010 τὴν
1184 938 1374 1004 νύκτα,
1410 957 1429 991 ›
1467 940 1514 992 οί
1545 939 1746 1002 πάντες
1788 938 1962 1007 ἐρμη-

374 1036 565 1089 νευταὶ
624 1031 934 1106 συμφώνως
1002 1030 1341 1099 ἐνεδρεύειν
1393 1031 1722 1085 τεθείκασιν.
1791 1028 1963 1082 Ἀλλὰ

374 1126 583 1179 τούτων
630 1123 839 1178 τίσουσι
898 1121 1057 1185 δίκας
1078 1121 1169 1154 ⁷⁵·
1219 1140 1238 1172 ι
1279 1120 1398 1192 Πῦρ
1447 1120 1557 1190 γὰρ
1608 1119 1960 1187 κατέφαγε⁷⁶

372 1218 504 1279 τοὺς
532 1219 727 1286 κριτὰς
768 1211 970 1275 αὐτῶν,
1017 1212 1218 1275 πάντες
1247 1212 1297 1264 οί
1340 1210 1585 1282 βασιλεῖς
1622 1209 1801 1262 αὐτῶν
1842 1208 1963 1261 ἔπεα

377 1326 491 1363 σον.
540 1327 558 1359 ι
605 1308 714 1359 Καὶ
762 1305 824 1359 τὸ
880 1306 1099 1359 πάντων
1156 1306 1330 1358 αῐτιον
1372 1304 1481 1357 τῶν
1512 1302 1736 1366 κακῶν,
1782 1321 1799 1353 ι
1848 1302 1963 1354 Οὐκ

370 1391 442 1465 ἦν
472 1397 642 1468 γὰρ⁷⁷
676 1399 735 1449 ἐν
766 1397 952 1459 αὐτοῖς
975 1397 1003 1448 6
1033 1393 1461 1464 ἐπικαλούμενος
1495 1394 1634 1464 πρός
1677 1410 1763 1462 με.
1810 1412 1828 1443 ι
1876 1393 1963 1456 Ὠς

375 1487 794 1560 παρεληλυθότα
830 1487 899 1539 τὰ
940 1486 1175 1557 ἐσόμενα
1204 1487 1416 1558 εἴρηκε,
1448 1485 1687 1547 δεικνὺς,
1717 1483 1793 1546 ὡς
1825 1484 1963 1537 πᾶν·

373 1597 482 1643 τως
526 1578 702 1632 ταῦτα
740 1578 1035 1648 γενήσεται
1062 1616 1078 1642 ,
1114 1578 1209 1631 καὶ
1261 1576 1416 1630 οὐδὲν
1451 1574 1685 1630 κωλύσει
1729 1576 1829 1647 τὴν
1863 1576 1964 1645 τῆς

375 1673 741 1744 προρρήσεως
788 1672 1036 1727 ἔκϐασιν.
1077 1672 1249 1725 Τοῦτο
1306 1674 1401 1726 καὶ
1434 1672 1585 1743 παρὰ
1617 1674 1730 1737 τοῖς
1784 1673 1966 1737 ἄλλοις

377 1765 694 1837 προφήταις
722 1764 1053 1835 εὑρίσκομεν
1092 1765 1153 1818 τὸ
1185 1765 1384 1835 ἰδίωμα
1404 1781 1419 1796 ο
1449 1766 1691 1837 καὶγὰρ
1732 1765 1963 1828 Ἡσαΐας

379 1820 517 1926 βοᾲζ
725 1820 997 1925 πρόϐατον
1026 1854 1116 1906 ἐπὶ
1151 1820 1365 1925 σφαγὴν
1399 1820 1625 1926 ἧχθηΪ.»
1659 1820 1799 1909 ίίαίο
1838 1874 1855 1907 ι
1996 1820 2036 1874 Β

377 1943 565 2015 κρίσις
615 1941 781 1997 αὐτοῦ
826 1943 992 2014 ἤρθη.
1033 1962 1053 1994 ι
1085 1942 1235 1995 Καίο
1278 1961 1296 1993 ι
1355 1942 1583 2013 Εἰδομεν
1627 1944 1824 2006 αὐτὸν,
1871 1943 1963 1998 καὶ

374 2035 481 2087 οὐκ
514 2029 658 2104 εἶχεν
680 2029 840 2100 εἶδος,
865 2032 986 2085 οὐδὲ
1011 2032 1209 2096 κάλλος
1231 2049 1245 2063 ο
1290 2052 1308 2084 ι
1347 2033 1469 2086 ἀντὶ
1500 2033 1618 2097 τοῦ,
1662 2034 1959 2106 Ὀῲὸμεθα,

378 2124 476 2178 καὶ
512 2123 861 2194 Ἀρθήσεται,
893 2121 989 2175 καὶ
1030 2121 1375 2193 Ἀχθήσεται.
1403 2123 1514 2176 Καὶ
1538 2124 1701 2177 πάλιν
1721 2140 1735 2155 ο
1781 2142 1799 2175 ι
1840 2125 1961 2179 Ὅτι

376 2214 591 2269 παιδίον
617 2214 885 2284 ἐγεννήθη
919 2216 1052 2285 ἡμῖν
1084 2215 1221 2279 υίὸς,
1257 2216 1349 2268 καὶ
1380 2215 1536 2287 ἐδόθη
1568 2218 1699 2287 ἡμῖν
1721 2234 1734 2247 ·
1780 2238 1798 2268 ι
1843 2218 1964 2271 ἀντὶ

374 2306 495 2368 τοῦ,
531 2305 961 2377 Γεννηθήσεται,
1017 2306 1113 2359 καὶ
1166 2306 1488 2377 Δοθὴσεται.
1555 2308 1835 2364 Ἐντεῦθεν
1883 2311 1962 2374 είς

371 2397 636 2467 δευτέραν
676 2395 1012 2466 κατηγορίαν
1042 2395 1236 2467 τρέπει
1265 2396 1356 2449 τὸν
1395 2396 1571 2465 λόγον.

448 2493 521 2555 η’.
575 2505 593 2537 ι
644 2484 884 2556 Ἐφραῗμ
929 2487 986 2538 ἐν
1030 2488 1142 2549 τοῖς
1182 2485 1333 2549 λαοῖς
1382 2488 1545 2551 αὐτὸς
1575 2488 1624 2520 ⁷⁸
1669 2491 1962 2560 συνανεμί-

379 2594 563 2646 γνυτο.
609 2595 627 2629 ι
663 2575 956 2648 Προφανὴς
993 2576 1050 2629 δὲ
1102 2579 1135 2647 ὴ
1173 2579 1491 2649 παρανομία
1516 2595 1529 2609 °
1574 2579 1780 2647 ταύτης
1829 2582 1886 2634 δὲ
1915 2582 1962 2614 ⁷³

380 2665 479 2720 καὶ
508 2667 537 2719 6
563 2665 837 2736 μακάριος
876 2668 1175 2736 κατηγορεῖ
1198 2666 1382 2732 Δαϐὶδ,
1413 2668 1586 2736 λέγων
1623 2685 1637 2698 ·
1673 2688 1692 2722 ‹
1740 2670 1964 2740 Ἐπεμί-

377 2774 558 2826 γησαν
585 2757 644 2810 ἐν
677 2760 790 2820 τοῖς
838 2756 1041 2822 ἔθνεσι,
1071 2758 1164 2810 καὶ
1202 2757 1406 2829 ἔμαθον
1438 2759 1509 2812 τὰ
1538 2760 1677 2831 ἔργα
1706 2762 1905 2817 αὐτῶν.
1939 2784 1957 2816 ι

376 2846 632 2919 Ἐφραῖμ
662 2848 884 2917 ἐγένετο
931 2849 1238 2920 ἐγκρυφίας
1267 2850 1328 2902 οὐ
1376 2854 1903 2924 μεταστρεφόμενος.
1941 2875 1959 2908 ι

390 2939 702 3010 Ἐπέμεινε,
741 2939 897 3010 φησὶ,
926 2942 994 3011 τῇ
1043 2940 1235 3011 κακίᾳ,
1285 2941 1382 2995 καὶ
1429 2943 1733 3016 μεταϐολὴν
1763 2946 1855 2999 ἐπὶ
1906 2946 1966 2999 τὸ

375 3031 636 3101 κρεῖττον
686 3028 946 3099 οὐδεμίαν
1003 3028 1244 3094 ἐδέξατο,
1293 3030 1547 3103 καθάπερ
1584 3034 1613 3085 6
1659 3033 1967 3105 ἐγκρυφίας

379 3121 532 3175 κατὰ
554 3121 783 3193 θάτερον
817 3121 985 3192 μέρος
1018 3122 1372 3193 προσομιλῶν
1407 3122 1484 3195 τῷ
1517 3124 1669 3195 πυρὶ,
1706 3127 1802 3179 καὶ
1847 3126 1967 3181 δια-

380 3213 696 3283 καιόμενος.

456 3303 523 3358 θ¹.
559 3323 578 3355 ι
616 3304 944 3374 Κατέφαγον
967 3304 1241 3378 ἀλλότριοι
1288 3308 1387 3378 τὴν
1418 3310 1571 3380 ἰσχὺν
1592 3308 1780 3378 αὐτοῦ,
1809 3311 1972 3375 αὐτὸς

383 3394 444 3450 δὲ
487 3395 588 3448 οὐκ
642 3394 806 3464 ἔγνω.
848 3414 866 3447 ι
903 3395 1015 3448 Καὶ
1066 3396 1175 3449 τῶν
1207 3397 1397 3453 κακῶν
1422 3399 1501 3463 δὲ,
1536 3400 1722 3469 φησὶν,
1765 3401 1974 3454 ἐπικει-

387 3486 604 3557 μένων,
635 3486 826 3554 ἀγνοεῖ
859 3486 951 3539 τὸν
1001 3486 1342 3543 παιδεύοντα.
1395 3509 1414 3541 ι
1452 3491 1565 3543 Καὶ
1608 3490 1791 3544 πολιαὶ
1821 3490 1972 3562 ἐξήν-

387 3580 564 3650 θησαν
590 3577 760 3648 αύτῷ,
782 3578 875 3632 καὶ
908 3578 1071 3643 αὐτὸς
1098 3580 1199 3633 οὐκ
1227 3580 1392 3650 ἔγνω.
1434 3600 1453 3634 ι
1501 3583 1634 3636 Οὐδὲ
1663 3582 1741 3653 τῷ
1768 3582 1970 3654 πολλῷ,

387 3671 546 3743 φησὶ,
578 3670 759 3743 χρόνῳ
801 3670 1054 3743 ἐδιδάχθη
1087 3672 1148 3726 τὸ
1175 3672 1315 3728 δέον.

468 3864 521 3918 ι’.
546 3868 657 3920 Καὶ
702 3868 1175 3940 ταπεινωθήσεται
1211 3871 1244 3940 ἡ
1295 3869 1455 3942 ὕϐρις
1490 3870 1585 3924 τοῦ
1634 3871 1851 3942 Ἰσραὴλ
1893 3874 1974 3935 εἰς

393 3958 689 4028 πρόσωπον
717 3959 907 4016 αὑτοῦ.
946 3980 965 4013 ι
1007 3962 1242 4030 Ὄψεται
1266 4000 1282 4025 ,
1311 3962 1465 4031 φησὶ,
1493 3962 1702 4031 σαῳῶς,
1734 3964 1828 4017 καὶ
1864 3981 1967 4034 μα’

392 4048 640 4117 θήσεται,
659 4051 806 4115 οἵους
837 4052 871 4122 ἠ
896 4050 1123 4104 ἀσέϐεια
1154 4050 1327 4103 τίκτει
1350 4050 1617 4121 καρπούς.

468 4159 487 4191 ι
527 4140 638 4195 Καὶ
673 4141 773 4194 οὐκ
793 4141 1139 4212 ἐπέστρεψαν
1171 4141 1308 4212 πρὸς
1338 4141 1541 4210 Κύριον
1578 4140 1667 4194 τὸν
1702 4141 1836 4195 Θεὸν
1876 4143 1971 4195 αὐ-

385 4232 521 4298 τῶν,
555 4233 650 4286 καὶ
677 4234 778 4287 οὐκ
804 4233 1078 4305 ἐζήτησαν
1107 4233 1270 4286 αὑτὸν
1297 4235 1355 4287 ἐν
1395 4232 1535 4285 πᾶσι
1565 4231 1795 4296 τούτοις.
1830 4232 1971 4305 (ια’.)

388 4324 502 4376 Καὶ
531 4319 599 4394 ἦν
648 4324 892 4396 Ἐφραῒμ
943 4325 1019 4388 ὡς
1069 4323 1372 4396 περιστερὰ
1417 4324 1600 4387 ἄνους,
1632 4324 1734 4377 οὐκ
1772 4323 1972 4394 ἔχουσα

388 4415 655 4486 καρδίαν·
702 4419 981 4485 Αἴγυπτον
1034 4415 1375 4481 ἐπεκαλεῖτο,
1417 4416 1511 4469 καὶ
1539 4417 1620 4479 εἰς
1656 4414 1974 4485 Ἀσσυρίους

2064 581 2280 637 nantes,
2312 572 2555 628 interdiu
2591 573 2732 642 ignis
2766 588 2915 627 more
2956 589 2986 627 a
3018 588 3078 627 se
3118 581 3341 629 vexatos
3387 574 3643 644 perdere.

2062 662 2195 717 Nam
2223 663 2355 718 illud
2383 683 2394 718 :
2432 682 2450 715 ι
2481 664 2617 719 Cum
2638 664 3118 734 praecipitarentur
3139 663 3243 732 ipsi
3272 672 3385 719 tota
3415 675 3633 730 nocte,»

2062 769 2256 809 omnes
2288 756 2618 825 interpretes
2650 756 2896 809 unanimi
2933 770 3210 811 consensu
3249 756 3639 811 inaidiarentur

2064 846 2408 915 interpretati
2436 855 2585 902 sunt.
2610 845 2695 919 ['7]
2718 846 2823 901 Sed
2854 857 2908 901 et
2932 862 3029 917 pro
3059 847 3146 901 his
3180 847 3389 902 dabunt
3421 864 3655 921 pmnas._

2070 957 2088 990 ι
2134 938 2283 1009 Ignis
2312 940 2455 992 enim
2485 939 2770 993 devoravit
2791 938 3009 1008 judices
3037 954 3227 994 eorum
3256 959 3269 994 :
3319 955 3513 993 omnes
3549 956 3637 994 re-

2063 1045 2159 1099 ges
2214 1044 2403 1084 eorum
2439 1030 2783 1084 ceciderunt.
2858 1048 2875 1080 ι
2923 1028 2986 1082 Et
3038 1030 3187 1099 quod
3248 1040 3332 1085 est
3388 1031 3634 1085 omnium

2064 1118 2337 1173 malorum
2401 1119 2858 1174 fundamentum:
2920 1138 2938 1170 ι
2985 1120 3105 1174 Non
3144 1121 3336 1175 fuitin
3393 1122 3475 1178 eis
3500 1162 3514 1185 ,
3545 1122 3640 1192 qui

2065 1211 2347 1265 invocaret
2378 1226 2481 1265 me.
2522 1230 2541 1263 ι
2580 1209 2864 1280 Tanquam
2913 1212 3190 1281 prmterita
3242 1212 3382 1266 dixit
3431 1211 3637 1277 futura,

2063 1302 2364 1358 ostendens
2393 1304 2638 1357 futurum
2668 1304 2917 1368 omnino,
2953 1312 3013 1357 ut
3041 1304 3157 1357 hrec
3180 1305 3255 1357 ita
3283 1305 3437 1370 ﬁant,
3474 1306 3640 1359 nihil-

2064 1409 2172 1461 que
2205 1393 2609 1462 prohibiturum
2637 1392 3009 1463 praedictionis
3032 1403 3312 1450 eventum.
3343 1396 3455 1451 lloc
3479 1399 3651 1450 etiam

2066 1483 2208 1552 apud
2241 1483 2378 1537 alios
2415 1485 2717 1553 pmphetas
2767 1485 3081 1540 invenimus
3121 1486 3346 1540 idioma.
3384 1486 3595 1541 Etenim
3623 1488 3643 1508 ⁶

2066 1576 2238 1630 Isaias
2268 1575 2543 1629 exclamat
2572 1592 2585 1627 :
2615 1593 2634 1626 ‹
2671 1574 2827 1631 Sicut
2849 1578 2967 1631 ovis
2990 1578 3054 1631 ad
3081 1578 3417 1633 occisionem
3444 1578 3644 1634 ductus

2069 1664 2171 1719 fuit
2201 1664 2245 1718 ί.
2290 1684 2307 1715 ι
2344 1665 2450 1719 Et:
2487 1684 2503 1715 ι
2534 1662 2814 1718 Judicium
2841 1665 2964 1735 ejus
2997 1666 3278 1722 sublatum
3312 1677 3396 1721 est
3420 1669 3464 1719 8.
3497 1689 3515 1718 ι
3544 1666 3641 1721 Et:

2075 1774 2093 1807 ι
2132 1756 2384 1813 Vidimus
2420 1771 2566 1818 enm,
2612 1763 2666 1810 et
2706 1770 2813 1810 non
2858 1757 3094 1811 habebat
3148 1758 3409 1827 speciem,
3466 1772 3655 1827 neque

2072 1846 2401 1903 formamh:
2468 1865 2485 1898 ›
2532 1861 2633 1916 pro
2702 1861 2767 1901 eo
2819 1847 3133 1916 quodest,
3198 1847 3541 1911 Videbimus,
3592 1854 3646 1899 et

2069 1938 2388 2002 Auferetur,
2426 1945 2481 1993 et
2527 1937 2789 1993 Duectur.
2843 1957 2863 1989 ι
2916 1938 3050 1993 Item
3084 1956 3097 1993 :
3134 1957 3152 1990 ι
3185 1936 3328 1993 Puer
3357 1947 3519 1992 natus
3562 1944 3647 1993 est

2072 2030 2257 2094 nobis,
2293 2036 2347 2082 et
2380 2027 2526 2081 lilius
2556 2027 2720 2082 datus
2759 2034 2845 2082 est
2877 2027 3038 2082 nobis
3079 2047 3097 2080 υ
3130 2042 3230 2098 pro
3263 2042 3331 2082 eo
3364 2027 3509 2097 quod
3536 2034 3644 2092 est,

2071 2118 2365 2182 Nascetur,
2401 2125 2455 2172 et
2491 2117 2724 2171 Dabitur
2753 2119 2795 2171 ί.
2822 2116 3021 2173 Postea
3052 2116 3108 2172 iu
3149 2118 3447 2174 secundam
3482 2131 3649 2171 accu-

2072 2211 2341 2266 sationem
2370 2210 2646 2265 convcrtit
2679 2223 3009 2264 sermonem.

2146 2506 2311 2560 Vnus.
2361 2506 2413 2559 8.
2450 2525 2467 2556 ι
2503 2503 2765 2575 Ephraim
2806 2505 2861 2559 in
2915 2505 3134 2576 populis
3168 2501 3285 2576 ipse
3325 2503 3650 2560 commisce-

2072 2599 2253 2653 batur.
2284 2616 2303 2648 ι
2338 2596 2693 2652 Manifestum
2742 2603 2925 2651 autem
2958 2597 3061 2651 hoc
3092 2597 3303 2652 crimen
3337 2602 3474 2659 erat,
3501 2593 3648 2665 quod

2072 2690 2238 2744 etiam
2278 2689 2476 2744 beatus
2508 2687 2683 2743 David
2735 2688 2980 2755 damnat,
3027 2688 3259 2743 dicens:
3303 2705 3321 2738 ι
3360 2685 3651 2742 CommiSti

2073 2790 2202 2837 sunt
2233 2781 2381 2835 inter
2409 2790 2619 2851 gentes,
2662 2787 2715 2834 et
2739 2779 3053 2835 didicerunt
3082 2793 3249 2849 opera
3294 2792 3483 2833 earum
3517 2774 3565 2829 i.
3623 2794 3643 2827 ι

2073 2904 2129 2912 -
2179 2892 2196 2923 ‹
2244 2872 2508 2943 Ephraim
2539 2871 2726 2927 iactus
2767 2880 2852 2927 est
2894 2872 3052 2942 panis
3099 2871 3527 2932 subcinericius,
3556 2868 3655 2936 qui

2074 2981 2185 3021 non
2216 2966 2472 3020 vertitur.
2514 2983 2532 3016 ι
2572 2964 2630 3017 In
2685 2964 2917 3025 malitia,
2954 2963 3154 3033 inquit,
3194 2961 3484 3032 perstitit,
3521 2959 3649 3014 nul-

2076 3056 2295 3125 lamque
2329 3055 2687 3108 mutationem
2722 3053 2852 3109 fecit
2902 3054 2958 3108 in
2988 3055 3193 3109 melius
3222 3072 3235 3107 :
3297 3054 3439 3107 sicut
3492 3053 3649 3122 panis

2000 3184 2041 3240 ο
2078 3144 2509 3209 subcinericius,
2536 3144 2630 3214 qui
2665 3144 2838 3198 altera
2880 3152 3037 3215 parte
3077 3144 3406 3199 admovetur
3438 3143 3569 3214 igni,
3596 3146 3651 3198 et

2078 3235 2353 3289 aduritur.
3386 3268 3409 3279 ι

2148 3325 2313 3381 Vens.
2346 3326 2399 3380 9.
2432 3345 2451 3377 ‹
2496 3324 2868 3381 Comederunt
2906 3325 3121 3397 1345
3161 3326 3325 3381 alieni
3376 3323 3654 3379 fortitudi-

2077 3435 2200 3472 nem
2234 3418 2377 3487 ejus,
2410 3419 2525 3487 ipse
2564 3432 2693 3471 vero
2730 3417 2985 3472 nescivit.
3022 3437 3039 3470 ι
3087 3416 3193 3471 Sed
3240 3427 3295 3472 et
3333 3425 3413 3471 tot
3468 3415 3650 3483 malis,

2076 3509 2152 3562 ait
2178 3550 2191 3572 .
2222 3508 2699 3573 incumbentibus,
2738 3508 2953 3579 ignorat
2983 3510 3350 3579 corrigentem
3391 3506 3649 3579 (Deum).

2082 3621 2098 3651 ι
2133 3599 2196 3653 Et
2231 3600 2352 3654 cani
2387 3598 2744 3655 clliornerunt
2792 3601 2876 3668 ci,
2931 3607 2986 3656 et
3016 3601 3133 3671 ipse
3167 3600 3461 3671 ignoravit.
3492 3617 3510 3650 ι
3540 3595 3653 3652 Nec

2077 3702 2188 3747 tam
2239 3694 2426 3762 longo,
2476 3692 2675 3762 inquit,
2714 3700 2961 3764 tempore
3012 3692 3157 3763 quod
3182 3700 3301 3748 erat
3327 3691 3652 3752 honestum,

2079 3783 2395 3855 perdidicit.

2151 3876 2316 3932 Vens.
2357 3875 2438 3930 10.
2482 3894 2500 3927 σ
2547 3875 2608 3929 Et
2643 3875 3030 3930 humiliabitur
3061 3874 3395 3931 contumelia
3440 3871 3653 3929 lsraeiis

2078 3966 2133 4020 in
2168 3967 2307 4021 facie
2337 3966 2481 4035 ejus.
2530 3986 2547 4017 ο
2589 3964 2988 4035 Perspicietur,
3023 3966 3221 4035 inquit,
3255 3981 3366 4019 non
3396 3965 3652 4026 obscure,

2077 4065 2130 4111 et
2163 4066 2555 4128 cognoscatur,
2589 4058 2781 4125 quales
2812 4055 3063 4125 impietas
3091 4057 3267 4126 pariat
3296 4055 3534 4110 fructus.

2154 4167 2172 4199 ι
2217 4147 2281 4200 Et
2315 4163 2424 4201 non
2453 4155 2583 4201 sunt
2611 4144 2816 4200 reversi
2850 4147 2916 4198 ad
2950 4144 3243 4200 Dominum
3276 4144 3443 4200 Deum
3468 4160 3650 4206 suum,

2076 4248 2130 4295 et
2165 4255 2273 4294 non
2299 4239 2637 4309 qumsierunt
2666 4252 2789 4291 eum
2815 4239 2868 4290 in
2899 4237 3155 4291 omnibus
3183 4237 3288 4292 bis.
3322 4234 3510 4308 (Vens.
3540 4234 3652 4305 Η.)

2078 4332 2144 4386 Et
2182 4339 2301 4385 erat
2349 4329 2609 4399 Ephraim
2659 4329 2815 4397 quasi
2873 4327 3131 4382 columba
3186 4327 3476 4397 insipiens,
3542 4340 3653 4380 non

2078 4423 2290 4477 habens
2322 4437 2441 4475 cor.
2480 4420 2775 4491 ZEgyptum
2812 4419 3136 4484 invocabat,
3191 4429 3245 4474 et
3278 4419 3341 4473 ad
3394 4419 3654 4487 Assyrios

386 4501 709 4574 ἐπορεύετο,
748 4524 767 4556 ι
805 4504 1022 4570 Ταύτας
1057 4508 1185 4579 παρ’
1233 4507 1366 4577 ἐμοῦ
1409 4507 1687 4579 δεχόμενοι
1711 4508 1809 4571 τὰς
1844 4526 1967 4562 παι-

2080 4516 2287 4570 abibat.
2331 4535 2348 4568 ι
2389 4513 2484 4569 llis
2547 4529 2576 4567 a
2615 4530 2699 4568 me
2729 4512 2909 4583 poenis
2946 4511 3200 4581 castigati
3231 4552 3245 4577 ,
3302 4526 3389 4565 me
3444 4524 3653 4580 nequa-

364 4594 562 4659 ,δείας,
607 4595 711 4666 ἐμὲ
758 4596 858 4668 μὲν
892 4598 1148 4668 οὐδαμῶς
1196 4599 1606 4670 παρεκάλεσαν,
1647 4602 1838 4671 στῆναι
1865 4602 1976 4654 τῶν

385 4688 809 4760 ἐπιφερομένων
842 4692 1026 4755 αὐτοῖς
1060 4692 1248 4745 κακῶν
1284 4694 1384 4764 τὴν
1432 4695 1624 4764 φορὰν,
1659 4694 1798 4748 ἀλλὰ
1841 4695 1978 4767 πρὸς

403 4781 727 4852 Ἀσσυρίους
760 4784 857 4852 μὲν
887 4782 1109 4854 ἔτρεχον
1160 4785 1267 4839 ὑπὸ
1311 4786 1498 4858 Σύρων
1554 4787 1974 4860 πολεμούμενοι,

388 4871 531 4941 πρὸς
553 4872 885 4941 Αἰγυπτίους
907 4876 965 4928 δὲ
1001 4876 1106 4929 ὑπὸ
1160 4878 1462 4950 Ἀσσυρίων
1504 4879 1974 4950 πολιορκούμενοι,

389 4959 494 5028 τῆς
541 4964 874 5040 περιστερᾶς
907 4966 965 5018 ἐν
1012 4965 1231 5030 ἑαυτοῖς
1259 4966 1568 5033 δεικνύντες
1618 4970 1718 5040 τὴν
1768 4972 1973 5025 ἄνοιαν.

392 5048 665 5123 Καθάπερ
693 5037 803 5123 γαρ
836 5054 1019 5125 ἐκείνη
1072 5055 1181 5109 τῶν
1212 5057 1357 5109 ἰδίων
1381 5058 1426 5089 ⁸ο
1457 5037 1686 5113 νεοττῶν
1714 5060 1977 5131 ἀφαιρου-

395 5137 637 5209 μένωνθι
665 5143 764 5196 οὐκ
792 5143 1117 5214 ἁφίπταται,
1155 5146 1293 5200 ἀλλὰ
1329 5151 1443 5212 τοῖς
1494 5150 1678 5213 αὐτοῖς
1709 5150 1976 5221 προστρέ-

390 5244 481 5298 χει
509 5231 753 5302 χωρίοις,
778 5232 954 5299 οῢτως
980 5229 1126 5289 οὗτοι
1148 5236 1301 5306 θαμὰ
1344 5238 1439 5290 καὶ
1470 5238 1733 5309 συνεχῶς,
1758 5240 1852 5292 νῦν
1877 5240 1975 5309 μὲν

473 5400 493 5440 ί
526 5401 635 5460 isa.
668 5420 788 5469 LIII,
817 5407 868 5462 7.
951 5410 977 5449 Β
1009 5409 1143 5464 ibid.
1171 5410 1224 5465 8.
1303 5411 1330 5450 h
1372 5411 1505 5468 ibid.
1527 5412 1582 5466 ‘2.

1667 5413 1683 5452 ί
1722 5412 1825 5469 lsa.
1863 5431 1937 5480 Ix,
1972 5416 2027 5469 6.

2080 4623 2247 4677 quam
2275 4606 2627 4670 invocarunt,
2656 4614 2714 4659 ut
2749 4604 3019 4657 malorum
3046 4603 3246 4673 quibus
3277 4602 3659 4671 plectebantur

2081 4715 2305 4754 cursum
2337 4698 2644 4752 inhiberem
2673 4715 2687 4751 :
2732 4695 2828 4752 sed
2860 4695 2928 4750 ad
2960 4694 3215 4766 Assyrios
3249 4700 3613 4749 cxcurrerunt
3640 4730 3658 4759 ,

2080 4803 2264 4842 Cllllla
2301 4785 2455 4858 Syris
2515 4787 2661 4842 bello
2728 4787 3151 4844 lacesserentur.
3207 4797 3271 4838 ac
3336 4799 3531 4838 rursus
3590 4784 3658 4836 ad

2082 4880 2390 4952 Egyptios,
2421 4894 2546 4933 eum
2578 4880 2643 4934 ab
2672 4878 2915 4949 Assyriis
2955 4876 3364 4942 obsiderentur,
3388 4875 3660 4930 columbae

2084 4971 2459 5041 insipientiam
2494 4971 2596 5027 sibi
2637 4972 2816 5025 inesse
2847 4970 3315 5024 demonstrantes.
3382 4968 3660 5035 Quemad—

2087 5060 2310 5115 modum
2352 5061 2498 5115 enitn
2536 5059 2651 5122 illa,
2681 5060 2796 5115 suis
2831 5059 2999 5128 pullis
3031 5060 3267 5128 privata,
3304 5074 3414 5113 non
3463 5062 3661 5114 absce-

2084 5154 2185 5216 dit,
2213 5153 2306 5208 scd
2347 5152 2401 5205 in
2439 5154 2630 5207 iisdem
2668 5152 2805 5205 locis
2832 5162 3232 5216 commoratur,
3301 5151 3383 5207 sic
3425 5151 3517 5207 isti
3548 5152 3659 5206 frc-

2086 5242 2473 5312 quentissime,
2512 5257 2661 5296 nunc
2690 5240 2897 5308 abhis,
2946 5256 3096 5296 nunc
3154 5241 3222 5297 ab
3270 5242 3381 5298 illis
3415 5241 3661 5313 spoliati-

2108 5415 2121 5465 i
2161 5415 2305 5471 Psal.
2334 5432 2418 5482 cv,
2448 5414 2537 5471 55.

1708 5568 1947 5624 VARIAS
1982 5570 2387 5628 LECTIONES.

469 5651 715 5726 ”_¢b;._ln
746 5654 941 5726 Cypost
1000 5656 1216 5726 νύκτωρ
1274 5657 1514 5726 ponitur.

374 5712 445 5753 ’τ’
470 5712 607 5795 γαρξ
638 5723 764 5795 Des.
800 5712 854 5780 iit
875 5726 918 5781 Ο
953 5727 1043 5795 qui
1083 5712 1245 5781 habet
1270 5712 1299 5779 ὅ
1328 5712 1477 5783 ἐπικ.
1502 5712 1787 5793 ἡέναύτοῖς.

1617 5661 1663 5734 "_"
1698 5661 1737 5716 C
1779 5664 2158 5734 κατέφθειραν.

1056 5734 1245 5808 θωυοῑ
1270 5734 1299 5779 6
1328 5734 1787 5808 ἐπικλέναῠτοῖς.
1890 5734 2000 5808 7”_C
2033 5736 2223 5799 αὑτοῦ,
2251 5736 2408 5804 juxta
2443 5752 2550 5791 ree.
2587 5739 2712 5793 lcet.

399 5789 582 5845 κείων.
658 5794 700 5826 ⁸¹
729 5796 826 5863 ἀφ.
857 5796 932 5850 Ita
971 5789 1196 5868 legimus
1228 5814 1350 5853 cum
1383 5800 1423 5855 ί]
1461 5800 1624 5855 Sirm.
1662 5789 2058 5874 ξενίαιρουειένη.

3116 5666 3160 5696 ⁷⁸
3195 5662 3295 5716 Alii
3327 5661 3652 5730 κατέφαγον.

2264 5666 2308 5698 ⁷⁸
2343 5665 2450 5719 δίκ.
2487 5666 2625 5722 Ibid.
2668 5682 2822 5739 sequ.
2867 5668 3020 5736 φησι.
3116 5666 3160 5696 ⁷⁸
3195 5665 3295 5716 Alii
3327 5665 3652 5730 κατέφαγον.

2264 5736 2408 5787 iuxta
2443 5752 2550 5787 ree.
2587 5739 2712 5787 lect.
2812 5738 2971 5787 79-6%.
3000 5739 3039 5787 (Σ
3080 5735 3203 5787 γάρ.
3310 5730 3555 5787 “16.1b.
3585 5729 3656 5782 οίσ-

2812 5735 2971 5793 τθέὸέ.
3000 5739 3039 5791 (2
3080 5735 3203 5803 γάρ.
