4088 6416
482 321 615 388 1591

1434 316 1921 379 ΤΗΕΟΒΟΒΕΤῘ
1960 312 2301 377 EPISCOPI
2341 319 2706 381 CYBENSIS

3596 313 3739 380 1592

479 440 535 488 et
560 432 616 487 in
650 431 972 487 servitutem
1004 428 1238 493 redacti,
1271 427 1338 482 ad
1365 428 1628 498 Assyrios
1663 434 1716 478 et
1764 424 2047 495 Egyptios

2158 423 2264 477 ὑπὸ
2304 426 2533 491 τούτων,
2558 428 2654 482 νῦν
2682 429 2740 483 δὲ
2763 425 3097 481 ὑπ’ἐκείνων
3126 426 3511 498 ἀναιρούμενοί
3546 444 3607 481 τε
3635 428 3736 481 καὶ

480 531 872 587 recurrentes,
936 520 1145 577 nullmn
1203 518 1271 573 ab
1323 517 1433 572 illis
1487 517 1753 571 auxilium
1803 517 2054 570 obtinue-

485 622 633 669 runt.

552 792 717 847 Vens.
755 791 844 845 12.
883 809 901 841 ι
943 788 1164 844 Mittam
1224 804 1389 859 super
1439 803 1534 845 eos
1589 796 1706 845 rete
1744 801 1948 851 meum,
1996 794 2055 841 ut

478 884 722 940 volatilia
749 883 876 938 οωιί
898 882 1189 937 detraham
1222 882 1385 937 illos:
1418 881 1718 952 eorripiam
1747 884 1843 934 eos
1866 878 2053 933 auditu

481 977 858 1033 tribulationis
891 992 1105 1032 eorum.
1146 994 1164 1027 ι
1194 973 1435 1028 Primum
1463 988 1559 1028 eos
1590 972 1858 1026 malorum
1890 969 2056 1026 minis

479 1080 531 1124 et
563 1069 877 1124 terroribus
907 1066 1233 1137 eorripiam,
1271 1065 1469 1121 deinde
1497 1075 1753 1133 tanquam
1784 1064 1884 1118 reti
1916 1077 2056 1133 quo-

478 1161 625 1227 dam,
658 1162 908 1216 bostium
941 1160 1087 1215 nube
1125 1159 1379 1229 objecta,
1439 1157 1607 1213 veluti
1656 1172 1806 1220 aves,
1864 1170 2056 1210 omnes

476 1252 941 1322 comprehendam
972 1270 986 1305 :
1021 1265 1201 1321 neque
1262 1258 1444 1304 tamen
1477 1250 1593 1303 haec
1625 1247 1818 1302 dicens
1878 1245 2054 1301 solita:

478 1358 594 1398 suae
642 1340 1043 1397 misericordiae
1092 1340 1381 1393 immemor
1419 1347 1527 1404 est,
1567 1336 1663 1393 sed
1707 1352 1775 1392 ex
1823 1344 2054 1407 paterno

370 1439 384 1452 ·
482 1430 696 1503 1345
730 1432 786 1487 in
820 1431 964 1488 ﬁlios
986 1434 1005 1451 '
1031 1444 1219 1484 amore
1249 1428 1472 1482 adhibet
1502 1426 1970 1482 lamentationem.

550 1636 718 1695 Vsus.
762 1641 844 1694 l3.
885 1659 902 1691 ι
942 1638 1033 1694 Vae
1060 1639 1163 1703 eis,
1190 1637 1453 1709 quoniam
1485 1646 1838 1692 recesserunt
1871 1651 1900 1691 a
1933 1651 2050 1691 me:

478 1732 673 1787 miseri
703 1741 853 1799 sunt,
883 1732 1146 1802 quoniam
1200 1730 1367 1799 impie
1421 1737 1655 1799 egerunt
1708 1744 1841 1799 erga
1875 1744 1981 1783 me.
2029 1746 2047 1778 ι

480 1822 547 1877 Ει
582 1824 709 1893 quia
745 1822 984 1878 miseros
1017 1822 1331 1893 appellavit,
1368 1829 1427 1876 ut
1457 1822 1703 1888 ingratos
1750 1835 1877 1891 erga
1909 1834 1968 1875 se
1997 1827 2051 1873 et

476 1916 697 1985 impios,
734 1914 979 1985 apposite
1015 1913 1373 1969 iueﬂ‘abilium
1412 1915 1467 1968 in
1507 1929 1602 1968 eos
1654 1912 2048 1968 beneficiorum

477 2019 705 2060 suorum
755 2004 1073 2058 memoriam
1124 2010 1366 2057 revocat.
1421 2020 1439 2051 ι
1511 2000 1621 2071 Ego
1669 2015 1798 2052 vero
1844 1997 2048 2051 redemi

476 2107 594 2148 eos.
629 2110 648 2143 ι
686 2088 820 2144 Nam
864 2092 934 2144 ah
961 2088 1284 2161 [Egyptiaea
1343 2090 1611 2144 servitute
1659 2102 1756 2141 eos
1798 2086 2046 2143 liberari.

483 2202 503 2235 ι
540 2184 647 2253 Ipsi
693 2198 826 2237 vero
879 2184 1049 2237 locuti
1101 2193 1228 2253 sunt
1279 2189 1467 2236 contra
1537 2194 1624 2233 me
1682 2179 1988 2232 mendacia.
2027 2194 2044 2227 ι

475 2273 682 2329 Eodem
722 2275 943 2329 nomine
989 2274 1180 2327 beatus
1211 2287 1430 2343 quoque
1464 2270 1631 2325 David
1663 2285 1758 2325 eos
1790 2275 2048 2332 accusat;

476 2362 559 2416 sic
590 2360 735 2415 enim
765 2361 977 2416 inducit
1025 2376 1121 2417 eos
1165 2361 1493 2431 loquentes:
1539 2378 1557 2412 ι
1612 2359 1881 2426 Quoniam
1930 2372 2051 2427 per-

475 2452 653 2506 cussit
707 2458 943 2521 petram,
999 2459 1054 2507 et
1106 2451 1387 2506 ﬂuxerunt
1436 2466 1612 2520 aquae,
1665 2458 1719 2504 et
1777 2457 2051 2503 torrentes

474 2543 931 2598 inundaverant:
984 2544 1236 2615 nunquid
1289 2551 1345 2600 et
1394 2558 1593 2616 panem
1639 2543 1841 2613 poterit
1895 2541 2048 2606 dare,

475 2642 571 2688 aut
603 2649 800 2704 parare
828 2650 1071 2689 mensam
1115 2635 1316 2705 populo
1344 2650 1444 2691 suo
1469 2635 1496 2673 ιι
1520 2634 1544 2688 ‘!
1593 2653 1612 2686 ι

545 2725 717 2783 Vens.
753 2727 841 2782 14.
877 2745 898 2779 ι
942 2729 1005 2782 Et
1035 2744 1143 2782 non
1197 2730 1576 2785 clamaverunt
1608 2724 1677 2780 ad
1731 2740 1818 2780 me
1882 2723 2050 2779 corda

472 2836 686 2876 eorum.
734 2839 751 2872 ι
792 2820 996 2875 Eadem
1027 2829 1080 2875 ct
1111 2835 1209 2891 per
1244 2821 1439 2875 Isaiam
1471 2818 1762 2882 exclamat,
1816 2817 2047 2871 dicens:

479 2932 501 2966 ε
566 2914 807 2984 Populus
858 2912 947 2966 hic
1004 2912 1163 2967 labiis
1219 2926 1307 2966 me
1336 2912 1608 2974 honorat,
1649 2908 1816 2963 corde
1866 2913 2049 2961 autem

470 3006 637 3076 longe
668 3006 880 3060 abesta
934 3003 1090 3060 mel.
1157 3022 1176 3055 ι
1234 3003 1437 3059 Deinde
1494 3000 1867 3075 reprehendit,
1932 3014 2053 3069 quae

2156 510 2749 590 ἐξανδραποδιζόμενοι,
2776 521 2913 593 πρὸς
2940 518 3259 592 Ἀσσυρίους
3277 520 3371 573 καὶ
3400 519 3741 588 Αἰγυπτίους

2156 609 2328 674 ἔθεον,
2368 609 2623 681 οὐδεμιᾶς
2670 612 2800 685 παρ’
2832 612 3013 666 αὐτῶν
3070 613 3397 682 ἐπικουρίας
3437 612 3746 683 τυγχάνονο

2156 718 2270 765 τες.

2228 791 2317 862 ιβ’.
2353 811 2372 843 ι
2432 793 2706 849 Ἐπιϐαλῶ
2744 794 2828 850 ἐπ’
2868 796 3069 861 αὐτοὺς
3102 796 3162 850 τὺ
3213 795 3429 850 δίκτυόν
3463 815 3565 866 μου
3590 841 3603 865 ,
3637 814 3747 851 κα-

2157 879 2266 945 θὼς
2289 882 2358 935 τὰ
2380 884 2607 937 πετεινά
2644 884 2739 938 τοῦ
2795 883 3026 956 οὐρανοῦ
3062 884 3283 953 κατάξω
3307 886 3528 951 αὐτοὺς,
3561 886 3658 938 καὶ
3690 884 3745 917 ⁸²

2158 974 2435 1028 παιδεῦσω
2470 976 2668 1040 αὐτοὺς
2690 979 2748 1031 ἐν
2769 980 2833 1048 τῇ
2876 980 3014 1050 ἀκοῇ
3061 980 3162 1049 τῆς
3194 977 3427 1048 θλίψεως
3479 978 3681 1034 αὐτῶν.
3716 996 3740 1029 ι

2157 1067 2380 1139 Πρῶτον
2437 1068 2534 1137 μὲν
2576 1069 2682 1139 γὰρ
2719 1070 2914 1133 αὐτοὺς
2959 1074 3025 1142 τῇ
3063 1071 3261 1142 ἀπειλῇ
3306 1071 3583 1125 παιδεύσω
3625 1070 3748 1124 τῶν

2156 1159 2425 1227 ἀλγεινῶν
2453 1175 2468 1190 ·
2488 1153 2608 1214 εἶτα
2632 1155 2743 1214 οἷόν
2776 1177 2827 1213 τι
2854 1161 3069 1215 δίκτυον
3107 1161 3218 1214 τῶν
3248 1162 3526 1234 πολεμίων
3551 1164 3612 1217 τὸ
3651 1164 3752 1218 νέα

2158 1268 2259 1320 φος
2280 1251 2466 1315 αὐτοῖς
2494 1252 2877 1322 περιτιθεὶςυ,
2917 1253 3165 1318 ἅπαντας
3216 1254 3374 1325 δίκην
3398 1256 3604 1326 ὀρνέων
3640 1256 3750 1326 θη-

2163 1343 2359 1411 ρεύσω.
2384 1343 2494 1396 Καὶ
2519 1341 2690 1397 ταῦτα
2716 1343 2772 1397 δὲ
2804 1344 3040 1416 εἰρηκὼς
3070 1347 3171 1398 οὐκ
3197 1346 3507 1417 ἀμνημονεῖ
3533 1346 3633 1414 τῆς
3663 1346 3752 1398 oi-

2159 1435 2310 1499 κείας
2332 1434 2760 1506 φιλανθρωπίας,
2800 1435 2936 1489 ἀλλά
2960 1434 3158 1506 θρῆνόν
3177 1452 3300 1488 τινα
3330 1435 3437 1487 ὑπὸ
3468 1434 3751 1506 πατρικῆς

2161 1526 2550 1598 φιλοστοργίας
2573 1528 2756 1590 αὐτοῖς
2792 1527 3112 1599 προσφέρει.

2229 1625 2316 1687 ιγ’.
2378 1640 2396 1670 ι
2438 1618 2574 1672 Οὐαὶ
2619 1620 2820 1684 αὐτοῖς,
2870 1620 2949 1673 ὅτι
2996 1620 3356 1689 άπεπήδησαν
3402 1620 3499 1672 ἀπ’
3557 1615 3692 1689 ἐμοῦ
3725 1632 3747 1653 ο

2155 1711 2377 1765 δείλαιοί
2406 1714 2563 1775 εἰσιν,
2616 1712 2697 1765 ὅτι
2732 1712 3007 1781 ἠσέϐησαν
3058 1714 3138 1775 εἰς
3178 1712 3298 1781 ἐμέ..
3334 1729 3353 1762 ι
3407 1711 3519 1763 Καὶ
3549 1696 3757 1783 ἐπειδη

2153 1803 2371 1867 ἀθλίους
2397 1804 2757 1869 ἀπεκάλεσεν,
2779 1804 2853 1867 ὡς
2884 1802 3205 1870 ἀγνώμονας
3238 1804 3332 1856 καὶ
3366 1802 3585 1865 ἀσεϐεῖς
3610 1803 3748 1872 περὶ

2152 1898 2316 1951 αὐτὸν
2359 1897 2709 1969 γενομένους,
2756 1896 3071 1965 ἀναγκαίως
3115 1896 3209 1949 καὶ
3258 1894 3367 1949 τῶν
3405 1894 3745 1965 εὐεργεσιῶν

2151 1989 2258 2043 τῶν
2284 1990 2538 2061 ἀρρήτων
2570 1990 3030 2061 ἀναμιμνήσκει.ι
3077 1986 3218 2056 Ἐγὼ
3243 1988 3299 2041 δέ
3320 1982 3744 2059 ἐλυτρωσάμην

2153 2081 2371 2145 αὐτούς.
2407 2101 2425 2133 ι
2470 2081 2581 2151 Τῆς
2612 2081 2721 2152 γὰρ
2755 2080 3135 2151 Αἰγυπτιακῆς
3159 2080 3357 2142 αὐτοὺς
3389 2080 3747 2151 ἠλευθέρωσα

2151 2174 2413 2237 δουλείας.
2446 2193 2464 2224 ι
2495 2173 2606 2227 Καὶ
2628 2172 2781 2226 αὐτοὶ
2809 2169 3185 2240 κατελάλησαν
3210 2170 3331 2224 κατ’
3350 2170 3483 2240 ἐμοῦ
3506 2171 3702 2240 ψευδῆ.
3719 2190 3740 2223 ι

2153 2263 2324 2318 Τοῦτο
2352 2263 2448 2317 καὶ
2476 2264 2504 2316 ὁ
2535 2262 2805 2335 μακάριος
2836 2261 3016 2315 αὐτῶν
3038 2263 3335 2332 κατηγορεί
3364 2261 3530 2315 Δαϐίδ
3548 2277 3561 2291 °
3598 2262 3746 2315 εἰσά-

2152 2373 2239 2425 γει
2264 2355 2372 2425 γὰρ
2405 2355 2602 2418 αὐτοὺς
2637 2354 2897 2422 λέγοντας
2927 2368 2942 2383 °
2993 2371 3011 2405 ι
3032 2353 3202 2405 ’Ἐπεὶ
3233 2352 3472 2417 ἐπάταξε
3506 2352 3746 2423 πέτραν,

2152 2448 2248 2501 καὶ
2276 2445 2552 2521 ἐρρύησαν
2582 2443 2773 2508 ὕδατα,
2798 2444 2893 2497 καὶ
2920 2442 3215 2516 χείμαρροι
3249 2441 3707 2513 κατεκλύσθησαν
3727 2460 3743 2473 ·

2157 2539 2233 2612 μὴ
2263 2539 2357 2593 καὶ
2399 2538 2564 2607 ἄρτον
2610 2537 2901 2608 δυνήσεται
2938 2535 3145 2598 δοῦναι,
3196 2533 3231 2605 ἢ
3272 2534 3561 2605 ἑτοιμάσαι
3604 2533 3749 2606 τρά-

2153 2631 2325 2697 πεζαν
2357 2630 2435 2700 τῷ
2478 2628 2594 2699 λαῷ
2628 2629 2829 2694 αὐτοῦς
2866 2645 2885 2679 ι

2225 2722 2306 2776 ιδ’.
2360 2741 2380 2774 ι
2421 2722 2533 2776 Καὶ
2572 2720 2672 2775 οὐκ
2712 2720 2945 2788 ἐϐόησαν
2989 2716 3126 2789 πρός
3175 2734 3244 2789 με
3289 2716 3346 2769 αί
3386 2715 3605 2787 καρδίαι
3638 2715 3749 2772 αὖ·

2153 2812 2282 2868 τῶν.
2316 2830 2335 2862 ι
2369 2810 2553 2865 Ταξιτά
2582 2811 2674 2863 καὶ
2703 2811 2790 2863 διὰ
2825 2809 3043 2865 Ἡσαΐου
3081 2808 3199 2880 βοᾷ,
3233 2807 3410 2876 λέγων
3433 2825 3447 2841 ο
3490 2827 3509 2859 ι
3531 2807 3590 2861 Ὀ
3612 2807 3750 2872 λαδς

2154 2899 2309 2969 οὗτος
2351 2906 2465 2967 τοῖς
2511 2902 2714 2973 χείλεσί
2754 2919 2821 2972 με
2868 2903 3025 2974 τιμᾷ,
3075 2905 3142 2973 τῇ
3190 2901 3246 2954 δὲ
3300 2901 3502 2973 καρδίᾳ
3546 2900 3749 2972 πόρῤω

2155 2996 2350 3067 ἀπέχει
2384 2994 2479 3048 ἀπ’
2520 2993 2676 3064 ἐμοῦ.
2708 3013 2726 3045 ι
2781 2989 2913 3046 Εἶτα
2961 2992 3224 3063 διελέγχει
3261 2992 3298 3047 ἃ
3345 2993 3457 3046 τῶν
3505 2991 3747 3045 εἰδώλων

473 3097 746 3152 idolorum
781 3112 949 3154 causa
986 3096 1313 3169 agebantur.
1353 3115 1372 3148 ι
1405 3095 1510 3150 Sed
1548 3094 1834 3150 ululabant
1865 3093 1919 3147 in
1957 3108 2047 3149 cu-

2155 3086 2319 3140 ἐνεκα
2345 3085 2749 3157 διεπράττοντο.
2791 3103 2809 3135 ι
2842 3083 2984 3136 Ἀλλ’
3011 3083 3045 3154 ἢ
3078 3082 3348 3147 ὠλόλυζον
3378 3086 3436 3138 ἐν
3476 3086 3596 3145 ταῖς
3624 3083 3747 3137 κοί-

471 3190 681 3245 bilibus
712 3190 853 3248 suis.
888 3205 1054 3260 super
1086 3190 1272 3244 tritico
1305 3195 1360 3243 et
1386 3188 1519 3242 vino
1540 3188 1985 3243 dissecabantur.
2025 3205 2044 3239 ι

470 3280 608 3337 Nam
643 3297 769 3337 eum
815 3283 1146 3351 promissam
1198 3280 1451 3350 patribus
1486 3279 1602 3335 suis
1634 3287 1837 3335 terram
1891 3293 2051 3333 acce-

472 3372 688 3442 pissent
716 3372 881 3443 (hane
907 3370 1054 3426 enim
1095 3370 1315 3425 vocavit
1353 3369 1542 3435 cubile,
1606 3377 1666 3422 ut
1719 3384 1841 3439 qua!
1874 3384 1971 3423 eos
2020 3383 2049 3421 a

471 3462 761 3519 laboribus
796 3461 848 3515 in
878 3461 1100 3515 deserto
1145 3461 1424 3532 susceptis
1461 3459 1795 3529 refecisset),
1829 3460 2050 3529 gentilia

473 3569 633 3608 sacra
670 3559 1002 3623 peregerunt
1031 3560 1083 3606 et
1117 3551 1384 3608 bonorum
1413 3566 1662 3606 meorum
1697 3550 1911 3611 deliciis
1947 3548 2053 3604 dit“-

471 3644 730 3707 ﬂuentes,
764 3643 820 3698 in
849 3642 1119 3697 idolorum
1153 3643 1375 3713 templis
1422 3658 1560 3713 quas
1595 3644 1870 3713 appellant
1912 3643 2053 3697 inei-

472 3753 634 3793 suras
664 3736 781 3791 suis
813 3736 1548 3806 corporibusadmoverunt.
1582 3735 1701 3808 [l5]
1726 3735 2048 3807 PrOpterea,

474 3828 574 3893 ait,
611 3846 642 3883 a
684 3845 772 3885 me
821 3831 1191 3901 corrigentur,
1224 3834 1487 3899 quoniam
1533 3844 1658 3885 cum
1695 3844 1724 3884 a
1767 3846 1853 3886 me
1886 3845 2048 3884 acce-

472 3925 682 3994 pissent
710 3925 1007 3995 potentiam
1032 3926 1218 3998 (quam
1266 3925 1542 3984 brachium
1569 3927 1770 3999 vocat),
1803 3946 1820 3980 ι
1856 3937 2048 3985 contra

471 4032 560 4072 me
585 4018 968 4089 cogitaverunt
1000 4019 1143 4074 mala
1184 4038 1202 4071 ι

546 4107 713 4165 Vens.
739 4110 822 4164 16.
876 4130 894 4161 ι
935 4111 1197 4168 (Σοιιιιενεῑ
1237 4120 1364 4166 sunt
1394 4111 1447 4165 in
1476 4111 1880 4175 nihilum,farti
1920 4122 2051 4167 sunt

357 4224 363 4231 -
471 4203 629 4270 quasi
667 4217 829 4257 arcus
870 4219 976 4257 non
1019 4203 1286 4259 intentus.
1326 4224 1346 4257 ι
1394 4203 1529 4259 Nam
1565 4206 1711 4275 quod
1762 4221 1850 4261 me
1887 4204 2048 4262 dere-

471 4295 756 4365 liquerint,
790 4297 998 4350 nullam
1032 4296 1157 4351 inde
1197 4296 1413 4370 1346
1452 4299 1751 4365 utilitatem
1787 4315 2048 4369 percepoc

467 4395 622 4450 runt,
651 4387 745 4443 sed
779 4387 929 4441 arcui
962 4388 1145 4441 laxato
1174 4398 1229 4443 et
1262 4405 1371 4443 non
1408 4390 1619 4445 intento
1670 4391 1880 4447 similes
1914 4391 2046 4446 facti

469 4486 623 4543 sunt,
659 4478 752 4547 qni
782 4480 989 4532 nullam
1033 4479 1331 4546 perniciem
1367 4481 1623 4537 hostibus
1678 4482 1868 4536 infert.
1905 4483 2049 4549 Quo-

468 4568 620 4623 circa
651 4588 671 4620 ι
706 4571 986 4641 principes
1037 4574 1284 4642 ipsorum
1324 4572 1505 4643 gladio
1571 4573 1792 4637 cadent,
1828 4583 2053 4644 propter

473 4659 806 4730 imperitiam
835 4662 1035 4731 linguae
1070 4678 1260 4718 eorum
1291 4681 1303 4718 :
1344 4666 1425 4720 sic
1457 4676 1542 4720 est.
1570 4666 1931 4721 subsannatio
1959 4682 2053 4720 eo-

474 4765 598 4803 rum
636 4751 693 4804 in
723 4757 870 4806 terra
895 4750 1142 4823 Egypti.
1174 4772 1193 4803 ι

1055 4845 1289 4901 CAPUT
1324 4845 1461 4900 νηί.

542 4930 709 4988 VEns.
751 4934 802 4988 l.
833 4935 889 4989 In
946 4942 1167 5005 gutture
1220 4952 1413 4992 eorum
1464 4939 1621 5007 quasi
1664 4945 1806 4991 terra
1864 4939 2043 5004 invia,

474 5022 618 5075 sicut
653 5026 805 5092 tuba,
842 5027 989 5081 sicut
1037 5028 1221 5098 aquila
1269 5045 1437 5101 super
1480 5029 1706 5083 dommn
1745 5029 1977 5087 Dontini.
2024 5054 2041 5086 ι

475 5110 634 5168 Sicut
655 5118 799 5170 enim
828 5127 1014 5187 patres
1045 5121 1292 5189 ipsorqu
1324 5136 1544 5191 semper
1584 5121 1845 5192 refragati
1883 5134 2045 5191 sunt,

474 5219 765 5277 meamque
791 5219 1115 5280 potestatem
1152 5222 1534 5287 aspernantes,
1579 5221 1631 5270 et
1672 5213 1806 5269 Mosi
1854 5224 1907 5270 et
1946 5215 2053 5272 Aa-

548 5367 575 5410 ι
612 5370 756 5429 Psal.
795 5388 1005 5440 Lxxvn,
1037 5372 1127 5429 20.
1212 5376 1227 5415 ι
1270 5379 1373 5436 lsa.
1406 5397 1557 5444 χχιχ,
1592 5380 1677 5436 i5.

2153 3195 2274 3242 ταις
2298 3177 2494 3239 αὐτῶν,
2528 3175 2621 3229 ἐπὶ
2648 3175 2779 3246 σίτῳ
2813 3177 2905 3229 καὶ
2947 3176 3076 3246 οἴνῳ
3116 3176 3530 3246 κατετέμνοντο.
3563 3195 3582 3227 ι
3627 3176 3747 3246 Τὴν

2153 3268 2264 3340 γὰρ
2289 3266 2703 3338 ἐπηγγελμένην
2730 3269 2841 3331 τοῖς
2866 3267 3136 3337 πατράσιν
3164 3265 3347 3320 αὐτῶν
3374 3267 3747 3337 ἀπειληφότες

2153 3360 2258 3431 γῆν
2281 3378 2292 3390 ·
2325 3359 2550 3433 (ταύτην
2579 3359 2687 3431 γὰρ
2721 3359 2933 3425 κοίτην
2978 3358 3285 3428 ὠνόμασεν,
3330 3358 3406 3422 ὡς
3442 3358 3581 3428 μετὰ
3611 3358 3747 3423 τοὺς

2155 3455 2213 3507 ἐν
2263 3454 2329 3523 τῇ
2379 3451 2573 3522 ἐρήμῳ
2622 3451 2814 3513 πόνους
2867 3449 3316 3504 διαναπαύσασαν
3350 3450 3597 3518 αὐτούς),
3639 3450 3746 3513 τάς

2154 3544 2377 3608 ἐθνικὰς
2418 3543 2641 3607 τελετὰς
2670 3542 2979 3605 ἐπετέλουν,
3024 3543 3119 3595 καὶ
3166 3545 3279 3606 τοῖς
3329 3544 3482 3613 ἐμοῖς
3514 3541 3748 3611 ἀγαθοῖς

2154 3634 2544 3709 ἐντρυφῶντες,
2599 3636 2656 3687 ἐν
2703 3635 2816 3699 τοῖς
2869 3632 3167 3698 εἰδωλικοῖς
3209 3635 3355 3697 ναοῖς
3391 3634 3489 3697 τὰς
3539 3634 3746 3688 καλου-

2158 3731 2327 3801 μένας
2360 3729 2644 3799 ἐντομίδας
2690 3731 2801 3791 τοῖς
2851 3728 3000 3796 σφῶν
3047 3729 3226 3782 αὐτῶν
3258 3727 3602 3798 προσέφερον
3636 3726 3750 3779 σώε-

2160 3838 2315 3894 μασι.
2347 3819 2549 3873 Τούτου
2578 3819 2758 3893 χάριν,
2792 3820 2952 3890 φησὶ,
2994 3818 3060 3871 δι’
3092 3819 3227 3889 ἐμοῦ
3257 3818 3748 3890 παιδευθήσονται,

2153 3908 2339 3979 ἐπειδὴ
2382 3910 2512 3978 παρ’
2556 3909 2691 3979 ἐμοῦ
2739 3907 3022 3979 δεξάμενοι
3070 3908 3336 3979 δύναμινσ
3370 3908 3597 3980 (ταύτην
3628 3908 3751 3980 γὰρ

2148 4002 2449 4072 βραχίονα
2476 4000 2670 4069 καλεῖ),
2703 4017 2722 4051 ι
2745 4000 2837 4064 Εἰς
2867 4001 2968 4070 ἐμὲ
3000 3999 3313 4069 ὲλογίσαντο
3346 4000 3581 4071 πονηρά.
3606 4017 3625 4051 ι

2228 4099 2324 4155 ις’.
2361 4108 2379 4141 ι
2417 4090 2871 4165 Ἐπεστράφησαν
2893 4091 2972 4155 είς
2997 4090 3152 4144 οὐδέν
3212 4090 3462 4159 ἐγένοντο
3483 4091 3562 4154 εἰς
3584 4089 3750 4157 τόξον

2153 4184 2213 4240 οὐ
2242 4181 2625 4253 τεταμένονυ.
2658 4201 2676 4235 ι
2730 4182 3140 4246 Καταλιπόντες
3172 4184 3281 4253 γάρ
3313 4199 3403 4252 με,
3435 4183 3623 4253 ὄνησιν
3652 4184 3749 4236 οὺ-

2151 4277 2346 4347 δεμίαν
2375 4275 2673 4345 ἐδρέψαντο
2692 4293 2705 4306 ’
2737 4274 2874 4329 ἀλλὰ
2900 4275 3042 4345 τόξῳ
3070 4275 3477 4346 κεχαυνωμένῳ
3509 4276 3605 4328 καὶ
3638 4276 3749 4331 οὐκ

2153 4368 2495 4440 ἐντεταμένῳ
2546 4367 2808 4431 ἐοίκασιν,
2856 4366 2885 4419 ὃ
2929 4366 3183 4433 οὐδεμίαν
3234 4365 3440 4435 βλάϐην
3488 4365 3746 4435 ἐπιφέρει

2081 4447 2262 4524 οτοῖς
2293 4460 2594 4528 πολεμίοις.
2628 4459 2739 4522 Διὸ,
2766 4479 2783 4510 ι
2809 4459 2921 4511 Kal.
2946 4460 2993 4511 οἱ
3023 4460 3282 4530 ἄρχοντες
3309 4457 3488 4511 αὐτῶν
3518 4460 3576 4510 ἐν
3607 4460 3749 4528 ῥομ-

2156 4554 2293 4625 φαίᾳ
2343 4552 2636 4607 πεσοῦνται
2672 4552 2762 4606 διὰ
2812 4551 3170 4605 ἀπαιδευσίαν
3218 4550 3472 4621 γλώσσης
3515 4549 3700 4604 αὐτῶν
3726 4567 3744 4585 ε

2153 4644 2328 4710 οὕτως
2342 4647 2390 4679 ⁸⁸
2417 4648 2446 4701 ὁ
2485 4646 2788 4716 φαυλισμδς
2812 4644 2991 4698 αὐτῶν
3026 4646 3083 4697 ἐν
3116 4646 3187 4715 γῇ
3222 4642 3502 4714 Αἰγύπτῳ.
3538 4661 3557 4693 ι

2761 4849 3015 4905 ΚΕΦΔΛ.
3055 4849 3136 4902 ιιι.
3174 4910 3191 4920 ,

2227 4949 2295 4997 α’.
2342 4960 2361 4993 ι
2404 4941 2527 4997 Ἐπὶ
2542 4943 2589 4975 ⁸⁸
2637 4941 2879 5015 φάρυγγι
2923 4942 3126 5006 αὐτῶν,
3172 4941 3249 5005 ὼς
3295 4940 3369 5010 γῆ
3398 4941 3619 5005 ἄϐατος,
3666 4942 3748 5006 ὡς

2158 5031 2413 5103 σάλπιγξ,
2435 5030 2510 5096 ὡς
2530 5031 2685 5095 ἀετὸς
2703 5034 2789 5085 ἐπ’
2811 5029 2957 5087 οἷκον
2979 5032 3204 5100 Κυρίου.
3237 5050 3254 5082 ι
3284 5031 3548 5106 Καθάπερ
3568 5031 3683 5103 γὰρ
3699 5034 3747 5066 ⁸⁷

2159 5125 2209 5179 οἱ
2242 5122 2480 5195 πατέρες
2516 5122 2698 5178 αὐτῶν
2725 5123 3099 5192 ἀντιλέγοντες
3140 5121 3467 5186 διετέλεσαν,
3501 5123 3599 5177 καὶ
3640 5122 3749 5194 τὴν

2160 5214 2303 5289 ἐμὴν
2353 5213 2773 5286 ὲκφαυλίζοντες
2822 5214 3072 5285 δύναμιν,
3115 5215 3211 5269 καὶ
3242 5216 3320 5289 τῷ
3346 5218 3519 5289 Μωσῇ
3533 5216 3600 5286 ⁸⁸,
3647 5220 3745 5273 καὶ

1724 5495 1960 5550 VAle
2019 5496 2418 5554 LECTIONES.

579 5627 622 5657 ⁸³
822 5622 948 5708 Dos.
985 5628 1124 5708 apud
1166 5630 1345 5708 LXX._
1417 5636 1543 5708 "_C
1573 5637 1837 5708 περιθείς.

480 5710 641 5769 ληυὲ
670 5696 914 5769 “QQ-915'
964 5696 1038 5769 ν⁸⁵
1062 5696 1192 5759 Rea.
1226 5704 1406 5769 lectio,
1445 5702 1615 5769 οὗτος.

486 5765 638 5833 φησί.
715 5763 758 5794 ⁸²
785 5762 1080 5828 (ΣΜωῦετῆ.Δ

1692 5709 1737 5738 κδ
1769 5705 1888 5760 Ἐπὶ
1912 5736 1974 5744 —-
2004 5706 2251 5774 σάλπιγξι
2329 5710 2389 5763 Λ.
2424 5710 2519 5774 Εἷς
2552 5708 2749 5763 κόλπον
2777 5705 2978 5773 “tam
3010 5706 3085 5770 ὡς
3115 5705 3208 5779 γῆ

1935 5635 1981 5665 ⁸⁸
2114 5651 2231 5719 ter:
2265 5637 2393 5719 Rep.
2426 5638 2630 5719 lectio...
2663 5635 2738 5699 ὼς
2767 5635 2920 5719 τάξον
2962 5635 3332 5719 ἐντεταμένοχτ
3384 5635 3557 5719 Ιζεὺνλ
3594 5636 3751 5719 δίε-με

3286 5707 3330 5740 ⁸⁷
3362 5708 3490 5778 γάρ.
3516 5707 3559 5762 C
3591 5707 3751 5766 addit
