4088 6430
365 376 503 444 ὶὲι93

1616 382 1698 441 IN
1731 380 1920 440 OSEE
1950 381 2108 441 CAP.
2141 384 2304 445 VIII.

3492 380 3631 448 1594

363 489 441 561 τῷ
492 487 704 561 Ἀαρὼν
746 487 1044 560 προφανῶς
1080 488 1438 559 ἀντέστησαν,
1496 489 1594 559 τῆς
1637 488 1934 559 ἐλευθερίας

2054 493 2174 548 roni
2224 500 2416 564 aperte
2471 495 2846 559 restiterunt,
2896 509 3040 564 quos
3089 508 3279 549 eorum
3356 493 3631 550 libertatis

364 580 548 636 αὐτῶν
580 579 741 650 χάριν
769 580 1152 637 ἀποσταλεῖσιν
1173 596 1186 610 ·
1216 580 1358 635 οὕτω
1385 580 1480 635 καὶ
1508 572 1652 634 οὗτοι
1683 580 1781 650 τὴν
1804 580 1947 632 ἐκεί-

364 690 471 727 νων
498 671 862 726 ἀπαιδευσίαν
909 673 1304 745 μιμησάμενοι,
1345 677 1419 736 ὡς
1443 671 1640 736 ἄϐατος
1681 671 1755 740 γῆ
1786 672 1948 742 γενή-

362 780 573 829 σονται,
616 763 711 816 καὶ
756 764 966 834 ἐρημίᾳ
1007 762 1263 817 παντελεῖ
1297 763 1800 836 παραδοθήσονται,
1846 763 1945 833 τῆς

360 852 666 924 πολεμικῆς
700 853 1001 922 σάλπιγγος
1033 852 1274 924 ἡκούσης
1310 853 1484 933 μέγα,
1531 854 1625 909 καὶ
1653 851 1747 907 τοῦ
1788 851 1946 921 βασι-

359 944 501 1008 λέως
521 943 631 998 τῶν
657 944 933 1016 πολεμίων
965 943 1125 1000 ἀετοῦ
1154 944 1309 1016 δίκην
1340 943 1730 1014 ἐφιπταμένου,
1753 941 1945 1013 καὶτῷ

360 1035 492 1105 θείῳ
530 1035 664 1108 οἴκῳ
704 1034 843 1107 μετὰ
883 1035 1082 1106 μανίας
1122 1035 1204 1091 ὅτι
1252 1034 1510 1106 πλείστης
1549 1034 1941 1106 ἐπερχομένου.

361 1126 488 1183 Ὅτι
515 1126 571 1180 δὲ
592 1126 775 1183 ἀετὸν
792 1126 902 1181 τῶν
937 1127 1210 1199 πολεμίων
1241 1128 1493 1198 ὠνόμασε
1517 1126 1608 1183 τὸν
1624 1127 1668 1159 ⁸³
1699 1125 1941 1197 βασιλέα,

359 1216 519 1287 καὶὴ
554 1217 650 1270 τοῦ
671 1219 717 1251 ⁸ο
758 1217 1021 1288 Ἰεζεκιὴλ
1053 1220 1325 1291 μαρτυρεῖ
1365 1219 1672 1289 προφητεία
1698 1236 1710 1248 ·
1765 1238 1784 1278 ι
1823 1219 1943 1273 Ἀε-

356 1308 511 1379 the"
559 1309 690 1383 γάρ,
740 1311 925 1383 φησὶν,
976 1313 1005 1364 ὁ
1050 1310 1245 1382 μέγας,
1280 1313 1308 1367 ὁ
1364 1311 1864 1383 μεγαλοπτέρυγος,
1912 1312 1941 1369 ὁ

362 1398 530 1464 πολὺς
560 1403 673 1474 τοῖς
706 1400 908 1469 δνυξιν,
928 1401 988 1465 ὃς
1010 1401 1123 1473 ἔχει
1153 1403 1214 1457 τὸ
1230 1403 1425 1473 ἥγημαι
1457 1401 1714 1459 εἰσελθεῖν
1747 1404 1826 1467 εἰς
1847 1403 1939 1457 τὸν

356 1490 613 1557 Δίϐανον,
644 1511 665 1549 ›
718 1494 812 1548 καὶ
857 1493 927 1548 τὰ
971 1494 1153 1550 λοιπά.
1193 1495 1381 1551 Ταῦτα
1399 1495 1455 1550 δὲ
1485 1494 1843 1566 ὑπομενοῦσιν
1865 1496 1935 1560 ⁸³,

362 1597 384 1632 ε
421 1581 566 1635 ’Δνθ’
592 1573 670 1638 ὧν
710 1584 1031 1656 παρέϐησαν
1063 1584 1161 1657 τὴν
1190 1584 1454 1658 διαθήκην
1497 1603 1622 1657 μου,
1657 1586 1752 1643 καὶ
1795 1586 1937 1641 κατὰ

354 1670 449 1727 τοῦ
481 1672 648 1742 νόμου
677 1690 778 1743 μου
809 1675 1106 1745 ἠσέϐησαν.
1139 1695 1158 1724 ι
1201 1676 1404 1731 Τούτου
1432 1678 1593 1749 χάριν
1625 1677 1794 1751 φησί’

428 1786 495 1856 β’.
545 1806 564 1839 ι
598 1787 740 1893 119:;
778 1788 878 1893 ἐμέ
892 1789 939 1821 ’³
976 1790 1336 1893 κεκράξονται
1359 1806 1374 1823 ο
1423 1792 1482 1846 Ὀ
1509 1790 1662 1858 Θεὸς,
1694 1789 1937 1859 ἐγνώκα-
1969 1837 2010 1893 Β

357 1876 462 1947 μέν
486 1895 567 1935 σε.
601 1898 621 1929 ι
669 1877 758 1932 Ἑν
783 1880 953 1951 πείρᾳ
990 1878 1100 1952 γὰρ
1138 1882 1361 1935 ἐκείνων
1387 1882 1669 1954 γενόμενοι
1698 1881 1806 1945 τῶν
1833 1901 1935 1938 κα-

354 1967 494 2031 κῶν,
525 1969 646 2027 τότε
675 1969 775 2040 τὴν
804 1970 1125 2042 ἐπικουρίαν
1141 1971 1189 2005 “
1211 1971 1528 2045 ζητήσουσι.
1560 1974 1626 2028 Τί
1655 1973 1856 2045 δήποτε
1877 1973 1934 2027 δέ

354 2056 531 2114 ταῦτα
559 2060 920 2132 ὑπομενοῦσιν
939 2079 955 2129 ;

421 2182 492 2243 γ’.
542 2196 561 2227 ‹
585 2176 705 2229 Ὅτι
746 2176 963 2246 Ἰσραὴλ
983 2174 1367 2248 ἀπεστράφατο
1392 2176 1594 2247 ἀγαθά.
1623 2197 1643 2230 ι
1672 2178 1784 2233 Καὶ
1805 2179 1933 2233 ποῖα

351 2265 523 2320 ταῦτα
546 2266 780 2331 δεικνὺς,
815 2268 1093 2338 ἐπήγαγεν
1108 2283 1123 2296 ’

427 2376 447 2409 ι
477 2358 703 2428 Ἐχθρὺν
744 2358 1097 2424 κατεδίωξαν.
1132 2358 1238 2432 (δ”)
1287 2358 1532 2422 Ἐαυτοῖς
1554 2360 1931 2426 ἐϐασίλευσαν,

349 2451 446 2505 καὶ
473 2450 543 2502 οὑί
567 2450 636 2504 δι’
678 2449 814 2520 ἐμοῦ
838 2467 851 2480 ·
894 2445 1089 2521 ἦρξαν,
1127 2451 1224 2504 καὶ
1272 2450 1375 2505 οὐκ
1415 2450 1720 2522 ἐγνώρισάν
1756 2468 1868 2522 μοι.
1905 2470 1926 2504 ι

361 2542 557 2598 Ἦνίκα
602 2543 735 2615 γὰρ,
782 2544 935 2614 φησί,
985 2543 1083 2612 τῆς
1134 2544 1273 2614 ἐμῆς
1324 2543 1580 2614 προνοίας
1627 2545 1929 2614 ἁπήλαυον,

354 2631 611 2687 ἁπάντων
635 2632 902 2703 ’ἐκράτουν
932 2631 1100 2685 τῶν⁹⁸
1125 2632 1412 2702 δυσμενῶν
1437 2648 1451 2663 ο
1502 2633 1616 2685 ἀλλ’
1642 2633 1789 2703 ὅμως
1810 2633 1932 2688 οὐδὲ

352 2721 511 2776 τοῦτο
540 2722 741 2785 αὐτοῦς
770 2722 958 2775 ἔπεισε
987 2721 1088 2791 τῆς
1123 2721 1265 2791 ἐμῆς
1297 2721 1552 2792 προνοίας
1587 2722 1929 2792 ἀντέχεσθαι,

347 2812 468 2869 ἀλλ’
509 2814 722 2876 ἑαυτοῖς
758 2812 1174 2883 ἐχειροτόνησαν
1217 2810 1463 2882 βασιλέα,
1506 2812 1757 2882 οὐδαμῶς
1801 2814 1933 2883 με⁹⁶

345 2902 483 2973 περὶ
509 2902 702 2957 τούτου
728 2903 997 2974 ἐρόμενοι.
1021 2902 1133 2972 Τὴν
1160 2903 1216 2955 δὲ
1244 2903 1574 2975 κατηγορίαν
1602 2904 1804 2974 ταύτην
1824 2903 1932 2958 τῶν

344 2996 484 3052 δέκα
517 2999 753 3050 ποιεῖται
781 2995 984 3064 φυλῶν,
1015 2994 1072 3048 αἳ
1109 2995 1201 3049 τὸν
1239 2994 1519 3065 Ἰεροϐοάμ
1546 2997 1760 3059 ἑαυτοῖς
1786 2997 1930 3065 ἐχει-·

350 3090 649 3163 ροτόνησαν
683 3087 928 3159 βασιλέα,
954 3087 1017 3140 ού
1042 3086 1334 3158 πυθόμενοι
1355 3086 1448 3141 τοῦ
1474 3087 1608 3142 Θεοῦ
1636 3088 1747 3142 τῶν
1766 3089 1925 3153 ὅλων,

2050 598 2219 638 causa
2242 585 2500 641 miseram
2531 605 2543 641 :
2577 587 2657 641 sic
2691 585 2860 640 etiam
2885 584 3002 649 isti,
3028 585 3247 638 illorum
3278 585 3628 640 insolentiam

2050 674 2272 738 imitati,
2327 676 2474 730 velut
2516 686 2665 731 terra
2727 676 2879 729 invia
2941 684 2996 729 et
3059 690 3290 746 prorsus
3349 674 3629 729 devastata

2049 778 2234 831 erunt,
2266 767 2507 827 hostium
2543 768 2675 822 tuba
2714 766 3012 827 classicum
3050 776 3299 830 canente,
3351 774 3406 820 et
3458 781 3586 837 rege
3612 769 3629 788 "

2049 859 2290 915 hostium
2335 859 2515 916 instar
2546 859 2742 930 aquilae
2778 860 2830 913 in
2879 875 2976 916 eos
3019 856 3317 923 involante,
3354 859 3630 913 divinum-

2045 964 2153 1017 que
2188 952 2446 1019 templum
2479 967 2602 1009 cum
2635 951 2857 1007 immani
2889 950 3076 1009 furore
3107 951 3423 1018 impotente.
3467 948 3625 1015 Quod

2047 1048 2228 1101 autem
2263 1041 2504 1097 hostium
2542 1056 2724 1112 regem
2760 1041 3041 1095 vocaverit
3071 1042 3326 1105 aquilam,
3360 1039 3596 1101 Ezecltie

2044 1130 2112 1191 iis
2144 1129 2312 1191 etiam
2342 1131 2636 1201 prophetia
2669 1138 2929 1186 testatur.
2956 1148 2974 1180 ι
3010 1130 3210 1198 Aquila
3232 1129 3402 1194 enim,
3423 1129 3624 1198 inquit,

2043 1223 2298 1294 grandis,
2333 1238 2655 1294 magnarum
2688 1224 2922 1287 alarum,
2974 1223 3133 1293 plena
3183 1224 3468 1291 unguium,
3499 1238 3624 1293 qua;

2043 1314 2206 1371 habet
2240 1314 2465 1371 ductum
2509 1313 2827 1372 introeundi
2860 1313 2915 1371 in
2963 1311 3231 1372 Libanum
3261 1322 3322 1377 π’,
3355 1331 3373 1363 ι
3423 1321 3475 1367 et
3519 1327 3622 1368 cae-

2041 1413 2184 1463 tera.
2217 1404 2345 1463 llaec
2368 1420 2496 1470 vero
2524 1406 2804 1476 patientur
2829 1423 2847 1455 ι
2878 1403 2986 1465 Pro
3007 1419 3093 1467 eo,
3121 1402 3266 1473 quod
3291 1402 3620 1472 transgressi

2041 1506 2170 1553 sunt
2223 1484 2615 1555 leuamentum
2652 1512 2858 1561 meum,
2911 1504 2970 1555 et
2998 1503 3189 1561 contra
3238 1495 3410 1566 legem
3446 1508 3623 1555 meatu

2038 1588 2203 1660 impie
2229 1597 2483 1658 egerunt.
2523 1607 2543 1641 ι
2575 1587 2853 1654 Quocirca
2882 1586 3066 1658 inquit
3092 1604 3108 1650 ;
3294 1568 3300 1577 ⁴

2110 1787 2280 1843 Vens.
2309 1786 2395 1841 2.(
2431 1786 2512 1842 Ad
2551 1802 2636 1842 me
2665 1785 2987 1841 clamabunt
3017 1800 3031 1837 :
3060 1785 3225 1850 Dens,
3257 1782 3618 1853 cognovimus

2040 1887 2112 1941 te.
2154 1897 2175 1934 ι
2218 1878 2274 1933 in
2305 1877 2528 1939 illorum
2563 1879 2711 1933 enim
2729 1875 3003 1933 malorum
3036 1873 3363 1933 discrimine
3392 1886 3620 1933 Versan-

2036 1980 2141 2036 tes,
2184 1980 2318 2027 tunc
2351 1971 2493 2041 apud
2529 1985 2618 2029 me
2647 1969 3036 2039 adjumentum
3071 1974 3342 2039 quaerent.
3377 1965 3490 2021 Cur
3521 1979 3619 2017 au-

2035 2072 2142 2122 tem
2180 2063 2296 2121 haec
2330 2061 2546 2137 135.7
2576 2061 2898 2132 patientur?

2103 2178 2275 2235 Vens.
2315 2179 2368 2233 3.
2407 2197 2427 2231 ‹
2452 2177 2595 2244 Quia
2636 2174 2805 2231 israei
2852 2180 3140 2229 aversatus
3174 2180 3261 2226 est
3294 2170 3458 2235 bona,
3494 2187 3514 2223 ι
3549 2166 3618 2226 Et

2032 2271 2346 2341 cuiusmodi
2380 2270 2496 2323 haec
2532 2268 2646 2323 sint
2668 2266 3082 2329 demonstrans,
3112 2260 3404 2332 subiungit
3435 2280 3449 2316 :

2110 2382 2130 2416 ι
2161 2363 2445 2418 inimicum
2481 2359 2755 2430 persecuti
2785 2364 2938 2413 sunt.
2961 2354 3149 2425 (Vena.
3176 2355 3230 2408 ι.
3256 2352 3276 2410 l
3305 2350 3379 2406 Ex
3411 2359 3616 2409 semet-

2030 2455 2167 2528 ipsis
2215 2461 2603 2527 regnaverunt,
2630 2459 2813 2506 etnon
2842 2464 2942 2519 per
2967 2462 3092 2502 me:
3126 2445 3406 2517 principes
3432 2444 3612 2501 exsti-

2032 2555 2235 2613 terunt,
2253 2554 2309 2601 et
2337 2560 2449 2601 non
2478 2543 2860 2599 indicaverunt
2883 2539 3045 2596 mihi.
3081 2556 3101 2590 ι
3133 2537 3273 2593 Cum
3298 2536 3445 2593 enim
3470 2549 3615 2601 mea,

2032 2639 2230 2710 inquit,
2262 2635 2607 2708 providentia
2635 2633 2968 2695 fruerentur,
3020 2643 3215 2685 omnes
3256 2628 3448 2683 hostes
3495 2625 3615 2680 vin-

2031 2733 2255 2795 cebant,
2288 2728 2383 2786 sed
2409 2742 2479 2783 ne
2509 2728 2615 2782 hoc
2640 2723 2862 2796 quidem
2893 2722 3004 2778 illis
3047 2720 3383 2792 persuadere
3411 2719 3613 2789 potuit,

2030 2831 2094 2880 ut
2121 2822 2175 2877 in
2202 2836 2323 2876 mea
2364 2818 2702 2888 providentia
2740 2813 3158 2885 acquiescerent
3202 2829 3221 2867 ι
3264 2810 3359 2867 sed
3405 2822 3612 2878 regem,

2033 2930 2121 2971 me
2168 2911 2506 2973 inconsulto,
2570 2909 2680 2964 sibi
2727 2911 3008 2962 crearunt.
3064 2902 3190 2958 Haec
3238 2915 3369 2956 vero
3424 2899 3615 2953 decem

2031 3006 2214 3062 tribus
2281 3000 2607 3074 perstringit
2657 2998 2964 3062 accusatio,
3017 3011 3141 3067 qua:
3200 2992 3304 3050 sibi
3350 2990 3618 3048 Jeroboa-

2033 3109 2184 3150 mum
2233 3108 2417 3165 regem
2471 3090 2902 3151 constituerunt,
2944 3101 3052 3142 non
3113 3085 3449 3152 interrogato
3488 3080 3618 3135 uni-

348 3184 401 3238 εἰ
426 3183 533 3253 χρὴ
563 3181 725 3234 τοῦτο
765 3180 1006 3250 ποιῆσαι.
1041 3180 1206 3232 Ἀλλὰ
1241 3180 1432 3250 μηδεὶς
1460 3179 1567 3233 τῶν
1604 3182 1724 3243 ταῖς
1767 3178 1929 3235 Βασι-

2035 3199 2318 3243 versorum
2352 3184 2485 3250 Deo,
2510 3198 2580 3237 an
2612 3182 2716 3237 hoc
2744 3179 3055 3235 iaciendum
3092 3184 3259 3233 esset.
3291 3173 3465 3230 Nemo
3522 3188 3620 3229 au-

344 3273 525 3357 λείαις
544 3272 1006 3343 ἐντετυῃκότων,
1037 3273 1281 3326 ἐναντίον
1313 3271 1472 3325 τοῦτο
1496 3274 1609 3335 τοῖς
1639 3272 1754 3325 ἐκεῖ
1777 3289 1933 3343 φεροο

348 3366 535 3437 μένοις
564 3364 802 3434 ἡγείσθω
825 3379 837 3395 ·
894 3363 1015 3416 οὐδέ
1038 3363 1145 3433 γὰρ
1178 3363 1314 3434 πρὸς
1344 3363 1436 3416 τὸν
1474 3363 1603 3418 λαὸν
1649 3363 1865 3433 ’Δχείαν
1882 3364 1928 3397 ⁸⁷

341 3457 442 3513 τὸν
472 3454 769 3521 Σιλωνίτην
791 3455 1135 3517 ἀπέστειλεν,
1168 3454 1308 3509 ἀλλὰ
1336 3457 1471 3525 πρὸς
1488 3455 1579 3510 τὸν
1611 3454 1891 3527 Ἱεροϐοάμ
1909 3473 1924 3488 ο

342 3543 411 3624 οὗ
453 3549 616 3620 χάριν
647 3548 905 3616 οὐδεμιᾶς
939 3550 1077 3600 εἰσιν
1120 3545 1261 3611 ἄξιοι
1319 3545 1668 3617 συγγνώμης,
1717 3549 1929 3612 ἑαυτοῖς

344 3639 745 3710 ἐπιτρέψαντες
789 3637 888 3707 τὴν
931 3636 1026 3689 τοῦ
1073 3636 1339 3705 βασιλέως
1381 3636 1737 3708 χειροτονίαν.
1792 3633 1928 3691 Εἶτα

342 3730 674 3800 ἐγκαλέσας.
701 3730 784 3784 ὅτι
818 3729 878 3783 τὺ
910 3728 1171 3800 ἀργύριον
1194 3727 1291 3781 καὶ
1318 3727 1383 3780 τὸ
1415 3728 1635 3799 χρυσίον
1657 3729 1807 3801 παρᾶ
1832 3728 1928 3782 τοῦ

345 3820 488 3874 Θεοῦ
515 3823 624 3874 τῶν
646 3822 783 3876 ὅλων
809 3821 1111 3892 εἰληφότες,
1142 3821 1222 3883 είς
1243 3819 1342 3891 τὴν
1369 3819 1479 3873 τῶν
1504 3819 1738 3874 εἰδώλων
1766 3837 1931 3874 κατα-

354 3910 557 3982 σκευὴν
609 3912 969 3982 ἐδαπάνησαν.
1011 3907 1333 3980 παραίνεσιν
1381 3907 1564 3971 αὐτοῖς
1604 3907 1925 3979 προσφέρει,

352 4005 453 4058 καὶ
486 4003 813 4076 συμϐουλήν.

420 4123 483 4171 ε’.
527 4136 547 4168 ι
581 4115 912 4189 Ἀπόρριψον
932 4114 1023 4167 τὸν
1048 4113 1249 4183 μόσχον
1276 4126 1392 4173 σου,
1417 4107 1722 4178 Σαμάρεια.
1759 4125 1777 4157 ι
1814 4108 1927 4160 Καὶ

343 4207 439 4263 διὰ
486 4208 653 4280 μέσου
698 4206 957 4268 τεθεικὼς
991 4205 1089 4256 τόο
1148 4221 1167 4254 ι
1192 4198 1528 4273 Παρωξύνθη
1566 4200 1594 4252 ό
1625 4197 1793 4267 θυμός
1824 4214 1926 4266 μου

344 4298 438 4354 ἐπ’
468 4297 666 4361 αὐτούς
692 4313 705 4326 ο
744 4297 849 4360 ἓως
872 4295 1015 4356 τίνος
1043 4293 1106 4345 οὐ
1137 4290 1212 4362 μὴ
1237 4288 1503 4342 δύνωνται
1528 4284 1927 4355 καθαοισθῆναι

342 4391 408 4444 ἐν
435 4388 513 4458 τῷ
545 4385 797 4459 Ἰσραήλ;
826 4404 843 4436 ι
888 4385 1139 4454 ἐπήγαγε
1161 4396 1177 4412 ⁸

2033 3289 2140 3334 tem
2180 3294 2247 3332 ex
2297 3275 2368 3331 iis
2412 3275 2507 3346 qui
2562 3274 2737 3329 libros
2792 3271 3109 3341 Regnorum
3164 3266 3414 3338 legerint,
3457 3272 3617 3335 putet

2031 3369 2148 3425 haec.
2173 3382 2299 3424 esse
2325 3365 2607 3422 contraria
2634 3363 2703 3420 iis
2721 3377 2844 3431 quas
2868 3361 2944 3417 ibi
2967 3360 3302 3416 referuntur.
3327 3355 3445 3410 Non
3466 3354 3611 3411 enim

2031 3461 2099 3515 ad
2132 3459 2395 3530 populum
2430 3455 2660 3511 Aciliam
2704 3452 2996 3509 Silonitam
3033 3449 3206 3515 misit,
3238 3446 3335 3504 sed
3367 3447 3433 3501 ad
3453 3445 3611 3501 Jero-

2028 3549 2285 3605 boamum
2361 3545 2547 3611 Quare
2584 3541 2734 3597 nulla
2770 3539 2930 3595 venia
2961 3536 3107 3607 digiti
3153 3541 3283 3591 sunt
3320 3532 3425 3588 sibi
3457 3531 3615 3585 attri-

2029 3641 2266 3696 buentes
2324 3636 2474 3707 regis
2518 3634 2864 3690 electionem.
2926 3629 3123 3684 Postea
3158 3638 3285 3681 cum
3342 3622 3618 3694 arguisset

2027 3748 2147 3794 eos,
2169 3731 2315 3803 quod
2338 3737 2624 3800 argentum
2657 3733 2713 3782 et
2742 3739 2962 3790 aurum,
2992 3719 3144 3793 quod
3176 3733 3208 3774 a
3234 3716 3347 3774 Deo
3384 3715 3617 3771 univer-

2030 3839 2216 3879 sorum
2248 3826 2604 3892 acceperant,
2640 3817 2695 3872 in
2726 3816 2999 3871 idolorum
3025 3810 3444 3867 fabricationem
3479 3820 3616 3861 con-

2029 3915 2386 3983 sumpserint,
2443 3909 2874 3967 admonitionem
2912 3906 2994 3960 eis
3034 3902 3278 3965 adhibet.
3321 3908 3381 3955 et
3428 3898 3613 3954 consi-

2029 4006 2180 4061 lium.

2101 4115 2262 4173 Vens.
2291 4117 2344 4172 5.
2380 4133 2398 4166 ι
2426 4113 2643 4183 Projice
2676 4109 2906 4165 vitulum
2952 4099 3475 4167 tuum,oSamaria.
3501 4117 3519 4149 ι
3547 4095 3617 4152 Et

2025 4217 2315 4278 postquam
2357 4203 2690 4275 interposuit
2737 4197 3015 4269 sequentia
3050 4212 3065 4249 :
3105 4213 3125 4247 ι
3153 4191 3478 4248 Concitatus
3526 4198 3615 4245 est

2026 4297 2183 4352 furor
2234 4312 2388 4352 meus
2443 4311 2608 4366 super
2662 4308 2760 4348 eos
2792 4309 2810 4347 :
2841 4300 3130 4360 usquequo
3193 4298 3304 4339 non
3349 4289 3612 4353 poterunt

2025 4386 2311 4445 emundari
2340 4388 2394 4441 in
2432 4384 2675 4441 lsraele'l
2713 4401 2732 4436 ι
2769 4379 3057 4449 subiungit
3094 4395 3110 4431 :

420 4506 495 4566 ς’.
542 4517 562 4552 t
589 4499 701 4552 Καὶ
727 4495 862 4552 αὐτὸ
888 4495 1093 4549 τέκτων
1122 4491 1367 4563 ἐποίησε,
1409 4489 1503 4543 καὶ
1530 4489 1592 4541 οὐ
1619 4487 1738 4551 θεός
1769 4489 1885 4541 ἐστι
1906 4502 1921 4517 ·

2095 4499 2264 4554 Vsus.
2298 4498 2351 4553 6.
2392 4516 2411 4551 ι
2435 4496 2503 4552 Et
2537 4495 2640 4550 hoc
2674 4493 2871 4550 artifex
2893 4488 3041 4555 fecit,
3073 4495 3129 4544 et
3155 4502 3266 4544 non
3308 4492 3396 4542 est
3443 4483 3613 4548 Deus,

342 4590 482 4649 διότι
510 4589 730 4649 πλανῶν
756 4584 826 4659 ἦν
865 4590 893 4641 ὁ
924 4586 1123 4658 μόσχος
1154 4601 1270 4647 σου,
1306 4581 1611 4652 Σαμάρεια.
1647 4599 1664 4632 ι
1711 4578 1922 4651 Κομιδῇ

344 4683 674 4754 προσφόρως
693 4681 739 4713 ’⁸
780 4679 881 4752 τὴν
918 4678 1027 4732 τῶν
1057 4675 1292 4730 εἰδώλων
1317 4673 1600 4728 ἀσθένειαν
1629 4670 1923 4741 ἐκωμῲδηο

346 4788 442 4827 σεν
465 4789 480 4803 υ
522 4770 655 4840 ὕλης
684 4770 793 4842 γὰρ
823 4771 902 4832 εἰς
929 4767 990 4822 τὸ
1019 4766 1160 4821 εἶναι
1191 4765 1286 4818 καὶ
1323 4765 1518 4835 τέχνης
1549 4761 1923 4834 προσδέονται.

346 4859 463 4923 Καὶ
489 4860 587 4931 τὴν
634 4860 734 4931 μὲν
776 4859 908 4931 ὓλην
950 4857 1058 4912 ἀπὸ
1086 4857 1187 4928 τῆς
1233 4857 1338 4928 γῆς
1381 4854 1767 4926 λαμϐάνοντες,
1814 4848 1926 4906 οἷον

348 4948 527 5021 ξύλον,
559 4950 593 5021 ἢ
620 4949 789 5014 λίθον,
821 4949 856 5021 ἢ
892 4948 1114 5020 χρυσὸν,
1148 4947 1182 5021 ἢ
1213 4947 1475 5019 ἄργυρον,
1507 4946 1542 5017 ἢ
1581 4946 1923 5016 κασσίτερον,

345 5039 414 5095 τὸ
444 5039 500 5093 δὲ
527 5035 665 5105 εἶδος
689 5041 797 5095 ἀπὸ
824 5040 926 5110 τῆς
977 5039 1175 5111 τέχνης
1208 5037 1605 5109 ἐρανιξόμενοι,
1638 5035 1709 5089 τὰ
1749 5035 1929 5110 χειρό-

347 5148 539 5202 κμητα
588 5132 894 5188 θεοποιοῦσι
944 5131 1055 5186 τῶν
1097 5130 1251 5197 ζώων
1286 5130 1604 5202 ἰνδάλματα.
1655 5130 1765 5183 Καὶ
1807 5129 1928 5180 ἐπι-

349 5222 506 5297 μένει
524 5226 571 5259 ⁹⁹
597 5228 707 5291 τοῖς
737 5225 1003 5299 ἐλέγχοις.

429 5392 471 5439 ί·
501 5399 700 5457 Ezecb.
737 5415 871 5467 xvn,
910 5400 965 5456 '5.
1041 5409 1071 5438 ιι
1097 5398 1167 5456 ill
1188 5397 1320 5473 Reg.
1360 5417 1441 5467 XI,
1469 5399 1541 5455 29
1564 5416 1722 5473 seqq.

2031 4590 2161 4663 quia
2190 4588 2459 4646 seducens
2514 4594 2635 4643 erat
2676 4585 2883 4639 vitulus
2907 4590 3057 4645 tuus,
3091 4577 3358 4634 Samaria.
3396 4595 3417 4629 ι
3448 4573 3617 4629 Valde

2033 4690 2214 4737 autem
2240 4676 2653 4736 accommodate
2681 4675 2954 4731 idolorum
2982 4669 3357 4727 infirmitatem
3396 4663 3613 4721 derisit.

2034 4772 2168 4827 Nam
2204 4771 2430 4826 materia
2473 4776 2528 4824 et
2570 4767 2895 4830 artiﬁcio.ut
2926 4763 3218 4827 exsistant,
3255 4759 3517 4831 indigent.
3542 4756 3614 4811 Et

2033 4862 2319 4916 materiam
2373 4860 2594 4932 quidem
2630 4874 2661 4913 a
2692 4865 2843 4914 terra
2878 4854 3235 4925 accipientes.
3290 4859 3350 4905 ut
3378 4849 3612 4920 lignum,

2031 4953 2299 5022 lapidem.
2334 4967 2556 5018 aurum,
2598 4958 2908 5021 argentum,
2945 4944 3321 5019 plumbumve,
3377 4940 3609 4995 formam

2033 5058 2162 5098 vero
2209 5043 2279 5100 ab
2315 5041 2531 5117 1348
2570 5049 2688 5096 arte
2746 5037 3183 5101 emendicantes,
3248 5049 3413 5099 manu
3468 5029 3612 5084 facta

2032 5134 2327 5188 simulacra
2389 5132 2711 5189 animalium
2777 5128 2987 5185 faciunt
3038 5126 3145 5184 sibi
3203 5124 3359 5189 deos.
3388 5122 3454 5177 Et
3486 5136 3617 5192 pero,

2030 5224 2234 5284 sistens
2261 5226 2314 5281 in
2352 5225 2780 5297 reprehensione
2804 5238 2819 5276 :

1629 5553 1866 5609 VARUS
1898 5551 2284 5609 LECTIONES

420 5624 467 5659 ⁸⁸
493 5601 606 5680 τόν.
649 5625 774 5683 Des.
805 5628 861 5682 in
888 5624 955 5683 C.

346 5710 546 5775 patrita.
794 5696 1197 5775 _b7ropévougtv.
1271 5696 1317 5728 ⁸³
1345 5694 1685 5775 Οθπρόςμε.

351 5764 490 5823 ibid.

1051 5625 1098 5658 “
1127 5623 1239 5680 τοῦ.
1279 5625 1423 5696 E3ng
1462 5626 1641 5696 suppl.
1716 5625 1906 5696 itiner.
1939 5625 2017 5680 ιι».
2046 5640 2242 5696 prtem.
2279 5626 2326 5678 ὁ.

1762 5695 1808 5727 ⁸⁸
1838 5695 1994 5768 tanta.
2044 5683 2127 5768 ib.
2162 5710 2349 5763 prtem.
2394 5695 2553 5768 ἐμήν.
2627 5694 2675 5726 ⁸⁵
2704 5690 2834 5745 τῶν.
2878 5689 3001 5746 Des.
3037 5683 3095 5744 in
3133 5685 3198 5741 C.
3284 5683 3331 5716 ’⁸
3363 5690 3451 5743 με·
3480 5683 3603 5735 Des-

605 5767 649 5799 ”
680 5764 759 5825 ib.
794 5764 999 5839 Ἀχίαν.
1077 5767 1122 5800 ⁸⁸
1151 5783 1350 5837 προσφ.
1386 5764 1427 5820 C
1459 5764 1644 5836 prtem.
1679 5764 1753 5819 δέ.
1834 5766 1879 5798 ’θ
1905 5764 2258 5838 Οέπιμένων.

2434 5625 2480 5658 ³³
2520 5623 2615 5677 ὑπ.
2644 5621 2722 5676 ita
2758 5636 2883 5675 cum
2911 5620 2953 5673 C
2981 5618 3211 5687 legimus
3242 5613 3367 5687 bal.
3401 5622 3451 5666 et
3480 5618 3606 5687 post
