4088 6414
496 375 632 439 1595

1476 376 1961 445 TIIEODORETI
2000 380 2337 439 EPISCDI’I
2361 382 2724 441 CYRENSIS
2820 372 2823 377 ’

3619 374 3765 441 1596

565 494 733 548 Vens.
762 492 816 546 7.
849 513 867 544 ι
890 492 1048 560 Quia,
1070 493 1268 564 inquit,
1289 503 1551 563 corrupta
1579 504 1740 549 vento
1764 494 2071 551 seminave-

2245 496 2310 560 ζ’.
2359 514 2378 547 ι
2399 497 2521 548 Ὅτι
2551 494 2954 566 ἅνεμόφθορα¹,
2988 494 3174 565 φησιν,
3204 491 3567 561 συνέσπειραν
3582 490 3624 556 ⁸,
3660 489 3761 546 καὶ

493 597 627 643 runt
651 596 734 643 :et
760 587 1048 671 subvergio
1075 590 1088 609 ⁸
1123 602 1310 642 eorum
1348 588 1611 658 suscipiet
1628 603 1691 643 ea
1717 606 1730 642 :
1758 589 2071 659 manipulus

494 695 605 734 non
630 678 840 733 habens
860 679 1022 744 vires,
1053 685 1111 731 ut
1144 677 1308 732 faciat
1340 677 1571 731 farinam
1604 679 1785 749 :quod
1817 681 1863 734 si
1888 687 2070 734 autem

494 770 705 834 fecerit,
734 768 896 823 alieni
930 768 1216 823 comedent
1269 784 1414 824 eam.
1448 787 1467 820 ι
1505 767 1726 823 Nullum
1762 770 1908 825 enim
1962 768 2075 823 fru-

494 872 663 926 ctum,
695 859 792 923 ait,
824 873 892 914 ex
923 858 1190 913 idolorum
1220 860 1486 914 servitute
1520 860 1825 931 percipitis,
1857 860 1953 917 sed
1979 876 2075 916 eo-

494 964 613 1003 rum
643 948 905 1018 manipuli
945 948 1153 1004 similes
1197 957 1327 1003 sunt
1369 961 1529 1006 vento
1570 953 1846 1021 corruptis
1878 953 2075 1022 spicis,

492 1054 613 1111 qua:
669 1040 897 1109 vaginas
945 1041 1290 1096 extrinsecus
1325 1043 1513 1112 plenas
1569 1043 1893 1109 ostendunt,
1960 1043 2074 1098 fru-

385 1174 394 1182 .
490 1140 737 1186 mentum
767 1132 1067 1187 verointus
1101 1148 1210 1187 non
1245 1134 1467 1188 habent.
1505 1132 1657 1189 Talis
1692 1142 1776 1189 est
1803 1135 2073 1189 idolorum

491 1236 715 1291 quoque
744 1230 962 1288 natura,
991 1238 1113 1293 quae
1140 1224 1375 1293 speciem
1406 1230 1499 1278 aut
1535 1225 1638 1279 viri
1671 1231 1766 1278 aut
1799 1224 2070 1289 mulieris,

493 1320 589 1365 aut
622 1311 822 1375 leonis,
851 1320 947 1365 aut
967 1313 1106 1367 alius
1134 1306 1421 1382 cujusdam
1463 1314 1719 1368 animalis
1746 1315 1815 1369 ab
1838 1314 2073 1369 artiﬁcio

494 1402 800 1472 accipiunt,
819 1403 966 1457 omni
990 1413 1169 1458 autem
1194 1404 1390 1459 robore
1408 1412 1463 1459 et
1485 1405 1701 1459 actione
1724 1413 1853 1461 sunt
1874 1420 2068 1461 vacua.

492 1490 787 1558 Quocirca,
829 1493 1034 1564 inquit,
1061 1494 1227 1550 simul
1263 1507 1387 1549 cum
1430 1495 1740 1550 cultoribus
1786 1497 1904 1553 suis
1939 1512 2067 1567 per-

494 1583 653 1637 ibunt
678 1601 690 1635 :
716 1599 841 1637 nam
878 1603 896 1636 ι
919 1583 1204 1640 subversio
1223 1600 1436 1653 eorum,
1462 1586 1663 1658 inquit,
1691 1600 1755 1642 ea
1783 1589 2072 1658 suscipiet,

494 1681 661 1745 atque
689 1673 851 1730 alieni
891 1675 1181 1731 comedent
1208 1690 1297 1731 ea.
1318 1694 1339 1727 ι

563 1846 729 1904 Vsus.
761 1848 813 1904 8.
843 1847 898 1902 9.
920 1842 1264 1905 'tDevoratus
1285 1858 1370 1907 est
1389 1850 1554 1908 Israel
1583 1870 1767 1912 :nunc
1790 1856 1969 1914 factus
1988 1867 2072 1915 est
2102 1852 2148 1912 Β

493 1939 551 1993 in
589 1940 901 1995 nationibus
933 1942 1093 2011 quasi
1120 1957 1221 1997 vas
1243 1943 1455 2000 inutile.
1489 1945 1630 2013 Quia
1660 1949 1766 2018 ipsi
1799 1951 2071 2006 ascende-

494 2041 624 2085 runt
650 2031 717 2087 ad
749 2031 1026 2102 Assyrios.
1054 2051 1073 2085 ι
1105 2033 1348 2105 Assyriis
1376 2035 1546 2100 enim,
1582 2052 1816 2108 quorum
1864 2042 2069 2096 auxilia

491 2123 939 2194 eﬂlagitaverant,
1004 2124 1059 2179 in
1106 2126 1429 2182 servitutem
1488 2130 1803 2198 tradentur,
1856 2134 2070 2188 nullum

495 2216 604 2271 Deo
630 2216 963 2271 sacrificium
1005 2225 1351 2287 peragentes,
1380 2234 1557 2290 neque
1592 2222 1728 2278 festa
1765 2226 2071 2281 secundum

491 2307 663 2379 legem
726 2308 1082 2364 celebrantes.
1133 2326 1152 2360 ι
1197 2308 1266 2362 Ει
1317 2312 1648 2380 germinavit
1685 2316 1834 2387 apud
1871 2324 2074 2373 semet-

492 2398 698 2468 ipsutn.
714 2396 844 2453 rPer
867 2414 955 2454 me
971 2400 1117 2454 enim
1135 2415 1259 2455 cum
1278 2404 1613 2459 excrevisset
1632 2413 1687 2461 et
1707 2421 1860 2466 more
1873 2408 2072 2479 planta:

490 2491 872 2561 germinasset,
901 2504 934 2547 a
954 2491 1060 2547 mei
1092 2493 1277 2549 studio
1302 2494 1544 2566 sejunxit
1571 2512 1720 2558 sese.

569 2690 589 2722 ι
619 2670 880 2743 Ephraim
918 2687 1145 2729 munera
1196 2674 1411 2731 dilexit.
1473 2676 1493 2748 (
1515 2676 1679 2734 Vens.
1718 2679 2075 2751 l0.)Idcirco

440 2748 451 2755 ί
488 2761 774 2818 tradentur
812 2763 864 2817 in
910 2764 1188 2834 gentibus.
1221 2784 1241 2818 ι
1278 2764 1396 2822 Non
1428 2766 1590 2824 bonis
1643 2748 1929 2826 saturatus
1965 2781 2071 2840 est,

490 2852 590 2909 sed
617 2854 737 2923 plus
776 2869 992 2924 semper
1024 2856 1252 2925 appetiit
1282 2876 1296 2911 :
1327 2873 1499 2928 quare
1541 2860 1596 2914 in
1628 2864 1956 2917 servitutem
1989 2879 2075 2919 re-

491 2943 730 3015 digetur.
772 2944 960 2999 «Nunc
990 2945 1287 3014 suscipiam
1321 2962 1438 3002 eos.
1476 2948 1561 3003 »Ιὰ
1591 2958 1698 3015 est,
1738 2951 1794 3005 in
1832 2951 2073 3007 hostium

489 3036 733 3107 regione.
773 3054 792 3088 ι
823 3035 891 3090 Ει
922 3036 1209 3106 quiescent
1258 3037 1476 3109 1349
1513 3055 1727 3109 parum,
1770 3051 1830 3095 ut
1863 3053 2073 3113 ungant

489 3143 673 3199 regem
711 3137 765 3185 et
800 3128 1101 3199 principes.
1134 3146 1154 3179 ι
1188 3126 1254 3180 Et
1284 3130 1379 3197 qui
1415 3131 1483 3185 ab
1516 3131 1624 3185 alio
1669 3134 1844 3204 magis
1905 3151 2070 3204 quam

489 3234 520 3273 a
564 3234 652 3275 me
679 3219 795 3290 regi
843 3219 1162 3284 voluerunt,
1206 3220 1311 3272 sub
1354 3220 1708 3293 Assyriorum
1746 3233 2072 3294 potestatem

487 3310 827 3382 redigentur,
857 3324 962 3366 nec
997 3310 1053 3363 in
1081 3317 1363 3379 posterum
1394 3314 1502 3369 sibi
1540 3332 1699 3387 reges
1737 3318 1938 3389 eligere
1970 3334 2071 3389 po-

490 3407 704 3457 terunt.

560 3578 729 3637 Vsus.
762 3583 850 3637 il.
897 3601 917 3636 ι
942 3582 1082 3651 Quia
1118 3587 1502 3658 multiplicavit
1542 3586 1802 3658 Ephraim
1835 3589 2068 3643 altaria:

491 3668 548 3723 in
589 3678 878 3739 peccatum
911 3673 1054 3730 facta
1102 3685 1234 3731 sunt
1266 3678 1315 3732 ei
1349 3679 1544 3732 altaria
1588 3680 1814 3734 dilecta.
1859 3698 1877 3730 ι
1914 3678 2068 3744 Jure,

492 3760 591 3822 ait,
622 3772 844 3817 cessare
872 3762 1071 3819 faciam
1099 3766 1352 3836 iniquum
1383 3768 1507 3837 ejus
1537 3784 1764 3839 regnum
1795 3786 1809 3835 ;
1845 3770 2070 3839 quando

493 3865 595 3920 per
626 3853 813 3909 hocin
848 3856 1105 3912 altarium
1138 3859 1305 3917 idolis
1327 3860 1633 3915 dicatorum
1665 3864 2068 3918 multitudinem

489 3944 781 4015 prolapsus
808 3955 915 4015 est,
945 3958 1001 4005 et
1032 3951 1187 4006 illinc
1224 3953 1561 4023 impietatem
1612 3955 1827 4019 hausit,
1858 3954 2069 4010 ardenti

487 4037 695 4093 amoris
727 4038 927 4096 aﬂ'ectu
964 4041 1176 4099 nefaria
1201 4045 1523 4115 complexus
1557 4047 1781 4102 altaria.

559 4219 726 4278 Vens.
770 4224 858 4279 12.
896 4245 916 4279 ι
946 4225 1195 4284 Scribam
1219 4230 1269 4284 ei
1299 4229 1709 4284 multitudinem
1748 4236 1802 4283 et
1829 4229 2069 4299 legitima

483 4313 626 4381 ejus.
659 4332 679 4364 ι
716 4312 921 4370 llorum
960 4318 1106 4372 enim
1146 4320 1402 4373 altarium
1429 4321 1865 4384 multitudinem,
1903 4330 2071 4391 atque

2172 587 2206 656 ἡ
2239 585 2590 657 καταστροφὴ
2632 584 2812 638 αὐτῶν
2855 583 3131 648 ἐκδέξεται
3174 581 3350 635 αὐτά·
3403 580 3625 651 δράγμα
3654 578 3762 633 οὐκ

2173 676 2296 748 ἔχον
2324 677 2479 747 ἰσχὺν
2506 677 2600 729 τοῦ
2627 676 2850 746 ποιῆσαι
2876 674 3101 746 ἄλευρον
3121 673 3142 705 ³
3167 690 3180 702 ·
3212 672 3308 725 ἐὰν
3335 672 3392 725 δέ
3414 671 3508 724 καὶ
3529 672 3761 742 ποιήσῃ,

2173 767 2444 839 ἀλλότριοι
2477 769 2885 836 καταφάγονται
2917 763 3049 818 αὐτό
3068 763 3111 817 δ.
3144 782 3162 814 ι
3197 761 3402 816 Οὐδένα
3430 760 3560 831 γὰρ,
3595 761 3767 830 φησὶ,

2174 858 2386 929 καρπὸν
2409 860 2474 911 ἐκ
2496 857 2595 928 τῆς
2619 856 2730 909 τῶν
2752 857 2987 911 εἰδώλων
3008 853 3274 926 δρέπεσθε
3294 852 3613 922 θεραπείας,
3638 849 3763 904 ἀλλ’

2174 948 2317 1003 ἔοικε
2350 948 2417 1003 τὰ
2446 948 2669 1003 ἐκείνων
2694 949 2985 1019 δράγματα
3008 945 3405 1017 ἀνεμοφθόροις
3428 944 3760 1012 ἀστάχυσιν,

2173 1039 2225 1094 οἳ
2250 1040 2349 1104 τὰς
2375 1040 2475 1111 μέν
2510 1039 2683 1107 θήκας
2711 1040 2940 1111 πλήρεις
2962 1037 3302 1092 δεικνύουσιν
3331 1034 3552 1100 ἔξωθεν,
3576 1032 3670 1086 τὸν
3697 1031 3766 1085 δὲ

2175 1133 2321 1185 σῖτον
2347 1130 2494 1184 ἐνδον
2524 1132 2624 1184 οὐκ
2650 1130 2853 1201 έχουσι.
2903 1129 3138 1199 Τοιαύτη
3172 1127 3230 1182 δὲ
3262 1126 3357 1180 καὶ
3390 1124 3499 1179 τῶν
3522 1123 3767 1177 εἰδώλων

2173 1224 2207 1294 ή
2236 1222 2397 1292 φύσις
2422 1239 2437 1253 ·
2484 1223 2546 1276 τὸ
2578 1222 2676 1293 μὲν
2711 1223 2821 1293 γὰρ
2852 1221 3176 1292 φαινόμενον
3209 1214 3372 1285 εἶδος,
3407 1217 3441 1288 ἢ
3469 1216 3685 1287 ἀνδρὸς,
3723 1212 3762 1282 ἦ

2172 1316 2453 1383 γυναικὸς,
2487 1314 2521 1385 ἢ
2551 1314 2784 1378 λέοντος,
2818 1314 2852 1385 ἢ
2890 1311 3046 1367 ἄλλου
3090 1311 3236 1374 τινὸς
3277 1309 3387 1362 τῶν
3422 1307 3596 1373 ζώων,
3644 1305 3766 1361 ἀπὸ

2172 1406 2271 1477 τῆς
2316 1406 2514 1479 τέχνης
2560 1406 2867 1477 λαμϐάνειο
2919 1405 3100 1475 πάσης
3141 1402 3199 1456 δὲ
3241 1402 3425 1474 ἰσχύος
3467 1401 3562 1455 καλ⁵
3601 1403 3767 1470 ἐνερ-

2172 1499 2326 1569 γείας
2357 1500 2693 1570 καθέστηκεν
2725 1500 2947 1570 ἕρημος.
2984 1497 3076 1549 Διὸ
3108 1497 3203 1550 καὶ
3233 1494 3393 1559 αὐτά,
3429 1492 3584 1564 φησι,
3616 1491 3767 1562 μετὰ

2170 1593 2281 1645 τῶν
2328 1590 2781 1663 προσκυνούντων
2834 1589 3262 1660 διαφθαρήσεται
3288 1605 3302 1617 ο
3347 1589 3382 1656 ἡ
3428 1584 3539 1655 γὰρ
3579 1600 3765 1638 κατα-

2175 1684 2382 1755 στροφὴ
2414 1683 2615 1749 αὐτῶν,
2647 1685 2832 1751 φησὶν,
2862 1681 3138 1747 ἐκδέξεται
3166 1679 3325 1745 αὐτὰ,
3356 1679 3451 1732 καὶ
3480 1675 3765 1746 ἀλλότριοι

2177 1777 2587 1845 καταφάγονται
2617 1774 2777 1828 αὐτά.

2241 1872 2316 1938 η’,
2348 1866 2413 1919 θ’.
2460 1884 2480 1919 ι
2508 1866 2798 1936 Κατεπόθη
2843 1865 3100 1936 Ἰσραήλ⁶
3148 1863 3244 1918 νῦν
3286 1862 3501 1932 ἐγένετο
3537 1862 3595 1913 ἐν
3640 1860 3766 1923 τοῖς

2172 1957 2381 2012 ἔθνεσιν
2410 1956 2486 2021 ὡς
2520 1956 2712 2020 σκεῦος
2741 1956 3031 2027 ἄχρηστον.
3066 1955 3189 2010 ’Ότι
3219 1954 3493 2025 ἀνέϐησαν
3521 1954 3602 2014 είς
3637 1952 3764 2003 Ἀσ-

2174 2051 2413 2123 συρίους.
2443 2068 2462 2102 ι
2497 2049 2607 2120 Τὴν
2634 2051 2742 2119 γάρ
2765 2049 2875 2101 τῶν
2918 2049 3221 2119 Ἀσσυρίων
3259 2047 3511 2118 βοήθειαν
3535 2044 3765 2113 ἰξαιτή-

2174 2157 2386 2206 σαντες,
2436 2140 2619 2203 αὐτοῖς
2654 2141 2735 2204 εἰς
2778 2139 3023 2194 δουλείαν
3067 2139 3555 2209 παραδοθήσονται,
3597 2136 3760 2188 οῦδε-

2177 2231 2305 2302 μίαν
2335 2232 2414 2303 τῷ
2444 2230 2564 2303 Θεῷ
2595 2228 2935 2300 λειτουργίαν
2976 2227 3442 2300 άποπληροῦντες,
3491 2225 3616 2278 οὔτε
3654 2224 3763 2288 τὰς

2173 2323 2316 2379 κατὰ
2343 2323 2507 2394 νόμον
2532 2321 2880 2393 ἑορτάζοντες
2910 2318 3268 2391 πανηγύρεις.
3307 2337 3325 2370 ι
3349 2318 3455 2371 Καὶ
3473 2317 3494 2348 ⁸
3526 2315 3762 2369 ἀνέθαλε

2172 2414 2293 2470 καθ’
2341 2415 2553 2469 ἑαυτόν.
2586 2432 2605 2465 ι
2653 2414 2731 2466 Δι’
2778 2411 2912 2482 ἐμοῦ
2961 2411 3071 2482 γὰρ
3109 2409 3388 2481 αὐξηθεὶς,
3438 2409 3534 2463 καὶ
3582 2409 3762 2477 φυτοῦ

2171 2508 2327 2580 δίκην
2366 2506 2661 2578 ἀναθήλας,
2708 2507 2808 2576 τῆς
2849 2503 2991 2576 ἐμῆς
3034 2503 3224 2558 ἑαυτὸν
3268 2501 3566 2573 θεραπείας
3612 2498 3766 2571 ἐχώ-

2175 2616 2347 2670 ρισεν.

2251 2709 2269 2742 t
2313 2692 2551 2762 Ἐφραῒμ
2578 2689 2728 2760 δῶρα
2761 2688 3035 2758 ἠγάπησε.
3088 2684 3189 2757 (ι’.)
3242 2684 3342 2739 Διὰ
3380 2682 3538 2737 τοῦτο
3573 2699 3765 2753 παρα-

2172 2782 2525 2852 δοθήσονται¹
2554 2782 2613 2835 ἐν
2644 2782 2757 2842 τοῖς
2785 2779 2981 2834 ἔθνεσι.
3035 2796 3053 2829 ι
3115 2776 3294 2847 Κόρον
3321 2777 3422 2829 οὐκ
3459 2774 3620 2829 ἔλαϐε
3645 2773 3764 2827 τῶν

2174 2871 2415 2940 ἀγαθῶν,
2467 2870 2605 2924 ἀλλὰ
2634 2869 2731 2924 τοῦ
2779 2871 3025 2933 πλείονος
3076 2868 3375 2922 διετέλεσεν
3422 2866 3716 2935 ἐφιέμενος
3742 2880 3757 2894 ·

2173 2964 2365 3017 τούτου
2385 2964 2547 3034 χάριν
2573 2964 2653 3026 εἰς
2678 2963 2923 3016 δουλείαν
2953 2961 3412 3033 παραδοθήσεται.
3450 2978 3469 3011 t
3497 2959 3614 3012 Νῦν
3641 2959 3763 3011 εἰσι

2173 3054 2397 3125 δέξομαι
2430 3052 2646 3117 αὐτούς.
2691 3072 2709 3106 ι
2758 3054 3064 3116 Τουτέστιν,
3101 3053 3157 3105 ἐν
3209 3055 3277 3123 τῇ
3328 3052 3435 3104 τῶν
3479 3050 3762 3121 πολεμίων

2175 3145 2351 3215 χώρᾳ.
2396 3162 2414 3195 ι
2445 3144 2556 3198 Καὶ
2582 3144 2883 3197 κοπάσουσι
2913 3142 3127 3213 μικρὸν,
3176 3142 3271 3194 τοῦ
3317 3142 3492 3211 χρίειν
3530 3140 3761 3210 βασιλέα

2176 3238 2270 3290 καὶ
2293 3237 2547 3306 ἄρχοντα.
2581 3254 2599 3286 ι
2652 3235 2762 3289 Καὶ
2792 3235 2879 3302 ὑφ’
2914 3233 3102 3304 ἐτέρου
3137 3232 3355 3302 μᾶλλον,
3406 3231 3441 3301 ἢ
3490 3232 3583 3284 ὑπ’
3617 3230 3759 3299 ἐμοῦ

2175 3326 2553 3397 βασιλεύεσθαι
2599 3325 2973 3396 βουληθέντες,
3011 3324 3118 3377 ὑπὸ
3164 3323 3260 3393 τὴν
3307 3322 3417 3376 τῶν
3452 3323 3760 3393 Ἀσσυρίων

2170 3419 2488 3473 δεσποτείαν
2533 3419 2873 3486 γενήσονται,
2920 3416 3106 3469 οὐκέτι
3158 3415 3341 3467 λοιπὸν
3380 3414 3593 3475 ἑαυτοῖς
3639 3432 3779 3483 χει-.

2176 3513 2407 3583 ροτονεῖν
2447 3509 2673 3580 βασιλέα
2702 3509 3012 3577 δυνάμενοι.

2242 3610 2332 3657 ια’.
2382 3622 2401 3654 ι
2433 3603 2557 3655 Ὅτι
2605 3598 2904 3671 ἐπλήθυνεν
2961 3596 3199 3666 Ἐφραῒμ
3247 3595 3627 3663 θυσιαστήρια,
3677 3594 3762 3656 εἰς

2171 3695 2444 3766 ἁμαρτίας
2487 3693 2704 3760 ἐγένετο
2730 3693 2749 3723 ⁷
2799 3690 2947 3759 αὐτῷ
2980 3690 3338 3756 θυσιαστήρια
3381 3683 3493 3739 τὰ⁸
3534 3686 3759 3754 ἠγαπη-

2175 3787 2332 3855 μένα.
2369 3803 2387 3835 δ
2437 3783 2692 3849 Δικαίως,
2737 3782 2891 3851 φησι,
2924 3778 3262 3832 καταπαύσω
3301 3777 3400 3847 τὴν
3432 3778 3762 3846 παράνομον

2171 3877 2336 3931 αὑτοῦ
2372 3874 2651 3946 βασιλείαν
2675 3891 2687 3903 ·
2718 3872 2905 3940 ἐπειδὴ
2936 3871 3022 3924 διὰ
3044 3870 3246 3939 ταύτης
3271 3871 3351 3932 εἰς
3377 3869 3438 3920 τὸ
3464 3866 3576 3919 τῶν
3604 3868 3764 3921 εἰδω-

2170 3970 2335 4022 λικῶν
2366 3965 2765 4035 θυσιαστηρίων
2798 3963 3055 4028 ἐξώκειλε
3095 3961 3318 4031 πλῆθος,
3355 3961 3448 4014 καὶ
3489 3959 3589 4030 τὴν
3622 3961 3758 4013 ἀσέ-

2170 4061 2325 4112 ϐειαν
2366 4057 2574 4111 ἐκεῖθεν
2606 4055 2887 4128 ἐδρέψατο,
2932 4051 3150 4123 θερμῶς
3189 4050 3415 4121 περὶτὰ
3457 4050 3764 4121 παράνομα

2169 4131 2437 4211 διατεθεὶς
2476 4147 2860 4215 θυσιαστήρια.

2242 4242 2329 4310 ιβ’.
2376 4258 2395 4290 ι
2430 4237 2787 4308 Καταγράψω
2820 4235 2968 4306 αύτῷ
2990 4236 3010 4267 ⁸
3041 4235 3265 4307 πλῆθος.
3314 4232 3408 4285 καὶ
3440 4229 3507 4284 τὰ
3545 4230 3759 4301 νόμιμα

2169 4331 2356 4386 αὐτοῦ.
2390 4350 2408 4381 ›
2459 4329 2678 4382 Τούτων
2710 4328 2819 4397 γὰρ
2848 4327 2955 4379 τῶν
2987 4326 3389 4396 θυσιαστηρίων
3426 4324 3489 4376 τὸ
3524 4322 3757 4393 πλῆθος,

484 4402 556 4470 de
599 4403 686 4459 his
739 4404 1089 4461 inventarum
1141 4407 1356 4476 legum,
1406 4407 1566 4477 juxta
1618 4424 1756 4479 quas
1796 4410 2067 4465 idolorum

2172 4424 2265 4477 καὶ
2294 4422 2401 4476 τῶν
2439 4420 2839 4491 ἐφευρεθέντων
2869 4419 2962 4473 ἐπὶ
3006 4419 3215 4483 τούτοις
3258 4418 3459 4487 νόμων,
3506 4416 3628 4470 καθ’
3660 4415 3760 4479 οὓς

485 4509 644 4547 saera
680 4495 962 4563 obierunt,
996 4500 1342 4563 memoriam,
1384 4501 1450 4553 ad
1482 4515 1672 4555 eorum
1709 4502 2068 4570 multiplicem

2172 4514 2268 4576 τὰς
2289 4512 2573 4575 εἰδωλικὰς
2594 4509 2812 4574 τελετὰς
2833 4510 3140 4577 ἐπετέλουν,
3166 4512 3517 4580 ἀνάγραπτον
3541 4510 3759 4579 ποιήσω

486 4586 823 4655 impietatem
854 4589 1174 4647 notandam.
1207 4592 1427 4661 scriptis
1457 4592 1878 4647 commendabo.
1910 4609 1929 4642 ι
1950 4590 2067 4647 ‘Pro

2173 4602 2270 4673 τὴν
2303 4604 2544 4674 μνήμην,
2570 4603 2649 4665 εἰς
2678 4600 2898 4671 ἔλεγχον
2919 4600 3019 4670 τῆς
3047 4600 3250 4669 πολλῆς
3275 4600 3454 4654 αὐτῶν
3474 4599 3754 4663 ἀσεϐείας.

485 4678 679 4734 alienis
707 4689 961 4749 reputata
993 4690 1118 4736 sunt
1152 4683 1343 4737 altaria
1367 4683 1591 4738 dilecta.
1630 4701 1647 4735 ι
1682 4682 1832 4747 Haec,
1864 4684 2065 4753 inquit,

2179 4711 2197 4743 ι
2244 4693 2337 4755 Εἰς
2386 4691 2641 4762 ἀλλότρια
2691 4689 3047 4759 ἐλογίσθησαν
3110 4690 3473 4762 θυσιαστήρια
3529 4690 3756 4761 ἠγαπη-

488 4782 742 4836 pervcrsa
801 4771 997 4824 altaria
1050 4787 1266 4828 summo
1302 4775 1486 4829 studio
1526 4786 1860 4830 curaverunt
1911 4792 1924 4827 :
1968 4775 2064 4832 Dei

2177 4781 2387 4851 μένα¹⁰.
2418 4801 2436 4833 ι
2492 4782 2599 4835 Καὶ
2644 4780 2852 4834 τούτων
2889 4782 3009 4851 μὲν,
3060 4782 3213 4852 φησι,
3259 4780 3367 4834 τῶν
3417 4780 3758 4851 παρανόμων

485 4874 617 4914 vero
653 4862 882 4928 altaria,
924 4864 1127 4933 quibus
1159 4867 1307 4920 omni
1345 4881 1480 4921 cura
1515 4875 1634 4923 erat
1683 4867 2060 4935 serviendum,

2174 4873 2575 4945 θυσιαστηρίων
2620 4872 2821 4942 πολλὴν
2865 4873 3192 4944 ἐποιήσαντο
3238 4872 3495 4946 φροντίδα
3521 4889 3534 4902 ·
3588 4870 3657 4923 τά
3697 4870 3759 4923 δὲ

486 4958 538 5004 et
569 4967 692 5020 quae
725 4969 940 5009 summo
977 4956 1034 5011 in
1073 4973 1259 5013 amore
1283 4973 1348 5012 ac
1386 4958 1570 5013 studio
1603 4959 1854 5014 habenda
1880 4970 2061 5026 erant,

2176 4965 2315 5025 θεῖα,
2364 4963 2400 5016 ὃ.
2434 4964 2611 5034 πάσης
2650 4962 2832 5028 ἀξιοῦν
2861 4963 3157 5034 θεραπείας
3201 4964 3390 5035 ἐχρῆν,
3423 4964 3520 5016 καὶ
3562 4962 3758 5032 τριπό-

489 5048 749 5110 tanquam
797 5044 866 5098 ad
914 5047 1122 5103 alienos
1173 5050 1443 5121 quosdam
1490 5050 1825 5120 pertinentia
1857 5052 1874 5072 ⁶
1904 5055 2065 5122 plane

2172 5050 2311 5122 θητα
2338 5049 2499 5120 ἔχειν,
2536 5050 2630 5103 καὶ
2653 5050 2772 5103 λίαν
2798 5052 3095 5121 ἐπέραστα,
3126 5053 3203 5116 ὠς
3229 5052 3409 5115 ἄλλοις
3437 5051 3549 5105 τισὶ
3580 5068 3757 5121 προσο

488 5145 598 5184 ηοη
650 5143 935 5190 curarunt.
995 5135 1388 5194 Verumtamen
1465 5154 1576 5193 non
1652 5142 2061 5197 accusationem

2172 5143 2371 5211 ήκοντα
2400 5139 2689 5192 κατέλιπον
2722 5140 3060 5211 ἁτημέλητα.
3102 5141 3241 5194 Ἀλλ’
3263 5142 3363 5212 οὐχ
3394 5141 3471 5204 ὡς
3498 5139 3756 5210 δεόμενος

487 5221 649 5276 istam
684 5223 914 5294 institui,
950 5229 1099 5299 quod
1140 5231 1441 5288 sacriﬁciis
1479 5232 1549 5287 ab
1573 5232 1654 5288 eis
1682 5231 1886 5290 oblatis
1918 5234 2061 5290 iudi-

2172 5232 2279 5285 τῶν
2323 5232 2453 5302 παρ’
2485 5229 2663 5284 αὐτῶν
2690 5230 2889 5286 θυσιῶν
2932 5233 3091 5303 τήνδε
3138 5232 3238 5305 τὴν
3279 5231 3616 5303 κατηγορίαν
3646 5247 3757 5285 πε-

487 5327 640 5381 gcam
665 5332 680 5369 :

2172 5325 2297 5396 ποίη
2306 5342 2427 5395 μαι.

1771 5495 2012 5553 VABUE
2045 5495 2452 5556 LECTIONES.

2376 5616 2462 5687 ³Αο
2502 5616 2724 5687 ἄλευρα.
2823 5617 2843 5650 ⁸
2879 5617 2956 5673 id.
2994 5618 3150 5672 αὑτά.
3229 5620 3248 5651 ⁸
3279 5619 3389 5672 καί.
3426 5616 3550 5672 Des.
3609 5619 3749 5676 ibid.

2321 5685 2343 5715 ⁹
2385 5683 2425 5738 C
2457 5683 2654 5753 αὐτῶν,
2714 5689 2806 5744 sed
2843 5690 2910 5743 ub
2956 5690 3057 5743 alia
3088 5704 3272 5744 manu.
3356 5690 3418 5721 ~“
3447 5691 3539 5758 ἠγ.
3604 5688 3749 5747 Ibid.

563 5597 587 5681 ι.
612 5596 737 5681 Am,
779 5595 1168 5681 ἀνεμοφθόρια,
1223 5604 1768 5681 νςιιάνεμοφθορῖαν.

493 5665 515 5695 ⁸
549 5665 686 5719 Ibid.
717 5664 1180 5736 παραδοθήσεται.

493 5748 682 5801 prtem.
712 5734 803 5784 τά.

1867 5613 1888 5641 ’
1993 5610 2272 5683 ἔσπειραν.

1257 5674 1277 5703 ⁷
1316 5675 1357 5730 C
1388 5674 1657 5744 ἐγένοντό.
1734 5682 1755 5711 ⁸
1792 5684 1880 5733 τά.
1917 5679 2043 5737 Des.
2081 5674 2211 5737 ibid.
