4088 6460
368 405 508 473 1597
1664 406 1745 466 IN
1787 404 1975 465 OSEE
2000 403 2160 474 CAP.
2198 408 2301 469 IX.
3502 405 3646 473 1593

438 523 526 585 ιγ’.
575 535 594 568 ι
638 515 761 570 Ἐὰν
796 515 905 588 γὰρ
934 514 1136 569 θύσωσι
1170 512 1380 576 θυσίαν,
1414 512 1509 565 καὶ
1535 512 1752 581 φάγωσι
1786 509 1945 581 κρέα,
1977 514 2024 569 Α

2130 513 2292 569 Vens.
2336 516 2421 570 l3.
2465 535 2483 567 ι
2527 516 2694 580 Nam,
2747 517 2793 573 si
2848 516 3253 573 Immolaverint
3310 517 3551 583 hostias,
3581 527 3641 573 et

367 608 573 680 Κύριος
604 608 666 660 οὐ
696 606 1046 679 προσδέξεται
1069 604 1229 658 αὐτά.
1265 624 1284 657 ι
1331 604 1405 657 T6
1437 603 1494 656 δὲ
1523 603 1758 673 φάγωσι
1791 601 1954 668 κρέα,

2061 605 2403 660 comederint
2435 623 2659 674 carnes,
2698 608 2963 665 Dominus
3012 625 3120 664 non
3165 610 3427 679 suscipiet
3460 624 3572 665 eas.
3614 628 3634 663 ι

367 702 470 770 οὐχ
499 698 688 760 ἁπλῶς
716 699 1039 769 πρόσκειται
1064 715 1078 729 ·
1122 696 1409 750 εἰώθεισαν
1439 696 1548 769 γὰρ
1576 695 1685 748 τῶν
1721 694 1794 766 μὴ
1823 693 1957 747 ὡλο-

2062 698 2199 750 Illud
2247 714 2397 761 vero,
2432 698 2757 755 comederint
2811 717 3030 766 carnes,
3074 716 3185 755 non
3221 711 3425 755 temere
3463 715 3638 770 appo-

366 790 719 860 καυτομένων
749 789 1007 858 θυμάτων
1040 789 1166 851 τοὺς
1200 787 1300 858 μὲν
1333 788 1584 858 νεφροὺς,
1620 787 1714 839 καὶ
1740 785 1831 838 τὸν
1865 785 1954 838 λο-

2059 788 2226 860 situm
2275 796 2378 843 est.
2416 788 2551 842 Nam
2620 789 2673 842 in
2746 790 2987 843 victimis
3034 804 3157 859 qua:
3202 804 3311 843 non
3364 792 3512 843 omni
3565 804 3636 845 ex

367 882 464 936 δὸν
485 882 583 935 τοῦ
610 882 840 952 ἥπατος,
872 881 965 935 καὶ
990 879 1052 933 τὸ
1076 880 1240 950 στέαρ
1264 879 1324 932 τὺ
1354 880 1438 932 ἐπ’
1467 878 1644 932 αὐτῶν
1666 876 1742 947 τῷ
1771 877 1958 929 θυσια-

2061 888 2217 949 parte
2247 879 2373 949 igne
2397 881 2890 946 consumebantur,
2917 881 3064 936 soliti
3091 888 3252 935 erant
3274 881 3637 946 renunculos,

369 972 583 1043 στηρίῳ
623 972 956 1041 προσφέρειν
981 984 996 999 ·
1038 969 1103 1021 τὸ
1134 968 1192 1022 δὲ
1226 968 1512 1038 στηθήνιον
1548 968 1644 1020 καὶ
1692 966 1782 1018 τὸν
1820 966 1956 1036 βρα-

2058 981 2112 1026 et
2151 972 2315 1027 libras
2344 954 2786 1039 jecusculoruin,
2824 982 2878 1026 et
2906 973 3122 1042 adipem
3152 986 3341 1026 earum
3367 971 3433 1025 ad
3466 972 3638 1028 altare

366 1064 525 1133 χίονα
548 1062 639 1115 τὸν
658 1061 829 1125 δεξιὸν
849 1063 961 1123 τοῖς
991 1058 1225 1131 ἱερεῦσιν
1252 1058 1546 1127 ἀπονέμειν
1573 1073 1584 1085 ·
1617 1055 1685 1108 τὰ
1716 1055 1771 1107 δὲ
1795 1054 1959 1108 λοιπά

2059 1061 2300 1117 ollerre:
2339 1073 2530 1130 pectus
2575 1076 2728 1123 vero,
2769 1069 2824 1115 et
2873 1075 3086 1113 armum
3124 1059 3407 1113 dexterum
3448 1072 3636 1112 sacer-

363 1153 464 1207 τοῦ
512 1151 752 1222 θύματος
808 1150 965 1204 αὐτοὶ
1026 1150 1457 1217 κατανήλισκον,
1514 1148 1588 1211 ὡς
1643 1146 1955 1216 ἠϐούλοντο.

2059 1153 2284 1207 dotibus
2323 1153 2601 1206 tribuere:
2646 1152 2921 1221 reliquum
2963 1158 3148 1204 autem
3182 1150 3328 1219 quod
3365 1165 3432 1204 ex
3478 1148 3638 1202 victi-

366 1242 577 1295 Τούτου
622 1241 785 1312 χάριν
823 1240 1066 1292 τέθεικεν
1091 1257 1105 1270 ·
1160 1259 1177 1290 ι
1214 1238 1340 1291 Ἐἀν
1382 1238 1584 1291 θύσωσι
1619 1236 1828 1298 θυσίαν,
1863 1236 1959 1288 καλ⁸

2057 1244 2165 1299 mis
2192 1251 2504 1313 supererat,
2538 1243 2604 1296 ad
2635 1243 2932 1296 arbitrium
2977 1241 3191 1311 1350
3219 1241 3633 1296 consumebant.

367 1335 588 1403 φάγωσι
628 1333 792 1404 κρέα,
841 1331 1042 1401 Κύριος
1073 1331 1133 1384 οὐ
1171 1329 1522 1401 προσδέξεται
1564 1328 1719 1382 αὐτά.
1756 1346 1775 1378 ι
1816 1326 1957 1380 Οῦτε

2059 1335 2328 1400 Quocirca
2377 1335 2605 1404 posuit:
2669 1353 2687 1385 ι
2731 1332 2786 1387 Si
2829 1320 3240 1387 immolaverint
3293 1333 3526 1398 hostias,
3582 1340 3637 1389 et

369 1428 481 1498 γ’ἀρ
501 1426 705 1479 τούτων
726 1425 898 1477 δεῖται
918 1423 1069 1487 Θεὸς,
1094 1423 1230 1477 ἀλλά
1253 1423 1428 1492 ψυχῆς
1448 1421 1683 1475 διάθεσιν
1705 1422 1953 1473 ἀπαιτεῖο

2058 1423 2403 1478 comederiut
2432 1437 2652 1484 carnes,
2690 1422 2954 1475 Dominus
3003 1435 3118 1475 non
3158 1420 3424 1490 suscipiet
3456 1436 3570 1475 eas.
3612 1439 3631 1473 ι

376 1540 400 1573 ε
430 1519 604 1573 Θῦσον
638 1516 768 1588 γὰρ,
814 1513 1077 1586 φησὶ,·τῷ
1111 1513 1230 1584 Θεῷ
1279 1513 1470 1566 Θυσίαν
1512 1511 1790 1574 αἰνέσεως.
1823 1529 1842 1561 ι
1886 1540 1959 1548 -

2058 1513 2245 1584 Neque
2272 1515 2421 1567 enim
2459 1522 2582 1581 eget
2617 1513 2702 1567 his
2741 1511 3026 1574 Dominus,
3062 1509 3157 1564 sed
3192 1510 3360 1563 animi
3395 1511 3636 1564 studium

378 1631 401 1662 ε
426 1611 541 1663 Νῦν
571 1607 941 1680 μνησθήσεται
971 1605 1080 1658 τῶν
1114 1605 1339 1658 ἀδικιῶν
1372 1604 1571 1670 αὐτῶν,
1603 1605 1699 1656 καὶ
1732 1602 1957 1671 ἐκδική-

2058 1613 2112 1660 et
2155 1606 2419 1660 fervorem
2467 1604 2655 1674 exigit.
2710 1621 2729 1655 ι
2770 1601 2996 1657 Innnola
3052 1601 3233 1665 enim,
3272 1602 3478 1672 inquit,
3530 1602 3640 1657 Deo

371 1718 460 1754 σει
486 1700 586 1762 τὰς
617 1698 893 1769 ἁμαρτίας
922 1695 1124 1749 αὐτῶν.
1168 1715 1186 1747 ι
1237 1695 1462 1756 Τούτοις
1489 1695 1633 1747 ἔοικε
1662 1693 1756 1746 τοῦ
1798 1694 1959 1745 Ἀπο-

2060 1696 2396 1751 sacriﬁcium
2456 1696 2632 1749 laudis
2672 1711 2715 1747 ο.
2772 1712 2792 1747 ι
2839 1724 2911 1732 -
2949 1713 2967 1746 ι
3023 1692 3185 1747 Nune
3256 1691 3637 1746 recordabitur

372 1790 567 1842 στόλου
603 1788 673 1842 τὰ
719 1789 938 1858 ῥήματα
963 1803 977 1818 ·
1030 1806 1047 1837 ι
1084 1785 1320 1854 Ἀγνοῶν
1358 1786 1440 1838 ὃτι
1482 1784 1544 1837 τὸ
1584 1783 1821 1854 χρηστὸν
1860 1780 1954 1834 τοῦ

2012 1839 2031 1858 ,
2060 1789 2415 1855 iniquitatium
2446 1801 2659 1848 eorum,
2719 1794 2774 1840 et
2803 1786 3098 1839 ulciscatur
3121 1795 3342 1855 peccata
3364 1799 3577 1838 eorum.
3605 1802 3626 1836 ι

369 1880 509 1934 Θεοῦ
540 1881 616 1942 εἰς
643 1877 932 1949 μετάνοιάν
961 1894 1019 1929 σε
1046 1877 1168 1944 ἄγει
1200 1893 1213 1904 ·
1255 1875 1397 1929 κατά
1416 1875 1472 1928 δὲ
1492 1875 1590 1945 τὴν
1614 1873 1958 1945 σκληρότητὰ

2021 1872 2034 1888 ’
2067 1876 2162 1932 His
2199 1876 2403 1932 similia
2432 1882 2561 1931 sunt
2591 1877 2759 1930 verba
2790 1876 3036 1944 Apostoli
3065 1893 3078 1928 :
3109 1891 3127 1924 ι
3165 1875 3433 1943 Ignorans
3480 1872 3635 1927 beni-

377 1988 477 2023 σου
518 1970 613 2022 καὶ
651 1967 1020 2037 ἀμετανόητον
1066 1966 1315 2037 καρδίαν,
1356 1966 1708 2036 θησαυρίζεις
1751 1965 1961 2037 σεαυτῷ

2063 1970 2328 2039 gnitatem
2373 1968 2466 2022 Dei
2499 1966 2566 2020 ad
2598 1966 2983 2042 ptenitcntiam
3019 1973 3073 2020 te
3098 1964 3402 2019 adducere:
3439 1979 3637 2019 secun-

370 2060 548 2130 δργὴν
590 2059 646 2111 ὲν
692 2058 876 2129 ἡμέρᾳ
922 2057 1113 2128 ὀργῆς,
1161 2058 1255 2108 καὶ
1291 2057 1709 2125 ἀποκαλύψεως,
1745 2058 1840 2109 καὶ
1880 2057 1961 2109 δι-

2064 2060 2193 2112 dum
2220 2058 2480 2111 duritiam
2524 2067 2673 2110 tuam
2705 2067 2886 2109 autem
2937 2064 2990 2110 et
3020 2055 3371 2125 impmnitens
3406 2070 3522 2119 cor,
3555 2054 3640 2108 in-

371 2150 721 2219 καιοκρισίας
764 2148 858 2201 τοῦ
898 2147 1055 2211 Θεοῦ,
1086 2148 1143 2210 ὃς
1174 2148 1442 2200 ἀποδώσει
1476 2148 1690 2217 ἑκάστῳ
1721 2147 1865 2200 κατὰ
1894 2146 1963 2200 τὰ

2065 2159 2183 2204 star
2220 2149 2462 2204 thesauri
2499 2149 2758 2204 recondis
2790 2148 2887 2201 tibi
2928 2147 3067 2201 iram
3092 2149 3145 2200 in
3177 2148 3263 2215 die
3287 2148 3383 2202 iraa
3407 2159 3460 2202 et
3485 2162 3638 2203 reve-

370 2241 513 2311 εργα
546 2239 733 2294 αὐτοῦ.
762 2258 781 2290 ι
826 2269 896 2278 —
947 2259 966 2290 ε
998 2238 1160 2291 Καὶίί
1195 2238 1347 2290 αὐτοὶ
1394 2241 1473 2301 είς
1513 2239 1787 2307 Αἴγυπτον
1822 2238 1962 2291 ἀπέ-

2065 2242 2290 2297 lationis
2327 2250 2383 2296 et
2410 2241 2543 2311 justi
2577 2239 2773 2310 judicii
2813 2239 2927 2305 Dei,
2971 2239 3064 2309 qui
3101 2238 3292 2293 reddet
3341 2238 3641 2309 unicuique

372 2332 639 2402 στρεψαν.
675 2351 693 2381 ι
746 2332 856 2383 Καὶ
891 2330 1209 2399 συμμαχίαν
1257 2330 1366 2400 γὰρ
1414 2329 1621 2383 ἐκεῖθεν
1668 2331 1960 2400 ἐζήτησαν,

2066 2332 2368 2389 secundum
2420 2346 2586 2401 opera
2618 2332 2738 2399 ejus
2764 2341 2813 2384 ι).
2858 2350 2876 2382 ι
2905 2350 3021 2382 -ι
3079 2329 3184 2400 Ipsi
3229 2330 3283 2383 in
3340 2329 3637 2400 Egyptum

371 2424 471 2478 καὶ
501 2423 609 2476 τῶν
642 2423 938 2493 συμφορῶν
968 2422 1392 2475 καταλαὸουσῶν
1425 2423 1738 2492 ἀπέδρασαν
1759 2425 1958 2477 ἐκεῖσε.

2064 2424 2315 2479 ροηνθτεί
2346 2435 2497 2477 sunt.
2533 2441 2551 2474 ι
2579 2421 2712 2477 Nam
2746 2432 2796 2477 et
2826 2422 2979 2475 illinc
3008 2421 3317 2476 subsidium
3339 2422 3638 2491 petierunt,

380 2533 399 2565 ι
430 2514 599 2566 Kal.“
630 2515 688 2565 ὲν
727 2513 1032 2583 Ἀσσυρίοις
1060 2513 1348 2583 ἀκάθαρτα
1388 2514 1671 2581 φάγονται.
1717 2533 1735 2565 ι
1798 2512 1962 2566 Ἀλλά

2063 2524 2118 2571 et
2151 2514 2561 2569 calamitatibus
2606 2513 2947 2568 instantibus
2982 2528 3050 2568 eo
3085 2512 3474 2581 confugerunt.
3520 2532 3538 2563 ι
3574 2512 3641 2568 Et

378 2606 473 2657 καὶ
500 2604 723 2667 ἄκοντες
757 2606 836 2666 είς
863 2603 960 2674 τὴν
993 2604 1292 2673 Ἀσσυρίων
1321 2603 1728 2673 ἁπαχθήσονται
1754 2602 1959 2674 χώραν,

2065 2608 2208 2662 inter
2234 2606 2497 2677 Assyrios
2521 2605 2807 2661 immunda
2829 2602 3139 2659 comedent.
3180 2594 3215 2654 ἰ
3258 2602 3418 2657 Inviti
3472 2604 3636 2658 etiam

1990 1838 2034 1890 II

378 2696 473 2748 καὶ
500 2696 708 2749 δίαιταν
740 2697 840 2749 οὐκ
874 2695 1095 2766 ἔννομον
1121 2697 1513 2768 διαιτήσονται.

2063 2699 2120 2753 in
2182 2698 2540 2769 Assyriorum
2600 2697 2880 2766 regionem
2930 2696 3310 2759 abducentur,
3358 2703 3413 2750 ct
3469 2695 3635 2750 vitam

948 2782 983 2801 ’
2063 2790 2269 2846 ducent
2307 2791 2412 2861 legi
2445 2789 2803 2844 contrariam.

451 2880 533 2935 ιδ’.
568 2901 585 2932 ι
614 2882 726 2935 Καὶ
748 2880 1043 2934 ἐπελάθετο
1074 2881 1289 2952 Ἰσραὴλ
1313 2881 1404 2933 τοῦ
1432 2882 1757 2952 ποιήσαντος
1776 2883 1959 2947 αὐτὸν,

2134 2882 2299 2939 Vens.
2330 2882 2415 2938 Μ.
2452 2880 2578 2935 «Et
2617 2882 2821 2936 oblitus
2863 2889 2947 2935 est
2992 2879 3163 2934 Israel
3197 2886 3319 2948 ejus
3365 2879 3458 2948 qui
3510 2877 3640 2932 fecit

371 2973 469 3027 καὶ
519 2972 875 3044 ᾠκοδόμησαν
910 2974 954 3003 ¹³
1005 2972 1240 3043 τεμένη,
1293 2973 1385 3025 καὶ
1440 2972 1638 3036 Ἰούδας
1689 2973 1961 3043 ἐπλήθυνε

2065 2976 2219 3030 illum
2248 2993 2263 3041 ;
2297 2982 2350 3030 et
2376 2974 2793 3028 aadilicaverunt
2826 2972 3080 3035 delubra,
3111 2978 3167 3024 et
3195 2969 3333 3024 Juda
3376 2969 3642 3040 multipli-

368 3066 563 3127 πόλεις
593 3064 1008 3133 τετειχισμένας
1034 3079 1049 3093 ο
1101 3065 1196 3116 καὶ¹
1224 3063 1565 3126 ἐξαποστελῶ
1597 3062 1708 3134 πῦρ
1739 3065 1818 3125 είς
1863 3065 1962 3127 τὰς

2065 3066 2212 3121 cavit
2234 3066 2403 3120 urbes
2434 3064 2684 3119 munitas
2711 3083 2724 3117 :
2755 3072 2810 3117 et
2840 3064 3047 3116 mittam
3085 3063 3263 3133 ignem
3302 3064 3356 3117 in
3391 3062 3642 3118 civitates

370 3157 561 3218 πόλεις
600 3154 785 3218 αὐτοῦ,
818 3154 913 3206 καὶ
944 3154 1318 3221 καταφάγεται
1347 3154 1413 3207 τά
1446 3153 1671 3223 θεμέλια
1700 3154 1897 3208 αὐτῶν.
1927 3173 1946 3206 ι

2025 3171 2027 3223 ;
2060 3156 2205 3226 ejus,
2242 3165 2296 3210 et
2320 3155 2609 3210 devorabit
2636 3153 2996 3209 fundamenta
3028 3167 3241 3208 earum.
3280 3171 3299 3204 ι
3348 3151 3411 3206 Et
3442 3151 3639 3216 discet,

368 3248 545 3302 Kal.”
566 3246 892 3316 μαθήσεται,
913 3247 1101 3315 φησὶν,
1142 3247 1170 3296 6
1201 3244 1568 3314 pér‘loﬁSag,
1598 3247 1709 3298 τῶν
1746 3246 1956 3300 πόλεων

2062 3250 2265 3319 inquit,
2296 3247 2435 3303 Juda
2467 3247 2714 3317 quidem,
2751 3247 2982 3301 urbibus
3018 3245 3280 3308 incensis,
3305 3260 3414 3299 non
3442 3245 3642 3299 mteni-

366 3337 859 3409 πυρπολουμένων,
897 3335 972 3406 μὴ
999 3336 1204 3405 τείχεσι
1231 3335 1473 3406 θαρρεῖν,
1507 3337 1623 3388 ἀλλ’
1650 3337 1772 3407 ἐμοί
1797 3355 1811 3369 ·
1846 3340 1875 3391 ὁ
1900 3338 1959 3391 δὲ

2061 3341 2167 3396 bus
2198 3340 2497 3402 conlidere,
2532 3338 2626 3393 sed
2662 3337 2816 3401 mihi,
2858 3336 3031 3392 Israel
3060 3351 3214 3399 vero,
3249 3350 3359 3388 nou
3411 3333 3638 3388 delubra

382 3425 624 3495 Ἰσραὴλ,
657 3425 733 3495 μὴ
754 3424 958 3495 τεμένη
984 3424 1231 3494 δαίμοσιν
1266 3424 1652 3497 ἀνοικοδομεῖν,
1690 3425 1826 3481 ἀλλά
1859 3426 1958 3498 τὴν

2060 3432 2401 3487 daemonibus
2455 3438 2779 3493 exstruere,
2825 3426 2923 3482 sed
2973 3442 3060 3482 me
3109 3425 3411 3482 secundum
3462 3425 3637 3495 legem

365 3515 515 3570 κατά
544 3515 711 3586 νόμον
740 3513 1001 3585 λατρείαν
1031 3514 1405 3586 ἀποπληροῦν.
2059 3523 2261 3578 colere.

975 3606 1232 3659 ΚΕΦΑΛ.
1274 3605 1353 3661 6’.

2678 3606 2912 3664 CAPUT
2945 3606 3037 3664 IX.

439 3704 510 3752 α’.
556 3717 575 3749 ι
599 3696 692 3767 Μὴ
714 3697 893 3767 χαῖρε,
924 3695 1165 3768 Ἰσραὴλ,
1186 3696 1319 3767 μηδὲ
1343 3697 1657 3768 εὐφραίνου,
1689 3699 1873 3764 καθὼς
1904 3700 1955 3754 οί

2131 3700 2297 3759 Vens.
2329 3702 2376 3757 I.
2405 3720 2424 3755 ι
2442 3699 2564 3756 Noli
2589 3700 2848 3772 gaudere,
2872 3698 3067 3765 Israel,
3095 3704 3150 3751 et
3170 3693 3281 3749 noli
3301 3693 3471 3748 lmtari
3492 3692 3637 3748 sicut

363 3789 511 3850 λαοὶ,
535 3790 617 3842 ὅτι
642 3789 979 3859 ἐπόρνευσας
998 3787 1105 3840 ἀπὸ
1124 3788 1331 3859 Κυρίου
1355 3788 1490 3843 Θεοῦ
1505 3791 1548 3822 ¹⁸
1581 3807 1696 3846 σου.
1730 3810 1749 3843 ι
1785 3793 1894 3846 Καὶ
1912 3795 1956 3825 ¹⁶

2058 3795 2275 3867 populi,
2303 3795 2436 3866 quia
2466 3793 2776 3849 fornicatus
2803 3807 2863 3847 es
2897 3793 2972 3864 (et
3003 3790 3305 3859 recessisti)
3341 3803 3370 3841 a
3405 3784 3640 3842 Domino

371 3879 475 3946 οὐχ
510 3877 763 3946 ἁρμόττει
795 3877 897 3939 σοὶ,
929 3877 1084 3945 φησι,
1127 3877 1337 3947 χαίρειν
1386 3881 1497 3941 τοῖς
1548 3880 1728 3942 ἄλλοις
1777 3880 1956 3935 ἔθνεσι

2062 3886 2173 3941 Deo
2227 3893 2345 3940 tuo.
2377 3903 2397 3938 ι
2434 3882 2626 3954 Neque
2656 3925 2672 3951 ,
2710 3881 2919 3953 1351
2968 3882 3189 3952 inquit,
3249 3879 3506 3935 convenit
3538 3876 3639 3931 tibi

374 3967 806 4037 παραπλησίως’
858 3968 907 4019 οί
955 3968 1052 4036 μὲν
1085 3966 1195 4036 γὰρ
1237 3967 1322 4020 διὰ
1361 3969 1660 4038 προφητῶν
1699 3971 1956 4042 οὐδεμίαν

2057 3975 2316 4031 similiter
2357 3982 2525 4045 atque
2559 3975 2684 4029 aliis
2737 3973 2995 4044 gentibus
3025 3970 3297 4043 gaudere:
3338 3970 3445 4023 illae
3491 3967 3636 4023 enim

373 4057 719 4111 διδασκαλίαν
755 4056 1004 4120 ἐδέξαντο
1032 4076 1044 4087 ·
1079 4059 1142 4109 σὺ
1176 4057 1254 4123 δὲ,
1273 4059 1536 4128 διηνεκῶς
1567 4061 1777 4126 τούτοις
1804 4064 1957 4116 ἐπεν-

2057 4065 2263 4118 nullam
2293 4063 2602 4118 doctrinam
2653 4078 2751 4132 per
2801 4061 3103 4130 prophetas
3147 4063 3509 4127 acceperunt;
3577 4064 3633 4108 tu

364 4147 612 4219 τρυφῶν,
652 4148 909 4217 οὐδεμίαν
958 4146 1204 4200 ἐντεῦθεν
1238 4148 1505 4217 ὠφέλειαν
1552 4149 1781 4222 ὲδρέψω,
1817 4153 1954 4206 ἀλλά

2054 4170 2208 4221 vero,
2242 4153 2470 4209 assidua
2503 4154 2701 4207 borum
2735 4151 2927 4206 fruens
2951 4149 3377 4214 consuetudine,
3429 4148 3630 4201 nullam

366 4238 481 4293 τῶν
513 4240 645 4309 παρ’
680 4239 815 4307 ἐμοῦ
847 4256 929 4291 σοι
962 4239 1384 4308 χορηγουμένων
1430 4240 1652 4308 ἀγαθῶν
1697 4244 1810 4306 τοῖς
1837 4242 1955 4297 δαί-

2055 4246 2184 4302 inde
2224 4245 2513 4301 utilitatem
2546 4242 2869 4312 reportasti,
2922 4241 3018 4297 sed
3062 4243 3334 4296 bonorum
3369 4252 3493 4308 qua:
3533 4237 3634 4291 tibi

367 4345 502 4399 μοσι
522 4329 623 4389 τὰς
655 4329 914 4399 ἀπαρχὰς
946 4328 1337 4400 προεκόμισας.
1377 4330 1548 4385 Τοῦτο
1583 4330 1689 4402 γάρ
1722 4334 1954 4405 παρεδή-

2054 4354 2085 4394 a
2127 4354 2215 4394 me
2246 4336 2707 4407 suppeditantur,
2752 4333 3028 4404 primitias
3082 4330 3425 4387 daemonibus
3473 4329 3635 4384 obtu-

362 4420 564 4482 λωσεν,
598 4419 837 4485 εἰρηκώς
856 4436 870 4448 '

2054 4432 2190 4488 listi.
2225 4430 2343 4486 Hoc
2364 4430 2516 4484 enim
2541 4426 2871 4490 declaravit,
2900 4425 3132 4480 dicens:

448 4530 467 4562 ι
516 4511 840 4579 Ἠγάπησας
886 4510 1095 4581 δόματα
1133 4513 1226 4565 ἐπὶ
1265 4513 1447 4567 πᾶσαν
1466 4514 1509 4546 ¹⁷
1543 4514 1723 4570 ἆλωνα
1777 4516 1942 4572 σίτου.
1979 4495 2028 4552 Ῐ)

2013 4501 2028 4549 ⁵
2130 4541 2149 4575 ι
2182 4520 2435 4578 Dilexisti
2474 4532 2705 4576 munera
2735 4532 2903 4587 super
2942 4529 3163 4571 omnem
3206 4527 3394 4567 aream
3434 4510 3627 4565 tritici.

362 4604 486 4675 (β’.)
517 4604 697 4657 ’Ἂλων
743 4605 837 4657 καὶ
862 4603 1021 4675 ληνὸς
1044 4604 1146 4658 οὐκ
1194 4604 1336 4674 ἔγνω
1366 4607 1585 4674 αὐτοὺς,
1617 4608 1713 4662 καὶ
1745 4610 1774 4662 6
1807 4605 1952 4675 οἶνος

2056 4615 2245 4688 (Vens.
2288 4614 2369 4676 2.)
2412 4614 2555 4668 Area
2601 4619 2656 4667 et
2702 4610 2947 4665 torcular
2991 4622 3103 4661 non
3135 4604 3393 4676 cognovit
3426 4618 3547 4661 eos.
3578 4609 3634 4657 et

363 4692 641 4759 ἐψεύσατο
672 4695 886 4758 αὐτούς.
916 4714 935 4746 ι
969 4695 1355 4767 Ἀποστερήσω
1381 4699 1485 4771 γὰρ
1519 4700 1664 4770 ὑμᾶς
1699 4701 1808 4755 τῶν
1831 4720 1955 4756 συν-

2053 4710 2244 4763 vinum
2297 4705 2588 4761 mentitum
2634 4710 2719 4758 est
2768 4702 2897 4755 illis.
2947 4718 2965 4751 ι
3024 4698 3288 4769 Spoliabo
3338 4696 3483 4750 enim
3534 4708 3635 4750 vos

363 4784 520 4857 ήθως
552 4785 644 4839 ὑπ’
665 4785 799 4856 ἐμοῦ
829 4787 1254 4856 χορηγουμένων
1284 4788 1526 4857 ἀγαθῶν.

2054 4800 2244 4864 bonis,
2276 4813 2399 4870 quae
2428 4797 2587 4853 vobis
2621 4793 2981 4865 suppeditare
3008 4792 3206 4847 solitus
3231 4804 3374 4844 sum.

438 4882 512 4944 γ’.
552 4896 570 4928 ι
611 4877 686 4930 Οὐ
726 4877 1055 4948 κατῴκησαν
1096 4881 1153 4931 ὲν
1179 4882 1245 4950 τῇ
1286 4884 1355 4951 γῇ
1404 4882 1498 4935 τοῦ
1547 4884 1776 4956 Κυρίου.
1822 4904 1840 4937 ι
1874 4888 1951 4942 Ut’)

2133 4884 2297 4940 Vens.
2345 4885 2401 4939 5.
2440 4900 2460 4934 ι
2507 4882 2627 4938 Non
2655 4882 3046 4936 habitaverunt
3082 4880 3136 4933 in
3168 4889 3317 4934 terra
3356 4876 3628 4930 Domini.)

364 4968 521 5038 γὰρ,
554 4966 631 5031 ὡς
687 4969 744 5022 ὲν
779 4968 1136 5041 ἀφιερωμένῃ
1186 4974 1256 5042 γῇ
1313 4971 1391 5043 τῷ
1445 4974 1562 5043 Θεῷ
1616 4977 1713 5047 τὴν
1742 4977 1953 5032 δίαιταν

2058 4978 2271 5032 Etenim
2322 4992 2431 5031 non
2467 4984 2523 5029 ut
2578 4976 2631 5028 in
2678 4982 2826 5029 terra
2880 4971 2996 5026 Deo
3049 4972 3305 5027 dedicata
3354 4969 3632 5033 vixerunt,

366 5060 720 5130 ἐποιήσαντο,
754 5059 891 5113 ἀλλὰ
920 5062 1252 5132 παρανόμως
1272 5065 1526 5120 ἐϐίωσαν.
1561 5083 1580 5117 ι
1614 5068 1950 5140 Κατῲκησεν

2059 5070 2154 5127 sed
2195 5066 2584 5139 iniquitatibus
2625 5066 2841 5134 plenam
2887 5063 3058 5118 vitam
3099 5068 3357 5132 egerunt.
3404 5078 3423 5110 ι
3466 5057 3635 5114 ﬂabi-

378 5147 624 5219 Ἐφραῖμ
667 5147 944 5217 Αἴγυπτον
986 5150 1047 5202 ¹⁸.
1092 5149 1204 5221 Τὴν
1264 5152 1644 5225 Αίγυπτιακὴν
1708 5155 1950 5228 ἐζήλωσε

2060 5163 2195 5216 tavit
2226 5160 2482 5230 Ephraim
2518 5159 2573 5210 in
2603 5157 2865 5226 Egypto.
2909 5173 2927 5205 ι
2963 5152 3349 5225 Ᾰίὶεγριίοιιιιιι
3384 5152 3636 5208 instituta

364 5239 668 5295 πολιτείαν.
699 5260 717 5291 ι
754 5240 864 5294 Καὶ
883 5242 941 5293 ὲν
979 5240 1285 5311 Ἀσσυρίοις
1314 5243 1600 5316 ἀκάθαρτα
1629 5248 1946 5315 φάγονται.»

2059 5252 2308 5307 studiose
2338 5250 2591 5306 aemulata
2646 5256 2752 5302 est.
2811 5265 2831 5299 ι
2893 5247 2958 5301 Ει
3005 5246 3156 5302 inter
3207 5245 3467 5315 Assyrios
3532 5245 3635 5299 im-

437 5403 460 5426 ⁶
486 5394 633 5452 Psal.
667 5411 817 5461 χιιι,
852 5396 939 5452 14.
1018 5407 1047 5447 ι)
1072 5395 1234 5452 Rom.
1272 5412 1334 5465 ιι,
1362 5401 1416 5465 4,
1454 5400 1510 5457 5.

1636 5553 1874 5611 VARIIE
1923 5551 2328 5615 LECTIONES.

438 5666 482 5698 “
509 5666 623 5719 καί.
654 5664 784 5745 Des.
808 5665 930 5745 in_(_3
972 5672 1085 5720 tum
1120 5665 1178 5745 _h.
1205 5666 1242 5717 l.
1273 5665 1468 5724 deinde
1501 5680 1627 5745 ante
1660 5691 1906 5745 συμμαχ.
2025 5678 2066 5708 η
2101 5676 2212 5730 Καὶ
2240 5675 2615 5745 μίφὰγονται.
2672 5670 2801 5745 [late
2851 5670 2977 5745 des.
3037 5671 3089 5723 in
3144 5667 3312 5745 llebr;
3360 5664 3612 5745 (ει-’ἰδίειν

360 5752 431 5816 εει
470 5750 622 5816 ειμι,
653 5738 710 5802 ὅ»
742 5745 800 5816 [If
827 5737 1066 5816 fidem",
1099 5736 1406 5814 desumpta.
1456 5809 1466 5816 _
1506 5741 1548 5771 ¹³
1575 5741 1615 5797 C
1642 5732 1976 5816 ‹ξ›κῖ>δόμῆσε.
2059 5747 2100 5778 ’³
2128 5745 2252 5799 Καί.
2296 5732 2430 5802 Des:
2463 5744 2591 5799 ibid.
2674 5743 2715 5775 "
2750 5740 2907 5797 Θεοῦ.
2937 5741 2979 5795 C
3002 5753 3189 5813 praui].
3222 5735 3337 5790 τοῦ.
3418 5734 3461 5766 ⁸⁸
3486 5732 3615 5788 Καί-

362 5804 643 5861 Des.ihid.
754 5809 795 5839 "'
821 5807 861 5860 (Ξ
888 5806 1082 5861 πάντα.
1121 5805 1272 5874 juxta
1300 5804 1415 5862 rec.
1455 5809 1577 5865 lect.
1657 5804 1717 5844 ἰη
1748 5804 1946 5882 Αἵγ.’(;
1984 5832 2146 5884 puum
2211 5818 2306 5877 εἰς.
