4088 6462
495 433 517 497 1
531 435 634 498 599

1481 427 1967 492 TIIEODOBETI
2007 422 2345 484 EPISCOPI
2383 427 2750 487 CYIlENSIS

3626 417 3774 482 1600

496 551 699 607 munda
730 549 1036 604 comedent.
1075 565 1092 596 ι
1129 543 1585 613 Quandoquidem
1631 544 1776 598 enim
1814 544 1869 596 in
1917 549 2068 596 terra

2188 541 2408 611 Ἐπειδὴ
2441 544 2549 614 γάρ
2592 544 2694 596 κάν
2719 545 2785 614 τῇ
2819 543 2890 612 γῇ
2935 540 3034 610 τῆς
3063 539 3396 609 ἐπαγγελίας
3447 539 3546 609 τὴν
3583 557 3774 609 παρα-

497 641 893 716 promissionis
954 638 1298 707 iniquitatem
1371 637 1536 691 etiam
1597 637 1835 705 amplexi
1898 645 2069 700 sunt,

497 735 680 802 inique
727 732 782 785 in
817 731 1167 800 Assyriorum
1201 729 1424 800 regione
1461 730 1627 782 vitam
1663 729 1889 784 ducent.

569 825 732 879 Vens.
765 825 816 879 4.
855 844 871 874 ι
915 822 1031 877 Non
1071 823 1384 877 libaverunt
1434 823 1665 877 Domino
1703 823 1913 885 vinum,
1967 836 2072 878 nec

496 919 824 987 placuerunt
880 916 952 970 ei.
1011 935 1028 966 ι
1092 916 1431 985 Spreverunt
1490 916 1579 971 Dei
1639 918 1886 979 cultum,
1942 930 2070 968 cum

498 1009 699 1076 alioqui
761 1007 1010 1063 colendis
1067 1009 1228 1063 idolis
1283 1008 1578 1078 diligenter
1642 1009 1772 1062 dent
1821 1022 2070 1077 operam.

502 1119 520 1150 ι
551 1098 836 1153 Sacriﬁcia
864 1114 1056 1152 eorum
1084 1099 1243 1167 quasi
1277 1101 1432 1168 panis
1454 1099 1639 1155 luctus
1674 1115 1865 1154 eorum
1895 1120 1907 1154 :
1945 1115 2067 1153 om-

496 1203 594 1242 nes
646 1189 738 1257 qui
797 1187 1256 1242 manducaverint
1284 1202 1380 1252 ea,
1439 1187 1994 1242 contaminabuntur.
2047 1207 2065 1238 ι

496 1278 971 1344 Quemadmodum
1039 1279 1183 1333 enim
1252 1280 1345 1348 qui
1397 1279 1713 1348 lugentibus
1776 1280 2072 1348 apponitur

497 1373 680 1440 panis,
722 1379 778 1424 et
815 1371 971 1438 ipsos
999 1371 1251 1440 lugentes
1295 1379 1520 1440 propter
1558 1371 1763 1424 luctum
1803 1371 1870 1424 ad
1913 1370 2071 1425 dolo-

498 1474 614 1514 rem
643 1459 906 1522 concitat,
935 1469 990 1513 et
1023 1459 1184 1513 simul
1214 1460 1562 1527 epulantibus
1593 1475 1703 1513 non
1738 1472 1822 1514 est
1853 1470 2069 1530 gratus,

500 1548 572 1602 ob
601 1549 787 1602 luctus
821 1548 1356 1614 communionem,et
1385 1551 1565 1604 coacti
1599 1551 1915 1616 comedere,
1946 1551 2070 1620 pia-

501 1625 693 1693 culum.
717 1639 992 1708 quoddam
1031 1655 1088 1694 se
1118 1640 1270 1693 illinc
1301 1641 1629 1696 contrahere
1677 1642 2021 1696 arbitrantur
2056 1661 2069 1698 :

501 1731 578 1783 ita
627 1730 904 1785 sacriﬁcia
959 1745 1148 1785 eorum
1206 1732 1352 1785 omni
1416 1733 1826 1789 abominatione
1868 1734 2074 1790 referta

503 1831 651 1876 sunt.
688 1839 707 1872 «
745 1820 881 1888 Quia
919 1837 1090 1891 panes
1137 1838 1326 1877 eorum
1382 1839 1480 1893 pro
1521 1825 1813 1881 animabus
1855 1842 2074 1890 eorum,

502 1928 610 1966 non
654 1913 940 1967 intrabunt
980 1914 1034 1967 in
1090 1915 1314 1968 domum
1367 1913 1604 1970 Domini.
1649 1935 1668 1966 ι
1736 1915 1868 1982 Qua:
1923 1918 2072 1972 enim

502 2019 626 2060 cum
681 2006 902 2059 sincero
954 2003 1152 2061 affectu
1213 2022 1322 2060 non
1375 2006 1704 2071 utieruntur,
1744 2007 1956 2078 1352
2011 2024 2075 2063 ea

497 2095 665 2165 judex
703 2096 888 2165 justus
939 2112 1053 2152 non
1093 2099 1324 2167 suscipit
1357 2117 1371 2152 :
1411 2099 1724 2168 cujusmodi
1762 2101 1866 2154 fuit
1915 2100 2072 2155 Caini

503 2187 863 2252 sacriﬁcium,
917 2188 990 2240 ita
1043 2195 1105 2242 ut
1150 2203 1244 2259 per
1274 2188 1470 2244 Isaiam
1510 2189 1711 2245 clamet
1743 2210 1755 2244 :
1793 2209 1811 2242 ‹
1848 2189 1905 2245 Si
1943 2191 2076 2246 olfe-

503 2278 641 2333 ratis
690 2279 822 2331 mihi
857 2278 1114 2341 similam,
1165 2278 1370 2332 frustra
1410 2280 1462 2332 id
1515 2279 1728 2345 facitis;
1785 2282 2073 2338 incensum

505 2369 840 2423 abominatio
869 2377 952 2423 est
986 2370 1119 2424 mihi
1152 2380 1200 2422 ιι.
1256 2389 1274 2420 ι
1327 2369 1394 2422 Ει
1443 2386 1540 2440 per
1588 2370 1916 2426 Malacbiam
1952 2390 2078 2444 pro-

505 2463 726 2528 phetam
769 2478 782 2514 :
839 2479 856 2510 ‹
899 2460 1018 2515 Νοη
1065 2470 1152 2516 est
1190 2462 1322 2516 mihi
1362 2462 1616 2516 voluntas
1655 2462 1710 2516 in
1774 2466 1956 2528 vobis,
2023 2474 2079 2520 et

505 2549 835 2605 sacriﬁcium
870 2568 976 2605 non
1008 2554 1308 2624 suscipiam
1340 2569 1403 2610 ex
1441 2557 1694 2612 manibus
1727 2559 1926 2613 vestris
1961 2566 2008 2614 ι’.
2053 2578 2071 2612 ι

506 2638 711 2696 Deinde
745 2641 852 2696 illis
879 2643 933 2695 in
967 2645 1283 2698 memoriam
1317 2655 1537 2702 revocat
1564 2649 1704 2702 mala
1762 2664 1885 2721 qua:
1910 2665 2078 2705 even-

507 2741 627 2785 tura
666 2740 854 2787 essent
883 2733 991 2788 illis
1033 2734 1086 2788 in
1137 2737 1476 2805 captivitate.

578 2821 746 2877 Vens.
787 2824 839 2878 5.
879 2845 897 2876 ‹
939 2824 1080 2891 Quid
1136 2825 1349 2884 facietis
1393 2829 1481 2883 die
1516 2839 1841 2897 conventus,
1889 2840 1946 2888 et
1993 2831 2082 2889 die

507 2914 872 2970 solemnitatis
904 2916 1164 2973 Domini?
1204 2938 1224 2971 ο
1258 2919 1447 2974 Coacti
1475 2922 1620 2976 enim
1659 2923 1889 2986 servire,
1927 2930 1981 2978 et
2013 2940 2081 2979 ex

510 3005 719 3074 legibus
757 3007 949 3063 alienis
977 3011 1176 3074 vivere,
1231 3027 1340 3066 non
1375 3014 1624 3081 poteritis
1656 3015 1961 3069 secundum
1999 3017 2082 3071 le-

509 3108 629 3164 gem
685 3097 977 3154 Mosaicam
1046 3100 1280 3156 Domino
1340 3102 1514 3158 festos
1572 3105 1692 3160 dies
1750 3121 1931 3176 agere.
2001 3105 2080 3178 [6|

2178 636 2372 704 νομίαν
2423 636 2762 705 ἠγάπησαν,
2821 633 3156 704 παρανόμως
3212 632 3271 684 ὲν
3328 634 3394 703 τῇ
3460 632 3773 703 ’Δσσυρίων

2174 727 2327 797 χώρᾳ
2364 727 2650 795 βιώσονται
2669 727 2732 780 ⁸⁸.

2244 817 2305 870 δ’.
2341 836 2358 868 ι
2397 817 2510 870 Οὐκ
2529 817 2788 870 ἔσπεισαν
2809 815 2887 888 τῷ
2919 816 3109 887 Κυρίῳ
3136 811 3297 879 οἶνον,
3322 816 3414 868 καὶ
3437 815 3534 885 οὐχ
3559 816 3772 884 ἦδυναν

2174 907 2345 978 αὐτῷ.
2395 930 2414 960 ι
2453 908 2936 979 Κατωλιγώρησαν
2987 911 3085 979 τῆς
3131 906 3224 960 τοῦ
3275 907 3410 960 Θεοῦ
3441 907 3772 978 θεραπείας,

2177 1001 2468 1053 καὶταῦτα
2519 1001 2720 1071 πολλῆς
2751 999 3068 1072 ἐπιμελείας
3115 999 3393 1066 ἀξιοῦντες
3425 998 3495 1051 τὰ
3541 998 3772 1053 εἴδωλα.

2181 1111 2198 1142 ι
2255 1091 2320 1142 Δί
2373 1089 2553 1145 θυσίαι
2608 1091 2828 1158 αὐτῶν,
2859 1092 2935 1155 ὡς
2992 1091 3156 1162 ἄρτος
3205 1089 3436 1154 πένθους
3479 1090 3661 1142 αὐτῶν
3694 1088 3773 1156 ’⁸,

2178 1183 2379 1246 πάντες
2409 1184 2458 1235 οἱ
2497 1183 2768 1246 ἐσθίοντες
2813 1182 2953 1236 αὐτὰ
2988 1181 3400 1253 μιανθήσονται.
3440 1200 3459 1232 ι
3491 1181 3778 1250 Καθάπερ

2175 1273 2285 1343 γὰρ
2307 1275 2334 1326 ὁ
2359 1277 2473 1337 τοῖς
2501 1274 2757 1327 πενθοῦσι
2786 1275 3228 1344 προσφερόμενος
3274 1275 3438 1345 ἄρτος
3465 1274 3668 1337 αὐτούς
3708 1291 3777 1326 τε

2175 1365 2304 1425 τοὺς
2341 1364 2672 1428 πενθοῦντας
2703 1366 2990 1418 ἀποκναίει
3039 1365 3128 1418 διὰ
3177 1365 3238 1416 τδ
3268 1365 3485 1428 πένθος,
3521 1365 3618 1417 καὶ
3650 1367 3776 1428 τοῖς

2179 1455 2586 1509 συνδειπνοῦσιν
2635 1458 2695 1509 οὐ
2731 1456 2986 1528 θυμήρης
3017 1458 3171 1526 ἐστὶ..
3200 1458 3288 1510 διὰ
3339 1457 3437 1528 τὴν
3475 1456 3777 1510 κοινωνίαν

2177 1547 2270 1599 τοῦ
2343 1547 2611 1610 πένθους·
2676 1549 3111 1617 ἀναγκαζόμενοι
3165 1548 3219 1601 δὲ
3281 1547 3771 1618 μεταλαμϐάνειν,

2180 1638 2418 1707 μιασμόν
2471 1656 2591 1691 τινα
2647 1638 2947 1710 λαμϐάνειν
2996 1639 3202 1693 ἐκεῖθεν
3245 1639 3772 1708 ὑπολαμϐάνουσινο

2177 1727 2350 1792 οὕτως
2386 1729 2442 1781 αἱ
2501 1728 2682 1782 θυσίαι
2737 1730 2918 1783 αὐτῶν
2981 1729 3312 1800 βδελυγμίας
3355 1731 3499 1783 εἰσὶν
3545 1729 3778 1799 ἁπάσης

2183 1818 2398 1887 μεσταί.
2431 1837 2450 1868 σ
2491 1819 2636 1872 Διότι
2665 1821 2716 1872 οἱ
2757 1819 2913 1891 ἄρτοι
2954 1820 3132 1874 αὐτῶν
3164 1824 3280 1884 ταῖς
3325 1820 3527 1891 ψυχαῖς
3557 1821 3773 1884 αὐτῶν,

2183 1911 2282 1962 οὐκ
2311 1911 2708 1966 εἰσελεύσονται
2757 1915 2836 1975 είς
2882 1913 2970 1965 τὸν
3021 1909 3169 1968 οἷκον
3208 1913 3436 1984 Κυρίου.
3478 1930 3496 1962 ι
3533 1914 3614 1965 Τά
3658 1912 3775 1983 γὰρ

2187 2007 2307 2075 μετ’
2335 2003 2664 2074 εἰλικρινοῦς
2696 2005 2756 2057 οὑ
2806 2005 3228 2075 προσφερόμενα
3269 2003 3564 2066 διαθέσεως
3610 2007 3640 2054 ὁ
3685 2003 3773 2055 δί-

2184 2114 2337 2160 καιος
2359 2097 2418 2149 οὐ
2438 2096 2720 2166 προσίεται
2745 2095 2957 2168 κριτὴς,
3003 2095 3077 2157 ὼς
3116 2094 3211 2165 τήν
3242 2093 3334 2147 τοῦ
3368 2094 3507 2147 Καῒν
3544 2094 3772 2160 θυσίαν,

2183 2187 2260 2250 ὡς
2307 2186 2394 2240 διὰ
2431 2187 2652 2240 Ἡσαΐου
2687 2185 2814 2256 βοᾷν
2836 2187 2878 2215 ²¹
2911 2203 2928 2235 ι
2998 2185 3123 2238 Ἐὰν
3167 2185 3518 2255 προσφέρητέ
3555 2203 3647 2254 μοι
3681 2202 3778 2236 σε-

2188 2277 2421 2347 μίδαλιν,
2457 2277 2680 2346 μάταιον
2715 2279 2759 2307 ¹²
2780 2292 2794 2306 ·
2815 2276 3065 2345 θυμίαμα
3103 2275 3381 2347 βδέλυγμά
3417 2277 3507 2346 μοί
3540 2278 3715 2329 ἐστιν.
3749 2295 3769 2326 ι

2186 2369 2295 2420 Καὶ
2319 2368 2405 2421 διὰ
2445 2367 2724 2437 Μαλαχίου
2746 2368 2792 2400 ³³
2812 2366 2906 2420 τοῦ
2957 2369 3236 2438 προφήτου
3265 2385 3277 2396 ·
3311 2387 3329 2418 ι
3368 2369 3482 2420 Οὐκ
3525 2368 3642 2420 ἔστι
3677 2385 3777 2437 μοι

2186 2461 2400 2531 θέλημα
2430 2462 2486 2513 ὲν
2513 2462 2662 2529 ὑμῖν,
2705 2459 2800 2512 καὶ
2833 2459 3022 2512 θυσίαν
3063 2461 3123 2512 οὐ
3158 2459 3526 2530 προσδέξομαι
3562 2463 3625 2512 ἐκ
3661 2459 3778 2512 τῶν

2186 2553 2385 2624 χειρῶν
2421 2552 2594 2620 ὑμῶν.
2631 2572 2649 2604 ι
2703 2549 2834 2604 Εἶτα
2881 2552 3291 2622 ἀναμιμνήσκει
3335 2549 3530 2614 αὐτοὺς
3576 2548 3688 2602 τῶν
3714 2551 3778 2601 ὲν

2185 2649 2252 2716 τῇ
2278 2647 2620 2718 αἰχμαλωσίᾳ
2645 2644 3074 2716 συμϐησομένων
3102 2642 3384 2711 ἀλγεινῶν.

2262 2851 2322 2896 ε’.
2368 2861 2386 2893 ‹
2425 2842 2491 2895 Τί
2539 2843 2793 2912 ποιήσετε
2824 2841 2880 2893 ὲν
2919 2840 3106 2910 ήμέρᾳ
3167 2838 3549 2911 πανηγύρεως,
3581 2840 3680 2891 καὶ
3713 2840 3777 2891 ὲν

2191 2933 2375 3004 ήμέρᾳ
2399 2933 2590 3004 ἑορτῆς
2622 2931 2714 2985 τοῦ
2749 2931 2987 3001 Κυρίου;
3031 2950 3049 2984 ι
3083 2930 3364 2984 Δουλεύειν
3387 2931 3493 3000 γὰρ
3519 2931 3777 3000 ἠναγκα-

2193 3023 2383 3093 σμένοι
2444 3023 2539 3076 καὶ
2573 3025 2694 3076 κατ⁶
2750 3021 2946 3085 ἄλλους
3003 3020 3383 3074 πολιτεύεσθαι
3435 3021 3680 3090 νόμους,
3708 3021 3778 3074 οὐ

2191 3115 2490 3186 δυνήσεσθε
2547 3115 2689 3167 κατὰ
2737 3113 2836 3184 τὴν
2870 3114 3114 3176 Μωσέως
3146 3114 3469 3182 νομοθεσίαν
3510 3114 3609 3178 τὰς
3671 3116 3776 3166 Δε-

513 3186 702 3243 Postea
739 3191 918 3257 docet,
948 3192 1064 3248 fore
1108 3201 1168 3246 ut
1195 3192 1408 3263 fugiant
1453 3195 1506 3248 in
1561 3195 1882 3267 Egyptum,
1935 3215 2079 3253 nunc

2194 3203 2458 3266 σποτικὰς
2501 3203 2840 3273 πανηγύρεις
2885 3203 3172 3258 ἐπιτελεῖν.
3215 3203 3446 3257 Ἔπειτα
3485 3203 3731 3258 διδάσκει
3757 3247 3773 3268 ,

510 3281 564 3334 in
597 3281 757 3344 hanc,
810 3299 958 3338 nunc
1007 3285 1065 3338 in
1113 3285 1259 3338 illam
1312 3295 1595 3341 transeant
1641 3290 1852 3353 urbem,
1891 3305 2088 3361 argen-

511 3381 738 3442 tumque
766 3390 925 3428 suum
954 3375 1159 3429 frustra
1189 3386 1540 3440 consumant,
1565 3381 1674 3449 regi
1696 3380 2083 3452 Egyptiorum

510 3462 650 3516 dona
692 3464 1005 3519 offerentes.
1057 3484 1076 3516 ‹
1132 3467 1332 3535 Spinas
1374 3478 1554 3522 autem
1607 3472 1659 3524 in
1709 3474 2085 3531 tabernaculis

512 3553 631 3608 suis
664 3554 965 3609 invenient.
1007 3575 1026 3607 ι
1066 3554 1180 3610 Hoc
1217 3569 1321 3618 est,
1362 3561 1572 3614 nullum
1620 3561 1859 3617 fructum
1896 3567 2084 3620 utilem

513 3642 752 3712 capient.
791 3643 1057 3699 Damnum
1091 3645 1229 3717 fugae
1277 3648 1329 3702 in
1375 3649 1670 3722 JEgyptum
1709 3670 1806 3726 per
1851 3655 1963 3709 haec
1995 3657 2062 3710 de

515 3735 774 3804 signavit.
807 3735 938 3791 Tale
975 3746 1058 3794 est
1096 3750 1148 3793 et
1182 3741 1312 3798 illud
1351 3762 1364 3798 :
1412 3763 1431 3794 ι
1471 3744 1799 3816 Exspectavi
1843 3756 1902 3802 ut
1948 3749 2091 3803 face-

516 3831 600 3878 ret
628 3839 783 3890 uvas,
815 3835 871 3880 et
908 3826 1034 3882 fecit
1077 3830 1264 3898 spinas
1295 3841 1350 3898 ις
1401 3850 1421 3885 ›
1472 3834 1524 3887 id
1571 3843 1674 3898 est,
1713 3837 1921 3892 nullum
1964 3840 2092 3894 hinc

518 3913 759 3967 fructum
795 3918 809 3936 ‘
847 3916 1036 3972 utilem
1067 3921 1307 3991 suscepi,
1340 3922 1436 3977 sed
1473 3932 1688 3989 contra,
1735 3941 1929 3984 omnes
1970 3943 2089 3984 ma-

517 4004 620 4060 los.

589 4212 756 4270 Vens.
789 4215 840 4271 7.
887 4234 906 4268 ι
933 4214 1173 4274 Veniunt
1205 4218 1324 4276 dies
1347 4222 1734 4280 retributionis
1767 4235 1894 4292 tuae,
1926 4233 1981 4281 et
2007 4226 2091 4280 af-

517 4304 731 4375 ﬁigetur
765 4308 934 4363 Israel
970 4309 1115 4365 sicut
1143 4315 1413 4384 prepheta
1453 4315 1761 4381 insaniens,
1799 4319 1963 4373 homo
1994 4320 2091 4390 qui

517 4413 548 4449 a
593 4400 791 4470 Spiritu
827 4402 1065 4472 agitatur
1101 4423 1114 4459 :
1165 4416 1392 4475 propter
1436 4409 1840 4464 multitudinem
1885 4411 2093 4480 iniqui-

519 4496 692 4545 tatum
727 4502 940 4549 tuarum
977 4497 1337 4565 multiplicata
1367 4506 1452 4553 est
1478 4502 1717 4556 amentia
1757 4509 1872 4556 tua.
1905 4521 1925 4554 ι
1955 4503 2090 4555 Cum

518 4589 574 4636 te
614 4582 921 4652 iniquitatis
955 4586 1189 4648 fructus,
1233 4589 1328 4657 qui
1383 4605 1492 4645 non
1539 4593 1698 4663 longe
1737 4593 1959 4658 absunt,
1994 4607 2091 4662 ap-

520 4675 880 4742 prehendent,
917 4677 1409 4748 pseudoprophetaa
1436 4683 1548 4737 eris
1577 4685 1799 4748 similis,
1835 4685 1930 4753 qui
1961 4699 2093 4752 pro-

521 4773 640 4832 pter
672 4767 1067 4823 inhabitantem
1102 4772 1358 4838 spiritum
1389 4774 1609 4843 desipit,
1636 4782 1690 4828 et
1717 4775 1825 4828 huc
1858 4777 2097 4845 illucque

517 4855 780 4922 jactatur.
837 4859 1046 4930 1353
1085 4862 1256 4917 Tanta
1299 4872 1353 4918 te
1388 4866 1590 4919 mentis
1638 4865 1898 4921 alienatio
1945 4883 2096 4922 com-

525 4948 863 5013 prehendet:
899 4952 1040 5006 hanc
1089 4965 1272 5010 autem
1313 4957 1586 5011 insaniam
1623 4956 1720 5010 tibi
1759 4958 1944 5011 attulit
1992 4959 2100 5014 ini-

523 5038 794 5105 quitatqu
830 5047 1046 5097 tuarum
1086 5046 1403 5101 multitudo.

595 5125 762 5181 Vens.
811 5130 864 5184 8.
906 5150 925 5182 ε
966 5132 1298 5203 Speculator
1345 5137 1624 5207 Eplu‘aimi
1657 5153 1780 5192 cum
1826 5138 1934 5194 Deo
1965 5156 2078 5210 pro-

527 5213 689 5284 pheta
720 5237 733 5272 :
770 5220 996 5291 laqueus
1033 5235 1319 5284 tortuosus
1358 5245 1526 5300 super
1549 5244 1742 5286 omnes
1771 5231 1887 5288 vias
1921 5233 2093 5302 ejus.»

599 5380 628 5423 ει
656 5371 762 5430 lsa.
803 5391 819 5430 ι
886 5379 973 5432 15.
1052 5385 1075 5416 ι
1108 5375 1341 5435 Malach.
1373 5397 1412 5450 ι,
1439 5383 1538 5452 10;
1575 5397 1637 5451 ιι,
1673 5385 1765 5440 13.
1817 5385 1967 5441 'lsa.
1991 5385 2126 5452 v,2.

2187 3293 2263 3356 ὡς
2295 3293 2583 3361 φεύξονται
2615 3296 2712 3362 μὲν
2746 3293 2824 3356 εἰς
2852 3292 2949 3363 τὴν
2979 3293 3283 3361 Αἴγυπτον,
3308 3295 3400 3347 καὶ
3427 3293 3520 3349 νῦν
3549 3295 3652 3364 μὲν
3693 3295 3778 3358 εἰς

2187 3385 2414 3455 ταύτην,
2443 3384 2537 3437 νῦν
2563 3387 2619 3437 δὲ
2651 3386 2729 3447 είς
2769 3385 2984 3454 ἐκείνην
3027 3385 3422 3456 μεταθήσονται
3461 3385 3561 3454 τὴν
3591 3385 3776 3450 πόλιν,

2188 3478 2284 3529 καὶ
2331 3477 2391 3530 τὸ
2425 3475 2687 3546 ἀργύριον
2739 3474 2918 3527 αὐτῶν
2972 3473 3381 3543 δαπανήσουσι,
3416 3474 3593 3544 μάτην
3623 3473 3780 3545 δῶρα

2188 3567 2265 3636 τῷ
2295 3567 2607 3632 Αἰγυπτίων
2662 3565 3028 3636 προφέροντες
3077 3565 3304 3636 βασιλεῖ.
3356 3583 3375 3614 r
3424 3564 3782 3627 Ἀκάνθαςδὲ

2189 3660 2509 3729 εὑρήσουσιν
2543 3661 2600 3710 ὲν
2623 3661 2735 3721 τοῖς
2767 3656 3121 3727 σκηνώμασιν
3175 3657 3375 3710 αὐτῶν.
3411 3677 3429 3709 ι
3456 3658 3779 3722 Τουτέστιν,

2189 3749 2378 3802 οὐδένα
2405 3750 2616 3820 καρπὸν
2649 3749 2970 3820 ὀνησιφόρον
2995 3749 3384 3819 δρέψονταιἿδ
3415 3749 3713 3820 ἐπιζήμιον
3733 3753 3782 3783 ’⁵

2190 3841 2289 3910 τῆς
2315 3841 2392 3903 είς
2435 3841 2708 3908 Αἴγυπτον
2745 3841 2924 3910 φυγῆς
2961 3840 3048 3893 διὰ
3080 3840 3284 3893 τούτων
3313 3841 3550 3911 ᾐνίξατο.
3583 3841 3785 3894 Τοιοῦ-

2193 3932 2281 3985 τόν
2307 3935 2422 3985 ἐστι
2451 3933 2537 3986 τό·
2564 3953 2582 3983 ι
2608 3932 2838 4002 Ἐμεινα
2862 3933 2954 3985 τοῦ
2976 3933 3200 4003 ποιῆσαι
3229 3933 3526 4004 σταφυλήν,
3546 3935 3784 4004 ἐποίησε

2195 4025 2252 4080 δὲ
2276 4023 2513 4088 ἀκάνθας
2535 4042 2547 4054 ·
2574 4043 2590 4074 ι
2614 4026 2735 4078 ἀντὶ
2762 4023 2875 4083 τοῦ,
2896 4024 3084 4077 οὐδένα
3113 4024 3322 4093 καρπὸν
3340 4025 3384 4055 ’³
3403 4024 3610 4076 ἐκεῖθεν
3636 4027 3785 4095 χρή-

2197 4133 2353 4186 σιμον
2388 4115 2720 4186 ὲδρεψάμην,
2754 4113 2888 4168 ἀλλὰ
2913 4114 3220 4168 τούναντίον
3249 4114 3456 4175 πάντας
3485 4113 3717 4175 κακούς.

2260 4209 2322 4274 ζ’.
2357 4227 2374 4259 ι
2423 4209 2685 4261 Ἦκουσιν
2725 4207 2780 4258 αἱ
2836 4204 3038 4275 ήμέραι
3065 4206 3162 4274 τῆς
3190 4203 3598 4266 ἁνταποδότεώς
3657 4221 3782 4266 σου,

2194 4300 2289 4354 καὶ
2353 4298 2737 4369 κακωθήσεται
2785 4287 3004 4366 Ἰσραήλ
3032 4337 3046 4361 ,
3083 4295 3272 4366 ὥσπερ
3323 4297 3351 4348 ὁ
3415 4297 3707 4367 προφήτης
3755 4297 3787 4347 ὁ

2194 4391 2640 4462 παρεξεστηκὼς,
2690 4387 2974 4458 ἄνθρωπος
3024 4389 3051 4440 ὁ
3087 4387 3532 4477 πνευματοφόρος
3555 4403 3568 4416 ·
3600 4386 3714 4439 ἀπὸ
3735 4389 3786 4419 ²⁶

2194 4483 2287 4539 τοῦ
2334 4482 2571 4552 πλήθους
2622 4480 2731 4532 τῶν
2763 4479 2987 4532 ἀδικιῶν
3045 4495 3139 4531 σου
3191 4477 3498 4548 ἐπληθύνθη
3527 4479 3559 4545 ἡ
3613 4478 3786 4546 μανία

2202 4594 2318 4630 σου.
2355 4595 2374 4628 ι
2407 4575 2574 4629 Ὅταν
2634 4589 2692 4625 σε
2747 4569 3128 4625 καταλάϐωσιν
3178 4571 3226 4622 ot
3271 4569 3372 4638 τῆς
3427 4570 3784 4638 παρανομίας

2202 4668 2436 4739 καρποὶ,
2462 4668 2626 4733 ἐγγὺς
2649 4663 2705 4716 δὲ
2729 4655 2874 4716 οὗτοι
2899 4705 2914 4728 ,
2949 4662 3329 4733 ἀπεικασθήσῃ
3356 4661 3784 4735 ψευδοπροφήτῃ

2203 4761 2307 4812 ὑπὸ
2355 4759 2447 4811 τοῦ
2506 4755 2840 4818 ἐνοικοῦντος
2891 4753 3196 4822 πνεύματος
3259 4753 3649 4823 παραπαίοντι,
3687 4756 3780 4806 καὶ

2203 4852 2330 4923 τῇδε
2371 4853 2590 4905 κάκεῖσε
2633 4847 3070 4920 περιφερομένῳ.
3118 4845 3364 4915 Τοσαύτη
3397 4861 3455 4896 σε
3506 4845 3612 4896 τῶν
3645 4861 3782 4913 φρε-

2205 4948 2310 5002 νῶν
2358 4945 2611 5005 ἔκστασις
2645 4941 3013 5011 καταλήψεται
3039 4955 3053 4968 ’
3089 4936 3292 5006 ταύτην
3321 4935 3374 4989 δέ
3431 4952 3515 4987 σοι
3547 4935 3646 5003 τὴν
3681 4952 3780 5002 μα-

2204 5039 2323 5094 νίαν
2349 5035 2569 5105 ἐποίησε
2603 5033 2710 5086 τῶν
2751 5029 3106 5102 παρανομιῶν
3144 5043 3235 5079 σου
3269 5026 3331 5078 τὸ
3375 5025 3598 5097 πλῆθος.

2273 5137 2344 5200 η’.
2383 5149 2402 5182 ι
2432 5125 2638 5189 Σκοπὸς
2674 5120 2914 5194 Ἐφραῒμ
2965 5117 3104 5191 μετὰ
3150 5115 3243 5170 τοῦ
3274 5116 3409 5170 Θεοῦ
3445 5115 3742 5185 προφήτης
3765 5129 3780 5142 ο

2209 5225 2378 5296 παγὶς
2428 5217 2619 5275 σκολιὰ
2654 5215 2746 5269 ἐπὶ
2795 5213 2973 5277 πάσας
3019 5210 3119 5273 τὰς
3150 5209 3302 5272 ὁδοὺς
3348 5207 3533 5262 αὐτοῦ.
3560 5226 3578 5258 ι
3625 5207 3785 5258 Ἀνα-

1831 5539 2067 5596 VARIIE
2123 5535 2530 5595 LECTlONES.

599 5647 643 5725 ξ’
670 5646 824 5725 βιῴσ.
849 5648 929 5725 _lta
953 5662 1076 5725 eum
1108 5649 1148 5704 C
1186 5650 1416 5725 legimus
1449 5654 1614 5709 Sirm.
1654 5655 1968 5725 βιώσαντες.
2043 5656 2087 5686 ²⁰
2119 5653 2160 5708 C
2194 5655 2394 5716 αὐτοῖς,
2421 5650 2586 5725 jule
2621 5661 2730 5725 [ες.
2765 5648 2893 5725 lem:
2969 5643 3082 5725 ἲ,ίῖ
3113 5643 3231 5725 βδῇ
3305 5643 3351 5725 ’δ

3390 5639 3517 5711 μάτ.
3553 5654 3610 5691 κ.
3638 5654 3692 5691 τ.
3712 5639 3781 5711 μλ.

530 5708 707 5772 Aliam
734 5718 1148 5794 distincti0_nem
1185 5708 1338 5794 vide‘
1369 5708 1557 5792 supra,
1586 5708 1800 5793 p.176.
1877 5708 2101 5778 ’³’Μαῦη
2135 5725 2211 5778 lla
2247 5708 2588 5794 emendanda
2624 5717 2728 5772 fuit
2765 5716 2939 5794 lectio_
2969 5708 3135 5794 Sirm}
3169 5708 3426 5794 Μιχαίοὲ
3469 5708 3606 5794 Quae,
3632 5709 3782 5794 enim

533 5793 860 5860 ngyuplur,
898 5789 1164 5853 pertinent
1209 5792 1272 5844 ad
1322 5779 1557 5848 Malach.
1588 5779 1626 5859 ἱ,
1662 5797 1748 5858 ll),
1793 5807 1884 5850 aut
1928 5812 1977 5849 c.
2017 5813 2088 5860 ιι,
2131 5796 2212 5851 t5.
2291 5797 2336 5826 “
2363 5789 2508 5854 ὲπιζ.
2545 5788 2586 5844 C
2631 5802 2820 5859 praem.
2875 5786 3006 5857 γάρ.
3082 5792 3126 5825 ﬂ
3156 5779 3325 5854 καρπ.
3386 5781 3465 5834 Ex
3513 5779 3555 5832 (1
3593 5779 3778 5847 suppl.

545 5851 589 5882 "
621 5851 662 5902 C
702 5852 826 5903 ὑπό.
