4088 6444
344 417 482 483 1603

1664 415 1746 481 IN
1789 418 1979 482 OSEE
2014 419 2173 483 CAP.
2204 422 2309 483 IX.

3480 420 3618 492 1602

344 531 659 608 μνησθῆναι
713 532 980 604 προσήκει
1016 529 1128 584 τῶν
1183 528 1321 601 πρὸς
1365 527 1456 583 τὸν
1486 527 1747 599 Ἰεζεκιὴλ
1777 530 1925 598 εἰρη-

2040 525 2352 586 Meminisse
2414 538 2635 602 oportet
2694 547 2886 588 eorum
2950 548 3074 603 qua:
3133 533 3199 590 ad
3276 533 3617 593 Ezecliielem

346 624 547 694 μένων.
576 621 688 676 Καὶ
714 622 822 693 γὰρ
854 622 1048 692 ἐκείνῳ
1073 622 1102 674 ό
1126 619 1260 684 Θεὸς
1282 619 1387 690 ἔφη
1410 637 1420 647 ·
1443 637 1463 671 ι
1491 618 1702 671 Σκοπὸν
1726 617 1936 672 δέδωκὰ

343 733 409 769 σε
444 714 522 786 τῷ
586 714 721 784 οίκῳ
787 714 1027 786 Ἰσραήλ.
1080 733 1097 766 ι
1134 713 1248 768 Καὶ
1273 711 1510 766 ἐνταῦθα
1569 713 1706 783 πρὸς
1754 710 1933 764 πάντα

342 809 482 879 φησὶ
506 807 600 861 τὸν
648 806 798 871 λαὸν,
829 806 914 861 ὅτι
943 803 1071 861 Οἷόν
1100 823 1224 861 τινα
1254 804 1480 870 σκοπὸν,
1507 804 1601 859 καὶ
1642 805 1932 874 προφήτην

339 899 479 953 Θεοῦ
524 897 784 968 άπεφηνά
827 915 887 951 σε
928 901 1043 962 τοῖς
1093 896 1422 962 πελάζουσιν
1452 896 1697 962 ἔθνεσιν,
1730 895 1818 951 ἵνα
1844 894 1934 949 διὰ

340 991 447 1061 τῆς
470 989 602 1061 περὶ
631 989 692 1042 σὲ
723 989 987 1061 προνοίας
1015 989 1113 1043 καὶ
1143 989 1244 1059 τῆς
1292 993 1431 1043 κατὰ
1457 988 1620 1058 νόμον
1646 1003 1740 1040 σου
1776 986 1931 1040 πολι-

337 1079 521 1144 τείας,
542 1079 773 1132 κάκεῖνα
817 1078 916 1148 τὴν
945 1079 1086 1150 ἐμὴν
1118 1078 1337 1148 δέξηται
1365 1078 1596 1148 γνῶσιν-
1631 1078 1696 1132 σὺ
1736 1076 1795 1130 δὲ
1822 1079 1931 1132 πᾶν

338 1172 658 1226 τούναντίον
681 1172 924 1243 εἰργάσω
943 1187 958 1201 ’
984 1172 1172 1228 σκολιὰ
1188 1173 1298 1244 γὰρ
1319 1173 1501 1236 αὐτοῖς
1522 1171 1711 1241 ἐγένου
1738 1171 1931 1240 παγὶς,

339 1263 588 1335 αὐξήσας
612 1264 798 1328 αὐτοῖς
825 1266 912 1318 διὰ
940 1265 1042 1336 τῆς
1083 1266 1184 1336 σῆς
1214 1264 1529 1327 δυσσεϐείας
1561 1264 1660 1335 τὴν
1703 1264 1831 1334 περὶ
1858 1264 1930 1317 τὰ

344 1355 543 1411 εἴδωλα
569 1356 893 1429 θεραπείαν.
926 1358 1000 1412 Οὐ
1034 1356 1142 1430 γάρ
1178 1358 1340 1428 μόνον
1378 1358 1434 1410 ἐν
1467 1358 1586 1420 ταῖς
1618 1356 1802 1419 ἄλλαις
1831 1355 1929 1408 πό-

338 1449 463 1502 λεσι
503 1449 722 1521 βωμοὺς
751 1448 848 1503 καὶ
896 1448 1100 1521 τεμένη
1152 1451 1268 1513 τοῖς
1318 1449 1553 1512 εἰδώλοις
1601 1447 1927 1518 ἀνέστησας,

337 1540 480 1595 ἀλλὰ
507 1540 606 1595 καὶ
631 1539 709 1612 τῷ
755 1540 1122 1612 άφιερωμένῳ
1160 1558 1252 1611 μοι
1282 1540 1388 1611 νεῷ
1417 1540 1830 1604 κατεσκεύασας
1861 1539 1929 1594 τὰ

334 1629 456 1684 τῶν
485 1629 722 1684 εἰδώλων
751 1629 1069 1701 ἰνδάλματα.
1102 1629 1275 1684 Τοῦτο
1311 1632 1419 1702 γάρ
1448 1630 1597 1700 λέγει
1629 1647 1643 1660 ·

421 1825 442 1859 ι
474 1807 693 1863 Μανίαν
750 1807 810 1860 ἐν
861 1807 999 1878 οἴκῳ
1027 1806 1166 1861 Θεοῦ
1215 1806 1383 1861 αὑτοῦ
1435 1806 1766 1880 κατέπηξεν.
1815 1807 1927 1881 (ϐ’.)

2037 617 2183 673 dicta
2231 630 2364 678 sunt
2397 640 2410 675 :
2448 643 2467 675 ι
2513 623 2924 693 Speculatorcm
2971 626 3116 681 enim
3162 626 3288 682 dedi
3342 635 3395 683 te
3430 628 3617 685 domui

2038 709 2277 778 lsraelis,
2315 733 2336 764 ι
2368 714 2511 771 dixit
2550 717 2627 771 illi
2660 716 2927 774 Dominus
2969 718 3017 781 ⁸,.
3070 717 3173 774 Hic
3226 735 3356 774 vero
3397 737 3617 776 onmem

2048 805 2310 871 populum
2338 807 2660 877 alloquens:
2688 806 2972 879 Tanquam
2998 811 3396 879 speculatorem
3421 827 3618 881 quem-

2034 894 2183 959 dam,
2224 897 2423 966 inquit,
2455 909 2509 954 et
2538 899 2858 969 prophetam
2897 899 2990 955 Dei
3032 903 3295 957 constitui
3334 911 3386 957 te
3419 903 3618 958 vicinis

2032 987 2314 1056 gentibus,
2348 998 2408 1044 ut
2433 1005 2501 1044 ex
2550 1005 2671 1046 mea
2716 1006 2844 1062 erga
2901 1000 2953 1045 te
2995 992 3362 1061 providentia,
3415 1003 3470 1047 et
3520 1002 3615 1047 tua

2035 1077 2339 1131 secundum
2368 1079 2541 1149 legem
2573 1080 2790 1134 vivendi
2821 1082 3056 1143 ratione,
3087 1083 3252 1135 etiam
3284 1083 3391 1136 illa:
3421 1083 3476 1137 in
3506 1085 3617 1139 mei

2034 1168 2409 1239 cognitionem
2427 1171 2672 1225 veniant.
2697 1175 2762 1226 At
2797 1182 2851 1226 tu
2881 1173 3066 1227 omnia
3091 1174 3310 1243 penitus
3332 1176 3614 1229 contraria

2035 1259 2265 1314 fecisti:
2322 1276 2450 1315 nam
2513 1271 2796 1319 tortuosus
2847 1264 2961 1318 illis
3013 1263 3195 1320 factus
3245 1281 3305 1320 es
3356 1266 3612 1335 laqueus,
3718 1273 3747 1285 ‘

2035 1359 2236 1420 tuaque
2256 1351 2540 1422 impietate
2572 1354 2794 1429 illarum
2820 1368 2949 1426 erga
2978 1356 3126 1411 idola
3163 1358 3614 1426 superstitionem

2035 1439 2331 1497 adauxisti.
2361 1442 2553 1512 Neque
2589 1442 2734 1497 enim
2769 1444 2824 1498 in
2860 1445 2982 1500 aliis
3015 1446 3178 1500 modo
3208 1445 3443 1501 urbibus
3474 1447 3616 1500 alta-

2034 1533 2116 1588 ria
2149 1543 2203 1609 et
2232 1536 2460 1590 delubra
2510 1537 2673 1593 idolis
2714 1538 3060 1603 exstruxisti,
3096 1554 3286 1595 verum
3341 1540 3509 1594 etiam
3560 1540 3614 1595 in

2034 1626 2240 1696 templo
2268 1627 2402 1681 mihi
2451 1627 2710 1684 dedicato
2741 1629 3016 1686 idolorum
3048 1630 3341 1686 simulacra
3366 1630 3611 1687 erexisti.

2033 1715 2149 1772 Hoc
2169 1718 2319 1773 enim
2355 1718 2493 1773 dicit
2522 1737 2535 1773 :
2600 1766 2605 1769 _

2111 1824 2130 1857 ι
2167 1807 2444 1862 Insaniam
2484 1810 2539 1862 in
2567 1808 2732 1865 domo
2762 1808 2856 1865 Dei
2893 1810 2983 1866 sui
3014 1809 3279 1877 conﬁxit;
3305 1808 3497 1881 (Vens.
3531 1811 3613 1882 9.)

337 1898 697 1970 Ἐφθάρησαν
745 1897 890 1952 κατὰ
925 1867 1025 1960 τάς
1061 1897 1277 1969 ἡμέρας
1310 1898 1406 1952 τοῦ
1442 1867 1682 1969 βουνοῖλ-
1707 1918 1727 1952 ›
1756 1867 1850 1965 Ἐξ
1869 1867 1925 1955 ob

2033 1898 2289 1968 Corrupti
2356 1907 2485 1955 sunt
2537 1901 2841 1956 secundum
2898 1903 3020 1959 dies
3059 1902 3244 1960 collis.
3285 1867 3322 1957 ι’
3365 1902 3441 1957 Ex
3495 1867 3612 1974 quo
3682 1902 3687 1907 “

340 1990 460 2050 τοῖς
498 1989 706 2060 βουνοῖς
762 1989 1089 2061 προσέσχον,
1134 1990 1229 2043 καὶ
1271 1990 1369 2053 τὰς
1416 1992 1535 2044 ἐκεῖ
1568 1992 1869 2062 γενομένας
1884 1992 1929 2024 ’⁷

339 2079 538 2145 θυσίας
563 2080 751 2152 ὴγάπη
760 2096 881 2145 σαν,
897 2079 1008 2134 τῶν
1035 2081 1318 2151 λογισμῶν
1338 2081 1438 2153 τὴν
1463 2081 1619 2136 νόσον
1642 2082 1892 2150 ἐδέξαντο
1911 2100 1924 2115 ο

341 2172 483 2227 ἀλλὰ
545 2172 770 2239 τούτων,
812 2174 999 2244 φησὶν,
1050 2174 1133 2228 ὅτι
1185 2174 1416 2245 τάχιστα
1470 2173 1703 2228 δώσουσι
1752 2175 1924 2240 δίκας.

338 2257 479 2318 Εἶτα
507 2262 608 2335 τῆς
639 2263 750 2318 τῶν
811 2264 1066 2336 πατέρων
1118 2265 1324 2337 ἀρετῆς
1360 2265 1771 2337 ἀναμιμνήσκει
1797 2306 1811 2333 ,
1848 2268 1930 2331 εἰς

339 2355 506 2426 ζῆλον
527 2355 726 2421 αὐτοὺς
755 2355 1064 2428 διεγείρων.

410 2443 463 2498 ι’.
502 2464 521 2496 ι
561 2445 652 2507 Ὠς
678 2430 953 2516 σταφυλὴν
985 2447 1045 2498 ἐν
1079 2448 1271 2519 ἐρήμῳ
1303 2440 1469 2519 ηὗρον
1485 2448 1534 2480 ’⁸
1561 2446 1652 2501 τὸν
1689 2444 1923 2519 Ἰσραὴλ,

339 2536 438 2590 καὶ
467 2535 542 2599 ὡς
568 2537 774 2590 σκοπὸν
800 2538 845 2568 ¹⁹
885 2539 944 2592 ἐν
1003 2541 1143 2610 συκῇ
1200 2538 1451 2611 πρώῖμον
1497 2535 1639 2593 εἶδον
1683 2539 1927 2611 πατέρας

340 2627 538 2683 αὐτῶν.
568 2629 731 2682 Αὐτοὶ
754 2629 813 2683 δέ
879 2629 1130 2701 εἰσῆλθον
1173 2631 1311 2703 πρὸς
1343 2631 1436 2686 τὸν
1473 2631 1810 2705 Βεελφεγὼρ,
1830 2633 1927 2688 καὶ

337 2723 863 2796 ἀπηλλοτριώθησαν
916 2728 998 2789 είς
1054 2726 1341 2799 αἰσχύνην,
1378 2728 1473 2782 καὶ
1497 2729 1541 2761 ³⁸
1570 2722 1820 2799 ἐγένοντό
1872 2730 1923 2783 οί

332 2817 707 2887 ἠγαπημένοι,
739 2817 815 2880 ὡς
867 2819 915 2870 οί
966 2809 1370 2889 ἐϐδελυγμένοι.
1406 2838 1425 2872 ι
1461 2820 1675 2891 Ὠσπερ
1731 2822 1841 2892 γὰρ
1874 2821 1930 2874 εί

335 2921 422 2970 τις
449 2907 509 2959 ἐν
556 2907 748 2979 ἐρήμῳ
786 2910 856 2979 γῇ
908 2908 1004 2962 καὶ
1056 2909 1242 2978 φυτῶν
1292 2910 1525 2982 πάμπαν
1559 2913 1922 2986 ἐστερημένῃ,

330 2996 618 3069 σταφυλὴν
646 2996 798 3070 εὖροι
853 2999 948 3052 καὶ
995 2998 1162 3054 σῦκον
1202 3002 1452 3073 πρώῖμον
1497 3004 1556 3057 ἐν
1588 3005 1751 3075 συκῇ,
1784 3002 1922 3076 μετὰ

331 3088 541 3159 πολλῆς
573 3088 706 3144 αὐτὸ
742 3088 1002 3161 δρέπεται
1029 3092 1129 3163 τῆς
1167 3093 1362 3165 ἡδονῆς
1386 3109 1401 3124 ⁸
1443 3093 1617 3158 οὕτως
1651 3095 1782 3164 ἐγὼ,
1813 3095 1924 3149 τῶν

329 3179 506 3235 πάλαι
568 3181 874 3252 ἀνθρώπων
942 3182 1232 3257 δυσσεὸείᾳ
1288 3185 1611 3251 συζώντων,
1665 3186 1765 3258 τὴν
1820 3187 1916 3242 τοῦ
1945 3200 1990 3261 α

342 3272 605 3345 Ἀϐραάμ
648 3272 984 3343 θεασάμενος
1023 3275 1244 3348 ἀρετὴν,
1270 3277 1585 3349 ὲδρεψάμην
1606 3280 1792 3343 αὐτὸν,
1826 3282 1920 3335 καὶ

328 3363 438 3427 τὰς
465 3363 604 3435 πρὸς
632 3365 796 3418 αὑτὸν
850 3367 1198 3439 ἐποιησάμην
1229 3366 1531 3438 συνθήκας
1554 3367 1701 3422 οὕτω
1736 3369 1794 3423 δὲ
1824 3371 1920 3424 καὶ

323 3455 427 3510 τὸν
455 3457 666 3510 ἐκείνου
706 3456 841 3520 υἱὸν,
878 3457 973 3511 καὶ
1022 3456 1114 3511 τὸν
1148 3457 1206 3524 ἐξ
1253 3459 1484 3512 ἐκείνου.
1530 3459 1671 3513 Ἀλλ’
1713 3461 1829 3514 oi“
1859 3463 1918 3528 ἐξ

327 3548 562 3601 ἐκείνων
588 3547 732 3602 οὕτω
749 3548 793 3581 ³³
809 3548 1028 3618 φύντες,
1045 3549 1248 3619 ἥκιστα
1277 3548 1374 3621 τὴν
1397 3550 1618 3605 ἐκείνων
1636 3551 1916 3623 ἐζήλωσαν

326 3640 537 3710 ἀρετήν
564 3655 577 3668 ·
616 3639 838 3693 ἔναυλον
884 3640 994 3712 γὰρ
1038 3638 1253 3713 ἔχοντες
1304 3640 1413 3697 τῶν
1447 3643 1775 3717 εὐεργεσιῶν
1816 3662 1917 3718 μου

326 3728 435 3799 τὴν
497 3730 742 3801 μνήμην,
798 3729 898 3801 τὴν
960 3729 1296 3803 ἐλευθερίαν,
1353 3733 1450 3804 τὴν
1511 3735 1610 3805 τῆς
1675 3735 1919 3807 δουλείας

332 3820 676 3893 ἀπαλλαγὴν,
703 3821 802 3886 τὰς
837 3823 1185 3888 παντοδαπάς
1217 3825 1328 3877 τῶν
1379 3825 1695 3896 Αἰγυπτίων
1728 3829 1919 3899 μάστι-

334 3924 465 3975 γας,
505 3909 604 3982 τὴν
652 3911 809 3983 ξένην
844 3911 935 3965 διὰ
967 3911 1240 3984 θαλάττης
1272 3914 1520 3986 πορείαν,
1548 3917 1642 3970 καὶ
1684 3917 1753 3970 τά
1782 3918 1918 3973 ἄλλα

332 4001 479 4053 ὃσων
528 4003 867 4074 ἀπήλαυσαν,
897 4005 991 4058 τοῦ
1035 4004 1355 4076 Βεελφεγὼρ
1387 4005 1485 4079 τὴν
1539 4007 1793 4080 λατρείαν
1819 4014 1918 4081 τῆς

327 4092 476 4164 ἐμῆς
529 4094 898 4166 προτετάχασι
953 4093 1253 4166 θεραπείας
1281 4136 1296 4162 ,
1331 4096 1592 4169 αἰσχύνην
1627 4098 1795 4171 μόνην
1825 4102 1915 4153 ὲν-

326 4184 523 4240 τεῦοεν
559 4187 887 4258 δρεψάμενοι
911 4204 925 4217 ⁸
959 4180 1021 4241 οὗ
1072 4188 1235 4261 χάριν
1260 4190 1310 4242 οί
1357 4189 1527 4244 πάλαι
1566 4192 1915 4263 ἠγαπημένοι

323 4279 714 4350 ἐϐδελυγμένοι
758 4280 1107 4352 γεγένηνται.

402 4376 494 4424 ια’.
521 4388 539 4422 ι
594 4371 835 4443 Ἐφραῒμ
867 4371 940 4436 ὡς
969 4371 1155 4444 ὄρνεον
1179 4372 1536 4446 ἐξεπετάσθη.
1583 4394 1600 4428 ι
1633 4375 1790 4430 Οὓτω
1817 4395 1913 4431 τα-

323 4459 470 4530 χέως
528 4461 608 4523 είς
641 4460 739 4532 τὴν
795 4461 1089 4532 ἀλλοτρίαν
1151 4462 1610 4534 μετατεθήσονται
1667 4467 1771 4539 γῆν
1805 4486 1819 4499 ·
1850 4470 1913 4524 οὐ

325 4529 440 4623 γάρ
469 4553 569 4622 τῆς
611 4529 812 4624 ἀρετῆς
865 4529 1121 4623 ἀγαπῶσι
1151 4529 1212 4610 τὸ
1242 4529 1421 4621 κλέος,
1455 4557 1595 4614 ἀλλὰ
1622 4529 1897 4632 τήνΙπολυ·
1943 4529 1991 4588 θ

325 4642 519 4713 γονίαν
572 4645 836 4715 μεγίστην
871 4644 1313 4716 ὑπολαμϐάνουσι
1343 4648 1520 4713 δόξαν.

407 4753 426 4785 ι
465 4735 530 4787 Al
578 4734 727 4799 δόξαι
768 4737 879 4807 γὰρ
915 4736 1117 4801 αὐτῶν,
1145 4739 1329 4809 φησὶν,
1367 4740 1430 4792 ἐκ
1464 4740 1702 4794 τοκετῶν
1723 4743 1787 4805 ³³,
1818 4743 1911 4796 καὶ

323 4822 390 4889 ἐξ
421 4822 652 4886 ὠδίνων,
683 4827 780 4878 καὶ
831 4825 1166 4897 συλλήψεων.
1209 4828 1346 4898 (ιβ’.)
1378 4829 1524 4883 Διότι
1573 4832 1667 4885 καὶ
1696 4833 1790 4886 ἐὰν
1818 4834 1910 4886 ἐκ·

323 4913 575 4986 θρέψωσι
605 4915 674 4969 τὰ
701 4915 871 4970 τέκνα
895 4915 1097 4982 αὐτῶν,
1120 4917 1592 4990 ἁτεκνωθήσονται
1621 4920 1679 4987 ἐξ
1709 4922 1913 4994 ἀνθρὼ-

324 5018 484 5056 πων⁶
519 5003 655 5058 διότι
697 5005 794 5059 καὶ
836 5007 963 5060 οὐαὶ
1009 5007 1195 5072 αὐτοῖς
1228 5008 1366 5074 ἐστι,
1405 5009 1540 5064 διότι
1581 5011 1769 5080 ἀφῆκα
1812 5014 1911 5066 αὐο

324 5094 457 5158 τούς
471 5094 536 5152 ³⁵.
564 5115 585 5149 ι
610 5096 827 5168 Μάτην,
845 5098 1032 5170 φησὶν,
1053 5099 1146 5152 ἐπὶ
1175 5103 1296 5164 ταῖς
1314 5101 1661 5171 πολυγονίαις
1689 5105 1911 5175 ἐπαίρε-

327 5184 427 5238 σθε
448 5201 460 5214 ·
487 5186 658 5241 ἐπιὼν
686 5188 796 5261 γὰρ
819 5190 849 5244 ὁ
871 5189 1130 5261 πολέμιος
1157 5192 1395 5265 ἐρήμους
1415 5192 1561 5264 ὑμᾶς
1575 5196 1908 5265 καταστήσει

318 5274 436 5332 τῶν
473 5277 700 5359 παίδων,
729 5281 914 5354 ἐπειδὴ
948 5281 1143 5354 ἔρημοι
1161 5282 1262 5354 τῆς
1315 5284 1459 5355 ἐμῆς
1504 5285 1760 5357 προνοίας
1788 5286 1909 5353 ἐγέ·

405 5451 427 5489 ί
462 5449 664 5511 Ezecli.
698 5467 788 5521 ιιι,
830 5454 920 5511 17.

2036 1999 2278 2060 tempore
2316 1991 2542 2046 collium
2599 1992 2785 2048 studio
2819 1993 2994 2050 teneri
3025 2003 3335 2069 cppcrunt,
3385 2004 3441 2052 et
3486 2012 3613 2066 qua:

2034 2082 2106 2136 ibi
2138 2082 2339 2137 ﬁebant
2380 2082 2651 2139 sacriﬁcia
2687 2093 3038 2151 amaverunt,
3071 2086 3287 2140 insanis
3316 2086 3578 2157 cogitatio
3598 2117 3614 2130 -

2030 2172 2196 2229 nibus
2230 2174 2625 2230 laboraverunt
2655 2194 2670 2230 :
2710 2178 2806 2233 sed
2842 2177 3064 2243 harum,
3096 2178 3297 2248 inquit,
3321 2178 3610 2234 celerrime

2030 2280 2223 2335 poenas
2266 2266 2497 2321 dabunt.
2560 2266 2685 2322 Mox
2738 2268 2794 2322 in
2851 2269 3173 2324 memoriam
3236 2268 3347 2325 illis
3388 2278 3611 2325 revocat

2027 2358 2295 2414 virtutem
2327 2367 2570 2429 patrum,
2602 2360 2668 2414 ad
2701 2360 3110 2415 mulationem
3140 2373 3237 2415 eos
3267 2360 3535 2415 excitans.

2100 2448 2264 2505 Vsns.
2309 2450 2398 2504 10.
2430 2468 2448 2502 ι
2485 2450 2639 2505 Sicut
2663 2466 2822 2505 uvam
2854 2450 2911 2504 in
2944 2450 3168 2507 deserto
3208 2450 3397 2506 inveni
3431 2448 3610 2507 Israe-

2027 2534 2133 2590 lem
2160 2554 2173 2590 :
2204 2544 2259 2590 et
2287 2538 2432 2592 sicut
2467 2540 2782 2608 grossulum
2808 2553 3113 2608 praecocem
3153 2539 3209 2593 in
3239 2538 3346 2594 ﬁcu
3373 2538 3481 2593 vidi
3512 2553 3611 2608 pa-

2027 2632 2139 2681 tres
2166 2641 2382 2683 eorum.
2423 2627 2529 2698 Ipsi
2561 2638 2746 2684 autem
2777 2629 3010 2699 ingressi
3041 2637 3175 2684 sunt
3224 2630 3292 2684 ad
3340 2628 3606 2700 Beelpbe-

2026 2734 2236 2791 gorem,
2263 2727 2319 2773 et
2345 2719 2644 2775 abalienati
2672 2728 2802 2775 sunt
2850 2720 2907 2774 in
2946 2720 3360 2785 confusionem,
3393 2729 3448 2776 et
3477 2720 3610 2775 facti

2026 2819 2157 2867 sunt
2197 2811 2382 2866 dilecti
2424 2813 2568 2867 sicut
2612 2812 3032 2868 abominabiles.
3067 2832 3086 2864 ι
3135 2813 3612 2879 Quemadmodum

2025 2903 2170 2959 enim
2199 2904 2247 2957 si
2297 2903 2423 2972 quis
2468 2902 2524 2957 in
2559 2910 2707 2958 terra
2742 2902 2983 2969 deserta,
3015 2901 3229 2974 1354
3259 2910 3315 2957 et
3348 2917 3377 2956 a
3406 2903 3613 2972 plantis

2023 3008 2220 3057 vacua,
2267 3010 2427 3048 uvam
2462 2994 2760 3059 invenerit,
2811 3003 2866 3050 et
2910 2995 3152 3050 fructum
3190 3009 3495 3065 praecocem
3549 2995 3605 3050 in

2025 3086 2155 3151 ﬁcu,
2183 3101 2380 3157 magna
2415 3101 2541 3142 cum
2573 3087 2854 3143 hilaritate
2892 3087 3039 3142 illam
3071 3085 3319 3156 decerpit
3348 3103 3361 3141 :
3396 3087 3478 3142 sic
3505 3101 3611 3157 ego

2025 3177 2172 3232 inter
2200 3178 2454 3233 homines
2489 3180 2735 3248 peccatis
2761 3180 2895 3234 olim
2926 3177 3147 3234 deditos
3171 3177 3406 3233 Abrahae
3434 3179 3610 3234 virtu-

2025 3278 2134 3324 tem
2179 3283 2305 3326 cum
2346 3270 2634 3335 vidissem,
2671 3284 2797 3325 eum
2843 3270 3118 3340 decerpsi,
3158 3278 3215 3337 et
3253 3285 3377 3324 cum
3409 3285 3475 3325 eo
3512 3284 3610 3340 pa-

2022 3368 2171 3415 ctum
2199 3360 2318 3428 inii,
2341 3360 2646 3431 eodemque
2664 3360 2829 3415 modo
2846 3376 2969 3415 cum
2998 3360 3123 3430 ejus
3147 3361 3258 3415 ﬁlio
3287 3368 3342 3416 et
3389 3369 3602 3430 nepote.

2023 3449 2130 3505 Sed
2186 3453 2279 3521 qui
2329 3451 2401 3507 ab
2450 3451 2560 3505 illis
2609 3451 2692 3507 sic
2727 3450 3079 3521 prodierunt,
3122 3450 3348 3506 minime
3384 3451 3605 3506 illorum

2022 3540 2222 3595 imitati
2259 3550 2391 3597 sunt
2439 3541 2721 3596 virtutem.
2768 3543 3032 3609 Quamvis
3071 3541 3218 3596 enim
3268 3556 3461 3598 recens
3506 3542 3607 3597 lia-

2020 3631 2185 3686 beant
2210 3632 2601 3687 beneﬁciorum
2635 3648 2882 3687 meorum
2915 3641 3349 3698 monumentum,
3392 3637 3409 3655 ‘
3439 3633 3608 3689 liben-

2023 3731 2213 3791 tatem,
2266 3725 2559 3781 servitutis
2608 3725 3012 3795 depulsionem,
3061 3725 3388 3796 multiplicia
3441 3723 3610 3798 Egy-

2022 3821 2262 3887 ptiorum
2310 3816 2550 3888 ﬂagella,
2601 3817 2929 3873 inusitatam
2981 3817 3154 3872 maris
3198 3816 3604 3888 traiectionem,

2020 3913 2236 3983 aliaque
2263 3915 2466 3984 quibus
2506 3913 2773 3969 illustrati
2820 3922 2969 3976 sunt,
3003 3912 3387 3983 Beelphegoris
3422 3921 3607 3969 tamen

2020 4004 2230 4057 cultum
2259 4005 2433 4058 cultui
2476 4020 2600 4059 meo
2625 4012 3087 4073 anteposuerunt,
3117 4005 3294 4059 solam
3322 4004 3607 4059 confusio-

2018 4109 2142 4149 nem
2181 4094 2310 4149 inde
2338 4097 2532 4149 nacti:
2575 4111 2683 4165 qua
2710 4098 2779 4150 de
2814 4109 3007 4161 causa,
3042 4098 3173 4151 olim
3207 4097 3393 4153 dilecti
3422 4105 3604 4163 erant,

2018 4183 2416 4239 abominabiles
2454 4185 2588 4240 lacti
2638 4193 2787 4239 sunt.

2088 4361 2255 4417 Vens.
2296 4360 2383 4417 11.
2423 4378 2444 4414 ι
2497 4361 2761 4432 Epiri-nim
2785 4363 2945 4434 quasi
2991 4364 3114 4419 avis
3158 4363 3416 4418 avolavit.
3453 4382 3473 4414 ι
3511 4363 3604 4418 Sic

2019 4453 2072 4507 in
2106 4456 2337 4508 alienam
2392 4463 2595 4509 terram
2628 4454 2814 4510 subito
2867 4454 3246 4511 traducentur.
3291 4454 3412 4510 Non
3453 4456 3603 4511 enim

2021 4546 2238 4602 virtutis
2286 4546 2461 4601 decus
2508 4544 2769 4617 diligunt,
2826 4547 2923 4604 sed
2985 4560 3334 4604 numerosam
3389 4546 3600 4617 prolem

2020 4640 2315 4695 maximam
2350 4641 2560 4696 ducunt
2596 4641 2854 4712 gloriam.

2097 4751 2114 4782 ι
2156 4732 2343 4787 Gloria
2386 4732 2558 4797 enim,
2625 4733 2829 4803 inquit,
2885 4733 3155 4801 ipsorum,
3200 4729 3256 4784 in
3303 4728 3599 4800 partubus,

2019 4823 2326 4893 puerperiis
2373 4832 2426 4878 et
2451 4823 2830 4892 conceptibus.
2857 4819 3044 4889 \Vsns.
3072 4818 3187 4887 12.)
3217 4817 3355 4885 Quia
3380 4816 3598 4873 etiamsi

1984 4911 1989 4916 ’
2018 4913 2386 4968 enutriveriut
2417 4913 2558 4968 ﬁlios
2583 4927 2734 4977 suos,
2763 4912 2886 4968 sine
2916 4910 3043 4965 ﬁliis
3071 4916 3234 4966 erunt
3259 4909 3331 4964 ab
3356 4908 3601 4963 homini-

2018 5003 2122 5058 bus
2150 5025 2162 5058 :
2196 5004 2326 5073 quia
2352 5012 2406 5059 et
2424 5018 2503 5058 va:
2529 5002 2610 5058 eis
2640 5011 2749 5068 est,
2780 5001 2907 5072 quia
2932 5000 3117 5056 dimisi
3144 5014 3262 5055 eos.
3296 5016 3317 5051 ι
3345 4996 3598 5064 Frustra,

2020 5094 2217 5163 inquit,
2253 5093 2552 5163 superbitis
2584 5092 2660 5147 ob
2683 5093 2983 5147 liberorum
3004 5089 3433 5145 multitudinem.
3461 5086 3600 5143 Nam

2017 5188 2236 5243 irruens
2268 5185 2444 5241 hostis
2473 5184 2666 5241 liberis
2691 5197 2789 5240 vos
2832 5182 3075 5248 orbabit,
3100 5197 3223 5237 cum
3255 5180 3600 5252 providentia

2018 5294 2137 5334 mea
2167 5278 2346 5335 orbati
2379 5276 2522 5333 sitis.
2561 5274 2660 5332 llis
2689 5274 2881 5345 adjicit
2913 5291 2928 5329 :
2986 5293 3006 5326 ι
3050 5271 3195 5328 Caro
3236 5287 3357 5329 mea
3388 5286 3458 5329 ex
3494 5271 3598 5337 eis,

1620 5543 1853 5601 VARUS
1890 5544 2298 5603 LEC'I‘IONES.

402 5633 449 5667 "'
475 5632 517 5689 C
551 5637 862 5709 γινομένας.
939 5636 984 5669 ⁸⁸
1020 5635 1101 5692 1b.
1127 5627 1331 5709 εὗρον.Δ
1384 5635 1922 5709 ¹⁹λσκοπεᾲίιᾲοολιοοο
1944 5646 1997 5694 et
2036 5636 2174 5709 Nah.
2202 5653 2286 5703 ιιι,
2329 5636 2420 5699 12,
2453 5633 2656 5709 σκοπὸς
2695 5634 2763 5691 de
2816 5633 3172 5709 fru_c_tu_ﬁcus
3199 5631 3454 5687 sumitur.
3489 5629 3597 5709 Alii

320 5701 707 5779 utroqueloco
745 5701 945 5779 babent
982 5701 1213 5779 καρπόνζ
1235 5777 1257 5779 λ
1289 5705 1337 5779 ’ξ
1368 5705 1748 5779 καὶ-τ-ὲρδελ.
1777 5705 1856 5761 Ita
1877 5709 2033 5763 Alex.
2061 5701 2363 5779 Inversum‘
2395 5706 2644 5779 ordinem
2669 5714 2845 5779 _ten_et
2896 5704 3094 5779 vatic._
3123 5701 3362 5779 Uterque
3404 5708 3599 5752 contra

322 5771 493 5847 Hebr:
569 5777 729 5847 “got.
759 5775 883 5847 Des.
923 5778 979 5834 in
1005 5771 1069 5835 CI
1147 5776 1192 5810 "
1219 5777 1261 5836 C
1282 5773 1449 5832 οὗτοι.
1531 5776 1578 5810 ⁸⁸
1609 5774 1746 5835 Rcc.
1778 5779 1903 5836 lect.
1936 5787 2022 5835 est
2053 5778 2251 5836 τόκων.
2327 5776 2374 5811 ³⁸
2411 5776 2460 5832 δ.
2492 5777 2591 5847 ἀφ.
2622 5776 2746 5831 αὐτ.
2777 5775 2902 5832 Haec
2935 5774 3054 5831 des.
3079 5772 3136 5828 in
3191 5771 3468 5843 plerisque
3498 5783 3596 5825 co-

324 5844 544 5903 dicibus
573 5845 679 5901 τῶν
708 5846 871 5905 LXX.
