  <div class='ocr_page' id='page_1' title='image "/cluster/home/n/w/nwhite01/storage/ocr_20150623/81:no.2/coo.31924054869825/809.png"; bbox 0 0 4088 6404; ppageno 0'>
   <div class='ocr_carea' id='block_1_1' title="bbox 539 384 679 452">
    <p class='ocr_par' dir='ltr' id='par_1_1' title="bbox 539 384 679 452">
     <span class='ocr_line' id='line_1_1' title="bbox 539 384 679 452; baseline 0 -2"><span class='ocrx_word' id='word_1_1' title='bbox 539 384 679 452; x_wconf 81' lang='lat' dir='ltr'><strong>i603</strong></span> 
     </span>
    </p>
   </div>
   <div class='ocr_carea' id='block_1_2' title="bbox 1531 374 2802 441">
    <p class='ocr_par' dir='ltr' id='par_1_2' title="bbox 1531 374 2802 441">
     <span class='ocr_line' id='line_1_2' title="bbox 1531 374 2802 441; baseline 0.002 -2"><span class='ocrx_word' id='word_1_2' title='bbox 1531 376 2020 439; x_wconf 83' lang='lat' dir='ltr'><strong>THEODORETI</strong></span> <span class='ocrx_word' id='word_1_3' title='bbox 2059 374 2398 437; x_wconf 80' lang='lat' dir='ltr'><strong>EPISCOPI</strong></span> <span class='ocrx_word' id='word_1_4' title='bbox 2437 378 2802 441; x_wconf 78' lang='lat' dir='ltr'><strong>CYRENSIS</strong></span> 
     </span>
    </p>
   </div>
   <div class='ocr_carea' id='block_1_3' title="bbox 3656 376 3795 443">
    <p class='ocr_par' dir='ltr' id='par_1_3' title="bbox 3656 376 3795 443">
     <span class='ocr_line' id='line_1_3' title="bbox 3656 376 3795 443; baseline 0.022 -3"><span class='ocrx_word' id='word_1_5' title='bbox 3656 376 3795 443; x_wconf 70' lang='grc'><strong>1604</strong></span> 
     </span>
    </p>
   </div>
   <div class='ocr_carea' id='block_1_4' title="bbox 537 488 2100 569">
    <p class='ocr_par' dir='ltr' id='par_1_4' title="bbox 537 488 2100 569">
     <span class='ocr_line' id='line_1_4' title="bbox 537 488 2100 569; baseline -0.01 -14"><span class='ocrx_word' id='word_1_6' title='bbox 537 498 814 569; x_wconf 85' lang='lat' dir='ltr'><strong>Ephraim.</strong></span> <span class='ocrx_word' id='word_1_7' title='bbox 872 514 891 548; x_wconf 78' lang='grc' dir='ltr'>ι</span> <span class='ocrx_word' id='word_1_8' title='bbox 955 494 1334 550; x_wconf 88' lang='lat' dir='ltr'><strong>Verumtamen</strong></span> <span class='ocrx_word' id='word_1_9' title='bbox 1406 506 1513 545; x_wconf 93' lang='lat' dir='ltr'><strong>non</strong></span> <span class='ocrx_word' id='word_1_10' title='bbox 1574 490 1845 552; x_wconf 81' lang='lat' dir='ltr'><strong>lunditus,</strong></span> <span class='ocrx_word' id='word_1_11' title='bbox 1904 488 2100 558; x_wconf 82' lang='lat' dir='ltr'><strong>inquit,</strong></span> 
     </span>
    </p>
   </div>
   <div class='ocr_carea' id='block_1_5' title="bbox 2204 488 3791 569">
    <p class='ocr_par' dir='ltr' id='par_1_5' title="bbox 2210 489 3791 562">
     <span class='ocr_line' id='line_1_5' title="bbox 2210 489 3791 562; baseline 0.004 -22"><span class='ocrx_word' id='word_1_12' title='bbox 2210 489 2383 543; x_wconf 82' lang='grc' dir='ltr'>νεσθε.</span> <span class='ocrx_word' id='word_1_13' title='bbox 2454 489 2674 555; x_wconf 82' lang='grc' dir='ltr'><strong>Τούτοις</strong></span> <span class='ocrx_word' id='word_1_14' title='bbox 2736 492 2931 558; x_wconf 78' lang='grc' dir='ltr'>ἐπάγει</span> <span class='ocrx_word' id='word_1_15' title='bbox 2982 507 2995 520; x_wconf 70' lang='grc'><strong><em>⁸</em></strong></span> <span class='ocrx_word' id='word_1_16' title='bbox 3034 508 3054 541; x_wconf 73' lang='lat' dir='ltr'><strong>c</strong></span> <span class='ocrx_word' id='word_1_17' title='bbox 3101 489 3245 562; x_wconf 74' lang='grc' dir='ltr'>Σάρξ</span> <span class='ocrx_word' id='word_1_18' title='bbox 3310 508 3412 561; x_wconf 79' lang='grc' dir='ltr'><strong>μου</strong></span> <span class='ocrx_word' id='word_1_19' title='bbox 3481 490 3543 555; x_wconf 77' lang='grc' dir='ltr'><strong>ἐξ</strong></span> <span class='ocrx_word' id='word_1_20' title='bbox 3609 491 3791 546; x_wconf 67' lang='grc' dir='ltr'>αὐτῶν</span> 
     </span>
    </p>
   </div>
   <div class='ocr_carea' id='block_1_6' title="bbox 535 582 2107 658">
    <p class='ocr_par' dir='ltr' id='par_1_6' title="bbox 535 582 2107 658">
     <span class='ocr_line' id='line_1_6' title="bbox 535 582 2107 658; baseline -0.004 -16"><span class='ocrx_word' id='word_1_21' title='bbox 535 587 803 658; x_wconf 72' lang='lat' dir='ltr'><strong>pel-ibitis,</strong></span> <span class='ocrx_word' id='word_1_22' title='bbox 839 600 1011 654; x_wconf 90' lang='lat' dir='ltr'><strong>usque</strong></span> <span class='ocrx_word' id='word_1_23' title='bbox 1040 585 1167 645; x_wconf 85' lang='lat' dir='ltr'><strong>dum</strong></span> <span class='ocrx_word' id='word_1_24' title='bbox 1214 598 1280 636; x_wconf 72' lang='lat' dir='ltr'><strong>ex</strong></span> <span class='ocrx_word' id='word_1_25' title='bbox 1311 582 1467 636; x_wconf 80' lang='lat' dir='ltr'><strong>vobis</strong></span> <span class='ocrx_word' id='word_1_26' title='bbox 1513 595 1812 649; x_wconf 83' lang='lat' dir='ltr'><strong>suscepere</strong></span> <span class='ocrx_word' id='word_1_27' title='bbox 1859 595 2107 635; x_wconf 85' lang='lat' dir='ltr'><strong>carnem.</strong></span> 
     </span>
    </p>
   </div>
   <div class='ocr_carea' id='block_1_7' title="bbox 537 666 2111 744">
    <p class='ocr_par' dir='ltr' id='par_1_7' title="bbox 537 666 2111 744">
     <span class='ocr_line' id='line_1_7' title="bbox 537 666 2111 744; baseline 0.001 -20"><span class='ocrx_word' id='word_1_28' title='bbox 537 674 653 729; x_wconf 82' lang='lat' dir='ltr'><strong>lioc</strong></span> <span class='ocrx_word' id='word_1_29' title='bbox 709 674 923 744; x_wconf 88' lang='lat' dir='ltr'><strong>planius</strong></span> <span class='ocrx_word' id='word_1_30' title='bbox 986 686 1085 726; x_wconf 82' lang='lat' dir='ltr'><strong>nus</strong></span> <span class='ocrx_word' id='word_1_31' title='bbox 1138 670 1299 724; x_wconf 89' lang='lat' dir='ltr'><strong>docet</strong></span> <span class='ocrx_word' id='word_1_32' title='bbox 1346 670 1570 723; x_wconf 88' lang='lat' dir='ltr'><strong>divinus</strong></span> <span class='ocrx_word' id='word_1_33' title='bbox 1630 666 1833 724; x_wconf 83' lang='lat' dir='ltr'><strong>Paulus</strong></span> <span class='ocrx_word' id='word_1_34' title='bbox 1902 668 2111 739; x_wconf 80' lang='lat'><strong>1355</strong></span> 
     </span>
    </p>
   </div>
   <div class='ocr_carea' id='block_1_8' title="bbox 532 761 2111 833">
    <p class='ocr_par' dir='ltr' id='par_1_8' title="bbox 532 761 2111 833">
     <span class='ocr_line' id='line_1_8' title="bbox 532 761 2111 833; baseline -0.003 -13"><span class='ocrx_word' id='word_1_35' title='bbox 532 766 619 821; x_wconf 87' lang='lat' dir='ltr'><strong>his</strong></span> <span class='ocrx_word' id='word_1_36' title='bbox 646 765 825 819; x_wconf 82' lang='lat' dir='ltr'><strong>verbis</strong></span> <span class='ocrx_word' id='word_1_37' title='bbox 860 782 873 818; x_wconf 88' lang='lat'><strong>:</strong></span> <span class='ocrx_word' id='word_1_38' title='bbox 920 780 940 814; x_wconf 79' lang='grc' dir='ltr'><strong>ι</strong></span> <span class='ocrx_word' id='word_1_39' title='bbox 973 761 1093 815; x_wconf 85' lang='lat' dir='ltr'><strong>Non</strong></span> <span class='ocrx_word' id='word_1_40' title='bbox 1131 762 1282 816; x_wconf 89' lang='lat' dir='ltr'><strong>enim</strong></span> <span class='ocrx_word' id='word_1_41' title='bbox 1329 762 1556 833; x_wconf 78' lang='lat' dir='ltr'><strong>angelos</strong></span> <span class='ocrx_word' id='word_1_42' title='bbox 1594 762 1856 826; x_wconf 89' lang='lat' dir='ltr'><strong>assumit,</strong></span> <span class='ocrx_word' id='word_1_43' title='bbox 1887 761 1983 816; x_wconf 84' lang='lat' dir='ltr'><strong>sed</strong></span> <span class='ocrx_word' id='word_1_44' title='bbox 2024 776 2111 816; x_wconf 86' lang='lat' dir='ltr'><strong>se-</strong></span> 
     </span>
    </p>
   </div>
   <div class='ocr_carea' id='block_1_9' title="bbox 531 853 2112 924">
    <p class='ocr_par' dir='ltr' id='par_1_9' title="bbox 531 853 2112 924">
     <span class='ocr_line' id='line_1_9' title="bbox 531 853 2112 924; baseline -0.003 -13"><span class='ocrx_word' id='word_1_45' title='bbox 531 872 657 911; x_wconf 91' lang='lat' dir='ltr'><strong>men</strong></span> <span class='ocrx_word' id='word_1_46' title='bbox 699 855 933 910; x_wconf 63' lang='lat' dir='ltr'><strong>Abrahae</strong></span> <span class='ocrx_word' id='word_1_47' title='bbox 985 855 1348 924; x_wconf 84' lang='lat' dir='ltr'><strong>apprehendit</strong></span> <span class='ocrx_word' id='word_1_48' title='bbox 1401 866 1452 908; x_wconf 76' lang='grc' dir='ltr'><strong>ιι.</strong></span> <span class='ocrx_word' id='word_1_49' title='bbox 1498 872 1518 905; x_wconf 74' lang='grc' dir='ltr'>ι</span> <span class='ocrx_word' id='word_1_50' title='bbox 1578 853 1759 908; x_wconf 86' lang='lat' dir='ltr'><strong>item:</strong></span> <span class='ocrx_word' id='word_1_51' title='bbox 1822 873 1841 905; x_wconf 76' lang='grc' dir='ltr'><strong>ι</strong></span> <span class='ocrx_word' id='word_1_52' title='bbox 1877 853 2112 906; x_wconf 74' lang='lat' dir='ltr'><strong>Abrahze</strong></span> 
     </span>
    </p>
   </div>
   <div class='ocr_carea' id='block_1_10' title="bbox 530 940 2106 1013">
    <p class='ocr_par' dir='ltr' id='par_1_10' title="bbox 530 940 2106 1013">
     <span class='ocr_line' id='line_1_10' title="bbox 530 940 2106 1013; baseline -0.001 -16"><span class='ocrx_word' id='word_1_53' title='bbox 530 945 690 998; x_wconf 71' lang='lat' dir='ltr'><strong>dicta:</strong></span> <span class='ocrx_word' id='word_1_54' title='bbox 712 951 839 997; x_wconf 88' lang='lat' dir='ltr'><strong>sunt</strong></span> <span class='ocrx_word' id='word_1_55' title='bbox 863 942 1282 1013; x_wconf 81' lang='lat' dir='ltr'><strong>promissiones,</strong></span> <span class='ocrx_word' id='word_1_56' title='bbox 1301 950 1355 997; x_wconf 91' lang='lat' dir='ltr'><strong>et</strong></span> <span class='ocrx_word' id='word_1_57' title='bbox 1384 943 1580 997; x_wconf 86' lang='lat' dir='ltr'><strong>semini</strong></span> <span class='ocrx_word' id='word_1_58' title='bbox 1610 941 1756 1012; x_wconf 87' lang='lat' dir='ltr'><strong>ejus.</strong></span> <span class='ocrx_word' id='word_1_59' title='bbox 1781 940 1899 996; x_wconf 83' lang='lat' dir='ltr'><strong>Non</strong></span> <span class='ocrx_word' id='word_1_60' title='bbox 1922 942 2058 996; x_wconf 86' lang='lat' dir='ltr'><strong>dicit</strong></span> <span class='ocrx_word' id='word_1_61' title='bbox 2091 959 2106 995; x_wconf 89' lang='lat'><strong>:</strong></span> 
     </span>
    </p>
   </div>
   <div class='ocr_carea' id='block_1_11' title="bbox 531 1033 2106 1102">
    <p class='ocr_par' dir='ltr' id='par_1_11' title="bbox 531 1033 2106 1102">
     <span class='ocr_line' id='line_1_11' title="bbox 531 1033 2106 1102; baseline -0.001 -15"><span class='ocrx_word' id='word_1_62' title='bbox 531 1034 599 1087; x_wconf 89' lang='lat' dir='ltr'><strong>Et</strong></span> <span class='ocrx_word' id='word_1_63' title='bbox 627 1033 957 1096; x_wconf 87' lang='lat' dir='ltr'><strong>seminibus,</strong></span> <span class='ocrx_word' id='word_1_64' title='bbox 988 1034 1149 1102; x_wconf 88' lang='lat' dir='ltr'><strong>quasi</strong></span> <span class='ocrx_word' id='word_1_65' title='bbox 1186 1034 1242 1086; x_wconf 90' lang='lat' dir='ltr'><strong>in</strong></span> <span class='ocrx_word' id='word_1_66' title='bbox 1268 1033 1458 1088; x_wconf 89' lang='lat' dir='ltr'><strong>multis</strong></span> <span class='ocrx_word' id='word_1_67' title='bbox 1482 1073 1498 1095; x_wconf 88' lang='lat'><strong>.</strong></span> <span class='ocrx_word' id='word_1_68' title='bbox 1544 1034 1639 1088; x_wconf 87' lang='lat' dir='ltr'><strong>sed</strong></span> <span class='ocrx_word' id='word_1_69' title='bbox 1674 1034 1834 1100; x_wconf 87' lang='lat' dir='ltr'><strong>quasi</strong></span> <span class='ocrx_word' id='word_1_70' title='bbox 1873 1033 1926 1086; x_wconf 92' lang='lat' dir='ltr'><strong>in</strong></span> <span class='ocrx_word' id='word_1_71' title='bbox 1958 1049 2106 1087; x_wconf 88' lang='lat' dir='ltr'><strong>uno:</strong></span> 
     </span>
    </p>
   </div>
   <div class='ocr_carea' id='block_1_12' title="bbox 534 1122 2109 1192">
    <p class='ocr_par' dir='ltr' id='par_1_12' title="bbox 534 1122 2109 1192">
     <span class='ocr_line' id='line_1_12' title="bbox 534 1122 2109 1192; baseline 0 -17"><span class='ocrx_word' id='word_1_72' title='bbox 534 1142 555 1175; x_wconf 75' lang='grc' dir='ltr'><strong>ι</strong></span> <span class='ocrx_word' id='word_1_73' title='bbox 595 1124 658 1178; x_wconf 84' lang='lat' dir='ltr'><strong>Et</strong></span> <span class='ocrx_word' id='word_1_74' title='bbox 684 1124 881 1178; x_wconf 85' lang='lat' dir='ltr'><strong>semini</strong></span> <span class='ocrx_word' id='word_1_75' title='bbox 923 1130 1039 1187; x_wconf 89' lang='lat' dir='ltr'><strong>tuo,</strong></span> <span class='ocrx_word' id='word_1_76' title='bbox 1059 1124 1256 1192; x_wconf 83' lang='lat' dir='ltr'><strong>quiest</strong></span> <span class='ocrx_word' id='word_1_77' title='bbox 1270 1123 1521 1177; x_wconf 80' lang='lat' dir='ltr'><strong>Christus</strong></span> <span class='ocrx_word' id='word_1_78' title='bbox 1548 1132 1598 1175; x_wconf 72' lang='grc' dir='ltr'><strong>ν.</strong></span> <span class='ocrx_word' id='word_1_79' title='bbox 1631 1140 1651 1173; x_wconf 74' lang='grc' dir='ltr'>ι</span> <span class='ocrx_word' id='word_1_80' title='bbox 1684 1124 1751 1176; x_wconf 85' lang='lat' dir='ltr'><strong>Et</strong></span> <span class='ocrx_word' id='word_1_81' title='bbox 1781 1122 1907 1177; x_wconf 85' lang='lat' dir='ltr'><strong>alibi</strong></span> <span class='ocrx_word' id='word_1_82' title='bbox 1936 1141 1949 1176; x_wconf 90' lang='lat'><strong>:</strong></span> <span class='ocrx_word' id='word_1_83' title='bbox 1980 1141 1998 1173; x_wconf 78' lang='grc' dir='ltr'><strong>ι</strong></span> <span class='ocrx_word' id='word_1_84' title='bbox 2029 1123 2109 1176; x_wconf 79' lang='lat' dir='ltr'><strong>Ex</strong></span> 
     </span>
    </p>
   </div>
   <div class='ocr_carea' id='block_1_13' title="bbox 527 1213 2110 1284">
    <p class='ocr_par' dir='ltr' id='par_1_13' title="bbox 527 1213 2110 1284">
     <span class='ocr_line' id='line_1_13' title="bbox 527 1213 2110 1284; baseline -0.001 -17"><span class='ocrx_word' id='word_1_85' title='bbox 527 1217 731 1284; x_wconf 85' lang='lat' dir='ltr'><strong>quibus</strong></span> <span class='ocrx_word' id='word_1_86' title='bbox 779 1224 868 1269; x_wconf 92' lang='lat' dir='ltr'><strong>est</strong></span> <span class='ocrx_word' id='word_1_87' title='bbox 920 1215 1177 1269; x_wconf 85' lang='lat' dir='ltr'><strong>Christus</strong></span> <span class='ocrx_word' id='word_1_88' title='bbox 1233 1215 1538 1268; x_wconf 91' lang='lat' dir='ltr'><strong>secundum</strong></span> <span class='ocrx_word' id='word_1_89' title='bbox 1591 1228 1840 1276; x_wconf 83' lang='lat' dir='ltr'><strong>carnem.</strong></span> <span class='ocrx_word' id='word_1_90' title='bbox 1879 1213 1974 1283; x_wconf 84' lang='lat' dir='ltr'><strong>qui</strong></span> <span class='ocrx_word' id='word_1_91' title='bbox 2026 1221 2110 1268; x_wconf 89' lang='lat' dir='ltr'><strong>est</strong></span> 
     </span>
    </p>
   </div>
   <div class='ocr_carea' id='block_1_14' title="bbox 529 1303 2107 1373">
    <p class='ocr_par' dir='ltr' id='par_1_14' title="bbox 529 1303 2107 1373">
     <span class='ocr_line' id='line_1_14' title="bbox 529 1303 2107 1373; baseline -0.002 -13"><span class='ocrx_word' id='word_1_92' title='bbox 529 1320 700 1373; x_wconf 87' lang='lat' dir='ltr'><strong>supra</strong></span> <span class='ocrx_word' id='word_1_93' title='bbox 730 1305 917 1359; x_wconf 83' lang='lat' dir='ltr'><strong>omnia</strong></span> <span class='ocrx_word' id='word_1_94' title='bbox 946 1304 1090 1359; x_wconf 82' lang='lat' dir='ltr'><strong>Deus</strong></span> <span class='ocrx_word' id='word_1_95' title='bbox 1126 1314 1174 1357; x_wconf 76' lang='grc'><strong>³.</strong></span> <span class='ocrx_word' id='word_1_96' title='bbox 1217 1324 1235 1357; x_wconf 77' lang='grc' dir='ltr'>ι</span> <span class='ocrx_word' id='word_1_97' title='bbox 1272 1304 1421 1358; x_wconf 83' lang='lat' dir='ltr'><strong>Mille</strong></span> <span class='ocrx_word' id='word_1_98' title='bbox 1461 1304 1570 1358; x_wconf 88' lang='lat' dir='ltr'><strong>alia</strong></span> <span class='ocrx_word' id='word_1_99' title='bbox 1602 1305 1846 1358; x_wconf 86' lang='lat' dir='ltr'><strong>invenire</strong></span> <span class='ocrx_word' id='word_1_100' title='bbox 1884 1303 2014 1358; x_wconf 88' lang='lat' dir='ltr'><strong>licet</strong></span> <span class='ocrx_word' id='word_1_101' title='bbox 2052 1304 2107 1357; x_wconf 91' lang='lat' dir='ltr'><strong>in</strong></span> 
     </span>
    </p>
   </div>
   <div class='ocr_carea' id='block_1_15' title="bbox 531 1391 2108 1462">
    <p class='ocr_par' dir='ltr' id='par_1_15' title="bbox 531 1391 2108 1462">
     <span class='ocr_line' id='line_1_15' title="bbox 531 1391 2108 1462; baseline -0.003 -13"><span class='ocrx_word' id='word_1_102' title='bbox 531 1408 690 1449; x_wconf 86' lang='lat' dir='ltr'><strong>sacra</strong></span> <span class='ocrx_word' id='word_1_103' title='bbox 737 1392 1048 1462; x_wconf 83' lang='lat' dir='ltr'><strong>Scriptura.</strong></span> <span class='ocrx_word' id='word_1_104' title='bbox 1096 1393 1365 1458; x_wconf 78' lang='lat' dir='ltr'><strong>Quoniam</strong></span> <span class='ocrx_word' id='word_1_105' title='bbox 1417 1391 1588 1462; x_wconf 79' lang='lat' dir='ltr'><strong>igitur</strong></span> <span class='ocrx_word' id='word_1_106' title='bbox 1630 1405 1760 1445; x_wconf 89' lang='lat' dir='ltr'><strong>caro</strong></span> <span class='ocrx_word' id='word_1_107' title='bbox 1812 1405 1964 1455; x_wconf 84' lang='lat' dir='ltr'><strong>mea,</strong></span> <span class='ocrx_word' id='word_1_108' title='bbox 2021 1391 2108 1444; x_wconf 88' lang='lat' dir='ltr'><strong>in-</strong></span> 
     </span>
    </p>
   </div>
   <div class='ocr_carea' id='block_1_16' title="bbox 529 1482 2105 1556">
    <p class='ocr_par' dir='ltr' id='par_1_16' title="bbox 529 1482 2105 1556">
     <span class='ocr_line' id='line_1_16' title="bbox 529 1482 2105 1556; baseline -0.002 -18"><span class='ocrx_word' id='word_1_109' title='bbox 529 1485 672 1556; x_wconf 84' lang='lat' dir='ltr'><strong>quit,</strong></span> <span class='ocrx_word' id='word_1_110' title='bbox 726 1500 890 1554; x_wconf 86' lang='lat' dir='ltr'><strong>quam</strong></span> <span class='ocrx_word' id='word_1_111' title='bbox 957 1492 1277 1554; x_wconf 87' lang='lat' dir='ltr'><strong>sumpturus</strong></span> <span class='ocrx_word' id='word_1_112' title='bbox 1336 1498 1485 1546; x_wconf 88' lang='lat' dir='ltr'><strong>sum,</strong></span> <span class='ocrx_word' id='word_1_113' title='bbox 1535 1498 1603 1537; x_wconf 78' lang='lat' dir='ltr'><strong>ex</strong></span> <span class='ocrx_word' id='word_1_114' title='bbox 1650 1482 1786 1551; x_wconf 85' lang='lat' dir='ltr'><strong>ipsis</strong></span> <span class='ocrx_word' id='word_1_115' title='bbox 1837 1490 1945 1546; x_wconf 88' lang='lat' dir='ltr'><strong>est,</strong></span> <span class='ocrx_word' id='word_1_116' title='bbox 1997 1498 2105 1535; x_wconf 88' lang='lat' dir='ltr'><strong>non</strong></span> 
     </span>
    </p>
   </div>
   <div class='ocr_carea' id='block_1_17' title="bbox 531 1572 2107 1647">
    <p class='ocr_par' dir='ltr' id='par_1_17' title="bbox 531 1572 2107 1647">
     <span class='ocr_line' id='line_1_17' title="bbox 531 1572 2107 1647; baseline -0.003 -18"><span class='ocrx_word' id='word_1_117' title='bbox 531 1592 760 1647; x_wconf 86' lang='lat' dir='ltr'><strong>prorsus</strong></span> <span class='ocrx_word' id='word_1_118' title='bbox 797 1590 892 1630; x_wconf 87' lang='lat' dir='ltr'><strong>eos</strong></span> <span class='ocrx_word' id='word_1_119' title='bbox 929 1575 1200 1637; x_wconf 88' lang='lat' dir='ltr'><strong>deseram,</strong></span> <span class='ocrx_word' id='word_1_120' title='bbox 1240 1572 1416 1627; x_wconf 86' lang='lat' dir='ltr'><strong>donec</strong></span> <span class='ocrx_word' id='word_1_121' title='bbox 1475 1587 1598 1628; x_wconf 88' lang='lat' dir='ltr'><strong>eam</strong></span> <span class='ocrx_word' id='word_1_122' title='bbox 1674 1587 1993 1642; x_wconf 83' lang='lat' dir='ltr'><strong>suscepere,</strong></span> <span class='ocrx_word' id='word_1_123' title='bbox 2051 1579 2107 1626; x_wconf 89' lang='lat' dir='ltr'><strong>et</strong></span> 
     </span>
    </p>
   </div>
   <div class='ocr_carea' id='block_1_18' title="bbox 528 1663 2106 1735">
    <p class='ocr_par' dir='ltr' id='par_1_18' title="bbox 528 1663 2106 1735">
     <span class='ocr_line' id='line_1_18' title="bbox 528 1663 2106 1735; baseline -0.003 -14"><span class='ocrx_word' id='word_1_124' title='bbox 528 1668 800 1722; x_wconf 81' lang='lat' dir='ltr'><strong>vocationi</strong></span> <span class='ocrx_word' id='word_1_125' title='bbox 875 1666 1191 1721; x_wconf 87' lang='lat' dir='ltr'><strong>obedientes</strong></span> <span class='ocrx_word' id='word_1_126' title='bbox 1255 1664 1540 1735; x_wconf 81' lang='lat' dir='ltr'><strong>delegero.</strong></span> <span class='ocrx_word' id='word_1_127' title='bbox 1607 1663 1724 1718; x_wconf 81' lang='lat' dir='ltr'><strong>Hoc</strong></span> <span class='ocrx_word' id='word_1_128' title='bbox 1779 1666 1945 1719; x_wconf 88' lang='lat' dir='ltr'><strong>etiam</strong></span> <span class='ocrx_word' id='word_1_129' title='bbox 2011 1677 2106 1733; x_wconf 85' lang='lat' dir='ltr'><strong>per</strong></span> 
     </span>
    </p>
   </div>
   <div class='ocr_carea' id='block_1_19' title="bbox 529 1754 2102 1827">
    <p class='ocr_par' dir='ltr' id='par_1_19' title="bbox 529 1754 2102 1827">
     <span class='ocr_line' id='line_1_19' title="bbox 529 1754 2102 1827; baseline -0.001 -17"><span class='ocrx_word' id='word_1_130' title='bbox 529 1757 721 1813; x_wconf 84' lang='lat' dir='ltr'><strong>Isaiam</strong></span> <span class='ocrx_word' id='word_1_131' title='bbox 771 1757 1090 1827; x_wconf 84' lang='lat' dir='ltr'><strong>prophetam</strong></span> <span class='ocrx_word' id='word_1_132' title='bbox 1140 1762 1420 1810; x_wconf 82' lang='lat' dir='ltr'><strong>testatur:</strong></span> <span class='ocrx_word' id='word_1_133' title='bbox 1472 1772 1492 1806; x_wconf 72' lang='grc' dir='ltr'><strong>ι</strong></span> <span class='ocrx_word' id='word_1_134' title='bbox 1540 1754 1828 1820; x_wconf 87' lang='lat' dir='ltr'><strong>Quomodo</strong></span> <span class='ocrx_word' id='word_1_135' title='bbox 1867 1754 1916 1809; x_wconf 89' lang='lat' dir='ltr'><strong>si</strong></span> <span class='ocrx_word' id='word_1_136' title='bbox 1952 1755 2102 1808; x_wconf 85' lang='lat' dir='ltr'><strong>inve-</strong></span> 
     </span>
    </p>
   </div>
   <div class='ocr_carea' id='block_1_20' title="bbox 2225 577 3795 650">
    <p class='ocr_par' dir='ltr' id='par_1_20' title="bbox 2225 577 3795 650">
     <span class='ocr_line' id='line_1_20' title="bbox 2225 577 3795 650; baseline -0.009 -3"><span class='ocrx_word' id='word_1_137' title='bbox 2225 577 2483 648; x_wconf 71' lang='grc' dir='ltr'><strong>Ἐφραῒμς</strong></span> <span class='ocrx_word' id='word_1_138' title='bbox 2519 597 2538 628; x_wconf 73' lang='grc' dir='ltr'><strong><em>ι</em></strong></span> <span class='ocrx_word' id='word_1_139' title='bbox 2591 579 2729 631; x_wconf 81' lang='grc' dir='ltr'>Ἀλλ’</span> <span class='ocrx_word' id='word_1_140' title='bbox 2770 579 2920 648; x_wconf 84' lang='grc' dir='ltr'>ὅμως</span> <span class='ocrx_word' id='word_1_141' title='bbox 2949 580 3010 632; x_wconf 80' lang='grc' dir='ltr'><strong>οὐ</strong></span> <span class='ocrx_word' id='word_1_142' title='bbox 3060 578 3318 649; x_wconf 78' lang='grc' dir='ltr'><strong>παντελῆ,</strong></span> <span class='ocrx_word' id='word_1_143' title='bbox 3350 582 3514 650; x_wconf 71' lang='grc' dir='ltr'>φησὶ,</span> <span class='ocrx_word' id='word_1_144' title='bbox 3548 581 3795 634; x_wconf 80' lang='grc' dir='ltr'>πανωλε-</span> 
     </span>
    </p>
   </div>
   <div class='ocr_carea' id='block_1_21' title="bbox 2213 666 3798 740">
    <p class='ocr_par' dir='ltr' id='par_1_21' title="bbox 2213 666 3798 740">
     <span class='ocr_line' id='line_1_21' title="bbox 2213 666 3798 740; baseline 0.001 -21"><span class='ocrx_word' id='word_1_145' title='bbox 2213 666 2368 735; x_wconf 85' lang='grc' dir='ltr'>θρίαν</span> <span class='ocrx_word' id='word_1_146' title='bbox 2413 669 2729 737; x_wconf 80' lang='grc' dir='ltr'>ὑπομενεῖτε</span> <span class='ocrx_word' id='word_1_147' title='bbox 2760 707 2775 731; x_wconf 92' lang='grc'><strong>,</strong></span> <span class='ocrx_word' id='word_1_148' title='bbox 2808 669 2911 732; x_wconf 79' lang='grc' dir='ltr'><strong>ἐως</strong></span> <span class='ocrx_word' id='word_1_149' title='bbox 2965 669 3031 722; x_wconf 86' lang='grc' dir='ltr'>ἀν</span> <span class='ocrx_word' id='word_1_150' title='bbox 3084 669 3182 740; x_wconf 77' lang='grc' dir='ltr'><strong>τὴν</strong></span> <span class='ocrx_word' id='word_1_151' title='bbox 3245 670 3304 735; x_wconf 77' lang='grc' dir='ltr'><strong>ἐξ</strong></span> <span class='ocrx_word' id='word_1_152' title='bbox 3342 669 3496 739; x_wconf 80' lang='grc' dir='ltr'>ὑμῶν</span> <span class='ocrx_word' id='word_1_153' title='bbox 3539 671 3798 724; x_wconf 73' lang='grc' dir='ltr'>ἀναλάϐω</span> 
     </span>
    </p>
   </div>
   <div class='ocr_carea' id='block_1_22' title="bbox 2213 758 3797 830">
    <p class='ocr_par' dir='ltr' id='par_1_22' title="bbox 2213 758 3797 830">
     <span class='ocr_line' id='line_1_22' title="bbox 2213 758 3797 830; baseline 0.003 -21"><span class='ocrx_word' id='word_1_154' title='bbox 2213 758 2409 828; x_wconf 85' lang='grc' dir='ltr'>σάρκα.</span> <span class='ocrx_word' id='word_1_155' title='bbox 2437 758 2605 812; x_wconf 81' lang='grc' dir='ltr'>Τοῦτο</span> <span class='ocrx_word' id='word_1_156' title='bbox 2630 758 2688 811; x_wconf 85' lang='grc' dir='ltr'><strong>δέ</strong></span> <span class='ocrx_word' id='word_1_157' title='bbox 2728 760 3061 830; x_wconf 78' lang='grc' dir='ltr'>σαφέστερον</span> <span class='ocrx_word' id='word_1_158' title='bbox 3113 762 3259 829; x_wconf 79' lang='grc' dir='ltr'>ἡμᾶς</span> <span class='ocrx_word' id='word_1_159' title='bbox 3288 759 3531 813; x_wconf 80' lang='grc' dir='ltr'>δ.δάσκει</span> <span class='ocrx_word' id='word_1_160' title='bbox 3580 761 3797 825; x_wconf 79' lang='grc' dir='ltr'><strong>Παῦλος</strong></span> 
     </span>
    </p>
   </div>
   <div class='ocr_carea' id='block_1_23' title="bbox 2211 849 3795 922">
    <p class='ocr_par' dir='ltr' id='par_1_23' title="bbox 2211 849 3795 922">
     <span class='ocr_line' id='line_1_23' title="bbox 2211 849 3795 922; baseline 0.003 -22"><span class='ocrx_word' id='word_1_161' title='bbox 2211 850 2241 901; x_wconf 83' lang='grc' dir='ltr'><strong><em>ὁ</em></strong></span> <span class='ocrx_word' id='word_1_162' title='bbox 2269 849 2552 912; x_wconf 80' lang='grc' dir='ltr'><strong>θεσπέσιος</strong></span> <span class='ocrx_word' id='word_1_163' title='bbox 2575 890 2589 913; x_wconf 89' lang='grc'><strong>,</strong></span> <span class='ocrx_word' id='word_1_164' title='bbox 2622 850 2796 919; x_wconf 73' lang='grc' dir='ltr'>λέγων</span> <span class='ocrx_word' id='word_1_165' title='bbox 2842 870 2857 884; x_wconf 88' lang='grc'><strong>·</strong></span> <span class='ocrx_word' id='word_1_166' title='bbox 2893 868 2912 902; x_wconf 78' lang='lat' dir='ltr'><strong>t</strong></span> <span class='ocrx_word' id='word_1_167' title='bbox 2947 852 3020 904; x_wconf 76' lang='grc' dir='ltr'><strong>Οὐ</strong></span> <span class='ocrx_word' id='word_1_168' title='bbox 3084 851 3191 921; x_wconf 89' lang='grc' dir='ltr'>γάρ</span> <span class='ocrx_word' id='word_1_169' title='bbox 3237 850 3489 919; x_wconf 85' lang='grc' dir='ltr'>ἀγγέλων</span> <span class='ocrx_word' id='word_1_170' title='bbox 3548 853 3795 922; x_wconf 84' lang='grc' dir='ltr'>ἐπιλαμ-</span> 
     </span>
    </p>
   </div>
   <div class='ocr_carea' id='block_1_24' title="bbox 2212 938 3789 1013">
    <p class='ocr_par' dir='ltr' id='par_1_24' title="bbox 2212 938 3789 1013">
     <span class='ocr_line' id='line_1_24' title="bbox 2212 938 3789 1013; baseline 0.004 -23"><span class='ocrx_word' id='word_1_171' title='bbox 2212 938 2451 1003; x_wconf 76' lang='grc' dir='ltr'>ϐάνεται,</span> <span class='ocrx_word' id='word_1_172' title='bbox 2480 939 2616 994; x_wconf 84' lang='grc' dir='ltr'><strong>ἀλλά</strong></span> <span class='ocrx_word' id='word_1_173' title='bbox 2656 942 2969 1012; x_wconf 81' lang='grc' dir='ltr'>σπέρματος</span> <span class='ocrx_word' id='word_1_174' title='bbox 2999 941 3255 1013; x_wconf 76' lang='grc' dir='ltr'>Ἀϐραὰμ</span> <span class='ocrx_word' id='word_1_175' title='bbox 3289 943 3740 1013; x_wconf 55' lang='grc' dir='ltr'>ἐπιλαμβάνεται.</span> <span class='ocrx_word' id='word_1_176' title='bbox 3770 963 3789 996; x_wconf 73' lang='grc' dir='ltr'>ι</span> 
     </span>
    </p>
   </div>
   <div class='ocr_carea' id='block_1_25' title="bbox 2211 1031 3797 1105">
    <p class='ocr_par' dir='ltr' id='par_1_25' title="bbox 2211 1031 3797 1105">
     <span class='ocr_line' id='line_1_25' title="bbox 2211 1031 3797 1105; baseline 0.003 -23"><span class='ocrx_word' id='word_1_177' title='bbox 2211 1031 2321 1083; x_wconf 72' lang='grc' dir='ltr'><strong>Καὶ</strong></span> <span class='ocrx_word' id='word_1_178' title='bbox 2380 1031 2541 1084; x_wconf 85' lang='grc' dir='ltr'>πάλιν</span> <span class='ocrx_word' id='word_1_179' title='bbox 2574 1049 2587 1063; x_wconf 93' lang='grc'><strong>·</strong></span> <span class='ocrx_word' id='word_1_180' title='bbox 2631 1051 2651 1085; x_wconf 73' lang='grc' dir='ltr'><strong>ι</strong></span> <span class='ocrx_word' id='word_1_181' title='bbox 2703 1033 2793 1103; x_wconf 82' lang='grc' dir='ltr'><strong>Τῷ</strong></span> <span class='ocrx_word' id='word_1_182' title='bbox 2838 1034 2895 1086; x_wconf 81' lang='grc' dir='ltr'><strong>δέ</strong></span> <span class='ocrx_word' id='word_1_183' title='bbox 2927 1032 3179 1104; x_wconf 77' lang='grc' dir='ltr'><strong>Ἀϐραὰμ</strong></span> <span class='ocrx_word' id='word_1_184' title='bbox 3231 1034 3537 1105; x_wconf 71' lang='grc' dir='ltr'>ἐρρέθησαν</span> <span class='ocrx_word' id='word_1_185' title='bbox 3574 1036 3630 1088; x_wconf 90' lang='grc' dir='ltr'><strong>αἱ</strong></span> <span class='ocrx_word' id='word_1_186' title='bbox 3691 1037 3797 1087; x_wconf 82' lang='grc' dir='ltr'>ἐπ-</span> 
     </span>
    </p>
   </div>
   <div class='ocr_carea' id='block_1_26' title="bbox 2210 1120 3787 1193">
    <p class='ocr_par' dir='ltr' id='par_1_26' title="bbox 2210 1120 3787 1193">
     <span class='ocr_line' id='line_1_26' title="bbox 2210 1120 3787 1193; baseline 0.003 -21"><span class='ocrx_word' id='word_1_187' title='bbox 2210 1120 2479 1188; x_wconf 83' lang='grc' dir='ltr'>αγγελίαι,</span> <span class='ocrx_word' id='word_1_188' title='bbox 2518 1122 2614 1175; x_wconf 73' lang='grc' dir='ltr'><strong>καὶ</strong></span> <span class='ocrx_word' id='word_1_189' title='bbox 2641 1124 2719 1193; x_wconf 84' lang='grc' dir='ltr'><strong>τῷ</strong></span> <span class='ocrx_word' id='word_1_190' title='bbox 2755 1124 3030 1193; x_wconf 84' lang='grc' dir='ltr'>σπέρματι</span> <span class='ocrx_word' id='word_1_191' title='bbox 3079 1123 3245 1177; x_wconf 75' lang='grc' dir='ltr'>αὐτοῦ</span> <span class='ocrx_word' id='word_1_192' title='bbox 3275 1141 3289 1154; x_wconf 76' lang='grc' dir='ltr'><strong><em>ο</em></strong></span> <span class='ocrx_word' id='word_1_193' title='bbox 3339 1125 3400 1177; x_wconf 79' lang='grc' dir='ltr'><strong>οὗ</strong></span> <span class='ocrx_word' id='word_1_194' title='bbox 3449 1125 3631 1193; x_wconf 81' lang='grc' dir='ltr'><strong>λέγει,</strong></span> <span class='ocrx_word' id='word_1_195' title='bbox 3678 1126 3787 1179; x_wconf 78' lang='grc' dir='ltr'><strong>Καὶ</strong></span> 
     </span>
    </p>
   </div>
   <div class='ocr_carea' id='block_1_27' title="bbox 2209 1212 3796 1285">
    <p class='ocr_par' dir='ltr' id='par_1_27' title="bbox 2209 1212 3796 1285">
     <span class='ocr_line' id='line_1_27' title="bbox 2209 1212 3796 1285; baseline 0.005 -22"><span class='ocrx_word' id='word_1_196' title='bbox 2209 1213 2321 1273; x_wconf 88' lang='grc' dir='ltr'>τοῖς</span> <span class='ocrx_word' id='word_1_197' title='bbox 2355 1212 2682 1282; x_wconf 79' lang='grc' dir='ltr'><strong>σπέρμασιν,</strong></span> <span class='ocrx_word' id='word_1_198' title='bbox 2710 1213 2785 1277; x_wconf 85' lang='grc' dir='ltr'>ὡς</span> <span class='ocrx_word' id='word_1_199' title='bbox 2826 1214 2920 1267; x_wconf 80' lang='grc' dir='ltr'><strong>ἐπὶ</strong></span> <span class='ocrx_word' id='word_1_200' title='bbox 2982 1215 3210 1279; x_wconf 81' lang='grc' dir='ltr'><strong>πολλῶν,</strong></span> <span class='ocrx_word' id='word_1_201' title='bbox 3271 1216 3386 1269; x_wconf 81' lang='grc' dir='ltr'>ἀλλ’</span> <span class='ocrx_word' id='word_1_202' title='bbox 3412 1216 3488 1279; x_wconf 84' lang='grc' dir='ltr'>ὡς</span> <span class='ocrx_word' id='word_1_203' title='bbox 3533 1216 3623 1285; x_wconf 77' lang='grc' dir='ltr'><strong>ἐφ’</strong></span> <span class='ocrx_word' id='word_1_204' title='bbox 3647 1218 3796 1282; x_wconf 82' lang='grc' dir='ltr'>ἐνὸς,</span> 
     </span>
    </p>
   </div>
   <div class='ocr_carea' id='block_1_28' title="bbox 2208 1303 3807 1377">
    <p class='ocr_par' dir='ltr' id='par_1_28' title="bbox 2208 1303 3807 1377">
     <span class='ocr_line' id='line_1_28' title="bbox 2208 1303 3807 1377; baseline 0.003 -22"><span class='ocrx_word' id='word_1_205' title='bbox 2208 1303 2318 1355; x_wconf 80' lang='grc' dir='ltr'>Καὶ</span> <span class='ocrx_word' id='word_1_206' title='bbox 2340 1303 2419 1373; x_wconf 80' lang='grc' dir='ltr'>τῷ</span> <span class='ocrx_word' id='word_1_207' title='bbox 2448 1305 2722 1374; x_wconf 84' lang='grc' dir='ltr'>σπέρματί</span> <span class='ocrx_word' id='word_1_208' title='bbox 2758 1323 2875 1372; x_wconf 88' lang='grc' dir='ltr'>σου,</span> <span class='ocrx_word' id='word_1_209' title='bbox 2911 1308 2970 1369; x_wconf 83' lang='grc' dir='ltr'>ὃς</span> <span class='ocrx_word' id='word_1_210' title='bbox 3006 1308 3120 1360; x_wconf 88' lang='grc' dir='ltr'>ἐστι</span> <span class='ocrx_word' id='word_1_211' title='bbox 3148 1308 3403 1377; x_wconf 84' lang='grc' dir='ltr'>Χριστός.</span> <span class='ocrx_word' id='word_1_212' title='bbox 3443 1326 3461 1358; x_wconf 71' lang='grc' dir='ltr'>ι</span> <span class='ocrx_word' id='word_1_213' title='bbox 3497 1308 3606 1360; x_wconf 77' lang='grc' dir='ltr'><strong>Καὶ</strong></span> <span class='ocrx_word' id='word_1_214' title='bbox 3637 1308 3807 1363; x_wconf 83' lang='grc' dir='ltr'>ἀλλα-</span> 
     </span>
    </p>
   </div>
   <div class='ocr_carea' id='block_1_29' title="bbox 2207 1388 3795 1468">
    <p class='ocr_par' dir='ltr' id='par_1_29' title="bbox 2207 1388 3795 1468">
     <span class='ocr_line' id='line_1_29' title="bbox 2207 1388 3795 1468; baseline 0.004 -23"><span class='ocrx_word' id='word_1_215' title='bbox 2207 1391 2333 1463; x_wconf 77' lang='grc' dir='ltr'><strong>χοῦ·</strong></span> <span class='ocrx_word' id='word_1_216' title='bbox 2366 1413 2384 1443; x_wconf 75' lang='grc' dir='ltr'><strong>ι</strong></span> <span class='ocrx_word' id='word_1_217' title='bbox 2438 1392 2526 1458; x_wconf 85' lang='grc' dir='ltr'>Ἐξ</span> <span class='ocrx_word' id='word_1_218' title='bbox 2564 1388 2639 1448; x_wconf 82' lang='grc' dir='ltr'>ὧν</span> <span class='ocrx_word' id='word_1_219' title='bbox 2670 1397 2699 1448; x_wconf 84' lang='grc' dir='ltr'><strong>ὁ</strong></span> <span class='ocrx_word' id='word_1_220' title='bbox 2743 1396 2978 1466; x_wconf 83' lang='grc' dir='ltr'>Χριστὸς</span> <span class='ocrx_word' id='word_1_221' title='bbox 3006 1396 3067 1449; x_wconf 71' lang='grc' dir='ltr'>τὸ</span> <span class='ocrx_word' id='word_1_222' title='bbox 3113 1397 3255 1451; x_wconf 83' lang='grc' dir='ltr'>κατὰ</span> <span class='ocrx_word' id='word_1_223' title='bbox 3303 1398 3514 1468; x_wconf 84' lang='grc' dir='ltr'>σάρκα,</span> <span class='ocrx_word' id='word_1_224' title='bbox 3543 1400 3570 1452; x_wconf 85' lang='grc' dir='ltr'>ὁ</span> <span class='ocrx_word' id='word_1_225' title='bbox 3594 1397 3670 1452; x_wconf 82' lang='grc' dir='ltr'><strong>ὢν</strong></span> <span class='ocrx_word' id='word_1_226' title='bbox 3695 1402 3795 1452; x_wconf 70' lang='grc' dir='ltr'>ἐπὶ</span> 
     </span>
    </p>
   </div>
   <div class='ocr_carea' id='block_1_30' title="bbox 2208 1486 3799 1563">
    <p class='ocr_par' dir='ltr' id='par_1_30' title="bbox 2208 1486 3799 1563">
     <span class='ocr_line' id='line_1_30' title="bbox 2208 1486 3799 1563; baseline 0.004 -26"><span class='ocrx_word' id='word_1_227' title='bbox 2208 1486 2384 1539; x_wconf 83' lang='grc' dir='ltr'>πάντα</span> <span class='ocrx_word' id='word_1_228' title='bbox 2403 1486 2446 1517; x_wconf 82' lang='grc'><strong>³⁸</strong></span> <span class='ocrx_word' id='word_1_229' title='bbox 2478 1486 2631 1549; x_wconf 78' lang='grc' dir='ltr'>Θεός.</span> <span class='ocrx_word' id='word_1_230' title='bbox 2667 1505 2685 1536; x_wconf 77' lang='grc' dir='ltr'>ι</span> <span class='ocrx_word' id='word_1_231' title='bbox 2721 1488 2832 1541; x_wconf 80' lang='grc' dir='ltr'>Καὶ</span> <span class='ocrx_word' id='word_1_232' title='bbox 2868 1487 3038 1559; x_wconf 86' lang='grc' dir='ltr'>μυρία</span> <span class='ocrx_word' id='word_1_233' title='bbox 3065 1488 3122 1541; x_wconf 78' lang='grc' dir='ltr'>δὲ</span> <span class='ocrx_word' id='word_1_234' title='bbox 3160 1488 3387 1543; x_wconf 72' lang='grc' dir='ltr'>τοιαῦτα</span> <span class='ocrx_word' id='word_1_235' title='bbox 3428 1489 3575 1544; x_wconf 83' lang='grc' dir='ltr'>ἐστιν</span> <span class='ocrx_word' id='word_1_236' title='bbox 3607 1489 3799 1563; x_wconf 80' lang='grc' dir='ltr'>εὑρεῖν</span> 
     </span>
    </p>
   </div>
   <div class='ocr_carea' id='block_1_31' title="bbox 2208 1576 3797 1653">
    <p class='ocr_par' dir='ltr' id='par_1_31' title="bbox 2208 1576 3797 1653">
     <span class='ocr_line' id='line_1_31' title="bbox 2208 1576 3797 1653; baseline 0.004 -25"><span class='ocrx_word' id='word_1_237' title='bbox 2208 1576 2358 1646; x_wconf 78' lang='grc' dir='ltr'>παρὰ</span> <span class='ocrx_word' id='word_1_238' title='bbox 2381 1578 2446 1646; x_wconf 86' lang='grc' dir='ltr'>τῇ</span> <span class='ocrx_word' id='word_1_239' title='bbox 2472 1576 2594 1647; x_wconf 75' lang='grc' dir='ltr'>θείᾳ</span> <span class='ocrx_word' id='word_1_240' title='bbox 2628 1578 2841 1648; x_wconf 81' lang='grc' dir='ltr'><strong>Γραφῇ.</strong></span> <span class='ocrx_word' id='word_1_241' title='bbox 2882 1578 3104 1649; x_wconf 74' lang='grc' dir='ltr'>Ἐπειδὴ</span> <span class='ocrx_word' id='word_1_242' title='bbox 3137 1580 3336 1645; x_wconf 69' lang='grc' dir='ltr'>τοίνυν,</span> <span class='ocrx_word' id='word_1_243' title='bbox 3380 1581 3568 1650; x_wconf 71' lang='grc' dir='ltr'>φησὶν,</span> <span class='ocrx_word' id='word_1_244' title='bbox 3590 1582 3624 1651; x_wconf 85' lang='grc' dir='ltr'><strong>ή</strong></span> <span class='ocrx_word' id='word_1_245' title='bbox 3654 1581 3797 1653; x_wconf 78' lang='grc' dir='ltr'>σάρξ</span> 
     </span>
    </p>
   </div>
   <div class='ocr_carea' id='block_1_32' title="bbox 2209 1668 3795 1739">
    <p class='ocr_par' dir='ltr' id='par_1_32' title="bbox 2209 1668 3795 1739">
     <span class='ocr_line' id='line_1_32' title="bbox 2209 1668 3795 1739; baseline 0.004 -20"><span class='ocrx_word' id='word_1_246' title='bbox 2209 1684 2334 1736; x_wconf 86' lang='grc' dir='ltr'>μου,</span> <span class='ocrx_word' id='word_1_247' title='bbox 2365 1668 2433 1737; x_wconf 84' lang='grc' dir='ltr'>ῆν</span> <span class='ocrx_word' id='word_1_248' title='bbox 2457 1668 2827 1739; x_wconf 82' lang='grc' dir='ltr'>ἀναλήψομαι,</span> <span class='ocrx_word' id='word_1_249' title='bbox 2853 1670 2909 1735; x_wconf 85' lang='grc' dir='ltr'><strong>ἐξ</strong></span> <span class='ocrx_word' id='word_1_250' title='bbox 2960 1670 3139 1723; x_wconf 84' lang='grc' dir='ltr'>αὐτῶν</span> <span class='ocrx_word' id='word_1_251' title='bbox 3188 1672 3355 1733; x_wconf 86' lang='grc' dir='ltr'>ἐστιν,</span> <span class='ocrx_word' id='word_1_252' title='bbox 3404 1673 3463 1724; x_wconf 84' lang='grc' dir='ltr'><strong>οὐ</strong></span> <span class='ocrx_word' id='word_1_253' title='bbox 3509 1673 3795 1737; x_wconf 83' lang='grc' dir='ltr'>παντελῶς</span> 
     </span>
    </p>
   </div>
   <div class='ocr_carea' id='block_1_33' title="bbox 2207 1758 3793 1832">
    <p class='ocr_par' dir='ltr' id='par_1_33' title="bbox 2207 1758 3793 1832">
     <span class='ocr_line' id='line_1_33' title="bbox 2207 1758 3793 1832; baseline 0.003 -22"><span class='ocrx_word' id='word_1_254' title='bbox 2207 1758 2401 1820; x_wconf 71' lang='grc' dir='ltr'>αὐτοὺς</span> <span class='ocrx_word' id='word_1_255' title='bbox 2430 1758 2761 1828; x_wconf 73' lang='grc' dir='ltr'>καταλείψω,</span> <span class='ocrx_word' id='word_1_256' title='bbox 2790 1760 2895 1823; x_wconf 69' lang='grc' dir='ltr'>ἕως</span> <span class='ocrx_word' id='word_1_257' title='bbox 2924 1758 2991 1815; x_wconf 84' lang='grc' dir='ltr'><strong>ἂν</strong></span> <span class='ocrx_word' id='word_1_258' title='bbox 3012 1761 3217 1832; x_wconf 74' lang='grc' dir='ltr'>ταύτην</span> <span class='ocrx_word' id='word_1_259' title='bbox 3237 1761 3512 1829; x_wconf 72' lang='grc' dir='ltr'>ἀναλάϐω,</span> <span class='ocrx_word' id='word_1_260' title='bbox 3535 1762 3631 1816; x_wconf 80' lang='grc' dir='ltr'><strong>καὶ</strong></span> <span class='ocrx_word' id='word_1_261' title='bbox 3660 1763 3793 1827; x_wconf 81' lang='grc' dir='ltr'>τοὺς</span> 
     </span>
    </p>
   </div>
   <div class='ocr_carea' id='block_1_34' title="bbox 528 1819 2100 1921">
    <p class='ocr_par' dir='ltr' id='par_1_34' title="bbox 528 1819 2100 1917">
     <span class='ocr_line' id='line_1_34' title="bbox 528 1819 2100 1917; baseline -0.003 -14"><span class='ocrx_word' id='word_1_262' title='bbox 528 1850 712 1903; x_wconf 88' lang='lat' dir='ltr'><strong>uiatur</strong></span> <span class='ocrx_word' id='word_1_263' title='bbox 741 1819 934 1903; x_wconf 76' lang='lat' dir='ltr'><strong>acinus</strong></span> <span class='ocrx_word' id='word_1_264' title='bbox 964 1847 1018 1901; x_wconf 90' lang='lat' dir='ltr'><strong>in</strong></span> <span class='ocrx_word' id='word_1_265' title='bbox 1061 1848 1239 1911; x_wconf 89' lang='lat' dir='ltr'><strong>botro,</strong></span> <span class='ocrx_word' id='word_1_266' title='bbox 1284 1855 1339 1903; x_wconf 91' lang='lat' dir='ltr'><strong>et</strong></span> <span class='ocrx_word' id='word_1_267' title='bbox 1384 1819 1624 1901; x_wconf 75' lang='lat' dir='ltr'><strong>dixerint</strong></span> <span class='ocrx_word' id='word_1_268' title='bbox 1660 1846 1782 1901; x_wconf 87' lang='lat' dir='ltr'><strong>:Ne</strong></span> <span class='ocrx_word' id='word_1_269' title='bbox 1819 1846 2014 1917; x_wconf 80' lang='lat' dir='ltr'><strong>perdas</strong></span> <span class='ocrx_word' id='word_1_270' title='bbox 2041 1847 2100 1899; x_wconf 86' lang='lat' dir='ltr'><strong>il-</strong></span> 
     </span>
    </p>
   </div>
   <div class='ocr_carea' id='block_1_35' title="bbox 2204 1819 3796 1921">
    <p class='ocr_par' dir='ltr' id='par_1_35' title="bbox 2204 1819 3796 1921">
     <span class='ocr_line' id='line_1_35' title="bbox 2204 1819 3796 1921; baseline 0.005 -22"><span class='ocrx_word' id='word_1_271' title='bbox 2204 1850 2270 1918; x_wconf 86' lang='grc' dir='ltr'>τῇ</span> <span class='ocrx_word' id='word_1_272' title='bbox 2326 1848 2516 1918; x_wconf 81' lang='grc' dir='ltr'>κλήσει</span> <span class='ocrx_word' id='word_1_273' title='bbox 2570 1819 2923 1919; x_wconf 55' lang='grc' dir='ltr'>πειθομένους</span> <span class='ocrx_word' id='word_1_274' title='bbox 2971 1819 3283 1921; x_wconf 71' lang='grc' dir='ltr'>ἐκλέξομαι.</span> <span class='ocrx_word' id='word_1_275' title='bbox 3332 1819 3510 1905; x_wconf 74' lang='grc' dir='ltr'>Τοῦτο</span> <span class='ocrx_word' id='word_1_276' title='bbox 3562 1854 3656 1907; x_wconf 74' lang='grc' dir='ltr'>καὶ</span> <span class='ocrx_word' id='word_1_277' title='bbox 3701 1819 3796 1907; x_wconf 63' lang='grc' dir='ltr'><strong>διά</strong></span> 
     </span>
    </p>
   </div>
   <div class='ocr_carea' id='block_1_36' title="bbox 529 1938 2102 2011">
    <p class='ocr_par' dir='ltr' id='par_1_36' title="bbox 529 1938 2102 2011">
     <span class='ocr_line' id='line_1_36' title="bbox 529 1938 2102 2011; baseline -0.001 -16"><span class='ocrx_word' id='word_1_278' title='bbox 529 1943 662 2003; x_wconf 87' lang='lat' dir='ltr'><strong>lum,</strong></span> <span class='ocrx_word' id='word_1_279' title='bbox 703 1940 965 2011; x_wconf 86' lang='lat' dir='ltr'><strong>quoniam</strong></span> <span class='ocrx_word' id='word_1_280' title='bbox 1027 1939 1338 1994; x_wconf 79' lang='lat' dir='ltr'><strong>benedictio</strong></span> <span class='ocrx_word' id='word_1_281' title='bbox 1390 1938 1607 1992; x_wconf 88' lang='lat' dir='ltr'><strong>Domini</strong></span> <span class='ocrx_word' id='word_1_282' title='bbox 1655 1946 1740 1994; x_wconf 89' lang='lat' dir='ltr'><strong>est</strong></span> <span class='ocrx_word' id='word_1_283' title='bbox 1772 1939 1826 1992; x_wconf 91' lang='lat' dir='ltr'><strong>in</strong></span> <span class='ocrx_word' id='word_1_284' title='bbox 1871 1954 1968 2003; x_wconf 85' lang='lat' dir='ltr'><strong>eo;</strong></span> <span class='ocrx_word' id='word_1_285' title='bbox 2019 1939 2102 1993; x_wconf 91' lang='lat' dir='ltr'><strong>sic</strong></span> 
     </span>
    </p>
   </div>
   <div class='ocr_carea' id='block_1_37' title="bbox 529 2028 2102 2101">
    <p class='ocr_par' dir='ltr' id='par_1_37' title="bbox 529 2028 2102 2101">
     <span class='ocr_line' id='line_1_37' title="bbox 529 2028 2102 2101; baseline -0.001 -18"><span class='ocrx_word' id='word_1_286' title='bbox 529 2033 727 2085; x_wconf 78' lang='lat' dir='ltr'><strong>faciam</strong></span> <span class='ocrx_word' id='word_1_287' title='bbox 781 2038 1007 2101; x_wconf 87' lang='lat' dir='ltr'><strong>propter</strong></span> <span class='ocrx_word' id='word_1_288' title='bbox 1054 2046 1180 2084; x_wconf 87' lang='lat' dir='ltr'><strong>eum</strong></span> <span class='ocrx_word' id='word_1_289' title='bbox 1237 2030 1330 2100; x_wconf 87' lang='lat' dir='ltr'><strong>qui</strong></span> <span class='ocrx_word' id='word_1_290' title='bbox 1385 2030 1556 2084; x_wconf 79' lang='lat' dir='ltr'><strong>servit</strong></span> <span class='ocrx_word' id='word_1_291' title='bbox 1602 2030 1754 2083; x_wconf 91' lang='lat' dir='ltr'><strong>mihi.</strong></span> <span class='ocrx_word' id='word_1_292' title='bbox 1806 2028 2102 2097; x_wconf 85' lang='lat' dir='ltr'><strong>Propterea</strong></span> 
     </span>
    </p>
   </div>
   <div class='ocr_carea' id='block_1_38' title="bbox 528 2120 2103 2191">
    <p class='ocr_par' dir='ltr' id='par_1_38' title="bbox 528 2120 2103 2191">
     <span class='ocr_line' id='line_1_38' title="bbox 528 2120 2103 2191; baseline -0.001 -15"><span class='ocrx_word' id='word_1_293' title='bbox 528 2136 637 2176; x_wconf 90' lang='lat' dir='ltr'><strong>nou</strong></span> <span class='ocrx_word' id='word_1_294' title='bbox 678 2121 989 2191; x_wconf 81' lang='lat' dir='ltr'><strong>disperdatn</strong></span> <span class='ocrx_word' id='word_1_295' title='bbox 1033 2136 1247 2186; x_wconf 88' lang='lat' dir='ltr'><strong>omnes,</strong></span> <span class='ocrx_word' id='word_1_296' title='bbox 1289 2128 1344 2175; x_wconf 89' lang='lat' dir='ltr'><strong>et</strong></span> <span class='ocrx_word' id='word_1_297' title='bbox 1389 2120 1615 2176; x_wconf 85' lang='lat' dir='ltr'><strong>educam</strong></span> <span class='ocrx_word' id='word_1_298' title='bbox 1655 2120 1727 2175; x_wconf 88' lang='lat' dir='ltr'><strong>de</strong></span> <span class='ocrx_word' id='word_1_299' title='bbox 1769 2120 1975 2175; x_wconf 84' lang='lat' dir='ltr'><strong>Jacobo</strong></span> <span class='ocrx_word' id='word_1_300' title='bbox 2018 2138 2103 2176; x_wconf 86' lang='lat' dir='ltr'><strong>sc-</strong></span> 
     </span>
    </p>
   </div>
   <div class='ocr_carea' id='block_1_39' title="bbox 527 2209 2101 2275">
    <p class='ocr_par' dir='ltr' id='par_1_39' title="bbox 527 2209 2101 2275">
     <span class='ocr_line' id='line_1_39' title="bbox 527 2209 2101 2275; baseline 0.001 -10"><span class='ocrx_word' id='word_1_301' title='bbox 527 2227 674 2275; x_wconf 86' lang='lat' dir='ltr'><strong>meu,</strong></span> <span class='ocrx_word' id='word_1_302' title='bbox 697 2220 751 2266; x_wconf 87' lang='lat' dir='ltr'><strong>et</strong></span> <span class='ocrx_word' id='word_1_303' title='bbox 778 2213 846 2266; x_wconf 90' lang='lat' dir='ltr'><strong>de</strong></span> <span class='ocrx_word' id='word_1_304' title='bbox 865 2209 1027 2275; x_wconf 80' lang='lat' dir='ltr'><strong>Juda,</strong></span> <span class='ocrx_word' id='word_1_305' title='bbox 1059 2221 1115 2267; x_wconf 91' lang='lat' dir='ltr'><strong>et</strong></span> <span class='ocrx_word' id='word_1_306' title='bbox 1142 2213 1546 2268; x_wconf 66' lang='lat' dir='ltr'><strong>baareditabuut</strong></span> <span class='ocrx_word' id='word_1_307' title='bbox 1573 2220 1813 2267; x_wconf 85' lang='lat' dir='ltr'><strong>montem</strong></span> <span class='ocrx_word' id='word_1_308' title='bbox 1850 2221 2101 2267; x_wconf 76' lang='lat' dir='ltr'><strong>sanctum</strong></span> 
     </span>
    </p>
   </div>
   <div class='ocr_carea' id='block_1_40' title="bbox 528 2302 2105 2373">
    <p class='ocr_par' dir='ltr' id='par_1_40' title="bbox 528 2302 2105 2373">
     <span class='ocr_line' id='line_1_40' title="bbox 528 2302 2105 2373; baseline 0.003 -18"><span class='ocrx_word' id='word_1_309' title='bbox 528 2317 707 2357; x_wconf 89' lang='lat' dir='ltr'><strong>meum</strong></span> <span class='ocrx_word' id='word_1_310' title='bbox 740 2311 791 2357; x_wconf 71' lang='grc' dir='ltr'><strong>γ.</strong></span> <span class='ocrx_word' id='word_1_311' title='bbox 836 2322 856 2354; x_wconf 71' lang='grc' dir='ltr'>ι</span> <span class='ocrx_word' id='word_1_312' title='bbox 891 2304 955 2357; x_wconf 87' lang='lat' dir='ltr'><strong>Et</strong></span> <span class='ocrx_word' id='word_1_313' title='bbox 990 2304 1154 2373; x_wconf 89' lang='lat' dir='ltr'><strong>paulo</strong></span> <span class='ocrx_word' id='word_1_314' title='bbox 1194 2304 1339 2357; x_wconf 81' lang='lat' dir='ltr'><strong>infra</strong></span> <span class='ocrx_word' id='word_1_315' title='bbox 1373 2322 1388 2358; x_wconf 90' lang='lat'><strong>:</strong></span> <span class='ocrx_word' id='word_1_316' title='bbox 1432 2321 1449 2354; x_wconf 76' lang='grc' dir='ltr'><strong>ι</strong></span> <span class='ocrx_word' id='word_1_317' title='bbox 1494 2302 1607 2359; x_wconf 82' lang='lat' dir='ltr'><strong>Vos</strong></span> <span class='ocrx_word' id='word_1_318' title='bbox 1638 2312 1844 2366; x_wconf 89' lang='lat' dir='ltr'><strong>autem,</strong></span> <span class='ocrx_word' id='word_1_319' title='bbox 1880 2303 1975 2373; x_wconf 85' lang='lat' dir='ltr'><strong>qui</strong></span> <span class='ocrx_word' id='word_1_320' title='bbox 2013 2305 2105 2359; x_wconf 87' lang='lat' dir='ltr'><strong>de-</strong></span> 
     </span>
    </p>
   </div>
   <div class='ocr_carea' id='block_1_41' title="bbox 525 2392 2101 2465">
    <p class='ocr_par' dir='ltr' id='par_1_41' title="bbox 525 2392 2101 2465">
     <span class='ocr_line' id='line_1_41' title="bbox 525 2392 2101 2465; baseline 0.001 -16"><span class='ocrx_word' id='word_1_321' title='bbox 525 2395 829 2465; x_wconf 83' lang='lat' dir='ltr'><strong>reliquistis</strong></span> <span class='ocrx_word' id='word_1_322' title='bbox 867 2392 1178 2459; x_wconf 88' lang='lat' dir='ltr'><strong>Dominum,</strong></span> <span class='ocrx_word' id='word_1_323' title='bbox 1211 2397 1353 2450; x_wconf 83' lang='lat' dir='ltr'><strong>dabo</strong></span> <span class='ocrx_word' id='word_1_324' title='bbox 1380 2395 1561 2465; x_wconf 77' lang='lat' dir='ltr'><strong>gladio</strong></span> <span class='ocrx_word' id='word_1_325' title='bbox 1594 2404 1639 2447; x_wconf 78' lang='grc'><strong>⁸.</strong></span> <span class='ocrx_word' id='word_1_326' title='bbox 1683 2413 1701 2446; x_wconf 73' lang='grc' dir='ltr'>ι</span> <span class='ocrx_word' id='word_1_327' title='bbox 1736 2395 1827 2448; x_wconf 90' lang='lat' dir='ltr'><strong>Sic</strong></span> <span class='ocrx_word' id='word_1_328' title='bbox 1864 2395 2101 2450; x_wconf 80' lang='lat' dir='ltr'><strong>ﬁliorum</strong></span> 
     </span>
    </p>
   </div>
   <div class='ocr_carea' id='block_1_42' title="bbox 524 2488 2099 2559">
    <p class='ocr_par' dir='ltr' id='par_1_42' title="bbox 524 2488 2099 2559">
     <span class='ocr_line' id='line_1_42' title="bbox 524 2488 2099 2559; baseline 0.002 -17"><span class='ocrx_word' id='word_1_329' title='bbox 524 2488 900 2543; x_wconf 85' lang='lat' dir='ltr'><strong>internecione</strong></span> <span class='ocrx_word' id='word_1_330' title='bbox 938 2489 1219 2558; x_wconf 69' lang='lat' dir='ltr'><strong>prmdicta,</strong></span> <span class='ocrx_word' id='word_1_331' title='bbox 1257 2490 1610 2546; x_wconf 51' lang='lat' dir='ltr'><strong>demonstrat.</strong></span> <span class='ocrx_word' id='word_1_332' title='bbox 1636 2490 1863 2545; x_wconf 88' lang='lat' dir='ltr'><strong>ultionis</strong></span> <span class='ocrx_word' id='word_1_333' title='bbox 1889 2489 2099 2559; x_wconf 84' lang='lat' dir='ltr'><strong>justam</strong></span> 
     </span>
    </p>
   </div>
   <div class='ocr_carea' id='block_1_43' title="bbox 525 2579 1215 2650">
    <p class='ocr_par' dir='ltr' id='par_1_43' title="bbox 525 2579 1215 2650">
     <span class='ocr_line' id='line_1_43' title="bbox 525 2579 1215 2650; baseline -0.001 -13"><span class='ocrx_word' id='word_1_334' title='bbox 525 2594 770 2637; x_wconf 85' lang='lat' dir='ltr'><strong>causam.</strong></span> <span class='ocrx_word' id='word_1_335' title='bbox 800 2579 983 2650; x_wconf 87' lang='lat' dir='ltr'><strong>lnquit</strong></span> <span class='ocrx_word' id='word_1_336' title='bbox 1021 2581 1169 2635; x_wconf 88' lang='lat' dir='ltr'><strong>enim</strong></span> <span class='ocrx_word' id='word_1_337' title='bbox 1200 2598 1215 2636; x_wconf 91' lang='lat'><strong>:</strong></span> 
     </span>
    </p>
   </div>
   <div class='ocr_carea' id='block_1_44' title="bbox 596 2836 2103 2913">
    <p class='ocr_par' dir='ltr' id='par_1_44' title="bbox 596 2836 2103 2913">
     <span class='ocr_line' id='line_1_44' title="bbox 596 2836 2103 2913; baseline 0.003 -21"><span class='ocrx_word' id='word_1_338' title='bbox 596 2837 759 2893; x_wconf 75' lang='lat' dir='ltr'><strong>Vens.</strong></span> <span class='ocrx_word' id='word_1_339' title='bbox 797 2839 886 2893; x_wconf 80' lang='grc'><strong>15.</strong></span> <span class='ocrx_word' id='word_1_340' title='bbox 930 2856 950 2890; x_wconf 79' lang='grc' dir='ltr'><strong>ι</strong></span> <span class='ocrx_word' id='word_1_341' title='bbox 982 2836 1243 2908; x_wconf 79' lang='lat' dir='ltr'><strong>Ephraim</strong></span> <span class='ocrx_word' id='word_1_342' title='bbox 1282 2837 1340 2891; x_wconf 92' lang='lat' dir='ltr'><strong>in</strong></span> <span class='ocrx_word' id='word_1_343' title='bbox 1382 2838 1726 2894; x_wconf 80' lang='lat' dir='ltr'><strong>venationem</strong></span> <span class='ocrx_word' id='word_1_344' title='bbox 1782 2849 1837 2897; x_wconf 87' lang='lat' dir='ltr'><strong>et</strong></span> <span class='ocrx_word' id='word_1_345' title='bbox 1889 2844 2103 2913; x_wconf 81' lang='lat' dir='ltr'><strong>captio-</strong></span> 
     </span>
    </p>
   </div>
   <div class='ocr_carea' id='block_1_45' title="bbox 524 2929 2101 3000">
    <p class='ocr_par' dir='ltr' id='par_1_45' title="bbox 524 2929 2101 3000">
     <span class='ocr_line' id='line_1_45' title="bbox 524 2929 2101 3000; baseline 0.003 -15"><span class='ocrx_word' id='word_1_346' title='bbox 524 2946 649 2987; x_wconf 68' lang='lat' dir='ltr'><strong>nem</strong></span> <span class='ocrx_word' id='word_1_347' title='bbox 684 2930 823 2984; x_wconf 83' lang='lat' dir='ltr'><strong>ﬁlios</strong></span> <span class='ocrx_word' id='word_1_348' title='bbox 853 2944 985 2985; x_wconf 91' lang='lat' dir='ltr'><strong>suos</strong></span> <span class='ocrx_word' id='word_1_349' title='bbox 1018 2930 1291 3000; x_wconf 76' lang='lat' dir='ltr'><strong>praebuit,</strong></span> <span class='ocrx_word' id='word_1_350' title='bbox 1322 2937 1377 2984; x_wconf 86' lang='lat' dir='ltr'><strong>et</strong></span> <span class='ocrx_word' id='word_1_351' title='bbox 1409 2929 1602 2984; x_wconf 78' lang='lat' dir='ltr'><strong>eduxit</strong></span> <span class='ocrx_word' id='word_1_352' title='bbox 1636 2932 1703 2985; x_wconf 89' lang='lat' dir='ltr'><strong>ad</strong></span> <span class='ocrx_word' id='word_1_353' title='bbox 1750 2933 2101 2990; x_wconf 82' lang='lat' dir='ltr'><strong>interfectio-</strong></span> 
     </span>
    </p>
   </div>
   <div class='ocr_carea' id='block_1_46' title="bbox 530 3022 2101 3093">
    <p class='ocr_par' dir='ltr' id='par_1_46' title="bbox 530 3022 2101 3093">
     <span class='ocr_line' id='line_1_46' title="bbox 530 3022 2101 3093; baseline 0.002 -12"><span class='ocrx_word' id='word_1_354' title='bbox 530 3042 684 3082; x_wconf 77' lang='lat' dir='ltr'><strong>nem.</strong></span> <span class='ocrx_word' id='word_1_355' title='bbox 741 3042 759 3075; x_wconf 77' lang='grc' dir='ltr'>ι</span> <span class='ocrx_word' id='word_1_356' title='bbox 800 3022 1070 3089; x_wconf 85' lang='lat' dir='ltr'><strong>Quoniam</strong></span> <span class='ocrx_word' id='word_1_357' title='bbox 1102 3037 1200 3077; x_wconf 91' lang='lat' dir='ltr'><strong>eos</strong></span> <span class='ocrx_word' id='word_1_358' title='bbox 1242 3037 1459 3093; x_wconf 85' lang='lat' dir='ltr'><strong>semper</strong></span> <span class='ocrx_word' id='word_1_359' title='bbox 1507 3024 1671 3080; x_wconf 89' lang='lat' dir='ltr'><strong>idolis</strong></span> <span class='ocrx_word' id='word_1_360' title='bbox 1699 3025 1897 3091; x_wconf 75' lang='lat' dir='ltr'><strong>oliert,</strong></span> <span class='ocrx_word' id='word_1_361' title='bbox 1940 3029 2013 3083; x_wconf 91' lang='lat' dir='ltr'><strong>ob</strong></span> <span class='ocrx_word' id='word_1_362' title='bbox 2048 3030 2101 3084; x_wconf 90' lang='lat' dir='ltr'><strong>id</strong></span> 
     </span>
    </p>
   </div>
   <div class='ocr_carea' id='block_1_47' title="bbox 2215 1938 3788 2011">
    <p class='ocr_par' dir='ltr' id='par_1_47' title="bbox 2215 1938 3788 2011">
     <span class='ocr_line' id='line_1_47' title="bbox 2215 1938 3788 2011; baseline 0.003 -20"><span class='ocrx_word' id='word_1_363' title='bbox 2215 1938 2438 1998; x_wconf 79' lang='grc' dir='ltr'>Ἡσαΐου</span> <span class='ocrx_word' id='word_1_364' title='bbox 2471 1939 2571 2011; x_wconf 79' lang='grc' dir='ltr'><strong>βοᾷ</strong></span> <span class='ocrx_word' id='word_1_365' title='bbox 2616 1940 2710 1993; x_wconf 80' lang='grc' dir='ltr'>τοῦ</span> <span class='ocrx_word' id='word_1_366' title='bbox 2753 1942 3081 2011; x_wconf 74' lang='grc' dir='ltr'>προφήτου;</span> <span class='ocrx_word' id='word_1_367' title='bbox 3115 1961 3133 1992; x_wconf 75' lang='grc' dir='ltr'><strong>ι</strong></span> <span class='ocrx_word' id='word_1_368' title='bbox 3177 1944 3273 1994; x_wconf 83' lang='grc' dir='ltr'>Ὃν</span> <span class='ocrx_word' id='word_1_369' title='bbox 3306 1944 3505 2011; x_wconf 66' lang='grc' dir='ltr'>τρύπον</span> <span class='ocrx_word' id='word_1_370' title='bbox 3556 1940 3651 1995; x_wconf 81' lang='grc' dir='ltr'><strong>ἐάν</strong></span> <span class='ocrx_word' id='word_1_371' title='bbox 3701 1945 3788 1995; x_wconf 64' lang='grc' dir='ltr'><strong>εὺι</strong></span> 
     </span>
    </p>
   </div>
   <div class='ocr_carea' id='block_1_48' title="bbox 2208 2030 3790 2108">
    <p class='ocr_par' dir='ltr' id='par_1_48' title="bbox 2208 2030 3790 2108">
     <span class='ocr_line' id='line_1_48' title="bbox 2208 2030 3790 2108; baseline 0.003 -27"><span class='ocrx_word' id='word_1_372' title='bbox 2208 2030 2336 2100; x_wconf 83' lang='grc' dir='ltr'>ρεοῇ</span> <span class='ocrx_word' id='word_1_373' title='bbox 2369 2033 2397 2083; x_wconf 83' lang='grc' dir='ltr'>ὁ</span> <span class='ocrx_word' id='word_1_374' title='bbox 2432 2030 2543 2101; x_wconf 77' lang='grc' dir='ltr'><strong>ρὼξ</strong></span> <span class='ocrx_word' id='word_1_375' title='bbox 2576 2032 2633 2083; x_wconf 82' lang='grc' dir='ltr'>ἐν</span> <span class='ocrx_word' id='word_1_376' title='bbox 2667 2030 2745 2101; x_wconf 81' lang='grc' dir='ltr'>τῷ</span> <span class='ocrx_word' id='word_1_377' title='bbox 2795 2031 3001 2102; x_wconf 82' lang='grc' dir='ltr'>βότρυῖ,</span> <span class='ocrx_word' id='word_1_378' title='bbox 3043 2031 3137 2085; x_wconf 70' lang='grc' dir='ltr'>καὶ</span> <span class='ocrx_word' id='word_1_379' title='bbox 3172 2031 3360 2102; x_wconf 81' lang='grc' dir='ltr'>ἐροῦσι</span> <span class='ocrx_word' id='word_1_380' title='bbox 3387 2051 3398 2063; x_wconf 93' lang='grc'><strong>·</strong></span> <span class='ocrx_word' id='word_1_381' title='bbox 3427 2032 3519 2102; x_wconf 82' lang='grc' dir='ltr'><strong>Μὴ</strong></span> <span class='ocrx_word' id='word_1_382' title='bbox 3570 2032 3790 2108; x_wconf 74' lang='grc' dir='ltr'>λυμήνῃ</span> 
     </span>
    </p>
   </div>
   <div class='ocr_carea' id='block_1_49' title="bbox 2204 2120 3789 2192">
    <p class='ocr_par' dir='ltr' id='par_1_49' title="bbox 2204 2120 3789 2192">
     <span class='ocr_line' id='line_1_49' title="bbox 2204 2120 3789 2192; baseline 0.003 -21"><span class='ocrx_word' id='word_1_383' title='bbox 2204 2120 2406 2180; x_wconf 80' lang='grc' dir='ltr'>αὑτὸν,</span> <span class='ocrx_word' id='word_1_384' title='bbox 2440 2121 2523 2172; x_wconf 80' lang='grc' dir='ltr'><strong>ὅτι</strong></span> <span class='ocrx_word' id='word_1_385' title='bbox 2586 2120 2807 2189; x_wconf 81' lang='grc' dir='ltr'><strong>εὐλογία</strong></span> <span class='ocrx_word' id='word_1_386' title='bbox 2863 2121 3070 2191; x_wconf 80' lang='grc' dir='ltr'>Κυρίου</span> <span class='ocrx_word' id='word_1_387' title='bbox 3123 2123 3271 2174; x_wconf 68' lang='grc' dir='ltr'>ἐστὶν</span> <span class='ocrx_word' id='word_1_388' title='bbox 3314 2124 3373 2175; x_wconf 79' lang='grc' dir='ltr'>ἐν</span> <span class='ocrx_word' id='word_1_389' title='bbox 3425 2121 3606 2192; x_wconf 70' lang='grc' dir='ltr'>αὐτῷ·</span> <span class='ocrx_word' id='word_1_390' title='bbox 3640 2121 3789 2176; x_wconf 76' lang='grc' dir='ltr'>οὓτω</span> 
     </span>
    </p>
   </div>
   <div class='ocr_carea' id='block_1_50' title="bbox 2204 2209 3789 2282">
    <p class='ocr_par' dir='ltr' id='par_1_50' title="bbox 2204 2209 3789 2282">
     <span class='ocr_line' id='line_1_50' title="bbox 2204 2209 3789 2282; baseline 0.001 -21"><span class='ocrx_word' id='word_1_391' title='bbox 2204 2210 2418 2280; x_wconf 81' lang='grc' dir='ltr'>ποιήσω</span> <span class='ocrx_word' id='word_1_392' title='bbox 2448 2209 2634 2262; x_wconf 73' lang='grc' dir='ltr'>ἕνεκεν</span> <span class='ocrx_word' id='word_1_393' title='bbox 2663 2209 2757 2263; x_wconf 81' lang='grc' dir='ltr'><strong>τοῦ</strong></span> <span class='ocrx_word' id='word_1_394' title='bbox 2781 2210 3125 2272; x_wconf 76' lang='grc' dir='ltr'>δουλεύοντός</span> <span class='ocrx_word' id='word_1_395' title='bbox 3161 2227 3273 2280; x_wconf 88' lang='grc' dir='ltr'><strong>μοι.</strong></span> <span class='ocrx_word' id='word_1_396' title='bbox 3305 2211 3406 2265; x_wconf 76' lang='grc' dir='ltr'>Διά</span> <span class='ocrx_word' id='word_1_397' title='bbox 3429 2210 3588 2263; x_wconf 80' lang='grc' dir='ltr'>τοῦτο</span> <span class='ocrx_word' id='word_1_398' title='bbox 3620 2211 3681 2263; x_wconf 71' lang='grc' dir='ltr'>οὐ</span> <span class='ocrx_word' id='word_1_399' title='bbox 3709 2212 3789 2282; x_wconf 71' lang='grc' dir='ltr'>μὴ</span> 
     </span>
    </p>
   </div>
   <div class='ocr_carea' id='block_1_51' title="bbox 2202 2300 3786 2373">
    <p class='ocr_par' dir='ltr' id='par_1_51' title="bbox 2202 2300 3786 2373">
     <span class='ocr_line' id='line_1_51' title="bbox 2202 2300 3786 2373; baseline 0.001 -19"><span class='ocrx_word' id='word_1_400' title='bbox 2202 2300 2454 2354; x_wconf 81' lang='grc' dir='ltr'><strong>ἀπολέσω</strong></span> <span class='ocrx_word' id='word_1_401' title='bbox 2499 2301 2729 2365; x_wconf 87' lang='grc' dir='ltr'>πάντας,</span> <span class='ocrx_word' id='word_1_402' title='bbox 2763 2303 2856 2356; x_wconf 77' lang='grc' dir='ltr'>καὶ</span> <span class='ocrx_word' id='word_1_403' title='bbox 2887 2301 3062 2368; x_wconf 82' lang='grc' dir='ltr'>ἐξάξω</span> <span class='ocrx_word' id='word_1_404' title='bbox 3106 2302 3167 2355; x_wconf 85' lang='grc' dir='ltr'><strong>τὸ</strong></span> <span class='ocrx_word' id='word_1_405' title='bbox 3216 2300 3278 2366; x_wconf 78' lang='grc' dir='ltr'><strong>ἐξ</strong></span> <span class='ocrx_word' id='word_1_406' title='bbox 3302 2302 3496 2355; x_wconf 79' lang='grc' dir='ltr'><strong>Ἰακὼϐ</strong></span> <span class='ocrx_word' id='word_1_407' title='bbox 3536 2302 3786 2373; x_wconf 85' lang='grc' dir='ltr'>σπέρμα,</span> 
     </span>
    </p>
   </div>
   <div class='ocr_carea' id='block_1_52' title="bbox 2204 2391 3791 2463">
    <p class='ocr_par' dir='ltr' id='par_1_52' title="bbox 2204 2391 3791 2463">
     <span class='ocr_line' id='line_1_52' title="bbox 2204 2391 3791 2463; baseline -0.001 -16"><span class='ocrx_word' id='word_1_408' title='bbox 2204 2393 2300 2447; x_wconf 73' lang='grc' dir='ltr'>καὶ</span> <span class='ocrx_word' id='word_1_409' title='bbox 2329 2392 2388 2445; x_wconf 82' lang='grc' dir='ltr'><strong>τὸ</strong></span> <span class='ocrx_word' id='word_1_410' title='bbox 2426 2391 2487 2456; x_wconf 79' lang='grc' dir='ltr'><strong>ἐξ</strong></span> <span class='ocrx_word' id='word_1_411' title='bbox 2532 2393 2724 2455; x_wconf 76' lang='grc' dir='ltr'>Ἰούδα,</span> <span class='ocrx_word' id='word_1_412' title='bbox 2791 2393 2887 2445; x_wconf 79' lang='grc' dir='ltr'><strong>καὶ</strong></span> <span class='ocrx_word' id='word_1_413' title='bbox 2938 2392 3407 2463; x_wconf 75' lang='grc' dir='ltr'><strong>κληρονομήσουσι</strong></span> <span class='ocrx_word' id='word_1_414' title='bbox 3451 2393 3511 2444; x_wconf 87' lang='grc' dir='ltr'><strong>τὸ</strong></span> <span class='ocrx_word' id='word_1_415' title='bbox 3558 2392 3686 2463; x_wconf 80' lang='grc' dir='ltr'>δρος</span> <span class='ocrx_word' id='word_1_416' title='bbox 3726 2392 3791 2445; x_wconf 74' lang='grc' dir='ltr'>τὸ</span> 
     </span>
    </p>
   </div>
   <div class='ocr_carea' id='block_1_53' title="bbox 2205 2482 3791 2556">
    <p class='ocr_par' dir='ltr' id='par_1_53' title="bbox 2205 2482 3791 2556">
     <span class='ocr_line' id='line_1_53' title="bbox 2205 2482 3791 2556; baseline -0.001 -18"><span class='ocrx_word' id='word_1_417' title='bbox 2205 2483 2367 2551; x_wconf 80' lang='grc' dir='ltr'><strong>ἆγιὸν</strong></span> <span class='ocrx_word' id='word_1_418' title='bbox 2404 2500 2527 2556; x_wconf 78' lang='grc' dir='ltr'>μου.</span> <span class='ocrx_word' id='word_1_419' title='bbox 2570 2502 2590 2534; x_wconf 73' lang='grc' dir='ltr'>ι</span> <span class='ocrx_word' id='word_1_420' title='bbox 2624 2485 2732 2536; x_wconf 73' lang='grc' dir='ltr'>Καὶ</span> <span class='ocrx_word' id='word_1_421' title='bbox 2766 2483 2881 2552; x_wconf 81' lang='grc' dir='ltr'>μετ’</span> <span class='ocrx_word' id='word_1_422' title='bbox 2922 2483 3112 2552; x_wconf 81' lang='grc' dir='ltr'>ὀλίγα·</span> <span class='ocrx_word' id='word_1_423' title='bbox 3149 2502 3168 2535; x_wconf 75' lang='grc' dir='ltr'><strong>ι</strong></span> <span class='ocrx_word' id='word_1_424' title='bbox 3218 2483 3392 2553; x_wconf 79' lang='grc' dir='ltr'><strong>Ὑμᾶς</strong></span> <span class='ocrx_word' id='word_1_425' title='bbox 3431 2482 3487 2535; x_wconf 82' lang='grc' dir='ltr'><strong>δέ</strong></span> <span class='ocrx_word' id='word_1_426' title='bbox 3519 2483 3645 2548; x_wconf 75' lang='grc' dir='ltr'>τοὺς</span> <span class='ocrx_word' id='word_1_427' title='bbox 3692 2486 3791 2553; x_wconf 80' lang='grc' dir='ltr'><strong>ἐγ-</strong></span> 
     </span>
    </p>
   </div>
   <div class='ocr_carea' id='block_1_54' title="bbox 2203 2573 3785 2646">
    <p class='ocr_par' dir='ltr' id='par_1_54' title="bbox 2203 2573 3785 2646">
     <span class='ocr_line' id='line_1_54' title="bbox 2203 2573 3785 2646; baseline 0.001 -19"><span class='ocrx_word' id='word_1_428' title='bbox 2203 2574 2604 2638; x_wconf 80' lang='grc' dir='ltr'><strong>καταλιπόντας</strong></span> <span class='ocrx_word' id='word_1_429' title='bbox 2637 2574 2841 2645; x_wconf 85' lang='grc' dir='ltr'><strong>Κύριον</strong></span> <span class='ocrx_word' id='word_1_430' title='bbox 2865 2575 2911 2607; x_wconf 79' lang='lat'><strong>“</strong></span> <span class='ocrx_word' id='word_1_431' title='bbox 2952 2573 3256 2646; x_wconf 82' lang='grc' dir='ltr'><strong>παραδώσω</strong></span> <span class='ocrx_word' id='word_1_432' title='bbox 3302 2575 3381 2636; x_wconf 86' lang='grc' dir='ltr'><strong>είς</strong></span> <span class='ocrx_word' id='word_1_433' title='bbox 3424 2573 3722 2646; x_wconf 83' lang='grc' dir='ltr'>μάχαιραν.</span> <span class='ocrx_word' id='word_1_434' title='bbox 3761 2592 3785 2628; x_wconf 71' lang='grc' dir='ltr'>ι</span> 
     </span>
    </p>
   </div>
   <div class='ocr_carea' id='block_1_55' title="bbox 2203 2665 3761 2736">
    <p class='ocr_par' dir='ltr' id='par_1_55' title="bbox 2203 2665 3761 2736">
     <span class='ocr_line' id='line_1_55' title="bbox 2203 2665 3761 2736; baseline -0.001 -16"><span class='ocrx_word' id='word_1_435' title='bbox 2203 2666 2359 2721; x_wconf 76' lang='grc' dir='ltr'>Οὕτω</span> <span class='ocrx_word' id='word_1_436' title='bbox 2388 2668 2484 2736; x_wconf 82' lang='grc' dir='ltr'><strong>τὴν</strong></span> <span class='ocrx_word' id='word_1_437' title='bbox 2511 2667 2618 2720; x_wconf 91' lang='grc' dir='ltr'><strong>τῶν</strong></span> <span class='ocrx_word' id='word_1_438' title='bbox 2651 2666 2857 2720; x_wconf 82' lang='grc' dir='ltr'>παίδων</span> <span class='ocrx_word' id='word_1_439' title='bbox 2910 2665 3190 2736; x_wconf 86' lang='grc' dir='ltr'>ἀναίρεσιν</span> <span class='ocrx_word' id='word_1_440' title='bbox 3224 2665 3531 2736; x_wconf 79' lang='grc' dir='ltr'>προειπὼν,</span> <span class='ocrx_word' id='word_1_441' title='bbox 3571 2667 3761 2720; x_wconf 82' lang='grc' dir='ltr'>ὐποδεί</span> 
     </span>
    </p>
   </div>
   <div class='ocr_carea' id='block_1_56' title="bbox 2202 2744 3785 2829">
    <p class='ocr_par' dir='ltr' id='par_1_56' title="bbox 2202 2744 3785 2829">
     <span class='ocr_line' id='line_1_56' title="bbox 2202 2744 3785 2829; baseline 0.001 -20"><span class='ocrx_word' id='word_1_442' title='bbox 2202 2774 2358 2810; x_wconf 84' lang='grc' dir='ltr'>κνυσι</span> <span class='ocrx_word' id='word_1_443' title='bbox 2383 2757 2484 2825; x_wconf 79' lang='grc' dir='ltr'>τῆς</span> <span class='ocrx_word' id='word_1_444' title='bbox 2515 2757 2784 2828; x_wconf 80' lang='grc' dir='ltr'><strong>τιμωρίας</strong></span> <span class='ocrx_word' id='word_1_445' title='bbox 2823 2757 2883 2809; x_wconf 83' lang='grc' dir='ltr'>τὺ</span> <span class='ocrx_word' id='word_1_446' title='bbox 2921 2755 3126 2810; x_wconf 87' lang='grc' dir='ltr'>δίκαιον</span> <span class='ocrx_word' id='word_1_447' title='bbox 3167 2773 3181 2787; x_wconf 84' lang='grc'><strong>·</strong></span> <span class='ocrx_word' id='word_1_448' title='bbox 3216 2744 3377 2820; x_wconf 65' lang='grc' dir='ltr'>αὐτὸς</span> <span class='ocrx_word' id='word_1_449' title='bbox 3432 2757 3543 2828; x_wconf 85' lang='grc' dir='ltr'>γάρ</span> <span class='ocrx_word' id='word_1_450' title='bbox 3577 2773 3785 2829; x_wconf 81' lang='grc' dir='ltr'><strong>φησιν’</strong></span> 
     </span>
    </p>
   </div>
   <div class='ocr_carea' id='block_1_57' title="bbox 2276 2845 3792 2922">
    <p class='ocr_par' dir='ltr' id='par_1_57' title="bbox 2276 2845 3792 2922">
     <span class='ocr_line' id='line_1_57' title="bbox 2276 2845 3792 2922; baseline 0.002 -21"><span class='ocrx_word' id='word_1_451' title='bbox 2276 2856 2365 2916; x_wconf 82' lang='grc' dir='ltr'><strong>ιγ”</strong></span> <span class='ocrx_word' id='word_1_452' title='bbox 2402 2868 2420 2900; x_wconf 80' lang='grc' dir='ltr'><strong>ι</strong></span> <span class='ocrx_word' id='word_1_453' title='bbox 2461 2849 2520 2901; x_wconf 92' lang='lat'>&#39;0</span> <span class='ocrx_word' id='word_1_454' title='bbox 2560 2847 2799 2919; x_wconf 74' lang='grc' dir='ltr'>Ἐφραῖμ</span> <span class='ocrx_word' id='word_1_455' title='bbox 2828 2849 2907 2911; x_wconf 86' lang='grc' dir='ltr'><strong>είς</strong></span> <span class='ocrx_word' id='word_1_456' title='bbox 2937 2845 3110 2919; x_wconf 80' lang='grc' dir='ltr'>θήραν</span> <span class='ocrx_word' id='word_1_457' title='bbox 3142 2847 3210 2902; x_wconf 87' lang='grc' dir='ltr'>τὰ</span> <span class='ocrx_word' id='word_1_458' title='bbox 3241 2848 3406 2901; x_wconf 80' lang='grc' dir='ltr'>τέκνα</span> <span class='ocrx_word' id='word_1_459' title='bbox 3442 2848 3611 2903; x_wconf 75' lang='grc' dir='ltr'>αὐτοῦ</span> <span class='ocrx_word' id='word_1_460' title='bbox 3643 2856 3792 2922; x_wconf 74' lang='grc' dir='ltr'>παρ-</span> 
     </span>
    </p>
   </div>
   <div class='ocr_carea' id='block_1_58' title="bbox 2204 2939 3786 3012">
    <p class='ocr_par' dir='ltr' id='par_1_58' title="bbox 2204 2939 3786 3012">
     <span class='ocr_line' id='line_1_58' title="bbox 2204 2939 3786 3012; baseline 0.001 -18"><span class='ocrx_word' id='word_1_461' title='bbox 2204 2940 2421 3011; x_wconf 86' lang='grc' dir='ltr'>έστησε,</span> <span class='ocrx_word' id='word_1_462' title='bbox 2459 2941 2553 2994; x_wconf 72' lang='grc' dir='ltr'>καὶ</span> <span class='ocrx_word' id='word_1_463' title='bbox 2583 2939 2852 3010; x_wconf 74' lang='grc' dir='ltr'><strong>ἐξήγαγεν</strong></span> <span class='ocrx_word' id='word_1_464' title='bbox 2879 2941 2958 3002; x_wconf 83' lang='grc' dir='ltr'><strong>είς</strong></span> <span class='ocrx_word' id='word_1_465' title='bbox 2988 2940 3377 3012; x_wconf 76' lang='grc' dir='ltr'>ἁποκέντησιν.</span> <span class='ocrx_word' id='word_1_466' title='bbox 3420 2962 3438 2992; x_wconf 79' lang='grc' dir='ltr'>ι</span> <span class='ocrx_word' id='word_1_467' title='bbox 3473 2940 3597 3006; x_wconf 84' lang='grc' dir='ltr'><strong>Τοῖς</strong></span> <span class='ocrx_word' id='word_1_468' title='bbox 3625 2942 3786 2996; x_wconf 81' lang='grc' dir='ltr'>είδῶ-</span> 
     </span>
    </p>
   </div>
   <div class='ocr_carea' id='block_1_59' title="bbox 2202 3031 3790 3104">
    <p class='ocr_par' dir='ltr' id='par_1_59' title="bbox 2202 3031 3790 3104">
     <span class='ocr_line' id='line_1_59' title="bbox 2202 3031 3790 3104; baseline 0 -18"><span class='ocrx_word' id='word_1_469' title='bbox 2202 3032 2313 3096; x_wconf 90' lang='grc' dir='ltr'>λοις</span> <span class='ocrx_word' id='word_1_470' title='bbox 2349 3033 2489 3086; x_wconf 79' lang='grc' dir='ltr'><strong>αὑτά</strong></span> <span class='ocrx_word' id='word_1_471' title='bbox 2534 3031 2860 3103; x_wconf 65' lang='grc' dir='ltr'>προσφέρων</span> <span class='ocrx_word' id='word_1_472' title='bbox 2902 3031 3174 3085; x_wconf 85' lang='grc' dir='ltr'>διατελεῖ·</span> <span class='ocrx_word' id='word_1_473' title='bbox 3213 3031 3301 3086; x_wconf 79' lang='grc' dir='ltr'><strong>διὰ</strong></span> <span class='ocrx_word' id='word_1_474' title='bbox 3338 3032 3497 3085; x_wconf 76' lang='grc' dir='ltr'>τοῦτο</span> <span class='ocrx_word' id='word_1_475' title='bbox 3526 3034 3654 3096; x_wconf 84' lang='grc' dir='ltr'>τοὺς</span> <span class='ocrx_word' id='word_1_476' title='bbox 3685 3034 3790 3104; x_wconf 82' lang='grc' dir='ltr'><strong>μὲν</strong></span> 
     </span>
    </p>
   </div>
   <div class='ocr_carea' id='block_1_60' title="bbox 529 3112 2100 3217">
    <p class='ocr_par' dir='ltr' id='par_1_60' title="bbox 529 3112 2097 3186">
     <span class='ocr_line' id='line_1_60' title="bbox 529 3112 2097 3186; baseline 0.002 -15"><span class='ocrx_word' id='word_1_477' title='bbox 529 3118 668 3175; x_wconf 80' lang='lat' dir='ltr'><strong>ﬁlios</strong></span> <span class='ocrx_word' id='word_1_478' title='bbox 692 3116 807 3186; x_wconf 82' lang='lat' dir='ltr'><strong>jam</strong></span> <span class='ocrx_word' id='word_1_479' title='bbox 836 3122 998 3170; x_wconf 81' lang='lat' dir='ltr'><strong>natos</strong></span> <span class='ocrx_word' id='word_1_480' title='bbox 1024 3112 1090 3167; x_wconf 91' lang='lat' dir='ltr'><strong>ad</strong></span> <span class='ocrx_word' id='word_1_481' title='bbox 1119 3113 1323 3169; x_wconf 61' lang='lat' dir='ltr'><strong>caedem</strong></span> <span class='ocrx_word' id='word_1_482' title='bbox 1350 3113 1517 3179; x_wconf 89' lang='lat' dir='ltr'><strong>dabo,</strong></span> <span class='ocrx_word' id='word_1_483' title='bbox 1551 3127 1714 3186; x_wconf 85' lang='lat' dir='ltr'><strong>atque</strong></span> <span class='ocrx_word' id='word_1_484' title='bbox 1746 3117 1896 3174; x_wconf 90' lang='lat' dir='ltr'><strong>viros</strong></span> <span class='ocrx_word' id='word_1_485' title='bbox 1933 3120 2097 3174; x_wconf 82' lang='lat' dir='ltr'><strong>steri-</strong></span> 
     </span>
    </p>
   </div>
   <div class='ocr_carea' id='block_1_61' title="bbox 2204 3112 3785 3217">
    <p class='ocr_par' dir='ltr' id='par_1_61' title="bbox 2204 3121 3785 3195">
     <span class='ocr_line' id='line_1_61' title="bbox 2204 3121 3785 3195; baseline 0 -18"><span class='ocrx_word' id='word_1_486' title='bbox 2204 3125 2303 3195; x_wconf 75' lang='grc' dir='ltr'><strong>ἥδη</strong></span> <span class='ocrx_word' id='word_1_487' title='bbox 2354 3124 2681 3194; x_wconf 79' lang='grc' dir='ltr'>γενομένους</span> <span class='ocrx_word' id='word_1_488' title='bbox 2721 3126 2786 3193; x_wconf 79' lang='grc' dir='ltr'>τῇ</span> <span class='ocrx_word' id='word_1_489' title='bbox 2845 3125 3026 3193; x_wconf 81' lang='grc' dir='ltr'><strong>σφαγῇ</strong></span> <span class='ocrx_word' id='word_1_490' title='bbox 3074 3121 3409 3192; x_wconf 86' lang='grc' dir='ltr'><strong>παραδώσω·</strong></span> <span class='ocrx_word' id='word_1_491' title='bbox 3447 3123 3676 3191; x_wconf 83' lang='grc' dir='ltr'><strong>ἀγόνους</strong></span> <span class='ocrx_word' id='word_1_492' title='bbox 3723 3124 3785 3177; x_wconf 78' lang='grc' dir='ltr'>δὲ</span> 
     </span>
    </p>
   </div>
   <div class='ocr_carea' id='block_1_62' title="bbox 525 3204 2097 3281">
    <p class='ocr_par' dir='ltr' id='par_1_62' title="bbox 525 3204 2097 3281">
     <span class='ocr_line' id='line_1_62' title="bbox 525 3204 2097 3281; baseline 0.004 -21"><span class='ocrx_word' id='word_1_493' title='bbox 525 3207 605 3262; x_wconf 81' lang='lat' dir='ltr'><strong>tes</strong></span> <span class='ocrx_word' id='word_1_494' title='bbox 644 3205 1081 3275; x_wconf 77' lang='lat' dir='ltr'><strong>infecundasqu</strong></span> <span class='ocrx_word' id='word_1_495' title='bbox 1117 3204 1348 3260; x_wconf 68' lang='lat' dir='ltr'><strong>ediciam</strong></span> <span class='ocrx_word' id='word_1_496' title='bbox 1394 3206 1675 3264; x_wconf 89' lang='lat' dir='ltr'><strong>mulieres.</strong></span> <span class='ocrx_word' id='word_1_497' title='bbox 1719 3207 1837 3264; x_wconf 82' lang='lat' dir='ltr'><strong>[ioc</strong></span> <span class='ocrx_word' id='word_1_498' title='bbox 1879 3213 2097 3281; x_wconf 86' lang='lat' dir='ltr'><strong>perspi-</strong></span> 
     </span>
    </p>
   </div>
   <div class='ocr_carea' id='block_1_63' title="bbox 522 3299 1182 3364">
    <p class='ocr_par' dir='ltr' id='par_1_63' title="bbox 522 3299 1182 3364">
     <span class='ocr_line' id='line_1_63' title="bbox 522 3299 1182 3364; baseline 0.002 -11"><span class='ocrx_word' id='word_1_499' title='bbox 522 3313 687 3354; x_wconf 86' lang='lat' dir='ltr'><strong>cuum</strong></span> <span class='ocrx_word' id='word_1_500' title='bbox 729 3299 897 3364; x_wconf 82' lang='lat' dir='ltr'><strong>fecit,</strong></span> <span class='ocrx_word' id='word_1_501' title='bbox 935 3299 1130 3354; x_wconf 88' lang='lat' dir='ltr'><strong>dicens</strong></span> <span class='ocrx_word' id='word_1_502' title='bbox 1164 3317 1182 3354; x_wconf 88' lang='lat'><strong>:</strong></span> 
     </span>
    </p>
   </div>
   <div class='ocr_carea' id='block_1_64' title="bbox 599 3389 2101 3463">
    <p class='ocr_par' dir='ltr' id='par_1_64' title="bbox 599 3389 2101 3463">
     <span class='ocr_line' id='line_1_64' title="bbox 599 3389 2101 3463; baseline 0.002 -19"><span class='ocrx_word' id='word_1_503' title='bbox 599 3389 762 3444; x_wconf 71' lang='lat' dir='ltr'><strong>Vens.</strong></span> <span class='ocrx_word' id='word_1_504' title='bbox 802 3391 887 3445; x_wconf 70' lang='grc'><strong>14.</strong></span> <span class='ocrx_word' id='word_1_505' title='bbox 932 3408 952 3442; x_wconf 72' lang='grc' dir='ltr'><strong>ι</strong></span> <span class='ocrx_word' id='word_1_506' title='bbox 984 3389 1060 3444; x_wconf 89' lang='lat' dir='ltr'><strong>Da</strong></span> <span class='ocrx_word' id='word_1_507' title='bbox 1107 3391 1209 3454; x_wconf 87' lang='lat' dir='ltr'><strong>eis,</strong></span> <span class='ocrx_word' id='word_1_508' title='bbox 1258 3390 1523 3458; x_wconf 87' lang='lat' dir='ltr'><strong>Domine;</strong></span> <span class='ocrx_word' id='word_1_509' title='bbox 1579 3391 1712 3463; x_wconf 78' lang='lat' dir='ltr'><strong>quid</strong></span> <span class='ocrx_word' id='word_1_510' title='bbox 1758 3393 1921 3448; x_wconf 86' lang='lat' dir='ltr'><strong>dabis</strong></span> <span class='ocrx_word' id='word_1_511' title='bbox 1973 3393 2101 3449; x_wconf 87' lang='lat' dir='ltr'><strong>eis?</strong></span> 
     </span>
    </p>
   </div>
   <div class='ocr_carea' id='block_1_65' title="bbox 524 3481 2101 3548">
    <p class='ocr_par' dir='ltr' id='par_1_65' title="bbox 524 3481 2101 3548">
     <span class='ocr_line' id='line_1_65' title="bbox 524 3481 2101 3548; baseline 0.002 -10"><span class='ocrx_word' id='word_1_512' title='bbox 524 3487 741 3538; x_wconf 83' lang='lat' dir='ltr'><strong>uterum</strong></span> <span class='ocrx_word' id='word_1_513' title='bbox 816 3482 960 3537; x_wconf 83' lang='lat' dir='ltr'><strong>ﬁlios</strong></span> <span class='ocrx_word' id='word_1_514' title='bbox 1029 3496 1138 3536; x_wconf 91' lang='lat' dir='ltr'><strong>non</strong></span> <span class='ocrx_word' id='word_1_515' title='bbox 1197 3481 1503 3548; x_wconf 80' lang='lat' dir='ltr'><strong>ferentem,</strong></span> <span class='ocrx_word' id='word_1_516' title='bbox 1572 3493 1629 3539; x_wconf 90' lang='lat' dir='ltr'><strong>et</strong></span> <span class='ocrx_word' id='word_1_517' title='bbox 1698 3485 1865 3540; x_wconf 86' lang='lat' dir='ltr'><strong>ubera</strong></span> <span class='ocrx_word' id='word_1_518' title='bbox 1934 3498 2101 3541; x_wconf 78' lang='lat' dir='ltr'><strong>aren-</strong></span> 
     </span>
    </p>
   </div>
   <div class='ocr_carea' id='block_1_66' title="bbox 526 3571 2097 3640">
    <p class='ocr_par' dir='ltr' id='par_1_66' title="bbox 526 3571 2097 3640">
     <span class='ocr_line' id='line_1_66' title="bbox 526 3571 2097 3640; baseline 0.003 -14"><span class='ocrx_word' id='word_1_519' title='bbox 526 3573 623 3627; x_wconf 86' lang='lat' dir='ltr'><strong>tia.</strong></span> <span class='ocrx_word' id='word_1_520' title='bbox 659 3574 676 3623; x_wconf 60' lang='grc' dir='ltr'><em>ε</em></span> <span class='ocrx_word' id='word_1_521' title='bbox 715 3571 855 3638; x_wconf 85' lang='lat' dir='ltr'><strong>Quia</strong></span> <span class='ocrx_word' id='word_1_522' title='bbox 899 3571 1045 3627; x_wconf 88' lang='lat' dir='ltr'><strong>enim</strong></span> <span class='ocrx_word' id='word_1_523' title='bbox 1099 3573 1319 3628; x_wconf 87' lang='lat' dir='ltr'><strong>donatis</strong></span> <span class='ocrx_word' id='word_1_524' title='bbox 1364 3574 1537 3629; x_wconf 86' lang='lat' dir='ltr'><strong>rebus</strong></span> <span class='ocrx_word' id='word_1_525' title='bbox 1590 3574 1731 3627; x_wconf 90' lang='lat' dir='ltr'><strong>male</strong></span> <span class='ocrx_word' id='word_1_526' title='bbox 1787 3575 1875 3629; x_wconf 87' lang='lat' dir='ltr'><strong>usi</strong></span> <span class='ocrx_word' id='word_1_527' title='bbox 1930 3584 2097 3640; x_wconf 81' lang='lat' dir='ltr'><strong>sunt,</strong></span> 
     </span>
    </p>
   </div>
   <div class='ocr_carea' id='block_1_67' title="bbox 534 3661 2098 3734">
    <p class='ocr_par' dir='ltr' id='par_1_67' title="bbox 534 3661 2098 3734">
     <span class='ocr_line' id='line_1_67' title="bbox 534 3661 2098 3734; baseline 0.003 -18"><span class='ocrx_word' id='word_1_528' title='bbox 534 3661 749 3734; x_wconf 77' lang='lat'><strong>1356</strong></span> <span class='ocrx_word' id='word_1_529' title='bbox 796 3663 1137 3733; x_wconf 88' lang='lat' dir='ltr'><strong>iniquitatem</strong></span> <span class='ocrx_word' id='word_1_530' title='bbox 1191 3679 1385 3720; x_wconf 90' lang='lat' dir='ltr'><strong>eorum</strong></span> <span class='ocrx_word' id='word_1_531' title='bbox 1439 3664 1842 3719; x_wconf 77' lang='lat' dir='ltr'><strong>infecunditate</strong></span> <span class='ocrx_word' id='word_1_532' title='bbox 1877 3681 2098 3722; x_wconf 87' lang='lat' dir='ltr'><strong>cessare</strong></span> 
     </span>
    </p>
   </div>
   <div class='ocr_carea' id='block_1_68' title="bbox 527 3753 2099 3827">
    <p class='ocr_par' dir='ltr' id='par_1_68' title="bbox 527 3753 2099 3827">
     <span class='ocr_line' id='line_1_68' title="bbox 527 3753 2099 3827; baseline 0.003 -20"><span class='ocrx_word' id='word_1_533' title='bbox 527 3755 744 3808; x_wconf 80' lang='lat' dir='ltr'><strong>faciam.</strong></span> <span class='ocrx_word' id='word_1_534' title='bbox 781 3753 893 3827; x_wconf 82' lang='grc'>[15]</span> <span class='ocrx_word' id='word_1_535' title='bbox 926 3754 1047 3809; x_wconf 82' lang='lat' dir='ltr'><strong>Mox</strong></span> <span class='ocrx_word' id='word_1_536' title='bbox 1081 3771 1279 3811; x_wconf 84' lang='lat' dir='ltr'><strong>rursus</strong></span> <span class='ocrx_word' id='word_1_537' title='bbox 1300 3754 1583 3811; x_wconf 88' lang='lat' dir='ltr'><strong>mentione</strong></span> <span class='ocrx_word' id='word_1_538' title='bbox 1612 3755 1755 3810; x_wconf 80' lang='lat' dir='ltr'><strong>facta</strong></span> <span class='ocrx_word' id='word_1_539' title='bbox 1787 3757 1940 3813; x_wconf 85' lang='lat' dir='ltr'><strong>urbis</strong></span> <span class='ocrx_word' id='word_1_540' title='bbox 1970 3756 2099 3812; x_wconf 86' lang='lat' dir='ltr'><strong>Gal-</strong></span> 
     </span>
    </p>
   </div>
   <div class='ocr_carea' id='block_1_69' title="bbox 523 3844 2098 3916">
    <p class='ocr_par' dir='ltr' id='par_1_69' title="bbox 523 3844 2098 3916">
     <span class='ocr_line' id='line_1_69' title="bbox 523 3844 2098 3916; baseline 0.002 -17"><span class='ocrx_word' id='word_1_541' title='bbox 523 3845 610 3913; x_wconf 82' lang='lat' dir='ltr'><strong>gal</strong></span> <span class='ocrx_word' id='word_1_542' title='bbox 634 3883 650 3907; x_wconf 87' lang='lat'><strong>,</strong></span> <span class='ocrx_word' id='word_1_543' title='bbox 685 3856 738 3900; x_wconf 91' lang='lat' dir='ltr'><strong>et</strong></span> <span class='ocrx_word' id='word_1_544' title='bbox 781 3846 1076 3915; x_wconf 88' lang='lat' dir='ltr'><strong>impietatis</strong></span> <span class='ocrx_word' id='word_1_545' title='bbox 1099 3860 1224 3916; x_wconf 67' lang='lat' dir='ltr'><strong>qua:</strong></span> <span class='ocrx_word' id='word_1_546' title='bbox 1271 3844 1348 3898; x_wconf 89' lang='lat' dir='ltr'><strong>ibi</strong></span> <span class='ocrx_word' id='word_1_547' title='bbox 1379 3844 1835 3900; x_wconf 88' lang='lat' dir='ltr'><strong>committebatur</strong></span> <span class='ocrx_word' id='word_1_548' title='bbox 1856 3886 1871 3913; x_wconf 91' lang='lat'><strong>,</strong></span> <span class='ocrx_word' id='word_1_549' title='bbox 1909 3855 1964 3902; x_wconf 89' lang='lat' dir='ltr'><strong>et</strong></span> <span class='ocrx_word' id='word_1_550' title='bbox 1993 3847 2098 3902; x_wconf 86' lang='lat' dir='ltr'><strong>iui-</strong></span> 
     </span>
    </p>
   </div>
   <div class='ocr_carea' id='block_1_70' title="bbox 523 3936 1762 4008">
    <p class='ocr_par' dir='ltr' id='par_1_70' title="bbox 523 3936 1762 4008">
     <span class='ocr_line' id='line_1_70' title="bbox 523 3936 1762 4008; baseline -0.001 -16"><span class='ocrx_word' id='word_1_551' title='bbox 523 3938 747 4006; x_wconf 84' lang='lat' dir='ltr'><strong>quitatis</strong></span> <span class='ocrx_word' id='word_1_552' title='bbox 786 3938 1097 4008; x_wconf 85' lang='lat' dir='ltr'><strong>principum</strong></span> <span class='ocrx_word' id='word_1_553' title='bbox 1124 3939 1396 4005; x_wconf 87' lang='lat' dir='ltr'><strong>ipsorum,</strong></span> <span class='ocrx_word' id='word_1_554' title='bbox 1428 3936 1720 4005; x_wconf 82' lang='lat' dir='ltr'><strong>subjunxit</strong></span> <span class='ocrx_word' id='word_1_555' title='bbox 1748 3955 1762 3991; x_wconf 88' lang='lat'><strong>:</strong></span> 
     </span>
    </p>
   </div>
   <div class='ocr_carea' id='block_1_71' title="bbox 592 4024 2095 4095">
    <p class='ocr_par' dir='ltr' id='par_1_71' title="bbox 592 4024 2095 4095">
     <span class='ocr_line' id='line_1_71' title="bbox 592 4024 2095 4095; baseline 0.002 -14"><span class='ocrx_word' id='word_1_556' title='bbox 592 4025 758 4081; x_wconf 70' lang='lat' dir='ltr'><strong>Vens.</strong></span> <span class='ocrx_word' id='word_1_557' title='bbox 790 4026 857 4081; x_wconf 80' lang='grc'><strong>16</strong></span> <span class='ocrx_word' id='word_1_558' title='bbox 879 4064 895 4090; x_wconf 88' lang='grc'><strong>,</strong></span> <span class='ocrx_word' id='word_1_559' title='bbox 929 4027 1015 4080; x_wconf 89' lang='grc'><strong>17.</strong></span> <span class='ocrx_word' id='word_1_560' title='bbox 1056 4044 1075 4077; x_wconf 83' lang='grc' dir='ltr'><strong>ι</strong></span> <span class='ocrx_word' id='word_1_561' title='bbox 1109 4024 1294 4079; x_wconf 92' lang='lat' dir='ltr'><strong>Doluit</strong></span> <span class='ocrx_word' id='word_1_562' title='bbox 1327 4024 1583 4095; x_wconf 85' lang='lat' dir='ltr'><strong>Ephraim</strong></span> <span class='ocrx_word' id='word_1_563' title='bbox 1607 4065 1622 4090; x_wconf 95' lang='lat'><strong>,</strong></span> <span class='ocrx_word' id='word_1_564' title='bbox 1660 4026 1932 4082; x_wconf 88' lang='lat' dir='ltr'><strong>radicitus</strong></span> <span class='ocrx_word' id='word_1_565' title='bbox 1979 4043 2095 4084; x_wconf 88' lang='lat' dir='ltr'><strong>are-</strong></span> 
     </span>
    </p>
   </div>
   <div class='ocr_carea' id='block_1_72' title="bbox 522 4114 2094 4187">
    <p class='ocr_par' dir='ltr' id='par_1_72' title="bbox 522 4114 2094 4187">
     <span class='ocr_line' id='line_1_72' title="bbox 522 4114 2094 4187; baseline 0.002 -17"><span class='ocrx_word' id='word_1_566' title='bbox 522 4116 699 4172; x_wconf 79' lang='lat' dir='ltr'><strong>factus</strong></span> <span class='ocrx_word' id='word_1_567' title='bbox 725 4122 832 4179; x_wconf 89' lang='lat' dir='ltr'><strong>est,</strong></span> <span class='ocrx_word' id='word_1_568' title='bbox 867 4114 1104 4168; x_wconf 76' lang='lat' dir='ltr'><strong>fructum</strong></span> <span class='ocrx_word' id='word_1_569' title='bbox 1134 4129 1480 4185; x_wconf 88' lang='lat' dir='ltr'><strong>nequaquam</strong></span> <span class='ocrx_word' id='word_1_570' title='bbox 1520 4114 1755 4171; x_wconf 71' lang='lat' dir='ltr'><strong>aﬂeret:</strong></span> <span class='ocrx_word' id='word_1_571' title='bbox 1791 4118 1948 4187; x_wconf 88' lang='lat' dir='ltr'><strong>quia,</strong></span> <span class='ocrx_word' id='word_1_572' title='bbox 1987 4119 2094 4176; x_wconf 92' lang='lat' dir='ltr'><strong>etsi</strong></span> 
     </span>
    </p>
   </div>
   <div class='ocr_carea' id='block_1_73' title="bbox 520 4202 2095 4273">
    <p class='ocr_par' dir='ltr' id='par_1_73' title="bbox 520 4202 2095 4273">
     <span class='ocr_line' id='line_1_73' title="bbox 520 4202 2095 4273; baseline 0.001 -12"><span class='ocrx_word' id='word_1_573' title='bbox 520 4205 810 4273; x_wconf 65' lang='lat' dir='ltr'><strong>genuerint</strong></span> <span class='ocrx_word' id='word_1_574' title='bbox 836 4244 850 4267; x_wconf 90' lang='lat'><strong>,</strong></span> <span class='ocrx_word' id='word_1_575' title='bbox 896 4202 1225 4258; x_wconf 82' lang='lat' dir='ltr'><strong>iuterliciam</strong></span> <span class='ocrx_word' id='word_1_576' title='bbox 1257 4204 1653 4260; x_wconf 87' lang='lat' dir='ltr'><strong>desiderabilia</strong></span> <span class='ocrx_word' id='word_1_577' title='bbox 1694 4206 1839 4260; x_wconf 88' lang='lat' dir='ltr'><strong>uteri</strong></span> <span class='ocrx_word' id='word_1_578' title='bbox 1882 4221 2095 4262; x_wconf 89' lang='lat' dir='ltr'><strong>eorum.</strong></span> 
     </span>
    </p>
   </div>
   <div class='ocr_carea' id='block_1_74' title="bbox 520 4295 2097 4367">
    <p class='ocr_par' dir='ltr' id='par_1_74' title="bbox 520 4295 2097 4367">
     <span class='ocr_line' id='line_1_74' title="bbox 520 4295 2097 4367; baseline 0.002 -18"><span class='ocrx_word' id='word_1_579' title='bbox 520 4296 768 4367; x_wconf 75' lang='lat' dir='ltr'><strong>Repellet</strong></span> <span class='ocrx_word' id='word_1_580' title='bbox 802 4312 899 4353; x_wconf 85' lang='lat' dir='ltr'><strong>eos</strong></span> <span class='ocrx_word' id='word_1_581' title='bbox 935 4297 1118 4357; x_wconf 69' lang='lat' dir='ltr'><strong>Deus.</strong></span> <span class='ocrx_word' id='word_1_582' title='bbox 1151 4295 1282 4366; x_wconf 88' lang='lat' dir='ltr'><strong>quia</strong></span> <span class='ocrx_word' id='word_1_583' title='bbox 1319 4312 1428 4351; x_wconf 91' lang='lat' dir='ltr'><strong>non</strong></span> <span class='ocrx_word' id='word_1_584' title='bbox 1467 4296 1802 4353; x_wconf 85' lang='lat' dir='ltr'><strong>audiverunt</strong></span> <span class='ocrx_word' id='word_1_585' title='bbox 1842 4314 1968 4354; x_wconf 90' lang='lat' dir='ltr'><strong>eum</strong></span> <span class='ocrx_word' id='word_1_586' title='bbox 1990 4339 2006 4365; x_wconf 87' lang='lat'><strong>,</strong></span> <span class='ocrx_word' id='word_1_587' title='bbox 2042 4306 2097 4354; x_wconf 91' lang='lat' dir='ltr'><strong>et</strong></span> 
     </span>
    </p>
   </div>
   <div class='ocr_carea' id='block_1_75' title="bbox 522 4382 2093 4457">
    <p class='ocr_par' dir='ltr' id='par_1_75' title="bbox 522 4382 2093 4457">
     <span class='ocr_line' id='line_1_75' title="bbox 522 4382 2093 4457; baseline 0.001 -17"><span class='ocrx_word' id='word_1_588' title='bbox 522 4395 689 4441; x_wconf 85' lang='lat' dir='ltr'><strong>erunt</strong></span> <span class='ocrx_word' id='word_1_589' title='bbox 708 4387 825 4457; x_wconf 71' lang='lat' dir='ltr'><strong>vagi</strong></span> <span class='ocrx_word' id='word_1_590' title='bbox 845 4386 898 4439; x_wconf 89' lang='lat' dir='ltr'><strong>in</strong></span> <span class='ocrx_word' id='word_1_591' title='bbox 922 4384 1264 4441; x_wconf 86' lang='lat' dir='ltr'><strong>nationibus.</strong></span> <span class='ocrx_word' id='word_1_592' title='bbox 1286 4402 1306 4437; x_wconf 69' lang='grc' dir='ltr'>ι</span> <span class='ocrx_word' id='word_1_593' title='bbox 1329 4382 1579 4440; x_wconf 82' lang='lat' dir='ltr'><strong>Radicem</strong></span> <span class='ocrx_word' id='word_1_594' title='bbox 1607 4387 1824 4442; x_wconf 88' lang='lat' dir='ltr'><strong>vocavit</strong></span> <span class='ocrx_word' id='word_1_595' title='bbox 1845 4403 2093 4457; x_wconf 81' lang='lat' dir='ltr'><strong>regnum,</strong></span> 
     </span>
    </p>
   </div>
   <div class='ocr_carea' id='block_1_76' title="bbox 2202 3213 3786 3285">
    <p class='ocr_par' dir='ltr' id='par_1_76' title="bbox 2202 3213 3786 3285">
     <span class='ocr_line' id='line_1_76' title="bbox 2202 3213 3786 3285; baseline 0.001 -16"><span class='ocrx_word' id='word_1_596' title='bbox 2202 3217 2329 3279; x_wconf 84' lang='grc' dir='ltr'>τοὺς</span> <span class='ocrx_word' id='word_1_597' title='bbox 2365 3214 2581 3285; x_wconf 82' lang='grc' dir='ltr'>ἄνδρας,</span> <span class='ocrx_word' id='word_1_598' title='bbox 2628 3213 2721 3267; x_wconf 80' lang='grc' dir='ltr'>καὶ</span> <span class='ocrx_word' id='word_1_599' title='bbox 2753 3213 3012 3284; x_wconf 77' lang='grc' dir='ltr'>στερίφας</span> <span class='ocrx_word' id='word_1_600' title='bbox 3045 3213 3311 3282; x_wconf 79' lang='grc' dir='ltr'>ἀποφανῶ</span> <span class='ocrx_word' id='word_1_601' title='bbox 3354 3213 3451 3278; x_wconf 84' lang='grc' dir='ltr'>τὰς</span> <span class='ocrx_word' id='word_1_602' title='bbox 3497 3218 3786 3284; x_wconf 85' lang='grc' dir='ltr'>γυναῖκας.</span> 
     </span>
    </p>
   </div>
   <div class='ocr_carea' id='block_1_77' title="bbox 2202 3305 3133 3377">
    <p class='ocr_par' dir='ltr' id='par_1_77' title="bbox 2202 3305 3133 3377">
     <span class='ocr_line' id='line_1_77' title="bbox 2202 3305 3133 3377; baseline -0.002 -17"><span class='ocrx_word' id='word_1_603' title='bbox 2202 3306 2374 3360; x_wconf 82' lang='grc' dir='ltr'>Τοῦτο</span> <span class='ocrx_word' id='word_1_604' title='bbox 2395 3306 2502 3377; x_wconf 76' lang='grc' dir='ltr'><strong>γὰρ</strong></span> <span class='ocrx_word' id='word_1_605' title='bbox 2528 3305 2822 3376; x_wconf 83' lang='grc' dir='ltr'>ἐσήμανεν,</span> <span class='ocrx_word' id='word_1_606' title='bbox 2860 3305 3096 3376; x_wconf 82' lang='grc' dir='ltr'>εἰρηκώς</span> <span class='ocrx_word' id='word_1_607' title='bbox 3118 3319 3133 3334; x_wconf 76' lang='grc'><strong><em>⁵</em></strong></span> 
     </span>
    </p>
   </div>
   <div class='ocr_carea' id='block_1_78' title="bbox 2275 3396 3790 3471">
    <p class='ocr_par' dir='ltr' id='par_1_78' title="bbox 2275 3396 3790 3471">
     <span class='ocr_line' id='line_1_78' title="bbox 2275 3396 3790 3471; baseline 0.003 -20"><span class='ocrx_word' id='word_1_608' title='bbox 2275 3397 2361 3452; x_wconf 83' lang='grc' dir='ltr'><strong>ιδ’.</strong></span> <span class='ocrx_word' id='word_1_609' title='bbox 2393 3417 2411 3449; x_wconf 77' lang='grc' dir='ltr'><strong>ι</strong></span> <span class='ocrx_word' id='word_1_610' title='bbox 2437 3398 2535 3461; x_wconf 82' lang='grc' dir='ltr'>Δὸς</span> <span class='ocrx_word' id='word_1_611' title='bbox 2557 3398 2762 3459; x_wconf 80' lang='grc' dir='ltr'>αὐτοῖς,</span> <span class='ocrx_word' id='word_1_612' title='bbox 2785 3397 2977 3469; x_wconf 79' lang='grc' dir='ltr'>Κύριε·</span> <span class='ocrx_word' id='word_1_613' title='bbox 2995 3396 3048 3450; x_wconf 89' lang='grc' dir='ltr'><strong>τί</strong></span> <span class='ocrx_word' id='word_1_614' title='bbox 3073 3396 3265 3462; x_wconf 82' lang='grc' dir='ltr'><strong>δώσεις</strong></span> <span class='ocrx_word' id='word_1_615' title='bbox 3300 3399 3483 3461; x_wconf 77' lang='grc' dir='ltr'>αὐτοῖς</span> <span class='ocrx_word' id='word_1_616' title='bbox 3503 3440 3518 3463; x_wconf 91' lang='grc'><strong>,</strong></span> <span class='ocrx_word' id='word_1_617' title='bbox 3549 3399 3790 3471; x_wconf 78' lang='grc' dir='ltr'>Μήτραν</span> 
     </span>
    </p>
   </div>
   <div class='ocr_carea' id='block_1_79' title="bbox 2199 3487 3790 3567">
    <p class='ocr_par' dir='ltr' id='par_1_79' title="bbox 2199 3487 3790 3567">
     <span class='ocr_line' id='line_1_79' title="bbox 2199 3487 3790 3567; baseline 0 -25"><span class='ocrx_word' id='word_1_618' title='bbox 2199 3487 2562 3550; x_wconf 79' lang='grc' dir='ltr'>ἀτεκνοῦσαν,</span> <span class='ocrx_word' id='word_1_619' title='bbox 2623 3489 2715 3540; x_wconf 78' lang='grc' dir='ltr'>καὶ</span> <span class='ocrx_word' id='word_1_620' title='bbox 2776 3489 3013 3567; x_wconf 74' lang='grc' dir='ltr'>μαστοὺς</span> <span class='ocrx_word' id='word_1_621' title='bbox 3064 3487 3281 3558; x_wconf 77' lang='grc' dir='ltr'>ξηρούς.</span> <span class='ocrx_word' id='word_1_622' title='bbox 3331 3507 3350 3539; x_wconf 73' lang='grc' dir='ltr'>ι</span> <span class='ocrx_word' id='word_1_623' title='bbox 3400 3488 3622 3559; x_wconf 84' lang='grc' dir='ltr'>Ἐπειδὴ</span> <span class='ocrx_word' id='word_1_624' title='bbox 3672 3490 3790 3560; x_wconf 84' lang='grc' dir='ltr'>γάρ</span> 
     </span>
    </p>
   </div>
   <div class='ocr_carea' id='block_1_80' title="bbox 2202 3578 3791 3649">
    <p class='ocr_par' dir='ltr' id='par_1_80' title="bbox 2202 3578 3791 3649">
     <span class='ocr_line' id='line_1_80' title="bbox 2202 3578 3791 3649; baseline -0.001 -15"><span class='ocrx_word' id='word_1_625' title='bbox 2202 3579 2390 3644; x_wconf 77' lang='grc' dir='ltr'>κακῶς</span> <span class='ocrx_word' id='word_1_626' title='bbox 2441 3581 2555 3643; x_wconf 88' lang='grc' dir='ltr'>τοῖς</span> <span class='ocrx_word' id='word_1_627' title='bbox 2609 3578 2810 3631; x_wconf 74' lang='grc' dir='ltr'>δοθεῖσι</span> <span class='ocrx_word' id='word_1_628' title='bbox 2896 3578 3216 3647; x_wconf 76' lang='grc' dir='ltr'>κέχρηνται,</span> <span class='ocrx_word' id='word_1_629' title='bbox 3282 3578 3380 3647; x_wconf 83' lang='grc' dir='ltr'>τὴν</span> <span class='ocrx_word' id='word_1_630' title='bbox 3438 3580 3791 3649; x_wconf 83' lang='grc' dir='ltr'>παρανομίαν</span> 
     </span>
    </p>
   </div>
   <div class='ocr_carea' id='block_1_81' title="bbox 2200 3666 3792 3742">
    <p class='ocr_par' dir='ltr' id='par_1_81' title="bbox 2200 3666 3792 3742">
     <span class='ocr_line' id='line_1_81' title="bbox 2200 3666 3792 3742; baseline -0.002 -16"><span class='ocrx_word' id='word_1_631' title='bbox 2200 3673 2394 3726; x_wconf 78' lang='grc' dir='ltr'>παύσω</span> <span class='ocrx_word' id='word_1_632' title='bbox 2418 3673 2484 3742; x_wconf 82' lang='grc' dir='ltr'>τῇ</span> <span class='ocrx_word' id='word_1_633' title='bbox 2517 3670 2727 3740; x_wconf 78' lang='grc' dir='ltr'>ἀγονία.</span> <span class='ocrx_word' id='word_1_634' title='bbox 2752 3666 2887 3722; x_wconf 75' lang='grc' dir='ltr'>Εἶτα</span> <span class='ocrx_word' id='word_1_635' title='bbox 2913 3669 3077 3723; x_wconf 81' lang='grc' dir='ltr'>πάλιν</span> <span class='ocrx_word' id='word_1_636' title='bbox 3100 3669 3210 3722; x_wconf 88' lang='grc' dir='ltr'><strong>τῶν</strong></span> <span class='ocrx_word' id='word_1_637' title='bbox 3238 3669 3529 3737; x_wconf 76' lang='grc' dir='ltr'><strong>Γαλγάλων</strong></span> <span class='ocrx_word' id='word_1_638' title='bbox 3567 3687 3792 3740; x_wconf 72' lang='grc' dir='ltr'>μνημο-</span> 
     </span>
    </p>
   </div>
   <div class='ocr_carea' id='block_1_82' title="bbox 2199 3753 3795 3835">
    <p class='ocr_par' dir='ltr' id='par_1_82' title="bbox 2199 3753 3795 3835">
     <span class='ocr_line' id='line_1_82' title="bbox 2199 3753 3795 3835; baseline -0.001 -17"><span class='ocrx_word' id='word_1_639' title='bbox 2199 3753 2417 3827; x_wconf 78' lang='grc' dir='ltr'>νεύσας,</span> <span class='ocrx_word' id='word_1_640' title='bbox 2452 3764 2541 3816; x_wconf 74' lang='grc' dir='ltr'>καὶ</span> <span class='ocrx_word' id='word_1_641' title='bbox 2572 3761 2672 3832; x_wconf 80' lang='grc' dir='ltr'>τῆς</span> <span class='ocrx_word' id='word_1_642' title='bbox 2703 3763 2819 3813; x_wconf 91' lang='grc' dir='ltr'>ἐκεῖ</span> <span class='ocrx_word' id='word_1_643' title='bbox 2859 3761 3188 3831; x_wconf 79' lang='grc' dir='ltr'>τελουμένης</span> <span class='ocrx_word' id='word_1_644' title='bbox 3231 3761 3507 3826; x_wconf 77' lang='grc' dir='ltr'>ἀσεϐείας,</span> <span class='ocrx_word' id='word_1_645' title='bbox 3553 3763 3653 3816; x_wconf 74' lang='grc' dir='ltr'>καὶ</span> <span class='ocrx_word' id='word_1_646' title='bbox 3683 3762 3795 3835; x_wconf 71' lang='grc' dir='ltr'><strong>τῆς</strong></span> 
     </span>
    </p>
   </div>
   <div class='ocr_carea' id='block_1_83' title="bbox 2197 3853 3573 3928">
    <p class='ocr_par' dir='ltr' id='par_1_83' title="bbox 2197 3853 3573 3928">
     <span class='ocr_line' id='line_1_83' title="bbox 2197 3853 3573 3928; baseline -0.003 -17"><span class='ocrx_word' id='word_1_647' title='bbox 2197 3857 2303 3910; x_wconf 82' lang='grc' dir='ltr'><strong>τῶν</strong></span> <span class='ocrx_word' id='word_1_648' title='bbox 2335 3857 2609 3928; x_wconf 82' lang='grc' dir='ltr'><strong>ἀρχόντων</strong></span> <span class='ocrx_word' id='word_1_649' title='bbox 2645 3853 2832 3908; x_wconf 81' lang='grc' dir='ltr'>αὐτῶν</span> <span class='ocrx_word' id='word_1_650' title='bbox 2860 3853 3232 3925; x_wconf 80' lang='grc' dir='ltr'>παρανομίας,</span> <span class='ocrx_word' id='word_1_651' title='bbox 3259 3854 3538 3924; x_wconf 81' lang='grc' dir='ltr'>ἐπήγαγεν</span> <span class='ocrx_word' id='word_1_652' title='bbox 3559 3871 3573 3884; x_wconf 89' lang='grc'><strong>·</strong></span> 
     </span>
    </p>
   </div>
   <div class='ocr_carea' id='block_1_84' title="bbox 2270 4029 3790 4103">
    <p class='ocr_par' dir='ltr' id='par_1_84' title="bbox 2270 4029 3790 4103">
     <span class='ocr_line' id='line_1_84' title="bbox 2270 4029 3790 4103; baseline 0.001 -17"><span class='ocrx_word' id='word_1_653' title='bbox 2270 4032 2368 4098; x_wconf 75' lang='grc' dir='ltr'>ις’,</span> <span class='ocrx_word' id='word_1_654' title='bbox 2406 4033 2492 4098; x_wconf 79' lang='grc' dir='ltr'><strong>ιζ’.</strong></span> <span class='ocrx_word' id='word_1_655' title='bbox 2539 4051 2560 4086; x_wconf 77' lang='grc' dir='ltr'><strong>ι</strong></span> <span class='ocrx_word' id='word_1_656' title='bbox 2618 4030 2904 4087; x_wconf 85' lang='grc' dir='ltr'>Ἑπὸνεσεν</span> <span class='ocrx_word' id='word_1_657' title='bbox 2961 4031 3222 4103; x_wconf 79' lang='grc' dir='ltr'>Ἐφραῒμ,</span> <span class='ocrx_word' id='word_1_658' title='bbox 3259 4030 3360 4096; x_wconf 84' lang='grc' dir='ltr'>τὰς</span> <span class='ocrx_word' id='word_1_659' title='bbox 3402 4029 3558 4103; x_wconf 76' lang='grc' dir='ltr'>ῥίζας</span> <span class='ocrx_word' id='word_1_660' title='bbox 3610 4033 3790 4089; x_wconf 75' lang='grc' dir='ltr'>αὑτοῦ</span> 
     </span>
    </p>
   </div>
   <div class='ocr_carea' id='block_1_85' title="bbox 2197 4123 3790 4197">
    <p class='ocr_par' dir='ltr' id='par_1_85' title="bbox 2197 4123 3790 4197">
     <span class='ocr_line' id='line_1_85' title="bbox 2197 4123 3790 4197; baseline 0.002 -19"><span class='ocrx_word' id='word_1_661' title='bbox 2197 4125 2502 4197; x_wconf 76' lang='grc' dir='ltr'><strong>ἐξηράνθη·</strong></span> <span class='ocrx_word' id='word_1_662' title='bbox 2544 4124 2758 4194; x_wconf 71' lang='grc' dir='ltr'>καρπὸν</span> <span class='ocrx_word' id='word_1_663' title='bbox 2796 4124 2978 4177; x_wconf 83' lang='grc' dir='ltr'>οὐκέτι</span> <span class='ocrx_word' id='word_1_664' title='bbox 3023 4125 3083 4176; x_wconf 83' lang='grc' dir='ltr'><strong>οὐ</strong></span> <span class='ocrx_word' id='word_1_665' title='bbox 3122 4123 3197 4194; x_wconf 83' lang='grc' dir='ltr'>μὴ</span> <span class='ocrx_word' id='word_1_666' title='bbox 3229 4124 3461 4196; x_wconf 76' lang='grc' dir='ltr'>ἐνέγκῃο</span> <span class='ocrx_word' id='word_1_667' title='bbox 3498 4125 3632 4178; x_wconf 90' lang='grc' dir='ltr'>διότι</span> <span class='ocrx_word' id='word_1_668' title='bbox 3681 4127 3790 4181; x_wconf 75' lang='grc' dir='ltr'><strong>ἐάν</strong></span> 
     </span>
    </p>
   </div>
   <div class='ocr_carea' id='block_1_86' title="bbox 2198 4213 3790 4286">
    <p class='ocr_par' dir='ltr' id='par_1_86' title="bbox 2198 4213 3790 4286">
     <span class='ocr_line' id='line_1_86' title="bbox 2198 4213 3790 4286; baseline -0.001 -16"><span class='ocrx_word' id='word_1_669' title='bbox 2198 4219 2293 4270; x_wconf 72' lang='grc' dir='ltr'>καὶ</span> <span class='ocrx_word' id='word_1_670' title='bbox 2320 4217 2678 4285; x_wconf 87' lang='grc' dir='ltr'>γεννήσωσιν,</span> <span class='ocrx_word' id='word_1_671' title='bbox 2703 4215 2988 4267; x_wconf 83' lang='grc' dir='ltr'>ἀποκτενῶ</span> <span class='ocrx_word' id='word_1_672' title='bbox 3016 4214 3085 4268; x_wconf 85' lang='grc' dir='ltr'><strong>τά</strong></span> <span class='ocrx_word' id='word_1_673' title='bbox 3111 4213 3506 4286; x_wconf 84' lang='grc' dir='ltr'>ἐπιθυμήματα</span> <span class='ocrx_word' id='word_1_674' title='bbox 3533 4218 3634 4285; x_wconf 83' lang='grc' dir='ltr'>τῆς</span> <span class='ocrx_word' id='word_1_675' title='bbox 3667 4233 3790 4269; x_wconf 86' lang='grc' dir='ltr'>κοι-</span> 
     </span>
    </p>
   </div>
   <div class='ocr_carea' id='block_1_87' title="bbox 2194 4304 3792 4372">
    <p class='ocr_par' dir='ltr' id='par_1_87' title="bbox 2194 4304 3792 4372">
     <span class='ocr_line' id='line_1_87' title="bbox 2194 4304 3792 4372; baseline -0.001 -10"><span class='ocrx_word' id='word_1_676' title='bbox 2194 4309 2314 4372; x_wconf 86' lang='grc' dir='ltr'>λίας</span> <span class='ocrx_word' id='word_1_677' title='bbox 2346 4307 2546 4362; x_wconf 77' lang='grc' dir='ltr'>αὐτῶν.</span> <span class='ocrx_word' id='word_1_678' title='bbox 2599 4304 2905 4359; x_wconf 79' lang='grc' dir='ltr'>’Δπώσεται</span> <span class='ocrx_word' id='word_1_679' title='bbox 2939 4306 3135 4369; x_wconf 77' lang='grc' dir='ltr'>αὐτοὺς</span> <span class='ocrx_word' id='word_1_680' title='bbox 3176 4307 3204 4358; x_wconf 84' lang='grc' dir='ltr'><strong>ὁ</strong></span> <span class='ocrx_word' id='word_1_681' title='bbox 3236 4305 3389 4371; x_wconf 80' lang='grc' dir='ltr'>Θεὸς,</span> <span class='ocrx_word' id='word_1_682' title='bbox 3419 4307 3502 4360; x_wconf 84' lang='grc' dir='ltr'>ὅτι</span> <span class='ocrx_word' id='word_1_683' title='bbox 3532 4307 3634 4359; x_wconf 82' lang='grc' dir='ltr'>οὐκ</span> <span class='ocrx_word' id='word_1_684' title='bbox 3664 4309 3792 4360; x_wconf 69' lang='lat' dir='ltr'><strong>eia--</strong></span> 
     </span>
    </p>
   </div>
   <div class='ocr_carea' id='block_1_88' title="bbox 2197 4392 3781 4473">
    <p class='ocr_par' dir='ltr' id='par_1_88' title="bbox 2197 4392 3781 4473">
     <span class='ocr_line' id='line_1_88' title="bbox 2197 4392 3781 4473; baseline -0.004 -19"><span class='ocrx_word' id='word_1_685' title='bbox 2197 4402 2438 4473; x_wconf 81' lang='grc' dir='ltr'>ήκουσαν</span> <span class='ocrx_word' id='word_1_686' title='bbox 2457 4397 2648 4461; x_wconf 78' lang='grc' dir='ltr'>αὑτοῦ,</span> <span class='ocrx_word' id='word_1_687' title='bbox 2673 4397 2763 4451; x_wconf 70' lang='grc' dir='ltr'>καὶ</span> <span class='ocrx_word' id='word_1_688' title='bbox 2783 4396 2996 4449; x_wconf 75' lang='grc' dir='ltr'>ἔσονται</span> <span class='ocrx_word' id='word_1_689' title='bbox 3024 4396 3294 4466; x_wconf 83' lang='grc' dir='ltr'>πλανῆται</span> <span class='ocrx_word' id='word_1_690' title='bbox 3319 4397 3377 4449; x_wconf 85' lang='grc' dir='ltr'>ἐν</span> <span class='ocrx_word' id='word_1_691' title='bbox 3399 4398 3510 4461; x_wconf 88' lang='grc' dir='ltr'>τοῖς</span> <span class='ocrx_word' id='word_1_692' title='bbox 3537 4392 3743 4452; x_wconf 75' lang='grc' dir='ltr'>ἔθνεσι.</span> <span class='ocrx_word' id='word_1_693' title='bbox 3759 4415 3781 4448; x_wconf 72' lang='grc' dir='ltr'>ι</span> 
     </span>
    </p>
   </div>
   <div class='ocr_carea' id='block_1_89' title="bbox 518 4475 2100 4560">
    <p class='ocr_par' dir='ltr' id='par_1_89' title="bbox 518 4475 2085 4545">
     <span class='ocr_line' id='line_1_89' title="bbox 518 4475 2085 4545; baseline 0.001 -15"><span class='ocrx_word' id='word_1_694' title='bbox 518 4476 663 4545; x_wconf 82' lang='lat' dir='ltr'><strong>quod</strong></span> <span class='ocrx_word' id='word_1_695' title='bbox 691 4475 957 4532; x_wconf 82' lang='lat' dir='ltr'><strong>radicitus</strong></span> <span class='ocrx_word' id='word_1_696' title='bbox 982 4475 1337 4531; x_wconf 87' lang='lat' dir='ltr'><strong>Salmanasar</strong></span> <span class='ocrx_word' id='word_1_697' title='bbox 1363 4476 1583 4543; x_wconf 88' lang='lat' dir='ltr'><strong>evertit,</strong></span> <span class='ocrx_word' id='word_1_698' title='bbox 1615 4492 1741 4532; x_wconf 91' lang='lat' dir='ltr'><strong>cum</strong></span> <span class='ocrx_word' id='word_1_699' title='bbox 1768 4479 2085 4533; x_wconf 85' lang='lat' dir='ltr'><strong>vastitatem</strong></span> 
     </span>
    </p>
   </div>
   <div class='ocr_carea' id='block_1_90' title="bbox 2204 4475 3790 4560">
    <p class='ocr_par' dir='ltr' id='par_1_90' title="bbox 2204 4487 3790 4560">
     <span class='ocr_line' id='line_1_90' title="bbox 2204 4487 3790 4560; baseline -0.004 -13"><span class='ocrx_word' id='word_1_700' title='bbox 2204 4491 2401 4553; x_wconf 79' lang='grc' dir='ltr'>Ῥίζαν</span> <span class='ocrx_word' id='word_1_701' title='bbox 2425 4489 2653 4544; x_wconf 85' lang='grc' dir='ltr'>ἐκάλεσε</span> <span class='ocrx_word' id='word_1_702' title='bbox 2691 4488 2788 4559; x_wconf 84' lang='grc' dir='ltr'><strong>τὴν</strong></span> <span class='ocrx_word' id='word_1_703' title='bbox 2824 4487 3124 4557; x_wconf 84' lang='grc' dir='ltr'>βασιλείαν,</span> <span class='ocrx_word' id='word_1_704' title='bbox 3166 4487 3233 4558; x_wconf 74' lang='grc' dir='ltr'><strong>ἦν</strong></span> <span class='ocrx_word' id='word_1_705' title='bbox 3265 4489 3560 4560; x_wconf 78' lang='grc' dir='ltr'>πρόρριζον</span> <span class='ocrx_word' id='word_1_706' title='bbox 3588 4490 3616 4541; x_wconf 81' lang='grc' dir='ltr'><strong>ὁ</strong></span> <span class='ocrx_word' id='word_1_707' title='bbox 3644 4489 3790 4542; x_wconf 87' lang='grc' dir='ltr'>Σαλ-</span> 
     </span>
    </p>
   </div>
   <div class='ocr_carea' id='block_1_91' title="bbox 520 4567 2086 4636">
    <p class='ocr_par' dir='ltr' id='par_1_91' title="bbox 520 4567 2086 4636">
     <span class='ocr_line' id='line_1_91' title="bbox 520 4567 2086 4636; baseline 0.001 -16"><span class='ocrx_word' id='word_1_708' title='bbox 520 4568 709 4621; x_wconf 84' lang='lat' dir='ltr'><strong>intulit</strong></span> <span class='ocrx_word' id='word_1_709' title='bbox 757 4567 1038 4622; x_wconf 59' lang='lat' dir='ltr'><strong>Samaria}.</strong></span> <span class='ocrx_word' id='word_1_710' title='bbox 1077 4568 1205 4623; x_wconf 88' lang='lat' dir='ltr'><strong>Post</strong></span> <span class='ocrx_word' id='word_1_711' title='bbox 1238 4567 1404 4636; x_wconf 86' lang='lat' dir='ltr'><strong>hujus</strong></span> <span class='ocrx_word' id='word_1_712' title='bbox 1435 4576 1619 4624; x_wconf 89' lang='lat' dir='ltr'><strong>autem</strong></span> <span class='ocrx_word' id='word_1_713' title='bbox 1660 4571 2086 4631; x_wconf 88' lang='lat' dir='ltr'><strong>obsessionem,</strong></span> 
     </span>
    </p>
   </div>
   <div class='ocr_carea' id='block_1_92' title="bbox 521 4656 2089 4727">
    <p class='ocr_par' dir='ltr' id='par_1_92' title="bbox 521 4656 2089 4727">
     <span class='ocr_line' id='line_1_92' title="bbox 521 4656 2089 4727; baseline 0.002 -17"><span class='ocrx_word' id='word_1_714' title='bbox 521 4671 629 4712; x_wconf 89' lang='lat' dir='ltr'><strong>non</strong></span> <span class='ocrx_word' id='word_1_715' title='bbox 664 4658 900 4727; x_wconf 88' lang='lat' dir='ltr'><strong>amplius</strong></span> <span class='ocrx_word' id='word_1_716' title='bbox 932 4672 1117 4727; x_wconf 76' lang='lat' dir='ltr'><strong>regem</strong></span> <span class='ocrx_word' id='word_1_717' title='bbox 1142 4656 1456 4712; x_wconf 86' lang='lat' dir='ltr'><strong>habuerunt</strong></span> <span class='ocrx_word' id='word_1_718' title='bbox 1486 4659 1677 4714; x_wconf 89' lang='lat' dir='ltr'><strong>decem</strong></span> <span class='ocrx_word' id='word_1_719' title='bbox 1705 4659 1905 4714; x_wconf 87' lang='lat' dir='ltr'><strong>tribus.</strong></span> <span class='ocrx_word' id='word_1_720' title='bbox 1933 4658 2089 4724; x_wconf 88' lang='lat' dir='ltr'><strong>Quod</strong></span> 
     </span>
    </p>
   </div>
   <div class='ocr_carea' id='block_1_93' title="bbox 522 4746 2093 4819">
    <p class='ocr_par' dir='ltr' id='par_1_93' title="bbox 522 4746 2093 4819">
     <span class='ocr_line' id='line_1_93' title="bbox 522 4746 2093 4819; baseline 0.002 -18"><span class='ocrx_word' id='word_1_721' title='bbox 522 4761 651 4801; x_wconf 81' lang='lat' dir='ltr'><strong>vero</strong></span> <span class='ocrx_word' id='word_1_722' title='bbox 678 4748 752 4801; x_wconf 87' lang='lat' dir='ltr'><strong>ait</strong></span> <span class='ocrx_word' id='word_1_723' title='bbox 781 4765 795 4802; x_wconf 86' lang='lat'><strong>:</strong></span> <span class='ocrx_word' id='word_1_724' title='bbox 839 4765 858 4798; x_wconf 78' lang='grc' dir='ltr'><strong>ι</strong></span> <span class='ocrx_word' id='word_1_725' title='bbox 896 4746 1071 4802; x_wconf 87' lang='lat' dir='ltr'><strong>Erunt</strong></span> <span class='ocrx_word' id='word_1_726' title='bbox 1097 4748 1221 4817; x_wconf 79' lang='lat' dir='ltr'><strong>vagi</strong></span> <span class='ocrx_word' id='word_1_727' title='bbox 1256 4747 1310 4802; x_wconf 91' lang='lat' dir='ltr'><strong>in</strong></span> <span class='ocrx_word' id='word_1_728' title='bbox 1343 4749 1701 4815; x_wconf 86' lang='lat' dir='ltr'><strong>nationibus,</strong></span> <span class='ocrx_word' id='word_1_729' title='bbox 1738 4767 1758 4801; x_wconf 73' lang='grc' dir='ltr'>ι</span> <span class='ocrx_word' id='word_1_730' title='bbox 1794 4749 2093 4819; x_wconf 87' lang='lat' dir='ltr'><strong>perspicue</strong></span> 
     </span>
    </p>
   </div>
   <div class='ocr_carea' id='block_1_94' title="bbox 516 4836 1420 4907">
    <p class='ocr_par' dir='ltr' id='par_1_94' title="bbox 516 4836 1420 4907">
     <span class='ocr_line' id='line_1_94' title="bbox 516 4836 1420 4907; baseline 0.008 -16"><span class='ocrx_word' id='word_1_731' title='bbox 516 4850 707 4891; x_wconf 87' lang='lat' dir='ltr'><strong>eorum</strong></span> <span class='ocrx_word' id='word_1_732' title='bbox 733 4837 981 4893; x_wconf 86' lang='lat' dir='ltr'><strong>ostendit</strong></span> <span class='ocrx_word' id='word_1_733' title='bbox 1004 4836 1420 4907; x_wconf 84' lang='lat' dir='ltr'><strong>dispersionem.</strong></span> 
     </span>
    </p>
   </div>
   <div class='ocr_carea' id='block_1_95' title="bbox 1103 5033 1478 5091">
    <p class='ocr_par' dir='ltr' id='par_1_95' title="bbox 1103 5033 1478 5091">
     <span class='ocr_line' id='line_1_95' title="bbox 1103 5033 1478 5091; baseline 0.003 -3"><span class='ocrx_word' id='word_1_734' title='bbox 1103 5033 1328 5091; x_wconf 79' lang='lat' dir='ltr'><strong>CAPUT</strong></span> <span class='ocrx_word' id='word_1_735' title='bbox 1407 5036 1478 5089; x_wconf 77' lang='grc' dir='ltr'><strong>Χ.</strong></span> 
     </span>
    </p>
   </div>
   <div class='ocr_carea' id='block_1_96' title="bbox 502 5119 2087 5189">
    <p class='ocr_par' dir='ltr' id='par_1_96' title="bbox 502 5119 2087 5189">
     <span class='ocr_line' id='line_1_96' title="bbox 502 5119 2087 5189; baseline 0.005 -15"><span class='ocrx_word' id='word_1_736' title='bbox 502 5144 505 5149; x_wconf 53' lang='grc'><strong>&gt;</strong></span> <span class='ocrx_word' id='word_1_737' title='bbox 592 5119 757 5175; x_wconf 65' lang='lat' dir='ltr'><strong>Vsus.</strong></span> <span class='ocrx_word' id='word_1_738' title='bbox 800 5122 851 5176; x_wconf 89' lang='grc'><strong>1.</strong></span> <span class='ocrx_word' id='word_1_739' title='bbox 892 5142 913 5175; x_wconf 74' lang='grc' dir='ltr'><strong>ι</strong></span> <span class='ocrx_word' id='word_1_740' title='bbox 947 5122 1087 5181; x_wconf 80' lang='lat' dir='ltr'><strong>Vitis</strong></span> <span class='ocrx_word' id='word_1_741' title='bbox 1120 5125 1382 5181; x_wconf 80' lang='lat' dir='ltr'><strong>frondosa</strong></span> <span class='ocrx_word' id='word_1_742' title='bbox 1417 5125 1623 5189; x_wconf 75' lang='lat' dir='ltr'><strong>lsrael&#39;,</strong></span> <span class='ocrx_word' id='word_1_743' title='bbox 1664 5124 1880 5183; x_wconf 77' lang='lat' dir='ltr'><strong>fructus</strong></span> <span class='ocrx_word' id='word_1_744' title='bbox 1910 5128 2087 5183; x_wconf 88' lang='lat' dir='ltr'><strong>abun-</strong></span> 
     </span>
    </p>
   </div>
   <div class='ocr_carea' id='block_1_97' title="bbox 502 5212 2090 5288">
    <p class='ocr_par' dir='ltr' id='par_1_97' title="bbox 502 5212 2090 5288">
     <span class='ocr_line' id='line_1_97' title="bbox 502 5212 2090 5288; baseline 0.005 -22"><span class='ocrx_word' id='word_1_745' title='bbox 502 5212 662 5268; x_wconf 47' lang='lat' dir='ltr'><strong>.dans</strong></span> <span class='ocrx_word' id='word_1_746' title='bbox 691 5213 746 5268; x_wconf 90' lang='lat' dir='ltr'><strong>in</strong></span> <span class='ocrx_word' id='word_1_747' title='bbox 786 5228 868 5270; x_wconf 89' lang='lat' dir='ltr'><strong>ea.</strong></span> <span class='ocrx_word' id='word_1_748' title='bbox 910 5233 928 5266; x_wconf 74' lang='grc' dir='ltr'>ι</span> <span class='ocrx_word' id='word_1_749' title='bbox 972 5215 1017 5269; x_wconf 83' lang='grc' dir='ltr'><strong>Α</strong></span> <span class='ocrx_word' id='word_1_750' title='bbox 1049 5218 1235 5271; x_wconf 88' lang='lat' dir='ltr'><strong>multis</strong></span> <span class='ocrx_word' id='word_1_751' title='bbox 1266 5216 1550 5285; x_wconf 87' lang='lat' dir='ltr'><strong>prophetis</strong></span> <span class='ocrx_word' id='word_1_752' title='bbox 1590 5216 1732 5272; x_wconf 86' lang='lat' dir='ltr'><strong>hanc</strong></span> <span class='ocrx_word' id='word_1_753' title='bbox 1764 5219 2090 5288; x_wconf 85' lang='lat' dir='ltr'><strong>appellatio-</strong></span> 
     </span>
    </p>
   </div>
   <div class='ocr_carea' id='block_1_98' title="bbox 525 5303 2086 5375">
    <p class='ocr_par' dir='ltr' id='par_1_98' title="bbox 525 5303 2086 5375">
     <span class='ocr_line' id='line_1_98' title="bbox 525 5303 2086 5375; baseline 0.004 -18"><span class='ocrx_word' id='word_1_754' title='bbox 525 5318 642 5357; x_wconf 88' lang='lat' dir='ltr'><strong>nem</strong></span> <span class='ocrx_word' id='word_1_755' title='bbox 682 5304 913 5375; x_wconf 85' lang='lat' dir='ltr'><strong>accepit.</strong></span> <span class='ocrx_word' id='word_1_756' title='bbox 955 5303 1128 5361; x_wconf 91' lang='lat' dir='ltr'><strong>lsaias</strong></span> <span class='ocrx_word' id='word_1_757' title='bbox 1168 5306 1316 5358; x_wconf 89' lang='lat' dir='ltr'><strong>enim</strong></span> <span class='ocrx_word' id='word_1_758' title='bbox 1345 5306 1659 5361; x_wconf 83' lang='lat' dir='ltr'><strong>exclamat:</strong></span> <span class='ocrx_word' id='word_1_759' title='bbox 1714 5326 1733 5357; x_wconf 76' lang='grc' dir='ltr'><strong>ι</strong></span> <span class='ocrx_word' id='word_1_760' title='bbox 1767 5305 1941 5363; x_wconf 85' lang='lat' dir='ltr'><strong>Vinea</strong></span> <span class='ocrx_word' id='word_1_761' title='bbox 1978 5306 2086 5363; x_wconf 89' lang='lat' dir='ltr'><strong>Do-</strong></span> 
     </span>
    </p>
   </div>
   <div class='ocr_carea' id='block_1_99' title="bbox 600 5455 2100 5527">
    <p class='ocr_par' dir='ltr' id='par_1_99' title="bbox 600 5455 2097 5527">
     <span class='ocr_line' id='line_1_99' title="bbox 600 5455 2097 5527; baseline 0.001 -14"><span class='ocrx_word' id='word_1_762' title='bbox 600 5469 625 5497; x_wconf 78' lang='grc' dir='ltr'><strong>ιι</strong></span> <span class='ocrx_word' id='word_1_763' title='bbox 652 5457 821 5513; x_wconf 82' lang='lat' dir='ltr'><strong>Hebr.</strong></span> <span class='ocrx_word' id='word_1_764' title='bbox 865 5472 926 5523; x_wconf 84' lang='grc' dir='ltr'>ιι,</span> <span class='ocrx_word' id='word_1_765' title='bbox 964 5455 1053 5510; x_wconf 83' lang='grc'><strong>16.</strong></span> <span class='ocrx_word' id='word_1_766' title='bbox 1129 5455 1357 5511; x_wconf 77' lang='lat' dir='ltr'><strong>&#39;Galat.</strong></span> <span class='ocrx_word' id='word_1_767' title='bbox 1396 5472 1480 5520; x_wconf 82' lang='lat' dir='ltr'><strong>ut,</strong></span> <span class='ocrx_word' id='word_1_768' title='bbox 1518 5458 1606 5514; x_wconf 86' lang='grc'><strong>16.</strong></span> <span class='ocrx_word' id='word_1_769' title='bbox 1683 5469 1708 5498; x_wconf 74' lang='grc'>³</span> <span class='ocrx_word' id='word_1_770' title='bbox 1750 5460 1910 5517; x_wconf 80' lang='lat' dir='ltr'><strong>Rom.</strong></span> <span class='ocrx_word' id='word_1_771' title='bbox 1943 5462 2097 5527; x_wconf 76' lang='lat' dir='ltr'><strong>tx,5.</strong></span> 
     </span>
    </p>
   </div>
   <div class='ocr_carea' id='block_1_100' title="bbox 2204 5455 2671 5527">
    <p class='ocr_par' dir='ltr' id='par_1_100' title="bbox 2228 5460 2671 5527">
     <span class='ocr_line' id='line_1_100' title="bbox 2228 5460 2671 5527; baseline -0.011 -9"><span class='ocrx_word' id='word_1_772' title='bbox 2228 5464 2333 5518; x_wconf 83' lang='lat' dir='ltr'><strong>lsa.</strong></span> <span class='ocrx_word' id='word_1_773' title='bbox 2358 5478 2483 5525; x_wconf 75' lang='lat' dir='ltr'><strong>va,</strong></span> <span class='ocrx_word' id='word_1_774' title='bbox 2527 5460 2583 5527; x_wconf 91' lang='lat'><strong>8,</strong></span> <span class='ocrx_word' id='word_1_775' title='bbox 2616 5460 2671 5515; x_wconf 82' lang='lat'><strong>9.</strong></span> 
     </span>
    </p>
   </div>
   <div class='ocr_carea' id='block_1_101' title="bbox 2197 4577 3787 4655">
    <p class='ocr_par' dir='ltr' id='par_1_101' title="bbox 2197 4577 3787 4655">
     <span class='ocr_line' id='line_1_101' title="bbox 2197 4577 3787 4655; baseline -0.003 -18"><span class='ocrx_word' id='word_1_776' title='bbox 2197 4585 2450 4655; x_wconf 85' lang='grc' dir='ltr'>μανάσαρ</span> <span class='ocrx_word' id='word_1_777' title='bbox 2488 4580 2812 4645; x_wconf 86' lang='grc' dir='ltr'>ἀνέσπασεν,</span> <span class='ocrx_word' id='word_1_778' title='bbox 2858 4579 3160 4632; x_wconf 86' lang='grc' dir='ltr'>ἀνάστατον</span> <span class='ocrx_word' id='word_1_779' title='bbox 3192 4577 3509 4649; x_wconf 84' lang='grc' dir='ltr'>πεποιηκὼς</span> <span class='ocrx_word' id='word_1_780' title='bbox 3537 4578 3636 4650; x_wconf 78' lang='grc' dir='ltr'><strong>τὴν</strong></span> <span class='ocrx_word' id='word_1_781' title='bbox 3671 4580 3787 4632; x_wconf 87' lang='grc' dir='ltr'><strong>Σα-</strong></span> 
     </span>
    </p>
   </div>
   <div class='ocr_carea' id='block_1_102' title="bbox 2197 4667 3786 4745">
    <p class='ocr_par' dir='ltr' id='par_1_102' title="bbox 2197 4667 3786 4745">
     <span class='ocr_line' id='line_1_102' title="bbox 2197 4667 3786 4745; baseline -0.002 -18"><span class='ocrx_word' id='word_1_782' title='bbox 2197 4675 2451 4745; x_wconf 87' lang='grc' dir='ltr'>μάρειαν.</span> <span class='ocrx_word' id='word_1_783' title='bbox 2513 4671 2668 4726; x_wconf 85' lang='grc' dir='ltr'>Μετά</span> <span class='ocrx_word' id='word_1_784' title='bbox 2714 4670 2772 4723; x_wconf 82' lang='grc' dir='ltr'>δὲ</span> <span class='ocrx_word' id='word_1_785' title='bbox 2809 4670 2910 4738; x_wconf 73' lang='grc' dir='ltr'><strong>τὴν</strong></span> <span class='ocrx_word' id='word_1_786' title='bbox 2951 4667 3158 4740; x_wconf 78' lang='grc' dir='ltr'>ταύτης</span> <span class='ocrx_word' id='word_1_787' title='bbox 3206 4669 3544 4741; x_wconf 87' lang='grc' dir='ltr'>πολιορκίαν,</span> <span class='ocrx_word' id='word_1_788' title='bbox 3591 4670 3786 4725; x_wconf 83' lang='grc' dir='ltr'>οὐκέτι</span> 
     </span>
    </p>
   </div>
   <div class='ocr_carea' id='block_1_103' title="bbox 2193 4759 3784 4834">
    <p class='ocr_par' dir='ltr' id='par_1_103' title="bbox 2193 4759 3784 4834">
     <span class='ocr_line' id='line_1_103' title="bbox 2193 4759 3784 4834; baseline 0 -19"><span class='ocrx_word' id='word_1_789' title='bbox 2193 4763 2350 4834; x_wconf 77' lang='grc' dir='ltr'><strong>ἔσχον</strong></span> <span class='ocrx_word' id='word_1_790' title='bbox 2393 4763 2451 4815; x_wconf 88' lang='grc' dir='ltr'>αἱ</span> <span class='ocrx_word' id='word_1_791' title='bbox 2484 4762 2617 4815; x_wconf 84' lang='grc' dir='ltr'>δέκα</span> <span class='ocrx_word' id='word_1_792' title='bbox 2651 4760 2816 4828; x_wconf 81' lang='grc' dir='ltr'>φυλαὶ</span> <span class='ocrx_word' id='word_1_793' title='bbox 2866 4759 3092 4830; x_wconf 82' lang='grc' dir='ltr'>βασιλέα</span> <span class='ocrx_word' id='word_1_794' title='bbox 3119 4762 3193 4793; x_wconf 87' lang='grc'><strong>³⁷·</strong></span> <span class='ocrx_word' id='word_1_795' title='bbox 3248 4760 3308 4814; x_wconf 81' lang='grc' dir='ltr'><strong>τὸ</strong></span> <span class='ocrx_word' id='word_1_796' title='bbox 3335 4761 3413 4825; x_wconf 81' lang='grc' dir='ltr'>δὲ,</span> <span class='ocrx_word' id='word_1_797' title='bbox 3455 4779 3473 4812; x_wconf 77' lang='grc' dir='ltr'><strong>ι</strong></span> <span class='ocrx_word' id='word_1_798' title='bbox 3518 4762 3784 4815; x_wconf 88' lang='grc' dir='ltr'>Ἔσονται</span> 
     </span>
    </p>
   </div>
   <div class='ocr_carea' id='block_1_104' title="bbox 2196 4850 3784 4924">
    <p class='ocr_par' dir='ltr' id='par_1_104' title="bbox 2196 4850 3784 4924">
     <span class='ocr_line' id='line_1_104' title="bbox 2196 4850 3784 4924; baseline -0.002 -16"><span class='ocrx_word' id='word_1_799' title='bbox 2196 4853 2466 4920; x_wconf 82' lang='grc' dir='ltr'>πλανῆται</span> <span class='ocrx_word' id='word_1_800' title='bbox 2494 4855 2552 4906; x_wconf 79' lang='grc' dir='ltr'><strong>ἐν</strong></span> <span class='ocrx_word' id='word_1_801' title='bbox 2593 4854 2705 4913; x_wconf 84' lang='grc' dir='ltr'>τοῖς</span> <span class='ocrx_word' id='word_1_802' title='bbox 2743 4850 2942 4915; x_wconf 68' lang='grc' dir='ltr'>ἔθνεσι,</span> <span class='ocrx_word' id='word_1_803' title='bbox 2978 4870 2998 4903; x_wconf 71' lang='grc' dir='ltr'>ι</span> <span class='ocrx_word' id='word_1_804' title='bbox 3043 4850 3234 4922; x_wconf 80' lang='grc' dir='ltr'>σαφῶς</span> <span class='ocrx_word' id='word_1_805' title='bbox 3274 4851 3455 4905; x_wconf 83' lang='grc' dir='ltr'>αὐτῶν</span> <span class='ocrx_word' id='word_1_806' title='bbox 3486 4851 3640 4921; x_wconf 79' lang='grc' dir='ltr'>δηλοῖ</span> <span class='ocrx_word' id='word_1_807' title='bbox 3674 4851 3784 4924; x_wconf 77' lang='grc' dir='ltr'>τὴν</span> 
     </span>
    </p>
   </div>
   <div class='ocr_carea' id='block_1_105' title="bbox 2196 4945 2519 5015">
    <p class='ocr_par' dir='ltr' id='par_1_105' title="bbox 2196 4945 2519 5015">
     <span class='ocr_line' id='line_1_105' title="bbox 2196 4945 2519 5015; baseline -0.003 -17"><span class='ocrx_word' id='word_1_808' title='bbox 2196 4945 2519 5015; x_wconf 74' lang='grc' dir='ltr'>διασπορὰν.</span> 
     </span>
    </p>
   </div>
   <div class='ocr_carea' id='block_1_106' title="bbox 2789 5033 3157 5088">
    <p class='ocr_par' dir='ltr' id='par_1_106' title="bbox 2789 5033 3157 5088">
     <span class='ocr_line' id='line_1_106' title="bbox 2789 5033 3157 5088; baseline -0.005 0"><span class='ocrx_word' id='word_1_809' title='bbox 2789 5033 3039 5088; x_wconf 80' lang='grc' dir='ltr'><strong>ΚΕΦΑΛ.</strong></span> <span class='ocrx_word' id='word_1_810' title='bbox 3098 5034 3157 5086; x_wconf 84' lang='lat' dir='ltr'><strong>I&#39;.</strong></span> 
     </span>
    </p>
   </div>
   <div class='ocr_carea' id='block_1_107' title="bbox 2266 5120 3783 5196">
    <p class='ocr_par' dir='ltr' id='par_1_107' title="bbox 2266 5120 3783 5196">
     <span class='ocr_line' id='line_1_107' title="bbox 2266 5120 3783 5196; baseline -0.003 -15"><span class='ocrx_word' id='word_1_811' title='bbox 2266 5133 2338 5181; x_wconf 91' lang='grc' dir='ltr'><strong>α’.</strong></span> <span class='ocrx_word' id='word_1_812' title='bbox 2380 5144 2399 5177; x_wconf 77' lang='grc' dir='ltr'><strong>ι</strong></span> <span class='ocrx_word' id='word_1_813' title='bbox 2432 5124 2712 5195; x_wconf 80' lang='grc' dir='ltr'>’Δμπελος</span> <span class='ocrx_word' id='word_1_814' title='bbox 2754 5124 3178 5196; x_wconf 80' lang='grc' dir='ltr'>εὐκληματοῦσα</span> <span class='ocrx_word' id='word_1_815' title='bbox 3226 5120 3459 5193; x_wconf 78' lang='grc' dir='ltr'>Ἰσραὴλ,</span> <span class='ocrx_word' id='word_1_816' title='bbox 3495 5124 3523 5176; x_wconf 75' lang='grc' dir='ltr'><strong>ὁ</strong></span> <span class='ocrx_word' id='word_1_817' title='bbox 3564 5123 3783 5193; x_wconf 80' lang='grc' dir='ltr'>καρπὸς</span> 
     </span>
    </p>
   </div>
   <div class='ocr_carea' id='block_1_108' title="bbox 2196 5213 3783 5288">
    <p class='ocr_par' dir='ltr' id='par_1_108' title="bbox 2196 5213 3783 5288">
     <span class='ocr_line' id='line_1_108' title="bbox 2196 5213 3783 5288; baseline -0.007 -14"><span class='ocrx_word' id='word_1_818' title='bbox 2196 5219 2366 5288; x_wconf 76' lang='grc' dir='ltr'>αὐτῆς</span> <span class='ocrx_word' id='word_1_819' title='bbox 2418 5217 2681 5287; x_wconf 76' lang='grc' dir='ltr'>εὐθηνῶν.</span> <span class='ocrx_word' id='word_1_820' title='bbox 2714 5235 2732 5268; x_wconf 69' lang='grc' dir='ltr'>ι</span> <span class='ocrx_word' id='word_1_821' title='bbox 2775 5217 2932 5287; x_wconf 86' lang='grc' dir='ltr'>Παρά</span> <span class='ocrx_word' id='word_1_822' title='bbox 2975 5215 3186 5269; x_wconf 86' lang='grc' dir='ltr'>πολλῶν</span> <span class='ocrx_word' id='word_1_823' title='bbox 3233 5213 3528 5285; x_wconf 83' lang='grc' dir='ltr'>προφητῶν</span> <span class='ocrx_word' id='word_1_824' title='bbox 3568 5213 3783 5282; x_wconf 77' lang='grc' dir='ltr'>ταύτην</span> 
     </span>
    </p>
   </div>
   <div class='ocr_carea' id='block_1_109' title="bbox 2194 5301 3766 5379">
    <p class='ocr_par' dir='ltr' id='par_1_109' title="bbox 2194 5301 3766 5379">
     <span class='ocr_line' id='line_1_109' title="bbox 2194 5301 3766 5379; baseline -0.006 -15"><span class='ocrx_word' id='word_1_825' title='bbox 2194 5308 2293 5379; x_wconf 77' lang='grc' dir='ltr'><strong>τὴν</strong></span> <span class='ocrx_word' id='word_1_826' title='bbox 2338 5304 2710 5378; x_wconf 82' lang='grc' dir='ltr'>προσηγορίαν</span> <span class='ocrx_word' id='word_1_827' title='bbox 2760 5304 2997 5369; x_wconf 80' lang='grc' dir='ltr'>ἐδέξατο.</span> <span class='ocrx_word' id='word_1_828' title='bbox 3052 5304 3165 5357; x_wconf 73' lang='grc' dir='ltr'>Καὶ</span> <span class='ocrx_word' id='word_1_829' title='bbox 3215 5301 3325 5375; x_wconf 84' lang='grc' dir='ltr'><strong>γὰρ</strong></span> <span class='ocrx_word' id='word_1_830' title='bbox 3357 5303 3585 5366; x_wconf 74' lang='grc' dir='ltr'>Ἡσαΐας</span> <span class='ocrx_word' id='word_1_831' title='bbox 3627 5302 3766 5373; x_wconf 55' lang='lat'><strong>$05;-</strong></span> 
     </span>
    </p>
   </div>
   <div class='ocr_carea' id='block_1_110' title="bbox 2750 5460 3073 5516">
    <p class='ocr_par' dir='ltr' id='par_1_110' title="bbox 2750 5460 3073 5516">
     <span class='ocr_line' id='line_1_110' title="bbox 2750 5460 3073 5516; baseline 0.003 -2"><span class='ocrx_word' id='word_1_832' title='bbox 2750 5470 2773 5498; x_wconf 76' lang='grc' dir='ltr'><strong>ι</strong></span> <span class='ocrx_word' id='word_1_833' title='bbox 2810 5460 2944 5516; x_wconf 85' lang='lat' dir='ltr'><strong>ibid.</strong></span> <span class='ocrx_word' id='word_1_834' title='bbox 2987 5460 3073 5515; x_wconf 72' lang='lat'><strong>12.</strong></span> 
     </span>
    </p>
   </div>
   <div class='ocr_carea' id='block_1_111' title="bbox 1810 5613 2494 5671">
    <p class='ocr_par' dir='ltr' id='par_1_111' title="bbox 1810 5613 2494 5671">
     <span class='ocr_line' id='line_1_111' title="bbox 1810 5613 2494 5671; baseline 0.003 -3"><span class='ocrx_word' id='word_1_835' title='bbox 1810 5613 2044 5669; x_wconf 61' lang='lat' dir='ltr'><strong>VABIA&#39;}</strong></span> <span class='ocrx_word' id='word_1_836' title='bbox 2085 5613 2494 5671; x_wconf 76' lang='lat' dir='ltr'><strong>LECTIONES.</strong></span> 
     </span>
    </p>
   </div>
   <div class='ocr_carea' id='block_1_112' title="bbox 609 5722 3768 5799">
    <p class='ocr_par' dir='ltr' id='par_1_112' title="bbox 609 5722 3768 5799">
     <span class='ocr_line' id='line_1_112' title="bbox 609 5722 3768 5799; baseline 0.001 -19"><span class='ocrx_word' id='word_1_837' title='bbox 609 5727 653 5799; x_wconf 55' lang='grc' dir='ltr'>³ξ</span> <span class='ocrx_word' id='word_1_838' title='bbox 681 5725 723 5780; x_wconf 84' lang='lat' dir='ltr'><strong>C</strong></span> <span class='ocrx_word' id='word_1_839' title='bbox 756 5722 997 5799; x_wconf 62' lang='grc' dir='ltr'>πάντων,</span> <span class='ocrx_word' id='word_1_840' title='bbox 1020 5722 1175 5799; x_wconf 55' lang='lat' dir='ltr'><strong>initia</strong></span> <span class='ocrx_word' id='word_1_841' title='bbox 1205 5738 1313 5799; x_wconf 78' lang='lat' dir='ltr'><strong>ree.</strong></span> <span class='ocrx_word' id='word_1_842' title='bbox 1351 5726 1477 5799; x_wconf 66' lang='lat' dir='ltr'><strong>lect.</strong></span> <span class='ocrx_word' id='word_1_843' title='bbox 1521 5728 1556 5780; x_wconf 91' lang='lat' dir='ltr'><strong>l.</strong></span> <span class='ocrx_word' id='word_1_844' title='bbox 1592 5744 1642 5781; x_wconf 86' lang='lat' dir='ltr'><strong>c.</strong></span> <span class='ocrx_word' id='word_1_845' title='bbox 1681 5726 1923 5799; x_wconf 68' lang='lat' dir='ltr'><strong>Utraque</strong></span> <span class='ocrx_word' id='word_1_846' title='bbox 1954 5731 2114 5785; x_wconf 87' lang='lat' dir='ltr'><strong>lectio</strong></span> <span class='ocrx_word' id='word_1_847' title='bbox 2153 5739 2333 5787; x_wconf 83' lang='lat' dir='ltr'><strong>exstat</strong></span> <span class='ocrx_word' id='word_1_848' title='bbox 2365 5729 2526 5796; x_wconf 73' lang='lat' dir='ltr'><strong>inira,</strong></span> <span class='ocrx_word' id='word_1_849' title='bbox 2560 5737 2601 5785; x_wconf 91' lang='lat' dir='ltr'><strong>t.</strong></span> <span class='ocrx_word' id='word_1_850' title='bbox 2634 5728 2721 5794; x_wconf 86' lang='lat' dir='ltr'><strong>lll,</strong></span> <span class='ocrx_word' id='word_1_851' title='bbox 2764 5728 2816 5783; x_wconf 91' lang='lat' dir='ltr'><strong>in</strong></span> <span class='ocrx_word' id='word_1_852' title='bbox 2849 5730 3021 5797; x_wconf 69' lang='lat' dir='ltr'><strong>epist.</strong></span> <span class='ocrx_word' id='word_1_853' title='bbox 3048 5730 3115 5785; x_wconf 88' lang='lat' dir='ltr'><strong>ad</strong></span> <span class='ocrx_word' id='word_1_854' title='bbox 3156 5726 3315 5785; x_wconf 80' lang='lat' dir='ltr'><strong>Rom.</strong></span> <span class='ocrx_word' id='word_1_855' title='bbox 3351 5727 3388 5783; x_wconf 92' lang='lat' dir='ltr'><strong>l.</strong></span> <span class='ocrx_word' id='word_1_856' title='bbox 3417 5743 3473 5784; x_wconf 90' lang='lat' dir='ltr'><strong>c.</strong></span> <span class='ocrx_word' id='word_1_857' title='bbox 3542 5727 3588 5760; x_wconf 76' lang='lat'>&quot;</span> <span class='ocrx_word' id='word_1_858' title='bbox 3620 5725 3768 5799; x_wconf 76' lang='grc' dir='ltr'><strong>Κῦρ.</strong></span> 
     </span>
    </p>
   </div>
   <div class='ocr_carea' id='block_1_113' title="bbox 516 5795 674 5862">
    <p class='ocr_par' dir='ltr' id='par_1_113' title="bbox 516 5795 674 5862">
     <span class='ocr_line' id='line_1_113' title="bbox 516 5795 674 5862; baseline -0.006 -14"><span class='ocrx_word' id='word_1_859' title='bbox 516 5795 557 5848; x_wconf 64' lang='grc' dir='ltr'><strong>(ἑ</strong></span> 
     </span>
    </p>
   </div>
   <div class='ocr_carea' id='block_1_114' title="bbox 753 5791 2128 5865">
    <p class='ocr_par' dir='ltr' id='par_1_114' title="bbox 753 5791 2128 5865">
     <span class='ocr_line' id='line_1_114' title="bbox 753 5791 2128 5865; baseline 0.007 -19"><span class='ocrx_word' id='word_1_860' title='bbox 753 5794 794 5823; x_wconf 85' lang='grc'><strong>³⁷</strong></span> <span class='ocrx_word' id='word_1_861' title='bbox 815 5793 937 5861; x_wconf 76' lang='grc' dir='ltr'><strong>βασ.</strong></span> <span class='ocrx_word' id='word_1_862' title='bbox 977 5793 1056 5848; x_wconf 86' lang='lat' dir='ltr'><strong>Ita</strong></span> <span class='ocrx_word' id='word_1_863' title='bbox 1078 5791 1118 5846; x_wconf 66' lang='grc' dir='ltr'><strong>(ὲ</strong></span> <span class='ocrx_word' id='word_1_864' title='bbox 1146 5809 1242 5864; x_wconf 90' lang='lat' dir='ltr'><strong>pro</strong></span> <span class='ocrx_word' id='word_1_865' title='bbox 1272 5794 1566 5865; x_wconf 83' lang='grc' dir='ltr'>βασιλείαν,</span> <span class='ocrx_word' id='word_1_866' title='bbox 1591 5807 1649 5852; x_wconf 85' lang='grc' dir='ltr'><strong>ιιι</strong></span> <span class='ocrx_word' id='word_1_867' title='bbox 1681 5791 1847 5855; x_wconf 69' lang='grc' dir='ltr'><strong>δὶτιιιξ</strong></span> <span class='ocrx_word' id='word_1_868' title='bbox 1876 5800 2128 5855; x_wconf 85' lang='lat' dir='ltr'><strong>habebat.</strong></span> 
     </span>
    </p>
   </div>
  </div>
