4088 6460
389 421 529 488 16θό

1749 431 1833 489 ΙΝ
1862 431 2051 491 OSEE
2092 433 2251 493 CAP.
2284 434 2354 492 X.

3512 434 3530 497 i
3543 433 3649 498 θθθ

391 552 414 591 t
464 536 526 589 ’0
579 535 845 606 ἀμπελὼν
876 535 1087 607 Κυρίου
1120 536 1348 590 Σαϐαὼθ
1404 533 1549 600 οἶκος
1598 538 1689 591 τοῦ
1754 539 1964 610 Ἰσραήλ

2076 543 2208 597 mini
2237 544 2579 599 exercituum
2609 545 2808 602 domus
2849 546 3074 602 lsraelis
3103 558 3189 602 est
3220 559 3268 600 α.
3318 566 3335 598 ι
3373 546 3435 600 Et
3477 545 3648 601 David

385 630 523 682 ἐστι.
564 646 583 678 ι
612 628 724 682 Καὶ
754 629 783 681 ὁ
804 628 971 682 Δαϐὶδ
1000 629 1106 700 πρὸ
1132 629 1339 683 ἐκείνου
1362 647 1375 658 ·
1412 630 1688 700 ’Ἄμπελον
1710 630 1769 696 ἐξ
1795 631 1961 698 Αίγύ-

386 739 524 775 πτου
565 722 829 791 μετῆρας.
865 739 883 770 ι
924 724 1034 775 Καὶ
1065 724 1093 776 ὁ
1126 722 1260 787 Θεὸς
1291 722 1380 777 διὰ
1411 724 1675 794 Ἱερεμίου
1696 739 1709 752 ’
1756 741 1775 775 ι
1822 725 1967 792 Ἐγὼ

382 812 442 866 δὲ
469 811 746 881 ὲφύτευσά
783 830 842 864 σε
876 812 1122 884 ἄμπελον
1150 816 1523 886 καρποφόρον,
1561 818 1741 870 πᾶσαν
1772 817 1964 886 ἀληθιο

382 905 503 973 νήν.
543 921 561 954 ι
609 902 721 956 Καὶ
758 905 788 956 ὁ
829 903 1033 975 Κύριος
1076 906 1135 958 ὲν
1178 907 1292 969 τοῖς
1333 906 1725 974 Εὑαγγελίοις·
1770 924 1789 957 ‹
1833 907 1964 958 Ἀν-

383 992 605 1063 θρωπός
640 1010 725 1056 τις
771 992 1066 1062 ἐφύτευσεν
1111 996 1431 1065 ἀμπελῶνα,
1487 997 1580 1050 καὶ
1626 996 1836 1063 ἐξέδοτο
1862 998 1961 1049 αὐ-

382 1083 476 1137 τὸν
515 1086 813 1152 γεωργοῖς,
851 1086 946 1137 καὶ
991 1085 1335 1157 ἀπεδήμησε.
1384 1106 1401 1140 ι
1443 1090 1615 1142 Καλεί
1644 1089 1822 1142 τοίνυν
1869 1089 1965 1143 καὶ

382 1174 620 1228 ἐνταῦθα
652 1175 1161 1242 εὐκληματοῦσαν
1182 1175 1457 1245 ἄμπελον
1479 1178 1569 1231 τὸν
1598 1179 1837 1249 Ἰσραήλ,
1870 1179 1965 1233 καὶ

388 1265 481 1317 τὸν
513 1263 908 1334 καρπδναύτῆς
937 1264 1331 1332 εὐθηνοῦντα,
1349 1268 1410 1319 οὐ
1439 1266 1528 1319 διὰ
1547 1267 1645 1337 τήν
1682 1265 1964 1320 εὐσέϐειαν

385 1356 480 1409 καὶ
511 1353 610 1425 τὴν
643 1355 810 1424 ἄλλην
853 1354 1075 1424 ἀρετὴν,
1115 1354 1210 1407 τοῦ
1263 1356 1320 1409 δὲ
1366 1355 1605 1428 πλήθους
1653 1357 1812 1427 χάριν
1855 1355 1965 1410 τῶν

382 1446 695 1515 ἀπογόνων.
734 1445 845 1498 Καὶ
895 1443 1050 1497 τοῦτο
1104 1445 1262 1515 δῆλον
1307 1446 1641 1519 πεποίηκεν,
1694 1446 1960 1518 εἰρηκώς·

389 1560 408 1588 ι
456 1534 615 1588 Κατὰ
646 1534 707 1587 τὸ
736 1533 940 1603 πλῆθος
968 1532 1076 1586 τῶν
1106 1535 1335 1607 καρπῶν
1376 1535 1541 1589 αὑτοῦ
1586 1536 1854 1608 ἐπλήθυνε
1897 1536 1966 1591 τά

385 1627 770 1698 θυσιαστήρια.
813 1644 833 1676 ι
882 1624 1238 1695 Ὰύξηθὲντες,
1271 1629 1426 1697 φησὶ,
1458 1628 1552 1681 καὶ
1592 1627 1776 1681 πολλοὶ
1804 1645 1966 1697 γεγο-

384 1718 556 1781 νότες,
580 1716 857 1789 πανταχοῦ
883 1716 1243 1789 θυσιαστήρια
1269 1721 1381 1782 τοῖς
1401 1718 1641 1784 εἰδώλοις
1664 1719 1961 1789 ὲδείμαντο.

392 1829 410 1863 ι
439 1810 597 1864 Κατά
614 1808 683 1863 τὰ
704 1808 885 1877 ἀγαθά
904 1809 1007 1880 τῆς
1026 1810 1130 1879 γῆς
1146 1809 1312 1863 αὑτοῦ
1339 1810 1656 1881 ᾠκοδόμησε
1688 1811 1919 1883 στήλας.
1940 1831 1958 1863 ι

2068 646 2195 689 ante
2240 636 2391 689 illum
2424 652 2437 686 :
2479 657 2496 688 ι
2528 635 2755 691 Vineam
2788 638 2856 693 de
2888 637 3125 708 Egypto
3169 638 3503 692 transtulisti
3535 638 3586 693 ιι.
3622 656 3643 689 ι

2070 725 2207 781 Tum
2246 726 2506 784 Dominus
2550 743 2645 797 per
2668 727 2966 783 Jeremiam
3002 746 3015 783 :
3061 747 3079 778 ι
3114 727 3226 797 Ego
3260 734 3443 782 autem
3484 728 3648 796 plan-
3752 776 3773 787 _.

2069 821 2177 872 tavi
2226 826 2280 872 te
2333 819 2498 874 vitem
2543 819 2888 889 frugiferam,
2932 828 3101 872 totam
3136 833 3314 870 veram
3361 832 3407 872 υ.
3434 837 3462 869 οι
3508 816 3648 870 Tum

2067 908 2324 964 Christus
2360 909 2413 962 in
2452 909 2804 978 Evangeliis:
2850 927 2868 960 ι
2908 910 3084 962 Homo
3119 908 3346 977 quidam
3380 907 3650 978 plantavit

2069 1001 2283 1053 vineam
2311 1039 2327 1064 ,
2359 1007 2414 1054 ct
2446 1000 2650 1054 locavit
2696 1015 2817 1054 eam
2857 999 3074 1053 colonis
3099 1038 3113 1060 ,
3168 1007 3220 1052 et
3271 999 3387 1068 ipse
3423 1011 3650 1068 peregre

2067 1090 2204 1144 abiit
2232 1088 2281 1144 ἀ.
2320 1110 2338 1142 ι
2388 1089 2507 1145 Hoc
2549 1090 2716 1160 igitur
2755 1090 2921 1144 etiam
2974 1090 3095 1143 loco
3144 1090 3299 1142 vitem
3339 1088 3647 1159 frondosam

2067 1191 2226 1237 vocat
2270 1182 2549 1245 lsraelem,
2584 1191 2637 1237 et
2678 1180 2919 1236 fructum
2950 1181 3070 1251 ejus
3103 1181 3498 1246 abundantem,
3537 1194 3648 1234 non

2069 1282 2293 1341 propter
2318 1271 2441 1339 ejus
2474 1272 2733 1341 pietatem
2760 1272 2970 1326 aliasve
3002 1271 3268 1335 virtutes,
3299 1270 3394 1325 sed
3426 1279 3649 1339 propter

2068 1365 2366 1419 liberorum
2412 1363 2847 1417 multitudinem.
2898 1360 2951 1415 Id
2993 1361 3140 1429 quod
3175 1360 3518 1425 declaravit,
3559 1361 3647 1415 di-

2066 1468 2238 1508 cens:
2299 1472 2317 1503 ι
2361 1452 2677 1506 Secundum
2724 1451 3142 1505 multitudinem
3186 1450 3469 1505 fructuum
3513 1466 3647 1506 suo-

2066 1558 2189 1597 rum
2222 1543 2614 1612 multiplicavit
2658 1541 2874 1596 altaria.
2922 1560 2940 1592 ι
2987 1541 3346 1597 Multitudine
3371 1584 3385 1609 ,
3419 1543 3599 1613 inquit
3628 1582 3645 1607 ,

2068 1636 2270 1699 aucti,
2321 1636 2525 1704 passim
2574 1634 2771 1689 altaria
2841 1633 3053 1706 1357
3109 1634 3275 1691 idolis
3329 1645 3645 1690 erexerunt.

2074 1746 2093 1780 ι
2130 1726 2292 1781 Juxta
2332 1728 2475 1783 bona
2509 1735 2673 1782 terra:
2705 1742 2819 1782 sua:
2851 1727 3129 1782 exstruxit
3170 1727 3381 1783 titulos.
3416 1747 3435 1780 ι
3479 1727 3649 1783 Bonis

2069 1820 2242 1884 meis,
2286 1819 2500 1889 inquit,
2556 1834 2657 1889 pro
2697 1818 3022 1874 defensione
3069 1818 3341 1874 idolorum
3385 1827 3643 1886 utentes,

388 1904 516 1966 Τοῖς
548 1904 720 1973 ἐμοῖς,
759 1906 946 1975 φησὶν,
984 1902 1473 1975 ὑπερμαχήσαντες
1498 1902 1543 1937 ³⁸
1576 1904 1799 1974 ἀγαθοῖς
1832 1905 1961 1977 στή-

2069 1920 2283 1966 statuas
2312 1912 2421 1965 illis
2448 1911 2853 1966 excitaverunt.

385 1994 485 2058 λας
509 1996 622 2058 τοῖς
655 1994 895 2058 εἰδώλοις
921 1995 1248 2066 ἀνέστησαν.

457 2088 522 2158 β’.
574 2107 591 2138 ι
638 2087 931 2158 Ἑμέρισαν
961 2088 1188 2158 καρδίας
1215 2088 1417 2143 αὐτῶν.
1459 2107 1479 2139 ι
1529 2088 1664 2142 Οὔτε
1697 2087 1805 2160 γὰρ
1836 2089 1966 2160 περὶ

382 2179 570 2231 ἐκεῖνα
597 2176 693 2249 τὴν
722 2176 935 2230 εὔνοιαν
974 2177 1319 2248 διεφύλαξαν,
1352 2177 1489 2232 ἀλλά
1515 2178 1610 2233 νῦν
1646 2179 1744 2250 μὲν
1785 2179 1962 2243 τοῦτο,

380 2271 479 2325 νῦν
515 2271 571 2324 δὲ
616 2272 792 2323 ὲκεῖνο
821 2269 1070 2333 σέϐοντες
1101 2270 1164 2323 τὸ
1202 2252 1429 2323 εἴδωλον
1450 2270 1780 2325 διετέλεσαν.
1825 2269 1965 2323 Ἀλλ’

379 2362 496 2429 ἐγὼ
528 2367 622 2416 καὶ
650 2362 850 2425 αὐτοὺς
894 2365 1077 2433 σφαγῇ
1114 2364 1208 2415 καὶ
1243 2362 1459 2434 δουλείᾳ
1490 2362 1832 2433 παραδώσω,
1870 2360 1966 2415 καὶ¹

378 2452 555 2507 ταῦτα
586 2451 792 2524 φροῦδα
826 2453 1055 2523 ποιήσω.
1099 2447 1231 2505 Εἶτα
1267 2452 1505 2506 διδάσκει
1536 2453 1734 2516 αὐτοὺς
1761 2452 1966 2517 ὁποίοις

381 2546 654 2616 προσήκει
688 2543 1197 2614 μεταμελουμένους
1227 2544 1536 2616 χρήσασθαι
1563 2544 1765 2613 λόγοις.

463 2647 532 2708 γ’,
561 2640 621 2692 δ’.
668 2657 686 2689 ι
723 2637 839 2690 Νῦν
867 2636 1082 2707 ἐροῦσιν
1102 2654 1115 2668 ⁸
1154 2638 1266 2691 Οὐκ
1290 2637 1404 2690 ἔστι
1427 2636 1680 2707 βασιλεὺς
1708 2638 1861 2708 ήμῖν,
1881 2637 1964 2690 ὅτι

380 2730 484 2789 οὐκ
510 2728 859 2800 ἐφοϐήθημεν
879 2729 968 2781 τδν
1000 2728 1231 2799 Κύριον·
1256 2730 1284 2782 ὁ
1303 2728 1358 2781 δὲ
1390 2728 1644 2798 βασιλεὺς
1668 2727 1721 2781 τί
1750 2727 1963 2799 ποιήσει

377 2825 550 2894 ήμῖν;
576 2820 767 2874 Λαλῶν
793 2821 1034 2891 ῥήματα,
1058 2820 1360 2892 προφάσεις
1383 2819 1619 2888 ψευδεῖς,
1649 2819 1966 2891 διαθήσεται

378 2914 672 2987 διαθήκην.
718 2933 737 2964 ι
795 2913 1065 2983 Οὐδεμιᾶς
1115 2912 1258 2983 γὰρ,
1309 2912 1501 2983 φησὶν,
1539 2911 1647 2964 ἀπὸ
1682 2910 1777 2963 τοῦ
1816 2911 1968 2981 βασι-

379 3007 522 3068 λέως
566 3006 951 3076 τετυχήκαμεν
999 3004 1351 3076 ἐπικουρίαςο
1416 3004 1512 3056 καὶ
1552 3002 1670 3057 δὲον
1712 3004 1862 3074 ἡμᾶς
1890 3000 1967 3072 τῷ

380 3098 505 3168 Θεῷ
530 3098 774 3170 θαρρεῖν,
796 3097 874 3166 τῷ
896 3092 1243 3164 παντοδαπῆς
1263 3096 1408 3165 ἡμᾶς
1427 3093 1663 3159 ἀξιοῦντι
1687 3094 1963 3166 προνοίας,

379 3188 657 3263 ἀνθρώπῳ
685 3188 1109 3260 τεθαρρήκαμεν
1150 3187 1304 3240 οὐδὲν
1348 3186 1545 3256 ἀληθὲς
1587 3186 1963 3256 φθεγγομένῳ,

2141 2089 2311 2145 Vens.
2352 2089 2407 2144 2.
2458 2109 2476 2142 ι
2514 2089 2831 2145 Diviserunt
2869 2087 3035 2145 corda
3074 2103 3198 2144 sua.
3231 2106 3250 2139 ι
3284 2086 3362 2142 Ne
3388 2103 3516 2159 erga
3549 2087 3639 2143 illa

2066 2182 2288 2253 quidem
2320 2183 2564 2237 studium
2601 2193 2655 2237 et
2680 2194 2924 2237 amorem
2956 2187 3341 2246 servaverunt,
3373 2180 3466 2235 sed
3496 2195 3645 2235 nunc

2069 2275 2195 2337 hoc,
2222 2290 2371 2328 nunc
2409 2273 2542 2327 illud
2585 2273 2791 2328 idolum
2823 2274 3139 2328 coluerunt.
3180 2271 3291 2342 Ego
3324 2287 3454 2327 vero
3496 2279 3550 2326 et
3589 2274 3646 2325 in

2072 2365 2412 2420 occisionem
2441 2408 2456 2430 ,
2489 2377 2544 2420 et
2572 2365 2626 2419 in
2660 2365 2980 2419 servitutem
3026 2379 3121 2419 eos
3158 2364 3365 2417 tradam
3393 2402 3408 2428 ,
3443 2372 3494 2416 et
3525 2361 3648 2417 fun-

2069 2455 2216 2508 ditus
2257 2453 2349 2506 illa
2391 2453 2609 2508 delebo.
2652 2451 2847 2506 Postea
2882 2450 3042 2505 docet
3075 2451 3199 2503 illos
3230 2489 3245 2514 ,
3287 2449 3490 2519 quibus
3522 2462 3649 2503 ver-

2067 2546 2152 2601 bis
2177 2560 2273 2600 eos
2311 2546 2388 2599 uti
2425 2545 2753 2607 conveniat,
2791 2543 2837 2598 si
2869 2542 3288 2612 resipiscerent.

2142 2637 2306 2693 Vens.
2346 2638 2402 2703 5,
2434 2637 2490 2690 4.
2540 2654 2558 2687 ι
2610 2634 2768 2689 Nunc
2825 2633 3012 2687 dicent
3051 2650 3065 2686 :
3096 2630 3215 2686 Non
3236 2640 3321 2686 cst
3346 2646 3438 2685 rex
3466 2629 3647 2692 nobis,

2066 2731 2195 2801 quia
2222 2746 2330 2784 non
2368 2728 2654 2783 timuimus
2684 2725 2977 2780 Dominum
3005 2742 3019 2777 :
3052 2738 3147 2777 rex
3180 2730 3364 2776 autem
3393 2719 3526 2790 quid
3562 2718 3647 2772 fa-

2067 2822 2176 2876 ciet
2209 2819 2413 2875 nobis?
2450 2818 2703 2889 Loquens
2737 2816 2934 2878 verba,
2972 2813 3298 2869 occasiones
3330 2811 3649 2876 mendaces,

2068 2915 2325 2984 disponet
2355 2918 2770 2967 testamentum.
2810 2928 2829 2959 ι
2871 2905 3091 2960 Nullum
3126 2905 3271 2960 enim
3297 2945 3312 2971 ,
3356 2904 3579 2968 dicent,
3617 2917 3650 2956 a

2068 3022 2196 3077 rege
2222 3002 2533 3061 subsidium
2565 2999 2813 3057 assecuti
2850 3012 3047 3054 sumus
3081 3012 3198 3061 :ac,
3234 3010 3357 3049 cum
3381 3011 3477 3062 par
3502 3000 3652 3049 esset

2068 3096 2182 3153 Deo
2229 3095 2543 3155 confidere,
2586 3094 2680 3161 qui
2745 3105 2850 3144 nos
2916 3089 3104 3144 on:ni‘
3138 3087 3347 3142 ratione
3389 3084 3648 3146 fovebat,

2072 3188 2316 3243 hominis
2363 3185 2560 3241 ﬁducia
2592 3183 2709 3238 nixi
2751 3182 2959 3236 fuimus
3007 3178 3297 3233 mendacia
3335 3176 3649 3246 loquentis,

382 3282 690 3355 προφάσεις
747 3279 803 3332 δὲ
851 3280 938 3332 ἀεὶ
986 3277 1360 3348 πλαττομένῳ,
1411 3279 1506 3331 καὶ
1557 3276 1650 3330 νῦν
1685 3277 1783 3346 μὲν
1831 3277 1964 3347 πρὸς

2069 3282 2352 3350 speciosas
2376 3277 2700 3332 occasiones
2721 3273 2999 3342 fingentis,
3030 3285 3175 3324 nunc
3209 3284 3332 3323 eum
3364 3269 3472 3331 his,
3502 3281 3652 3321 nunc

379 3372 610 3434 τοῦτους
629 3370 694 3435 ⁸⁵,
735 3368 830 3423 νῦν
860 3367 917 3421 δὲ
948 3367 1084 3439 πρὸς
1122 3368 1366 3431 ἐκείνους
1400 3368 1445 3397 ’⁸ο
1492 3368 1803 3438 ποιουμένῳ
1837 3383 1964 3419 συν-

2069 3388 2192 3427 cum
2236 3371 2345 3424 illis
2375 3367 2586 3422 foedera
2618 3363 2941 3421 sancientis.
2989 3361 3057 3414 At
3098 3360 3284 3429 hujus,
3316 3358 3515 3430 inquit.
3550 3372 3649 3411 ne-

382 3463 581 3534 θήκας.
624 3459 787 3515 Ἀλλὰ
819 3458 1024 3531 ταύτης
1050 3500 1065 3522 ,
1123 3459 1256 3530 φησὶ
1281 3499 1294 3521 ,
1344 3459 1444 3528 τῆς
1476 3459 1818 3529 παρανομίας
1851 3460 1964 3510 είσ-

2069 3463 2255 3533 quitize
2284 3460 2489 3515 dabitis
2522 3471 2737 3527 pmnas.
2767 3473 2785 3505 ι
2821 3452 3046 3509 Orietur
3069 3454 3213 3506 enim
3246 3450 3389 3505 sicut
3424 3463 3647 3517 gramen

381 3551 767 3625 πραχθήσεσθε
795 3550 972 3614 δίκας.
1001 3568 1020 3601 ι
1066 3549 1340 3602 Ἀνατελεῖ
1381 3549 1489 3620 γάρ
1530 3567 1632 3618 μου
1671 3548 1732 3601 τὸ
1762 3550 1961 3619 κρῖμα,

378 3644 459 3708 ὡς
512 3643 789 3713 ἀγρωστις
837 3642 929 3695 ἐπὶ
981 3641 1173 3711 χέρσον
1223 3640 1416 3712 ἀγροῦ.
1453 3658 1472 3692 ι
1530 3639 1798 3711 Καθάπερ
1855 3639 1966 3708 γὰρ

381 3736 660 3807 ἄγρωστις
695 3733 865 3796 ἀδεῶς
896 3735 953 3785 ἐν
984 3735 1050 3803 τῇ
1095 3732 1170 3803 μὴ
1211 3731 1602 3804 γεωργουμένη
1646 3731 1842 3800 φύεται
1870 3733 1961 3801 γῇ,

386 3826 452 3879 οὐ
475 3826 759 3896 σκαπάνης
786 3824 1131 3894 ἐνοχλούσης,
1159 3825 1259 3877 οὐκ
1293 3822 1528 3895 ἀρότρου
1562 3823 1964 3892 διατέμνοντοςο

388 3914 534 3971 οὕτω
560 3916 752 3988 ῥᾳδίως
784 3916 912 3984 ὑμῖν
956 3916 989 3985 ἡ
1026 3914 1154 3985 παρ’
1208 3913 1343 3984 ἐμοῦ
1379 3912 1752 3984 ὲπαχθήσεται
1798 3929 1967 3981 τιμω-

390 4006 506 4081 ρία.

458 4104 521 4151 ε’.
572 4117 591 4151 ι
634 4097 724 4170 Τῷ
758 4098 942 4169 μόσχῳ
989 4095 1083 4149 τοῦ
1130 4095 1280 4149 οἴκου
1311 4095 1406 4148 Ὢν
1455 4097 1881 4166 παροικήσουσιν
1917 4096 1967 4149 οί

386 4188 770 4253 κατοικοῦντες
810 4188 1147 4260 Σαμάρειαν.
1188 4207 1206 4239 ι
1257 4185 1744 4258 Προσεδρεύσουσι,
1798 4184 1964 4255 φησὶ,

387 4282 469 4353 τῷ
514 4281 752 4351 εἰδώλῳ,
802 4280 898 4353 τὴν
951 4280 1079 4350 παρ’
1131 4278 1296 4332 αὐτοῦ
1348 4276 1636 4346 ζητοῦντες
1693 4276 1967 4348 βοήθειαν.

396 4392 419 4426 ι
440 4372 769 4444 Ἐπένθησεν
788 4373 817 4426 ὁ
834 4373 962 4437 λαὸς
984 4371 1149 4427 αὐτοῦ
1177 4372 1263 4425 ἐπ’
1285 4371 1465 4435 αὐτὸν,
1490 4371 1583 4423 καὶ
1612 4369 1794 4433 καθὼς
1824 4386 1967 4441 παρ-

388 4464 697 4536 επίκραναν
720 4463 905 4528 αὑτὸν,
936 4462 1327 4534 ἐπιχαροῦνται
1358 4462 1449 4516 ἐπὶ
1471 4460 1570 4531 τὴν
1595 4459 1753 4527 δόξαν
1778 4457 1966 4525 αὐτοῦ,

388 4557 475 4609 ὅτι
516 4554 826 4626 μετῳκίσθη
860 4554 955 4608 ἀπ’
1003 4553 1189 4608 αὐτοῦ.
1228 4572 1248 4606 ι
1288 4555 1363 4606 Οὐ
1408 4553 1564 4623 μόνον
1600 4552 1729 4622 γάρ,
1780 4552 1965 4623 φησὶν,

388 4645 652 4716 οὐδεμιᾶς
700 4646 912 4699 ἐκεῖθεν
952 4645 1273 4717 ἐπικουρίας
1311 4644 1657 4716 ἀπήλαυσαν,
1695 4642 1830 4696 ἀλλὰ
1876 4642 1969 4696 καὶ⁹

389 4734 681 4806 θρηνοῦσιν
703 4735 864 4793 αὑτὸν
892 4734 986 4788 καλ⁹
1007 4733 1384 4805 ὀλοφύρονται,
1409 4733 1505 4786 καὶ
1525 4730 1569 4763 ⁸³
1598 4731 1794 4803 ἀτιμίᾳ
1814 4749 1971 4805 περι-

387 4826 726 4898 δεὸλημένον
759 4826 1041 4897 θεώμενοι.
1078 4825 1241 4880 Ὅθεν
1275 4825 1438 4880 αὐτὸν

462 4923 535 4982 ς’.
580 4937 600 4969 ι
651 4919 763 4973 Καὶ
792 4919 1056 4988 δήσαντες
1103 4918 1423 4989 ἀπήνεγκαν
1459 4915 1609 4981 ξένια
1653 4914 1732 4985 τῷ
1764 4913 1971 4984 βασιλεῖ

404 5012 601 5082 Ἱαρεὶὸ
656 5014 716 5067 ὲν
771 5013 987 5084 δόματι.
1028 5032 1049 5065 ι
1086 5012 1424 5082 Θεασάμενοι
1477 5010 1589 5080 γὰρ
1649 5006 1815 5061 αὐτοῦ
1868 5006 1968 5077 τὴν

390 5101 676 5157 ἀσθένειαν
699 5143 714 5169 ,
763 5082 1136 5174 χωνεύσαντες
1173 5102 1356 5169 αὐτὸν,
1392 5101 1542 5173 δῶρα
1582 5082 1967 5171 προσήνεγκαν

2066 3554 2330 3626 judicium
2366 3564 2543 3605 meum
2593 3562 2760 3617 super
2791 3549 3069 3601 desertum
3117 3541 3258 3613 agri.
3297 3560 3316 3592 ι
3360 3538 3643 3607 Quemad-

2069 3645 2290 3700 modum
2337 3642 2484 3699 enim
2540 3641 2595 3693 in
2652 3648 2797 3693 terra
2859 3634 3068 3690 inculta
3127 3631 3343 3688 abunde
3402 3632 3651 3685 exoritur

2066 3752 2292 3808 gramen
2318 3778 2332 3800 ,
2371 3734 2523 3791 nullo
2564 3729 2955 3799 interpellante
3005 3726 3220 3797 ligone,
3272 3723 3424 3777 nullo
3463 3730 3655 3776 aratro

2069 3831 2385 3885 dissecaute
2441 3841 2455 3877 :
2517 3826 2592 3878 ita
2642 3821 2803 3877 facile
2858 3834 3021 3891 poena
3076 3817 3234 3872 vobis
3284 3831 3314 3869 a
3373 3830 3459 3870 me
3506 3813 3652 3867 inlli-

2069 3932 2249 3993 getur.

2141 4098 2303 4154 Vens.
2338 4098 2393 4152 5.
2441 4115 2458 4148 ι
2489 4092 2645 4164 Apud
2679 4089 2911 4145 vitulum
2939 4087 3136 4142 domus
3166 4085 3249 4138 0n
3281 4082 3649 4138 morabuntur

2069 4192 2161 4261 qui
2210 4190 2458 4243 habitant
2504 4185 2561 4237 in
2619 4181 2892 4237 Samaria.
2922 4197 2941 4230 ι
3000 4174 3373 4237 Assidebunt,
3426 4171 3645 4242 inquit,

2070 4284 2217 4338 idolo
2239 4323 2253 4349 ,
2278 4279 2544 4335 auxilium
2579 4275 2646 4329 ab
2676 4287 2744 4327 eo
2771 4277 3116 4340 expetentes.
3159 4286 3176 4317 ι
3216 4265 3378 4319 Luxit
3411 4263 3646 4333 populus

2073 4373 2196 4441 ejus
2239 4385 2402 4439 super
2439 4382 2505 4423 eo
2533 4406 2547 4427 ,
2593 4373 2646 4420 et
2678 4364 2817 4418 sicut
2853 4357 3190 4415 irritaverint
3219 4354 3370 4409 illum
3396 4392 3411 4415 ,
3441 4352 3646 4423 gaude-

2068 4467 2209 4521 bunt
2236 4477 2407 4532 super
2453 4457 2670 4529 1358
2709 4454 2884 4527 gloria
2911 4452 3063 4522 ejus,
3096 4450 3225 4521 quia
3259 4449 3525 4503 translata
3557 4454 3646 4502 est

2073 4558 2141 4612 ab
2172 4572 2258 4611 eo.
2297 4574 2315 4606 ι
2367 4551 2487 4606 Non
2524 4549 2688 4604 modo
2715 4587 2729 4611 ,
2766 4546 2982 4616 inquit,
3017 4542 3280 4598 auxilium
3323 4541 3405 4595 eis
3437 4537 3646 4592 nntium

2074 4650 2201 4704 tulit
2223 4645 2424 4701 vitulus
2457 4642 2544 4696 hic
2575 4659 2586 4695 :
2618 4639 2711 4697 sed
2742 4638 2892 4693 illum
2924 4636 3090 4691 etiam
3120 4635 3314 4703 lugent
3339 4639 3393 4685 et
3422 4628 3646 4694 deflent,

2070 4741 2234 4795 etiam
2264 4752 2389 4793 cum
2426 4731 2725 4805 ignominia
2752 4745 2878 4785 eum
2902 4735 3223 4797 coopertum
3253 4724 3461 4780 vident.
3490 4721 3652 4779 Unde

2072 4829 2260 4899 ipsum

2142 4917 2310 4972 Vens.
2344 4916 2397 4970 θ.
2461 4934 2479 4966 ι
2518 4912 2694 4967 Etiam
2730 4909 2964 4981 ligantes
2990 4948 3009 4971 ,
3055 4905 3378 4962 obtulerunt
3420 4917 3653 4957 munera

2071 5011 2185 5080 regi
2216 5007 2391 5074 Jarib,
2421 5006 2605 5061 domo.
2635 5022 2655 5055 ι
2699 5001 2837 5056 Cum
2867 5000 3014 5055 enim
3044 4997 3167 5067 ejus
3193 4997 3465 5052 vidissent
3495 4994 3653 5048 infir-

2075 5101 2343 5162 mitatem,
2375 5093 2688 5151 conflarunt
2720 5091 2897 5154 illum,
2932 5088 3187 5156 donaque
3216 5086 3328 5155 regi
3358 5083 3651 5155 Egyptia-

389 5191 468 5264 τῷ
502 5192 718 5264 βασιλεῖ
746 5195 855 5249 τῶν
886 5194 1223 5264 Αἰγυπτίων,
1256 5193 1545 5265 ἐπίκουρον
1585 5193 1770 5256 αὐτοῖς
1821 5192 1964 5260 γενέ-

2080 5203 2205 5244 rum
2231 5186 2555 5250 attulerunt,
2586 5181 2709 5253 ejus
2732 5179 3089 5250 implorantes
3104 5176 3409 5242 auxilium;
3440 5175 3654 5230 nullum

462 5362 487 5391 ε
519 5349 624 5408 lsa.
662 5369 716 5415 v,
750 5352 800 5406 7.
843 5332 855 5340 ’
876 5352 906 5392 ι)
938 5350 1082 5407 Psai.
1125 5365 1311 5415 Lxxtx,
1343 5348 1397 5404 8.
1475 5357 1497 5387 ο
1526 5345 1729 5403 Jerem.
1763 5361 1825 5409 ιι,
1852 5345 1945 5399 21.

2089 5342 2224 5398 Luc.
2261 5357 2355 5409 xx,
2379 5341 2466 5396 l9.

1684 5496 1919 5554 γΑῐιιιΕ
1958 5494 2366 5553 LECTIONES.

464 5621 510 5652 ⁸⁸
541 5621 635 5674 ὑπ.
661 5616 1223 5675 CotclerinsMonum.
1254 5615 1400 5671 Eccl.
1439 5632 1546 5686 gr.,
1585 5622 1626 5668 t.
1665 5612 1726 5675 ll,
1763 5628 1814 5683 p.
1848 5611 1975 5677 5'52,
2006 5610 2292 5686 legendum
2329 5625 2449 5686 esse
2473 5619 2633 5686 putat
2661 5609 3170 5686 ὑπερμαζήσαντες,
3202 5601 3651 5686 ιιιτιιςὶαιιιεε,οί

393 5691 713 5760 conjectura
742 5689 876 5745 satis
903 5688 1120 5760 quidem
1141 5674 1633 5760 probabili.fquam
1664 5674 1844 5760 tanien
1879 5674 2688 5760 nostramhfaeeredubitamus,
2719 5674 2893 5736 donec
2920 5674 3126 5735 codicis
3163 5674 3449 5744 cujusdam
3490 5683 3651 5723 acce-

397 5749 845 5817 dat'auctoritas.
922 5749 972 5791 δν
995 5757 1034 5815 C
1062 5749 1291 5821 τούτοις.
1370 5756 1414 5789 ⁸⁸
1440 5749 1578 5812 Ibid.
1613 5753 1825 5823 ἐκείνῳ.
1904 5752 1947 5783 ⁶¹
1980 5750 2095 5804 καί.
2131 5749 2253 5806 Des.
2284 5750 2415 5805 ibid.
