4088 6408
502 411 730 479 1607.

1488 404 1977 470 THEODORETI
2014 402 2350 467 EPISCOPI
2393 403 2756 467 CYRENSIS

3617 409 3759 476 1608

499 537 678 583 autem
726 523 852 579 inde
896 521 1060 579 etiam
1098 517 1490 588 impetrabunt.
1529 535 1547 567 ι
1586 513 1847 584 Ephraitn
1893 513 2036 567 enim

2180 510 2304 565 σθαι
2335 512 2778 584 παρακαλοῦντες
2796 531 2808 543 ο
2833 512 2950 567 ἀλλ’
2978 510 3091 567 οὐδ’
3108 513 3359 572 ἐντεῦθεν
3384 515 3760 573 ἁπολαύσουσί

499 619 695 688 inquit,
730 615 993 682 suscipiet
1021 610 1309 680 pudorem,
1342 605 1717 661 confundetur
1746 605 1801 658 in
1833 602 2072 658 consilio

498 727 623 765 suo.
658 726 676 757 ι
718 706 853 776 Ejus
881 706 1029 759 enim
1063 700 1297 755 consilia
1336 699 1593 755 stultitiae
1627 697 1786 767 plena
1815 702 1943 751 sunt
1973 711 1987 747 :
2019 704 2074 747 et

497 815 619 853 cum
647 798 712 850 ad
750 796 918 850 Deum
940 791 1230 863 perfugere
1261 789 1585 844 conveniret
1614 827 1629 852 ,
1660 788 1730 843 ab
1768 787 1938 843 idolis
1972 788 2073 841 ho-

497 891 844 957 minibusque
889 885 1136 943 subsidia
1179 882 1339 953 petit.
1390 882 1493 955 [Ἰ.
1524 880 1597 954 8]
1641 880 1850 936 Deinde
1880 879 2069 942 docet,

493 996 605 1050 quo
635 988 793 1049 pacto
834 992 929 1032 rex
972 976 1275 1041 Samarize,
1311 975 1487 1030 instar
1533 972 1669 1045 ligni
1702 973 1886 1034 aridi,
1923 970 2071 1041 quod

493 1074 696 1142 impetu
742 1069 1084 1125 vehementis
1138 1081 1296 1137 aqua:
1382 1066 1601 1129 fertur,
1651 1063 1970 1130 delcbitur;
2020 1073 2074 1116 et

491 1160 683 1218 altaria
716 1160 1008 1222 idolorum,
1046 1158 1347 1226 impietatis
1378 1156 1702 1211 Israelitica:
1739 1156 2070 1210 incitamen-

492 1266 580 1319 ta,
636 1270 666 1308 a
714 1252 1092 1306 fundamentis
1124 1252 1523 1315 destruentur,
1572 1249 1647 1303 ita
1704 1256 1764 1301 ut
1814 1246 2071 1301 altarium

493 1346 612 1400 loca
653 1342 834 1414 spinis
875 1342 1037 1412 plena
1072 1340 1399 1395 eﬂiciantur.
1454 1337 1593 1393 Tum
1630 1336 2071 1408 magnitudinem

491 1438 866 1491 calamitatum
904 1435 1210 1504 exprimere
1237 1434 1464 1498 volens,
1510 1431 1758 1486 subdidit
1787 1448 1800 1484 :
1840 1450 1859 1483 ι
1900 1429 1966 1483 Et
1995 1430 2073 1485 di-

492 1538 619 1582 cent
669 1528 993 1582 montibus:
1041 1526 1231 1581 Caditc
1284 1542 1449 1596 super
1502 1540 1631 1592 nos;
1690 1532 1744 1579 et
1799 1524 2067 1579 collibus:

491 1618 714 1688 Oper-ite
749 1635 865 1673 uos.
900 1641 915 1669 ι
956 1617 1125 1671 Tanta
1153 1618 1295 1672 enim
1323 1656 1337 1681 ,
1368 1617 1582 1686 inquit,
1614 1618 1719 1672 erit
1758 1616 2068 1670 redundam

490 1715 564 1765 tia
592 1714 881 1771 malorum,
913 1724 1036 1763 cum
1070 1711 1253 1763 hostes
1288 1709 1590 1768 irrueriut.
1628 1717 1687 1761 ut
1721 1721 1884 1762 nemo
1912 1707 2069 1760 futu-

490 1816 586 1855 rus
620 1801 732 1862 sit,
762 1799 853 1868 qui
883 1815 990 1852 non
1028 1798 1184 1852 malit
1222 1798 1384 1851 obrui
1421 1805 1515 1851 aut
1543 1806 1690 1852 terra
1728 1796 2064 1858 dehiscente,

486 1898 585 1943 aut
616 1891 902 1958 repentino
929 1888 1199 1943 montium
1235 1898 1392 1951 casu,
1418 1902 1582 1958 quam
1618 1888 1759 1942 mala
1793 1889 1862 1942 ab
1891 1887 2067 1942 hosti-

486 1981 591 2034 bus
635 1979 785 2032 illata
843 1978 1139 2033 sustinere.
1189 1976 1305 2050 [9]
1363 1977 1491 2033 Haec
1529 1988 1713 2032 autem
1759 1976 2066 2048 patientur,

488 2080 547 2125 ut
588 2071 773 2125 insani
812 2070 1088 2125 idolorum
1118 2071 1303 2125 cultus
1338 2084 1529 2141 poenas
1570 2069 1751 2124 luant.
1796 2067 1930 2122 Nam
1959 2083 2068 2138 quo

486 2173 735 2233 tempore
771 2163 1007 2218 collibus
1036 2177 1341 2233 eorumque
1378 2163 1651 2217 altaribus
1681 2176 1903 2231 operam
1937 2161 2067 2215 dare

485 2256 839 2320 studuerunt,
891 2269 976 2309 me
1027 2253 1216 2309 colere
1264 2254 1597 2309 destiterunt
1644 2271 1658 2308 :
1718 2268 1909 2308 verum
1955 2266 2066 2308 non

485 2345 724 2416 amplius
758 2344 844 2400 his
875 2343 1172 2417 adjungent
1202 2343 1419 2417 1359
1459 2360 1603 2401 sese.

555 2608 717 2666 Vens.
749 2610 836 2665 ιο.
874 2627 895 2662 ι
941 2609 1151 2666 Bellum
1180 2610 1326 2666 enim
1362 2625 1534 2682 super
1562 2609 1710 2667 lllios
1746 2610 2067 2682 iniquitatis

480 2702 652 2765 venit,
675 2710 735 2754 ut
753 2701 1015 2771 corripiat
1039 2716 1136 2757 eos
1158 2700 1463 2757 secundum
1491 2701 1827 2757 desiderium
1847 2716 2063 2758 meum:

480 2799 536 2848 et
564 2792 1044 2864 congregabuntur
1076 2807 1244 2862 super
1268 2792 1396 2847 illos
1429 2790 1641 2862 populi,
1668 2792 1895 2863 quando
1924 2808 2053 2871 cor-

481 2884 625 2956 repti
668 2883 871 2940 fuerint
901 2884 954 2939 in
984 2884 1204 2939 duabus
1258 2883 1654 2952 iniquitatibus
1686 2884 1825 2939 suis.
1861 2903 1880 2938 ι
1915 2884 2062 2942 Duas

481 2984 664 3031 autem
705 2975 1028 3046 iniquitates
1070 2974 1175 3028 has
1213 2982 1373 3029 vocat
1402 2992 1416 3028 :
1443 2989 1605 3028 unam
1633 2975 1875 3045 quidem,
1913 2977 2059 3049 quod

481 3066 650 3122 Deum
683 3067 1044 3137 reliquissent
1074 3082 1088 3119 :
1126 3064 1383 3132 alteram,
1413 3066 1559 3135 quod
1591 3082 1698 3120 non
1728 3068 2057 3124 cxsistentia

2171 621 2318 667 τινος
2346 602 2616 674 βοηθείας.
2645 623 2663 655 ι
2702 605 2941 677 Ἐφραίμ
2968 605 3101 675 γὰρ,
3133 606 3293 676 φησι,
3322 605 3533 669 δέξεται
3562 610 3765 680 αἰσχύ-ἑ

2174 712 2293 765 νην,
2317 696 2739 765 αἰσχυνθήσεται
2762 698 2822 748 ἐν
2852 699 2917 767 τῇ
2947 695 3112 766 βουλῇ
3143 695 3363 750 αὐτοῦ.»
3408 698 3619 763 ’Δνοίας
3649 700 3765 771 γὰρ

2173 787 2338 840 αὐτοῦ
2375 790 2546 857 μεστὰ
2572 789 2637 841 τὰ
2666 787 3037 859 βουλεύματα·
3067 788 3164 841 καὶ
3187 787 3307 842 δέον
3330 789 3409 858 τῷ
3435 790 3557 860 Θεῷ
3585 809 3765 864 προσ-θ

2174 877 2369 937 ελθεῖν,
2407 879 2507 949 τὴν
2544 881 2698 950 παρὰ
2725 879 2833 933 τῶν
2874 881 3109 933 εἰδώλων
3145 880 3242 933 καὶ
3283 879 3590 951 ἀνθρώπων
3621 899 3768 954 συμο

2178 971 2379 1040 μαχίαν
2403 972 2561 1025 αἰτεῖ.
2598 969 2729 1025 Εἶτα
2764 970 3027 1037 διδάσκει,
3060 972 3209 1035 ὅπως
3242 972 3344 1042 τῆς
3384 973 3695 1044 Σαμαρείας
3732 978 3765 1028 ὁ

2176 1061 2450 1130 βασιλεὺς,
2479 1064 2755 1134 φρυγάνου
2777 1064 2933 1136 δίκην
2964 1064 3069 1117 ὑπὸ
3097 1064 3272 1135 βιαίου
3301 1064 3491 1128 ὓδατος
3517 1066 3762 1136 φεωμέο

2174 1169 2287 1217 νου,
2318 1155 2547 1223 φροῦδος
2576 1156 2865 1228 γενήσεται
2888 1171 2904 1187 ³
2929 1157 3077 1220 ὅπως
3105 1174 3163 1209 τε
3197 1159 3246 1210 οἱ
3275 1156 3448 1227 βωμοὶ
3468 1157 3574 1211 τῶν
3597 1158 3762 1211 είδὼα

2174 1245 2301 1311 λων,
2340 1249 2388 1300 οἱ
2422 1247 2523 1317 τῆς
2570 1248 2664 1300 τοῦ
2724 1248 2943 1320 Ἰσραὴλ
2987 1249 3239 1319 πρόξενοι
3286 1248 3636 1314 δυσσεϐείας,
3690 1252 3765 1304 ἐκ

2176 1334 2395 1405 βάθρων
2423 1336 2963 1407 ἀνασπασθήσονται,
2989 1335 3065 1400 ὡς
3094 1337 3346 1391 ἀκανθῶν
3377 1338 3606 1408 πλήρεις
3628 1356 3763 1407 γεν-

2174 1426 2330 1478 έσθαι
2367 1426 2475 1479 τῶν
2530 1427 2932 1499 θυσιαστηρίων
2976 1429 3102 1491 τοὺς
3147 1428 3365 1491 τόπους.
3409 1414 3640 1481 Ἔπειτα
3690 1429 3763 1482 τὸ

2177 1517 2402 1588 μέγεθος
2433 1517 2545 1572 τῶν
2573 1520 2871 1591 συμφορῶν
2902 1519 3292 1589 παραδηλῶσαι
3329 1518 3582 1590 θελήσας,
3615 1521 3759 1593 ἐπήο

2174 1627 2313 1679 γαγε
2335 1628 2348 1642 ·
2380 1629 2399 1661 ‹
2428 1610 2540 1665 Καὶ
2571 1610 2755 1682 ἐροῦσι
2777 1612 2886 1673 τοῖς
2926 1612 3106 1681 δρεσν
3152 1610 3354 1664 Πὲσετε
3379 1611 3422 1643 ⁵⁸
3468 1612 3553 1680 ἐφ’
3580 1612 3756 1683 ἡμᾶς·

2172 1704 2407 1766 καὶτοῖς
2437 1703 2674 1773 βουνοῖς·
2727 1703 3022 1774 Καλύψατε
3066 1704 3232 1774 ἡμᾶς.
3272 1723 3290 1752 ι
3341 1703 3575 1773 Τοιαύτη
3617 1704 3754 1774 γὰρ,

2172 1794 2337 1865 φησιν
2358 1794 2425 1860 ⁸³,
2462 1790 2615 1848 ἔσται
2645 1797 2787 1866 φορά
2810 1795 2920 1848 τῶν
2949 1794 3137 1849 κακῶν
3167 1796 3225 1847 ἐν
3246 1796 3311 1865 τῇ
3338 1794 3446 1847 τῶν
3474 1793 3757 1865 πολεμίων

2172 1885 2470 1957 προσϐολῇ,
2497 1885 2573 1949 ὡς
2602 1885 2824 1940 ἑλέσθαι
2855 1886 2922 1940 ἂν
2967 1887 3199 1940 ἕκαστον
3232 1885 3561 1957 ὑποϐρύχιον
3592 1884 3754 1953 γενέ-

2171 1977 2297 2031 σθαι
2325 1981 2425 2049 τῆς
2454 1978 2559 2049 γῆς
2601 1978 2969 2050 διϊσταμένης,
3000 1978 3035 2050 ἢ
3069 1977 3179 2031 τῶν
3212 1978 3383 2049 ὀρέων
3420 1977 3759 2044 ἐξαπιναίως

2169 2070 2595 2135 ἐπιπιπτόντων,
2628 2071 2660 2141 ἦ
2695 2070 2763 2124 τὰ
2791 2067 2881 2124 ὑπ’
2906 2069 3132 2123 ἐκείνων
3161 2071 3461 2141 γιγνόμενα
3502 2071 3754 2141 προσ-μέ·

2169 2178 2280 2214 νειν
2317 2164 2484 2219 κακά.
2517 2161 2705 2216 Ταῦτα
2737 2163 2794 2216 δὲ
2826 2163 3125 2226 πείσονται,
3158 2162 3257 2232 τῆς
3296 2161 3426 2234 περὶ
3462 2161 3532 2215 τά
3556 2163 3758 2217 εἴδωλα

2172 2254 2369 2323 μανίας
2390 2253 2781 2324 ἀπαιτούμενοι
2810 2254 2988 2317 δίκας.
3029 2253 3119 2319 Ἐξ
3147 2248 3208 2307 οὗ
3237 2255 3347 2324 γὰρ
3371 2257 3485 2317 τοῖς
3511 2252 3750 2323 βουνοῖς,

2166 2344 2263 2397 καὶ
2300 2348 2413 2408 τοῖς
2461 2348 2519 2399 ἐν
2563 2345 2746 2409 αὐτοῖς
2785 2344 2991 2415 βωμοῖς
3034 2344 3390 2417 ἐνδιατρίϐειν
3427 2346 3750 2415 ἠγάπησαν,

2168 2435 2227 2501 ἐξ
2250 2436 2458 2488 ἐκείνου
2482 2437 2583 2505 τῆς
2616 2435 2757 2507 ἐμῆς
2791 2435 3091 2507 θεραπείας
3122 2437 3440 2507 ἀπέστησαν
3460 2453 3473 2466 ·
3507 2436 3623 2491 ἀλλ’
3644 2438 3749 2492 οὐκ

2168 2524 2248 2578 ἔτι
2280 2527 2491 2589 τούτοις
2519 2527 2976 2598 προσεδρεύσουσι
2995 2528 3059 2582 ⁸⁸.

2241 2623 2291 2672 ι’.
2335 2635 2353 2669 t
2396 2619 2636 2689 Πόλεμος
2664 2620 2707 2652 ⁸⁵
2741 2620 2847 2692 γὰρ
2900 2620 2997 2673 ἐπὶ
3032 2621 3201 2675 τέκνα
3252 2621 3464 2685 ἀδικίας
3504 2617 3638 2692 ἦλθε
3673 2623 3747 2688 ⁸⁸,

2166 2709 2453 2763 παιδεῦσαι
2504 2709 2703 2774 αὐτοὺς
2763 2712 2908 2766 κατά
2963 2713 3065 2782 τὴν
3106 2712 3404 2785 ἐπιθυμίαν
3468 2729 3605 2784 μου*
3648 2714 3751 2769 καὶ

2166 2800 2600 2871 συναχθήσονται
2646 2803 2732 2854 ἐπ’
2765 2803 2965 2866 αὐτοὺς
2998 2803 3142 2871 λαοὶ,
3175 2806 3234 2858 ἐν
3286 2805 3367 2876 τῷ
3392 2804 3749 2859 παιδεύεσθαι

2163 2894 2363 2958 αὐτοὺς
2385 2896 2442 2949 ἐν
2477 2897 2600 2960 ταῖς
2639 2896 2792 2949 δυσὶν
2822 2897 3061 2962 ἀδικίαις
3094 2897 3297 2952 αὐτῶν.
3349 2918 3366 2949 ι
3410 2897 3516 2952 Δύο
3541 2897 3598 2951 δὲ
3625 2898 3748 2951 ἀδι-

2163 2986 2288 3050 κίας
2337 2986 2544 3051 ταύτας
2591 2988 2768 3053 καλεῖ,
2840 2989 2973 3060 μίαν
3033 2990 3131 3061 μὲν
3160 2991 3220 3043 τὸ
3275 2990 3603 3045 καταλιπεῖν
3647 2988 3747 3043 τδν

2162 3078 2320 3140 Θεὸν,
2342 3079 2428 3132 ἐτέ
2439 3096 2536 3149 ραν
2563 3078 2620 3133 δέ
2646 3081 2708 3134 τὸ
2734 3080 2801 3133 τὰ
2832 3080 2906 3151 μὴ
2930 3080 3055 3134 ὄντα
3086 3082 3422 3152 προτιμῆσαι
3447 3081 3542 3135 τοῦ
3568 3081 3744 3143 ὕντος.

484 3160 593 3213 Deo
642 3158 932 3216 exsistenti
991 3156 1392 3228 praetulissent.
1433 3155 1546 3213 [loc
1604 3158 1748 3215 idem
1792 3175 1889 3230 per
1914 3161 2060 3218 Iere-

2164 3168 2335 3223 Τοῦτο
2366 3171 2475 3241 γὰρ
2530 3174 2625 3225 καὶ
2677 3172 2766 3226 διὰ
2816 3172 3081 3243 Ἱερεμίου
3136 3171 3296 3243 δῆλον
3356 3175 3534 3227 ποιεῖ·
3573 3192 3592 3225 ε
3636 3171 3746 3226 Δύο

479 3250 642 3304 tniam
695 3252 922 3321 planum
975 3246 1108 3303 facit
1155 3266 1169 3303 :
1217 3266 1236 3300 ι
1276 3247 1393 3302 Duo
1451 3250 1615 3315 mala,
1668 3251 1879 3322 inquit,
1924 3252 2057 3309 fecit

479 3342 719 3412 populus
776 3355 936 3397 meus
981 3358 995 3394 :
1034 3356 1120 3395 me
1165 3339 1586 3410 dereliqucrunt
1631 3343 1839 3399 fontem
1890 3358 2050 3416 aqua}

476 3435 639 3498 vit-:e,
688 3440 743 3488 et
778 3433 1058 3499 abierunt,
1088 3442 1144 3489 et
1176 3432 1438 3489 foderunt
1472 3436 1577 3492 sibi
1619 3437 1891 3495 cisternas
1926 3452 2087 3494 (βου-π

476 3525 666 3592 tritas,
696 3540 820 3595 quae
853 3524 1139 3581 continere
1162 3541 1268 3580 non
1304 3527 1493 3583 valent
1523 3540 1721 3599 aquam
1746 3541 1793 3584 ε.
1835 3546 1853 3582 ι

546 3614 713 3671 Vens.
746 3616 831 3671 ll.
866 3636 884 3667 ι
923 3614 1185 3689 Ephraim
1218 3619 1390 3674 vitula
1425 3620 1621 3675 edocta
1656 3620 1887 3692 diligere
1924 3638 2057 3679 con-

477 3709 805 3764 tentionem.
850 3728 868 3761 ι
915 3707 1116 3765 νίιυιιε
1152 3711 1352 3765 similis
1403 3719 1488 3768 est
1541 3714 1829 3783 suscipere
1861 3714 2054 3784 jugum

476 3803 780 3867 recusanti,
807 3810 860 3856 et
893 3801 1159 3857 adversus
1190 3803 1299 3857 hoc
1322 3803 1644 3860 reluctanti.
1676 3822 1695 3856 ι
1734 3803 1845 3876 Ego
1873 3814 2053 3861 autem

475 3892 693 3946 veniam
722 3907 887 3963 super
914 3893 1392 3963 pulchritudinem
1425 3893 1554 3947 colli
1583 3895 1725 3965 ejus.
1768 3915 1786 3948 ι
1822 3894 2055 3951 Verum-

474 3992 659 4040 tamen
684 3993 974 4041 contumax
1004 3986 1126 4054 ejus
1152 3986 1357 4041 collum
1382 3987 1677 4044 edomabo.
1712 4006 1731 4039 ι
1765 3986 1829 4042 Ει
1855 4003 2053 4043 ascen-

472 4075 598 4129 dam
634 4075 688 4129 in
721 4074 1098 4147 Ephraimum.
1142 4096 1161 4129 ι
1193 4075 1331 4132 Nam
1359 4093 1424 4134 eo
1456 4078 1649 4145 vehar,
1681 4086 1736 4134 et
1767 4079 2053 4135 commode

474 4166 618 4223 ferre
661 4168 891 4224 docebo.
949 4165 1106 4223 Tunc
1138 4179 1319 4224 autem
1371 4189 1389 4223 ι
1429 4168 1692 4228 Reticebo
1747 4169 1968 4227 Judam.
2025 4191 2045 4224 ι

471 4255 715 4325 Assyriis
745 4257 890 4310 enim
925 4271 1050 4311 eum
1085 4274 1193 4313 non
1222 4260 1476 4329 prodam,
1506 4262 1600 4316 scd
1627 4258 2048 4318 Seunaclterimi

469 4347 660 4416 capias
688 4361 1033 4415 consumam,
1063 4350 1328 4421 quoniam
1359 4352 1659 4408 roboratur
1697 4368 1762 4409 eo
1805 4353 2047 4411 Jacobus

471 4435 641 4507 (nunc
663 4438 807 4493 enim
830 4438 1017 4495 Jacobi
1043 4442 1302 4498 virtutem
1329 4442 1471 4499 Juda
1494 4447 1784 4521 ostendit),
1815 4449 2047 4520 ideoque

2159 3260 2288 3333 γὰρ,
2322 3264 2473 3331 φησι,
2516 3262 2730 3334 πονηρὰ
2758 3264 3013 3333 ἐποίησεν
3037 3262 3065 3316 ὀ
3110 3262 3236 3328 λαός
3270 3281 3392 3336 μου·
3435 3265 3537 3334 ἐμὲ
3565 3266 3739 3334 ἐγκα-

2158 3352 2373 3406 τέλιπον
2402 3352 2585 3424 πηγὴν
2637 3352 2830 3417 ὓδατος
2887 3354 3117 3420 ζῶντοςτ
3169 3355 3263 3409 καὶ
3316 3356 3737 3427 ἐπορεύθησαν,

2159 3449 2254 3502 καὶ
2281 3449 2545 3519 ἐποίησαν
2576 3452 2789 3516 ἑαυτοῖς
2849 3451 3085 3516 λάκκους
3132 3454 3647 3525 συντετριμμένους,
3689 3450 3744 3507 οἶ

2157 3541 2214 3593 οὐ
2247 3541 2566 3612 δυνήσονται
2603 3539 2752 3612 ὕδωρ
2784 3545 3021 3615 συσχεϊν.
3067 3564 3084 3595 ι

2229 3629 2319 3683 ια’.
2360 3649 2378 3681 ι
2436 3630 2677 3703 Ἐφραῒμ
2702 3632 2933 3703 δάμαλις
2981 3633 3343 3705 δεδιδαγμένη
3376 3634 3599 3706 ἀγαπᾷν
3634 3636 3746 3690 νεῖ-

2156 3736 2269 3784 κος.
2295 3740 2313 3773 ι
2344 3722 2583 3792 Δαμάλει
2616 3721 2759 3775 ἔοικε
2787 3722 3043 3790 δέξασθαι
3074 3724 3238 3793 ζυγὸν
3263 3726 3363 3778 οὐκ
3393 3727 3702 3799 ἀνεχομένη
3724 3769 3740 3794 ,

2155 3812 2294 3866 ἀλλά
2332 3812 2471 3883 πρὸς
2495 3812 2684 3867 τοῦτον
2733 3812 3143 3888 ζυγομαχούσῃ.
3182 3833 3200 3866 ι
3253 3817 3396 3886 Ἐγὼ
3428 3817 3482 3871 δὲ
3508 3815 3744 3872 ἐπελεύσ

2157 3920 2323 3974 σομαι
2346 3906 2439 3958 ἐπὶ
2493 3904 2553 3957 τὸ
2596 3904 2793 3968 κάλλος
2852 3906 2946 3959 τοῦ
2982 3907 3254 3977 τραχήὶου
3300 3910 3488 3979 αὐτῆς.
3526 3928 3546 3962 ι
3595 3909 3745 3964 Ἀλλ’

2154 3998 2304 4067 ὅμως
2330 3996 2421 4049 τὸν
2442 3997 2648 4067 γαῦρον
2664 3998 2835 4069 αὐτῆς
2858 3998 3128 4071 τράχηλον
3158 4000 3546 4071 καταδαμάσω.
3570 4021 3592 4054 ι
3608 4003 3742 4059 Καὶ

2152 4087 2387 4142 ἐπιδιδῶ
2415 4089 2493 4160 τῷ
2527 4089 2788 4160 Ἐφραίμ.
2831 4109 2850 4142 ι
2906 4090 3279 4163 Ἐποχήσομαι
3302 4092 3410 4165 γὰρ
3436 4094 3603 4165 αὐτῷ,
3637 4097 3739 4150 καὶ

2152 4179 2367 4245 διδάξω
2397 4180 2586 4250 φέρειν
2630 4181 2931 4245 εὐτάκτως.
2969 4183 3120 4244 Τέως
3145 4184 3203 4237 δὲ
3240 4202 3260 4234 ‹
3289 4186 3738 4257 Παρασιωπήσοο

2154 4289 2254 4344 μαι
2288 4272 2332 4308 ⁸⁷
2381 4271 2603 4325 Ἰούδαν.
2637 4290 2656 4323 ι
2706 4273 3014 4345 Ἀσσυρίοις
3066 4275 3175 4346 γὰρ
3215 4275 3377 4330 αὐτὸν
3396 4277 3456 4330 ού
3493 4279 3737 4349 προήσο-

2154 4380 2273 4434 μαι,
2307 4361 2443 4416 ἀλλὰ
2467 4361 2561 4415 τοῦ
2599 4362 2976 4434 Σενναχηρεὶμ
3008 4364 3304 4435 δαπανήσω
3344 4365 3444 4436 τὴν
3473 4365 3734 4434 δύναμιν,

2152 4453 2338 4526 ἐπειδὴ
2372 4453 2609 4525 ἐνισχύει
2642 4454 2790 4525 αὐτῷ
2832 4450 3025 4509 Ἰακώϐ
3059 4456 3174 4528 (τοῦ
3202 4458 3312 4529 γὰρ
3357 4456 3552 4512 Ἰακὼὸ
3584 4460 3731 4524 τέως

470 4540 501 4580 a
533 4540 619 4580 me
663 4537 910 4581 curatur.
952 4526 1060 4584 Per
1112 4530 1225 4586 haec
1270 4542 1453 4588 autem
1503 4512 2045 4606 designat‘Ezecliize

2164 4512 2362 4610 Ἰούδας
2383 4546 2429 4580 ⁸⁸
2457 4512 2558 4616 την
2594 4512 2798 4617 ἀρετὴν
2826 4512 3239 4618 ὲπιδείκνύταιί.
3258 4512 3339 4602 διιδ
3367 4550 3459 4604 καὶ
3476 4549 3575 4620 τῆς
3586 4512 3733 4622 res;

469 4618 749 4685 virtutem,
777 4636 873 4690 per
904 4637 1068 4689 «tuam
1104 4626 1284 4679 omnis
1314 4627 1553 4696 populus
1584 4629 1830 4684 divinum
1885 4631 2045 4684 auxi-

469 4705 602 4761 lium
653 4718 985 4765 consecutus
1039 4723 1145 4766 est.
1212 4712 1421 4771 Exinde
1476 4717 1542 4771 ad
1599 4719 2042 4775 exhortationem

469 4801 738 4854 convertit
773 4816 1107 4858 sermonem.
1144 4803 1414 4870 Quoniam
1455 4808 1625 4869 enim,
1687 4811 1891 4879 inquit,
1949 4828 2045 4882 pa-

470 4895 682 4944 ternam
718 4892 971 4946 virtutem
1005 4893 1253 4951 exhibuit
1282 4895 1450 4965 Juda,
1483 4899 1742 4956 hostibus
1787 4905 2044 4971 superior

471 4981 666 5037 evasit.

544 5157 707 5214 Vens.
736 5158 824 5219 l2.
859 5158 1000 5219 «Vos
1027 5164 1211 5233 etiam,
1243 5166 1513 5224 seminate
1539 5169 1695 5226 vobis
1726 5169 1779 5225 in
1799 5171 2040 5243 iustitia,

550 5329 572 5357 θ
598 5315 797 5374 Jct‘em.
827 5337 890 5387 ll,
930 5324 1015 5380 l5.

2151 4636 2414 4691 ἀπολαύει
2466 4636 2746 4710 προνοίας.
2779 4638 3081 4693 Δίνίττεται
3125 4638 3183 4692 δὲ
3241 4639 3330 4693 διὰ
3381 4642 3592 4694 τούτων
3630 4642 3732 4695 τοῦ

2162 4728 2403 4792 Ἐζεκίου
2443 4730 2543 4800 τὴν
2582 4729 2804 4801 ἀρετὴν,
2853 4729 2922 4783 δι’
2970 4733 3036 4803 ἣν
3058 4732 3205 4795 ἀπας
3234 4732 3409 4796 ὁλαδς
3452 4733 3552 4803 τῆς
3577 4732 3738 4797 θείας

2150 4822 2472 4890 ἐπικουρίας
2524 4822 2859 4894 ἀπήλαυσεν.
2899 4822 3179 4877 Ἐντεῦθεν
3213 4822 3377 4878 πάλιν
3407 4824 3487 4885 είς
3523 4824 3738 4893 παραί-

2150 4928 2297 4965 νεσιν
2343 4909 2535 4980 τρέπει
2574 4911 2669 4964 τὸν
2730 4911 2909 4981 λόγον.
2974 4912 3192 4986 Ἐπειδὴ
3245 4914 3376 4983 γάρ,
3423 4913 3577 4983 φησι,
3629 4914 3736 4986 τὴν

2150 5002 2410 5074 πατρῴαν
2434 5001 2878 5073 ἐπιδεικνύμενος
2930 5008 2958 5059 ὁ
3000 5005 3204 5069 Ἰούδας
3235 5005 3457 5077 ἀρετὴν,
3503 5008 3735 5079 περιγί-

2149 5108 2298 5148 νεται
2322 5090 2428 5143 τῶν
2469 5090 2763 5162 πολεμίων,

2224 5184 2311 5254 ιβ’.
2353 5202 2371 5235 ι
2412 5182 2678 5255 Σπείρατε
2701 5185 2794 5239 καὶ
2826 5187 2984 5259 ὑμεῖς
3012 5188 3224 5253 ἑαυτοῖς
3256 5188 3337 5252 είς
3355 5186 3726 5261 δικαιοσύνην,

1753 5486 1988 5544 ῩΑΒΙᾸΞ
2023 5488 2422 5551 LECTIONES.

535 5608 847 5702 milia“:
868 5612 1122 5702 anillam:
1141 5612 1220 5702 1ιὲ
1242 5614 1392 5702 Alea.
1430 5631 1484 5675 et
1515 5620 1851 5702 Luchsxm,
1875 5622 2092 5702 ᾖ
2118 5626 2475 5702 ωιλαμ-θοιςζ
2507 5628 2562 5683 in
2587 5627 2651 5683 C.
2732 5628 2780 5660 “
2826 5610 2973 5702 Ibid.
2996 5631 3438 5702 προσεδρεύουσι.
3515 5630 3562 5664 ⁸⁸
3587 5630 3722 5702 Πρλ.

466 5681 690 5754 ξ-ἁδικ,
725 5681 850 5736 llaec
882 5682 951 5754 ad
1001 5681 1144 5754 vers.
1186 5685 1218 5739 9
1266 5698 1403 5754 pert.
1468 5701 1593 5745 nxta
1635 5689 1799 5745 Hebr.
1838 5681 1893 5745 et
1936 5691 2094 5748 LXX.

467 5752 652 5820 211381,
707 5750 1067 5820 qtta:_deinde
1118 5750 1407 5820 exponitur

471 5811 526 5865 ιι.
563 5817 600 5866 ι.
644 5811 959 5885 prmceduttt
979 5818 1131 5884 Τέως
1170 5811 1248 5875 δέ.
1326 5823 1372 5858 ⁸⁸
1401 5811 1557 5881 Ἰὄύδ.
1601 5828 1642 5881 C
1670 5811 1857 5898 prmitii.
1888 5811 1937 5887 ὁὶ

1452 5775 1546 5838 per
1577 5760 1720 5838 κατὰ
1764 5762 1864 5831 τὴν
1898 5763 2051 5838 emo.
2079 5779 2202 5835 μου.
2260 5760 2328 5800 ’⁸⁷
2364 5783 2496 5837 παρ.
2536 5767 2577 5823 C
2602 5783 2789 5838 praem.
2821 5770 2903 5823 ού.

2159 5692 2206 5728 ‘6
2236 5692 2388 5771 ἦλθε.
2441 5697 2635 5771 Ortum
2669 5710 2755 5754 est
2792 5714 2869 5771 ex,
2906 5692 3522 5771 alia'iintcrprctatione
3567 5692 3726 5755 vocis

2945 5769 3080 5825 lbid.
3123 5769 3394 5841 expuncta
3434 5778 3564 5826 sunt
3596 5782 3725 5839 qua

2154 5858 2193 5886 α.
