4088 6468
431 358 570 421 1509

1756 368 1837 428 ΙΝ
1888 366 2075 426 OSEE
2111 368 2268 428 CAP.
2324 370 2425 431 XI.

3555 376 3691 443 1610

428 470 526 523 καὶ
590 469 842 541 θερίσατε
895 474 1106 543 καρπὸν
1161 474 1324 547 ζωῆς,
1360 495 1381 530 ι
1428 478 1587 548 Ὑμῖν
1641 478 1748 551 γὰρ
1800 478 1985 541 αὐτοῖς

2113 487 2167 533 et
2196 480 2380 534 metite
2416 481 2656 538 fructum
2700 485 2913 559 1360
2941 487 3081 544 vitae.
3131 508 3149 539 ι
3186 487 3321 544 Nam
3352 491 3534 556 vobis,
3577 507 3687 549 non

427 561 545 616 ἀλλ’
569 562 631 616 οὐ
668 563 749 634 τῷ
781 564 904 636 Θεῷ
947 566 1019 620 τά
1070 569 1404 640 σπειρόμενα
1465 570 1771 642 σπείρεται,
1822 572 1916 626 καὶ
1943 573 2012 626 τά

2118 567 2248 636 Deo,
2271 572 2481 626 semina
2512 576 2880 642 seminanlur,
2905 584 2960 632 et
2990 587 3294 636 metuntur.
3326 600 3345 633 ι
3376 580 3691 641 Illuminate

427 651 757 725 θεριζόμενα
838 658 1066 725 γίνεται.
1113 678 1132 712 ι
1176 661 1452 716 Φωτίσατε
1546 665 1758 728 ἑαυτοῖς
1806 663 1855 698 ⁸⁸
1897 665 1993 733 φῶς

2116 660 2272 714 vobis
2303 661 2484 718 lumen
2519 664 2789 722 scientiae.
2839 686 2859 720 ι
2899 667 3060 725 Prius
3109 672 3256 726 enim
3302 680 3520 744 oportet
3552 675 3690 732 alias

423 745 701 812 γνώσεως.
743 767 763 798 ι
800 750 1077 822 Προσήκει
1122 752 1232 825 γὰρ
1269 756 1536 828 πρότερον
1563 758 1663 828 τῆς
1691 758 1861 829 ἄλλης
1881 761 2011 832 ἀρε-

421 833 527 902 τῆς
550 834 979 909 ἐπιμεληθῆναι,
1010 836 1113 894 εἷθ’
1155 842 1329 908 οὕτως
1377 846 1477 915 τῆς
1502 846 1610 899 τῶν
1639 846 1799 901 θείων
1843 866 2010 902 κατα-

419 924 694 997 τολμῆσαι
718 929 993 998 γνώσεως.
1016 952 1045 984 οι
1086 931 1174 996 Ὦς
1220 933 1306 990 ἔτι
1345 937 1536 1008 καιρὸς
1574 938 1641 1004 ⁵ο,
1669 938 2007 1011 ἐκζητήσατε

419 1012 514 1067 τὸν
549 1015 779 1089 Κύριον,
828 1018 934 1083 ἕως
959 1018 1053 1073 τοῦ
1084 1019 1259 1076 ὲλθετν
1289 1022 1418 1094 ὑμῖν
1458 1026 1773 1097 γεννήματα
1802 1025 2006 1080 δικαιο-

422 1107 613 1180 σύνης.
644 1128 664 1162 ι
705 1109 961 1165 Τοιοῦτόν
1006 1112 1123 1166 ἐστι
1176 1112 1239 1166 τὸ
1267 1115 1417 1186 παρὰ
1462 1116 1539 1186 τῷ
1574 1114 1740 1169 Δαὸὶδ
1782 1117 2007 1187 εἰρημέ-

420 1218 511 1255 νον
534 1219 548 1231 ·
585 1220 605 1255 ι
648 1201 1064 1274 Προφθασωμεν
1102 1203 1164 1257 τὸ
1206 1204 1498 1276 πρόσωπον
1536 1207 1698 1261 αὐτοῦ
1733 1208 1795 1277 ἐν,
1818 1208 2007 1279 ἐξομο-

419 1292 662 1363 λογήσει.
704 1310 724 1344 ι
777 1293 865 1347 Ἐν
922 1292 1003 1364 τῷ
1047 1296 1146 1365 τῆς
1197 1297 1581 1369 μακροθυμίας
1634 1298 1798 1352 αὐτοῦ
1829 1297 2006 1372 καιρῷ

419 1383 521 1454 τὴν
552 1384 648 1437 ἐπὶ
700 1383 764 1436 τὸ
809 1387 1058 1453 κρεῖττον
1100 1386 1499 1460 ὲπιδειξώμεθα
1529 1389 1858 1462 μεταϐολὴν,
1913 1391 2004 1446 ἵνα

418 1473 522 1543 τῆς
541 1472 891 1543 δικαιοσύνης
923 1473 1251 1544 δρεψώμεθα
1275 1477 1546 1550 καρπούς.

492 1570 582 1632 ιγ’;
613 1582 632 1615 ι
691 1563 855 1618 ’ῐνατί
914 1568 1378 1640 παρεσιωπήσατε
1438 1569 1717 1637 ἀσέϐειαν,
1769 1572 1864 1626 καὶ
1913 1575 2004 1628 τὸν

419 1653 634 1723 καρπὸν
656 1652 702 1683 ⁵¹
731 1653 905 1722 αὐτῆς
936 1654 1272 1727 ὲτρυγήσατε
1299 1675 1315 1725 ;
1363 1677 1383 1710 ι
1420 1659 1588 1725 Ἔδει,
1633 1661 1818 1733 φησὶν,
1859 1663 2004 1734 ὑμᾶς

417 1742 763 1813 ἠσεϐηκότας
792 1745 901 1806 τοῖς
918 1744 1018 1813 τῆς
1059 1747 1353 1816 μετανοίας
1385 1750 1706 1822 φαρμάκοις
1736 1751 2002 1823 θεραπεῢε

2115 749 2350 808 virtutes
2374 755 2651 825 excolere,
2697 766 2811 812 tum
2845 759 2912 814 ad
2961 760 3275 817 divinorum
3313 766 3687 835 cognitionem

2115 841 2386 913 aspirare.
2418 865 2436 897 ι
2464 845 2600 903 Dum
2632 848 2815 906 adhuc
2851 859 2936 907 est
2970 860 3208 925 tempus,
3239 857 3472 925 quat-rite
3502 856 3689 911 Domi-

2111 948 2242 987 num
2266 974 2281 1001 ,
2311 933 2487 991 donec
2505 938 2794 1009 obtingant
2821 941 2980 999 vobis
3017 938 3202 1015 fruges
3227 945 3480 1014 justitiae.
3509 966 3530 999 ι
3554 946 3688 1002 Tale

2110 1031 2196 1080 est
2230 1025 2367 1081 illud
2396 1041 2425 1080 a
2446 1026 2651 1085 Davide
2677 1030 2891 1087 dictum
2915 1051 2929 1088 :
2959 1053 2978 1087 ι
3010 1035 3310 1094 Veniamus
3336 1047 3463 1095 ante
3488 1038 3682 1094 faciem

2109 1113 2230 1184 ejus
2271 1129 2399 1172 cum
2441 1119 2799 1178 confessione
2828 1120 2872 1177 ι.
2911 1142 2931 1176 ι
2981 1123 3193 1180 Interea
3250 1127 3380 1182 dum
3420 1143 3522 1185 nos
3559 1128 3682 1198 ejus

2110 1205 2377 1276 patientia
2406 1208 2626 1277 tolerat,
2673 1210 2728 1266 in
2763 1213 2993 1269 meliora
3035 1216 3204 1271 vitam
3253 1229 3678 1288 commutemus,

2112 1304 2170 1351 ut
2202 1296 2418 1355 fructus
2446 1298 2682 1369 justitiaa
2711 1305 3104 1377 percipiamus.

2177 1557 2343 1627 Vens.
2372 1561 2461 1618 15.
2498 1581 2515 1615 ι
2554 1563 2669 1619 Cur
2700 1567 3011 1623 reticuistis
3049 1568 3411 1641 impietatem,
3446 1583 3499 1630 et
3561 1575 3683 1631 fru-

2105 1658 2255 1705 ctum
2288 1652 2412 1723 ejus
2460 1654 2888 1714 vindemiastis?
2924 1679 2944 1712 ι
2989 1658 3119 1726 Vos,
3146 1662 3347 1732 inquit,
3385 1666 3479 1736 qui
3515 1666 3683 1740 impie

2104 1742 2314 1817 egistis,
2350 1747 2693 1816 poenitentia:
2743 1752 3007 1808 remediis
3037 1756 3223 1809 curari
3258 1758 3575 1826 oportebat,
3624 1771 3682 1817 et

418 1849 512 1888 σαι
533 1833 600 1888 τά
627 1834 938 1907 τραύματα,
998 1837 1094 1890 καὶ
1141 1838 1217 1910 μὴ
1256 1843 1709 1914 παρασιωπῆσαι,
1751 1843 1867 1897 ἀλλ’
1912 1844 1993 1911 ἒξ-

2106 1846 2218 1887 non
2251 1843 2456 1904 tacere,
2500 1838 2597 1894 sed
2627 1839 2880 1897 confiteri
2929 1844 3095 1910 mala,
3131 1861 3254 1916 quae
3299 1850 3679 1909 commisistis.

421 1924 862 1996 ομολογήσασθαι
910 1927 980 1982 τά
1043 1929 1383 2002 εἰργασμένα
1426 1933 1591 1990 κακά.
1648 1954 1667 1988 ι
1741 1936 2003 2006 Ἐφάγετε

416 2016 632 2088 καρπὸν
692 2016 883 2090 ψευδῆ,
921 2020 1003 2072 ὅτι
1054 2020 1292 2107 ἤλπισας
1336 2024 1531 2090 ἐντοῖς
1574 2027 1786 2099 ἅρμασί
1807 2029 1853 2060 ⁸³
1885 2045 1999 2095 σου,

412 2112 478 2164 ὲν
526 2110 722 2183 πλήθει
776 2112 1059 2186 δυνάμεώς
1099 2133 1216 2173 σου.
1270 2138 1289 2171 ι
1355 2121 1593 2190 Βρῶσιν
1650 2117 1852 2196 ψευδῆ
1901 2127 2001 2197 τὴν

414 2203 655 2272 ματαίαν
706 2203 897 2259 ἐλπίδα
946 2209 1364 2281 προσαγορεύει.
1414 2212 1504 2284 Τῷ
1531 2213 1642 2285 γὰρ
1680 2214 1873 2287 πλήθει
1907 2219 2001 2273 καὶ

411 2296 528 2359 τοῖς
558 2294 766 2366 ἅρμασι
797 2293 1103 2369 θαρρήσας,
1125 2300 1385 2371 οὐδεμίαν
1405 2302 1469 2358 ὲκ
1494 2304 1698 2360 τούτων
1730 2306 1998 2377 ὠφέλειαν

409 2383 614 2448 ὲδέξω.¹

484 2475 568 2531 ιδ’.
604 2496 623 2529 t
672 2476 1125 2552 Ἐξαναστήσεται
1150 2484 1259 2554 γὰρ
1291 2484 1538 2541 ἀπώλεια
1561 2490 1619 2542 ἐν
1638 2488 1717 2560 τῷ
1737 2488 1851 2562 λαῷ
1878 2508 1994 2557 σου,

410 2567 506 2621 καὶ
535 2568 715 2623 πάντα
737 2568 806 2623 τὰ
842 2573 1222 2643 τετειχισμένα
1268 2591 1369 2637 σου
1393 2577 1823 2650 ἀφανισθήσεται
1850 2583 1896 2615 ⁸³
1918 2599 1931 2613 ·
1973 2603 1990 2636 ι

411 2654 537 2710 οὔτε
585 2657 681 2712 τοῦ
714 2658 956 2732 πλήθους
999 2661 1185 2734 ὄνησίν
1260 2665 1341 2718 σοι
1369 2682 1493 2720 τινα
1539 2669 1820 2741 φέροντος,
1869 2672 1995 2727 οὔτε

407 2746 521 2801 τῶν
545 2747 747 2819 τειχῶν
777 2750 1128 2823 παρεχόντων
1155 2753 1252 2826 τὴν
1280 2755 1603 2827 ἀσφάλειαν.

486 2859 508 2893 ι
536 2840 739 2906 Καθὼς
754 2843 1024 2915 ἠφανίσθη
1056 2847 1083 2900 6
1100 2846 1286 2918 ἄρχων
1312 2849 1570 2923 Σαλμανά
1590 2855 1647 2907 ὲν
1683 2855 1731 2887 ⁵⁸
1758 2855 1837 2926 τῷ
1861 2858 1994 2930 οἴκῳ

421 2931 676 3003 Ἀρϐεὴλ,
721 2935 780 2986 ὲν
816 2933 1055 3006 ἡμέραις
1105 2939 1346 3009 πολέμου
1392 2943 1606 3015 μητέρα
1645 2944 1739 2999 ἐπὶ
1784 2946 1995 3012 τέκνοις

400 3021 701 3092 ἡδάφισαν.
781 3027 913 3096 (ιε’.)
981 3026 1135 3082 Οὕτω
1195 3034 1406 3103 ποιήσω
1474 3033 1645 3106 ὑμῖν,
1692 3033 1839 3101 οἶκος
1897 3039 1993 3094 τοῦ

419 3115 640 3186 Ἰσραὴλ
667 3116 735 3181 ⁸⁸,
760 3116 869 3170 ἀπὸ
892 3117 1188 3189 προσώπου
1213 3121 1316 3192 τῆς
1346 3122 1545 3188 κακίας
1579 3125 1752 3197 ὑμῶν.
1791 3146 1811 3180 ι
1838 3129 1995 3195 Τινές

402 3222 540 3276 φασι
593 3205 725 3277 περί
771 3225 918 3272 τινος
968 3210 1232 3280 ἄρχοντος
1265 3212 1388 3266 κατ’
1423 3213 1635 3269 ἐκεῖνον
1661 3216 1754 3271 τὸν
1803 3219 1994 3291 καιρὸν

399 3295 580 3351 ταῦτα
608 3296 700 3350 καὶ
723 3296 1045 3371 δεδρακότος
1098 3301 1193 3354 καὶ
1236 3303 1567 3368 πεπονθότος
1623 3307 1878 3378 εἰρῆσθαι
1924 3310 1993 3364 τά

402 3389 675 3462 εἰρημένα
701 3404 717 3421 ⁸
742 3390 853 3460 ἐγὼ
894 3390 953 3445 δὲ
993 3390 1234 3463 ἡγοῦμαι
1265 3394 1395 3464 περὶ
1417 3395 1509 3448 τοῦ
1530 3396 1760 3468 Μαδιάμ
1789 3399 1990 3470 ἄρχον-

400 3504 497 3551 ⁴ιὀς
529 3489 706 3542 ταῦτα
742 3486 1016 3559 λελέχθαι,
1068 3488 1129 3543 δν
1174 3488 1581 3560 χειρωσάμενος
1605 3491 1812 3547 ἀνεῖλεν
1839 3494 1867 3546 6
1892 3493 1993 3547 Γε-

399 3577 573 3633 δεών·
604 3579 698 3632 καὶ
747 3579 855 3651 γὰρ
902 3580 1115 3633 ἐκείνου
1150 3579 1412 3651 ὠμότητα
1455 3582 1488 3651 ἡ
1533 3580 1652 3637 Θεία
1694 3585 1991 3656 κατηγορεῖ

401 3670 619 3742 Γραφή.
665 3668 956 3740 Μέμνηται
993 3669 1052 3732 δὲ
1093 3669 1258 3725 αὐτοῦ
1299 3671 1393 3724 καὶ
1425 3672 1452 3723 ό
1491 3672 1761 3744 μακάριος
1801 3674 1984 3735 Δαδὶδ.

401 3758 580 3827 λέγων
602 3775 616 3791 ·
649 3777 671 3812 ι
707 3758 821 3813 Θοῦ
854 3760 984 3823 τοὺς
1013 3758 1283 3830 ἄρχοντας
1317 3759 1517 3826 αὐτῶν,
1541 3761 1618 3825 ὡς
1663 3761 1755 3816 τὸν
1800 3761 1984 3835 Ὠρὴ6,

404 3849 503 3901 καὶ
527 3849 659 3920 Ζὴϐ,
690 3848 787 3903 καὶ⁹
821 3848 985 3903 Ζεϐεὲ
1008 3849 1078 3915 ⁵⁸,
1111 3852 1205 3905 καὶ
1229 3850 1508 3922 Σαλμανά.
1543 3871 1562 3903 ι
1602 3852 1984 3922 Λέγειτοίνυν,

403 3938 490 3991 ὅτι
511 3938 774 4012 Καθάπερ
796 3942 826 3994 6
860 3940 1121 4012 Σαλμανά
1150 3942 1388 4012 παντελῆ
1423 3944 1717 4013 ὑπέμεινεν
1740 3943 1983 4015 ὄλεθρον,

402 4027 595 4100 ἐπειδὴ
620 4031 677 4083 ὲν
720 4031 960 4103 ἡμέραις
984 4030 1226 4102 πολέμου
1250 4033 1463 4105 μητέρα
1488 4035 1583 4090 ἐπὶ
1621 4035 1832 4099 τέκνοις
1854 4036 1985 4105 ὴδά-

399 4133 600 4186 φισεν·
651 4119 796 4174 οὕτω
838 4123 933 4174 καὶ
971 4123 1183 4194 ποιήσω
1225 4123 1375 4193 ὑμῖν,
1425 4120 1573 4188 οἰκος
1611 4125 1851 4195 Ἰσραὴλ,
1874 4126 1983 4179 ἀπὸ

396 4207 694 4281 προσώπου
714 4209 815 4280 τῆς
844 4211 1045 4275 κακίας
1076 4212 1262 4282 ὑμῶν.

920 4302 1317 4357 ΚΕΦΑΛΑΙΟΝ
1363 4304 1463 4357 IA'.

466 4396 539 4445 α’.
572 4409 592 4443 ι
628 4390 867 4464 Ὄρθρου
904 4392 1290 4466 ἀπερρίφησαν
1322 4395 1389 4447 ⁸⁷.
1416 4412 1436 4445 ι
1475 4395 1603 4448 Ὅτε
1645 4394 1976 4466 προσεδόκη-

2112 1940 2131 1974 t
2167 1923 2500 1983 Comedistis
2531 1927 2770 1985 fructum
2801 1933 3144 2003 mendacem,
3176 1936 3307 2007 quia
3350 1943 3587 2011 sperasti
3622 1942 3680 1997 in

2103 2016 2366 2074 curribus
2394 2019 2527 2084 tuis,
2561 2020 2614 2075 in
2648 2023 3002 2081 multitudine
3025 2026 3244 2084 virtutis
3273 2037 3402 2085 tuaa.
3438 2049 3457 2084 ι
3489 2032 3679 2087 Cibum

2103 2106 2409 2163 mendacem
2442 2121 2599 2166 vocat
2634 2128 2831 2170 vanam
2861 2131 3013 2186 spem
3044 2133 3060 2173 :
3087 2133 3214 2174 nam
3257 2135 3382 2176 cum
3423 2123 3676 2179 multitu-

2103 2196 2219 2252 dini
2249 2207 2305 2255 et
2333 2202 2590 2257 curribus
2619 2204 2926 2262 confideres
2947 2248 2962 2275 ,
2995 2206 3201 2264 nullam
3247 2224 3310 2264 ex
3344 2209 3431 2265 his
3466 2211 3674 2267 utilita-
3758 2264 3763 2269 .

2103 2297 2212 2345 tem
2243 2295 2558 2364 reportasti.
2594 2293 2805 2351 Etenim
2845 2317 2858 2353 :

2171 2468 2333 2528 Vens.
2370 2471 2458 2526 LI.
2483 2490 2501 2522 ι
2531 2471 2848 2546 Consurget
2875 2474 3109 2545 perditio
3145 2478 3200 2532 in
3239 2479 3445 2550 popqu
3472 2486 3589 2548 tuo,
3617 2491 3674 2538 et

2099 2561 2294 2616 omnia
2326 2563 2539 2618 munita
2567 2572 2659 2619 tua
2692 2564 3063 2622 delebuntur:
3098 2586 3118 2621 ι
3146 2569 3351 2626 nullam
3381 2585 3538 2642 Opem
3572 2572 3671 2628 tibi

2100 2653 2310 2710 ferente
2335 2656 2711 2722 multitudine,
2741 2659 3061 2732 nullamque
3109 2662 3461 2720 securitatem
3492 2665 3672 2720 muris

2097 2745 2513 2813 praestantibus.

2171 2852 2190 2886 ι
2231 2833 2385 2891 Sicut
2407 2838 2717 2895 exstinctus
2747 2849 2831 2896 est
2856 2841 3115 2914 princeps
3138 2843 3395 2901 Salmana
3424 2847 3481 2902 in
3506 2848 3670 2903 domo

2096 2922 2367 2987 Arbeelis,
2401 2930 2417 2949 '
2450 2927 2506 2983 in
2534 2928 2732 2986 diebus
2767 2931 2893 2986 belli
2924 2941 3157 2989 matrem
3190 2950 3356 3006 super
3379 2936 3521 2994 ﬁlios
3551 2939 3671 2994 alli-

2096 3027 2309 3073 serunt.
2358 3017 2560 3090 (Vens.
2618 3020 2733 3092 I5.)
2794 3022 2887 3078 Sic
2949 3022 3146 3081 faciam
3211 3028 3407 3093 vobis,
3472 3028 3670 3101 domus

2100 3111 2308 3184 1361
2343 3113 2582 3179 lsraelis,
2614 3124 2842 3188 propter
2875 3119 3142 3173 malitiam
3178 3129 3439 3179 vestram.
3479 3140 3498 3176 ι
3530 3122 3669 3190 Qui-

2094 3203 2218 3257 dam
2258 3202 2471 3270 dicunt,
2499 3205 2618 3260 haec
2643 3206 2712 3262 de
2739 3207 2979 3277 quodam
3023 3209 3274 3280 principe
3321 3210 3469 3266 dicta
3519 3227 3665 3279 esse,

2093 3295 2186 3364 qui
2218 3310 2285 3351 eo
2319 3302 2565 3367 tempore
2616 3298 2736 3354 haec
2786 3298 3027 3355 faciebat
3067 3309 3119 3356 et
3164 3303 3511 3372 patiebatur:
3563 3320 3667 3376 ego

2094 3401 2225 3440 vero
2287 3386 2566 3454 existimo,
2622 3388 2737 3443 hanc
2797 3389 2864 3446 de
2899 3388 3170 3445 Madianis
3223 3391 3470 3463 principe
3517 3393 3665 3449 dicta

2092 3477 2287 3544 fuisse,
2316 3493 2480 3547 quem
2503 3490 2725 3551 captum
2754 3480 3033 3537 interfecit
3064 3481 3308 3539 Gedeon.
3336 3481 3492 3542 Illius
3516 3486 3663 3543 enim

2090 3568 2468 3625 crudelitatem
2500 3571 2725 3626 damnat
2752 3585 2909 3626 sacra
2945 3572 3254 3643 Scriptura.
3313 3574 3488 3646 Hujus
3522 3593 3661 3648 quo-

2088 3676 2197 3731 que
2226 3661 2556 3718 mentionem
2585 3662 2719 3719 facit
2742 3663 2941 3719 beatus
2969 3662 3160 3731 David,
3191 3665 3385 3723 dicens
3410 3684 3424 3722 :
3462 3685 3481 3719 ι
3519 3666 3664 3722 Pone

2092 3753 2372 3824 principes
2405 3769 2595 3809 eorum
2638 3754 2784 3809 sicut
2814 3753 2978 3819 Orel),
3014 3762 3069 3810 et
3113 3754 3246 3820 Zeb,
3282 3764 3336 3811 et
3365 3755 3561 3823 Zebee,
3607 3768 3664 3813 et

2089 3840 2347 3898 Salmana
2377 3851 2424 3899 8.
2469 3864 2486 3895 ι
2542 3843 2635 3897 Ait
2688 3844 2893 3914 itaque,
2944 3842 3065 3899 Non
3090 3858 3251 3900 secus
3303 3860 3368 3900 ac
3405 3844 3663 3901 Salmana

2087 3932 2341 3989 funditus
2371 3935 2552 4005 periit,
2609 3950 2734 3989 cum
2784 3943 3028 4004 tempore
3064 3936 3189 3991 belli
3222 3944 3452 3992 matrem
3494 3952 3662 4008 super

2085 4024 2228 4080 filios
2276 4027 2539 4082 allisisset
2571 4027 2690 4081 :sic
2717 4024 2913 4080 faciam
2960 4026 3147 4093 vobis,
3185 4029 3383 4083 domus
3419 4027 3656 4094 lsraelis.

2084 4126 2307 4186 propter
2336 4117 2606 4171 malitiam
2644 4126 2901 4171 vestram.

2679 4292 2911 4350 CAPUT
2939 4292 3027 4347 XI.

2151 4384 2315 4441 Vens.
2347 4385 2397 4439 t.
2443 4404 2459 4435 ι
2498 4383 2654 4440 Mane
2693 4386 2921 4456 projecti
2949 4392 3100 4441 sunt.
3138 4404 3157 4439 ι
3193 4385 3330 4442 Cum
3371 4397 3656 4458 exspecta-

394 4499 498 4536 σαν
517 4482 620 4554 τὴν
648 4482 755 4537 τῶν
814 4484 1131 4553 Αἰγυπτίων
1176 4484 1428 4556 βοήθειαν
1456 4485 1532 4550 ώς
1566 4485 1765 4556 ὄρθρον
1794 4486 1978 4549 αὐτοῖς

2097 4486 2206 4534 rent
2258 4478 2363 4548 ipsi
2424 4477 2492 4532 ab
2547 4474 2826 4548 Egyptiis
2865 4476 3199 4547 subsidium,
3237 4480 3384 4548 quod
3434 4480 3547 4536 illis
3598 4483 3652 4537 in

390 4575 456 4629 ιν
476 4576 660 4629 σκότει
679 4574 928 4644 διάγουσι
958 4576 1366 4648 φανησομένην,
1388 4575 1694 4649 τηνικαῦτα
1722 4577 1974 4649 ἀπήχθη-

391 4682 496 4720 σαν
532 4665 881 4738 δορυάλωτοι.
913 4685 933 4718 t
971 4666 1060 4730 Ὦς
1083 4665 1280 4738 όρθρος
1311 4667 1358 4700 ⁸⁸
1393 4668 1674 4740 ἀπερρίφη
1719 4667 1975 4739 βασιλεὺς

402 4754 645 4830 Ἰσραήλ.
677 4775 696 4809 ι
722 4758 797 4811 Τδ
818 4758 1081 4829 σύντομον
1113 4758 1213 4828 τῆς
1242 4758 1619 4830 πανωλεθρίας
1649 4759 1738 4814 διὰ
1770 4758 1975 4814 τούτων

387 4848 612 4919 ᾐνίξατο
634 4863 650 4879 ⁸
707 4848 914 4922 βραχὺν
944 4848 1054 4919 γάρ
1078 4848 1174 4902 καὶ
1201 4851 1229 4903 6
1266 4848 1462 4921 ὄρθρος
1504 4849 1723 4920 κατέχει
1760 4851 1972 4922 καιρὸν,

386 4934 513 4993 εἶτα
531 4936 769 5010 ἀνίσχων
799 4941 829 4993 6
861 4940 1011 5010 ἣλιος
1052 4939 1153 5011 τὴν
1196 4940 1406 5012 ἡμέραν
1439 4943 1603 4997 ποιεῖ.
1640 4962 1657 4993 ι
1692 4942 1837 4996 Διότι
1875 4942 1973 5012 νή-

390 5043 518 5090 πιος
553 5029 794 5100 Ἰσραήλ.
839 5048 858 5081 ι
880 5028 991 5097 ’Ἐξ
1018 5028 1226 5095 ἀνοίας,
1253 5029 1409 5100 φησὶ,
1452 5032 1548 5084 καὶ
1569 5031 1825 5103 παιδικῆς
1853 5032 1969 5085 δια-

469 5199 488 5239 ί
519 5199 666 5259 Psal.
693 5218 838 5274 xciv,
869 5206 924 5260 2.
1026 5209 1052 5249 ⁸
1072 5208 1222 5263 Psal.
1250 5224 1461 5290 Lxxxtt,
1487 5210 1575 5263 tl.

2081 4569 2325 4625 tenebris
2358 4567 2686 4638 degentibus
2717 4578 2977 4640 tanquam
3011 4568 3312 4625 diluculum
3367 4570 3653 4641 apparitu-

2082 4674 2205 4714 rum
2234 4666 2402 4724 esset,
2436 4666 2570 4715 tunc
2615 4659 2673 4714 in
2720 4659 3096 4729 captivitatem
3132 4659 3356 4715 abducti
3404 4660 3647 4717 fuerunt.

2087 4770 2104 4803 ι
2146 4750 2303 4807 Sicut
2331 4765 2492 4806 mane
2530 4750 2817 4822 projectus
2845 4758 2931 4807 est
2962 4766 3059 4808 rex
3088 4749 3330 4807 lsraelis.
3370 4771 3388 4803 ι
3431 4752 3652 4822 Repen-

2081 4844 2256 4899 tinum
2285 4842 2516 4898 exitium
2542 4843 2628 4899 his
2662 4841 2846 4899 verbis
2875 4841 3206 4914 designavit.
3230 4839 3367 4897 Nam
3388 4844 3457 4898 ad
3485 4844 3652 4900 breve

2079 4942 2298 5006 tempus
2352 4934 2516 4989 durat
2569 4932 2895 4998 diluculum,
2935 4947 3063 4988 mox
3097 4934 3351 4991 exoriens
3384 4935 3466 4990 sol
3505 4936 3649 4991 diem

2079 5027 2265 5082 infert.
2306 5046 2325 5077 ‹
2353 5024 2493 5091 Quia
2521 5025 2785 5096 parvulus
2812 5022 3004 5081 Israel.
3038 5043 3056 5075 t
3090 5023 3319 5096 Propter
3342 5025 3646 5091 inscitiam,

1768 5346 2000 5403 VARUE
2043 5347 2441 5407 LECTIONES.

461 5459 509 5530 εξ
528 5458 682 5530 ἑαυτ.
748 5457 1092 5530 Εὰἰικριτίοι·
1134 5451 1257 5514 hab.
1293 5459 1495 5524 αὐτοῖς.
1574 5461 1707 5525 “ib;
1771 5460 1851 5516 ἔτι
1882 5480 1974 5519 και

462 5481 508 5493 ⁷⁷
528 5481 682 5514 εαυτ.
748 5481 892 5515 ιιιαιι.
940 5481 1092 5530 ριίῠι·
1134 5481 1257 5514 llaD.
1293 5481 1495 5524 αυτοις.
1574 5481 1707 5525 *νως
1771 5481 1851 5516 ετι
1882 5481 2030 5590 καις

387 5530 436 5563 ⁵³
475 5528 723 5599 ἀρμνίιε
751 5529 871 5585 Aet
897 5528 940 5583 C
989 5544 1115 5584 cum
1173 5530 1326 5584 Alex.
1387 5530 1618 5585 Praestat
1650 5531 1811 5587 lectio
1831 5533 1957 5587 cod.
2032 5551 2060 5587 a

933 5599 980 5631 “
1004 5600 1064 5651 ὲν
1109 5627 1190 5677 —-_
1212 5599 1396 5677 _’Ap6.
1419 5599 1580 5677 Bene
1596 5599 1758 5677 juxt_a_
1781 5600 2046 5677 ﬂetuum
2094 5599 2420 5677 in'Ba:rbI:et
2456 5606 2629 5661 Laud.
2665 5607 2807 5677 apud
2839 5606 3005 5663 Grab.
3062 5599 3145 5677 7'",
3175 5606 3190 5623 '

389 5668 740 5743 Iibrariorum
775 5677 961 5743 ortum
992 5682 1116 5743 esse
1139 5668 1354 5743 videtur
1379 5685 1445 5726 ex
1489 5668 1627 5743 im.
1694 5671 1909 5743 8-2εᾷ
1935 5671 1976 5726 C
2011 5688 2205 5743 praem.
2231 5673 2384 5743 ᾤδει.
2459 5677 2503 5708 ⁸⁷

390 5616 487 5653 σου
521 5598 821 5670 οἰχήσεται.

2071 5464 2149 5519 Ita
2176 5463 2295 5519 Ald.
2377 5467 2419 5498 ⁵¹
2475 5481 2525 5518 τ.
2577 5483 2747 5532 καρπ.
2801 5465 2934 5523 Rec.
2967 5466 3093 5523 lect.
3149 5472 3255 5532 est,
3284 5468 3385 5530 τὰς
3403 5467 3640 5532 ἀδικίας.

2066 5544 2105 5607 t._
2125 5534 2504 5607 ἁμαρτήμασι.
2562 5535 2610 5607 ’ἓ
2632 5534 2765 5593 Rec.
2800 5538 2962 5607 lectio
2981 5547 3087 5602 est,
3108 5539 3642 5607 iﬁgpt‘ﬂ‘tﬁtxtdpéva

2560 5606 2629 5661 Id.
2665 5607 2807 5677 apud
2839 5606 3005 5663 Grab.
3079 5606 3126 5638 "
3175 5605 3309 5676 Ἰσρ.
3346 5605 3422 5658 sx
3456 5619 3643 5659 errore

2560 5677 2714 5748 Ὅρθ.
2759 5679 2855 5733 ἀπ.
2896 5688 2950 5733 et
2989 5674 3182 5732 deinde
3203 5675 3365 5737 ώς-
3411 5673 3540 5743 Ἰσρ.
3571 5673 3639 5728 ad

390 5740 554 5795 tinem
603 5754 727 5808 cap.
759 5754 794 5793 ι
825 5739 1061 5809 pertinet
1077 5738 1233 5809 juxta
1259 5737 1423 5793 Hebr.
1503 5739 1547 5772 ⁸⁸
1578 5739 1667 5805 Ὠς
1686 5741 1838 5811 l5po.
1864 5741 1984 5798 Des.
2013 5737 2166 5813 "apud
2189 5741 2348 5800 LXX.

644 5829 917 5892 Ρηιιοι.
952 5830 1066 5891 Gn.
1101 5830 1361 5891 LXXXI.

3300 5830 3371 5891 51
