4088 6418
537 340 661 410 ltili

1516 344 2003 404 THEODORETI
2036 346 2373 406 EPISCOPI
2403 346 2766 406 CYRENSIS

3646 340 3785 404 161?.

535 467 734 533 Inqult,
775 469 825 514 ct
862 462 1127 533 puerilem
1172 476 1415 525 sensum,
1454 461 1595 514 hanc
1624 460 1907 515 sustinent
1942 464 2091 517 ulliu-

2205 463 2354 525 νοίας
2391 462 2595 530 ταύτην
2636 462 2966 529 ὑπομένουσι
3020 458 3120 529 τὴν
3165 456 3455 528 τιμωρίαν.
3501 455 3647 526 Ἐγὼ
3677 458 3786 526 γάρ

536 571 679 609 nem.
713 551 794 625 [9.]
842 551 952 624 Ego
983 554 1128 607 enim
1171 567 1270 607 eos
1309 566 1373 606 ex
1416 549 1656 623 {Egypto
1690 552 1909 616 reduxi,
1948 563 2001 609 et
2038 570 2100 608 ex

531 644 887 699 acerbissima
940 644 1036 697 illa
1091 643 1356 697 servitute
1406 642 1676 698 liberavi:
1736 645 1839 714 ipsi
1907 653 2104 699 contra

532 750 615 788 me
649 735 850 803 ingrati
887 730 1040 796 facti,
1101 732 1373 786 idolorum
1409 733 1620 787 cultum
1681 734 1858 803 magis
1894 750 2104 789 amave-

530 832 655 877 runt
686 824 825 892 (hme
861 822 1007 875 enim
1037 829 1197 876 vocat
1224 821 1479 889 Baalim),
1514 820 1593 894 [5,
1626 821 1684 894 4]
1714 837 1799 878 me
1823 838 1976 886 vero,
2008 824 2101 894 qui

526 912 800 981 colligavi,
837 911 1048 983 1362
1072 919 1125 967 et
1152 912 1221 967 ab
1255 911 1537 967 incondito
1584 929 1780 984 gressu
1823 912 2098 983 expedivi,

523 1012 578 1057 et
609 1012 898 1073 paternum
934 1001 1188 1057 affectum
1224 1018 1353 1073 erga
1383 1018 1512 1059 eum
1542 1004 1785 1069 ostendi,
1820 1012 1873 1059 et
1920 1004 2101 1059 omnis

513 1093 740 1163 generis
773 1094 1119 1147 curationem
1160 1092 1212 1148 ei
1253 1093 1507 1156 adhibui,
1553 1109 1856 1171 agnoscere
1904 1094 2099 1157 noluit,

521 1185 622 1240 etsi
657 1186 725 1238 ab
754 1186 903 1239 omni
935 1185 1183 1256 pernicie
1219 1186 1505 1241 hominum
1540 1186 1923 1242 invadentium
1958 1202 2101 1258 saape

519 1293 618 1330 eos
649 1277 902 1342 liberavi,
936 1277 1143 1333 amoris
1169 1277 1225 1332 in
1256 1292 1351 1333 eos
1385 1278 1565 1333 studio
1586 1285 1847 1348 tanquam
1881 1278 2099 1333 vinculo

514 1367 759 1436 quodam
794 1368 1152 1433 constrictus,
1194 1383 1304 1439 quo
1358 1369 1655 1423 etiamnum
1685 1384 1780 1425 eos
1836 1384 2008 1433 curo,
2042 1376 2097 1424 et

522 1458 609 1513 his
657 1459 1097 1514 eorrectionibus
1168 1459 1346 1524 trado,
1412 1459 1557 1514 haud
1586 1460 1747 1515 aliter
1772 1476 1837 1516 ac
1882 1461 1927 1515 si
1973 1462 2097 1533 quis

521 1556 841 1620 peccantem
901 1563 1129 1617 puerum
1185 1548 1240 1603 in
1278 1548 1500 1603 maxilla
1562 1546 1744 1606 feriat.
1784 1549 1915 1605 Mihi
1965 1567 2096 1607 vero

519 1642 659 1697 satis
688 1648 796 1706 est,
827 1650 885 1695 ut
912 1650 1064 1695 torve
1106 1639 1257 1693 illum
1302 1639 1540 1705 intuear,
1572 1647 1627 1696 et
1656 1643 1878 1712 penitus
1914 1643 2091 1714 ipsum

515 1733 765 1804 perdam.
815 1731 929 1787 Hoc
978 1731 1121 1787 enim
1158 1730 1510 1802 significavit,
1542 1746 1668 1787 cum
1703 1730 1882 1789 dixit:

2208 552 2402 613 αὐτοὺς
2446 551 2506 614 ἐξ
2553 550 2829 618 Αἰγύπτου
2888 547 3244 619 μετεκάλεσα,
3296 546 3390 599 καὶ
3437 546 3537 617 τῆς
3579 551 3790 618 πικρᾶς

2206 642 2420 711 ἐκείνης
2472 641 2821 713 ἠλευθέρωσα
2869 639 3112 702 δουλείας
3140 652 3155 673 ν
3191 638 3349 690 αὐτοὶ
3382 637 3436 691 δὲ
3469 637 3787 710 ἀγνώμονες

2207 734 2333 802 περὶ
2354 733 2451 804 ἐμὲ
2488 733 2787 805 γενόμενοι,
2813 734 2914 805 τὴν
2943 732 3050 786 τῶν
3091 728 3325 783 εἰδώλων
3356 730 3614 804 λατρείαν
3643 751 3784 806 προ-

2205 826 2409 879 είλοντο
2431 841 2445 855 ο
2468 824 2638 880 ταῦτα
2664 826 2770 899 γάρ
2804 827 2962 881 καλεῖ
2986 826 3257 897 Βααλείμ·
3306 828 3405 897 ἐμέ
3433 828 3487 881 δέ
3519 828 3612 881 τὸν
3641 845 3787 898 συμ-

2204 918 2517 982 ποδίσαντα,
2547 919 2638 971 καὶ
2656 918 2754 987 τῆς
2778 918 3012 971 ἀτάκτου
3048 921 3224 990 φορᾶς
3262 918 3666 983 ἀπαλλάξαντα,
3687 919 3787 972 καὶ

2202 1006 2475 1079 πατρικὴν
2524 1007 2653 1077 περὶ
2699 1008 2861 1061 αὐτὸν
2916 1008 3300 1080 φιλοστοργίαν
3346 1010 3784 1080 ἐπιδειξάμενον,

2158 1116 2161 1117 ⁷
2198 1099 2296 1151 καὶ
2316 1096 2460 1150 ἴασιν
2482 1096 2629 1169 αύτῷ
2683 1099 2998 1170 παντοδαπῆ
3042 1100 3440 1165 ἐπιτεθεικότα,
3483 1100 3788 1170 ἐπιγνῶναι

2199 1191 2299 1243 οὐκ
2360 1189 2669 1262 ἠϐουλήθη·
2720 1192 2817 1245 καὶ
2869 1191 2976 1262 μὴν
3032 1192 3139 1246 ἀπὸ
3194 1193 3541 1262 παντοδαπῆς
3581 1194 3790 1255 αὐτοὺς

2198 1280 2496 1355 διαφθορᾶς
2535 1282 2643 1335 τῶν
2681 1282 2943 1335 ἐπιόντων
2965 1281 3271 1354 ἀνθρώπων
3310 1283 3575 1344 πολλάκις
3602 1282 3785 1353 ἀπήλ-

2197 1375 2356 1441 λαξα,
2382 1370 2493 1428 οἷόν
2515 1391 2620 1428 τινι
2666 1373 2848 1445 δεσμῷ
2881 1377 2946 1445 τῇ
2983 1374 3115 1444 περὶ
3165 1375 3363 1438 αὐτοὺς
3414 1375 3791 1444 κατεχόμενος

2197 1467 2406 1540 ἀγάπῃ,
2445 1467 2511 1520 δι’
2542 1467 2606 1538 ἣν
2637 1465 2731 1519 καὶ
2760 1464 2841 1518 ἔτι
2884 1466 3063 1518 αὐτῶν
3117 1466 3375 1536 κήδομαι,
3426 1466 3521 1518 καὶ
3548 1465 3787 1527 ταύταις

2198 1557 2508 1630 περιϐάλλω
2557 1559 2675 1619 ταῖς
2698 1558 2988 1622 παιδείαις,
3038 1557 3224 1627 ὅμοιον
3262 1557 3453 1620 ποιῶν,
3494 1557 3571 1619 ὡς
3602 1556 3657 1609 εἴ
3692 1572 3787 1618 τις

2194 1652 2553 1722 ἡμαρτηκότα
2631 1650 2797 1702 παῖδα
2868 1647 3008 1701 κατά
3053 1649 3152 1718 τῆς
3209 1646 3456 1716 σιαγόνος
3503 1646 3780 1700 παίσειεν.

2206 1742 2393 1813 Ἀρκεῖ
2421 1741 2477 1795 δέ
2511 1758 2620 1810 μοι,
2679 1741 2772 1793 καὶ
2813 1740 2978 1812 δριμὺ
3036 1739 3173 1810 πρὸς
3227 1739 3393 1793 αὐτὸν
3426 1737 3637 1811 βλέψαι,
3677 1739 3782 1791 καὶ

2124 1819 2167 1874 Β
2196 1832 2555 1897 παντοδαπῶς
2581 1832 2742 1887 αὐτὸν
2795 1830 3092 1887 ἀναλῶσαι.
3132 1830 3303 1884 Τοῦτο
3342 1829 3459 1909 ¹γείρ
3498 1830 3781 1901 ἐσήμανεν

592 2028 609 2060 ι
650 2007 963 2078 ltespiciam
992 2005 1060 2061 ad
1088 2022 1235 2071 eum,
1267 2014 1320 2063 et
1350 2007 1659 2079 praevalebo
1692 2007 1764 2063 ei.
1795 2006 1983 2080 (Vens.
2011 2008 2087 2081 5.)

2191 1922 2450 1977 εἰρηκώς·

2280 1940 2450 1977 τυκωτο

2247 1940 2311 2067 ἵ.
2338 1960 2731 2085 Ἐζτιϐλέψομαι
2763 2013 2899 2084 πρὸς
2923 2012 3104 2078 αὐτὸν,
3143 2010 3237 2065 καὶ
3276 2011 3572 2084 δυνήσομαι
3597 2011 3775 2081 αὐτῷ.

510 2099 794 2155 Habitavit
832 2100 1091 2170 Ephraim
1124 2100 1180 2153 in
1208 2097 1467 2171 Egypto,
1504 2106 1559 2154 et
1606 2099 1782 2155 Assur
1823 2101 1940 2171 ipse
1992 2116 2088 2154 rex

2191 2103 2298 2176 (ε’.)
2328 2105 2660 2176 Κατῴκησεν
2696 2104 2934 2176 Ἐςρραῒμ
2993 2103 3265 2171 Αἴγυπτον
3291 2102 3358 2165 ³⁸,
3386 2102 3484 2156 καὶ
3536 2103 3777 2173 Ἀσσοὺρ

510 2191 656 2260 ejus.
693 2208 712 2241 ι
749 2188 867 2243 Non
904 2188 1049 2243 enim
1082 2187 1310 2260 etl‘ugiet
1338 2189 1507 2259 hujus
1542 2187 1883 2244 dominatum
1907 2232 1922 2258 ,
1964 2189 2090 2245 licet

2189 2199 2350 2264 αὐτὸς
2373 2200 2461 2252 6⁸⁵
2480 2197 2732 2270 βασιλεὺς
2765 2196 2950 2253 αὐτοῦ.
2989 2213 3006 2247 ι
3036 2196 3111 2250 Οὐ
3156 2193 3505 2265 διαφεύξεται
3528 2194 3638 2264 γάρ
3667 2196 3777 2265 τὴν

514 2280 716 2335 millies
743 2280 798 2333 in
829 2278 1129 2351 IEgyptum
1170 2277 1380 2349 fugiat:
1434 2292 1602 2333 causa
1644 2294 1773 2334 vero
1813 2280 2085 2333 malorum

2189 2292 2379 2344 τούτου
2404 2290 2742 2352 δεσποτείαν,
2787 2286 2888 2343 κᾶν
2927 2288 3185 2360 μυριάκις
3236 2288 3316 2351 είς
3349 2287 3620 2354 Αἴγυπτον
3639 2286 3776 2358 δρα-

512 2370 594 2425 illi
633 2369 867 2436 exstitit,
910 2387 931 2420 ι
990 2367 1121 2438 quia
1154 2372 1168 2385 '
1195 2366 1372 2423 noluit
1404 2368 1680 2422 converti.
1725 2386 1744 2419 ι
1791 2367 2085 2439 Propterea

505 2462 680 2526 enim,
712 2460 816 2516 etsi
861 2458 1214 2513 multitudine
1243 2464 1299 2514 et
1335 2458 1484 2514 omni
1541 2473 1742 2529 genere
1804 2475 2084 2513 armorum

513 2558 705 2621 utitur,
747 2555 885 2610 nihil
916 2562 1099 2611 tamen
1142 2554 1300 2610 virile
1330 2554 1454 2611 edet
1480 2573 1493 2608 :
1518 2554 1613 2610 sed
1646 2554 1918 2609 malorum
1949 2568 2083 2607 con-

511 2649 762 2704 siliorum
802 2644 1017 2702 fructus
1047 2646 1250 2717 capiet,
1291 2646 1558 2717 longeque
1595 2661 1623 2698 a
1654 2652 1805 2700 terra
1851 2658 1951 2699 sua
1986 2644 2085 2698 ab-

511 2740 762 2803 ducetur,
796 2737 1243 2809 quandoquidem
1266 2739 1452 2792 omnia
1476 2737 1722 2808 pretiosa
1749 2734 2085 2790 adversariis

511 2831 759 2894 tradam,
816 2835 873 2884 et
918 2828 1181 2884 continuo
1246 2827 1575 2898 deprimam.
1630 2826 1928 2895 Postquam
1986 2825 2086 2880 hos

511 2929 753 2976 terrores
779 2920 994 2990 injecit,
1024 2936 1222 2977 rursus
1248 2918 1639 2975 misericordiae
1668 2917 1855 2972 verbis
1887 2916 2080 2981 utitur,

511 3012 782 3068 sermonis
812 3012 1077 3067 varietate
1109 3010 1402 3064 utilitatem
1432 3008 1514 3065 eis
1544 3020 1893 3077 comparans.

509 3294 691 3357 modo,
708 3291 903 3361 inquit,
922 3305 955 3345 o
970 3289 1250 3360 Ephraim,
1270 3302 1397 3359 erga
1422 3293 1475 3341 te
1499 3302 1584 3342 me
1600 3287 1818 3358 geram?
1851 3307 1869 3339 ι
1892 3285 2084 3342 Prote-

504 3400 630 3455 gam
667 3391 740 3446 te,
766 3378 932 3437 lsrael
965 3376 1279 3449 :quomodo
1302 3385 1355 3431 te
1389 3375 1718 3447 disponam?
1747 3394 1766 3428 ι
1803 3373 1916 3447 Ego
1938 3376 2083 3431 enim

508 3487 562 3531 te
590 3473 882 3529 defendere
899 3471 1116 3536 studeo,
1138 3470 1231 3525 sed
1255 3484 1339 3523 me
1356 3469 1461 3523 hoc
1495 3467 1674 3523 facere
1691 3468 1858 3538 impia
1875 3468 2082 3524 scelera

509 3574 603 3619 tua
632 3578 739 3617 non
765 3562 978 3617 sinunt.
1001 3563 1182 3626 Quare
1210 3578 1228 3610 ι
1258 3559 1403 3614 sicut
1424 3557 1633 3613 Adama
1672 3573 1870 3628 ponam
1908 3565 1982 3623 te,
2030 3565 2086 3612 et

508 3657 654 3712 sicut
678 3651 922 3708 Seboim.
946 3670 965 3703 ι
986 3651 1118 3718 Quae
1134 3665 1239 3703 una
1258 3664 1381 3705 cum
1400 3646 1636 3703 Sodoma
1675 3646 1885 3718 1363
1903 3656 1956 3702 et
1973 3646 2085 3701 Go-

509 3744 984 3800 morrhaincensae
1007 3750 1158 3797 sunt.
1175 3745 1247 3796 At
1266 3740 1488 3796 vixdum
1507 3751 1703 3795 contra
1742 3755 1838 3793 eos
1865 3745 2087 3794 senten-

510 3838 640 3893 tiam
687 3835 905 3901 tulerat,
951 3851 1076 3891 cum
1109 3833 1485 3890 misericordia
1524 3831 1724 3886 ductus
1754 3829 2083 3884 sententiam

511 3939 753 3985 revocat.

583 4036 602 4069 ι
632 4017 967 4072 Conversum
1001 4021 1087 4068 est
1111 4027 1209 4068 eor
1234 4025 1416 4067 meum
1451 4011 1507 4065 in
1538 4010 1658 4080 ipso
1685 4026 1697 4060 :
1736 4006 1903 4062 simul
1935 4020 2084 4061 com-

506 4117 653 4164 mota
692 4114 776 4163 est
811 4105 1133 4176 ptenitentia
1182 4117 1323 4158 mea.
1354 4101 1545 4174 (Vsus.
1598 4098 1678 4169 9.)
1721 4096 1840 4153 Non
1882 4095 2082 4151 faciam

504 4202 658 4271 juxta
691 4182 830 4252 iram
875 4196 1080 4251 furoris
1112 4194 1241 4260 mei,
1279 4209 1391 4249 non
1446 4190 1829 4261 derelinquam
1873 4197 1934 4242 ut
1983 4188 2083 4244 de-

506 4291 683 4345 leatur
717 4287 997 4358 Ephraim.
1049 4303 1068 4337 ›
1121 4282 1342 4338 Patrem
1379 4281 1653 4346 imitatur,
1686 4286 1740 4333 et
1810 4286 2080 4343 matrem,

505 4382 599 4452 qui
640 4396 670 4433 a
708 4387 905 4433 natura
936 4376 1365 4441 conturbantur,
1399 4380 1453 4427 et
1499 4371 1593 4427 diu
1645 4370 1888 4427 aversari
1937 4368 2083 4424 tllios

506 4488 613 4527 non
656 4477 907 4542 possunt.
955 4466 1083 4523 Ilaec
1131 4477 1313 4521 autem
1372 4465 1548 4531 dicit,
1598 4480 1712 4520 non
1765 4463 1924 4535 quasi
1978 4462 2084 4516 hoc
2117 4501 2160 4556 ο

505 4577 653 4618 nunc
680 4561 836 4623 velit,
866 4573 1013 4613 nunc
1045 4572 1263 4623 rursus,
1294 4563 1504 4609 mutata
1545 4555 1849 4616 voluntate,
1900 4551 2037 4604 nolit
2064 4568 2078 4604 :

502 4655 598 4711 sed
647 4666 956 4708 sermonem
1001 4646 1207 4719 efﬁngit
1240 4646 1309 4701 ad
1345 4648 1483 4702 iram
1534 4653 1590 4702 et
1636 4641 2033 4714 benignitatem
2062 4679 2079 4705 ,

503 4746 571 4799 a.l
601 4731 897 4799 vindictam
917 4751 971 4797 et
1002 4740 1436 4806 miserationem,
1471 4745 1531 4793 ut
1565 4751 1662 4809 per
1684 4735 1783 4788 illa
1812 4744 2080 4787 terrorem

502 4834 715 4898 afferat,
754 4848 852 4903 per
889 4832 1004 4887 haec
1047 4847 1177 4886 vero
1238 4828 1699 4886 exhortationem.
1748 4823 1904 4878 Hanc
1959 4821 2083 4892 ejus

510 4923 947 4980 misericordiam
1004 4922 1199 4979 beatus
1268 4934 1488 4992 quoque
1550 4915 1720 4970 David
1781 4913 2079 4969 celebrat:

510 5034 535 5067 ι
571 5014 858 5081 Quomodo
905 5015 1203 5069 miseretur
1234 5018 1388 5082 pater
1420 5002 1973 5070 filiorumpmisertus
1998 5011 2084 5058 est

512 5104 777 5159 Doniinus
806 5105 1118 5160 timentium
1142 5117 1202 5158 se
1220 5095 1271 5157 ³.
1303 5119 1322 5152 ι
1354 5098 1421 5154 Ει
1446 5113 1544 5168 per
1573 5095 1768 5152 Isaiam
1801 5094 1932 5149 dicit
1964 5094 2081 5164 ipse

505 5195 692 5250 Deus:
738 5213 758 5246 ι
812 5192 1075 5265 Nunquid
1108 5190 1361 5247 oblivisci
1396 5194 1585 5259 potest
1620 5184 1817 5240 mulier
1853 5183 2080 5240 infantis

578 5349 608 5389 ιι
646 5348 793 5407 Psal.
812 5363 909 5412 cn,
938 5346 1023 5401 ιδ.

580 3199 743 3257 Vens.
762 3199 844 3254 8.1
869 3196 1157 3265 Quomodo
1172 3204 1227 3251 te
1247 3192 1557 3266 disponam,
1582 3192 1841 3266 Ephraim
1857 3195 1881 3250 ‘l
1900 3222 1918 3249 ρ
1938 3194 2084 3262 Quo-
2109 3163 2153 3220 α

2188 2381 2468 2454 πετεύσῃ’
2526 2379 2696 2434 αἴτιον
2753 2380 2810 2432 δὲ
2868 2378 3017 2449 αὐτῷ
3064 2377 3173 2431 τῶν
3224 2376 3435 2439 κακῶν,
3488 2395 3506 2428 ι
3544 2376 3625 2429 ὅτι
3666 2377 3774 2429 οὐκ

2184 2472 2450 2544 ἠθέλησεν
2501 2471 2845 2543 ἐπιστρέψαι.
2877 2488 2896 2521 ι
2936 2469 3139 2522 Τούτου
3193 2467 3303 2538 γάρ
3361 2468 3404 2499 ⁸⁸
3447 2469 3628 2538 χάριν,
3670 2470 3775 2520 καὶ

2187 2565 2382 2636 πλήθει
2425 2563 2707 2635 χρώμενος
2762 2562 2856 2615 καὶ
2917 2560 3259 2627 πανοπλίαις,
3321 2559 3474 2613 οὐδὲν
3519 2559 3777 2629 ἀνδρεῖον

2186 2656 2514 2722 ἐπιδείξεται
2542 2672 2553 2685 ·
2579 2652 2714 2708 ἀλλά
2749 2653 2854 2707 τῶν
2885 2651 3069 2706 κακῶν
3094 2651 3482 2723 βουλευμάτων
3509 2650 3778 2721 θρέψεται

2183 2747 2309 2810 τοὺς
2333 2746 2601 2815 καρποὺς,
2622 2743 2718 2797 καὶ
2750 2744 2941 2815 πόρῤω
2968 2742 3064 2811 τῆς
3083 2740 3292 2803 οἰκείας
3310 2741 3596 2809 γενήσεται
3627 2740 3734 2808 γῆς
3756 2754 3775 2770 ·

2183 2838 2370 2908 ἐπειδὴ
2399 2835 2507 2909 ἐγὼ
2526 2837 2700 2889 πάντα
2715 2834 2785 2887 τά
2801 2837 2846 2867 ⁸⁸
2861 2834 3018 2905 τίμια
3035 2831 3342 2905 παραδώσω
3356 2834 3468 2895 τοῖς
3483 2831 3778 2897 ἐναντίοις,

2184 2930 2281 2983 καὶ
2310 2927 2576 2999 διηνεκῶς
2600 2922 3179 2989 ταπεινώσωΛΤούτοις
3202 2923 3386 2987 αὐτοῖς
3416 2924 3463 2956 ⁸³
3486 2922 3779 2991 καταπλή-

2184 3020 2301 3091 ξας,
2321 3020 2481 3074 πάλιν
2511 3021 2622 3082 τοῖς
2646 3016 2747 3087 τῆς
2764 3016 3175 3088 φιλανθρωπίας
3195 3015 3459 3087 κέχρηται
3479 3014 3681 3083 λόγοις,
3700 3017 3776 3084 τῇ

2186 3112 2426 3185 ποικιλία
2443 3114 2543 3183 τῆς
2559 3111 2702 3164 διαλέ
2713 3109 2844 3176 ξεως
2861 3109 3128 3179 ὠφέλειαν
3146 3109 3332 3171 αὐτοῖς
3349 3106 3777 3179 μηχανώμενος.

2257 3202 2328 3275 η’.
2367 3223 2385 3256 ι
2416 3203 2481 3256 Τί
2510 3219 2570 3256 σε
2607 3202 2795 3267 διαθῶ,
2836 3199 3114 3273 Ἐφραῖμς
3155 3219 3172 3252 ι
3205 3198 3331 3263 Πῶς
3358 3216 3460 3263 σοι,
3506 3199 3693 3268 φησιν,
3727 3191 3779 3251 ὦ

2199 3294 2460 3367 Ἐφραῒμ,
2516 3296 2829 3366 χρήσομαι;
2865 3312 2883 3346 ι
2928 3293 3291 3365 ’Υπερασπιῶ
3357 3307 3474 3355 σου,
3517 3289 3775 3362 Ἰσραήλ·

2185 3388 2240 3441 τί
2288 3405 2347 3440 σε
2401 3386 2569 3441 διαθῶ
2602 3386 2686 3452 “;
2724 3404 2743 3438 ι
2791 3383 2930 3454 Ἐγὼ
2975 3384 3085 3454 γὰρ
3128 3383 3172 3417 ⁵⁸
3218 3382 3610 3455 ὑπερμαχῆσαί
3674 3397 3777 3435 σου

2188 3478 2449 3551 βούλομαι
2473 3495 2487 3509 ο
2519 3480 2617 3532 οὐκ
2651 3479 2715 3549 ἐᾷ
2743 3476 2799 3530 δέ
2830 3493 2898 3547 με
3025 3477 3129 3529 ὑπὸ
3166 3473 3262 3529 σοῦ
3285 3474 3613 3546 τολμώμενα
3637 3475 3771 3527 δυσ-

2187 3544 2507 3642 σεϐήματα·
2545 3569 2625 3623 διδ
2662 3544 2702 3620 Cv
2731 3544 3075 3641 ὼς“Ἀδάμα
3118 3566 3356 3638 θήσομαί
3386 3544 3488 3630 σε,
3542 3566 3640 3618 καὶ
3692 3566 3779 3629 ὼς
3825 3556 3829 3560 ’
3941 3544 3950 3552 ⁸

2188 3664 2406 3733 Σεδωῖμ
2430 3663 2495 3716 ⁸⁸.
2535 3680 2553 3714 ι
2583 3662 2649 3714 Αἳ
2671 3660 2809 3732 μετὰ
2838 3660 3087 3731 Σοδόμων
3110 3659 3203 3713 καὶ
3224 3659 3515 3731 Γομόρρων
3532 3660 3777 3728 ἐνεπρή-

2189 3753 2414 3822 σθησαν.
2464 3752 2605 3805 Ἀλλ’
2665 3750 2818 3805 οὔπω
2862 3750 2961 3823 τὴν
3016 3752 3137 3804 κατ’
3178 3749 3355 3803 αὐτῶν
3392 3750 3571 3821 ψῆφον
3622 3750 3778 3815 ἐξεν-

2135 3858 2153 3866 ’
2187 3844 2385 3915 εγκὼν,
2411 3848 2475 3916 τῇ
2509 3843 2887 3916 φιλανθρωπία
2914 3843 3011 3914 τὴν
3037 3843 3312 3912 ἀπόφασιν
3344 3841 3482 3897 λύει.

2262 4016 2282 4050 ι
2321 3994 2689 4069 Μετεστράφη
2745 3997 2781 4067 ἡ
2840 3994 3041 4067 καρδία
3083 4012 3185 4065 μου
3233 3996 3295 4050 ἐν
3321 3994 3497 4066 τούτῳ
3522 3996 3601 4028 ⁸⁷·
3641 4012 3779 4049 συν-

2185 4085 2462 4157 εταράχθη
2503 4088 2536 4156 ή
2584 4085 2921 4156 μεταμέλειά
2973 4102 3096 4154 μου.
3158 4084 3272 4154 (θ’.)
3318 4086 3394 4139 Οὐ
3442 4085 3515 4155 μὴ
3551 4086 3776 4155 ποιήσω

2185 4177 2330 4231 κατὰ
2356 4176 2453 4248 τὴν
2474 4177 2645 4247 ὀργὴν
2674 4175 2769 4229 τοῦ
2806 4174 2977 4246 θυμοῦ
3012 4190 3111 4247 μου
3132 4193 3148 4208 ο
3197 4176 3258 4229 οὺ
3308 4175 3384 4246 μὴ
3411 4176 3776 4242 ἐγκαταλίπω

2183 4267 2280 4322 τοῦ
2327 4267 2710 4338 ἐξαλειφθῆναι
2755 4267 2847 4320 τὸν
2889 4267 3152 4337 Ἐφραῖμ.
3186 4285 3204 4313 ι
3239 4267 3459 4337 Πατέρα
3512 4270 3773 4337 μιμεῖται

2185 4361 2281 4415 καὶ
2314 4360 2527 4431 μητέρα
2551 4359 2656 4413 ὑπὸ
2686 4358 2785 4428 τῆς
2827 4358 3042 4427 φύσεως
3077 4359 3629 4431 διαταραττομένους,
3670 4362 3779 4415 καὶ

2185 4452 2279 4506 ἐπὶ
2303 4450 2553 4505 πλεῖστον
2607 4451 3049 4523 ἀποστρέφεσθαι
3101 4452 3170 4506 τά
3200 4454 3364 4507 τέκνα
3412 4453 3487 4523 μὴ
3531 4453 3778 4522 δυναμέ-

2186 4558 2328 4605 νους.
2353 4541 2537 4596 Ταῦτα
2554 4542 2611 4596 δὲ
2641 4541 2810 4611 λέγει,
2842 4542 2939 4612 οὐχ
2959 4543 3035 4606 ὡς
3073 4541 3169 4597 νῦν
3198 4543 3299 4613 μὲν
3325 4543 3481 4597 τοῦτο
3508 4542 3777 4614 βουλόμε-

2187 4647 2296 4697 νος,
2329 4630 2423 4685 νῦν
2449 4631 2505 4683 δὲ
2561 4630 2720 4684 τοῦτο
2761 4629 3321 4701 μεταϐουλευόμενοςο
3351 4629 3489 4684 ἀλλά
3548 4646 3773 4700 σχημα-

2187 4722 2326 4786 τίζει
2378 4722 2471 4776 τὸν
2523 4722 2681 4791 λόγον
2721 4724 2801 4786 είς
2854 4721 3022 4795 ὀργὴν
3072 4721 3169 4775 καὶ
3220 4721 3655 4793 φιλανθρωπίαν,
3689 4723 3775 4785 εἰς

2188 4813 2456 4883 τιμωρίαν
2506 4816 2600 4866 καὶ
2651 4813 2820 4878 ἔλεον,
2870 4815 2965 4867 καὶ
2992 4813 3059 4867 δι’
3102 4814 3324 4867 ἐκείνων
3345 4813 3773 4885 καταπλήττων,

2189 4903 2285 4956 καὶ⁸
2354 4904 2445 4957 διά
2528 4903 2733 4958 τούτων
2788 4905 3136 4976 προτρέπων.
3186 4906 3405 4976 Ταύτην
3445 4904 3611 4959 αὑτοῦ
3669 4906 3776 4976 τὴν

2191 4992 2602 5066 φιλανθρωπίαν
2633 4995 2727 5049 καὶ
2754 4996 2783 5048 ὁ
2817 4997 3088 5067 μακάριος
3139 4996 3473 5068 ᾆδειΔαϐίδ·
3511 5014 3532 5047 ι
3569 4994 3774 5058 Καθὼς

2186 5089 2445 5161 οἱκτείρει
2468 5087 2648 5159 πατὴρ
2669 5088 2837 5153 υίοὺς,
2874 5088 3178 5159 ᾡκτείρησε
3209 5088 3546 5160 Κύριοςτοὺς
3574 5085 3781 5154 φοϐου-

2184 5182 2387 5253 μένους
2439 5179 2622 5235 αὑτόν.
2681 5197 2701 5232 ι
2749 5180 2859 5233 Καὶ
2904 5178 2993 5233 διὰ
3029 5178 3252 5232 Ἡσαΐου
3306 5179 3469 5242 αὑτός
3520 5193 3692 5247 φησιν
3746 5179 3775 5230 6

1906 5491 2145 5551 VARle
2174 5491 2571 5550 LECTIONES.

584 5671 638 5703 θ’
667 5666 799 5723 Rec.
822 5666 984 5721 lectio
1009 5673 1093 5721 est
1117 5667 1173 5719 ἐν
1204 5661 1484 5732 Αἰγύπτῳ.

1560 5662 1606 5694 ⁸⁸
1628 5663 1676 5716 ὁ.
1701 5659 1825 5717 Des.
1853 5662 1907 5716 in
1927 5660 1991 5717 C.
2067 5658 2110 5690 "
2138 5657 2209 5724 γά

2297 5656 2423 5732 fles.
2453 5658 2519 5732 in
2547 5655 2608 5732 (Ξ.
2651 5657 2696 5690 θ’
2717 5656 2803 5732 τά.
2826 5658 2901 5732 Π).
2923 5674 3110 5732 praem:
3144 5659 3332 5732 αὐτοῦ.
3411 5660 3455 5693 ⁸³
3473 5659 3514 5716 C
3542 5658 3771 5729 αὐτούς.

661 5698 1561 5801 ;;°zzaar"sz;fzbaz"tua.
1594 5698 1825 5801 (sua?
1854 5698 2086 5787 'i'o‘iiu.
2129 5698 2423 5796 esse?
2454 5698 2519 5760 τι
2728 5698 2901 5785 asa;
2923 5698 3305 5801 ansas:
