4088 6410
366 390 500 454 1613

1576 390 1657 450 ΙΝ
1702 388 1889 448 OSEE
1923 387 2081 448 CAP.
2114 390 2249 451 XII.

3467 389 3603 456 1614

359 506 495 569 Θεὸς
522 522 534 537 ·
572 492 590 556 i
627 504 718 577 Μὴ
746 504 1063 577 ἐπιλήσεται
1114 506 1249 576 γυνὴ
1278 504 1368 559 τοῦ
1433 504 1645 579 παιδίου
1678 504 1869 574 αὐτῆς,
1898 503 1932 573 ἤ

2045 505 2145 569 sui,
2184 500 2381 562 utnon
2436 510 2759 567 misereatur
2819 512 2914 567 lilii
2948 513 3089 569 uteri
3124 512 3253 571 sui?
3291 512 3358 566 Et
3416 513 3463 567 si
3514 512 3605 566 illa

359 595 456 650 τοῦ
494 595 570 667 μὴ
608 596 826 665 ἐλεῆσαι
876 599 944 651 τὰ
988 597 1186 666 ἔκγονα
1210 598 1307 667 τῆς
1332 597 1537 661 κοιλίας
1551 596 1759 666 αὑτῆς;
1791 596 1853 649 El
1877 595 1935 648 δὲ

362 689 458 740 καὶ
482 686 620 755 γυνὴ
661 685 973 740 ἐπιλάθοιτο
1019 685 1195 740 ταῦτα
1251 685 1497 756 ποιῆσαι,
1547 684 1663 739 ἀλλ’
1693 683 1804 752 ἐγὼ
1835 685 1937 738 οὐκ

361 777 716 847 ἐπιλήσομαι,
774 774 928 829 εἶπεν
966 777 996 830 ὁ
1020 777 1229 844 Ἄγιος.
1267 797 1284 827 ι
1313 777 1424 831 Καὶ
1483 775 1715 830 ἐνταῦθα
1757 775 1936 829 τοίνυν

362 869 537 938 λέγει’
572 887 592 920 ι
634 869 1002 947 Μετεστραφη
1046 869 1080 942 ἠ
1128 870 1325 941 καρδία
1364 885 1468 939 μου
1492 870 1549 923 ὲν
1575 867 1770 939 τούτῳ,
1810 884 1936 921 συν-

361 959 706 1032 εταράχθηή
772 958 1105 1031 μεταμέλειά
1136 976 1261 1030 μου.
1307 959 1381 1013 Ού
1425 958 1500 1031 μὴ
1536 958 1749 1030 ποιήσω
1796 956 1937 1011 κατὰ

360 1054 464 1123 τὴν
490 1052 660 1123 ὀργὴν
708 1050 802 1105 τοῦ
854 1050 1027 1120 θυμοῦ
1075 1068 1199 1121 μου,
1244 1052 1305 1105 ού
1342 1050 1416 1123 μὴ
1471 1049 1821 1119 ἐγκαταλίπω
1842 1048 1937 1103 τοῦ

361 1142 748 1212 ἐξαλειφθῆναι
777 1141 868 1195 τὸν
900 1141 1163 1213 Ἐφραίμ.
1204 1143 1351 1197 Διότι
1392 1141 1525 1206 Θεός
1555 1142 1669 1212 εἰμι
1691 1139 1821 1209 ἐγὼ,
1842 1139 1941 1194 καὶ

361 1237 465 1290 οὐκ
511 1233 818 1305 ἄνθρωπος,
874 1234 934 1288 ὲν
966 1235 1050 1287 σοὶ
1075 1232 1251 1303 ἅγιος,
1308 1235 1402 1288 καὶ
1438 1234 1538 1288 οὐκ
1563 1231 1941 1302 εἰσελεύσομαι

362 1330 446 1390 εἱς
475 1325 653 1380 πόλιν.
687 1344 706 1377 ι
733 1326 809 1379 υὺ
837 1325 947 1396 γὰρ
1001 1324 1297 1397 ἀνθρώπῳ,
1353 1323 1510 1396 φησὶ,
1543 1323 1940 1395 παραπλησίως

361 1417 675 1489 ὀργίζομαι,
704 1416 825 1486 οὐδὲ
852 1416 947 1469 ἐπὶ
970 1415 1217 1470 πλεῖστον
1242 1418 1604 1487 μνησικακεῖν
1635 1414 1900 1485 ἀνέχομαι
1923 1430 1936 1444 ·

363 1509 500 1572 Θεὸς
537 1510 646 1577 γάρ
669 1509 714 1541 ⁸⁸
740 1509 855 1578 είμι
901 1508 1078 1576 ἅγιος,
1111 1507 1207 1561 καὶ
1261 1508 1319 1559 ὲν
1350 1509 1464 1571 τοῖς
1495 1507 1625 1578 περὶ
1660 1507 1721 1560 σὲ
1753 1504 1941 1576 φαινό-

371 1616 551 1669 μενος,
583 1598 676 1652 καὶ
702 1597 809 1651 τῶν
831 1597 1033 1669 γηΐνων
1052 1596 1308 1651 ἁπάντων
1342 1597 1666 1668 ὑπέρτερος,
1713 1594 1808 1650 καὶ
1840 1595 1942 1664 ούχ

364 1689 569 1761 ὁμοίως
595 1690 708 1751 τοῖς
728 1686 1039 1760 ἀνθρώποις
1061 1688 1230 1742 οἰκεῖν
1256 1686 1673 1758 ἠναγκασμένος
1690 1703 1703 1716 ·
1737 1702 1941 1742 παντα-

366 1779 466 1852 χοῦ
498 1779 556 1832 δὲ
582 1777 794 1850 παρὼν,
829 1778 1061 1842 καὶτοῖς
1097 1780 1233 1832 πᾶσι
1271 1777 1696 1851 παριστάμενος.
1730 1775 1940 1831 Τοσαύ-

367 1891 467 1943 της
500 1871 677 1926 τοίνυν
707 1871 1120 1942 φιλανθρωπίας
1155 1870 1543 1934 ἀπολαύοντες,

442 1969 493 2015 ι’.
533 1981 552 2014 ι
605 1962 828 2020 Ὀπίσω.
862 1965 1023 2033 φησι,
1046 1961 1254 2033 Κυρίου
1312 1960 1610 2033 πορεύεσθε
1640 1959 1684 1993 θ’
1712 1977 1725 1991 ·
1765 1980 1785 2012 ι
1819 1959 1943 2014 sm;-

299 2097 304 2104 .
371 2071 525 2126 μενοι
551 2054 837 2126 διηνεκῶς,
865 2055 962 2107 καὶ
1005 2054 1114 2107 πᾶν
1169 2053 1231 2107 τὸ
1296 2052 1654 2124 κελευόμενον
1688 2053 1942 2125 δρῶντες.

374 2167 395 2198 ι
429 2147 521 2210 :0;
546 2146 684 2200 λέων
736 2146 846 2217 γὰρ
888 2144 1189 2217 ὲρεύξεται,
1233 2145 1330 2200 καὶ
1381 2147 1737 2216 ἐκστήσονται
1779 2145 1946 2199 τέκνα

366 2239 597 2292 ὑδάτων.
635 2256 653 2289 ι
683 2236 947 2309 Καθάπερ
1000 2236 1109 2308 γὰρ
1134 2237 1163 2289 ὁ
1194 2237 1241 2267 ⁷ο
1302 2236 1439 2289 λέων
1475 2235 1844 2308 βρυχώμενος,
1877 2234 1947 2288 τὰ

366 2330 672 2396 πελάζοντα
695 2331 789 2385 καὶ
842 2329 935 2383 τοῦ
964 2328 1312 2402 βρυχήματος
1360 2328 1620 2382 ἐπαΐοντα
1649 2328 1945 2383 δεδίττεται

366 2423 512 2488 ζῶα·
547 2420 690 2475 οὕτω
710 2419 805 2474 τοῦ
834 2419 968 2473 Θεοῦ
992 2418 1102 2472 τῶν
1130 2418 1268 2472 ὅλων
1306 2417 1584 2489 ἐπαμῦναι
1614 2420 1741 2487 ὑμῖν
1765 2416 1947 2487 ἐθελή-

297 2581 302 2585 .
369 2529 583 2575 σαντος,
623 2511 793 2565 δειλία
831 2509 1049 2576 καθέξει
1076 2508 1203 2573 τοὺς
1243 2508 1538 2577 ἐναντίους,
1566 2509 1721 2578 δίκην
1748 2507 1945 2580 ίχθύων

368 2603 494 2657 οὐδὲ
519 2602 611 2655 τὸν
645 2601 876 2671 τυχόντα
908 2599 1115 2654 κτύπον
1175 2600 1360 2671 φέρειν
1415 2601 1780 2673 ἀνεχομένων,
1827 2602 1944 2656 ἀλλ’

370 2693 430 2746 ὲν
496 2695 608 2756 τοῖς
663 2689 819 2745 ὕδασι
877 2690 1292 2762 κρυπτομένων.
1360 2691 1546 2747 Τέκνα
1568 2692 1679 2765 γὰρ
1712 2692 1946 2749 ὑδάτων

367 2786 497 2849 τοὺς
525 2783 712 2854 ίχθύας
774 2770 1236 2855 προσηγόρευσεν,
1300 2786 1376 2849 ὡς
1430 2787 1488 2839 ἐν
1515 2788 1628 2850 τοῖς
1661 2786 1815 2840 ὕδασι
1849 2786 1945 2850 τὰς

366 2877 471 2947 τῆς
507 2877 652 2947 ζωῆς
685 2875 905 2946 ἔχοντας
930 2875 1205 2945 ἀφορμάς.
1252 2875 1409 2930 Οῦτω
1438 2876 1495 2930 δὲ
1523 2880 1586 2948 τῇ
1622 2877 1744 2948 θείᾳ
1780 2877 1942 2950 βουλῇ

362 2968 479 3024 τῶν
511 2967 784 3038 πολεμίων
811 2965 1242 3034 καταλυθέντων,

445 3059 534 3117 ια’.
567 3077 587 3111 ι
627 3058 885 3123 ’Ἦξουσιν
910 3059 953 3090 ⁷³
984 3058 1058 3118 ώς
1083 3058 1271 3127 ὄρνεον
1322 3058 1380 3125 ἐξ
1414 3058 1711 3127 Αἰγύπτου,
1743 3061 1839 3114 καὶ
1871 3061 1945 3126 ὡς

2040 595 2210 650 oblita
2241 596 2404 654 fuerit
2433 600 2550 657 bace
2582 602 2787 670 facere,
2812 619 2915 675 ego
2944 612 3127 662 tamen
3162 620 3273 661 non
3316 604 3610 661 obliviscar

2040 687 2163 753 tui,
2212 687 2351 744 dixit
2412 691 2652 750 Sanctus
2683 697 2726 748 ί.
2791 714 2812 749 ι
2857 693 2961 752 Hic
3016 697 3190 768 igitur
3235 698 3311 753 ait
3353 710 3607 768 quoque:

2046 795 2066 829 ι
2099 777 2437 836 Conversum
2471 793 2556 839 est
2590 799 2687 840 cor
2736 800 2918 842 meum
2954 787 3010 842 in
3059 789 3202 859 ipso,
3237 788 3405 844 simul
3454 800 3614 843 com-

2042 876 2189 924 mota
2229 880 2311 926 est
2344 874 2665 942 paenitentia
2702 891 2839 934 mea.
2871 877 2994 934 Non
3031 878 3232 936 faciam
3258 880 3419 950 juxta
3470 879 3611 934 iram

2040 958 2244 1018 furoris
2269 965 2394 1030 mei,
2420 980 2530 1020 non
2562 964 2942 1038 derelinquam
2967 977 3027 1024 ut
3055 971 3305 1027 deleatur
3326 973 3610 1043 Ephraim.

2041 1049 2316 1116 Quoniam
2347 1053 2491 1111 Deus
2522 1071 2668 1122 sum,
2707 1066 2762 1113 et
2786 1074 2896 1115 non
2924 1060 3109 1127 homo,
3156 1062 3210 1117 in
3242 1069 3298 1119 te
3343 1071 3572 1119 sanctus
3595 1102 3614 1130 ,

2042 1149 2233 1197 etnon
2266 1143 2549 1215 ingrediar
2580 1147 2882 1207 civitatem.
2935 1169 2956 1203 ι
3017 1151 3136 1207 Non
3167 1153 3312 1208 enim
3371 1155 3612 1225 pariter,

2043 1232 2248 1304 inquit,
2276 1243 2441 1307 atque
2467 1237 2658 1305 homo,
2690 1240 2921 1308 irascor,
2953 1258 3131 1314 neque
3160 1260 3387 1315 possum
3420 1247 3614 1304 diutis-

2042 1324 2186 1382 sime
2218 1327 2547 1395 injuriarum
2602 1331 2927 1388 memoriam
2980 1334 3239 1392 retinere.
3293 1335 3438 1393 Deus
3468 1339 3615 1394 enim

2043 1425 2276 1474 sanctus
2305 1434 2451 1487 sum,
2480 1428 2532 1475 et
2558 1420 2615 1475 in
2643 1422 2754 1479 tuis
2790 1437 3085 1494 apparens,
3109 1434 3165 1480 et
3189 1427 3427 1483 terrenis
3453 1428 3617 1485 rebus

2044 1510 2305 1566 omnibus
2336 1511 2629 1582 superior:
2663 1527 2766 1568 nec
2795 1513 3052 1571 similiter
3083 1523 3143 1571 ut
3172 1516 3425 1574 homines
3458 1518 3617 1574 babi-

2048 1610 2165 1657 tare
2192 1599 2406 1674 136‘.
2434 1614 2625 1674 cogor,
2659 1602 2757 1660 sed
2790 1604 2996 1676 ubique
3028 1607 3246 1673 adsum,
3274 1615 3329 1664 et
3363 1609 3619 1667 omnibus

2045 1693 2268 1750 assiste.
2311 1694 2450 1749 Cum
2484 1693 2653 1765 igitur
2703 1703 2911 1751 tantam
2958 1698 3261 1756 obtineatis
3303 1701 3617 1757 misericor-

2044 1784 2214 1850 diam,

2120 1966 2285 2023 Vnus.
2316 1967 2402 2023 10.
2435 1987 2457 2021 ε
2491 1968 2624 2022 Post
2644 1967 2959 2035 Dominum,
2988 1969 3188 2040 inquit,
3253 1970 3564 2028 ambulate:
3589 1993 3612 2027 ι

2048 2063 2342 2125 sequentes
2387 2063 2674 2126 perpetuo,
2701 2065 2757 2112 et
2787 2071 2951 2114 omne
2974 2060 3301 2129 imperatum
3327 2059 3616 2119 facientes.

2047 2143 2262 2200 Etenim
2301 2162 2366 2200 ιι
2418 2146 2577 2203 Sicut
2607 2148 2696 2204 leo
2750 2149 2950 2220 rugiet,
2982 2157 3037 2206 et
3091 2150 3470 2208 formidabunt
3522 2154 3617 2210 lilii

2047 2251 2341 2308 aquarum.
2377 2256 2397 2289 ι
2424 2236 2558 2292 Nam
2585 2240 3047 2310 quemadmodum
3068 2242 3155 2299 leo
3183 2243 3412 2316 rugiens
3438 2244 3618 2300 vicina

2046 2339 2102 2383 et
2123 2329 2364 2400 rugitum
2394 2331 2748 2387 exaudientia
2782 2331 3042 2388 animalia
3074 2335 3502 2405 perterrefacit:
3537 2339 3618 2393 sic

2050 2418 2142 2474 Dei
2179 2422 2577 2492 praepotentis,
2610 2423 2769 2479 vobis
2803 2423 3064 2479 auxiliari
3121 2425 3385 2494 volentis,
3438 2434 3617 2484 metus

2047 2515 2375 2583 perterrebit
2411 2515 2632 2583 hostes,
2696 2529 2851 2571 more
2906 2515 3144 2587 piscium
3200 2532 3271 2573 ne
3329 2517 3618 2577 minimum

2045 2603 2265 2672 quidem
2291 2604 2565 2674 crepitum
2601 2603 2751 2659 ferre
2780 2603 3107 2669 valentium,
3142 2606 3239 2661 sed
3268 2606 3320 2660 in
3357 2620 3533 2676 aquas
3557 2621 3623 2663 se

2047 2694 2393 2752 abdentium.
2431 2694 2604 2751 Filios
2635 2694 2783 2750 enim
2820 2710 3081 2766 aquarum
3126 2697 3348 2752 vocavit
3395 2697 3616 2769 pisces.

2048 2788 2103 2843 in
2151 2790 2309 2857 aquis
2355 2790 2477 2843 vitae
2520 2786 2989 2858 opportunitatem
3035 2788 3405 2845 invenientes.
3443 2791 3626 2861 Atque

2048 2880 2103 2934 in
2138 2881 2283 2934 hunc
2331 2878 2552 2935 modum
2592 2880 2845 2936 hostibus
2897 2879 3081 2934 divina
3126 2879 3409 2936 voluntate
3448 2878 3618 2939 dissi-

2048 2971 2216 3040 patis,

2125 3061 2287 3116 Vens.
2322 3061 2408 3115 ll.
2458 3078 2476 3112 ι
2520 3059 2756 3115 Venient
2793 3060 2955 3129 quasi
3004 3058 3125 3115 avis
3153 3075 3219 3115 ex
3274 3059 3535 3131 Egypto,
3566 3069 3618 3116 et

366 3150 668 3223 περιστερὰ
704 3151 768 3203 ὲκ
818 3149 920 3220 γῆς
985 3149 1304 3220 Ἀσσυρίων,
1360 3150 1452 3203 καὶ
1508 3150 1942 3222 ἀποκαταστήσω

2050 3153 2210 3223 quasi
2242 3151 2500 3207 columba
2532 3150 2602 3205 dc
2633 3160 2780 3205 terra
2821 3149 3173 3221 Assyriorum
3203 3167 3220 3206 :
3250 3160 3305 3206 et
3335 3151 3621 3208 restituam

363 3244 567 3305 αὐτοὺς
588 3243 669 3306 εἰς
692 3240 815 3305 τοὺς
869 3240 1052 3304 οἴκους
1091 3239 1293 3307 αὐτῶν,
1345 3240 1491 3309 λέγει
1531 3242 1750 3313 Κύριος.
1791 3262 1810 3293 ι
1845 3241 1942 3297 Ὃν

2047 3259 2147 3300 eos
2173 3242 2388 3299 aedibus
2416 3243 2555 3306 suis,
2585 3241 2725 3295 dicit
2754 3239 3041 3297 Dominus.
3076 3259 3097 3293 ι
3133 3240 3296 3296 Sicut
3320 3242 3467 3297 enim
3501 3246 3621 3297 tum

364 3333 570 3405 τρόπον
592 3331 702 3403 γὰρ
740 3330 809 3385 τά
851 3347 909 3383 τε
952 3329 1096 3384 ἄλλα
1148 3329 1336 3404 δρνεα,
1377 3331 1470 3383 καὶ
1500 3329 1866 3401 διαφερόντως
1886 3331 1943 3386 αἱ

366 3425 713 3495 περιστεραὶ,
740 3427 808 3496 τῇ
840 3425 1034 3494 πτήσει
1066 3423 1346 3495 χρώμεναι
1376 3422 1472 3476 καὶ
1491 3422 1942 3494 περιπετόμεναι,

367 3516 572 3588 ῥᾳδίως
607 3515 894 3569 ἐπανίασιν
946 3516 1026 3578 είς
1058 3516 1155 3579 τὰς
1183 3514 1387 3576 οἰκείας
1433 3514 1626 3580 καλιάς
1645 3532 1658 3545 ο
1690 3515 1833 3570 οὕτω
1852 3517 1948 3570 καὶ

367 3607 515 3677 ὑμᾶς
533 3606 659 3668 τοὺς
681 3605 783 3676 μὲν
808 3603 981 3669 ἐνθεν,
1008 3605 1133 3668 τοὺς
1159 3604 1216 3659 δὲ
1243 3604 1473 3672 ἐκεῖθεν,
1489 3605 1732 3671 εὐπετῶς
1767 3608 1940 3661 ἐπαν-

366 3698 510 3762 άξει,
543 3697 639 3750 καὶ
677 3696 776 3767 τὴν
825 3695 1156 3764 ὲνεγκοῦσαν
1186 3695 1479 3750 ἀπολαϐεῖν
1518 3696 1943 3766 παρασκευάσει.

371 3786 534 3856 Δηλοῖ
559 3787 613 3840 δὲ
640 3787 729 3839 διὰ
763 3785 966 3839 τούτων
989 3785 1085 3856 τὴν
1127 3787 1217 3839 ἐπὶ
1244 3784 1341 3840 τοῦ
1379 3786 1684 3858 Ζοροϐάϐελ
1715 3786 1946 3858 γενομὲ-

373 3894 475 3944 νην
526 3878 808 3933 ἐπάνοδον·
850 3877 958 3929 τῶν
995 3877 1103 3948 γὰρ
1127 3876 1234 3930 ἀπὸ
1278 3876 1596 3941 Βαϐυλῶνος
1624 3876 1947 3932 ἐπανελθόν-

372 3984 484 4020 των
509 3968 575 4032 τ’,
615 3966 707 4021 καὶ
733 3966 833 4037 τὴν
882 3958 1237 4038 Ἰερουσαλὴμ
1266 3965 1760 4036 ἀνοικοδομούντων
1806 3963 1949 4020 κατὰ

371 4057 466 4113 τὸν
498 4059 683 4131 Κύρου
742 4058 837 4111 τοῦ
881 4059 1088 4129 Πέρσου
1129 4056 1313 4128 νόμον,
1367 4057 1459 4110 καὶ
1501 4057 1551 4110 οἱ
1605 4057 1664 4109 ὲν
1688 4054 1949 4126 Αἰγύπτῳ

366 4150 653 4220 διάγοντες
681 4151 1054 4223 θαρρήσαντες
1079 4147 1403 4217 ἐπανῆλθον.

446 4241 534 4314 ιβ’.
568 4262 587 4295 ι
640 4242 950 4296 Ἐκύκλωσέ
994 4260 1062 4312 με
1111 4244 1168 4295 ὲν
1201 4241 1387 4311 ψεύδει
1444 4241 1701 4313 Ἐιρραῒμ,
1757 4242 1850 4295 καὶ
1887 4240 1950 4297 ἐν

367 4334 599 4406 ἀσεϐείᾳ
617 4335 666 4367 ⁷³
699 4331 844 4399 οἶκος
863 4335 1077 4406 Ἰσραὴλ
1106 4336 1202 4390 καὶ
1217 4335 1407 4390 Ἰούδα.
1443 4354 1461 4387 ι
1483 4335 1624 4404 Ἐγὼ
1647 4335 1765 4405 μὲν,
1791 4335 1946 4405 φησὶ,

2047 3342 2261 3391 caetera:
2277 3345 2429 3396 aves,
2461 3338 2576 3386 tum
2590 3329 2827 3385 maxime
2844 3329 3138 3397 columbae,
3159 3329 3375 3384 alarum
3394 3344 3499 3401 ope
3511 3329 3615 3385 cir-

2044 3424 2445 3485 cumVolantes,
2465 3419 2628 3474 facile
2651 3418 2709 3473 in
2728 3418 2888 3474 nidos
2906 3430 3038 3475 suos
3058 3424 3412 3474 revertuntur
3434 3437 3447 3472 :
3475 3417 3552 3474 ita
3566 3425 3620 3473 et

2048 3530 2149 3572 vos
2196 3515 2334 3569 alios
2379 3512 2526 3577 hinc,
2576 3511 2720 3568 alios
2743 3511 2898 3567 illinc
2925 3510 3087 3566 facile
3115 3510 3418 3575 revocabit,
3447 3520 3501 3566 et
3526 3525 3620 3579 pa-

2047 3610 2211 3662 trium
2228 3609 2284 3661 in
2301 3605 2478 3662 solum
2495 3603 2676 3660 redire
2692 3602 2881 3658 faciet.
2898 3601 2998 3658 Per
3017 3602 3134 3657 haec
3150 3608 3333 3656 autem
3347 3598 3621 3671 signiﬁcat

2049 3698 2288 3756 reditum
2323 3699 2428 3755 sub
2459 3694 2801 3753 Zorobabele
2834 3693 3067 3749 factum.
3093 3691 3231 3747 Nam
3264 3706 3393 3746 cum
3430 3690 3524 3747 alii
3555 3706 3622 3747 ex

2050 3789 2332 3862 Babylone
2368 3788 2576 3845 reversi
2602 3792 2815 3851 essent,
2856 3794 2917 3841 et
2945 3783 3139 3839 urbem
3185 3781 3623 3852 Hierosolymam

2047 3895 2116 3933 ex
2141 3879 2271 3950 Cyri
2305 3878 2486 3934 Persae
2520 3878 2640 3948 lege
2671 3874 3125 3937 reaedilicassent,
3159 3871 3254 3926 alii
3306 3870 3497 3938 etiam,
3526 3869 3623 3940 qui

2048 3972 2106 4025 in
2158 3969 2398 4040 Egypto
2448 3967 2856 4030 versabantur,
2892 3964 3093 4018 ﬁducia
3141 3969 3358 4030 sumpta
3387 3958 3621 4025 ,redie-

2049 4066 2203 4113 runt.

2124 4242 2288 4299 Vens.
2325 4242 2408 4297 li.
2444 4262 2461 4293 ι
2490 4235 2866 4296 Cit-cumdedit
2891 4250 2979 4291 me
3002 4233 3294 4289 mendacio
3318 4231 3581 4304 prraim
3607 4249 3622 4285 :

2049 4343 2107 4389 et
2134 4334 2416 4406 impietate
2457 4333 2654 4389 domus
2686 4330 2861 4388 Israel
2890 4341 2947 4385 et
2969 4324 3130 4385 Juda.
3178 4343 3197 4382 ι
3231 4325 3346 4399 Ego
3378 4322 3624 4399 quidem,

368 4427 642 4498 τοσαύτης
702 4427 898 4493 αὐτοὺς
939 4427 1076 4492 ἀξιῶ
1136 4427 1473 4499 προμηθείας
1498 4444 1511 4458 ο
1554 4427 1709 4482 αὐτοὶ
1744 4427 1802 4483 δὲ
1836 4428 1942 4490 τοῖς

2054 4426 2254 4497 inquit,
2289 4432 2444 4480 tanta
2474 4423 2598 4478 illos
2621 4422 2827 4493 dignor
2857 4420 3204 4493 providentia
3230 4439 3242 4474 :
3284 4417 3498 4490 1365
3518 4418 3622 4485 ipsi

367 4518 640 4583 ἐναντίοις
661 4518 999 4589 ἀμείϐονται,
1016 4518 1115 4589 τὴν
1129 4518 1302 4588 ψευδῆ
1321 4520 1415 4573 καὶ
1431 4519 1492 4573 δυ
1501 4518 1670 4589 σσεϐῆ
1700 4517 1942 4591 λατρείαν

2052 4533 2186 4574 vero
2239 4516 2535 4573 contrariis
2590 4520 2978 4585 compensant,
3036 4511 3234 4567 falsam
3295 4518 3351 4565 et
3400 4509 3625 4579 impiam

367 4609 473 4680 τῆς
502 4610 641 4682 ἐμῆς
663 4609 1084 4682 προαιρούμενοι
1134 4610 1454 4681 θεραπείας.
1479 4630 1497 4663 ι
1528 4611 1642 4664 Νῦν
1675 4610 1816 4680 ἔγνω
1853 4611 1942 4666 αύ-

2057 4610 2375 4682 religionem
2422 4608 2599 4664 cultui
2631 4620 2756 4661 meo
2800 4612 3224 4675 anteponentes.
3260 4620 3280 4653 ι
3336 4600 3496 4656 Nunc
3531 4613 3627 4654 co-

368 4703 500 4766 τοὺς
525 4702 726 4768 όΘεὺς,
751 4703 845 4758 καὶ
875 4703 999 4767 λαὸς
1033 4703 1186 4772 ἅγιος
1211 4702 1533 4773 κεκλήσεται
1565 4704 1721 4760 Θεοῦ.
1759 4723 1779 4756 ι
1811 4704 1942 4759 Ἀλλ⁴

2060 4703 2250 4773 gnovit
2277 4716 2371 4757 eos
2397 4699 2688 4763 Dominus,
2721 4704 2777 4752 ct
2808 4696 3046 4766 populus
3072 4700 3300 4748 sanctus
3339 4690 3435 4746 Dei
3467 4702 3629 4743 voca-

369 4792 524 4862 ὃμως
557 4791 653 4846 καὶ
680 4790 953 4854 τοιούτους
1001 4791 1163 4855 ὄντας
1209 4793 1525 4862 ἐπιμελείας
1578 4792 1815 4859 ἀξιώσω,
1857 4794 1942 4849 καλ

2056 4795 2229 4850 bitur.
2270 4813 2288 4845 ι
2322 4792 2390 4847 Et
2421 4802 2628 4854 tamen,
2662 4803 2786 4844 cum
2822 4788 2961 4842 tales
2995 4784 3144 4848 sitis,
3173 4781 3306 4838 mihi
3342 4778 3627 4836 nihilomi-

366 4878 502 4937 λαὸν
528 4881 608 4953 τῷ
677 4881 796 4953 Θεῷ
836 4883 945 4936 τῶν
999 4882 1137 4937 ὅλων
1194 4882 1574 4954 ἁφιερωμένον
1618 4883 1942 4956 χρηματίσαι

2057 4900 2163 4940 nus
2191 4898 2342 4941 cut-1e
2362 4882 2544 4944 eritis,
2578 4887 2635 4936 et
2665 4894 2767 4933 vos
2800 4876 3065 4949 populum
3098 4874 3486 4928 universorum
3516 4871 3633 4926 Deo

375 4973 607 5045 ποιήσω.

2056 4968 2459 5031 consecratum‘
2477 4971 2736 5042 appellari
2774 4969 2997 5023 iaciam.

890 5086 1302 5142 ΚΕΦΑΛΑΙΟΝ
1327 5086 1424 5142 ΙΒ¹.
2328 5121 2331 5125 ν
2655 5084 2888 5141 CAPUT
2916 5081 3034 5138 XII.

447 5182 516 5231 α’.
554 5198 574 5231 ι
609 5180 668 5232 ὐ
727 5179 786 5233 δὲ
850 5179 1111 5250 Ἐφραίμ,
1177 5180 1414 5249 πονηρὸν
1477 5178 1714 5248 πνεῦμα,
1767 5177 1942 5242 ἐδίωξε

2133 5177 2299 5233 Vens.
2339 5177 2391 5231 l.
2430 5196 2446 5228 ι
2482 5175 2743 5244 Epitraim
2777 5183 2959 5229 autem
2985 5184 3192 5242 pravus
3226 5167 3481 5239 spiritus,
3509 5180 3632 5235 pcr-

376 5270 636 5324 καύσωνα
676 5270 806 5338 ὃλην
856 5271 957 5343 τὴν
1017 5271 1248 5341 ἡμέραν.
1290 5289 1309 5342 ι
1364 5270 1471 5322 Καὶ
1535 5269 1841 5333 διδάσκων,
1899 5271 1942 5321 τε

2062 5279 2290 5325 secutus
2344 5277 2429 5323 est
2463 5274 2657 5322 aestum
2715 5274 2833 5318 toto
2869 5264 2979 5319 die.
3020 5281 3038 5313 ι
3080 5260 3148 5315 Et
3203 5259 3444 5322 docens,
3498 5256 3633 5329 quid

458 5446 475 5486 ί
508 5444 610 5500 lsa.
644 5461 793 5509 ma,
831 5446 921 5500 15.

1658 5594 1893 5651 VARIAZ
1933 5593 2342 5650 LECTIONES.

458 5706 661 5778 “γάρ.
698 5714 842 5767 (ἰδέ.
912 5714 956 5745 θ’
997 5712 1127 5766 Rec.
1184 5712 1307 5767 lect.
1340 5717 1425 5765 est
1463 5707 1826 5778 πορεύσομαι.
1892 5705 2024 5778 ίτθ-ὀ.
2075 5704 2200 5761 Des.
2257 5709 2314 5761 in
2343 5706 2406 5762 C.
2494 5706 2699 5778 "fliﬁ.
2742 5704 2871 5760 nec.
2928 5704 3046 5758 lect.
3119 5709 3203 5755 est
3257 5698 3632 5771 ἐκστήσονται.

394 5776 442 5807 ’³
463 5772 624 5835 ὲπᾶνξ
657 5781 735 5836 Ita
763 5799 886 5838 cum
909 5782 949 5836 C
971 5783 1072 5848 leg.
1107 5780 1271 5838 Sirm.
1307 5772 1773 5847 ὲπαγγελθέντων.
1861 5777 1907 5808 ⁷³
1952 5772 2082 5831 Rcc.
2120 5777 2285 5832 lectio
2312 5785 2395 5832 est
2437 5776 2730 5839 ἀσεϐείαις.
