4088 6420
498 438 503 441 .
587 387 746 454 ῗ16ῐ5

1642 387 2125 448 TIIEODORETI
2146 387 2485 450 EPISCOPI
2515 388 2881 453 CYRENSIS

3696 399 3804 470 1616

584 514 793 558 auum
827 511 1024 568 vocet,
1059 501 1281 558 subdit:
1318 518 1338 552 ι
1387 497 1577 553 lnania
1629 507 1684 553 et
1717 513 1857 551 vana
1912 496 2176 567 multipli-

2283 498 2569 553 καύσωνα
2594 501 2769 567 καλεῖ,
2802 502 2996 570 ἐπάγει
3024 518 3037 531 ·
3080 520 3097 552 ι
3140 502 3285 557 Κενὰ
3320 503 3414 556 καὶ
3457 506 3645 574 μάταια
3662 508 3793 584 ἐπλή·

605 597 772 659 cavit,
809 603 865 650 et
888 594 1066 649 fmdus
1100 607 1224 648 cum
1268 589 1513 661 Assyriis
1567 589 1793 661 pepigit,
1853 596 1909 643 et
1946 589 2068 643 oleo
2124 588 2179 642 in

583 685 847 758 ,IEgypto
879 694 1240 742 mercaturam
1272 683 1420 739 fecit.
1459 702 1478 735 ι
1520 682 1749 737 Pravum
1795 682 2047 750 spiritum
2080 694 2179 735 vo-

607 784 695 829 cat
728 775 925 829 malam
958 776 1338 839 voluntatem;
1370 771 1608 825 studium
1640 785 1775 826 vero
1803 770 1949 825 circa
1990 779 2180 825 catum

600 867 762 931 dicit,
783 881 907 920 non
930 866 1106 921 solum
1125 863 1568 929 infructuosum,
1594 863 1690 919 sed
1712 863 1877 918 etiam
1907 862 2179 931 pernicio-

578 973 726 1028 sum
777 958 1040 1012 laborem.
1080 955 1217 1012 Cum
1263 958 1435 1022 enim,
1471 955 1672 1026 inquit,
1722 970 1825 1027 ego
1874 954 1969 1010 tali
2010 954 2177 1009 animi

576 1062 770 1121 sensu
805 1063 936 1119 erga
972 1046 1098 1104 illos
1125 1061 1262 1103 usus
1284 1062 1493 1110 essem,
1524 1047 1692 1117 impie
1716 1048 1984 1108 viventes,
2006 1046 2177 1103 colles

603 1146 766 1210 atque
796 1139 1070 1194 idolorum
1103 1137 1521 1193 multitudinem
1542 1149 1855 1193 erexerunt.
1882 1136 2007 1193 Haec
2033 1139 2176 1193 enim

602 1233 788 1287 inania
813 1238 870 1286 et
902 1247 1036 1285 rana
1067 1228 1307 1295 vocavit,
1343 1242 1465 1298 qua:
1509 1236 1680 1284 aestus
1702 1230 1718 1249 '
1763 1228 1940 1283 instar
1986 1243 2178 1284 omnes

594 1338 792 1379 eorum
846 1321 1060 1376 fructus
1112 1326 1447 1390 corruptura
1485 1319 1617 1374 sint.
1655 1317 1737 1372 Ad
1790 1319 1927 1383 haec,
1961 1334 2085 1374 cum
2145 1333 2177 1373 a

598 1429 734 1470 cura
762 1428 881 1469 mea
911 1410 1268 1476 defecissent,
1302 1410 1466 1465 modo
1490 1410 1776 1481 Assyrium
1804 1410 1910 1465 sibi
1939 1425 2178 1480 praeesse

576 1511 891 1574 .rogarunt,
932 1503 1096 1557 modo
1129 1502 1198 1557 ab
1240 1500 1514 1574 Egyptiis
1569 1501 1821 1558 subsidia
1874 1503 2174 1571 petierunt.

605 1595 725 1652 Oiei
754 1596 900 1650 enim
951 1602 1305 1648 mercaturam
1358 1591 1508 1648 istud
1557 1599 1737 1647 vocat.
1808 1590 2174 1646 Mercaturam

580 1688 806 1758 .quippe
836 1701 942 1741 non
976 1685 1221 1749 damnat,
1257 1682 1353 1739 sed
1403 1682 1637 1738 duorum
1681 1683 1913 1739 alterum
1959 1681 2175 1753 signiﬁ-

580 1788 730 1833 cat:
766 1777 847 1831 vel
889 1774 1035 1847 quod
1077 1775 1256 1829 oleum
1292 1773 1441 1828 velut
1489 1771 1693 1828 donum
1730 1773 2004 1843 quoddam
2053 1772 2175 1842 regi

2284 588 2431 655 θυνε,
2457 591 2552 644 καὶ
2587 591 2851 663 διαθήκην
2877 593 3015 663 μετὰ
3029 594 3327 664 ’Δσσυρίων
3354 594 3521 659 ἔθετο,
3553 598 3642 651 καὶ
3659 599 3806 658 ἔλαιον

2282 681 2363 744 είς
2398 682 2669 748 Αἴγυπτον
2719 682 3093 754 ἐνεπορεύετο.
3134 703 3153 737 ι
3182 686 3453 755 Πονηρὸν
3492 689 3706 757 πνεῦμα
3725 695 3805 764 τὴν

2282 772 2525 842 πονηρὰν
2550 774 2950 844 προσαγορεύει
2979 776 3293 847 προαίρεσιν
3328 790 3342 804 ’
3362 776 3472 844 τὴν
3500 777 3555 831 δὲ
3584 782 3701 848 περὶ
3722 784 3802 837 τὸν

2281 863 2566 916 καύσωνα
2591 865 2892 933 σπουδὴν,
2915 865 3007 919 τὸν
3022 868 3083 919 οὐ
3107 867 3266 936 μόνον
3297 866 3557 938 ἄκαρπον,
3586 870 3708 924 ἀλλὰ
3732 875 3811 926 καὶ

2281 953 2573 1025 ἐπιζήμιον
2616 954 2763 1024 λέγει
2801 957 2980 1011 πόνον.
3029 957 3194 1027 Ἐμοῦ
3243 957 3375 1028 γὰρ,
3418 959 3568 1029 φησὶ,
3620 963 3810 1037 τοιαύτῃ

2282 1044 2412 1118 περὶ
2459 1046 2657 1110 αὐτοὺς
2699 1047 3041 1118 κεχρημένου
3071 1051 3138 1120 τῇ
3165 1049 3383 1121 γνώμῃ,
3437 1050 3692 1123 μοχθηρίᾳ⁵
3734 1071 3811 1107 συ-

2278 1132 2484 1200 ζῶντες
2535 1136 2755 1206 βουνοὺς
2804 1139 2899 1191 καὶ
2945 1139 3148 1209 πλῆθος
3216 1138 3451 1192 είδὼλων
3510 1140 3813 1211 ἀνέστησαν·

2278 1224 2448 1279 ταῦτα
2472 1226 2581 1297 γὰρ
2607 1229 2755 1282 κενὰ
2789 1229 2885 1282 καὶ
2913 1229 3130 1300 μάταια
3158 1229 3448 1299 κέκληκεν,
3477 1228 3513 1284 ἃ
3530 1228 3672 1301 δίκην
3699 1232 3814 1286 καύ-

2280 1333 2449 1381 σωνος
2498 1319 2746 1384 ἅπαντας
2813 1321 2995 1375 αὐτῶν
3048 1321 3331 1394 διαφθερεῖ
3386 1322 3511 1386 τοὺς
3582 1325 3811 1393 καρπούς.

2280 1410 2425 1480 Πρὸς
2447 1409 2503 1463 δὲ
2534 1410 2764 1476 τούτοις,
2786 1412 2882 1466 καὶ
2904 1413 3003 1482 τῆς
3050 1413 3191 1483 ἐμῆς
3219 1415 3360 1482 σφᾶς
3387 1413 3573 1476 αὐτοὺς
3604 1414 3814 1483 ἀποστή-

2282 1515 2474 1564 σαντες
2522 1501 2870 1573 κηδεμονίας,
2923 1504 3019 1557 νῢν
3081 1504 3179 1574 μὲν
3221 1504 3314 1559 τὸν
3384 1505 3654 1575 Ἀσσύριον
3709 1521 3815 1574 προ-

2281 1591 2567 1646 στατεύειν
2598 1593 2777 1647 αὐτῶν
2800 1594 3158 1665 ἐλιπάρησαν,
3190 1594 3288 1647 νῦν
3323 1594 3380 1647 δέ
3404 1594 3508 1647 τῶν
3538 1594 3810 1661 Αἰγυπτίων

2275 1682 2375 1752 τὴν
2422 1684 2740 1754 ἐπικουρίαν
2783 1685 3073 1756 ἐζήτησαν.
3142 1688 3378 1741 Ἑλαίου
3418 1688 3524 1758 γὰρ
3566 1689 3815 1757 ἐμπορίαν

2277 1774 2438 1827 τοῦτο
2494 1776 2666 1830 καλεῖ.
2698 1778 2771 1831 Οὐ
2793 1778 2902 1849 γὰρ
2930 1778 3031 1848 τῆς
3076 1779 3352 1850 ἐμπορίας
3383 1782 3683 1850 κατηγορεῖ,
3706 1779 3814 1832 am

603 1866 985 1939 [Egyptiorum
1014 1863 1295 1929 offerrent,
1338 1865 1421 1919 vel
1451 1862 1597 1935 quod
1633 1878 1826 1918 aurum
1855 1862 2172 1928 oll‘erentes,

2278 1862 2391 1916 τῶν
2440 1863 2535 1918 δύο
2556 1866 2617 1919 τὸ
2635 1867 2821 1938 ἕτερον
2850 1869 3178 1921 αἰνίττεταιο
3213 1870 3247 1940 ἢ
3276 1870 3431 1923 ὅτιτὸ
3447 1870 3616 1923 ἔλαιον
3655 1865 3753 1922 οἷόν
3775 1886 3813 1921 τι

580 1954 1039 2015 .misericordiam
1097 1956 1167 2013 ab
1226 1970 1293 2012 eo
1352 1962 1668 2027 poscerent,
1728 1962 1788 2009 ut
1828 1955 1910 2011 eis
1964 1954 2175 2009 auxilio

596 2057 768 2117 esset,
802 2056 1097 2121 rogantes.

654 2236 837 2295 “Vsus.
872 2239 928 2293 ἓ.
962 2256 980 2290 ι
1026 2236 1091 2291 Ει
1119 2236 1388 2307 judicium
1450 2234 1682 2291 Domino
1729 2249 1856 2290 cum
1915 2231 2079 2301 Juda,
2108 2239 2176 2288 ut

582 2328 901 2385 vindictam
953 2334 1134 2385 sumat
1167 2326 1237 2382 de
1286 2324 1493 2381 Jacobo
1548 2325 1706 2395 juxta
1752 2324 1872 2381 vias
1929 2323 2072 2394 ejus,
2122 2331 2178 2379 et

579 2423 756 2493 .juxta
804 2419 1224 2476 adinventiones
1279 2418 1403 2489 ejus
1434 2417 1626 2473 reddet
1683 2417 1756 2473 ei.
1820 2435 1840 2469 ι
1905 2415 2174 2471 Caeterum

600 2522 791 2570 contra
828 2510 1041 2582 1366
1065 2510 1173 2566 ista
1205 2508 1288 2565 sic
1315 2509 1384 2564 ab
1416 2508 1524 2563 illis
1551 2508 1852 2564 commissa
1898 2505 2172 2577 judicium

599 2604 891 2668 exercebo,
953 2609 1007 2658 et
1060 2601 1254 2657 Judam
1292 2600 1609 2671 iniquitatis
1652 2613 1807 2655 reum
1845 2597 2066 2665 faciam,
2112 2613 2177 2653 ac

598 2697 803 2767 justam
843 2694 898 2749 in
958 2694 1109 2748 illum
1148 2691 1488 2748 sententiam
1545 2688 1754 2755 feram,
1786 2689 1933 2759 quod
1974 2690 2177 2744 avitam

602 2787 858 2843 virtutem
891 2799 1003 2838 non
1031 2782 1325 2837 aemulatus
1358 2779 1545 2843 fuerit,
1570 2780 1670 2836 sed
1716 2781 2000 2850 impietate
2036 2795 2173 2851 .pro-

602 2877 909 2947 genitorem
942 2871 1341 2928 debonestarit.
1370 2870 1504 2925 Post
1528 2870 1642 2924 haec
1661 2868 1853 2925 Jacobi
1882 2887 1970 2926 res
1996 2879 2180 2941 gestas

604 2969 659 3022 in
706 2965 947 3019 medium
1000 2962 1178 3027 aliert,
1223 2969 1282 3015 ut
1316 2961 1538 3016 virtutis
1594 2970 1838 3029 paternae
1882 2962 2180 3020 collatione

603 3054 850 3127 apertius
888 3053 1085 3108 horum
1117 3050 1415 3123 redarguat
1441 3052 1811 3121 iniquitatem.

675 3241 932 3307 “233.5,
983 3241 1038 3295 4.
1096 3257 1125 3292 ι
1183 3238 1244 3294 1η
1302 3246 1461 3295 utero
1520 3238 1900 3309 supplantavit
1951 3238 2180 3295 fratrem

604 3350 788 3398 suum,
824 3339 879 3388 et
910 3334 965 3387 in
1007 3331 1193 3386 labore
1223 3345 1330 3386 suo
1365 3331 1654 3400 praevaluit
1688 3330 1819 3386 Deo.
1856 3329 1923 3385 Et
1958 3330 2184 3387 confor-

603 3435 752 3482 tatus
780 3433 865 3481 est
891 3439 1016 3481 cum
1063 3423 1280 3494 angelo,
1314 3431 1374 3478 et
1419 3423 1724 3493 praevaluit.
1759 3441 1779 3476 ι
1810 3422 1906 3478 llle
1950 3425 2005 3478 in
2038 3423 2180 3494 ipso,

602 3517 804 3588 inquit,
838 3524 1031 3586 partus
1062 3524 1308 3584 tempore
1357 3514 1602 3582 plantam
1642 3513 1835 3570 fratris
1887 3521 2084 3570 tenens
2122 3516 2178 3570 in

588 3608 781 3661 'lucem
830 3604 1104 3675 prodiiti,
1164 3604 1344 3672 qualis
1378 3603 1601 3659 futurus
1639 3610 1790 3660 esset
1841 3605 2177 3675 praesigniﬁ-

603 3711 760 3760 cans,
795 3701 849 3749 et
881 3695 999 3747 fore
1033 3703 1092 3747 ut
1123 3693 1264 3747 scita
1308 3692 1500 3749 fraude
1540 3695 1992 3765 primogenitum:
2022 3711 2183 3752 acce-

588 3795 801 3856 pturus
840 3792 990 3838 esset
1014 3783 1484 3839 benedictionem.
1519 3784 1821 3855 Progressu
1866 3802 1999 3841 vero
2044 3796 2182 3843 tem-

604 3874 753 3942 poris
783 3874 870 3927 vir
903 3872 1106 3936 factus,
1137 3871 1276 3926 adeo
1303 3872 1528 3926 virtutis
1564 3874 1963 3929 exercitatione
1993 3875 2179 3931 excel-

601 3965 722 4029 luit,
757 3976 815 4020 ut
850 3964 945 4018 Dei
979 3964 1085 4018 sibi
1126 3962 1527 4033 providentiam
1559 3966 1974 4021 conciliaverit:
2026 3982 2181 4021 cum-

599 4072 707 4128 que
731 4056 1027 4125 aliquando
1073 4055 1264 4110 fratris
1298 4058 1518 4112 timeret
1550 4059 1870 4125 adventura,
1896 4059 2180 4130 Deumque

592 4145 933 4209 invocasset,
968 4160 1078 4199 non
1134 4146 1522 4218 qualecunque
1578 4149 1844 4203 auxilium
1892 4150 2174 4217 obtinuit,

583 4238 695 4293 :sed
728 4244 892 4292 noctu
928 4237 1079 4292 visus
1108 4244 1192 4292 est
1222 4238 1329 4293 sibi
1365 4238 1563 4293 luctari
1585 4237 1613 4277 ¹ι
1649 4256 1774 4295 cum
1817 4255 1884 4295 eo
1938 4243 2033 4312 qui
2077 4258 2176 4314 ap-

580 4335 873 4397 ,paruerat,
904 4336 1070 4398 atque
1106 4329 1398 4383 victoriam
1425 4338 1733 4399 reportare,
1769 4339 1829 4386 ut
1868 4342 2074 4388 metum
2106 4350 2172 4389 ex

586 4419 782 4475 animo
808 4420 1055 4489 ejiceret,
1093 4427 1379 4489 reputans,
1416 4437 1541 4475 eum
1577 4423 1673 4492 qui
1707 4438 1971 4493 superare
1996 4424 2168 4480 Deum

2279 1953 2451 2029 δῶρον
2469 1957 2546 2027 τῷ
2576 1959 2686 2013 τῶν
2712 1958 3026 2027 Αἰγυπτίων
3060 1961 3402 2032 προσέφερον
3447 1961 3661 2031 βασιλεῖ,
3689 1960 3719 2031 ἥ
3749 1960 3813 2013 ὅτι

2279 2049 2481 2120 χρυσὸν
2512 2051 2911 2121 προσφέροντες
2948 2052 3041 2105 τὸν
3098 2054 3230 2124 παρ’
3281 2054 3490 2107 ἐκείνου
3524 2052 3813 2123 ἐπήγγελλον

2278 2140 2447 2207 ἔλεον,
2480 2141 2770 2215 ἐπίκουρον
2797 2145 2979 2207 αὐτοῖς
3012 2144 3265 2211 γενέσθαι
3297 2144 3743 2217 παρακαλοῦντες.

2360 2232 2423 2302 β’.
2467 2254 2485 2287 ι
2527 2236 2637 2289 Kal.
2665 2235 2844 2306 κρίσις
2862 2234 2939 2305 τῷ
2963 2235 3151 2307 Κυρίῳ
3176 2236 3316 2307 πρὸς
3357 2234 3574 2298 Ἰούδαν,
3600 2232 3687 2287 τοῦ
3709 2232 3814 2287 ἐκδι-

2278 2325 2445 2395 κῆσαι
2475 2324 2565 2378 τὸν
2593 2323 2788 2378 Ἰακὼϐ
2815 2323 2959 2376 κατὰ
2979 2323 3077 2388 τὰς
3105 2325 3258 2389 ὁδοὺς
3286 2324 3474 2390 αὐτοῦ,
3496 2324 3587 2377 καὶ
3612 2323 3737 2375 κατὰ
3759 2321 3812 2374 τὰ

2280 2416 2689 2485 ἐπιτηδεύματα
2717 2414 2883 2469 αὐτοῦ
2900 2415 3266 2470 ἀνταποδώσει
3307 2415 3473 2486 αὐτῷ.
3510 2433 3526 2465 ι
3567 2413 3710 2468 Ἀλλὰ
3730 2411 3813 2481 γὰρ

2278 2507 2483 2561 τούτων
2509 2506 2655 2561 οὕτω
2715 2508 2849 2578 παρ’
2890 2508 3070 2563 αὐτῶν
3119 2510 3481 2580 γιγνομένων,
3513 2506 3811 2576 δικαστήριον

2280 2598 2673 2669 συγκροτήσωο
2756 2599 2851 2651 καὶ
2917 2598 3018 2670 τήν
3090 2599 3186 2651 τοῦ
3261 2599 3436 2654 Ἰούδα
3513 2596 3810 2669 παρανομίαν

2279 2686 2505 2756 ἐλέγξω,
2540 2688 2636 2741 καὶ
2657 2687 2872 2742 δικαίαν
2895 2690 3017 2742 κατ’
3038 2688 3203 2742 αὐτοῦ
3223 2688 3328 2761 τὴν
3347 2688 3524 2760 ψῆφον
3545 2684 3808 2752 ἐξοίσω,ὂτι

2282 2779 2378 2833 τοῦ
2408 2780 2751 2850 προπάτορος
2778 2778 2876 2850 τὴν
2911 2779 3111 2850 ἀρετὴν
3135 2780 3237 2833 οὐκ
3274 2779 3565 2851 ἐζήλωσεν,
3614 2775 3732 2832 ἀλλὰ
3756 2776 3805 2843 τῇ

2279 2870 2566 2941 δυσσεϐείᾳ
2592 2869 2681 2923 τὸν
2706 2871 2969 2942 πρόγονον
3001 2869 3243 2939 ὕϐρισεν.
3292 2869 3430 2925 Εἶτα
3472 2870 3539 2923 τὰ
3588 2868 3714 2921 κατὰ
3738 2865 3807 2916 τὸν

2294 2956 2488 3012 Ἰακὼὸ
2516 2954 2606 3012 τὸν
2672 2959 3017 3031 πατριάρχην
3045 2961 3128 3022 είς
3172 2959 3342 3029 μέσον
3374 2960 3560 3031 φέρει,
3586 2960 3645 3028 τῇ
3671 2969 3809 3024 παρα-

2281 3050 2431 3105 θέσει
2456 3052 2556 3122 τῆς
2581 3050 2839 3123 πατρῴας
2882 3050 3084 3121 ἀρετῆς
3115 3052 3512 3124 ἐναργέστερον
3532 3051 3626 3120 τὴν
3645 3046 3807 3102 τούτων

2280 3140 2570 3211 διελέγχων
2603 3142 2969 3213 παρανομίαν.

2355 3232 2426 3301 γ’,
2461 3231 2526 3287 δ’.
2550 3250 2575 3282 ‹
2619 3231 2704 3285 Ἐν
2738 3235 2803 3304 τῇ
2851 3232 3029 3304 κοιλίᾳ
3070 3233 3359 3305 ἐπτέρνισε
3390 3233 3483 3288 τὸν
3506 3228 3712 3299 ἀδελφὺν
3735 3223 3808 3278 αὐ-

2282 3323 2404 3390 τοῦ,
2436 3324 2533 3379 καὶ⁸
2572 3325 2630 3378 ἐν
2673 3324 2862 3387 κόποις
2902 3324 3068 3379 αὑτοῦ
3127 3325 3317 3397 ἴσχυσε
3365 3326 3501 3398 πρὸς
3532 3322 3685 3377 Θεόν.
3725 3314 3807 3371 Καὶ

2282 3416 2534 3487 ἐνίσχυσε
2588 3415 2729 3487 μετὰ
2792 3417 3047 3483 ἀγγέλου,
3087 3418 3184 3470 καὶ
3236 3417 3497 3490 ἠδυνήθη.
3536 3435 3555 3469 υ
3598 3412 3807 3469 Ἐκεῖνος.

2284 3509 2440 3580 φησὶ,
2491 3508 2587 3561 καὶ
2628 3509 2752 3561 κατ’
2795 3507 2956 3561 αὐτὸν
3002 3506 3094 3560 τὸν
3148 3507 3257 3560 τῶν
3302 3509 3506 3563 ὠδίνων
3537 3502 3709 3576 καιρὸν
3736 3498 3810 3566 τῆς

2281 3599 2374 3654 τοῦ
2406 3598 2633 3668 ἀδελφοῦ
2667 3598 2905 3670 πτέρνης
2943 3599 3346 3670 ἐπειλημμένος
3380 3601 3458 3664 είς
3491 3597 3601 3667 φῶς
3627 3589 3810 3664 προελή-

2281 3690 2432 3756 λυθε,
2457 3689 2849 3760 προσημαίνων
2876 3686 2986 3755 οἷος
3036 3690 3211 3757 ἔσται,
3246 3692 3343 3746 καὶ
3374 3693 3456 3745 ὅτι
3506 3689 3608 3742 τῶν
3643 3695 3809 3753 πρωτο-

2282 3782 2481 3837 τοκίων
2503 3781 2592 3836 διὰ
2643 3784 2745 3852 τῆς
2795 3782 2968 3853 καλῆς
3018 3783 3236 3853 ἀπάτης
3275 3786 3548 3857 κομιεῖται
3591 3772 3810 3848 τὴνεῠλο-

2282 3873 2427 3943 γίαν.
2460 3873 2571 3926 Καὶ
2590 3872 2683 3926 τοῦ
2715 3874 2907 3943 χρόνου
2937 3874 2991 3927 δέ
3027 3874 3385 3946 προελθόντος
3416 3876 3495 3937 είς
3518 3871 3674 3941 ἄνδρα
3698 3859 3810 3916 τελί-

2284 3980 2403 4029 σας,
2446 3962 2618 4028 όῦτως
2651 3966 2710 4018 ἐν
2736 3968 2849 4029 τοῖς
2886 3966 2983 4037 τῆς
3042 3967 3241 4038 ἀρετῆς
3278 3966 3534 4037 διέπρεψε
3562 3952 3810 4019 πόνοιςνώς

2281 4064 2375 4117 καὶ
2397 4064 2497 4135 τήν
2518 4064 2669 4119 θείαν
2720 4065 3060 4136 προμήθειαν
3111 4065 3542 4129 ἐπισπάσασθαι,
3585 4055 3670 4114 καί
3713 4061 3809 4104 ποτε

2281 4154 2463 4217 δείσας
2488 4153 2587 4224 τὴν
2623 4153 2807 4222 ἄφιξιν
2829 4153 2923 4207 τοῦ
2965 4153 3162 4219 Ἡσαῦ,
3188 4156 3283 4209 καλ⁷
3310 4157 3401 4209 τὸν
3426 4153 3557 4207 Θεὸν
3583 4138 3811 4206 ἀντιῦολτὲ

2283 4243 2522 4313 σας,οὐχ
2546 4243 2733 4307 ἁπλῶς
2778 4243 2876 4313 τῆς
2917 4243 3128 4296 ἐκεῖθεν
3164 4243 3484 4316 ἐπικουρίας
3523 4236 3809 4316 ἁπήλαυσεν.

2280 4334 2532 4388 ἀλλὰκαὶ
2594 4334 2848 4388 παλαίειν
2899 4334 3048 4401 ἔδοξε
3085 4334 3303 4406 νύκτωρ
3351 4315 3583 4403 ὀφθέντι,
3612 4325 3695 4379 καὶ
3713 4315 3811 4388 δρέ-

2279 4428 2477 4480 πεσθαι
2502 4427 2600 4498 τὴν
2633 4427 2809 4497 νὶκην,
2848 4426 2936 4481 ἴνα
2973 4427 3037 4480 τὺ
3067 4427 3189 4489 δέος
3226 4429 3323 4498 τῆς
3366 4424 3599 4484 διανοίας
3623 4409 3808 4478 ἐκόἀλην

582 4511 702 4567 .sibi
744 4511 897 4567 visus
954 4510 1170 4574 fuisset,
1224 4525 1571 4580 nequaquam
1619 4514 1689 4567 ab
1724 4514 1944 4569 homine
1966 4515 2172 4569 victum

2278 4497 2635 4589 λογισάμενος
2657 4518 2735 4582 ὡς
2765 4520 2793 4572 ό
2820 4517 2913 4571 τοῦ
2959 4516 3095 4571 Θεοῦ
3138 4516 3523 4589 περιγενέσθαι
3549 4508 3708 4574 δόξας,
3740 4497 3809 4551 ὑπ’

578 4602 688 4656 iri.
725 4602 983 4657 Eumdem
1015 4609 1196 4657 autem
1227 4608 1284 4656 et
1317 4601 1485 4656 Deum
1543 4608 1598 4657 ct
1656 4606 1898 4673 angelum
1934 4608 2171 4673 voravit,

583 4692 727 4762 quia
756 4700 1047 4760 utrumque
1079 4706 1278 4746 nomen
1306 4691 1501 4747 beatus
1536 4690 1713 4747 Moses
1740 4693 1942 4762 posuit.
1975 4695 2172 4749 Domi-

587 4798 701 4836 -nus
732 4782 876 4835 enim
914 4792 1098 4836 noster
1127 4780 1288 4837 Jesus
1324 4781 1601 4845 Christus,
1636 4792 1689 4837 et
1726 4782 1867 4838 Deus
1905 4783 2085 4851 fortis,
2118 4793 2176 4840 et

578 4872 779 4941 magni
839 4871 1058 4925 consilii
1119 4871 1361 4942 Angelus
1397 4873 1467 4926 ab
1528 4871 1719 4926 Isaia1
1785 4882 2016 4928 vocatus
2063 4884 2168 4931 est.

603 4979 622 5011 ι
664 4959 976 5025 Fleveruut,
1012 4969 1067 5014 et
1093 4960 1377 5031 deprecati
1403 4968 1537 5016 sunt
1590 4975 1700 5027 me,
1759 4963 1813 5015 in
1866 4962 2032 5018 domo
2084 4964 2167 5021 On

599 5051 927 5104 invenerunt
967 5066 1091 5117 me;
1123 5061 1177 5106 et
1208 5051 1286 5106 ibi
1337 5051 1547 5106 dictum
1578 5060 1664 5107 est
1721 5052 1789 5107 ad
1837 5068 1954 5120 eos.
1998 5073 2016 5105 ι
2057 5056 2172 5110 Hoc

601 5141 812 5212 1367
853 5142 944 5196 alii
998 5143 1365 5213 interpretes,
1413 5143 1613 5215 Aquila
1639 5184 1654 5211 ,
1693 5142 2076 5215 Symmachus,
2122 5159 2177 5203 et

590 5230 924 5297 .Theodolio,
943 5240 1000 5287 ut
1026 5232 1314 5289 deJacobo
1341 5234 1549 5289 dictum
1562 5248 1909 5304 posuerunt:
1937 5259 1956 5292 ι
1976 5238 2173 5306 Flevit,

597 5332 651 5377 et
682 5323 1006 5393 deprecatus
1039 5333 1124 5380 est
1150 5338 1297 5390 eum,
1328 5334 1383 5380 et
1406 5326 1462 5379 in
1499 5324 1686 5382 Betbel
1716 5328 1925 5385 invenit
1954 5347 2103 5387 eum.
2147 5350 2166 5383 ι

2278 4611 2583 4682 ἀνθρώπων
2616 4611 2714 4681 οὺχ
2736 4610 3119 4682 ήττηθήσεται.
3153 4611 3258 4665 Τὸν
3278 4611 3337 4664 δὲ
3372 4608 3533 4664 αὑτὸν
3579 4598 3668 4656 καὶ
3693 4589 3810 4647 Θεὸν

2278 4704 2371 4756 καὶ
2400 4702 2664 4774 ἄγγελον
2691 4702 2982 4773 κέκληκεν,
3015 4703 3204 4775 ἐπειδὴ
3236 4704 3331 4757 καὶ
3374 4704 3403 4757 ό
3436 4696 3686 4772 μακάριος
3709 4683 3809 4739 Μω⁶

2278 4791 2378 4860 σῆς
2402 4793 2687 4863 ἀμφότερα
2728 4793 2940 4846 τέθεικε
2981 4792 3051 4846 τὰ
3082 4793 3351 4863 ὀνόματα.
3401 4794 3458 4845 Ὀ
3508 4786 3612 4857 γὰρ
3640 4775 3807 4863 Κύριος

2277 4858 2455 4952 ἡμῶν-
2477 4858 2682 4952 imo-5;
2704 4883 2960 4954 Χριστὸς,
2986 4884 3081 4938 καὶ
3120 4858 3251 4948 Θεὸς
3297 4881 3537 4955 ἰσχυρὸς,
3567 4871 3651 4929 καὶ
3675 4858 3808 4938 μεγά’

2279 4972 2379 5044 λης
2400 4972 2594 5045 βουλῆς
2618 4976 2878 5044 Ἀγγελος
2895 4976 3047 5048 παρὰ
3072 4976 3151 5046 τῷ
3177 4977 3376 5049 Ἧσαῖᾳ
3400 4964 3805 5049 προσηγόρευξξιθ

2287 5082 2306 5115 ι
2336 5041 2670 5131 ’Ἕκλαυσαη
2700 5041 2795 5120 καὶ
2841 5041 3141 5140 ἐδεήθησάν
3194 5085 3321 5136 μου,
3349 5041 3546 5132 ’ἐν-τῷ
3591 5054 3710 5146 of”?
3732 5041 3806 5146 ζον

2280 5149 2449 5226 ηὗρόν
2482 5173 2571 5226 με,
2602 5158 2695 5211 καὶ
2721 5159 2768 5191 τι
2796 5160 2913 5214 ἐκεῖ
2953 5139 3188 5231 ἐλαλήθη
3231 5153 3582 5232 πρδςαύτούς,
3620 5164 3637 5198 ι
3668 5139 3804 5193 Τοῦτο

2281 5247 2331 5299 οἱ
2357 5247 2507 5300 ἄλλοι
2580 5248 2933 5319 ἑρμηνευταὶ,
2990 5248 3086 5303 καὶ
3128 5248 3378 5313 ’Δκύλας,
3411 5242 3502 5300 καὶ
3531 5233 3800 5304 Σύμμακκν

2282 5338 2378 5391 καὶ
2395 5338 2707 5406 Θεοδοτίων,
2750 5340 2828 5404 ὡς
2859 5339 2988 5404 περὶ
3041 5339 3137 5394 τοῦ
3179 5339 3374 5396 Ἰακὼϐ
3429 5325 3694 5406 εἰρημένον
3740 5322 3801 5363 α’

666 5494 851 5554 iGen.
880 5496 1135 5564 xxv,‘26.
1198 5498 1237 5538 -ιε
1262 5496 1400 5555 Gen.
1435 5516 1609 5571 xxxu,
1640 5504 1731 5572 ‘24,
1764 5522 1916 5578 seqq.
2003 5505 2019 5544 ι
2056 5506 2159 5563 lsa.
2198 5523 2276 5577 ix,
2310 5510 2364 5564 6.

1922 5665 2156 5723 VARI/FZ
2199 5663 2603 5727 LECTIONES.

691 5770 733 5800 ⁷⁸
752 5769 872 5824 καί.
915 5769 1042 5825 Des.
1064 5770 1125 5823 in
1158 5768 1221 5823 C.
