4088 6404
385 415 518 477 1617
1673 415 1754 473 IN
1793 414 1990 473 OSEE'
2016 415 2168 475 CAP.
2209 419 2341 476 xu;
3442 425 3594 488 1613.

381 528 625 579 θείκασιν
649 539 664 555 ⁶
702 542 721 576 ι
758 525 1024 578 Ἕκλαυσε
1045 525 1110 584 ⁷⁸,
1136 525 1228 578 καὶ
1284 525 1472 594 ἐδεήθη
1527 525 1710 588 αὐτοῦ,
1747 527 1840 578 καὶ
1873 528 1929 578 ἐν
1957 531 1995 586 Α

1965 531 2003 586 Α
2031 525 2162 579 Nam
2199 543 2320 580 cum
2350 527 2555 598 fugeret
2585 529 2755 585 Jacob
2787 530 2972 587 fratris
3023 532 3268 597 insidias,
3318 543 3480 604 atque
3510 537 3579 590 ad

383 615 583 686 Βαιθὴλ
635 611 799 685 ηὗρεν
848 616 1027 668 αὐτόν.
1067 634 1086 667 ι
1123 616 1339 682 Φεύγων
1383 616 1546 686 γάρὸ
1594 616 1785 669 Ἰακὼϐ
1834 617 1926 669 τοῦ

2033 614 2310 669 Labanum
2375 619 2698 672 avunculum
2759 619 3093 689 perfugeret,
3163 622 3253 675 ubi
3309 622 3577 676 Bethelem

380 703 610 771 ἀδελφοῦ
635 704 732 772 τὴν
780 703 1091 774 ἐπιϐουλὴν,
1134 705 1227 756 καὶ
1285 704 1416 774 πρὸς
1452 704 1636 758 Λάϐαν
1675 706 1765 760 τὸν
1792 705 1931 760 θεῖον

2032 707 2296 775 pervenit,
2331 707 2404 761 ibi
2435 707 2672 762 divinam
2718 711 3096 764 revelationem
3129 715 3359 766 nactus‘
3391 721 3494 772 est,
3528 719 3580 765 et

382 793 810 861 ἀποδιδράσκων,
869 794 926 846 ἐν
981 795 1046 862 τῇ
1101 793 1300 862 Βαιθὴλ
1339 793 1623 862 γενόμενος
1655 794 1750 862 τῆς
1783 794 1930 856 Θείας

2031 794 2243 850 divinas
2278 796 2670 865 promissioncs
2725 800 2954 868 accepit.
3008 798 3154 852 Dixit
3183 800 3365 853 enim:
3430 817 3448 848 ι
3505 797 3581 851 Ne

381 880 774 950 ἀποκαλύψεως
846 881 1058 950 ἔτυχε,
1095 882 1188 933 καὶ
1252 881 1348 946 τὰς
1409 883 1556 944 Θείας
1604 884 1931 950 ἐπαγγελίας

2031 886 2246 949 timeas,
2288 886 2475 954 Jacob,
2531 888 2786 958 quoniam
2837 905 2936 959 ego
2977 899 3154 944 tecnm
3199 905 3316 943 sum
3342 900 3402 942 ω.
3443 907 3460 937 ι
3518 887 3582 940 Et

381 969 620 1034 ἐδέξατο.
670 990 687 1021 ι
725 971 814 1040 Μὴ
840 969 1003 1039 φοϐοῦ
1037 971 1164 1040 γὰρ,
1205 972 1384 1042 φησὶν,
1431 971 1644 1033 Ἰακὼϐ,
1668 972 1798 1025 διότι
1824 973 1932 1040 ἐγὼ

2032 973 2190 1040 ﬂens,
2226 984 2282 1029 ut
2310 991 2408 1045 par
2436 987 2570 1042 erat,
2609 979 2722 1032 haec
2748 980 2908 1033 verba
2937 979 3064 1034 fecit
3093 998 3105 1033 :
3142 998 3160 1030 ι
3202 979 3257 1032 Si
3291 979 3423 1032 mihi
3473 977 3581 1032 Do-

385 1060 521 1128 μετὰ
581 1060 673 1112 σοῦ
698 1051 833 1130 εἰμι.
857 1080 874 1112 ι
916 1061 1022 1113 Καὶ
1051 1060 1249 1113 κλαίων
1291 1061 1368 1124 δέ,
1403 1061 1475 1125 ὡς
1509 1062 1670 1126 εἰκὸς,
1700 1062 1825 1126 τοὺς
1846 1063 1931 1115 λόι

2037 1064 2222 1119 minus
2251 1065 2459 1120 dederit
2488 1081 2679 1134 panem
2726 1067 2793 1120 ad
2823 1068 3172 1130 vescendum,
3206 1076 3258 1122 et
3289 1068 3578 1122 vestimen—

383 1166 512 1217 γους
565 1151 804 1214 ἐκείνους
856 1152 1178 1222 ἐποιήσατο’
1229 1169 1248 1202 ι
1301 1152 1425 1204 Ἐάν
1467 1169 1552 1218 μοι
1609 1151 1682 1220 δῷ
1730 1151 1933 1221 Κύριος

2034 1159 2147 1206 tum
2183 1153 2250 1206 ad
2281 1154 2634 1219 induendum,
2667 1164 2718 1211 et
2741 1158 3014 1211 reduxerit
3042 1171 3125 1210 me
3149 1173 3272 1210 cum
3301 1172 3452 1225 pace,
3478 1156 3580 1210 erit

385 1243 548 1311 ἄρτον
567 1245 776 1310 φαγεῖν,
793 1241 884 1295 καὶ
904 1242 1111 1311 ἱμάτιον
1136 1240 1540 1312 περιϐαλέσθαι,
1561 1242 1652 1295 καὶ
1669 1244 1936 1295 ἀποκατα-

2035 1242 2168 1296 mihi
2201 1242 2462 1298 Dominus
2494 1260 2592 1312 pro
2619 1245 2748 1310 Deo,
2792 1253 2844 1300 et
2875 1246 3013 1314 lapis
3052 1245 3174 1310 iste,
3220 1261 3375 1314 quem
3411 1244 3579 1310 erexi,

389 1334 575 1400 στήσει
593 1333 639 1364 ⁷⁸
672 1349 740 1398 με
765 1333 880 1402 μετ’
905 1332 1145 1401 εἰρήνης,
1170 1331 1320 1384 ἔσται
1352 1349 1438 1401 μοι
1461 1331 1658 1402 Κύριος
1679 1334 1756 1395 είς
1781 1333 1931 1396 Θεὸν,

2036 1333 2308 1386 eritmihi.
2331 1348 2428 1402 pro
2469 1333 2632 1388 domo
2683 1334 2794 1398 Dei,
2827 1344 2879 1388 et
2928 1335 3170 1388 omnium
3205 1348 3325 1401 quae
3370 1332 3583 1386 dederis

387 1423 480 1474 καὶ
523 1424 552 1475 ὁ
595 1420 758 1487 λίθος,
809 1420 866 1474 δν
905 1421 1124 1490 ἐστησα,
1159 1421 1309 1474 ἐσται
1344 1438 1430 1492 μοι
1468 1423 1546 1484 εἰς
1585 1418 1728 1475 οἷκον
1779 1423 1933 1486 Θεοῦ,

2039 1422 2194 1485 mihi,
2228 1423 2465 1476 decimas
2495 1422 2714 1476 oli‘eram
2766 1423 2937 1477 tibi“.
2981 1441 2999 1474 ι
3039 1422 3173 1476 Cum
3211 1421 3426 1475 rediens
3458 1435 3581 1488 per-

389 1511 484 1562 καὶ
516 1511 750 1575 πάντων,
775 1503 847 1563 ὧν
879 1510 973 1563 ἐάν
1007 1527 1095 1579 μοι
1113 1511 1238 1580 δῷς,
1273 1512 1501 1582 δεκάτην
1543 1514 1936 1570 άποδεκατώεω

2038 1511 2279 1567 venisset
2305 1511 2370 1566 ad
2401 1513 2575 1566 locum
2606 1513 2756 1567 illum
2782 1553 2796 1579 ,
2828 1512 3227 1567 benefactorem
3279 1510 3586 1565 laudatione

391 1618 472 1654 σοι
501 1603 657 1657 αὐτά.
693 1622 711 1655 ι
738 1603 845 1654 Kal.
894 1601 1128 1655 ἐπανιὼν
1157 1603 1232 1669 δὲ,
1264 1607 1403 1656 κατὰ
1435 1604 1523 1656 τὸν
1543 1605 1705 1657 τόπον
1733 1606 1935 1658 ἐκεῖνον

2040 1616 2394 1670 prosequens,
2417 1602 2554 1656 dixit
2581 1620 2596 1657 :
2637 1622 2654 1652 ι
2683 1603 2816 1658 Cum
2852 1604 3049 1657 baculo
3082 1603 3186 1656 isto
3211 1616 3330 1655 meo
3358 1599 3585 1654 transivi

392 1692 698 1761 γενόμενος,
724 1691 815 1744 τὸν
858 1693 1147 1764 εὐεργέτην
1185 1693 1366 1762 ὑμνῶν
1422 1693 1624 1761 ἔλεγεν,
1675 1695 1756 1748 ὅτι
1789 1715 1808 1747 ι
1848 1696 1936 1748 Ἐν

2050 1690 2349 1758 Iordanem,
2369 1703 2420 1746 et
2447 1710 2588 1748 nunc
2615 1709 2734 1747 cum
2759 1694 2968 1748 duabus
2993 1694 3185 1748 turmis
3213 1693 3488 1761 regredior
3505 1709 3582 1746 ο.»
3662 1743 3664 1748 .

391 1784 456 1850 τῇ
486 1782 531 1812 ⁷⁷
564 1781 742 1852 ῥάϐδῳ
778 1798 875 1851 μου
906 1781 1073 1854 ταύτῃ
1101 1783 1373 1852 παρῆλθον
1396 1783 1486 1836 τὸν
1520 1783 1805 1854 Ἰορδάνην,
1844 1784 1938 1837 καὶ
1971 1851 1999 1854 _

1974 1851 1999 1854 _
2042 1778 2156 1834 Hoc
2189 1780 2354 1849 igitur
2382 1781 2578 1849 Aquila
2608 1788 2662 1834 et
2697 1781 3074 1850 Symmachus,
3125 1797 3223 1836 sua
3276 1781 3588 1849 interpreta‘

397 1870 504 1922 ίδοὺ
530 1851 726 1938 γέγονα
759 1872 835 1933 είς
888 1871 979 1924 δύο
1029 1851 1392 1941 παρεμϐολάς.
1431 1891 1449 1924 ι
1482 1851 1650 1925 Τοῦτο
1693 1851 1867 1927 τοίνυν
1891 1875 1941 1927 οἱ
1971 1851 2011 1904 Β

1972 1851 2011 1904 Β
2044 1869 2193 1924 tione
2219 1878 2579 1940 exponentes,
2609 1870 2944 1935 docuerunt,
2975 1869 3211 1936 Bethele,
3258 1885 3378 1940 quae
3421 1884 3586 1933 nunc,

395 1958 522 2026 περὶ
537 1958 626 2010 τὸν
666 1957 890 2012 ’Δκύλαν
922 1960 1014 2011 καὶ
1041 1958 1131 2010 τὸν
1182 1958 1471 2028 Σύμμαχον
1516 1949 1940 2030 ἑρμηνεύσαντες

2042 1960 2240 2028 inquit,
2309 1961 2513 2014 idolum
2547 1958 2628 2014 0n
2680 1960 2864 2025 habet,
2919 1974 2949 2012 a
3005 1958 3205 2013 Jacobo
3239 1966 3587 2026 conspectum

397 2047 806 2117 παρεδήλωσαν,
865 2047 1202 2110 διδάσκοντες
1238 2049 1319 2101 ὅτι
1351 2050 1407 2101 ἐν
1455 2053 1521 2120 τῇ
1557 2050 1775 2120 Βαιθὴλ,
1801 2053 1940 2120 ἥτις,

2044 2049 2233 2104 fuisse.
2297 2049 2652 2120 Septuaginta
2701 2064 2830 2103 vero
2897 2049 3262 2118 interpretes,
3326 2046 3589 2116 singulari

396 2137 550 2206 φησὶ,
578 2135 754 2202 νῦνςιδ
778 2139 870 2190 Ὢν
892 2137 1106 2190 εἴδωλον
1155 2136 1285 2207 ἔχει,
1337 2137 1490 2207 ὤφθη
1531 2138 1606 2209 τῷ
1643 2140 1834 2192 Ἰακώϐ
1856 2157 1869 2172 ο
1895 2142 1942 2193 οί

2045 2151 2276 2191 numero
2305 2137 2370 2190 ad
2399 2136 2662 2205 pluralem
2699 2136 2988 2199 translato,
3018 2136 3097 2188 sic
3153 2134 3451 2202 intelligere
3490 2148 3598 2187 nos

394 2228 879 2299 δέἚϐδομήκοντα
927 2227 1018 2279 ἐπὶ
1068 2226 1425 2298 πληθυντικὸν
1473 2228 1580 2282 ἀπὸ
1624 2229 1715 2282 τοῦ
1767 2231 1944 2283 ἑνικοῦ

2045 2227 2241 2281 docent
2271 2243 2285 2280 :
2325 2223 2566 2280 Jacobus
2608 2226 2924 2294 progenitor
2957 2232 3158 2288 vester,
3194 2238 3318 2277 cum
3353 2237 3480 2292 erga
3509 2236 3592 2276 me

399 2319 751 2389 μεταϐάντες,
784 2318 1120 2372 διδάσκουσιν
1172 2321 1316 2388 ήμᾶς
1371 2318 1512 2373 οὕτω
1570 2324 1730 2386 νοεῖν,
1771 2323 1852 2374 ὅτι
1888 2323 1946 2374 '0

2046 2317 2168 2371 talis
2195 2323 2363 2380 esset,
2396 2331 2524 2370 cura
2563 2330 2680 2370 mea
2708 2316 2906 2384 dignus
2945 2315 3162 2369 habitus
3194 2320 3300 2366 est.
3331 2311 3440 2365 Vos
3469 2321 3602 2364 vero

397 2409 498 2477 μὲν
539 2408 835 2480 προπάτωρ
890 2407 1042 2478 ὑμῶν
1088 2407 1328 2471 τοιοῦτος
1363 2410 1490 2478 περὶ
1539 2409 1639 2479 ἐμὲ
1665 2410 1948 2479 γενόμενος

2047 2404 2378 2459 contrariam
2412 2403 2555 2457 viam
2611 2403 2842 2472 ingressi
2874 2401 3025 2465 esus,
3059 2407 3113 2454 et
3157 2413 3282 2453 cum
3333 2399 3604 2468 pcenitere

393 2500 494 2568 τῆς
523 2501 649 2571 παρ’
686 2499 820 2570 ἐμοῦ
869 2499 1188 2570 κηδεμονίας
1231 2499 1454 2568 ἠξίωται
1480 2515 1494 2529 ·
1536 2499 1691 2569 ὑμεῖς
1736 2501 1801 2552 δὲ
1851 2501 1948 2568 τὴν

2052 2495 2284 2560 velletis,
2335 2509 2443 2549 non
2489 2494 2750 2561 templum
2809 2492 2940 2546 mihi
3000 2491 3312 2546 dedicatum
3361 2487 3595 2553 adiistis,

395 2589 641 2642 ἐναντίαν
679 2589 967 2654 ὡδεύσατε,
1023 2590 1116 2643 καὶ
1179 2588 1506 2661 μεταμελείᾳ
1545 2588 1602 2640 δὲ
1643 2588 1949 2658 χρήσασθαι

2050 2586 2142 2640 sed
2173 2585 2317 2654 apud
2365 2585 2568 2639 idolum
2595 2583 2676 2638 On
2713 2585 3072 2638 lamentantes
3094 2619 3108 2646 ,
3156 2595 3335 2636 meum
3364 2578 3609 2647 petiistis-

399 2677 769 2748 βουληθέντες,
803 2680 901 2731 οὐκ
927 2680 1003 2740 είς
1031 2679 1119 2732 τὸν
1154 2677 1524 2748 ἀφιερωμένον
1555 2681 1646 2747 μοι
1672 2676 1804 2730 νεὼν
1830 2677 1950 2748 ἐλη-

2052 2675 2338 2730 auxilium.
2375 2675 2486 2743 Ego
2511 2688 2640 2728 vero
2674 2673 2781 2728 hoc
2812 2673 2972 2726 modo
2999 2671 3216 2741 indigna
3243 2685 3457 2739 passus,
3507 2683 3597 2722 vos

398 2765 616 2830 λύθατε,
653 2767 785 2820 ἀλλὰ
808 2767 957 2837 παρὰ
980 2766 1039 2818 τὸ
1071 2767 1162 2820 ’Ὧν
1195 2766 1408 2819 εἴδωλον
1447 2765 1835 2836 ὀλοφυρόμενοι
1854 2767 1951 2835 τὴν

2097 2766 2137 2818 is
2167 2771 2348 2816 tamen
2383 2778 2469 2816 me
2500 2761 2737 2825 ostendi,
2776 2761 2992 2830 1368
3037 2767 3091 2815 et
3125 2759 3325 2829 quibus
3358 2759 3413 2811 in
3465 2758 3606 2810 locis
3705 2754 3711 2762 “

396 2857 537 2928 ἐμὴν
573 2859 814 2928 ἐζητεῖτε
871 2857 1135 2928 βοήθειαν.
1175 2857 1316 2924 Ἐγὼ
1369 2857 1424 2910 δέ
1462 2857 1555 2909 καὶ
1599 2855 1740 2909 οὕτω
1773 2875 1952 2925 παροι-

2054 2855 2415 2925 impiorastis,
2448 2868 2710 2925 responsa
2743 2853 2888 2908 dedi.
2931 2854 3105 2920 Atque
3130 2850 3235 2904 hoc
3261 2849 3418 2918 plane
3445 2847 3619 2901 docet-

397 2949 657 3018 νούμενος
686 2949 959 3018 ἐπεφάνην
987 2949 1032 2982 ⁷⁸
1060 2949 1207 3018 ὑμῖν,
1235 2949 1328 3001 καὶ
1354 2949 1411 3000 ἐν
1440 2943 1518 3011 οἷς
1541 2946 1831 3001 ἐκαλέσατε
1867 2948 1954 3000 τό·

2055 2946 2224 2998 Amos
2252 2943 2538 3013 propheta,
2566 2944 2658 3012 qui
2691 2941 2930 3006 Bethele,
2981 2939 3070 2994 ubi
3101 2939 3184 2993 On
3235 2937 3435 2992 idolum
3482 2935 3626 3000 fuit,

400 3054 522 3099 ποις
539 3039 632 3100 τὰς
663 3037 977 3107 ἀποκρίσεις
1011 3035 1372 3106 ἐποιησάμην.
1405 3035 1513 3087 Καὶ
1544 3033 1698 3087 τοῦτο
1719 3034 1953 3088 διδάσκει

2055 3048 2273 3088 omnem
2311 3033 2654 3103 prOphetiam
2681 3031 2887 3096 docuit,
2928 3028 3018 3084 cui
3046 3036 3100 3083 et
3133 3026 3382 3081 Amasias
3421 3039 3603 3079 sacer-

402 3128 586 3194 σαφῶς
629 3126 809 3196 ’Δμὼς
836 3126 873 3180 ’ὁ
923 3127 1228 3196 προφήτης,
1263 3127 1318 3178 ἐν
1376 3126 1439 3194 τῇ
1498 3124 1720 3194 Βαιθὴλ,
1762 3119 1956 3197 ἐνῇτὸ
1982 3155 2016 3210 C

2005 3155 2022 3210 ι
2057 3114 2158 3179 dos
2199 3123 2438 3179 Bethelis
2471 3123 2608 3178 dixit
2641 3141 2654 3175 :
2717 3139 2736 3173 ι
2772 3119 2920 3176 Vade
2976 3119 3030 3173 in
3086 3125 3283 3172 terram
3321 3115 3508 3210 Judae,
3553 3120 3619 3168 ets

401 3217 620 3271 εἴδωλον
643 3213 710 3288 ἦν
732 3216 790 3269 τὸ
819 3218 934 3277 Ὧν,
977 3217 1155 3270 πᾶσαν
1201 3215 1563 3284 ποιησάμενος
1595 3213 1693 3283 τὴν
1739 3231 1954 3284 προφη-
1990 3204 2015 3210 ”

2063 3213 2282 3268 Bethele
2312 3228 2420 3287 non
2447 3213 2680 3282 amplius
2715 3209 3030 3282 prophetes,
3063 3207 3194 3276 quia
3235 3204 3627 3262 sanctuarium.

403 3311 572 3362 τείαν·
613 3308 747 3378 πρὸς
765 3307 822 3361 ὃν
841 3308 933 3360 καὶ
959 3309 988 3360 ὁ
1032 3306 1314 3376 Ἀμασίας,
1347 3305 1486 3372 ὁτῆς
1517 3304 1714 3375 Βαιθὴλ
1761 3306 1959 3376 ἱερεὺς,
2061 3303 2206 3372 regis
2233 3310 2314 3358 est
2337 3313 2380 3355 P.
2420 3320 2450 3354 ι.

403 3399 524 3472 ἔφη·
559 3417 578 3452 ι
608 3398 843 3470 Πορεύου
864 3399 942 3461 είς
971 3397 1073 3468 γῆν
1112 3397 1292 3460 Ἰούδα,
1315 3397 1406 3449 καὶ
1441 3396 1513 3466 μή
1551 3397 1853 3466 προφήτευε
1887 3399 1966 3458 είς

419 3491 645 3561 Βαιθήλ,
680 3492 760 3544 ὅτι
793 3490 1036 3559 ἀγίασμα
1069 3487 1327 3558 βασιλέως
1366 3487 1529 3540 ἐστίν.
1569 3504 1588 3537 ›

480 3585 543 3646 ε’,
561 3585 664 3644 ς⁴.‹
686 3579 743 3632 '0
765 3579 820 3632 δέ
847 3577 1046 3648 Κύριος
1063 3576 1106 3607 ⁷⁹
1126 3577 1153 3628 ὁ
1177 3574 1566 3644 παντοκράτωρ
1587 3573 1737 3627 ἔσται
1756 3592 1858 3644 μνη
1868 3574 1961 3644 μό-

2134 3573 2368 3639 Vaas.5,
2386 3573 2440 3628 6.
2459 3570 2946 3626 «Dominus-autem
2971 3565 3112 3622 Deus
3137 3561 3482 3632 omnipotens
3507 3561 3617 3616 erit

410 3687 567 3725 σννον
585 3668 961 3723 αὑτοῦ.Ἔλεον
974 3666 1018 3699 ⁸⁸
1044 3667 1136 3719 καὶ
1163 3668 1335 3736 κρῖμα
1355 3664 1649 3734 φυλάσσου,
1668 3665 1760 3717 καὶ
1777 3664 1959 3734 ἐγγιζε

2069 3664 2387 3720 memoriale
2412 3663 2554 3732 ejus.
2582 3657 3012 3716 Misericordiam
3051 3665 3105 3711 et
3131 3653 3396 3724 judicium
3428 3658 3613 3705 custo-

413 3761 550 3831 πρὸς
591 3759 681 3812 τὸν
715 3758 844 3811 Θεόν
887 3774 978 3809 σου
1014 3757 1100 3810 διὰ
1131 3756 1346 3818 παντός.
1379 3773 1397 3805 ι
1431 3753 1678 3807 Τοιοῦτον
1708 3755 1845 3824 ἔχων
1866 3757 1962 3806 Δε-

2069 3755 2124 3809 di
2160 3772 2172 3807 :
2211 3760 2264 3807 et
2292 3751 2676 3822 appropinqua
2709 3747 2820 3802 Deo
2851 3755 2946 3800 tuo
2975 3758 3208 3814 semper.
3239 3759 3257 3793 ι
3288 3739 3424 3795 Cum
3441 3738 3617 3831 talem

418 3828 640 3920 σπότην,
655 3849 710 3912 ὃς
726 3847 866 3902 κατὰ
882 3847 1098 3901 πάντων
1116 3846 1227 3914 ἔχει
1243 3845 1302 3897 τὸ
1319 3844 1537 3914 κράτος,
1553 3843 1781 3914 ἄληστον
1803 3843 1965 3896 αὐτοῦ

2071 3844 2276 3898 habeas
2307 3840 2592 3896 Dominum
2613 3877 2628 3902 ,
2661 3837 2749 3908 qui
2772 3835 3032 3891 omnibus
3065 3833 3402 3892 dominatur,
3434 3828 3642 3896 iugem.

415 3938 504 3993 διά
530 3939 727 4002 παντὸς
743 3938 831 4008 ἔχε
848 3939 946 4008 τὴν
979 3937 1216 4008 μνήμην,
1240 3935 1332 3988 καὶ
1353 3922 1694 4003 δικαιοσύνης
1718 3933 1964 4003 ἀντέχου,

2073 3934 2195 4002 ejus
2239 3931 2556 3986 memoriam
2589 3937 2748 3992 tene,
2798 3936 2854 3980 et
2877 3925 3148 3994 justitiam
3176 3921 3534 3989 amplectere,
3568 3924 3621 4013 et

417 4027 510 4080 καὶ
538 4027 910 4098 φιλάνθρωπος
939 4025 1030 4078 ἔσο
1058 4026 1184 4094 περὶ
1204 4023 1296 4076 τὸν
1320 4022 1504 4089 πέλας,
1539 4023 1633 4076 καὶ
1662 4025 1772 4084 τοῖς
1802 4023 1966 4085 θείοις

2074 4019 2347 4074 humanus
2378 4024 2499 4072 esto
2541 4017 2595 4069 in
2639 4027 2977 4084 proxumum,
3009 4019 3063 4065 et
3096 4009 3317 4062 divinis-
3339 4009 3623 4074 przeceptis

413 4117 676 4186 διηνεκῶς
729 4105 1004 4170 ἀκολούθει
1050 4113 1462 4184 προστάγμασιν
1489 4127 1503 4141 ·
1548 4109 1688 4163 ούτω
1732 4109 1840 4180 γὰρ
1891 4111 1969 4180 τῷ

2077 4122 2290 4177 semper
2320 4107 2641 4174 obsequere.
2698 4101 2790 4156 Sic
2819 4100 2963 4155 enim
3006 4099 3117 4150 Deo
3147 4099 3625 4164 appropinquans,

413 4206 556 4275 Θεῷ,
578 4205 824 4269 πελάζων
853 4205 992 4272 ἔξεις
1016 4204 1176 4257 αὐτὸν
1203 4200 1618 4273 ὑπερμαχοῦντα
1651 4200 1962 4270 προθύμως.

1801 4201 1962 4270 ὒμως.
2075 4196 2300 4250 habebis
2327 4209 2452 4249 eum
2489 4197 2799 4261 promptum
2826 4187 2904 4241 tui
2935 4191 3415 4256 propugnatorem.

483 4272 556 4359 ξ’,
580 4299 650 4364 η’.
682 4311 703 4345 ι
754 4294 989 4356 Χαναὰν,
1022 4295 1078 4345 ἐν
1129 4293 1272 4363 χειρὶ
1302 4272 1462 4345 αὐτοῦ
1513 4291 1676 4359 ζυγὸς
1720 4290 1964 4351 ἀδικίας·

2144 4285 2310 4339 Vnus.
2363 4284 2428 4348 7,
2470 4281 2524 4335 8.
2575 4298 2594 4332 ι
2632 4280 2923 4340 Chanaan,
2975 4272 3382 4340 in.mauu.ejus
3421 4277 3623 4325 statera

416 4360 900 4436 καταδυναστεύειν
927 4360 1197 4451 ἠγάπησεο
1218 4360 1318 4433 καὶ
1341 4374 1492 4432 εἶπεν
1537 4379 1795 4448 Ἐφραῖμ’
1825 4377 1970 4446 Πλὴν

2078 4376 2389 4445 iniquitatis
2421 4391 2439 4440 ;
2488 4370 2795 4441 opprimere
2831 4381 2928 4437 per
2963 4360 3519 4451 potentiam‘dilexit:
3575 4365 3629 4412 et

419 4472 786 4542 πεπλούτηκα,
812 4471 1018 4544 εὕρηκα
1045 4472 1346 4526 ἀνάπαυσιν
1368 4471 1411 4502 ⁸⁸
1445 4468 1711 4539 ἐμαυτῷ.)
1736 4468 1975 4521 Χαναὰν
2008 4526 2033 4544 ν

2013 4526 2047 4544 λ
2084 4465 2225 4519 dixit
2269 4461 2557 4532 Ephraim:
2593 4456 2978 4511 Verumtamen
3013 4451 3163 4506 dives
3207 4447 3433 4504 ell‘ectus
3467 4457 3627 4502 sunt:

418 4564 510 4616 τὸν
525 4526 760 4633 Ἐφράτμ
773 4526 1165 4634 προσάγορεύει
1182 4561 1247 4614 ⁸³.
1268 4559 1422 4612 Οῦτω
1437 4526 1543 4627 γάρ
1559 4526 1653 4610 καί
1669 4559 1696 4609 ὁ
1712 4557 1975 4627 μακάριος
2005 4526 2032 4582 Ῑ

2017 4526 2049 4582 D
2081 4553 2261 4608 inveni
2316 4526 2558 4621 requiem
2601 4544 2754 4601 mihi.
2797 4563 2816 4596 ›
2884 4541 3136 4596 Chanaan
3188 4546 3344 4591 vocat
3403 4535 3631 4603 Ephrai-

431 4625 691 4722 ‘leCsx't-h).
718 4625 1201 4723 προσδιαλεχθῆναι
1234 4625 1578 4721 προσετάχθη
1598 4649 1663 4718 τῇ
1705 4625 1976 4716 Ἰερουσα-

2083 4659 2251 4700 mum.
2287 4642 2364 4696 lta
2395 4640 2539 4697 enim
2569 4639 2765 4694 beatus
2794 4634 2955 4689 etiam
2982 4628 3230 4686 Ezechiel
3259 4625 3416 4680 all'ari
3444 4625 3634 4694 jussus

420 4745 565 4815 λήμ·
598 4764 616 4796 ι
654 4746 727 4798 Τὸ
778 4745 996 4816 σπέρμα
1035 4760 1123 4796 σου
1168 4743 1260 4796 καὶ
1299 4743 1333 4812 ή
1369 4741 1579 4809 γένεσίς
1632 4757 1750 4805 σου,
1794 4741 1858 4793 ἐκ
1883 4741 1978 4808 τῆς

2085 4746 2171 4791 cst
2217 4733 2696 4803 Hierosolymam:
2751 4749 2769 4782 ι
2805 4729 3000 4785 Semen
3044 4736 3232 4787 tuum,
3276 4729 3331 4775 et
3360 4723 3636 4816 generatio

424 4805 642 4888 Χαναὰν
662 4850 675 4864 ·
707 4834 737 4887 ὁ
757 4805 938 4904 πατήρ
971 4849 1061 4885 σου
1108 4805 1449 4902 Ἀμορραῖος,
1483 4831 1574 4882 καὶ
1601 4831 1634 4900 ή
1666 4831 1846 4900 μήτηρ
1889 4805 1980 4881 σου

2087 4832 2179 4878 tua
2232 4824 2300 4880 de
2349 4830 2490 4878 terra
2535 4821 2795 4876 Chanaan
2831 4832 2846 4871 :
2897 4825 3052 4886 pater
3093 4821 3222 4866 tuus
3254 4805 3633 4867 Amorrhaaus,

427 4924 680 4978 Χετταία.
722 4943 740 4974 ι
765 4919 866 4976 Ὧν
891 4901 1002 4992 ira?
1049 4901 1326 4992 ἐζήλωσαν
1351 4920 1448 4989 τὴν
1474 4918 1724 4974 ἀσέϐειαν
1742 4958 1755 4982 ,
1780 4919 1983 4971 τούτων

2087 4923 2140 4967 et
2183 4925 2356 4968 mater
2404 4921 2498 4966 tua
2550 4911 2791 4965 Chettzea
2815 4917 2864 4959 ει.
2899 4925 2918 4957 ι
2971 4905 3053 4958 Ab
3091 4903 3158 4956 iis
3195 4901 3376 4962 enim,
3406 4909 3637 4966 quorum

427 5016 524 5068 καὶ
573 5015 674 5084 τῆς
729 4985 1095 5083 προσηχορίας
1134 4985 1470 5081 ’μετέλαχοψ
1545 5009 1616 5062 Σὺ
1677 5008 1882 5071 τοίνυν,
1939 5001 1983 5058 ὦ

2091 5003 2287 5057 imitati
2309 5011 2440 5058 sunt
2470 5000 2828 5070 impietatem,
2854 4989 3036 5050 sortiti
3061 5001 3187 5046 sunt
3218 5002 3435 5044 nomen.
3467 4985 3532 5038 Et
3561 4992 3639 5040 tu.

441 5079 698 5173 Ἐφραίμ,
746 5079 843 5173 τήν
894 5079 994 5156 τοῦ
1046 5079 1264 5156 Χαναὰν
1319 5079 1653 5169 μιμούμενος
1697 5096 1979 5164 πονηρίαν,

2093 5098 2108 5116 ⁶
2134 5109 2167 5148 o
2204 5093 2482 5163 Ephraim,
2515 5092 2736 5146 imitans
2774 5089 3036 5143 malitiam
3058 5079 3374 5140 Chanaanis
3401 5079 3651 5144 iniquam

514 5264 551 5290 π’
583 5255 716 5311 Gen.
737 5271 927 5317 xxvrn,
962 5255 1048 5316 13,
1092 5253 1176 5306 I5.
1265 5259 1296 5290 ι
1325 5250 1454 5304 ibid.
1494 5249 1685 5303 20:22.
1760 5257 1781 5278 '
1809 5246 1944 5301 Gen.
1969 5262 2128 5300 xxxii.

1764 5257 1781 5278 '
1809 5246 1944 5301 Gen.
1969 5262 2140 5312 xxxii,
2167 5246 2254 5299 10.
2331 5255 2382 5294 ιι-
2401 5245 2571 5298 Amos
2592 5257 2688 5307 vn,
2715 5240 2800 5305 t2,-
2835 5239 2922 5293 15.
2998 5247 3025 5286 ει
3056 5235 3159 5291 lsa.
3181 5249 3292 5293 va,
3326 5232 3378 5286 5.

1738 5383 1976 5439 VARUS
2018 5381 2424 5438 LECTIONES.

509 5487 555 5518 ⁷⁵
581 5487 736 5558 Ἔκλ.
775 5518 844 5528 —
872 5482 1000 5558 ηῦρ.
1031 5487 1150 5542 αύτ.
1193 5485 1334 5558 Bene
1387 5484 1540 5553 juxta
1585 5480 1749 5534 Hebr.
1794 5549 1807 5558 _
1830 5480 1877 5558 ’ζ’
1975 5479 2473 5558 ἀποκαταστήσῃ-Α
2555 5479 2620 5558 τῇ
2653 5483 2703 5558 θ]
2718 5473 2928 5558 έεὶηάιξ
2949 5487 3061 5558 ,μου
3099 5467 3298 5558 dei-dli!
3329 5464 3443 5558 ειη
3462 5457 3651 5558 tiﬁ'

439 5526 800 5625 φάνηνῖἝῖξᾷ
825 5526 1096 5625 inﬂexu;
1553 5526 1819 5625 usquead
2371 5526 2642 5625 ³’.τήλΚύέίι
2862 5526 3346 5625 ιιιίιῑίιιιξ.ὃῌΘξξξῖτΑ-Δ
3394 5526 3644 5625 ’ΣΑέλξτξξςο

442 5596 2357 5694 33333;;,;;;.,;,“.2:-.'.§;"£;"é.75';.'5.“é';.;3.}.2.izigi"httanta.
2393 5596 2514 5670 lect.
2549 5596 2638 5670 es.
2677 5596 2977 5681 ἀναψυχήν.
3049 5609 3093 5639 θ’
3134 5620 3184 5656 τ.
3214 5605 3368 5671 Ἐφρο
3411 5611 3505 5666 πρ·
3535 5596 3642 5646 Αιη

444 5693 646 5762 potius,
670 5709 763 5750 eos
789 5692 878 5764 qui
903 5703 1255 5749 mercaturam
1300 5692 1642 5745 exercebant.
