4088 6472
499 443 631 507 1619

1484 436 1968 497 TIIEODORETI
2013 435 2350 496 EPISCOPI
2372 441 2736 499 CYRENSIS

3653 428 3778 491 1020

493 557 696 612 mentis
748 561 1007 608 stateram
1069 550 1282 603 habes:
1328 547 1596 617 justitiam
1659 547 1804 600 enim
1855 560 2072 616 semper

2193 548 2334 604 ἱδικα
2363 550 2580 622 ἐκτήσω
2609 550 2678 604 τά
2705 550 2803 620 τῆς
2829 547 3066 610 διανοίας
3093 543 3248 612 ζυγά
3273 556 3286 570 ’
3321 542 3389 594 τὸ
3419 541 3534 610 γὰρ
3583 540 3784 594 δίκαιον

496 645 823 718 vilipendis,
871 651 925 699 et
969 642 1214 712 iniquam
1265 640 1562 712 potentiam
1612 648 1875 709 exoptas,
1915 646 1972 695 et
2003 637 2071 692 de

497 739 706 794 divitiis
729 734 1006 806 gloriaris,
1026 741 1078 787 et
1100 747 1288 786 earum
1311 731 1690 786 collectionem
1717 731 1814 784 tibi
1845 745 2072 800 arrogas

500 828 825 884 insolenter.
865 823 1160 878 Sciendum
1193 837 1324 876 vero
1349 863 1362 886 ,
1400 820 1659 875 Davidem
1696 818 1909 890 1369
1933 833 2072 888 quo-

500 937 606 992 que
634 925 852 975 statera
891 915 1094 984 iniqua
1131 913 1314 968 facere
1345 913 1705 977 mentionem,
1735 912 1820 966 his
1850 910 2070 965 verbis:

509 1031 528 1062 ι
561 1008 851 1064 Mendaces
883 1004 976 1057 lilii
1027 1003 1320 1057 hominum
1362 1002 1416 1055 in
1465 1001 1728 1067 stateris,
1784 1007 1842 1052 ut
1873 999 2074 1068 injuste

501 1108 665 1171 agant
694 1115 735 1151 ν.
776 1116 792 1149 ι
831 1096 895 1150 Ει
940 1110 1063 1164 qua
1108 1093 1483 1160 subjiciuntur
1509 1132 1523 1156 ,
1576 1091 1910 1147 conveniunt
1948 1105 2072 1145 eum

501 1191 589 1245 his
622 1204 743 1258 qua
765 1187 912 1243 dicta
951 1196 1079 1241 sunt
1106 1183 1174 1240 de
1202 1183 1498 1252 Ephraimo
1525 1202 1538 1237 :
1593 1202 1609 1234 ι
1642 1182 1823 1237 Nolite
1853 1195 2077 1253 sperare

501 1283 558 1337 in
589 1279 902 1349 iniquitate,
933 1287 988 1333 et
1020 1275 1246 1346 rapinas
1287 1276 1460 1330 nolite
1491 1275 1894 1346 concupiscere
1931 1293 1946 1330 :
1995 1274 2076 1330 di-

504 1373 651 1427 vitia
683 1370 729 1427 si
762 1369 989 1425 afﬂuant
1013 1408 1027 1430 ,
1063 1367 1234 1423 nolite
1268 1382 1365 1421 cor
1399 1381 1682 1436 apponere
1707 1375 1752 1422 ³.
1792 1385 1810 1418 ι
1849 1367 1935 1430 Ab
1966 1381 2078 1422 uno

506 1465 651 1520 enim
691 1461 902 1533 Spiritu
935 1467 990 1516 et
1011 1461 1128 1514 hac
1160 1466 1215 1513 et
1246 1459 1335 1512 illa
1365 1458 1760 1528 profluxerunt.
1794 1458 2076 1514 Postrema

505 1555 671 1610 etiam
707 1555 800 1609 illa
833 1572 846 1608 :
884 1570 902 1604 ι
932 1551 1069 1619 Quia
1098 1557 1153 1603 tu
1186 1550 1382 1605 reddes
1408 1551 1708 1619 unicuique
1737 1550 1893 1619 juxta
1915 1565 2078 1619 opera

425 1708 434 1717 ι
508 1662 608 1702 sua
649 1648 704 1713 ι,
750 1664 768 1697 ι
801 1645 1138 1700 conveniunt
1167 1658 1292 1698 cum
1327 1643 1395 1696 iis
1422 1657 1543 1711 qua.
1579 1641 1684 1696 hoc
1722 1641 1844 1696 loco
1883 1641 2079 1696 subse-

507 1743 753 1810 quuntur
792 1754 804 1791 :
837 1755 854 1787 ι
887 1734 1128 1789 Labores
1163 1733 1283 1803 ejus
1319 1749 1428 1787 non
1469 1733 1822 1787 invenientur
1857 1732 1904 1786 ei
1949 1746 2079 1801 pro-

509 1837 630 1898 pter
671 1827 1014 1898 iniquitates,
1043 1826 1097 1880 in
1129 1825 1332 1896 quibus
1371 1825 1644 1895 peccavit.
1685 1843 1703 1876 )
1739 1822 1907 1880 Bonis
1933 1823 2078 1878 enim

507 1919 825 1974 divitiarum
865 1917 1231 1990 spoliabitur,
1296 1915 1478 1985 justas
1513 1929 1706 1984 panas
1740 1929 1838 1985 pro
1873 1915 2080 1984 iniqui-

509 2016 620 2062 tate
653 2007 994 2078 persolvens.

584 2096 747 2152 Vsus.
780 2097 834 2151 9.
885 2115 903 2148 ι
939 2094 1052 2166 Ego
1081 2105 1261 2151 autem
1289 2095 1556 2152 Dominus
1590 2095 1732 2152 Deus
1764 2105 1892 2150 tuus
1919 2095 2081 2151 eduxi

511 2199 564 2244 te
595 2206 625 2245 ο
665 2199 808 2244 terra
838 2187 1060 2259 Egypti
1095 2204 1108 2242 :
1156 2187 1338 2242 adhuc
1383 2187 1635 2242 habitare
1677 2197 1728 2243 te
1779 2187 1978 2241 faciam
2029 2189 2082 2240 in

511 2280 911 2343 tabernaculis,
940 2279 1090 2334 sicut
1115 2281 1168 2334 in
1199 2279 1397 2335 diebus
1431 2278 1579 2335 festi.
1617 2299 1635 2332 ι
1667 2277 1807 2344 Quia
1837 2278 1982 2334 enim
2015 2275 2086 2331 ab

589 2373 838 2444 gyptiaca
860 2371 1124 2427 servitute
1155 2371 1441 2436 liberatus,
1474 2369 1737 2426 oblivioni
1760 2367 2085 2424 beneﬁcium

513 2463 812 2529 tradidisti,
859 2477 1058 2519 rursus
1111 2462 1387 2517 habitahis
1423 2463 1479 2516 in
1526 2461 1937 2526 tabernaculis,
1999 2460 2084 2514 ia-

511 2567 636 2622 ctus
680 2558 735 2610 in
784 2555 961 2611 aliena
1007 2563 1156 2610 terra
1207 2555 1562 2624 inquilinus,
1605 2561 1662 2609 et
1704 2553 2086 2610 recordaberis

513 2647 1032 2710 tabernaculorum,
1078 2661 1203 2717 quae
1259 2645 1505 2702 faciebas
1537 2688 1551 2712 ,
1609 2661 1735 2701 cum
1788 2647 1843 2701 in
1890 2647 2088 2702 diebus

516 2739 670 2796 festis
699 2739 885 2795 latitia
913 2739 1223 2795 exsultares
1243 2778 1258 2804 ,
1299 2745 1356 2794 et
1380 2738 1702 2794 memoriam
1727 2736 2089 2792 habitationis

418 2845 424 2851 ·
515 2831 571 2884 in
611 2829 832 2887 deserto
861 2829 1192 2886 celebrares.
1233 2830 1586 2901 Scenopegia
1611 2836 1792 2884 autem
1825 2828 2088 2884 solemni-

515 2930 682 2977 tatem
721 2921 1016 2992 signiﬁcat.

586 3009 755 3068 Vitas.
793 3011 879 3066 10.
915 3030 932 3063 ι
966 3011 1032 3065 Et
1051 3011 1274 3066 locutus
1304 3024 1426 3066 sum
1455 3009 1522 3062 ad
1556 3009 1875 3080 prophetas,
1905 3016 1958 3063 et
1990 3023 2090 3078 ego

515 3103 761 3160 visiones
793 3102 1182 3172 multiplicavi,
1211 3109 1270 3156 et
1301 3101 1356 3154 in
1386 3100 1644 3156 manibus
1694 3100 2088 3170 prophetarum

2173 640 2456 709 ἀτιμάζων
2512 641 2796 706 διατελεῖς,
2825 639 2923 710 τὴν
2953 639 3132 693 ἄδικον
3168 633 3521 689 δυναστείαν
3580 633 3782 698 ποθεῖς,

2175 733 2269 786 καὶ
2318 733 2413 786 ἐπὶ
2448 732 2662 803 πλούτῳ
2713 733 2853 802 μέγα
2883 731 3122 799 φρονεῖς,
3158 728 3263 781 καί⁵
3317 722 3786 794 ἀλαζονευόμενος

2177 822 2356 892 σαυτῷ
2387 823 2486 894 τήν
2528 823 2718 876 τούτου
2766 821 3029 891 συλλογὴν
3057 819 3433 888 ἐπιγράψεις.
3480 815 3681 868 ’ἰστέον
3710 816 3786 878 δέ,

2174 917 2257 969 ὃτι
2306 915 2397 968 τὺν
2425 915 2607 969 ἄδικον
2660 913 2823 983 ζυγὸν
2880 915 2975 966 καὶ
3027 915 3054 966 ὁ
3105 911 3403 982 μακάριος
3457 907 3788 977 μνημονεύει

2177 1006 2360 1069 Δαὸὶδ,
2397 1005 2601 1073 λέγων·
2646 1025 2663 1055 ι
2700 1005 2930 1068 Ψευδεῖς
2958 1004 3007 1057 οἱ
3055 1003 3161 1056 υἱοὶ
3209 1001 3330 1054 τῶν
3389 997 3704 1069 ἀνθρώπων
3735 1000 3788 1051 ἐν

2179 1097 2386 1166 ζυγοῖς,
2417 1096 2509 1150 τοῦ
2543 1097 2818 1167 ἀδικῆσαι.
2858 1116 2876 1148 ι
2911 1097 3019 1149 Καὶ
3053 1093 3120 1147 τὰ
3170 1091 3518 1160 ἐπαγόμεναι
3567 1089 3624 1140 δέ
3655 1105 3790 1158 συμ-

2179 1189 2346 1258 φωνεῖ
2369 1189 2481 1250 τοῖς
2513 1186 2641 1257 περὶ
2691 1184 2785 1239 τοῦ
2825 1183 3063 1256 Ἐφραῒμ
3103 1179 3442 1254 εἰρημένοις
3465 1195 3479 1209 ·
3517 1197 3537 1231 ι
3575 1178 3668 1248 Μή
3705 1179 3788 1232 ἐλ-

2180 1279 2366 1344 πίζετε
2398 1279 2487 1332 ἐπ’
2510 1277 2743 1343 ἀδικίαν,
2771 1275 2867 1330 καὶ
2889 1274 2980 1328 ἐπὶ
3009 1274 3296 1344 ἅρπαγμα
3338 1269 3420 1341 μὴ
3453 1268 3788 1321 ἐπιποθεῖτε·

2179 1371 2410 1435 πλοῦτος
2465 1371 2560 1424 ἐάν
2594 1370 2716 1440 ῥέῃ,
2747 1369 2820 1438 μὴ
2859 1364 3222 1437 προστίθεσθε
3276 1360 3544 1432 καρδίαν.
3580 1379 3600 1412 ι
3648 1359 3790 1421 Ἐνὸς

2181 1466 2289 1536 γὰρ
2324 1463 2632 1532 πνεύματος
2663 1457 2953 1514 καὶταῦτα
2975 1458 3210 1510 κάκεῖνα
3261 1455 3338 1506 τΞι
3385 1452 3636 1521 νάματα.
3688 1450 3791 1502 Καὶ

2179 1557 2240 1608 τὸ
2283 1550 2692 1627 ἀκροτελεύτιον
2735 1552 2791 1604 δὲ
2842 1551 3051 1610 ἐκεῖνο,
3093 1565 3110 1597 ι
3153 1547 3288 1599 Ὅτι
3351 1544 3421 1597 σὺ
3491 1539 3787 1601 ἀποδώσεις

2183 1647 2397 1716 ἑκάστῳ
2430 1643 2570 1698 κατά
2603 1642 2670 1695 τά
2700 1641 2836 1711 ἔργα
2864 1639 3055 1702 αὑτοῦ,
3108 1657 3124 1689 ι
3169 1637 3481 1706 συμφωνεῖ
3539 1633 3654 1694 τοῖς
3698 1633 3786 1682 ἐπ-

2181 1737 2471 1806 αγομένοις
2501 1732 2756 1789 ἐνταῦθα’
2781 1752 2797 1782 ι
2820 1731 3028 1791 Πάντες
3060 1726 3169 1796 γὰρ
3205 1727 3260 1779 οἱ
3308 1724 3469 1777 πόνοι
3500 1719 3669 1775 αὐτοῦ
3697 1720 3786 1788 οὐχ

2185 1829 2569 1900 εὑρεθήσονται
2621 1824 2768 1894 αὐτῷ
2812 1823 2879 1876 δι’
2910 1822 3146 1884 ἀδικίας,
3182 1819 3253 1881 ἃς
3313 1817 3598 1886 ἥμαρτεν.
3642 1831 3659 1862 ι
3695 1811 3787 1863 Γυ-

2194 1922 2536 1994 μνωθήσεται
2584 1918 2692 1989 γάρ
2733 1916 2842 1969 τῶν
2869 1915 2966 1986 τῆς
2997 1911 3263 1982 εὐπορίας
3297 1906 3556 1978 ἀγαθῶν,
3589 1903 3785 1964 δικαίας

2191 2015 2290 2084 τῆς
2322 2009 2665 2084 παρανομίας
2697 2006 3096 2076 ἀπαιτούμενος
3129 2003 3317 2064 δίκας.

2261 2106 2325 2158 θ’.
2359 2123 2376 2155 ι
2419 2101 2560 2170 Ἐγὼ
2588 2101 2644 2155 δὲ
2691 2099 2894 2169 Κύριος
2945 2100 2972 2151 ὁ
3021 2096 3150 2158 Θεός
3184 2111 3287 2146 σου
3323 2088 3613 2162 ἀνήγαγόν
3645 2105 3699 2140 σε
3727 2091 3782 2139 ἐκ

2191 2197 2295 2266 γῆς
2323 2193 2622 2263 Αἰγύπτου.
2658 2191 2736 2243 ἔτι
2761 2187 3024 2242 κατοικιῶ
3049 2205 3104 2240 σε
3136 2189 3195 2240 ἐν
3234 2185 3499 2254 σκηναῖς,
3533 2176 3711 2241 καθὼς
3733 2179 3782 2228 ἐν

2193 2265 2427 2358 ἡμέραις
2480 2281 2688 2352 ἑορτῆς.
2732 2299 2750 2332 ι
2822 2277 3039 2345 Ἐπειδὴ
3085 2276 3194 2348 γὰρ
3239 2275 3347 2346 τῆς
3411 2265 3782 2339 Αἰγυπτιακῆς

2192 2377 2434 2440 δουλείας
2477 2371 2814 2440 ἀπαλλαγεὶς
2847 2369 2986 2442 λήθῃ
3028 2369 3127 2440 τὴν
3170 2363 3511 2438 εὐεργεσίαν
3553 2359 3781 2429 παρέδω-

2195 2490 2315 2535 κας,
2339 2466 2494 2532 αὖθις
2517 2467 2760 2536 οἰκήσεις
2787 2462 3012 2535 σκηνὰς,
3047 2460 3304 2532 μέτοικος
3346 2459 3406 2510 ἐν
3438 2458 3506 2526 τῇ
3538 2451 3778 2521 ἀλλοτρίᾳ

2194 2562 2506 2633 γενόμενος,
2528 2557 2623 2611 καὶ
2652 2553 3044 2626 ἀναμνησθήσῃ
3070 2545 3143 2604 ὧν
3175 2548 3468 2610 ἐπετέλεις
3500 2542 3778 2633 σκηνῶν

2193 2631 2313 2716 ταῖς
2354 2651 2567 2721 ἑορταῖς
2612 2645 2856 2718 τρυφῶν,
2890 2644 2983 2697 καὶ
3027 2642 3123 2713 τῆς
3153 2642 3211 2693 ἐν
3257 2639 3464 2711 ἐρήμῳ
3519 2631 3777 2701 διαγωγῆς

2196 2742 2584 2814 πανηγυρίζων
2611 2739 2710 2811 τὴν
2736 2737 2978 2808 μνήμην.
2998 2734 3162 2803 Λέγει
3185 2731 3246 2786 δέ
3276 2730 3380 2801 τῆς
3407 2721 3775 2797 Σκηνοπηγίας

2193 2835 2293 2904 τὴν
2326 2832 2537 2902 ἑορτήν.

2267 3021 2317 3068 ι’.
2352 3033 2369 3065 ι
2405 3011 2514 3066 Καὶ
2549 3009 2787 3078 ἐλάλησα
2816 3007 2862 3041 ⁸³
2889 3007 3026 3077 πρὸς
3057 3003 3378 3076 προφήτας,
3409 3000 3509 3054 καὶ
3537 2996 3644 3066 ἐγὼ
3663 2993 3772 3065 ὁρά-

2203 3123 2314 3169 σεις
2363 3103 2663 3176 ἐπλήθυνα,
2690 3100 2784 3154 καὶ
2813 3099 2870 3152 ἐν
2893 3097 3049 3169 χερσὶ
3078 3094 3384 3166 προφητῶν
3415 3088 3714 3163 ὼμοιὼθην.
3749 3101 3764 3133 ι

515 3195 859 3252 assimilatus
887 3211 1033 3251 sum.
1063 3213 1082 3246 ι
1116 3192 1250 3248 Jure
1279 3202 1459 3248 autem
1493 3193 1635 3248 hanc
1669 3210 1885 3265 ptcnam
1917 3195 2087 3251 susti-

2211 3199 2466 3260 Ἑνδίκως
2518 3196 2574 3249 δέ
2618 3193 2775 3265 τήνδε
2819 3193 2918 3262 τήν
2945 3189 3215 3261 τιμωρίαν
3244 3187 3570 3256 ὑπομένεις,
3605 3179 3766 3246 ἐπειδὴ

515 3302 651 3350 nes,
696 3285 790 3356 qui
838 3286 979 3340 hanc
1027 3298 1136 3338 non
1171 3283 1496 3338 extimueris
1527 3324 1541 3347 ,
1585 3299 1708 3338 cum
1746 3300 1775 3338 a
1807 3286 2087 3356 praphetis

2193 3291 2398 3359 ταύτης
2422 3289 2512 3340 διά
2550 3286 2657 3339 τῶν
2696 3282 2988 3355 προφητῶν
3042 3280 3140 3343 τὰς
3169 3279 3516 3350 προρρήσεις
3558 3272 3765 3359 δεξάμε-

517 3375 902 3445 pradictiones
932 3373 1052 3443 ejus
1083 3374 1424 3444 accepisses,
1468 3390 1646 3442 neque
1691 3385 1927 3432 mentem
1969 3393 2090 3432 mu-

515 3479 634 3522 tare
681 3465 923 3520 volueris
968 3483 983 3517 :
1049 3465 1324 3534 praecipue
1364 3479 1488 3518 cum
1538 3466 1928 3536 praedictiones
1981 3484 2090 3523 non

517 3566 728 3610 tantum
769 3556 952 3610 verbis
980 3594 996 3620 ,
1042 3555 1136 3609 sed
1175 3556 1341 3609 etiam
1383 3556 1550 3611 rebus
1593 3557 1916 3628 signiﬁcata
1961 3559 2092 3613 sint.

517 3645 654 3701 Nam
687 3647 796 3700 tale
819 3643 1079 3714 quiddam
1112 3653 1230 3700 erat
1259 3645 1407 3714 quod
1440 3647 1511 3701 ab
1543 3645 1686 3702 Osca
1723 3648 1933 3703 factum
1966 3659 2051 3703 est
2077 3688 2090 3712 ,

518 3737 615 3806 qui
639 3733 802 3788 modo
836 3734 1225 3798 meretricem,
1265 3735 1427 3789 modo
1459 3737 1762 3791 adulteram
1810 3736 1903 3793 Dei
1936 3738 2095 3807 jussu

521 3841 746 3882 uxorem
779 3826 974 3890 duxit,
1017 3825 1112 3881 Dei
1149 3827 1537 3882 universorum
1588 3829 1801 3898 1370
1853 3828 2099 3885 referens

521 3917 840 3988 imaginem,
872 3933 936 3973 ac
963 3919 1148 3989 populi
1181 3919 1526 3989 iniquitatem
1561 3921 1919 3991 redarguens.
1953 3919 2099 3975 Pra-

522 4017 670 4064 terea
700 4009 896 4077 docet,
933 4024 994 4066 se
1022 4009 1193 4067 variis
1232 4011 1665 4068 revelationibus
1694 4028 1852 4068 usum
1888 4013 2094 4069 fuisse:

521 4113 631 4154 non
662 4105 723 4153 ut
752 4113 931 4155 meam
957 4140 971 4165 ,
1003 4101 1116 4166 ait,
1152 4107 1409 4155 naturam
1440 4103 1729 4158 ostendam
1752 4144 1766 4168 ,
1800 4102 2102 4159 invisibilis

520 4188 665 4243 enim
695 4187 811 4243 hac
843 4196 948 4253 est,
991 4187 1087 4244 sed
1120 4196 1203 4251 ut,
1237 4198 1399 4259 prout
1427 4206 1566 4261 opus
1601 4201 1684 4248 est
1709 4233 1722 4257 ,
1760 4192 2101 4262 contempla-

2194 3399 2283 3444 νος
2312 3357 2412 3433 ob):
2443 3378 2674 3438 ἔδεισας,
2694 3375 2815 3427 οὐδὲ
2850 3371 3172 3442 μεταϐαλεῖν
3200 3367 3512 3439 ἐϐουλήθης
3536 3365 3628 3435 τὴν
3649 3357 3766 3430 γνὼ-

2199 3491 2306 3544 μην
2326 3489 2338 3503 ⁸
2375 3471 2468 3524 καὶ
2500 3469 2689 3535 ταῦτα,
2714 3467 2773 3520 οὐ
2803 3465 2888 3518 διὰ
2923 3464 3182 3536 ῥημάτων
3213 3462 3403 3532 μόνον,
3427 3459 3564 3514 ἀλλά
3587 3455 3673 3510 καὶ
3691 3452 3764 3505 διὰ

2201 3565 2542 3638 πραγμάτων
2592 3559 2702 3612 τῶν
2751 3559 3110 3630 προρρήσεων
3162 3557 3500 3626 γενομένων.
3537 3548 3764 3605 Τοιοῦτον

2198 3637 2306 3728 γάρ
2327 3653 2394 3727 ἦν
2425 3654 2518 3709 καὶ
2544 3653 2602 3706 τὸ
2629 3650 2733 3704 ὑπὸ
2761 3648 2855 3701 τοῦ
2887 3647 3176 3701 θεσπεσίου
3209 3645 3375 3714 Ὠσηὲ
3396 3637 3759 3713 γεγενημένον·

2199 3747 2331 3801 ποτέ
2367 3746 2466 3817 μὲν
2496 3744 2604 3814 γὰρ
2636 3743 2872 3812 γυναῖκα
2904 3739 3130 3810 πόρνην,
3159 3737 3293 3789 ποτὲ
3324 3737 3381 3790 δέ
3413 3731 3760 3806 μοιχεύτριαν,

2201 3839 2344 3894 κατά
2373 3839 2471 3908 τὴν
2499 3837 2646 3890 θείαν
2671 3834 2861 3888 ἔλαϐεν
2891 3831 3134 3903 ἐντολὴν,
3176 3828 3344 3883 εἰκὼν
3375 3826 3469 3881 τοῦ
3499 3822 3630 3878 Θεοῦ
3671 3818 3762 3870 τῶν

2200 3932 2338 3986 ὅλων
2392 3928 2676 3998 γινόμενος
2706 3965 2720 3990 ,
2785 3925 2880 3978 καὶ
2935 3924 3035 3993 τῆς
3089 3918 3184 3976 τοῦ
3234 3919 3372 3974 λαοῦ
3438 3909 3762 3986 παρανομίας

2202 4019 2546 4092 κατηγορῶν.
2574 4017 2716 4090 Πρὸς
2735 4015 2790 4069 δὲ
2820 4013 2994 4084 τούτῳ
3025 4010 3194 4082 δηλοῖ,
3221 4011 3307 4064 ὅτι
3337 4010 3456 4064 Καὶ
3506 4003 3758 4072 διαφόροις

2203 4111 2609 4180 ἀποκαλύψεσιν
2665 4105 3006 4179 ἐχρησάμην,
3035 4104 3096 4157 οὐ
3147 4102 3244 4172 τὴν
3275 4101 3416 4173 ἐμὴν
3459 4098 3616 4168 φύσιν
3646 4094 3761 4144 ὑπο·

2203 4204 2412 4265 δεικνὺς
2445 4200 2696 4271 (ἀόρατος
2725 4197 2832 4268 γὰρ
2881 4195 3068 4266 αὕτη),
3116 4193 3253 4247 ἀλλὰ
3281 4192 3420 4265 πρὸς
3451 4191 3548 4261 τὴν
3594 4182 3758 4264 χρείαν

522 4281 726 4336 tionem
781 4279 850 4334 ad
901 4295 1062 4335 usum
1117 4277 1390 4350 efﬁngam.
1440 4281 1626 4353 Neque
1659 4283 1806 4337 enim
1843 4284 2087 4338 omnibus

2206 4292 2456 4350 ἐκτυπῶν
2514 4290 2611 4361 τὴν
2672 4288 2923 4360 Θεωρίαν.
2980 4285 3120 4340 υῠτε
3173 4285 3284 4355 γὰρ
3329 4282 3530 4353 ὁμοίως
3580 4278 3759 4330 ἅπασιν

522 4369 772 4424 similiter
805 4370 1074 4441 apparui,
1118 4371 1214 4424 sed
1267 4371 1431 4425 aliter
1481 4370 1728 4437 Danieli,
1767 4373 1933 4428 aliter
1962 4373 2103 4428 Eze-

521 4459 721 4527 chieli,
773 4461 881 4516 alio
923 4460 1086 4515 modo
1132 4461 1289 4515 Isaia
1316 4500 1328 4524 ,
1366 4461 1476 4515 alio
1515 4461 1790 4530 Micliaa;
1840 4462 1979 4518 Mosi
2013 4479 2098 4519 ve-

2207 4385 2396 4454 ῶφθην
2417 4399 2430 4412 ·
2481 4382 2654 4442 ἄλλως
2697 4378 2806 4449 γὰρ
2829 4376 2906 4448 τῷ
2930 4376 3150 4447 Δανιὴλ,
3185 4374 3280 4428 καὶ
3307 4373 3484 4433 ἄλλως
3505 4368 3601 4464 τῷ.
3618 4361 3746 4464 ’Ῐεζεὶ

2208 4476 2355 4546 κιὴλ,
2381 4473 2582 4545 ἑτέρως
2605 4471 2663 4525 δὲ
2693 4469 2770 4540 τῷ
2812 4468 3032 4538 Ἡσαΐᾳ,
3059 4466 3151 4520 καὶ
3194 4463 3272 4535 τῷ
3313 4461 3525 4534 Μιχαίᾳ
3551 4457 3610 4510 οὑ
3638 4457 3757 4546 κατα

521 4567 622 4618 ro,
660 4561 717 4609 et
767 4561 896 4609 ante
952 4555 1101 4610 hunc
1149 4555 1468 4610 Abraliamo
1493 4595 1508 4620 ,
1562 4556 1786 4613 diverso
1815 4557 1979 4613 modo
2019 4572 2087 4611 m4

2207 4539 2302 4620 τὸν
2344 4539 2529 4635 ὅμοιον
2560 4539 2780 4634 τρόπον’
2814 4559 2908 4614 καὶ
2934 4560 3106 4628 Μωσῇ
3153 4555 3211 4610 δὲ
3242 4555 3340 4610 καὶ
3383 4549 3626 4622 Ἀϐραὰμ
3667 4539 3755 4611 1if”)

522 4644 760 4700 ostendi.

592 4734 762 4793 Vens.
796 4737 882 4791 il.
919 4755 938 4788 ι
976 4737 1034 4791 Si
1063 4753 1172 4792 non
1209 4740 1224 4756 °
1251 4737 1455 4794 Galaad
1487 4749 1596 4803 est,
1630 4755 1762 4811 ergo
1793 4739 1919 4795 falsi
1943 4750 2104 4796 erant

524 4827 805 4898 principes
829 4828 885 4882 in
919 4826 1162 4899 Galgalis
1198 4830 1566 4886 immolantes.
1605 4850 1623 4883 ›
1657 4831 1767 4887 Vos
1797 4848 1948 4898 vero,
1978 4850 2103 4888 cum

525 4934 626 4987 per
651 4935 738 4975 me
764 4920 851 4975 his
876 4921 1161 4988 fruamini,
1186 4923 1241 4976 in
1272 4923 1477 4977 Galaad
1508 4932 1561 4978 et
1587 4923 1850 4996 Galgalis,
1873 4926 2105 4984 urbibus

525 5008 689 5066 idolis
722 5010 929 5066 deditis
954 5054 968 5074 ,
1000 5027 1129 5066 cum
1172 5014 1373 5068 vestris
1411 5013 1753 5083 principibus
1795 5031 1951 5072 sacra
1987 5016 2100 5072 da-

525 5101 784 5156 monihus
818 5102 1038 5157 facitis:
1072 5104 1178 5161 etsi
1212 5121 1319 5159 non
1350 5105 1418 5159 ab
1453 5105 1559 5172 his,
1589 5106 1682 5160 sed
1715 5122 1745 5159 a
1778 5122 1861 5162 me
1901 5109 2101 5164 beneﬁ-

527 5190 611 5243 cia
636 5191 976 5260 percipiatis.
1010 5193 1145 5248 Nam
1171 5197 1216 5250 si
1245 5213 1310 5252 ex
1329 5196 1558 5264 Galaad,
1579 5199 1683 5253 hoc
1717 5210 1798 5254 est
1827 5214 1890 5254 ex
1918 5200 2101 5268 idolis,

528 5280 733 5336 bonum
784 5283 1006 5353 aliquod
1058 5288 1456 5356 perciperetis,
1503 5297 1651 5346 esset
1703 5292 1901 5362 aliquis
1951 5293 2102 5348 [alla-

527 5373 628 5427 cia
672 5373 853 5429 locus.
902 5377 1036 5430 Cum
1093 5386 1275 5432 autem
1334 5379 1496 5436 donis
1542 5382 1682 5438 meis
1727 5383 2098 5454 perfruentcs,

599 5555 626 5587 ι’
659 5545 806 5605 Psal.
843 5567 952 5615 ut,
986 5553 1072 5606 10.
1156 5565 1178 5590 ³
1209 5553 1341 5607 ibid.
1371 5555 1455 5609 Η.
1537 5557 1558 5593 ί
1591 5558 1725 5614 ibid.
1762 5561 1846 5616 13.
1879 5591 1882 5594 ‹

2208 4655 2398 4710 τούτου
2433 4653 2725 4724 διαφόρως.

2281 4749 2369 4797 ια’.
2411 4762 2429 4795 ι
2459 4717 2624 4812 Εἱίμή
2644 4737 2856 4794 Γαλαάδ
2876 4738 3047 4799 ἐστιν,
3079 4735 3190 4805 ἄρα
3233 4731 3445 4804 ψευδεῖς
3498 4722 3631 4816 ἦσαν
3671 4717 3752 4816 ἄρ’

2211 4852 2392 4906 χοντες
2415 4835 2472 4886 ἐν
2495 4831 2792 4900 Γαλγάλοις
2823 4830 2868 4860 ⁸⁵
2893 4827 3291 4890 θυσιάζοντες.ι
3338 4821 3523 4891 Ὑμεῖς
3547 4815 3619 4908 δέ,
3644 4815 3752 4908 ζευξ-

2206 4899 2314 4980 των
2346 4899 2708 4983 ἀπολαύοντες
2754 4920 2883 4990 παρ’
2913 4916 3068 4989 ἐμοῦ,
3101 4918 3159 4969 ἐν
3211 4912 3421 4968 Γαλαὰδ
3451 4907 3540 4962 καὶ
3569 4904 3607 4955 Γ
3608 4899 3750 4994 αλγξ-

2208 5016 2319 5077 λοις
2342 5016 2462 5076 ταῖς
2490 5009 2832 5072 κατειδὼλοις
2864 5007 3073 5071 πόλεσι,
3109 5006 3206 5059 σὺν
3244 5005 3357 5065 τοῖς
3398 4999 3613 5069 ἄρχουσι
3656 4995 3750 5077 τοις

2213 5069 2495 5178 ὑμετέροίς
2523 5105 2632 5165 τοῖς
2661 5069 2879 5170 δαίμοσι
2906 5099 3004 5161 τὰς
3033 5069 3223 5158 θυσίας
3272 5087 3600 5164 προσφέρετε
3633 5095 3642 5106 ·
3672 5069 3748 5178 ξαῖ

2211 5167 2400 5266 ταῦτα,
2423 5167 2483 5254 οὗ
2508 5199 2635 5268 παρ’
2665 5167 2865 5261 αὐτῶν,
2887 5193 3021 5248 ἀλλὰ
3046 5191 3177 5261 παρ’
3200 5186 3335 5258 ἐμοῦ
3351 5184 3446 5245 τὰς
3468 5167 3749 5268 εὐεργεσίας

2590 5252 2662 5342 ,Εἰ
2713 5288 2808 5358 μὲν
2838 5252 2947 5356 γὰρ
2975 5286 3039 5338 ἐκ
3064 5252 3298 5346 ruinas,
3345 5271 3598 5366 τουτέρτι,

2209 5359 2316 5442 των
2370 5359 2627 5450 εἰδώλων,
2677 5379 2881 5450 ἀγαθοῦ
2913 5394 3058 5441 τινος
3095 5371 3416 5436 ἀπελαύετε,
3469 5359 3605 5433 εἶχεν
3658 5359 3746 5418 ἀρα

1836 5709 2073 5767 \‘ABIIE
2112 5700 2512 5767 LECTIONES.

612 5817 662 5849 ⁸⁸
695 5818 826 5874 Bec.
855 5821 1016 5873 lectio
1044 5829 1146 5885 est,
1181 5821 1419 5893 λαλήσω.
1500 5826 1544 5858 ⁸⁸⁵
1574 5827 1614 5880 C
1635 5829 1866 5883 Γαλαάδ.
