4088 6444
356 458 493 521 1621
1657 474 1738 535 ΙΝ
1778 473 1934 534 OSE]

2032 474 2165 537 IAP.
2205 478 2379 540 XIII.
3475 486 3624 549 illi?

339 567 474 668 ⁶ιιινὰ
495 566 681 668 χώραν
703 570 736 641 ή
762 570 1005 645 ἐξαπάτη
1023 594 1035 606 ’
1070 576 1259 650 ἐπειδὴ
1304 579 1362 633 δὲ
1388 582 1508 646 ταῖς
1530 583 1690 653 ἐμαῖς
1707 584 1934 655 δωρεαῖς

2039 585 2094 640 in
2139 587 2349 643 Galaad
2388 595 2444 644 et
2494 590 2549 644 in
2590 589 2834 661 Galgalis
2862 591 3159 648 immoletis
3193 595 3612 668 idolis,eingrati

349 661 749 755 ἐντρυφῶντες,
784 665 842 719 ἐν
889 666 1101 721 Γαλαὰδ
1146 671 1242 724 καὶ
1294 671 1590 742 Γαλγάλοις
1625 676 1781 730 θύετε
1823 680 1933 742 τοῖς

2034 680 2204 734 animi
2251 681 2424 737 vestri
2471 684 2846 753 vosmetipsos
2893 700 3177 755 praecones
3214 661 3510 745 amcitia]
3550 692 3615 746 Et

347 754 615 821 εἰδώλοις,
645 757 890 845 κήρυκες
921 761 1078 831 ὑμεῖς
1107 762 1321 832 γίνεσθε
1353 768 1452 839 τῆς
1494 770 1703 834 οἰκείας
1741 772 1937 842 ἀχαρι-

350 845 525 909 στίας.
567 865 586 899 t
624 848 734 902 Καὶ
767 850 835 904 τὰ
867 851 1225 926 θυσιαστήρια
1250 857 1447 926 αὐτῶν,
1476 860 1553 924 ὡς
1582 862 1813 931 χελῶναι
1838 864 1933 918 ἐπὶ

346 937 547 1008 χέρσον
572 940 764 1012 ἀγροῦ.
810 962 827 994 ι
865 943 985 997 Τῶν
1010 946 1294 1016 ἁμιριὸίων
1322 951 1471 1005 ἐστὶν
1497 954 1530 1025 ὴ
1556 953 1787 1025 χελώνη,
1816 957 1932 1011 ἀλλ’

346 1031 409 1084 ἐν
437 1032 534 1101 μὲν
554 1033 666 1094 τοῖς
694 1032 851 1087 ὕδασι
878 1036 1206 1110 διαιτωμένῃ
1241 1040 1523 1112 διαφεύγει
1548 1044 1805 1109 πολλάκις
1823 1046 1932 1103 τῶν

348 1118 711 1192 θηρευόντων
741 1124 841 1190 τὰς
888 1129 1075 1199 χεῖρας
1098 1144 1110 1157 ’
1161 1131 1241 1193 εἰς
1260 1129 1316 1184 δὲ
1342 1131 1440 1203 τὴν
1467 1134 1570 1203 γῆν
1620 1134 1929 1204 βαδίζουσα,

346 1213 645 1285 πρόχειρός
702 1216 818 1269 ἐστι
872 1219 967 1272 καὶ
1018 1220 1306 1287 εὐάλωτος.
1338 1223 1525 1297 Ταύτῃ
1550 1225 1748 1291 τοίνυν,
1775 1229 1930 1301 φησὶ,

346 1307 749 1379 παραπλησίως
800 1309 1062 1365 εὐάλωτοι
1104 1312 1317 1369 ἔσονται
1363 1317 1415 1369 οἰ
1453 1319 1584 1389 παρ’
1611 1318 1765 1388 ὑμῶν
1820 1324 1930 1385 τοῖς

344 1396 565 1469 δαίμοσι
597 1402 1136 1470 κατασκευασθέντες
1184 1404 1380 1478 βωμοὶ,
1411 1410 1506 1463 καὶ
1546 1410 1650 1464 ὑπὸ
1694 1411 1801 1467 τῶν
1835 1430 1932 1466 πο-

344 1488 552 1561 λεμίων
577 1494 1120 1566 κατασκαφησονται.
1144 1494 1278 1552 Εἶτα
1319 1500 1480 1555 πάλιν
1506 1502 1603 1572 τῆς
1654 1503 1746 1556 τοῦ
1796 1521 1930 1574 προ-

348 1580 588 1653 πάτορος
616 1583 818 1655 ἀρετῆς
842 1585 1278 1658 ἀναμιμνήσκει.

419 1672 505 1740 ιβ’,
542 1669 610 1740 ιγ’
617 1713 630 1727 .
666 1690 686 1724 ι
725 1673 836 1726 Καὶ
885 1673 1235 1747 ἀνεχώρησεν
1280 1675 1471 1730 Ἰακὼϐ
1504 1680 1582 1744 εἰς
1615 1680 1797 1735 πεδίον
1827 1681 1931 1733 Συ-

349 1759 496 1831 ρίας,
527 1758 622 1814 καὶ
650 1761 964 1817 ἐδούλευσεν
1010 1765 1225 1837 Ἰσραὴλ
1252 1765 1311 1818 ἐν
1337 1768 1577 1835 γυναικὶ,
1607 1769 1702 1823 καὶ
1756 1771 1814 1824 ἐν
1839 1787 1934 1839 γυ-

346 1851 501 1906 ναικί
549 1853 872 1922 ἐφυλάξατο.
905 1856 1016 1909 Καὶ
1058 1856 1114 1909 ἐν
1150 1858 1409 1931 προφήτῃ
1440 1858 1683 1930 ἀνήγαγε
1730 1861 1934 1932 Κύριος

344 1940 444 1999 τὸν
472 1941 684 2014 Ἰσραὴλ
702 1944 767 1998 ἐκ
798 1942 902 2016 γῆς
931 1943 1226 2014 Αἰγύπτου,
1254 1926 1347 2000 καί
1462 1926 1719 2023 προφήτῃ
1745 1926 1930 2021 διέφυ-
1963 1926 2005 1980 Β

345 2033 578 2106 λάχθη.»
621 2035 678 2088 Ὀ
707 2034 814 2106 γὰρ
841 2036 1108 2108 ὑμέτερος
1134 2037 1420 2108 πρόγονος,
1449 2040 1552 2111 τῆς
1602 2041 1807 2113 μητρὸς
1834 2042 1932 2106 τὰς

342 2125 630 2199 ὑποθήκας
660 2126 977 2198 δεξάμενος,
1007 2130 1109 2201 τὴν
1141 2129 1404 2203 πατρῴαν
1425 2133 1683 2204 ⁴ίινιξσχετο
1711 2135 1935 2190 καταλι-

342 2221 471 2274 πεῖν
499 2218 699 2285 οἰκίαν,
717 2220 810 2275 καὶ
833 2221 933 2291 τὴν
964 2221 1237 2294 ἀλλοδαπῆ
1263 2225 1362 2294 τῆς
1392 2224 1600 2290 οἰκείας
1628 2227 1927 2298 προείλετο,

341 2310 445 2366 καὶ
474 2312 732 2381 γυναικὸς
755 2313 936 2384 χάριν,
969 2315 1057 2368 ἵνα
1082 2315 1156 2387 μὴ
1201 2315 1341 2387 λάϐῃ
1373 2317 1704 2384 Χαναναίαν,
1731 2318 1844 2372 ἀλλ’
1867 2320 1932 2372 ἐκ

339 2406 447 2477 τῆς
474 2406 567 2461 τοῦ
601 2407 724 2480 Σὴμ.
753 2409 1097 2477 συγγενείας,
1125 2408 1368 2464 δουλείαν
1395 2409 1707 2482 ἐλευθερίας
1738 2428 1930 2482 προτε-

338 2494 568 2567 τίμηκε,
590 2497 687 2553 καὶ
715 2497 807 2552 τὸν
832 2498 1079 2569 περὶτῆς
1110 2498 1371 2568 γυναικὸς
1399 2498 1505 2553 ὑπὸ
1530 2498 1636 2554 τῶν
1677 2499 1929 2571 πατέρων

339 2588 570 2643 τεθέντα
595 2589 884 2657 διεφύλαξε
921 2589 1105 2669 νόμον.
1154 2591 1246 2645 Διὸ
1281 2590 1440 2662 μέχρι
1481 2590 1597 2645 τῶν
1645 2592 1930 2660 ἀπογόνων

340 2680 444 2754 τῆς
496 2681 649 2753 παρά
698 2682 793 2736 τοῦ
850 2681 986 2737 Θεοῦ
1034 2672 1292 2757 προνοίας
1344 2682 1660 2754 ἀπήλαυσε’
1709 2682 1772 2737 τὸ
1821 2682 1930 2754 γὰρ

338 2771 552 2827 ἐκείνου
586 2772 766 2842 γένος,
815 2773 1136 2844 Αἰγυπτίοις
1186 2771 1459 2828 δουλεύειν
1489 2773 1926 2845 ἠναγκασμένον,

337 2864 430 2919 διὰ
460 2862 554 2918 τοῦ
587 2864 829 2936 μεγάλου
856 2866 1138 2938 προφήτου
1164 2864 1411 2929 Μωσέως
1458 2864 1560 2934 τῆς
1618 2864 1930 2937 ἐλευθερίας

336 2953 576 3024 ἠξίωσεν
599 2957 627 3009 ὁ
649 2955 783 3020 Θεός
806 2970 822 2986 ⁸
859 2956 953 3010 καὶ
986 2956 1171 3026 μέντοι
1196 2957 1294 3011 καὶ
1319 2956 1412 3011 ἐπί
1441 2958 1539 3028 τῆς
1568 2956 1780 3029 ἐρήμου
1832 2974 1929 3026 γε-

337 3043 586 3114 νόμενον,
608 3043 889 3116 ἀλὼὁητον
914 3044 1226 3116 διετήρησε,
1256 3044 1335 3117 τῷ
1364 3045 1513 3117 αὐτῷ
1540 3047 1795 3121 προφήτῃ
1815 3047 1929 3101 δια-

339 3133 486 3205 κόνῳ
511 3136 878 3208 χρησάμενος.

415 3223 556 3322 ιδ’..ι
595 3224 999 3322 Ἐἰθύμωσέο
1038 3229 1085 3322 ξ⁸
1141 3230 1384 3322 ΪΕιρραῒμ
1426 3233 1535 3322 Δκαί¹
1584 3230 1923 3304 παρὼργισε,
1954 3264 1996 3322 C

2032 773 2231 829 altaria
2285 789 2476 830 eorum
2527 777 2688 845 quasi
2754 778 3065 834 testudines
3116 795 3281 850 super
3333 780 3612 838 desertum

2034 866 2173 936 agri.
2214 884 2234 919 ι
2285 865 2329 920 E
2373 882 2573 937 genere
2604 870 3013 939 amphibiorum
3054 880 3143 927 est
3174 876 3403 928 testudo
3446 892 3459 928 :
3517 877 3611 930 sed

2033 970 2163 1010 cum
2199 956 2257 1011 in
2293 957 2453 1027 aquis
2485 956 2634 1028 degit
2662 998 2676 1021 ,
2714 974 2858 1030 saepe
2886 975 2948 1014 cx
2975 962 3233 1019 manibus
3274 964 3611 1032 piscatorum

2033 1048 2223 1120 eli'ugit
2256 1070 2268 1104 :
2303 1050 2357 1104 iu
2388 1056 2592 1105 terram
2619 1067 2753 1106 vero
2782 1052 2912 1107 dum
2949 1054 3118 1118 venit,
3151 1054 3336 1108 subito
3363 1061 3417 1107 ct
3457 1053 3617 1110 facile

2033 1141 2275 1211 capitur.
2303 1140 2388 1196 Ad
2416 1143 2669 1199 eumdem
2698 1159 2831 1216 ergo
2857 1144 3103 1210 modum,
3135 1147 3287 1199 nullo
3312 1146 3499 1203 labore
3527 1160 3614 1200 ca-

2034 1234 2260 1303 pientur
2289 1233 2488 1289 altaria
2513 1276 2528 1302 ,
2558 1250 2682 1305 qua:
2706 1235 3055 1291 daemonibus
3088 1237 3425 1301 aediﬁcastis,
3461 1244 3516 1292 et
3542 1238 3612 1294 ab

2035 1325 2288 1381 hostibus
2315 1335 2661 1382 evertentur.
2703 1326 2842 1382 Tum
2876 1343 3070 1383 rursus
3101 1329 3465 1398 progenitoris
3493 1331 3606 1384 vir-

2036 1424 2207 1472 tutem
2238 1426 2660 1474 commemorat.

2112 1677 2277 1734 Vsus.
2307 1679 2395 1745 12,
2426 1680 2510 1735 15.
2550 1699 2569 1731 ι
2601 1680 2662 1734 Et
2696 1680 2926 1736 recessit
2950 1679 3120 1736 Iacob
3149 1679 3200 1734 in
3233 1695 3491 1750 campum
3522 1681 3625 1753 Sy.

2034 1774 2129 1827 ria:
2151 1812 2169 1837 ,
2208 1779 2264 1827 et
2298 1772 2524 1828 servivit
2560 1770 2725 1827 Israel
2774 1771 2845 1827 ob
2885 1785 3111 1827 uxorem
3133 1810 3149 1836 ,
3192 1780 3250 1827 et
3282 1772 3352 1826 ob
3387 1785 3615 1827 uxorem

2035 1862 2335 1919 custodivit
2362 1860 2650 1934 (gregem).
2689 1860 2752 1915 Et
2777 1877 2874 1932 per
2907 1862 3232 1933 prophetam
3270 1862 3463 1919 eduxit
3505 1862 3622 1917 Do-

2037 1953 2223 2010 minus
2260 1954 2521 2010 Israelem
2552 1969 2617 2009 ex
2646 1952 2922 2025 Egypto,
2970 1952 3180 2024 1371
3229 1962 3285 2008 et
3331 1970 3432 2024 per
3484 1970 3615 2022 pro-

2035 2045 2252 2115 phetam
2280 2052 2533 2100 servatus
2563 2050 2668 2100 est.
2705 2064 2724 2096 ι
2758 2043 3007 2100 Proavus
3049 2045 3197 2099 enim
3244 2052 3425 2100 vester
3448 2085 3462 2108 ,
3497 2059 3613 2097 ma—

2036 2137 2141 2194 tris
2175 2135 2471 2191 consilium
2519 2144 2788 2201 secutns,
2838 2135 3062 2190 domum
3113 2143 3398 2204 paternam
3445 2135 3617 2190 relin-

2033 2243 2204 2297 quere
2252 2243 2363 2281 non
2399 2227 2637 2290 abnuit,
2684 2233 2851 2297 atque
2882 2234 3131 2281 exteram
3171 2226 3452 2294 regionem
3499 2241 3623 2280 suae

2034 2320 2333 2385 antetulit,
2381 2327 2437 2376 et
2485 2319 2711 2390 quidem
2764 2319 2961 2375 uxoris
3007 2319 3223 2390 gratia,
3273 2335 3341 2374 ne
3388 2319 3621 2375 duceret

2031 2409 2418 2477 Chanaumam,
2449 2408 2546 2465 sed
2576 2424 2644 2464 ex
2671 2423 2870 2479 genere
2892 2408 3064 2474 Semi,
3097 2408 3416 2463 servitutem
3449 2409 3615 2463 liber-

2034 2499 2129 2553 tati
2163 2498 2513 2568 anteposuit,
2556 2498 2843 2569 legemque
2889 2498 2957 2553 de
2991 2498 3257 2553 uxoribus
3296 2513 3325 2553 a
3362 2499 3621 2568 patribus

2033 2595 2201 2643 latam
2257 2590 2518 2645 servavit.
2570 2587 2945 2655 Quamobrem
3002 2604 3175 2660 usque
3232 2589 3299 2645 ad
3356 2599 3621 2660 posteros

2031 2695 2165 2736 suos
2210 2680 2392 2735 divina
2425 2680 2772 2752 providentia
2824 2679 3033 2750 potitus
3083 2687 3195 2735 est.
3236 2679 3426 2736 Genus
3461 2680 3619 2736 enim

2032 2771 2216 2837 illius,
2253 2772 2309 2826 in
2343 2771 2733 2844 {Egyptiorum
2783 2772 3106 2828 servitutem
3143 2773 3424 2827 redactum
3456 2813 3472 2836 ,
3514 2788 3613 2843 per

2032 2876 2291 2933 magnum
2326 2863 2653 2934 pr0pbetam
2682 2862 2869 2918 Mosen
2904 2862 3157 2919 liberavit
3182 2862 3355 2929 Deus,
3394 2873 3451 2918 et
3484 2879 3608 2918 cum

2032 2952 2086 3006 in
2112 2954 2333 3011 deserto
2362 2961 2704 3019 versaretur,
2737 2954 2971 3009 illaesum
3009 2952 3329 3019 custodivit,
3360 2953 3620 3025 ejusdem

2031 3046 2313 3125 prophetae
2344 3045 2685 3102 ministerio.
3471 3058 3477 3063 ·

2105 3220 2270 3279 Vens.
2301 3223 2391 3277 Μ.
2428 3238 2447 3272 ι
2474 3220 2755 3290 Indignari
2787 3233 2874 3273 me
2900 3216 3054 3284 fecit,
3082 3226 3136 3273 et
3164 3216 3232 3272 ad
3268 3216 3609 3271 iracundiam

338 3312 439 3367 καὶ
484 3313 547 3368 τὸ
600 3310 740 3387 αἷμα
782 3309 948 3371 αὐτοῦ
977 3318 1067 3372 ἐπ’
1096 3319 1258 3373 αὐτὸν
1281 3319 1669 3391 ἐκχυθήσεται,
1711 3322 1806 3376 καὶ
1835 3322 1925 3375 τὸν

2032 3316 2351 3387 provocavit
2380 3312 2645 3383 Ephraim
2666 3352 2682 3378 ,
2719 3320 2773 3366 et
2805 3311 3036 3380 sanguis
3069 3310 3190 3381 ejus
3217 3326 3384 3381 super
3430 3309 3609 3379 ipsum

337 3403 646 3476 ὀνειδισμὸν
696 3407 861 3462 αὐτοῦ
912 3409 1285 3464 ἀνταποδώσει
1345 3410 1494 3482 αὐτῷ
1532 3411 1738 3483 Κύριος
1787 3413 1929 3467 κατὰ

337 3496 435 3550 τὸν
459 3495 619 3567 λόγον
656 3498 897 3571 Ἐφραῖμ
925 3498 994 3554 ⁸⁸.
1031 3520 1050 3554 ι
1087 3494 1255 3566 Οὗτος
1301 3501 1379 3563 δὲ,
1407 3502 1594 3572 φησὶν,
1631 3501 1690 3567 ἐξ
1718 3503 1925 3557 ἐκείνου

340 3588 603 3657 κατάγων
627 3589 688 3643 τὸ
714 3590 891 3659 γένος,
918 3593 999 3656 εἰς
1030 3593 1198 3664 ὀργήν
1228 3610 1296 3662 με
1342 3596 1652 3665 παρακινεῖ,
1682 3613 1930 3667 παρανο-

343 3677 446 3751 μίᾳ
475 3679 625 3752 πάσῃ
657 3681 834 3745 συζῶν
856 3699 869 3713 ο
904 3682 1040 3736 ἀλλὰ
1072 3684 1179 3737 τῶν
1204 3684 1334 3756 trag“
1355 3684 1520 3739 αὐτοῦ
1555 3688 1931 3758 σπειρομένων

339 3767 549 3840 ἀμήσει
571 3771 638 3825 τὰ
658 3771 968 3845 δράγματα,
989 3773 1286 3841 ἀναλόγους
1303 3768 1378 3828 ὧν
1405 3775 1631 3847 δέδρακε
1657 3777 1750 3841 τὰς
1773 3778 1929 3841 δίκας

344 3861 735 3934 πραττόμενος.

863 3958 1261 4012 ΚΕΦΑΛΛΙΟΝ
1308 3959 1405 4010 II".

418 4043 667 4116 Εἰληφὼς
695 4047 803 4120 γὰρ
836 4047 967 4119 παρ’
995 4047 1130 4120 ἐμοῦ
1172 4046 1518 4118 δικαιώματα
1571 4052 1663 4103 καὶ
1708 4051 1924 4120 νόμους,

340 4134 468 4190 καθ’
495 4135 588 4201 οὒς
618 4141 893 4210 προσῆκεν
924 4139 1088 4193 αὐτὸν
1118 4138 1520 4206 πολιτεύεσθαι,
1572 4137 1670 4205 τὰς
1699 4141 1806 4194 τῶν
1851 4145 1927 4196 εί-

337 4226 526 4282 δὼλων
557 4230 902 4301 παρανομίας
942 4230 1057 4284 ἀντ’
1078 4231 1304 4284 ἐκείνων
1347 4230 1635 4301 ἠγάπησεν
1655 4249 1667 4262 ·
1684 4232 1825 4303 ,παρ’
1851 4226 1926 4286 ὧν

337 4319 464 4373 ἀντὶ
514 4318 660 4391 ζωῆς
712 4321 977 4395 ἐδρέψατο
1021 4321 1272 4378 θάνατον.
1307 4320 1539 4387 Ᾱῦξουσι
1569 4323 1624 4377 δὲ
1668 4322 1765 4392 τὴν
1798 4325 1925 4378 ἀσέ-

339 4410 497 4465 ϐειαν
529 4413 650 4467 καθ’
673 4414 931 4486 ἑκάστην,
963 4414 1039 4479 ὡς
1071 4414 1201 4479 ἔπος
1230 4417 1424 4479 εἰπεῖν,
1442 4414 1677 4487 ἡμέραν,
1700 4418 1764 4470 ἐκ
1793 4434 1928 4488 χρυ-

340 4503 439 4559 σοῦ
478 4506 850 4579 καὶάργύρου
898 4509 1304 4579 τεκταινόμενον.
1356 4507 1511 4573 ζώων
1546 4509 1820 4582 διαφόρων
1854 4510 1927 4564 ίν-

2028 3404 2338 3462 eiIundetur
2376 3424 2389 3462 τ
2425 3413 2478 3461 et
2501 3404 2861 3476 opprobrium
2893 3403 3041 3458 illius
3069 3402 3323 3458 restituet
3348 3401 3395 3457 ei
3430 3400 3612 3455 Domi-

2030 3516 2135 3555 nus
2157 3500 2318 3571 juxta
2342 3511 2652 3554 sermonem
2689 3493 2993 3567 prraimi.
3028 3513 3046 3546 ι
3086 3492 3187 3549 llic
3217 3509 3373 3559 vero,
3408 3492 3608 3560 inquit.

2029 3608 2097 3648 ex
2123 3593 2220 3647 illo
2247 3607 2421 3663 genus
2447 3591 2682 3657 ducens,
2715 3589 2779 3644 ad
2812 3588 2948 3643 iram
2980 3602 3067 3642 me
3097 3594 3429 3648 commovet,
3463 3584 3611 3656 quod

2031 3686 2085 3738 iu
2118 3685 2266 3740 omni
2295 3698 2495 3756 genere
2525 3684 2785 3738 vitiorum
2815 3686 3105 3736 versetur:
3144 3679 3237 3735 sed
3274 3694 3465 3735 eorum
3491 3692 3612 3747 qua:

2033 3775 2431 3839 seminaverit,
2475 3775 2792 3846 manipulos
2847 3778 3058 3836 metet,
3104 3771 3407 3842 dignasque
3455 3766 3613 3823 iactis

2031 3870 2149 3924 suis
2182 3883 2375 3940 poenas
2403 3869 2695 3937 persolvet.

2616 3955 2849 4014 CAPUT
2881 3955 3023 4011 XIII.

2101 4051 2178 4123 [1,
2209 4050 2268 4124 2]
2296 4052 2432 4107 Cum
2463 4050 2610 4106 enim
2651 4064 2681 4103 a
2724 4065 2810 4106 me
2844 4050 3153 4119 accepisset
3179 4045 3610 4117 jnstilicatiunes

2027 4150 2084 4196 et
2125 4143 2309 4212 leges,
2358 4139 2661 4197 secundum
2697 4154 2835 4209 quas
2865 4138 3032 4192 vitam
3068 4137 3211 4207 exigi
3249 4144 3609 4211 oportuerat,

2031 4231 2306 4286 idolorum
2360 4236 2375 4253 '
2425 4229 2753 4299 iniquitates
2792 4242 2893 4298 pro
2928 4227 3043 4283 illis
3077 4225 3365 4297 amplexus
3400 4233 3486 4280 est
3519 4264 3534 4288 ,
3578 4241 3609 4278 a

2029 4322 2231 4393 quibus
2271 4335 2373 4392 pro
2416 4320 2525 4375 vita
2572 4325 2804 4373 mortem
2836 4317 3074 4388 accepit.
3101 4314 3220 4369 Jam
3253 4330 3382 4370 vero
3414 4315 3609 4384 impie-

2029 4420 2197 4467 tatem
2240 4411 2292 4464 in
2342 4409 2462 4465 dies
2510 4406 2914 4479 propemodum
2969 4412 3227 4478 augent,
3263 4420 3328 4460 ex
3380 4419 3518 4459 auro
3555 4413 3610 4460 et

2029 4511 2262 4574 argento
2307 4501 2648 4557 fabricantes
2688 4499 3037 4556 diversorum
3077 4497 3396 4555 animalium
3437 4496 3612 4550 simu-

335 4595 621 4670 δάλματα,
677 4600 773 4654 καί
819 4600 1217 4673 χειροποιήτοις
1264 4601 1502 4666 εἰδώλοις
1550 4600 1925 4674 λατρεύοντες.

2032 4597 2179 4652 lacra
2199 4638 2216 4664 ,
2247 4601 2302 4649 et
2332 4591 2668 4648 manufactis
2696 4590 2864 4648 idolis
2894 4590 3221 4647 servientes.
3251 4586 3427 4641 Tanta
3461 4587 3608 4641 enim

338 4688 596 4761 Τοσούτῳ
625 4690 731 4762 γὰρ
769 4690 971 4763 οἴστρῳ
999 4692 1129 4764 περὶ
1171 4692 1345 4746 ταῦτα
1375 4692 1713 4764 κατέχονται,
1745 4693 1820 4758 ὡς
1846 4693 1924 4767 τῷ

2032 4687 2248 4742 insania
2301 4685 2357 4740 in
2411 4684 2527 4739 haec
2569 4682 2823 4739 feruntur
2846 4723 2861 4748 ,
2898 4688 2957 4737 ut
2985 4696 3095 4752 prae
3130 4678 3487 4735 multitudine
3516 4690 3609 4730 sa-

337 4779 538 4851 πλήθει
563 4781 670 4836 τῶν
695 4782 907 4854 ἱερείων
933 4784 1206 4837 ἐπιλιπεῖν
1229 4783 1337 4838 τῶν
1364 4783 1621 4856 θυμάτων
1649 4783 1709 4838 τὸ
1740 4785 1922 4855 γένος,

2032 4779 2364 4835 criliciorum
2404 4776 2616 4849 1372
2647 4774 2906 4831 deﬁciant
2932 4773 3201 4837 victimw,
3230 4771 3303 4825 ita
3335 4779 3394 4825 ut
3426 4769 3610 4824 dicere

336 4871 434 4925 καὶ
459 4870 729 4943 τολμῆσαι
759 4872 959 4936 αὐτοὺς
987 4875 1163 4928 εἰπεῖν
1183 4887 1198 4903 '
1401 4882 1404 4886 λ

2032 4885 2138 4925 non
2169 4878 2468 4924 vereantur
2503 4886 2517 4922 ε

418 4961 677 5017 σΘύσατε
728 4962 1085 5036 ἀνθρώπουςο
1144 4965 1338 5037 μόσχοι
1396 4966 1506 5039 γὰρ
1554 4967 1920 5024 ἐκλελοίπασι.

2105 4980 2123 5011 ς
2166 4958 2451 5016 Immolate
2500 4959 2798 5024 homines,
2849 4957 3006 5015 vituli
3059 4957 3206 5013 enim
3265 4955 3607 5011 defecerunt.

340 5052 458 5123 (γ’.)
488 5055 587 5110 Διὰ
627 5057 787 5110 τοῦτο
839 5055 1052 5111 ἔσονται
1097 5057 1174 5121 ὡς
1218 5058 1416 5131 νεφέλη
1460 5058 1693 5131 πρὼῖνὴ,
1728 5059 1820 5113 καὶ
1848 5059 1925 5125 ὡς

2032 5052 2221 5124 (Vens.
2257 5053 2312 5123 5)
2372 5051 2582 5108 Idcirco
2634 5058 2799 5107 erunt
2822 5049 2981 5121 quasi
3022 5050 3199 5105 nubes
3231 5048 3526 5109 matutina,
3556 5052 3610 5103 et

335 5143 526 5215 δρόσος
547 5145 773 5219 όρθρινὴ
798 5147 1162 5220 πορευομένη,
1189 5148 1283 5202 καὶ
1331 5147 1407 5214 ὡς
1432 5146 1477 5180 ⁸⁷
1507 5148 1667 5221 χνοῦς
1708 5151 1922 5221 ἀποφυη

2032 5146 2177 5203 sicut
2209 5161 2301 5202 ros
2337 5144 2649 5200 matutinus
2678 5142 3065 5214 pertransiens
3087 5180 3104 5208 ,
3148 5147 3203 5197 et
3241 5141 3385 5196 sicut
3427 5140 3613 5210 pulvis

336 5236 584 5308 σώμενος
606 5237 650 5270 ⁸⁸
672 5237 894 5292 λαίλαπι
923 5238 1030 5292 ἀπὸ
1060 5238 1286 5307 ἅλωνος,
1318 5239 1413 5293 καὶ
1445 5239 1519 5305 ὡς
1548 5240 1714 5313 ἀτμὶς
1741 5241 1785 5273 ⁸⁸
1813 5241 1923 5295 ἀπὸ

2032 5237 2253 5293 turbine
2278 5235 2603 5293 exsulﬂatus
2649 5250 2718 5289 ex
2752 5248 2879 5292 area
2904 5274 2919 5300 ,
2966 5240 3021 5289 et
3050 5235 3196 5291 sicut
3227 5249 3399 5306 vapor
3422 5233 3492 5289 de
3530 5233 3612 5287 lo-

337 5329 579 5400 ἀκρίδων
619 5330 686 5386 νο.
728 5348 747 5381 ι
802 5329 1022 5399 Ταύτης
1062 5329 1258 5395 ἕνεκα,
1289 5326 1459 5402 φησί,
1506 5332 1604 5401 τῆς
1637 5330 1915 5397 ἀσεϐείας,

2032 5332 2224 5388 custis.
2265 5350 2282 5381 ι
2308 5328 2542 5415 Propter
2572 5329 2712 5384 banc
2738 5370 2753 5395 ,
2789 5328 2989 5400 inquit,
3023 5330 3385 5401 impietatem,
3417 5328 3609 5384 hostili

1630 5506 1868 5563 VARIIE
1903 5508 2311 5564 LECTIONES.
2392 5560 2395 5565 .

388 5599 438 5671 ⁸¹ξ
460 5595 770 5671 péLOmitti
806 5597 946 5671 solet
982 5596 1044 5671 in
1079 5604 1229 5671 testu
1253 5596 1362 5671 τῷν
1397 5601 1472 5652 ον.
1512 5599 1606 5671 -θῆ
1631 5600 1772 5652 κατὰ
1794 5617 1847 5655 τ.
1870 5601 1920 5656 λ.
1965 5601 2120 5671 Ἑφρ.
2153 5600 2275 5655 Haec
2306 5600 2371 5653 ad
2396 5615 2454 5671 _c.
2491 5600 2895 5671 surpertinent
2922 5601 3078 5670 juxta
3133 5597 3296 5671 Hebr.
3342 5604 3396 5651 ct
3422 5595 3599 5671 AI.X_X_.

337 5666 385 5741 ξ’
409 5665 505 5741 ὡς,
529 5666 757 5741 Erasum
779 5677 863 5722 est
887 5667 945 5722 in
974 5665 1037 5721 ϐ.
1111 5666 1158 5699 ⁸⁸
1184 5669 1464 5741 χῃὰποφ.
1496 5669 1549 5741 Ci
1576 5668 1714 5740 ἄχνη
1754 5665 2186 5741 ἁποφυσωμένη.
2263 5672 2321 5741 δῖ
2356 5669 2435 5741 Id.
2472 5665 2664 5741 ἀτμός,
2712 5665 3333 5741 contiajuioscodices.
3410 5666 3476 5741 ξ’,
3521 5665 3603 5720 Id.

343 5685 380 5701 --
409 5685 505 5729 ως.
529 5685 757 5722 ωειεαηι
779 5685 863 5722 εει
887 5685 945 5722 ιη
974 5685 1037 5721 υ.
1111 5685 1158 5699 συ
1254 5705 1268 5719 .
1295 5685 1464 5737 αποφ.
1496 5685 1537 5724 u
1576 5685 1714 5740 αχνη
1754 5685 2127 5740 αποφυσωμεν
2173 5712 2186 5725 .
2263 5685 2310 5703 ου
2356 5685 2435 5723 ια.
2472 5685 2664 5741 ατμος.
2712 5685 2900 5725 contra
2929 5685 3064 5724 auos
3094 5685 3333 5722 couices.
3422 5685 3466 5698 ’ν
3521 5685 3603 5720 ω.

343 5736 595 5811 ὰκρίδος,
627 5737 906 5811 setIzeque
956 5744 1147 5791 contra
1184 5685 1496 5811 ﬁbrarum.
1530 5740 1841 5811 Lectionem
1871 5741 1981 5795 ἀπὸ
2005 5688 2245 5811 ἀκρίδων
2283 5738 2519 5795 Grabius
2546 5742 2873 5811 auctoritate
2903 5737 3339 5811 Theodoreti__c_t
3410 5734 3605 5811 IIiero-

347 5804 596 5880 nymiuiu
640 5804 952 5880 editionem
995 5822 1150 5862 suam
1182 5809 1409 5879 recepit,
1438 5817 1621 5880 spreta
1656 5810 1888 5866 lectione
1925 5809 2051 5866 cod.
2084 5804 2240 5865 Alex.
2278 5811 2341 5862 ἐκ
2368 5809 2728 5880 καπνοδόκης,
2759 5825 2789 5865 a
2844 5824 2950 5879 qua
2982 5823 3167 5878 parum
3224 5804 3404 5860 diiiert
3442 5805 3609 5859 lectio

344 5876 534 5947 Cyrilli
559 5877 665 5931 ἀπὸ
688 5876 1043 5947 καπνοδόκης.
