4088 6464
505 481 644 547 1623
1492 492 1536 548 Τ
1542 485 1976 549 llEODORETI
2002 486 2341 548 EPISCOPI
2363 491 2732 554 CYRENSIS
3635 494 3785 558 1(ῗῖΖᾷ

506 595 714 664 impetu
761 593 1011 648 funditus
1060 592 1186 648 illos
1234 595 1474 663 perdam.
1518 597 1675 650 Sicut
1711 597 1856 652 enim
1904 611 2083 652 rorem

2197 600 2454 668 ῳρούδους
2501 603 2699 666 αὐτοὺς
2734 606 2945 674 ποιήσω
2997 608 3062 677 τῇ
3101 606 3209 660 τῶν
3265 607 3536 679 πολεμίων
3571 609 3784 678 ἐφόδῳ.

505 689 859 753 matutinum,
892 695 946 742 et
983 687 1184 741 nubem
1215 702 1338 756 qua:
1373 696 1506 742 tunc
1543 697 1793 759 apparet,
1825 690 2083 747 exoriens

2197 690 2456 763 Καθάπερ
2491 695 2598 766 γὰρ
2618 694 2717 766 τὴν
2749 696 2976 768 ἑωθινὴν
2997 698 3206 769 δρόσον,
3230 700 3324 753 καὶ
3351 699 3446 770 τὴν
3468 701 3608 753 κατά
3642 700 3786 754 τοῦ-

509 783 591 838 sol
646 780 808 834 facile
846 779 1084 833 absumit
1130 787 1183 833 ct
1223 779 1480 835 celeriter
1507 779 1791 851 dissipat,
1840 790 1898 838 et
1938 784 2084 838 sicut

509 885 652 925 arcte
696 869 979 938 pulverem
1043 867 1340 923 vehemens
1387 879 1588 924 ventus
1651 870 1805 924 nullo
1861 875 2085 942 negotio

501 960 767 1024 discutit,
794 973 1164 1030 vaporemquc
1196 957 1249 1013 in
1283 975 1409 1015 aere
1437 962 1738 1016 excitatum
1770 978 1902 1034 grex
1928 963 2084 1018 locu-

508 1063 717 1105 Starum
761 1049 1066 1104 adveniens
1108 1048 1366 1106 dissolvit
1399 1066 1410 1100 :
1457 1052 1537 1104 sic
1571 1067 1669 1106 vos
1695 1053 1936 1108 hostium
1969 1069 2086 1108 ma-

505 1157 613 1197 nus
644 1139 868 1211 perdet,
903 1147 959 1195 et
987 1150 1190 1194 terram
1231 1155 1353 1209 qum
1391 1157 1538 1195 nunc
1568 1157 1597 1196 a
1625 1143 1782 1198 vobis
1815 1143 2087 1198 inhabita-

502 1243 614 1302 tur,
646 1233 922 1291 desertam
947 1232 1159 1288 reddet.

575 1419 827 1477 Vens].
879 1439 898 1472 ι
934 1422 1046 1492 Ego
1089 1422 1233 1476 enim
1280 1437 1402 1477 sum
1446 1421 1708 1480 Dominus
1743 1422 1885 1480 Deus
1917 1434 2086 1489 tuus;

504 1512 734 1566 iirmans
775 1511 1012 1573 coelum,
1048 1519 1102 1566 et
1143 1525 1340 1566 creans
1385 1521 1584 1565 terram
1617 1552 1630 1574 ,
1685 1511 1844 1583 cujus
1889 1529 2088 1570 manus

505 1602 822 1658 formarunt
852 1617 1070 1657 omnem
1114 1603 1420 1657 exercitum
1453 1604 1603 1658 cmli.
1641 1623 1658 1655 ι
1679 1602 1794 1659 Hoc
1827 1615 1910 1660 εει
1937 1624 1950 1659 :
1980 1605 2084 1671 Qui

506 1695 706 1749 ccelum
763 1700 818 1748 et
867 1701 1070 1747 terram
1121 1709 1230 1746 non
1286 1694 1472 1748 crcavi
1523 1694 1728 1758 modo,
1785 1696 1879 1750 sed
1919 1697 2086 1749 etiam

505 1784 732 1854 perfeci,
765 1792 824 1838 ut
853 1783 1079 1839 stabilia
1113 1784 1429 1840 diutissime
1473 1796 1867 1856 permaneant;
1903 1804 2005 1858 ego
2034 1796 2088 1843 et

507 1889 724 1931 omnem
754 1875 1057 1930 exercitum
1099 1875 1228 1930 caeli
1278 1874 1559 1946 produxi,
1612 1893 1711 1932 seu
1767 1879 2085 1945 visibilem,

506 1984 602 2024 seu
634 1967 969 2023 invisibilem
997 2009 1012 2034 ,
1045 1967 1161 2022 sive
1191 1969 1509 2038 superiores
1543 1971 1778 2025 virtutes
1828 1980 2086 2028 naturas-

506 2077 613 2130 que
659 2060 1062 2116 intellectuales
1089 2103 1103 2128 ,
1149 2067 1265 2115 tum
1321 2062 1606 2117 stellarum
1641 2064 2086 2133 multitudinem,

506 2171 614 2208 una
649 2169 774 2209 cum
805 2154 924 2209 sole
951 2161 1009 2210 et
1044 2155 1198 2221 luna,
1233 2156 1444 2225 magnis
1478 2156 1874 2213 luminaribus.

582 2360 600 2391 ‹
641 2341 707 2396 Ει
740 2355 850 2395 non
881 2340 1101 2397 ostendi
1131 2357 1192 2396 ea
1237 2342 1335 2397 tibi
1399 2351 1460 2397 ut
1491 2343 1808 2400 ambulares
1839 2355 1965 2416 post
2001 2360 2085 2400 ea.

506 2434 693 2504 (Vens.
714 2434 793 2505 5.)
823 2433 888 2489 Et
915 2449 1016 2505 ego
1043 2432 1208 2489 eduxi
1240 2443 1294 2490 te
1321 2450 1351 2490 e
1377 2444 1523 2491 terra
1548 2435 1769 2508 Egypti
1798 2455 1812 2492 :
1844 2447 1899 2493 et
1923 2437 2088 2494 Deum

506 2537 701 2597 prater
751 2542 837 2582 me
884 2541 993 2581 non
1041 2541 1381 2596 cognosces,
1439 2535 1495 2583 et
1542 2529 1789 2584 salvator
1842 2545 1955 2584 non
2005 2541 2091 2586 cst

503 2618 716 2690 absque
755 2633 861 2674 me.
895 2636 915 2671 ι
962 2617 1174 2688 1373
1225 2617 1360 2672 Cum
1411 2618 1557 2673 enim
1594 2619 1828 2675 liberato
1856 2620 1952 2676 tibi
1985 2661 1998 2685 ,
2038 2628 2093 2674 ct

503 2709 705 2767 educto
728 2726 794 2766 ex
816 2711 1076 2782 Egypto,
1106 2712 1256 2781 leges
1283 2712 1493 2777 darem,
1517 2712 1803 2777 admonui,
1832 2728 1902 2767 ne
1930 2727 2090 2783 quem

504 2804 674 2858 alium
722 2812 928 2874 praeter
979 2819 1066 2858 me
1114 2802 1284 2858 Deum
1337 2819 1695 2874 agnosceres.
1744 2803 1879 2857 Nam
1935 2804 2091 2858 dixi:

2185 799 2279 836 τον
2330 785 2420 837 τὸν
2477 787 2668 857 καιρὸν
2719 789 3148 861 ἐπιφαινομένην
3199 792 3451 862 νεφέλην,
3479 793 3720 863 ἀνίσχων
3752 795 3786 846 ὁ

2185 874 2336 944 ἥλιος
2382 877 2480 947 τὴν
2527 879 2625 948 μὲν
2661 879 2874 952 δαπανᾷ
2916 883 3134 954 ῥᾳδίως,
3162 884 3260 952 τὴν
3307 884 3364 937 δὲ
3415 886 3788 939 σκεδάννυσιν

2188 965 2452 1030 εὐπετῶς,
2474 967 2564 1021 τὸν
2595 969 2651 1020 δὲ
2679 969 2780 1038 τῆς
2835 971 2947 1024 άλω
2977 973 3022 1004 ⁹¹
3050 972 3210 1042 χνοῦν
3239 973 3415 1044 βίαιος
3445 975 3647 1046 ἄνεμος
3679 979 3789 1030 εὐ·-

2192 1056 2382 1127 μαρῶς
2429 1058 2697 1126 ἀφανίζει,
2746 1060 2916 1131 ἀτμὸν
2945 1062 3001 1115 δέ
3041 1063 3099 1117 ἐν
3150 1064 3272 1134 ἀέρι
3298 1066 3580 1137 γινόμενον
3609 1069 3793 1136 νέφος

2189 1148 2426 1220 ἀκρίδων
2471 1151 2856 1221 ἐπιγενόμενον
2887 1152 3111 1206 διαλύει
3143 1155 3314 1220 οὕτως
3345 1157 3489 1227 ὑμᾶς
3533 1159 3647 1212 τῶν
3678 1178 3791 1214 πο-

2187 1240 2392 1311 λεμίων
2415 1241 2684 1296 ἀναλώσει
2712 1243 2774 1296 τὸ
2797 1244 2977 1314 νέφος,
3025 1247 3122 1301 καὶ
3150 1246 3247 1318 τὴν
3278 1247 3374 1302 νῦν
3400 1249 3489 1318 ὑφ’
3516 1251 3674 1322 ὑμῶν
3697 1253 3791 1305 οἱ·

2189 1333 2463 1402 κουμένην
2491 1333 2594 1404 γῆν
2625 1334 2831 1406 ἔρημον
2864 1341 3224 1410 καταστήσει.

2255 1423 2317 1476 δ’.
2347 1441 2366 1474 ι
2418 1422 2557 1491 Ἐγὼ
2591 1426 2697 1496 γάρ
2721 1428 2834 1498 είμι
2861 1421 3066 1499 Κύριος
3090 1431 3118 1482 ὁ
3151 1429 3282 1494 Θεός
3315 1447 3430 1500 σου,
3465 1433 3712 1505 στερεῶν
3736 1434 3805 1467 π

2188 1518 2436 1589 οὐρανὸν,
2478 1521 2573 1573 καὶ
2621 1521 2821 1587 κτίζων
2851 1524 2974 1595 γῆν,
3003 1518 3065 1578 οῦ
3101 1525 3156 1577 αἱ
3204 1525 3252 1559 ’³
3300 1530 3483 1599 χεῖρες
3530 1527 3792 1582 ἔπλασαν

2188 1610 2286 1679 τὴν
2319 1610 2642 1682 θὀστρατιὰν
2694 1613 2880 1669 αὑτοῦ.
2915 1633 2932 1667 ι
2969 1615 3281 1670 Τουτέστιν·
3326 1617 3385 1670 '0
3413 1617 3506 1671 τὸν
3544 1618 3791 1691 οὐρανὸν

2191 1703 2285 1756 καὶ
2310 1704 2408 1773 τὴν
2436 1704 2538 1775 γῆν
2568 1706 2628 1758 οὐ
2656 1705 2817 1776 μόνον
2851 1703 3073 1771 κτίζων,
3102 1707 3237 1761 ἀλλά
3271 1708 3366 1762 καὶ
3395 1708 3454 1762 τὸ
3490 1709 3793 1780 ἐπιμένειν

2190 1794 2370 1859 αὐτοῖς
2416 1795 2509 1848 ἐπὶ
2577 1795 2827 1849 πλεῖστον
2870 1796 3228 1868 δωρούμενος
3285 1797 3397 1867 ἐγὼ
3449 1799 3544 1851 καὶ
3593 1801 3792 1852 πᾶσαν

2189 1886 2287 1956 τὴν
2333 1886 2594 1956 στρατιάν
2631 1885 2726 1940 τοῦ
2754 1888 2984 1959 οὐρανοῦ
3035 1891 3115 1953 είς
3159 1889 3221 1942 τὸ
3249 1885 3387 1944 εἶναι
3428 1892 3790 1960 παρήγαγον,
3827 1875 3836 1908 "

2190 1979 2297 2031 εἴτε
2345 1979 2582 2048 ὁρατὴν,
2636 1979 2746 2030 εἴτε
2800 1979 3077 2050 ἀόρατον,
3136 1982 3245 2034 εἴτε
3305 1980 3403 2044 τὰς
3456 1980 3568 2033 ἀνω
3618 1981 3792 2035 δυνά⁶

2194 2087 2316 2140 μεις
2373 2069 2468 2122 καὶ
2522 2069 2720 2140 νοητὰς
2776 2067 3008 2137 φύσεις,
3071 2070 3181 2124 εἴτε
3246 2071 3357 2125 τῶν
3420 2072 3672 2142 ἀστέρων
3723 2071 3792 2124 τὸ

2191 2161 2397 2232 πλῆθος
2420 2200 2435 2226 ,
2489 2163 2586 2215 σὺν
2617 2161 2751 2232 ἡλίῳ
2783 2161 2878 2215 καὶ
2930 2161 3126 2233 σελήνῃ
3153 2201 3168 2226 ,
3226 2163 3340 2224 τοῖς
3376 2162 3637 2233 μεγάλοις
3669 2181 3793 2231 φω-

2193 2254 2408 2325 στῆρσι.

2258 2363 2276 2394 ι
2314 2344 2426 2397 Καὶ
2443 2343 2502 2395 οὐ
2535 2342 2831 2413 παρέδειξα
2853 2360 2934 2396 σοι
2961 2341 3102 2396 αὗτά
3123 2340 3216 2395 τοῦ
3243 2341 3570 2412 πορεύεσθαι
3601 2341 3793 2395 ὀπίσω

2193 2435 2393 2489 αὐτῶν.
2423 2434 2532 2506 (ε’.)
2567 2435 2677 2487 Καὶ
2706 2433 2820 2503 ἐγὼ
2848 2433 3127 2504 ἀνήγαγόν
3155 2451 3214 2486 σε
3245 2435 3309 2487 ἐκ
3342 2434 3448 2502 γῆς
3475 2434 3788 2502 Αἰγύπτου,

2193 2529 2288 2582 καὶ
2316 2529 2448 2586 Θεὸν
2478 2527 2618 2598 πλὴν
2648 2526 2781 2597 ἐμοῦ
2815 2526 2876 2578 οὐ
2909 2524 3094 2597 γνώσῃ
3115 2564 3129 2588 ,
3163 2526 3258 2580 καὶ
3290 2525 3476 2590 σώζων
3504 2525 3607 2577 οὐκ
3664 2524 3792 2579 ἐστι

2194 2619 2370 2689 πάρεξ
2398 2619 2553 2690 ἐμοῦ.
2569 2639 2586 2670 ι
2608 2617 2933 2688 Νομοθετῶν
2954 2617 3061 2687 γάρ
3092 2633 3173 2669 σοι
3201 2617 3339 2687 μετά
3359 2617 3456 2688 τήν
3475 2616 3794 2686 γενομένην

2195 2713 2528 2783 ἐλευθερίαν,
2561 2711 2658 2764 καὶ¹
2692 2710 2794 2780 τῆς
2824 2709 3098 2778 Αἰγύπτου
3133 2708 3231 2780 τὴν
3261 2708 3600 2779 ἀπαλλαγὴν,
3633 2725 3790 2778 παρ-

2195 2805 2446 2876 ηγγύησα
2505 2803 2708 2874 μηδένα
2756 2802 2942 2872 ἓτερον
2995 2801 3134 2871 πλὴν
3184 2801 3320 2870 ἐμοῦ
3376 2800 3572 2854 εἰδέναι
3623 2800 3786 2852 Θεόν.

510 2913 528 2944 ε
567 2892 689 2948 Non
718 2892 892 2948 facies
925 2893 1095 2947 ullius
1137 2893 1214 2946 rei
1250 2893 1680 2949 similitudinem
1703 2935 1717 2959 ,
1760 2910 1950 2950 eorum
1975 2909 2090 2964 qua:

2203 2916 2220 2946 ι
2260 2896 2335 2949 Οὐ
2375 2895 2623 2964 ποιήσεις
2653 2891 2783 2962 γὰρ,
2820 2888 2995 2957 εἷπον,
3027 2891 3228 2954 παντὸς
3265 2889 3536 2962 ὁμοίωμα,
3569 2891 3674 2944 ὅσα
3730 2890 3792 2941 ἐν

506 2993 637 3040 sunt
671 2985 726 3038 in
758 2985 900 3039 cmlo
931 2998 1195 3049 sursum,
1242 2995 1295 3040 et
1335 3001 1458 3054 quae
1499 2987 1555 3040 in
1601 2996 1748 3041 terra
1795 2987 2053 3042 deorsum
2079 3026 2094 3052 ,

507 3090 608 3129 nec
646 3089 837 3129 eorum
873 3089 996 3144 qua:
1033 3083 1165 3130 sunt
1207 3074 1263 3129 in
1309 3075 1471 3145 aquis
1511 3075 1618 3132 sub
1649 3084 1797 3131 terra
1825 3089 1874 3131 ιι.
1918 3096 1936 3129 ι
1976 3075 2096 3132 Non

506 3171 686 3224 solum
719 3178 899 3225 autem
929 3179 980 3225 te
1013 3186 1042 3225 a
1073 3171 1209 3226 dura
1243 3170 1629 3244 IEgyptiorum
1666 3173 1939 3230 servitute
1970 3174 2104 3230 libe-

507 3259 650 3326 ravi,
684 3259 780 3314 sed
811 3261 977 3316 etiam

583 3371 602 3401 ο
658 3351 716 3406 1η
786 3349 1009 3409 deserto
1069 3353 1191 3424 pavi
1248 3365 1320 3420 te,
1382 3355 1435 3408 in
1499 3361 1645 3410 terra
1713 3353 2089 3410 inhabitabili.

508 3453 692 3520 (Vens.
721 3450 798 3522 6.)
831 3450 996 3506 Juxta
1038 3466 1244 3522 pascua
1283 3466 1499 3507 eorum.
1559 3470 1580 3504 ι
1633 3449 1750 3506 Hoc
1796 3459 1903 3516 est,
1954 3467 2094 3522 prte-

509 3545 642 3599 bens
694 3543 762 3597 ad
808 3560 944 3600 usus
988 3543 1086 3598 tibi
1145 3544 1516 3606 necessarios,
1567 3558 1767 3597 manna
1819 3558 1884 3598 ex
1929 3543 2091 3603 cmlo.

507 3634 821 3691 coturnices
865 3651 930 3689 ex
966 3633 1130 3698 mari,
1167 3648 1367 3704 aquam
1416 3649 1483 3688 cx
1538 3642 1716 3702 petra.
1753 3631 1874 3687 Non
1924 3635 2092 3697 enim,

508 3713 656 3782 velth
695 3725 752 3779 in
799 3727 919 3781 loco
977 3726 1200 3781 deserto
1227 3726 1498 3789 viventes,
1540 3725 1875 3780 necessariis
1928 3727 2096 3781 rebus

513 3827 803 3888 eguerunt,
858 3818 951 3872 scd
993 3817 1122 3873 «Ad
1168 3817 1517 3873 saturitatem
1577 3818 1777 3886 expleti
1841 3828 1989 3882 sunt,
2043 3825 2097 3872 et

506 3909 634 3963 elati
689 3916 818 3964 sunt
873 3908 1136 3965 cordibus
1191 3909 1326 3965 suis.
1395 3907 1693 3978 Propterea
1757 3910 1916 3964 obliti
1966 3921 2096 3966 sunt

508 3999 634 4053 mei.
693 4017 712 4051 ι
775 3998 893 4053 Non
941 4000 1234 4055 dissimilia
1283 3999 1352 4056 de
1394 3999 1501 4055 illis
1560 4004 1577 4022 ‘
1634 4001 1827 4055 beatus
1878 4017 2097 4073 quoque

507 4089 685 4146 Moses
718 4091 796 4143 ait
829 4109 842 4145 :
887 4108 906 4141 ‹
949 4088 1011 4143 Et
1047 4089 1288 4146 comedit
1335 4087 1528 4155 Jacob,
1575 4097 1630 4144 et
1682 4091 1929 4160 repletus
1959 4099 2044 4146 est
2079 4110 2091 4145 :

505 4189 560 4236 ct
589 4182 956 4237 recalcitravit
994 4181 1230 4238 dilectus
1260 4198 1272 4233 :
1313 4181 1674 4246 incrassatus,
1696 4183 2092 4254 impinguatus,

518 4275 781 4330 dilatatus
805 4285 909 4339 est,
931 4281 986 4329 et
1016 4274 1310 4344 dereliquit
1333 4274 1500 4330 Deum
1529 4274 1788 4330 factorem
1815 4292 1975 4331 suum
1999 4284 2048 4330 ν.
2073 4296 2090 4328 ι

514 4368 678 4438 Αιηυὶ
731 4384 841 4424 non
871 4368 1049 4424 sinam
1094 4383 1242 4432 eum,
1299 4367 1500 4438 inquit,
1561 4384 1671 4423 non
1739 4369 2090 4440 castigatum.

508 4461 641 4515 Nam

578 4549 745 4608 Vens.
779 4551 833 4605 7.
877 4571 894 4604 ι
943 4553 1049 4607 Ero
1077 4553 1126 4608 ei
1152 4554 1310 4623 quasi
1349 4555 1638 4624 panthera.
1680 4565 1734 4610 ct
1777 4556 1925 4609 sicut
1965 4569 2090 4624 par-

2198 2986 2275 3058 τῷ
2303 2985 2518 3056 οὐρανῷ
2559 2986 2671 3040 ἀνω
2700 2985 2768 3050 ⁸⁸,
2824 2984 2919 3039 καὶ
2959 2985 3060 3038 ὅσα
3085 2983 3178 3037 ἐπὶ
3219 2983 3318 3054 τῆς
3348 2983 3455 3052 γῆς
3481 2983 3657 3047 κάτω,
3689 2983 3795 3036 καὶ

2199 3081 2298 3134 ὅσα
2326 3082 2383 3133 ἐν
2418 3082 2530 3142 τοῖς
2551 3078 2706 3132 ὕδασι
2742 3077 2997 3132 ὑποκάτω
3020 3079 3117 3147 τῆς
3147 3075 3301 3148 γῆς.»
3329 3077 3403 3129 Oti
3439 3076 3602 3146 μόνον
3634 3075 3692 3128 δέ
3729 3092 3793 3128 σε

2199 3173 2299 3242 τῆς
2333 3173 2537 3243 πικρᾶς
2584 3170 2694 3224 τῶν
2742 3168 3056 3238 Αἰγυπτίων
3096 3165 3450 3238 ἠλευθέρωσα
3491 3165 3790 3233 δουλείας,

2121 3272 2171 3337 (ς
2199 3263 2337 3320 ἀλλά
2363 3263 2460 3317 καὶ

2273 3376 2292 3408 ι
2343 3357 2431 3410 Ἐν
2460 3357 2527 3426 τῇ
2577 3355 2769 3427 ἐρήμῳ
2803 3352 3121 3423 ἐποίμαινόν
3158 3368 3240 3417 σε,
3291 3351 3352 3405 ἐν
3397 3353 3466 3422 γῇ
3515 3349 3789 3421 ἀοικήτῳ.

2198 3446 2320 3518 (ςὀ)
2351 3446 2508 3500 κατὰ
2537 3445 2636 3508 τὰς
2665 3444 2834 3514 νομὰς
2866 3443 3065 3497 αὐτῶν.
3107 3461 3125 3494 ι
3171 3441 3319 3496 ’Λντὶ
3371 3440 3488 3504 τοῦ,
3525 3442 3642 3504 Τάς
3685 3442 3789 3510 ἀρ·

2200 3539 2501 3612 μοττούσας
2553 3555 2636 3591 σοι
2687 3536 2938 3608 χορηγῶν
2970 3536 3162 3605 χρείας
3186 3576 3200 3600 ,
3237 3533 3412 3604 μάννα
3444 3533 3502 3599 ἐξ
3531 3532 3792 3602 ούρανοῦ,

2196 3633 2614 3704 ὀρτυγομήτρας
2634 3630 2699 3682 ἐκ
2726 3629 3019 3698 θαλάττης,
3041 3627 3184 3696 ὕδωρ
3211 3629 3274 3679 ἐκ
3306 3625 3530 3698 πέτρας.
3551 3626 3627 3678 Οὐ
3657 3626 3791 3695 γὰρ,

2196 3725 2272 3789 ὡς
2306 3727 2366 3777 ἐν
2396 3725 2586 3794 ἐρήμῳ
2641 3720 2940 3788 διάγοντες,
2976 3721 3035 3771 ἐν
3069 3718 3260 3772 σπάνει
3317 3717 3426 3771 τῶν
3471 3717 3794 3786 ἀναγκαίων

2194 3813 2357 3889 ἦσαν,
2423 3815 2538 3869 ἀλλ’
2571 3833 2588 3864 ι
2633 3811 3077 3882 Ἐνεπλήσθησαν
3134 3811 3213 3871 είς
3297 3808 3630 3879 πλησμονὴν,
3694 3809 3794 3860 καὶ

2199 3909 2494 3980 ὑψώθησαν
2524 3907 2579 3960 αἱ
2612 3905 2828 3975 καρδίαι
2864 3901 3049 3956 αὐτῶν
3071 3918 3084 3932 ⁸
3137 3901 3325 3954 ’ἐνεκεν
3371 3900 3559 3953 τούτου
3584 3899 3790 3952 ἐπελά-

2198 4002 2354 4057 θοντό
2401 4017 2523 4072 μου.
2562 4019 2580 4051 ι
2619 3995 2858 4050 Τοιαῦτα
2909 3994 3001 4046 καὶ
3033 3995 3058 4045 ὁ
3094 3992 3233 4056 θεῖος
3282 3994 3387 4063 ἐφη
3419 3992 3551 4063 περὶ
3606 3992 3793 4044 αὐτῶν

2197 4096 2404 4165 Μωσῆς
2434 4108 2447 4121 ·
2487 4110 2505 4142 ι
2561 4090 2670 4143 Ka‘.
2699 4089 2745 4121 ⁸⁸
2790 4087 2992 4155 ἔφαγεν
3035 4083 3268 4152 Ἰακὼϐ,
3311 4085 3405 4136 καὶ
3454 4081 3788 4152 ἐνεπλήσθη,

2199 4187 2295 4239 καὶ
2324 4182 2689 4238 άπελὰκτισεν
2716 4181 2742 4232 ὁ
2766 4180 2954 4246 ἡγαπη
2965 4175 3145 4246 μένος,
3163 4173 3449 4245 ἐλιπάνθη,
3479 4173 3787 4243 ἐπαχύνθη,

2198 4274 2528 4344 ἐπλατύνθη,
2583 4271 2676 4324 καὶ
2729 4267 3055 4337 ἐγκατέλιπε
3105 4265 3312 4337 Κύριον
3343 4265 3434 4318 τὸν
3482 4266 3790 4335 ποιήσαντα

2198 4369 2383 4425 αὐτόν.
2442 4386 2459 4420 ι
2524 4363 2666 4419 Ἀλλ’
2711 4363 2810 4415 οὐκ
2865 4362 3009 4416 ἐάσω
3042 4360 3242 4430 αὑτὸν,
3295 4359 3458 4430 φησὶν
3496 4357 3566 4423 ⁸⁸⁷,
3625 4359 3788 4411 ἀπαί-

2197 4463 2404 4517 δευτονο

2271 4554 2336 4616 ζ’.
2377 4569 2397 4602 ι
2443 4550 2678 4617 Ἐσομαι
2707 4544 2764 4598 δέ
2792 4542 2960 4613 αὐτῷ,
2989 4541 3177 4612 φησὶν,
3208 4539 3284 4604 ὡς
3325 4539 3561 4610 πάνθηρ,
3592 4537 3685 4590 καὶ
3711 4536 3787 4600 ὡς

511 4645 610 4698 dus
645 4643 700 4698 in
742 4643 832 4698 via
879 4645 1256 4716 Assyriorum.
1311 4664 1328 4695 ι
1385 4645 1784 4701 Ferocissimos
1816 4646 1962 4699 enim
1998 4645 2090 4697 ho-

2204 4612 2488 4716 πάρδαλις,
2544 4612 2686 4695 κατά
2715 4636 2812 4709 τὴν
2866 4612 2983 4688 ὁδὸν
3011 4633 3120 4686 τῶν
3149 4632 3195 4664 ’⁸
3239 4631 3560 4701 Ἀσσυρίων.
3593 4647 3613 4680 ι
3647 4629 3785 4690 Τοὺς

510 4746 622 4791 stes
646 4736 700 4790 in
720 4751 845 4791 cum
874 4738 1165 4792 concitabo
1191 4781 1205 4804 ,
1236 4737 1333 4808 qui
1371 4753 1482 4792 non
1513 4738 1696 4801 aliter,
1724 4751 1890 4806 quam
1915 4735 2095 4789 solent

511 4827 777 4898 panthera
815 4837 868 4882 et
918 4829 1143 4897 pardus,
1202 4845 1327 4883 eum
1379 4829 1716 4883 lractabunt.
1774 4828 1909 4881 Nam
1962 4829 2093 4898 quia

513 4923 650 4992 ipse,
687 4923 781 4993 qui
811 4923 995 4978 omnia
1031 4923 1527 4995 gubcrnat,hostes
1551 4922 1818 4986 immittit,
1847 4923 2088 4993 scipsum

512 5013 793 5081 pantherae
829 5021 880 5067 et
919 5013 1073 5082 pardi
1122 5013 1356 5068 similem
1405 5027 1528 5068 esse
1569 5012 1726 5067 dicit.
1758 5013 1922 5068 Addit
1961 5031 2092 5071 vero

513 5119 677 5173 porro
711 5123 724 5157 :

583 5193 753 5250 Vens.
790 5195 843 5251 8.
881 5216 899 5248 ι
944 5196 1246 5253 Occurram
1290 5195 1374 5250 eis
1409 5195 1554 5249 sicut
1591 5209 1720 5249 ursa
1752 5196 1942 5250 orbata
1977 5197 2096 5266 pul-

513 5287 621 5344 lis:
653 5299 708 5342 et
745 5279 1086 5360 disrumpam
1121 5289 1432 5344 clausuram
1475 5286 1662 5344 cordis
1692 5303 1934 5343 eorum.»
1975 5273 2096 5343 Sic-

586 5429 612 5458 υ
647 5419 823 5476 Exod.
859 5438 948 5487 xx,
983 5421 1038 5475 4.
1149 5429 1177 5460 ν
1210 5421 1368 5476 Deut.
1395 5437 1566 5488 xxx“,
1598 5421 1690 5476 15.

2200 4736 2308 4808 γὰρ
2336 4732 2618 4806 θηριώδεις
2649 4727 2796 4798 αὖτῷ
2830 4723 3122 4794 πολεμίους
3155 4722 3543 4788 ἐπαναστήσω,
3576 4717 3786 4808 πάνθηέ

2204 4807 2295 4898 ρος
2325 4825 2480 4893 δίκην
2503 4823 2597 4875 καὶ
2624 4819 2942 4889 παρδάλεως
2968 4812 3340 4886 χρησομένους
3365 4809 3534 4879 αὐτῷ.
3566 4807 3784 4879 Ἐπειδὴ

2201 4917 2309 4988 γὰρ
2339 4915 2519 4978 αὐτὸς,
2551 4913 2646 4966 an
2667 4911 2730 4979 δὴ
2759 4909 2934 4964 πάντα
2951 4909 2995 4940 ⁹⁹
3030 4902 3401 4974 πρυτανεύων,
3431 4900 3627 4966 ἐπάγει
3658 4899 3784 4960 τοὺς

2202 5007 2512 5080 πολεμίους,
2539 5004 2732 5057 ἑαυτὸν
2787 4999 3025 5070 πάνθηρι
3056 4998 3148 5050 καὶ
3177 4994 3436 5067 παρδάλει
3487 4989 3782 5054 ἀπεικάζε-

2205 5101 2328 5155 σθαι
2360 5099 2529 5166 λέγει.
2567 5093 2929 5168 Προστέθεικε
2957 5092 3033 5157 δὲ,
3065 5091 3146 5143 ὅτι

2271 5201 2340 5264 η’.
2373 5211 2390 5242 ι
2441 5187 2849 5257 Ἀπαντήσομαι
2883 5184 3067 5246 αὐτοῖς
3092 5182 3166 5244 ὡς
3190 5181 3356 5250 ἄρκος
3410 5174 3780 5248 ἀπορουμένη,

2206 5285 2298 5342 καὶ
2330 5278 2609 5353 διαῤῥήξω
2637 5274 3001 5345 συγκλεισμὸν
3051 5270 3278 5344 καρδίας
3306 5267 3504 5323 αὐτῶν.
3549 5285 3568 5320 ι
3602 5265 3782 5322 Καθά-

1710 5555 1948 5613 VARIA‘I
1984 5556 2388 5615 LECTIONES.

588 5652 632 5724 ⁹γ¹
667 5650 708 5708 C
739 5652 967 5724 ἅλωνος.
990 5721 1020 5724 μ
1042 5651 1089 5682 ⁹²
1132 5668 1281 5724 στερ.
1322 5671 1604 5724 -Ϋστραι
1633 5652 1821 5719 αὐτοῦ,
1849 5641 1903 5709 et
1940 5655 2138 5710 deinde
2169 5655 2278 5710 Καὶ
2298 5654 2360 5707 οὐ
2401 5682 2479 5724 -τγ
2495 5648 2669 5703 ὀπίσω
2703 5645 2903 5699 αὐτῶν.
2935 5641 3070 5724 lixae
3111 5638 3295 5724 0mij
3325 5637 3464 5724 (1.65:.
3503 5637 3558 5724 il}
3614 5637 3779 5724 Hebr.

523 5730 574 5774 ut
610 5723 664 5777 in
693 5708 1073 5790 antiqua'edit.
1095 5721 1200 5774 τῶν
1229 5708 1375 5787 ϋ’,υι
1400 5708 1509 5791 jam
1531 5731 1676 5778 recte
1701 5725 1770 5778 ab
1794 5708 2238 5780 ilict—monitum
2263 5731 2346 5779 est
2373 5741 2386 5790 ;
2416 5721 2919 5791 allegantut‘_au_tem
2951 5729 2982 5791 α
3007 5708 3596 5791 TheOpltilo_Antiocli.
3628 5709 3723 5791 Ii_b.
3744 5729 3780 5765 ιι

523 5791 602 5868 A‘d
631 5791 972 5858 Autolycum.
1066 5793 1112 5823 ’³
1152 5793 1209 5842 αἱ
1245 5821 1314 5830 --
1348 5794 1442 5844 καὶ
1469 5793 1567 5860 τὴν
1598 5795 1722 5896 γῆν.
1760 5794 1880 5850 Des.
1913 5796 1965 5848 in
1995 5797 2057 5851 Ο.

523 5871 616 5896 erm
660 5873 758 5896 mm
856 5860 901 5888 οὔ
944 5859 1055 5896 se...
1109 5859 1212 5896 ἢρρ
1265 5861 1317 5896 in
1354 5861 1394 5896 l‘.
1487 5862 1531 5891 σε
1563 5863 1644 5896 πη
1729 5862 1827 5896 nm.
1883 5865 1990 5896 tum

522 5859 616 5920 τὴν
660 5873 779 5936 στρ.
856 5860 901 5888 ⁹⁵
944 5859 1076 5942 ἀνω..
1109 5859 1236 5914 Des.
1265 5861 1318 5913 in
1354 5861 1414 5941 Ο..
1453 5859 1533 5940 ⁸⁸⁸
1563 5859 1691 5916 Καί.
1727 5862 1848 5921 Des.
1883 5865 2012 5920 ibid.

523 5921 647 5978 Des.
687 5925 821 5980 Ibid.
917 5923 962 5953 ”
1000 5943 1193 5983 παντα.
1237 5928 1357 5985 Des.
1395 5931 1527 5985 ibid.

2143 5796 2187 5826 οι
2225 5794 2344 5847 ἐπλ.
2374 5779 2497 5861 ῖιήν.
2523 5779 2610 5844 "ua
2643 5789 2764 5842 Ald.
2799 5785 2930 5861 Bec.
2962 5785 3124 5837 lectio
3150 5779 3273 5861 est,
3320 5779 3544 5831 ἔκτισαν
3571 5781 3782 5861 facim

2108 5867 2150 5898 97
2190 5865 2340 5935 φησί.
2378 5849 2497 5917 Des.
2543 5861 2643 5922 ib.,
2673 5868 2788 5913 tum
2819 5856 2874 5910 h.
2919 5855 2977 5922 I.,
3018 5861 3128 5908 tum
3155 5859 3280 5922 post
3300 5865 3493 5922 pauca.
3525 5849 3620 5922 ﬂ"
3651 5850 3777 5905 τῶν.
