4088 6462
405 478 547 542 1625

1697 480 1772 541 IN
1807 481 1996 544 OSEE
2031 483 2189 546 CAP.
2223 488 2395 549 XIII.

3539 499 3674 564 1626

404 608 515 660 περ
551 592 657 662 γὰρ
685 593 718 659 ἡ
749 591 916 662 άρκος
967 595 1467 666 στενοχωρουμένη,
1498 597 1591 648 καὶ
1643 599 1833 665 φυγεῖν
1873 597 1934 650 οὐ
1973 597 1983 626 ¹

2093 610 2151 655 ιιι
2175 603 2318 656 enim
2355 616 2485 656 ursa
2519 601 2572 656 in
2607 601 2714 657 loci
2747 607 3034 676 angustias
3075 613 3356 682 compulsa
3399 621 3453 669 et
3487 613 3673 685 fugere

402 681 704 751 δυναμένη,
735 681 873 752 μετά
922 682 1122 754 πολλῆς
1151 685 1252 754 τῆς
1285 685 1482 755 μανίας
1527 689 1638 750 τοῖς
1673 687 1987 759 προσιοῦσιν

403 775 703 844 ἐπέρχεται
723 790 736 803 ·
768 773 942 837 οὕτως
971 775 1020 826 οί
1061 774 1308 846 πολέμιοι
1359 777 1571 847 φειδοῦς
1616 778 1813 842 αὐτοὺς
1841 780 1990 832 οὐδε-

407 868 540 937 μιᾶς
574 865 921 932 ἀξιώσουσιν,
969 867 1086 920 ἀλλ’
1114 868 1272 939 ὠμὴν
1303 870 1398 924 καὶ
1427 871 1608 943 ἀπηνῆ
1635 873 1763 942 περὶ
1794 873 1988 937 αὐτοὺς

403 957 763 1023 ὲπιδείξονται
811 959 1055 1031 γνώμην.
1091 961 1275 1014 Ταῦτα
1308 964 1364 1016 δὲ
1412 965 1491 1027 είς
1528 965 1724 1028 αὐτοὺς
1751 965 1986 1036 διαπρά-

406 1049 592 1120 ξομαι,
637 1049 733 1120 τὴν
761 1051 1259 1123 συγκεκλεισμένην
1288 1055 1466 1108 αὐτῶν
1497 1056 1722 1127 καρδίαν
1752 1060 1844 1110 καὶ
1874 1058 1988 1112 δια-

402 1143 684 1214 νοιχθῆναι
719 1143 794 1215 μὴ
825 1144 1174 1216 βουλομένην,
1216 1147 1331 1200 ἀλλ’
1358 1149 1667 1220 ἀτεράμονα
1692 1151 1783 1203 καὶ
1809 1151 1986 1221 ἀκαμ-

402 1235 484 1304 πῆ
524 1235 811 1305 μένουσαν,
841 1236 1100 1302 διανοῖξαι
1151 1239 1245 1292 καὶ
1299 1241 1599 1307 κατανῦξαι
1645 1240 1984 1312 βουλόμενος,

403 1328 501 1380 καὶ
536 1330 611 1390 εἰς
643 1327 940 1396 ἐπίγνωσιν
972 1330 1062 1382 τοῦ
1113 1333 1482 1403 προσήκοντος
1539 1334 1784 1401 ἀγαγεῖν.
1821 1353 1839 1384 ι
1879 1333 1989 1387 Καὶ

403 1419 818 1488 καταφάγονται
835 1419 1032 1484 αὐτοὺς
1057 1423 1176 1475 ἐκεῖ
1207 1424 1434 1493 σκύμνοι
1456 1424 1683 1495 δρυμοῦ,
1703 1425 1796 1478 καὶ
1824 1426 1989 1496 θηρία

400 1511 575 1579 ἀγροῦ
605 1512 894 1566 διασπάσει
926 1513 1176 1578 αὐτούς.»
1201 1516 1484 1586 Διαφόρως
1516 1516 1702 1587 εἴρηκε
1731 1517 1796 1570 τὰ
1825 1518 1986 1585 αὐτὰ,

400 1602 482 1672 τῷ
531 1601 728 1672 πλήθει
776 1603 887 1658 τῶν
932 1604 1180 1676 φοϐερῶν
1235 1605 1460 1660 εἰκόνων
1494 1609 1620 1672 τοὺς
1649 1609 1988 1680 ἀναλγησίαν

400 1696 694 1758 νοσοῦντας
735 1697 1133 1768 καταπλήττων
1157 1700 1251 1752 καὶ
1283 1700 1670 1770 δεδιττόμενος.
1698 1697 1830 1755 Εἶτα
1859 1703 1989 1772 θρη-

399 1789 485 1838 νεῖ
515 1785 636 1838 καθ’
658 1787 842 1852 αὐτὸν,
869 1790 962 1842 καὶ
990 1789 1262 1857 ὀνειδίζει,
1292 1791 1503 1863 καὶτῆς
1529 1794 1801 1864 προτέρας
1825 1794 1986 1848 ἀϐελ-

399 1878 598 1947 τηρίας
626 1880 1055 1950 ἀναμιμνήσκει.

472 1968 536 2031 θ’,
572 1975 620 2026 ι’.
651 1989 670 2021 ι
720 1971 798 2040 Τῇ
832 1971 1098 2044 διαφθορᾷ
1127 1974 1146 2004 ¹
1179 1991 1293 2037 σου,
1331 1976 1566 2048 Ἰσραὴλ,
1597 1975 1682 2041 τίς
1726 1978 1981 2050 βοηθήσει

401 2077 486 2114 σοι
515 2061 569 2128 ²;
605 2061 714 2115 Ποῦ
748 2065 775 2116 6
813 2063 1065 2132 βασιλεὺς
1099 2082 1192 2118 σου
1225 2060 1418 2133 οῦτος;
1451 2069 1548 2121 καὶ
1572 2069 1895 2123 διασωσάτιυ
1922 2088 1982 2124 σε

398 2153 459 2204 ὲν
487 2142 689 2216 πάσαις
718 2156 837 2216 ταῖς
868 2155 1058 2208 πόλεσί
1084 2173 1198 2221 σου,
1219 2158 1312 2211 καὶ
1339 2160 1578 2229 κρινάτω
1603 2178 1684 2226 σε,
1713 2161 1772 2216 ὃν
1798 2157 1979 2226 εῖπας·

398 2246 499 2308 Δός
527 2263 616 2314 μοι
663 2245 890 2315 βασιλέα
921 2249 1015 2301 καὶ
1047 2249 1303 2320 ἄρχοντα.
1346 2271 1364 2304 ι
1404 2251 1501 2316 Τίς
1528 2253 1594 2306 ἂν
1640 2254 1777 2324 πρὸς
1827 2255 1982 2319 ἀξίαν

397 2334 498 2404 τὴν
525 2335 823 2406 διαφθοράν
854 2353 966 2404 σου,
996 2331 1042 2392 ὧ
1076 2337 1306 2409 Ἰσραὴλ,
1337 2341 1625 2414 θρηνήσειε
1655 2361 1668 2408 ;
1727 2345 1981 2415 Μεμένη-

393 2441 501 2487 κας
535 2424 644 2495 γὰρ
675 2426 857 2497 πάσης
880 2426 1083 2498 ἕρημος
1111 2431 1384 2501 βοηθείας,
1421 2434 1515 2486 καὶ
1543 2434 1715 2487 ταῦτα
1745 2435 1849 2488 ὑπὸ
1882 2435 1982 2506 βα-

397 2516 593 2580 σιλέως
622 2518 944 2588 ἀρχόμενος,
976 2522 1071 2574 καὶ
1125 2522 1232 2575 ὑπὸ
1281 2523 1458 2595 τούτῳ
1511 2525 1932 2597 πολιτευόμενος
1964 2543 1977 2556 ·

399 2607 494 2678 τὴν
531 2608 640 2678 γὰρ
679 2609 822 2680 ἐμὴν
872 2610 1146 2681 ἀτιμάσας
1175 2615 1495 2685 ἠγεμονίαν,
1526 2616 1811 2672 ἄνθρωπον
1839 2619 1982 2690 ἔχειν

397 2700 674 2770 ἐπόθησας
703 2701 947 2771 βασιλέα.

467 2801 552 2848 ια’.
591 2812 610 2846 ι
663 2794 805 2863 Ἐγὼ
849 2796 906 2849 δὲ
952 2797 1130 2851 ἔδωκά
1172 2816 1252 2852 σοι
1282 2800 1340 2852 ὲν
1381 2801 1447 2871 τῇ
1485 2800 1622 2873 ὀργῇ
1662 2819 1763 2870 μου
1797 2819 1812 2834 ο
1849 2802 1983 2857 ἀλλὰ

397 2886 624 2957 ἀνέσχον
651 2888 673 2918 ⁸
707 2887 870 2941 πάλιν
913 2891 971 2944 ἐν
999 2890 1076 2961 τῷ
1107 2889 1263 2962 θυμῷ
1295 2910 1421 2963 μου.
1460 2912 1478 2945 ι
1539 2895 1847 2964 Ὀργισθεὶς
1883 2896 1982 2967 μὲν

396 2976 506 3048 γὰρ
549 2978 638 3032 διὰ
665 2979 766 3050 τὴν
809 2979 1004 3049 ἄλογον
1033 2982 1271 3052 αἴτησιν,
1317 2983 1496 3036 ἔδωκά
1526 3001 1607 3038 σοι
1638 2985 1730 3039 τὸν
1756 2987 1932 3040 Σαούλ
1965 3004 1978 3019 ο

396 3069 717 3141 ἀνεξικακίᾳ
776 3071 834 3124 δὲ
906 3073 1002 3125 καὶ
1073 3073 1427 3146 μακροθυμίᾳ
1487 3076 1648 3129 πάλιν
1702 3079 1984 3149 χρησάμε-

392 3177 505 3225 νος,
529 3160 920 3231 ἀντεισήγαγον
945 3162 1036 3216 τὸν
1065 3164 1246 3217 Δαϐίδ.
1278 3165 1448 3218 Τοῦτο
1481 3167 1590 3238 γὰρ
1617 3167 1818 3236 λέγει-ι
1866 3169 1984 3222 Ἀν-

2093 710 2200 749 non
2237 695 2445 763 valens,
2502 695 2721 769 1374
2761 713 2958 770 magna
2998 715 3127 755 cum
3183 706 3334 760 rabie
3376 706 3672 776 appropin-

2091 793 2323 854 quantes
2346 786 2581 843 invadit:
2614 792 2694 844 sic
2727 790 2914 846 hostes
2946 792 3150 846 nullam
3185 794 3294 849 illis
3327 795 3540 850 veniam
3587 799 3672 852 in-

2091 876 2412 946 dulgebunt,
2463 878 2558 932 sed
2599 887 2841 934 atrocem
2878 887 2933 933 ct
2965 879 3261 935 immanem
3317 883 3373 937 in
3407 898 3503 938 eos
3547 885 3671 938 ani-

2091 980 2238 1018 mum
2286 966 2600 1020 ostendent.
2637 965 2764 1022 Haec
2815 975 3000 1022 autem
3041 979 3235 1023 contra
3281 986 3378 1026 eos
3429 970 3669 1036 faciam,

2091 1056 2283 1128 volens
2310 1071 2408 1111 cor
2433 1072 2622 1112 eorum
2652 1059 2927 1122 clausum,
2963 1075 3065 1114 nec
3089 1063 3302 1130 aperire
3332 1077 3392 1116 se
3416 1063 3668 1126 studens,

2092 1149 2189 1203 sed
2240 1149 2575 1204 obduratum
2623 1161 2676 1205 et
2716 1150 3016 1206 inﬂexibile
3053 1168 3445 1222 perseverans,
3484 1155 3670 1209 reclu-

2092 1243 2224 1297 dere
2251 1251 2305 1297 et
2331 1257 2727 1313 compungere,
2760 1251 2926 1312 atque
2954 1242 3020 1297 ad
3053 1245 3422 1313 cognitionem
3451 1247 3670 1302 honesti

2091 1336 2387 1391 deducere.
2440 1353 2458 1385 ι
2495 1335 2558 1388 Ει
2600 1335 2950 1390 devorabunt
2987 1351 3085 1392 eos
3134 1337 3210 1391 ibi
3247 1339 3418 1392 catuli
3465 1339 3668 1409 sylvm:

2091 1437 2143 1483 ct
2178 1427 2371 1483 bestia:
2406 1427 2521 1496 agri
2565 1427 2912 1496 disrumpent
2966 1442 3083 1482 eos.
3137 1447 3156 1480 ›
3195 1427 3438 1482 Diversis
3491 1429 3672 1483 modis

2091 1517 2282 1573 eadem
2310 1518 2480 1582 dixit,
2515 1525 2576 1570 ut
2616 1517 2975 1573 multitudine
3008 1519 3360 1573 horribilium
3404 1519 3667 1573 similitu-

2090 1611 2280 1665 dinum
2312 1617 2540 1679 stupore
2587 1617 2642 1663 et
2687 1608 2994 1663 indolentia
3034 1610 3358 1665 laborantes
3391 1619 3674 1679 perterre-

2092 1699 2318 1754 faceret.
2357 1698 2476 1751 Mox
2505 1699 2844 1752 lamentatur
2879 1713 3090 1763 secum,
3128 1705 3184 1753 et
3217 1698 3494 1770 objurgat,
3529 1699 3677 1770 prio-

2091 1805 2317 1859 remque
2342 1789 2718 1859 insipientiam
2750 1789 2951 1842 iterum
2981 1797 3401 1844 commemorat.

2014 1935 2056 1989 B
2155 1970 2319 2025 Vens.
2349 1971 2511 2030 9.10.
2552 1988 2571 2021 ι
2606 1970 2742 2035 Quis
2785 1971 3140 2024 auxiliabitur
3171 1970 3510 2038 corruptioni
3543 1977 3670 2034 tute,

2083 2078 2117 2118 ο
2151 2062 2360 2118 Israel?
2391 2060 2494 2116 Ubi
2521 2072 2603 2116 est
2635 2078 2728 2114 rex
2763 2069 2891 2117 tuus
2921 2061 3062 2115 iste?
3093 2069 3146 2115 et
3177 2061 3391 2116 salvum
3425 2067 3478 2114 te
3509 2059 3675 2114 faciat

2088 2157 2141 2210 in
2168 2155 2385 2210 cunctis
2409 2155 2642 2208 urbibus
2661 2154 2774 2210 tuis
2797 2174 2810 2208 :
2834 2155 3112 2223 etjudicet
3131 2162 3203 2217 te,
3222 2154 3289 2208 de
3307 2167 3416 2223 quo
3440 2153 3628 2207 dixisti
3656 2171 3668 2205 :

2085 2247 2160 2302 Da
2203 2248 2334 2301 mihi
2384 2262 2566 2316 regem
2615 2255 2670 2300 ct
2711 2247 3044 2317 principem.
3085 2265 3104 2298 ›
3158 2245 3295 2310 Quis
3332 2245 3471 2308 satis
3509 2244 3675 2315 digne

2086 2345 2234 2390 tuam
2301 2337 2752 2405 corruptionem,
2818 2351 2851 2389 o
2911 2335 3126 2398 Israel,
3176 2334 3376 2389 deﬂere
3447 2335 3674 2403 posset?

2082 2428 2336 2484 Mansisti
2386 2429 2534 2483 enim
2582 2427 2652 2482 ab
2698 2427 2848 2482 omni
2901 2427 3122 2486 auxilio,
3150 2426 3312 2495 inops
3358 2434 3413 2483 et
3458 2425 3670 2491 nudus,

2086 2520 2268 2591 idque,
2303 2520 2434 2574 dum
2488 2535 2516 2574 a
2561 2535 2693 2591 rege
2733 2520 3104 2590 gubernaris,
3151 2529 3205 2574 et
3253 2518 3356 2574 sub
3399 2534 3466 2572 eo
3507 2519 3672 2574 vivis.

2087 2614 2285 2685 Spreto
2312 2615 2458 2669 enim
2497 2629 2621 2669 meo
2650 2613 2989 2684 principatu,
3025 2612 3304 2667 hominem
3339 2612 3541 2666 habere
3587 2627 3675 2668 re-

2084 2723 2204 2777 gem
2229 2707 2502 2776 exoptasti

2156 2795 2324 2851 Vens.
2362 2797 2449 2851 11.
2500 2813 2518 2846 ι
2554 2797 2665 2866 Ego
2701 2802 2882 2849 autem
2917 2795 3043 2850 dedi
3083 2795 3178 2849 tibi
3209 2794 3466 2865 (regem)
3504 2794 3558 2848 in
3590 2793 3676 2848 ira

2085 2905 2242 2954 mea,
2275 2896 2331 2944 ct
2378 2889 2620 2944 sustinui
2672 2905 2876 2943 rursus
2917 2888 2972 2942 in
3027 2888 3217 2943 furore
3266 2903 3407 2942 meo.
3445 2905 3462 2939 ι
3495 2886 3676 2942 Iratus

2084 2983 2234 3037 enim
2268 2984 2340 3036 ob
2366 2983 2740 3052 importunam
2774 2980 3173 3051 ﬁagitationem
3198 3021 3212 3045 ,
3251 2980 3373 3035 dedi
3407 2980 3504 3034 tibi
3532 2979 3670 3032 Sau-

2085 3074 2230 3140 lem;
2270 3074 2536 3143 patientia
2578 3088 2780 3128 rursus
2823 3079 2878 3126 et
2919 3073 3220 3126 tolerantia
3253 3087 3422 3137 usus,
3463 3072 3517 3124 in
3555 3071 3677 3139 ejus

2087 3167 2268 3220 locum
2298 3167 2558 3221 substitui
2591 3164 2869 3218 Davidem.
2907 3162 3022 3217 Hoc
3044 3163 3190 3217 enim
3225 3163 3380 3227 dicit,
3407 3179 3530 3218 cum
3559 3163 3669 3217 ait:

396 3253 553 3322 έσχον
579 3254 637 3307 ἐν
658 3251 738 3324 τῷ
767 3252 922 3324 θυμῷ
950 3272 1104 3326 μουό
1132 3257 1253 3310 ἀντὶ
1289 3257 1402 3324 τοῦ,
1429 3260 1794 3332 Μακροθυμίᾳ
1823 3263 1983 3333 ἐχρη-

2099 3277 2117 3308 ‹
2163 3256 2411 3312 Sustinui
2456 3258 2510 3311 in
2552 3256 2736 3310 furore
2773 3270 2935 3320 meo,
2966 3273 2985 3305 ι
3033 3256 3136 3310 hoc
3164 3265 3287 3321 est,
3323 3254 3674 3309 Patientissi-

396 3346 598 3415 σάμην.

468 3436 555 3506 ιβ’.
590 3457 608 3489 ι
641 3437 926 3509 Συστροφὴ
959 3438 978 3470 ⁵
1012 3438 1228 3502 ἀδικίας
1264 3440 1522 3512 Ἐφραίμ,
1559 3444 1981 3516 ὲγκεκρυμμένη

394 3528 430 3599 ἡ
460 3528 707 3600 ἁμαρτία
750 3529 936 3582 αὐτοῦ.
979 3548 997 3582 ι
1038 3531 1224 3583 Ἐοικε
1271 3531 1429 3586 τοῦτο
1458 3535 1572 3596 τοῖς
1614 3534 1718 3588 ὑπὸ
1761 3536 1982 3589 Ἡσαΐου

397 3619 667 3689 λεχθεῖσιν
690 3637 702 3650 °
735 3639 754 3671 ι
789 3621 948 3687 Οὐαὶ,
976 3622 1025 3674 oi
1054 3622 1431 3695 ἐπισπώμενοι
1464 3625 1560 3689 τὰς
1607 3627 1882 3698 ἁμαρτίας
1909 3629 1985 3691 ὡς

399 3713 617 3783 σχοινίῳ
652 3712 881 3784 μακρῷῐ
928 3733 946 3767 ι
985 3714 1156 3768 Τοῦτο
1187 3716 1296 3786 γὰρ
1327 3719 1422 3771 καὶ
1444 3719 1678 3774 ἐνταῦθα
1701 3719 1868 3790 λέγει,
1903 3723 1983 3776 ὅτι

396 3803 427 3855 6
454 3802 1000 3874 Ἐφραῒμξσυστρέφει
1029 3806 1128 3869 τὰς
1149 3808 1384 3875 ἀδικίας,
1403 3811 1495 3864 καὶ
1516 3812 1668 3879 αὔξει
1697 3815 1980 3886 διηνεκῶς,

402 3892 562 3964 βουλῇ
589 3897 802 3966 πονηρᾷ
833 3897 1188 3967 κεχρημένος.
1217 3899 1291 3952 Τὸ
1313 3900 1444 3971 γὰρ,
1472 3920 1490 3953 ι
1526 3904 1980 3977 Ἐγκεκρυμμένη

400 3986 434 4056 ἠ
486 3986 730 4056 ἁμαρτία
780 3988 970 4052 αὐτοῦ,
1012 4009 1031 4042 ι
1093 3989 1252 4043 τοῦτο
1307 3991 1496 4062 δηλοῖ,
1548 3997 1818 4062 τουτέστι,
1880 4000 1976 4061 Εἰς

398 4075 562 4148 βάθος
608 4077 720 4148 ἔχει
770 4078 872 4150 τὴν
923 4082 1188 4151 πονηρίαν
1224 4098 1238 4112 ⁸
1301 4083 1437 4138 ἀλλά
1493 4086 1768 4150 τοσούτοις
1819 4089 1980 4141 αὐτὸν

395 4169 676 4241 περιϐαλῶ
720 4175 910 4236 κακοῖς
939 4213 954 4236 ,
1001 4173 1076 4236 ὡς
1107 4173 1372 4247 ὼδινούσῃ
1425 4179 1641 4244 γυναικὶ⁸
1691 4181 1980 4249 παραπλη-

395 4262 527 4326 σίως
578 4253 886 4320 ὀδυνᾶσθαι,
945 4260 1078 4318 Εἶτα
1107 4265 1182 4328 ὡς
1231 4267 1352 4319 κατ’
1374 4266 1643 4338 ἐρώτησιν
1694 4270 1831 4341 πρὸς
1889 4271 1979 4324 τὸν

407 4356 662 4427 Ἰσραήλ·

470 4449 561 4518 ιγ’.
606 4468 624 4500 ι
655 4444 822 4514 Οὗτος
843 4451 870 4503 6
891 4451 911 4481 ⁸
934 4450 1046 4514 υίός
1069 4468 1161 4504 σου
1188 4453 1216 4505 6
1241 4453 1522 4524 φρόνιμος.
1565 4474 1582 4506 ›
1621 4455 1838 4520 Τοῦτον,
1871 4475 1977 4527 φη-

2089 3365 2177 3403 mc
2203 3350 2324 3402 tuli.

2162 3441 2327 3495 Vens.
2372 3439 2458 3492 ιε.
2515 3458 2532 3490 ι
2577 3438 2945 3508 Conglobatio
2993 3439 3305 3508 iniquitatis
3357 3439 3619 3508 Ephraim
3654 3475 3673 3504 ,

2087 3531 2470 3588 absconditum
2506 3540 2792 3600 peccatum
2839 3531 2980 3599 ejus.
3017 3549 3035 3579 ›
3080 3530 3276 3584 Simile
3304 3538 3390 3584 est
3427 3531 3532 3583 hoc
3567 3530 3673 3598 iis,

2085 3641 2208 3696 qua:
2245 3625 2393 3679 dicta
2443 3633 2572 3678 sunt
2615 3623 2682 3678 ab
2732 3623 2943 3694 1375
2983 3623 3124 3679 Isaia
3161 3643 3173 3678 :
3223 3643 3240 3675 ι
3275 3623 3370 3678 Va:
3408 3624 3518 3679 illis
3577 3625 3674 3692 qui

2086 3719 2312 3772 trahunt
2338 3724 2557 3789 peccata
2582 3717 2742 3787 quasi
2773 3716 3021 3771 funiculo
3051 3718 3212 3788 longo
3237 3719 3283 3771 ιι
3326 3736 3344 3767 ι
3379 3715 3494 3771 Hoc
3525 3717 3672 3771 enim

2087 3809 2176 3864 hic
2209 3811 2376 3864 etiam
2412 3809 2582 3874 dicit,
2614 3808 2760 3878 quod
2789 3808 3048 3877 Ephraim
3082 3815 3375 3863 coacervet
3410 3807 3677 3875 iniquita-

2089 3909 2194 3956 tem
2217 3940 2233 3967 ,
2284 3903 2622 3970 assidueque
2653 3910 2868 3971 augeat,
2902 3901 3048 3955 malo
3078 3908 3239 3955 utens
3274 3899 3528 3954 consilio.
3563 3896 3676 3951 Hoc

2086 3994 2105 4014 '
2135 4007 2332 4060 nempe
2361 3991 2636 4067 signiﬁcat
2661 3991 2807 4059 quod
2861 3991 2957 4054 ait,
2995 4007 3012 4039 ι
3037 3990 3436 4043 Absconditum
3473 4001 3672 4056 pecca-

2069 4089 2198 4136 tum
2245 4083 2368 4152 ejus
2390 4121 2405 4144 ,
2449 4100 2466 4133 ι
2504 4083 2608 4136 hoc
2641 4090 2760 4143 est,
2793 4080 3019 4135 Penitus
3053 4079 3275 4152 inﬁxam
3316 4079 3477 4132 habet
3511 4077 3673 4130 mali--

2085 4176 2249 4230 tia‘m:
2287 4174 2382 4229 sed
2417 4174 2591 4228 tantis
2621 4173 2789 4226 malis
2820 4187 2946 4225 eum
2981 4171 3302 4240 implicabo,
3336 4179 3394 4223 ut
3423 4168 3674 4224 mulieris

2083 4265 2448 4336 parturientis
2499 4279 2654 4319 more
2707 4272 3054 4334 torqueatur.
3114 4263 3322 4319 Deinde
3367 4263 3533 4318 veluti
3576 4278 3672 4332 per

2082 4358 2576 4428 interrogationem
2607 4358 2674 4411 ad
2705 4357 2969 4410 Israclcm
3009 4356 3146 4410 dicit
3175 4371 3189 4407 :

2152 4450 2321 4505 Vens.
2353 4450 2438 4503 15.
2491 4470 2508 4500 ι
2552 4449 2660 4504 Iste
2703 4459 2787 4504 est
2815 4448 2961 4503 ﬁlius
2997 4456 3124 4502 tuus
3162 4446 3403 4515 sapiens.
3447 4462 3464 4495 ι
3514 4441 3671 4496 Hunc

394 4541 451 4595 σὶ
470 4542 514 4607 ⁷,
540 4542 635 4596 τοῦ
663 4543 930 4612 Μανασσῆ
954 4542 1390 4614 προτετίμηκας,
1421 4545 1517 4598 καὶ
1547 4545 1667 4600 νέον
1701 4547 1830 4601 ὄντα
1877 4547 1972 4602 τοῦ

2085 4551 2163 4606 tu,
2191 4539 2394 4608 inquit,
2423 4536 2774 4608 praeposuisti
2802 4535 3064 4601 Manassi,
3089 4544 3141 4589 et
3169 4535 3448 4605 juniorem
3477 4531 3670 4598 majori

395 4634 770 4706 πρεσϐυτέρου
789 4635 1095 4706 προέταξας
1120 4655 1133 4668 ·
1161 4637 1270 4690 ἀλλ’
1305 4639 1426 4692 ἀντὶ
1453 4641 1550 4710 τῆς
1573 4643 1740 4711 τιμῆς
1762 4641 1978 4712 ἐκείνης

2085 4642 2218 4685 natu
2257 4629 2610 4685 antetulisti:
2654 4643 2846 4683 verum
2896 4642 2995 4698 pro
3043 4627 3259 4680 honore
3297 4625 3392 4678 illo
3443 4621 3671 4676 infamia

393 4727 656 4796 ἀτιμίαν³
701 4727 1184 4798 περιϐληθήσεται.
1237 4729 1353 4782 «υύ
1409 4731 1516 4800 γὰρ
1554 4731 1628 4802 μὴ
1663 4733 1871 4806 ύποστῇ
1922 4736 1980 4788 ὲν

2085 4723 2374 4778 afﬁcietur.
2439 4738 2456 4771 ι
2508 4719 2647 4786 Quia
2712 4735 2821 4774 non
2879 4717 3178 4774 sustinebit
3229 4717 3282 4770 in
3334 4714 3672 4769 contritione

397 4818 657 4890 συντριϐῇ
693 4818 900 4872 τέκνων
943 4817 1131 4872 αὑτοῦ.
1154 4837 1171 4867 ι
1209 4818 1349 4872 Οὔτε
1387 4820 1495 4891 γὰρ
1543 4824 1653 4885 τοῖς
1684 4825 1982 4892 περιοίκοις

2085 4817 2326 4870 ﬁliorum
2357 4828 2610 4869 suorum.
2645 4831 2664 4863 ›
2699 4810 2819 4864 Non
2858 4811 3000 4865 enim
3034 4810 3238 4863 vicinis
3268 4808 3411 4862 bello
3446 4805 3668 4875 impeti-

397 4907 824 4977 πολεμουμένοις
843 4909 1121 4978 ἐπαμῦναι
1139 4909 1449 4980 δυνήσεται.
1478 4909 1634 4964 Οὕτω
1662 4914 1730 4965 τά
1757 4913 1978 4984 λυπηρὰ

2085 4912 2154 4966 tis
2185 4909 2444 4978 opitulari
2479 4907 2703 4990 poterit.
2738 4904 3042 4974 Postquam
3072 4917 3205 4957 vero
3241 4901 3424 4954 tristia
3456 4900 3542 4954 sic
3571 4897 3673 4952 de-

398 4999 796 5070 παραγγείλας,
824 4998 919 5052 ἐπὶ
949 4999 1048 5069 τὴν
1081 4999 1189 5053 τῶν
1220 5001 1475 5073 χρηστῶν
1504 5003 1842 5072 ἐπαγγελίαν
1875 5005 1979 5059 πά-

2085 5001 2380 5065 nuntiavit,
2419 4999 2485 5052 ad
2524 4997 2794 5052 bonorum
2830 4995 3260 5067 promissionem
3302 4993 3501 5047 iterum
3542 5005 3676 5044 con-

395 5085 477 5140 λιν
511 5088 806 5158 μεταφέρει
834 5088 924 5140 τὸν
950 5087 1126 5156 λόγον.

2085 5089 2250 5145 vertit
2279 5102 2616 5144 sermonem.

473 5177 552 5230 ιδ’.
586 5195 605 5228 ι
649 5175 746 5229 Ἐκ
772 5176 953 5247 χειρὸς
988 5176 1115 5248 ᾅδου
1144 5176 1382 5248 ῥύσομαι
1416 5179 1632 5245 αὐτοὺς,
1665 5183 1760 5236 καὶ
1787 5185 1850 5237 ὲκ
1879 5183 1978 5237 θα-

2153 5179 2321 5234 Vsns.
2364 5176 2453 5231 M.
2500 5194 2517 5226 ι
2551 5173 2594 5227 Ε
2624 5189 2790 5228 manu
2823 5171 3025 5227 inferni
3071 5171 3320 5226 liberabo
3358 5185 3485 5236 cos,
3520 5175 3575 5223 et
3605 5166 3675 5222 de

396 5265 555 5325 νάτου
593 5265 946 5338 λυτρώσομαι
984 5265 1200 5332 αὐτούς.
1229 5285 1249 5319 ι
1306 5263 1441 5323 Εἶτα
1489 5271 1800 5336 παιανίζειν
1837 5275 1979 5330 κατά

2085 5281 2269 5330 morte
2320 5268 2585 5325 redimam
2638 5267 2784 5321 illos.
2841 5283 2860 5318 ι
2907 5262 3119 5320 Deinde
3166 5271 3428 5334 tanquam
3484 5273 3672 5334 paeana

494 5404 645 5461 IlIsa.
685 5422 740 5461 ν.
781 5406 869 5461 18.

562 5419 645 5462 sa.
685 5422 740 5473 ν,
781 5407 869 5462 18.

1713 5499 1952 5556 VARle
1994 5497 2402 5557 LECTIONES.

470 5591 604 5668 ‘96.
644 5591 685 5647 C
709 5592 828 5668 Δμή.
904 5594 925 5624 ¹
994 5590 1179 5668 δ-ιαφθ.
1279 5591 1568 5668 διασπορ-ᾷ.
1601 5595 1668 5668 Et
1696 5597 1892 5652 deinde
1934 5597 2257 5668 διασποράν.
2323 5594 2358 5668 _’
2382 5663 2394 5668 _
2418 5609 2520 5645 σοι.
2563 5591 2670 5668 Des
2724 5590 2868 5668 apud
2896 5592 2987 5668 O’._
3042 5589 3188 5668 ‘_dw.
3248 5584 3500 5668 Itaolllda
3526 5581 3662 5639 nec.

395 5659 558 5737 lectio
588 5649 888 5737 εει-ἔσχον,
911 5649 1133 5737 omisso
1162 5662 1344 5717 πάλιν.
1427 5663 1449 5695 ⁸
1480 5649 1626 5737 ᾘεο.
1653 5665 1814 5720 lectio
1832 5649 2214 5737 ἐυέξρέῴῆέη
2246 5649 2253 5650 ί
2319 5664 2341 5695 ⁶
2373 5663 2402 5737 6
2442 5692 2528 5737 -τ
2554 5649 2927 5737 <996v.__Ilan_c
2955 5660 3260 5737 lectionem
3315 5654 3664 5737 librariorum

396 5733 752 5803 negligentia,
774 5722 837 5787 ῖιι
875 5722 1111 5797 videtur,
1139 5740 1476 5803 corruptam,
1511 5734 1650 5790 bene
1679 5737 1992 5792 emendavit
2021 5722 2281 5800 Crabius,
2307 5734 2402 5803 qui
2442 5722 2626 5795 habet,
2681 5733 2796 5796 υἱὸς
2833 5733 2894 5784 οὐ
2945 5733 2975 5803 ὁ
3013 5728 3292 5803 φρόνιμος.
3325 5722 3439 5803 ῌρο
3480 5732 3662 5803 autent

399 5793 1006 5942 logoa'reﬁ};ectionem,
1037 5793 1201 5875 quam
1235 5793 1432 5861 Noster
1448 5793 1546 5877 per
1571 5805 1801 5863 ironiam
1823 5807 2216 5880 interpretatus
2261 5793 2368 5871 esi,
2417 5793 2631 5860 mutare
2677 5793 2789 5859 non
2841 5793 3107 5858 licuit.”
3139 5793 3292 5866 φησι.
3339 5793 3464 5850 Des.
3508 5793 3566 5848 in
3595 5793 3660 5848 C.
