  <div class='ocr_page' id='page_1' title='image "/cluster/home/n/w/nwhite01/storage/ocr_20150623/81:no.2/coo.31924054869825/821.png"; bbox 0 0 4088 6460; ppageno 0'>
   <div class='ocr_carea' id='block_1_1' title="bbox 445 480 3707 549">
    <p class='ocr_par' dir='ltr' id='par_1_1' title="bbox 445 480 3707 549">
     <span class='ocr_line' id='line_1_1' title="bbox 445 480 3707 549; baseline -0.001 -2"><span class='ocrx_word' id='word_1_1' title='bbox 445 487 577 549; x_wconf 73' lang='lat'><strong>1627</strong></span> <span class='ocrx_word' id='word_1_2' title='bbox 1420 482 1907 543; x_wconf 83' lang='lat' dir='ltr'><strong>THEODORETI</strong></span> <span class='ocrx_word' id='word_1_3' title='bbox 1935 480 2272 541; x_wconf 72' lang='lat' dir='ltr'><strong>EPISCOI‘I</strong></span> <span class='ocrx_word' id='word_1_4' title='bbox 2302 482 2663 543; x_wconf 78' lang='lat' dir='ltr'><strong>CYRENSIS</strong></span> <span class='ocrx_word' id='word_1_5' title='bbox 3563 480 3707 545; x_wconf 75' lang='lat'><strong>162-3</strong></span> 
     </span>
    </p>
   </div>
   <div class='ocr_carea' id='block_1_2' title="bbox 442 584 2038 665">
    <p class='ocr_par' dir='ltr' id='par_1_2' title="bbox 442 592 2027 665">
     <span class='ocr_line' id='line_1_2' title="bbox 442 592 2027 665; baseline -0.003 -14"><span class='ocrx_word' id='word_1_6' title='bbox 442 608 635 651; x_wconf 83' lang='lat' dir='ltr'><strong>contra</strong></span> <span class='ocrx_word' id='word_1_7' title='bbox 675 606 909 651; x_wconf 87' lang='lat' dir='ltr'><strong>mortem</strong></span> <span class='ocrx_word' id='word_1_8' title='bbox 936 611 1138 651; x_wconf 84' lang='lat' dir='ltr'><strong>canere</strong></span> <span class='ocrx_word' id='word_1_9' title='bbox 1163 596 1341 665; x_wconf 87' lang='lat' dir='ltr'><strong>jubet.</strong></span> <span class='ocrx_word' id='word_1_10' title='bbox 1377 612 1397 646; x_wconf 78' lang='grc' dir='ltr'><strong>ι</strong></span> <span class='ocrx_word' id='word_1_11' title='bbox 1437 592 1537 648; x_wconf 83' lang='lat' dir='ltr'><strong>Ubi</strong></span> <span class='ocrx_word' id='word_1_12' title='bbox 1571 593 1640 647; x_wconf 92' lang='lat' dir='ltr'><strong>lis</strong></span> <span class='ocrx_word' id='word_1_13' title='bbox 1677 601 1805 657; x_wconf 84' lang='lat' dir='ltr'><strong>tua,</strong></span> <span class='ocrx_word' id='word_1_14' title='bbox 1845 593 2027 646; x_wconf 74' lang='lat' dir='ltr'><strong>mors?</strong></span> 
     </span>
    </p>
   </div>
   <div class='ocr_carea' id='block_1_3' title="bbox 2143 584 3706 665">
    <p class='ocr_par' dir='ltr' id='par_1_3' title="bbox 2143 584 3706 665">
     <span class='ocr_line' id='line_1_3' title="bbox 2143 584 3706 665; baseline 0.002 -19"><span class='ocrx_word' id='word_1_15' title='bbox 2143 594 2222 647; x_wconf 63' lang='grc' dir='ltr'><strong>τοῦ</strong></span> <span class='ocrx_word' id='word_1_16' title='bbox 2254 595 2482 650; x_wconf 80' lang='grc' dir='ltr'>θανάτου</span> <span class='ocrx_word' id='word_1_17' title='bbox 2507 595 2736 650; x_wconf 82' lang='grc' dir='ltr'>κελεύει.</span> <span class='ocrx_word' id='word_1_18' title='bbox 2767 615 2787 647; x_wconf 80' lang='grc' dir='ltr'><strong>ι</strong></span> <span class='ocrx_word' id='word_1_19' title='bbox 2825 593 2933 648; x_wconf 81' lang='grc' dir='ltr'><strong>Ποῦ</strong></span> <span class='ocrx_word' id='word_1_20' title='bbox 2965 592 3003 664; x_wconf 72' lang='grc' dir='ltr'>η’</span> <span class='ocrx_word' id='word_1_21' title='bbox 3026 596 3149 665; x_wconf 82' lang='grc' dir='ltr'>δίκη</span> <span class='ocrx_word' id='word_1_22' title='bbox 3181 612 3271 648; x_wconf 86' lang='grc' dir='ltr'><strong>σου</strong></span> <span class='ocrx_word' id='word_1_23' title='bbox 3292 636 3308 659; x_wconf 93' lang='grc'><strong>,</strong></span> <span class='ocrx_word' id='word_1_24' title='bbox 3336 595 3565 662; x_wconf 83' lang='grc' dir='ltr'>θάνατε;</span> <span class='ocrx_word' id='word_1_25' title='bbox 3594 584 3706 649; x_wconf 74' lang='grc' dir='ltr'>ποῦ</span> 
     </span>
    </p>
   </div>
   <div class='ocr_carea' id='block_1_4' title="bbox 443 684 2038 758">
    <p class='ocr_par' dir='ltr' id='par_1_4' title="bbox 443 684 2019 756">
     <span class='ocr_line' id='line_1_4' title="bbox 443 684 2019 756; baseline -0.003 -13"><span class='ocrx_word' id='word_1_26' title='bbox 443 689 538 743; x_wconf 89' lang='lat' dir='ltr'><strong>ubi</strong></span> <span class='ocrx_word' id='word_1_27' title='bbox 570 696 657 744; x_wconf 85' lang='lat' dir='ltr'><strong>est</strong></span> <span class='ocrx_word' id='word_1_28' title='bbox 682 689 908 744; x_wconf 85' lang='lat' dir='ltr'><strong>aculeus</strong></span> <span class='ocrx_word' id='word_1_29' title='bbox 931 695 1079 749; x_wconf 86' lang='lat' dir='ltr'><strong>tuus,</strong></span> <span class='ocrx_word' id='word_1_30' title='bbox 1104 686 1363 743; x_wconf 75' lang='lat' dir='ltr'><strong>inferne?</strong></span> <span class='ocrx_word' id='word_1_31' title='bbox 1388 705 1407 737; x_wconf 73' lang='grc' dir='ltr'><strong>ι</strong></span> <span class='ocrx_word' id='word_1_32' title='bbox 1444 684 1572 740; x_wconf 65' lang='lat' dir='ltr'><strong>Haec</strong></span> <span class='ocrx_word' id='word_1_33' title='bbox 1593 685 1778 756; x_wconf 81' lang='lat' dir='ltr'><strong>typice</strong></span> <span class='ocrx_word' id='word_1_34' title='bbox 1791 684 2019 755; x_wconf 77' lang='lat' dir='ltr'><strong>quidem</strong></span> 
     </span>
    </p>
   </div>
   <div class='ocr_carea' id='block_1_5' title="bbox 2143 684 3707 758">
    <p class='ocr_par' dir='ltr' id='par_1_5' title="bbox 2143 686 3707 758">
     <span class='ocr_line' id='line_1_5' title="bbox 2143 686 3707 758; baseline 0.002 -19"><span class='ocrx_word' id='word_1_35' title='bbox 2143 686 2180 739; x_wconf 66' lang='grc' dir='ltr'><strong>πὸ</strong></span> <span class='ocrx_word' id='word_1_36' title='bbox 2213 688 2435 758; x_wconf 85' lang='grc' dir='ltr'>κέντρον</span> <span class='ocrx_word' id='word_1_37' title='bbox 2462 705 2576 750; x_wconf 88' lang='grc' dir='ltr'>σου,</span> <span class='ocrx_word' id='word_1_38' title='bbox 2613 687 2753 758; x_wconf 72' lang='grc' dir='ltr'>ᾅδης</span> <span class='ocrx_word' id='word_1_39' title='bbox 2802 706 2819 739; x_wconf 86' lang='grc' dir='ltr'><strong>ι</strong></span> <span class='ocrx_word' id='word_1_40' title='bbox 2855 687 3042 740; x_wconf 78' lang='grc' dir='ltr'>Ταῦτα</span> <span class='ocrx_word' id='word_1_41' title='bbox 3069 686 3314 751; x_wconf 78' lang='grc' dir='ltr'><strong>τυπικῶς</strong></span> <span class='ocrx_word' id='word_1_42' title='bbox 3340 687 3438 757; x_wconf 78' lang='grc' dir='ltr'>μὲν</span> <span class='ocrx_word' id='word_1_43' title='bbox 3468 689 3563 741; x_wconf 73' lang='grc' dir='ltr'><strong>ἐπὶ</strong></span> <span class='ocrx_word' id='word_1_44' title='bbox 3594 689 3707 757; x_wconf 85' lang='grc' dir='ltr'>τῆς</span> 
     </span>
    </p>
   </div>
   <div class='ocr_carea' id='block_1_6' title="bbox 445 776 2038 848">
    <p class='ocr_par' dir='ltr' id='par_1_6' title="bbox 445 776 2027 845">
     <span class='ocr_line' id='line_1_6' title="bbox 445 776 2027 845; baseline -0.004 -9"><span class='ocrx_word' id='word_1_45' title='bbox 445 783 502 836; x_wconf 88' lang='lat' dir='ltr'><strong>in</strong></span> <span class='ocrx_word' id='word_1_46' title='bbox 545 784 720 837; x_wconf 90' lang='lat' dir='ltr'><strong>reditu</strong></span> <span class='ocrx_word' id='word_1_47' title='bbox 764 781 1077 835; x_wconf 66' lang='lat' dir='ltr'><strong>Judaorum</strong></span> <span class='ocrx_word' id='word_1_48' title='bbox 1116 779 1259 834; x_wconf 80' lang='lat' dir='ltr'><strong>facta</strong></span> <span class='ocrx_word' id='word_1_49' title='bbox 1304 778 1567 845; x_wconf 79' lang='lat' dir='ltr'><strong>fuerunt;</strong></span> <span class='ocrx_word' id='word_1_50' title='bbox 1616 776 1831 845; x_wconf 81' lang='lat' dir='ltr'><strong>trepice</strong></span> <span class='ocrx_word' id='word_1_51' title='bbox 1872 776 2027 831; x_wconf 82' lang='lat' dir='ltr'><strong>enim</strong></span> 
     </span>
    </p>
   </div>
   <div class='ocr_carea' id='block_1_7' title="bbox 2143 776 3707 848">
    <p class='ocr_par' dir='ltr' id='par_1_7' title="bbox 2143 777 3707 848">
     <span class='ocr_line' id='line_1_7' title="bbox 2143 777 3707 848; baseline 0.002 -20"><span class='ocrx_word' id='word_1_52' title='bbox 2143 779 2379 832; x_wconf 61' lang='lat' dir='ltr'><strong>:aavdbou</strong></span> <span class='ocrx_word' id='word_1_53' title='bbox 2406 778 2515 832; x_wconf 84' lang='grc' dir='ltr'>τῶν</span> <span class='ocrx_word' id='word_1_54' title='bbox 2553 777 2820 832; x_wconf 77' lang='grc' dir='ltr'><strong>Ἰουδαίων</strong></span> <span class='ocrx_word' id='word_1_55' title='bbox 2839 778 3129 848; x_wconf 88' lang='grc' dir='ltr'>γεγένηται</span> <span class='ocrx_word' id='word_1_56' title='bbox 3148 795 3162 807; x_wconf 91' lang='grc'><strong>·</strong></span> <span class='ocrx_word' id='word_1_57' title='bbox 3195 778 3353 832; x_wconf 82' lang='grc' dir='ltr'><strong>καλεί</strong></span> <span class='ocrx_word' id='word_1_58' title='bbox 3377 779 3485 848; x_wconf 78' lang='grc' dir='ltr'>γὰρ</span> <span class='ocrx_word' id='word_1_59' title='bbox 3506 794 3707 847; x_wconf 81' lang='grc' dir='ltr'>τροπι-</span> 
     </span>
    </p>
   </div>
   <div class='ocr_carea' id='block_1_8' title="bbox 444 867 2038 941">
    <p class='ocr_par' dir='ltr' id='par_1_8' title="bbox 444 867 2022 938">
     <span class='ocr_line' id='line_1_8' title="bbox 444 867 2022 938; baseline -0.003 -15"><span class='ocrx_word' id='word_1_60' title='bbox 444 872 611 925; x_wconf 82' lang='lat' dir='ltr'><strong>vitam</strong></span> <span class='ocrx_word' id='word_1_61' title='bbox 644 871 698 923; x_wconf 91' lang='lat' dir='ltr'><strong>in</strong></span> <span class='ocrx_word' id='word_1_62' title='bbox 738 870 1054 938; x_wconf 88' lang='lat' dir='ltr'><strong>captivitate</strong></span> <span class='ocrx_word' id='word_1_63' title='bbox 1081 876 1260 923; x_wconf 86' lang='lat' dir='ltr'><strong>actam</strong></span> <span class='ocrx_word' id='word_1_64' title='bbox 1289 867 1559 937; x_wconf 77' lang='lat' dir='ltr'><strong>infernum</strong></span> <span class='ocrx_word' id='word_1_65' title='bbox 1585 874 1639 920; x_wconf 88' lang='lat' dir='ltr'><strong>et</strong></span> <span class='ocrx_word' id='word_1_66' title='bbox 1663 877 1883 920; x_wconf 76' lang='lat' dir='ltr'><strong>mortem</strong></span> <span class='ocrx_word' id='word_1_67' title='bbox 1923 880 2022 919; x_wconf 72' lang='lat' dir='ltr'><strong>vo~</strong></span> 
     </span>
    </p>
   </div>
   <div class='ocr_carea' id='block_1_9' title="bbox 2143 867 3705 941">
    <p class='ocr_par' dir='ltr' id='par_1_9' title="bbox 2143 868 3705 941">
     <span class='ocr_line' id='line_1_9' title="bbox 2143 868 3705 941; baseline 0 -17"><span class='ocrx_word' id='word_1_68' title='bbox 2143 871 2235 933; x_wconf 81' lang='grc' dir='ltr'>ιῶς</span> <span class='ocrx_word' id='word_1_69' title='bbox 2277 870 2377 941; x_wconf 77' lang='grc' dir='ltr'>τὴν</span> <span class='ocrx_word' id='word_1_70' title='bbox 2406 871 2464 923; x_wconf 83' lang='grc' dir='ltr'>ὲν</span> <span class='ocrx_word' id='word_1_71' title='bbox 2508 874 2573 941; x_wconf 84' lang='grc' dir='ltr'><strong>τῇ</strong></span> <span class='ocrx_word' id='word_1_72' title='bbox 2606 869 2949 939; x_wconf 71' lang='grc' dir='ltr'><strong>αἰχμαλωσίᾳ</strong></span> <span class='ocrx_word' id='word_1_73' title='bbox 2976 868 3250 939; x_wconf 81' lang='grc' dir='ltr'>διαγωγὴν</span> <span class='ocrx_word' id='word_1_74' title='bbox 3280 868 3435 936; x_wconf 77' lang='grc' dir='ltr'>ᾅδην</span> <span class='ocrx_word' id='word_1_75' title='bbox 3463 871 3558 923; x_wconf 63' lang='grc' dir='ltr'>καὶ</span> <span class='ocrx_word' id='word_1_76' title='bbox 3591 870 3705 924; x_wconf 82' lang='grc' dir='ltr'><strong>θά-</strong></span> 
     </span>
    </p>
   </div>
   <div class='ocr_carea' id='block_1_10' title="bbox 443 958 2038 1033">
    <p class='ocr_par' dir='ltr' id='par_1_10' title="bbox 443 958 2027 1030">
     <span class='ocr_line' id='line_1_10' title="bbox 443 958 2027 1030; baseline -0.005 -14"><span class='ocrx_word' id='word_1_77' title='bbox 443 970 530 1016; x_wconf 75' lang='lat' dir='ltr'><strong>cat</strong></span> <span class='ocrx_word' id='word_1_78' title='bbox 556 976 570 1015; x_wconf 88' lang='lat'><strong>:</strong></span> <span class='ocrx_word' id='word_1_79' title='bbox 610 959 913 1030; x_wconf 78' lang='lat' dir='ltr'><strong>perfertum</strong></span> <span class='ocrx_word' id='word_1_80' title='bbox 939 968 1130 1015; x_wconf 88' lang='lat' dir='ltr'><strong>autem</strong></span> <span class='ocrx_word' id='word_1_81' title='bbox 1161 968 1216 1015; x_wconf 87' lang='lat' dir='ltr'><strong>et</strong></span> <span class='ocrx_word' id='word_1_82' title='bbox 1249 974 1438 1014; x_wconf 84' lang='lat' dir='ltr'><strong>verum</strong></span> <span class='ocrx_word' id='word_1_83' title='bbox 1469 958 1632 1011; x_wconf 88' lang='lat' dir='ltr'><strong>linem</strong></span> <span class='ocrx_word' id='word_1_84' title='bbox 1664 958 1861 1011; x_wconf 87' lang='lat' dir='ltr'><strong>sortita</strong></span> <span class='ocrx_word' id='word_1_85' title='bbox 1892 961 2027 1010; x_wconf 81' lang='lat' dir='ltr'><strong>sunt</strong></span> 
     </span>
    </p>
   </div>
   <div class='ocr_carea' id='block_1_11' title="bbox 2143 958 3704 1033">
    <p class='ocr_par' dir='ltr' id='par_1_11' title="bbox 2143 961 3704 1033">
     <span class='ocr_line' id='line_1_11' title="bbox 2143 961 3704 1033; baseline 0 -19"><span class='ocrx_word' id='word_1_86' title='bbox 2143 978 2329 1016; x_wconf 68' lang='grc' dir='ltr'>ρατον.</span> <span class='ocrx_word' id='word_1_87' title='bbox 2379 963 2621 1026; x_wconf 82' lang='grc' dir='ltr'>Ἐντελὲς</span> <span class='ocrx_word' id='word_1_88' title='bbox 2649 963 2706 1016; x_wconf 78' lang='grc' dir='ltr'>δὲ</span> <span class='ocrx_word' id='word_1_89' title='bbox 2732 963 2825 1015; x_wconf 77' lang='grc' dir='ltr'><strong>καὶ</strong></span> <span class='ocrx_word' id='word_1_90' title='bbox 2862 961 3059 1031; x_wconf 77' lang='grc' dir='ltr'>ἀληθὲς</span> <span class='ocrx_word' id='word_1_91' title='bbox 3092 962 3310 1027; x_wconf 77' lang='grc' dir='ltr'><strong>ἐδέξατο</strong></span> <span class='ocrx_word' id='word_1_92' title='bbox 3339 961 3511 1033; x_wconf 80' lang='grc' dir='ltr'>πέρας</span> <span class='ocrx_word' id='word_1_93' title='bbox 3554 963 3704 1032; x_wconf 78' lang='grc' dir='ltr'>μετᾶ</span> 
     </span>
    </p>
   </div>
   <div class='ocr_carea' id='block_1_12' title="bbox 443 1046 2027 1124">
    <p class='ocr_par' dir='ltr' id='par_1_12' title="bbox 443 1046 2027 1124">
     <span class='ocr_line' id='line_1_12' title="bbox 443 1046 2027 1124; baseline -0.003 -17"><span class='ocrx_word' id='word_1_94' title='bbox 443 1064 568 1124; x_wconf 85' lang='lat' dir='ltr'><strong>post</strong></span> <span class='ocrx_word' id='word_1_95' title='bbox 616 1053 919 1107; x_wconf 82' lang='lat' dir='ltr'><strong>Salvatoris</strong></span> <span class='ocrx_word' id='word_1_96' title='bbox 984 1052 1163 1107; x_wconf 79' lang='lat' dir='ltr'><strong>nostri</strong></span> <span class='ocrx_word' id='word_1_97' title='bbox 1216 1051 1704 1106; x_wconf 84' lang='lat' dir='ltr'><strong>resurrectionem.</strong></span> <span class='ocrx_word' id='word_1_98' title='bbox 1756 1046 2027 1103; x_wconf 83' lang='lat' dir='ltr'><strong>Primitiis</strong></span> 
     </span>
    </p>
   </div>
   <div class='ocr_carea' id='block_1_13' title="bbox 443 1139 2022 1214">
    <p class='ocr_par' dir='ltr' id='par_1_13' title="bbox 443 1139 2022 1214">
     <span class='ocr_line' id='line_1_13' title="bbox 443 1139 2022 1214; baseline -0.002 -16"><span class='ocrx_word' id='word_1_99' title='bbox 443 1149 588 1198; x_wconf 83' lang='lat' dir='ltr'><strong>enim</strong></span> <span class='ocrx_word' id='word_1_100' title='bbox 637 1146 851 1201; x_wconf 82' lang='lat' dir='ltr'><strong>nostris</strong></span> <span class='ocrx_word' id='word_1_101' title='bbox 897 1144 1351 1213; x_wconf 82' lang='lat' dir='ltr'><strong>resurgentibns,</strong></span> <span class='ocrx_word' id='word_1_102' title='bbox 1398 1157 1551 1214; x_wconf 83' lang='lat' dir='ltr'><strong>spem</strong></span> <span class='ocrx_word' id='word_1_103' title='bbox 1593 1139 2022 1198; x_wconf 79' lang='lat' dir='ltr'><strong>resurrectionis</strong></span> 
     </span>
    </p>
   </div>
   <div class='ocr_carea' id='block_1_14' title="bbox 444 1230 2029 1305">
    <p class='ocr_par' dir='ltr' id='par_1_14' title="bbox 444 1230 2029 1305">
     <span class='ocr_line' id='line_1_14' title="bbox 444 1230 2029 1305; baseline -0.004 -16"><span class='ocrx_word' id='word_1_104' title='bbox 444 1250 636 1291; x_wconf 89' lang='lat' dir='ltr'><strong>omnes</strong></span> <span class='ocrx_word' id='word_1_105' title='bbox 665 1236 1035 1305; x_wconf 86' lang='lat' dir='ltr'><strong>suscepimus.</strong></span> <span class='ocrx_word' id='word_1_106' title='bbox 1076 1232 1192 1289; x_wconf 82' lang='lat' dir='ltr'><strong>Hoc</strong></span> <span class='ocrx_word' id='word_1_107' title='bbox 1242 1234 1383 1288; x_wconf 89' lang='lat' dir='ltr'><strong>idem</strong></span> <span class='ocrx_word' id='word_1_108' title='bbox 1424 1248 1555 1288; x_wconf 88' lang='lat' dir='ltr'><strong>vero</strong></span> <span class='ocrx_word' id='word_1_109' title='bbox 1595 1232 1725 1286; x_wconf 88' lang='lat' dir='ltr'><strong>licet</strong></span> <span class='ocrx_word' id='word_1_110' title='bbox 1778 1230 2029 1284; x_wconf 87' lang='lat' dir='ltr'><strong>invenire</strong></span> 
     </span>
    </p>
   </div>
   <div class='ocr_carea' id='block_1_15' title="bbox 444 1322 2028 1398">
    <p class='ocr_par' dir='ltr' id='par_1_15' title="bbox 444 1322 2028 1398">
     <span class='ocr_line' id='line_1_15' title="bbox 444 1322 2028 1398; baseline -0.004 -16"><span class='ocrx_word' id='word_1_111' title='bbox 444 1327 501 1382; x_wconf 82' lang='lat' dir='ltr'><strong>in</strong></span> <span class='ocrx_word' id='word_1_112' title='bbox 531 1327 820 1398; x_wconf 83' lang='lat' dir='ltr'><strong>prophetia</strong></span> <span class='ocrx_word' id='word_1_113' title='bbox 852 1325 1182 1381; x_wconf 76' lang='lat' dir='ltr'><strong>Ezechielis.</strong></span> <span class='ocrx_word' id='word_1_114' title='bbox 1219 1324 1437 1380; x_wconf 83' lang='lat' dir='ltr'><strong>Etenim</strong></span> <span class='ocrx_word' id='word_1_115' title='bbox 1465 1325 1540 1379; x_wconf 85' lang='lat' dir='ltr'><strong>ibi</strong></span> <span class='ocrx_word' id='word_1_116' title='bbox 1570 1338 1791 1393; x_wconf 85' lang='lat' dir='ltr'><strong>quoque</strong></span> <span class='ocrx_word' id='word_1_117' title='bbox 1815 1322 2028 1377; x_wconf 89' lang='lat' dir='ltr'><strong>ossium</strong></span> 
     </span>
    </p>
   </div>
   <div class='ocr_carea' id='block_1_16' title="bbox 446 1412 2027 1484">
    <p class='ocr_par' dir='ltr' id='par_1_16' title="bbox 446 1412 2027 1484">
     <span class='ocr_line' id='line_1_16' title="bbox 446 1412 2027 1484; baseline -0.001 -16"><span class='ocrx_word' id='word_1_118' title='bbox 446 1418 788 1472; x_wconf 82' lang='lat' dir='ltr'><strong>resurrectio</strong></span> <span class='ocrx_word' id='word_1_119' title='bbox 839 1416 949 1470; x_wconf 87' lang='lat' dir='ltr'><strong>duo</strong></span> <span class='ocrx_word' id='word_1_120' title='bbox 1004 1416 1292 1482; x_wconf 79' lang='lat' dir='ltr'><strong>ostendit;</strong></span> <span class='ocrx_word' id='word_1_121' title='bbox 1347 1423 1462 1467; x_wconf 88' lang='lat' dir='ltr'><strong>tum</strong></span> <span class='ocrx_word' id='word_1_122' title='bbox 1510 1413 1725 1484; x_wconf 74' lang='lat'><strong>1376</strong></span> <span class='ocrx_word' id='word_1_123' title='bbox 1787 1412 2027 1468; x_wconf 85' lang='lat' dir='ltr'><strong>reditum</strong></span> 
     </span>
    </p>
   </div>
   <div class='ocr_carea' id='block_1_17' title="bbox 446 1498 2030 1575">
    <p class='ocr_par' dir='ltr' id='par_1_17' title="bbox 446 1498 2030 1575">
     <span class='ocr_line' id='line_1_17' title="bbox 446 1498 2030 1575; baseline -0.003 -16"><span class='ocrx_word' id='word_1_124' title='bbox 446 1507 699 1571; x_wconf 88' lang='lat' dir='ltr'><strong>lsraclis,</strong></span> <span class='ocrx_word' id='word_1_125' title='bbox 731 1506 826 1575; x_wconf 87' lang='lat' dir='ltr'><strong>qui</strong></span> <span class='ocrx_word' id='word_1_126' title='bbox 859 1520 1075 1561; x_wconf 85' lang='lat' dir='ltr'><strong>omnem</strong></span> <span class='ocrx_word' id='word_1_127' title='bbox 1109 1505 1307 1558; x_wconf 89' lang='lat' dir='ltr'><strong>bonam</strong></span> <span class='ocrx_word' id='word_1_128' title='bbox 1351 1517 1503 1573; x_wconf 87' lang='lat' dir='ltr'><strong>spem</strong></span> <span class='ocrx_word' id='word_1_129' title='bbox 1543 1499 1850 1571; x_wconf 72' lang='lat' dir='ltr'><strong>praecidens</strong></span> <span class='ocrx_word' id='word_1_130' title='bbox 1880 1498 2030 1555; x_wconf 84' lang='lat' dir='ltr'><strong>dice-</strong></span> 
     </span>
    </p>
   </div>
   <div class='ocr_carea' id='block_1_18' title="bbox 2123 1053 3702 1125">
    <p class='ocr_par' dir='ltr' id='par_1_18' title="bbox 2123 1053 3702 1125">
     <span class='ocr_line' id='line_1_18' title="bbox 2123 1053 3702 1125; baseline 0.001 -20"><span class='ocrx_word' id='word_1_131' title='bbox 2123 1054 2224 1123; x_wconf 80' lang='grc' dir='ltr'>τὴν</span> <span class='ocrx_word' id='word_1_132' title='bbox 2255 1053 2349 1107; x_wconf 80' lang='grc' dir='ltr'>τοῦ</span> <span class='ocrx_word' id='word_1_133' title='bbox 2385 1055 2633 1124; x_wconf 66' lang='grc' dir='ltr'>Σωτῆρος</span> <span class='ocrx_word' id='word_1_134' title='bbox 2669 1053 2826 1125; x_wconf 84' lang='grc' dir='ltr'>ἡμῶν</span> <span class='ocrx_word' id='word_1_135' title='bbox 2872 1054 3196 1107; x_wconf 76' lang='grc' dir='ltr'>ἀνάστασινο</span> <span class='ocrx_word' id='word_1_136' title='bbox 3233 1053 3330 1122; x_wconf 71' lang='grc' dir='ltr'>τῆς</span> <span class='ocrx_word' id='word_1_137' title='bbox 3357 1053 3466 1122; x_wconf 69' lang='grc' dir='ltr'>γὰρ</span> <span class='ocrx_word' id='word_1_138' title='bbox 3494 1055 3702 1123; x_wconf 81' lang='grc' dir='ltr'>ἡμετέ-</span> 
     </span>
    </p>
   </div>
   <div class='ocr_carea' id='block_1_19' title="bbox 2131 1144 3703 1216">
    <p class='ocr_par' dir='ltr' id='par_1_19' title="bbox 2131 1144 3703 1216">
     <span class='ocr_line' id='line_1_19' title="bbox 2131 1144 3703 1216; baseline 0 -19"><span class='ocrx_word' id='word_1_139' title='bbox 2131 1162 2228 1216; x_wconf 91' lang='grc' dir='ltr'><strong>ρας</strong></span> <span class='ocrx_word' id='word_1_140' title='bbox 2269 1144 2528 1215; x_wconf 82' lang='grc' dir='ltr'>ἀπαρχῆς</span> <span class='ocrx_word' id='word_1_141' title='bbox 2558 1146 2867 1214; x_wconf 82' lang='grc' dir='ltr'>ἀναστάσης</span> <span class='ocrx_word' id='word_1_142' title='bbox 2889 1188 2905 1209; x_wconf 89' lang='grc'><strong>,</strong></span> <span class='ocrx_word' id='word_1_143' title='bbox 2938 1146 3174 1203; x_wconf 76' lang='grc' dir='ltr'>ἅπαντες</span> <span class='ocrx_word' id='word_1_144' title='bbox 3202 1146 3362 1215; x_wconf 78' lang='grc' dir='ltr'>ἡμεῖς</span> <span class='ocrx_word' id='word_1_145' title='bbox 3392 1144 3703 1213; x_wconf 72' lang='grc' dir='ltr'><strong>ἐδεξάμεθα</strong></span> 
     </span>
    </p>
   </div>
   <div class='ocr_carea' id='block_1_20' title="bbox 2126 1235 3704 1307">
    <p class='ocr_par' dir='ltr' id='par_1_20' title="bbox 2126 1235 3704 1307">
     <span class='ocr_line' id='line_1_20' title="bbox 2126 1235 3704 1307; baseline 0.001 -19"><span class='ocrx_word' id='word_1_146' title='bbox 2126 1236 2227 1304; x_wconf 80' lang='grc' dir='ltr'>τῆς</span> <span class='ocrx_word' id='word_1_147' title='bbox 2257 1237 2603 1301; x_wconf 80' lang='grc' dir='ltr'><strong>ἀναστάσεως</strong></span> <span class='ocrx_word' id='word_1_148' title='bbox 2631 1236 2728 1307; x_wconf 81' lang='grc' dir='ltr'>τὴν</span> <span class='ocrx_word' id='word_1_149' title='bbox 2758 1235 2969 1291; x_wconf 70' lang='grc' dir='ltr'>ἐλπίδα.</span> <span class='ocrx_word' id='word_1_150' title='bbox 3008 1235 3177 1289; x_wconf 79' lang='grc' dir='ltr'>Τοῦτο</span> <span class='ocrx_word' id='word_1_151' title='bbox 3202 1236 3259 1290; x_wconf 82' lang='grc' dir='ltr'>δὲ</span> <span class='ocrx_word' id='word_1_152' title='bbox 3285 1237 3378 1288; x_wconf 80' lang='grc' dir='ltr'>καὶ</span> <span class='ocrx_word' id='word_1_153' title='bbox 3411 1237 3469 1289; x_wconf 72' lang='grc' dir='ltr'>ἐν</span> <span class='ocrx_word' id='word_1_154' title='bbox 3497 1239 3561 1306; x_wconf 76' lang='grc' dir='ltr'>τῇ</span> <span class='ocrx_word' id='word_1_155' title='bbox 3601 1235 3704 1289; x_wconf 77' lang='grc' dir='ltr'>τοῦ</span> 
     </span>
    </p>
   </div>
   <div class='ocr_carea' id='block_1_21' title="bbox 2142 1326 3705 1398">
    <p class='ocr_par' dir='ltr' id='par_1_21' title="bbox 2142 1326 3705 1398">
     <span class='ocr_line' id='line_1_21' title="bbox 2142 1326 3705 1398; baseline -0.001 -19"><span class='ocrx_word' id='word_1_156' title='bbox 2142 1327 2398 1398; x_wconf 77' lang='grc' dir='ltr'>Ἶεζεκιήλ</span> <span class='ocrx_word' id='word_1_157' title='bbox 2436 1327 2746 1398; x_wconf 73' lang='grc' dir='ltr'><strong>προφητείᾳ</strong></span> <span class='ocrx_word' id='word_1_158' title='bbox 2776 1328 2924 1381; x_wconf 80' lang='grc' dir='ltr'>ἔστιν</span> <span class='ocrx_word' id='word_1_159' title='bbox 2974 1327 3190 1397; x_wconf 78' lang='grc' dir='ltr'>εὑρεῖν·</span> <span class='ocrx_word' id='word_1_160' title='bbox 3242 1326 3336 1381; x_wconf 77' lang='grc' dir='ltr'>καὶ</span> <span class='ocrx_word' id='word_1_161' title='bbox 3376 1326 3485 1397; x_wconf 84' lang='grc' dir='ltr'><strong>γὰρ</strong></span> <span class='ocrx_word' id='word_1_162' title='bbox 3523 1329 3647 1379; x_wconf 66' lang='grc' dir='ltr'>ἐκεῖ</span> <span class='ocrx_word' id='word_1_163' title='bbox 3670 1329 3705 1389; x_wconf 89' lang='grc' dir='ltr'><strong>ἡ</strong></span> 
     </span>
    </p>
   </div>
   <div class='ocr_carea' id='block_1_22' title="bbox 2127 1414 3708 1486">
    <p class='ocr_par' dir='ltr' id='par_1_22' title="bbox 2127 1414 3708 1486">
     <span class='ocr_line' id='line_1_22' title="bbox 2127 1414 3708 1486; baseline -0.002 -17"><span class='ocrx_word' id='word_1_164' title='bbox 2127 1416 2236 1469; x_wconf 82' lang='grc' dir='ltr'>τῶν</span> <span class='ocrx_word' id='word_1_165' title='bbox 2291 1416 2464 1469; x_wconf 77' lang='grc' dir='ltr'>ὀστῶν</span> <span class='ocrx_word' id='word_1_166' title='bbox 2528 1415 2819 1480; x_wconf 76' lang='grc' dir='ltr'>ἀναδίωσις</span> <span class='ocrx_word' id='word_1_167' title='bbox 2885 1415 2952 1469; x_wconf 84' lang='grc' dir='ltr'><strong>τά</strong></span> <span class='ocrx_word' id='word_1_168' title='bbox 2988 1416 3083 1469; x_wconf 88' lang='grc' dir='ltr'><strong>δύο</strong></span> <span class='ocrx_word' id='word_1_169' title='bbox 3138 1415 3412 1486; x_wconf 82' lang='grc' dir='ltr'>σημαίνει,</span> <span class='ocrx_word' id='word_1_170' title='bbox 3450 1415 3545 1468; x_wconf 72' lang='grc' dir='ltr'>καὶ</span> <span class='ocrx_word' id='word_1_171' title='bbox 3604 1414 3708 1467; x_wconf 79' lang='grc' dir='ltr'><strong>τοῦ</strong></span> 
     </span>
    </p>
   </div>
   <div class='ocr_carea' id='block_1_23' title="bbox 2144 1504 3712 1577">
    <p class='ocr_par' dir='ltr' id='par_1_23' title="bbox 2144 1504 3712 1577">
     <span class='ocr_line' id='line_1_23' title="bbox 2144 1504 3712 1577; baseline -0.004 -16"><span class='ocrx_word' id='word_1_172' title='bbox 2144 1508 2179 1561; x_wconf 87' lang='grc' dir='ltr'>Ἰ</span> <span class='ocrx_word' id='word_1_173' title='bbox 2188 1506 2358 1577; x_wconf 75' lang='grc' dir='ltr'>σραὴλ</span> <span class='ocrx_word' id='word_1_174' title='bbox 2374 1506 2473 1577; x_wconf 80' lang='grc' dir='ltr'>τὴν</span> <span class='ocrx_word' id='word_1_175' title='bbox 2495 1506 2748 1561; x_wconf 67' lang='grc' dir='ltr'>ἐπάνοδον</span> <span class='ocrx_word' id='word_1_176' title='bbox 2770 1506 2849 1573; x_wconf 70' lang='grc' dir='ltr'><strong>(ὃς</strong></span> <span class='ocrx_word' id='word_1_177' title='bbox 2869 1506 2966 1569; x_wconf 71' lang='grc' dir='ltr'>τὰς</span> <span class='ocrx_word' id='word_1_178' title='bbox 2990 1506 3229 1577; x_wconf 78' lang='grc' dir='ltr'>χρηστὰς</span> <span class='ocrx_word' id='word_1_179' title='bbox 3245 1504 3521 1574; x_wconf 77' lang='grc' dir='ltr'><strong>ἀποκόψας</strong></span> <span class='ocrx_word' id='word_1_180' title='bbox 3552 1504 3712 1557; x_wconf 76' lang='grc' dir='ltr'>ὲλπί-</span> 
     </span>
    </p>
   </div>
   <div class='ocr_carea' id='block_1_24' title="bbox 447 1595 2038 1668">
    <p class='ocr_par' dir='ltr' id='par_1_24' title="bbox 447 1595 2025 1657">
     <span class='ocr_line' id='line_1_24' title="bbox 447 1595 2025 1657; baseline -0.007 -4"><span class='ocrx_word' id='word_1_181' title='bbox 447 1600 545 1653; x_wconf 85' lang='lat' dir='ltr'><strong>hat</strong></span> <span class='ocrx_word' id='word_1_182' title='bbox 578 1616 592 1653; x_wconf 89' lang='lat'><strong>:</strong></span> <span class='ocrx_word' id='word_1_183' title='bbox 636 1617 656 1650; x_wconf 80' lang='grc' dir='ltr'><strong>ι</strong></span> <span class='ocrx_word' id='word_1_184' title='bbox 682 1597 1011 1657; x_wconf 82' lang='lat' dir='ltr'><strong>Defecimus,</strong></span> <span class='ocrx_word' id='word_1_185' title='bbox 1037 1596 1192 1650; x_wconf 84' lang='lat' dir='ltr'><strong>arida</strong></span> <span class='ocrx_word' id='word_1_186' title='bbox 1224 1595 1369 1649; x_wconf 85' lang='lat' dir='ltr'><strong>facta</strong></span> <span class='ocrx_word' id='word_1_187' title='bbox 1404 1600 1536 1649; x_wconf 90' lang='lat' dir='ltr'><strong>sunt</strong></span> <span class='ocrx_word' id='word_1_188' title='bbox 1559 1607 1686 1648; x_wconf 89' lang='lat' dir='ltr'><strong>ossa</strong></span> <span class='ocrx_word' id='word_1_189' title='bbox 1721 1599 1910 1647; x_wconf 86' lang='lat' dir='ltr'><strong>nostra</strong></span> <span class='ocrx_word' id='word_1_190' title='bbox 1939 1600 2025 1657; x_wconf 62' lang='grc' dir='ltr'><strong>ἲς)</strong></span> 
     </span>
    </p>
   </div>
   <div class='ocr_carea' id='block_1_25' title="bbox 2143 1595 3708 1668">
    <p class='ocr_par' dir='ltr' id='par_1_25' title="bbox 2143 1596 3708 1668">
     <span class='ocr_line' id='line_1_25' title="bbox 2143 1596 3708 1668; baseline -0.001 -18"><span class='ocrx_word' id='word_1_191' title='bbox 2143 1597 2226 1660; x_wconf 69' lang='grc' dir='ltr'><strong>δας</strong></span> <span class='ocrx_word' id='word_1_192' title='bbox 2260 1597 2474 1665; x_wconf 80' lang='grc' dir='ltr'>ἔλεγεν·</span> <span class='ocrx_word' id='word_1_193' title='bbox 2520 1619 2539 1649; x_wconf 74' lang='grc' dir='ltr'><strong>ι</strong></span> <span class='ocrx_word' id='word_1_194' title='bbox 2563 1596 3006 1668; x_wconf 80' lang='grc' dir='ltr'>Ἐκλελοίπαμεν,</span> <span class='ocrx_word' id='word_1_195' title='bbox 3052 1597 3192 1667; x_wconf 83' lang='grc' dir='ltr'>ξηρά</span> <span class='ocrx_word' id='word_1_196' title='bbox 3228 1596 3417 1665; x_wconf 87' lang='grc' dir='ltr'>γέγονε</span> <span class='ocrx_word' id='word_1_197' title='bbox 3453 1597 3522 1649; x_wconf 68' lang='grc' dir='ltr'>τὰ</span> <span class='ocrx_word' id='word_1_198' title='bbox 3565 1597 3708 1648; x_wconf 73' lang='grc' dir='ltr'><strong>ὀστᾶ⁵</strong></span> 
     </span>
    </p>
   </div>
   <div class='ocr_carea' id='block_1_26' title="bbox 451 1682 2038 1760">
    <p class='ocr_par' dir='ltr' id='par_1_26' title="bbox 451 1682 2029 1745">
     <span class='ocr_line' id='line_1_26' title="bbox 451 1682 2029 1745; baseline -0.006 -1"><span class='ocrx_word' id='word_1_199' title='bbox 451 1700 566 1745; x_wconf 91' lang='lat' dir='ltr'><strong>tum</strong></span> <span class='ocrx_word' id='word_1_200' title='bbox 618 1702 960 1743; x_wconf 87' lang='lat' dir='ltr'><strong>communem</strong></span> <span class='ocrx_word' id='word_1_201' title='bbox 1014 1686 1257 1740; x_wconf 89' lang='lat' dir='ltr'><strong>omnium</strong></span> <span class='ocrx_word' id='word_1_202' title='bbox 1308 1686 1589 1739; x_wconf 81' lang='lat' dir='ltr'><strong>hominum</strong></span> <span class='ocrx_word' id='word_1_203' title='bbox 1650 1682 2029 1739; x_wconf 83' lang='lat' dir='ltr'><strong>resurrectio-</strong></span> 
     </span>
    </p>
   </div>
   <div class='ocr_carea' id='block_1_27' title="bbox 2143 1682 3713 1760">
    <p class='ocr_par' dir='ltr' id='par_1_27' title="bbox 2143 1687 3713 1760">
     <span class='ocr_line' id='line_1_27' title="bbox 2143 1687 3713 1760; baseline 0 -19"><span class='ocrx_word' id='word_1_204' title='bbox 2143 1687 2334 1758; x_wconf 71' lang='grc' dir='ltr'>ἡμῶν),</span> <span class='ocrx_word' id='word_1_205' title='bbox 2368 1707 2386 1738; x_wconf 71' lang='grc' dir='ltr'><strong>ι</strong></span> <span class='ocrx_word' id='word_1_206' title='bbox 2412 1689 2507 1741; x_wconf 79' lang='grc' dir='ltr'>καὶ</span> <span class='ocrx_word' id='word_1_207' title='bbox 2556 1690 2653 1756; x_wconf 75' lang='grc' dir='ltr'>τὴν</span> <span class='ocrx_word' id='word_1_208' title='bbox 2695 1689 2878 1758; x_wconf 76' lang='grc' dir='ltr'>κοινὴν</span> <span class='ocrx_word' id='word_1_209' title='bbox 2927 1690 3180 1744; x_wconf 81' lang='grc' dir='ltr'>ἁπάντων</span> <span class='ocrx_word' id='word_1_210' title='bbox 3225 1688 3527 1760; x_wconf 81' lang='grc' dir='ltr'>ἀνθρώπων</span> <span class='ocrx_word' id='word_1_211' title='bbox 3575 1690 3713 1742; x_wconf 78' lang='grc' dir='ltr'>ἀνά-</span> 
     </span>
    </p>
   </div>
   <div class='ocr_carea' id='block_1_28' title="bbox 452 1775 2038 1853">
    <p class='ocr_par' dir='ltr' id='par_1_28' title="bbox 452 1775 2032 1849">
     <span class='ocr_line' id='line_1_28' title="bbox 452 1775 2032 1849; baseline -0.003 -14"><span class='ocrx_word' id='word_1_212' title='bbox 452 1795 574 1835; x_wconf 86' lang='lat' dir='ltr'><strong>nem</strong></span> <span class='ocrx_word' id='word_1_213' title='bbox 609 1798 623 1834; x_wconf 91' lang='lat'><strong>:</strong></span> <span class='ocrx_word' id='word_1_214' title='bbox 666 1795 789 1833; x_wconf 90' lang='lat' dir='ltr'><strong>nam</strong></span> <span class='ocrx_word' id='word_1_215' title='bbox 823 1794 949 1848; x_wconf 63' lang='lat' dir='ltr'><strong>quae</strong></span> <span class='ocrx_word' id='word_1_216' title='bbox 994 1793 1122 1849; x_wconf 78' lang='lat' dir='ltr'><strong>erga</strong></span> <span class='ocrx_word' id='word_1_217' title='bbox 1161 1776 1386 1832; x_wconf 66' lang='lat' dir='ltr'><strong>Iudaeos</strong></span> <span class='ocrx_word' id='word_1_218' title='bbox 1450 1775 1595 1832; x_wconf 86' lang='lat' dir='ltr'><strong>facta</strong></span> <span class='ocrx_word' id='word_1_219' title='bbox 1648 1781 1817 1842; x_wconf 87' lang='lat' dir='ltr'><strong>sunt,</strong></span> <span class='ocrx_word' id='word_1_220' title='bbox 1869 1782 2032 1843; x_wconf 80' lang='lat' dir='ltr'><strong>typus</strong></span> 
     </span>
    </p>
   </div>
   <div class='ocr_carea' id='block_1_29' title="bbox 2143 1775 3710 1853">
    <p class='ocr_par' dir='ltr' id='par_1_29' title="bbox 2143 1780 3710 1853">
     <span class='ocr_line' id='line_1_29' title="bbox 2143 1780 3710 1853; baseline -0.001 -20"><span class='ocrx_word' id='word_1_221' title='bbox 2143 1795 2341 1834; x_wconf 73' lang='grc' dir='ltr'>ττασιν.</span> <span class='ocrx_word' id='word_1_222' title='bbox 2393 1780 2573 1843; x_wconf 81' lang='grc' dir='ltr'>Τύπος</span> <span class='ocrx_word' id='word_1_223' title='bbox 2616 1781 2725 1852; x_wconf 78' lang='grc' dir='ltr'><strong>γὰρ</strong></span> <span class='ocrx_word' id='word_1_224' title='bbox 2754 1781 2824 1835; x_wconf 74' lang='grc' dir='ltr'>τὰ</span> <span class='ocrx_word' id='word_1_225' title='bbox 2868 1782 2993 1853; x_wconf 78' lang='grc' dir='ltr'>περὶ</span> <span class='ocrx_word' id='word_1_226' title='bbox 3039 1781 3321 1844; x_wconf 81' lang='grc' dir='ltr'>Ἰουδαίους</span> <span class='ocrx_word' id='word_1_227' title='bbox 3357 1782 3710 1850; x_wconf 77' lang='grc' dir='ltr'><strong>γεγενημένα</strong></span> 
     </span>
    </p>
   </div>
   <div class='ocr_carea' id='block_1_30' title="bbox 451 1865 2038 1943">
    <p class='ocr_par' dir='ltr' id='par_1_30' title="bbox 451 1865 2032 1931">
     <span class='ocr_line' id='line_1_30' title="bbox 451 1865 2032 1931; baseline -0.003 -7"><span class='ocrx_word' id='word_1_228' title='bbox 451 1881 610 1925; x_wconf 83' lang='lat' dir='ltr'><strong>erant</strong></span> <span class='ocrx_word' id='word_1_229' title='bbox 643 1872 841 1927; x_wconf 63' lang='lat' dir='ltr'><strong>divina</strong></span> <span class='ocrx_word' id='word_1_230' title='bbox 874 1871 941 1925; x_wconf 88' lang='lat' dir='ltr'><strong>de</strong></span> <span class='ocrx_word' id='word_1_231' title='bbox 968 1870 1228 1924; x_wconf 87' lang='lat' dir='ltr'><strong>omnibus</strong></span> <span class='ocrx_word' id='word_1_232' title='bbox 1266 1868 1587 1923; x_wconf 89' lang='lat' dir='ltr'><strong>hominibus</strong></span> <span class='ocrx_word' id='word_1_233' title='bbox 1617 1881 1785 1920; x_wconf 70' lang='lat' dir='ltr'><strong>curae.</strong></span> <span class='ocrx_word' id='word_1_234' title='bbox 1833 1884 1859 1931; x_wconf 71' lang='grc' dir='ltr'><strong>ι⁸</strong></span> <span class='ocrx_word' id='word_1_235' title='bbox 1884 1865 2032 1919; x_wconf 77' lang='lat' dir='ltr'><strong>Con-</strong></span> 
     </span>
    </p>
   </div>
   <div class='ocr_carea' id='block_1_31' title="bbox 2143 1865 3714 1943">
    <p class='ocr_par' dir='ltr' id='par_1_31' title="bbox 2143 1872 3714 1943">
     <span class='ocr_line' id='line_1_31' title="bbox 2143 1872 3714 1943; baseline 0.001 -18"><span class='ocrx_word' id='word_1_236' title='bbox 2143 1873 2230 1942; x_wconf 79' lang='grc' dir='ltr'>τῆς</span> <span class='ocrx_word' id='word_1_237' title='bbox 2268 1874 2394 1941; x_wconf 75' lang='grc' dir='ltr'>περὶ</span> <span class='ocrx_word' id='word_1_238' title='bbox 2421 1873 2626 1935; x_wconf 81' lang='grc' dir='ltr'>πάντας</span> <span class='ocrx_word' id='word_1_239' title='bbox 2661 1872 2980 1943; x_wconf 78' lang='grc' dir='ltr'>ἀνθρώπους</span> <span class='ocrx_word' id='word_1_240' title='bbox 3010 1872 3104 1926; x_wconf 81' lang='grc' dir='ltr'>τοῦ</span> <span class='ocrx_word' id='word_1_241' title='bbox 3139 1872 3273 1927; x_wconf 84' lang='grc' dir='ltr'>Θεοῦ</span> <span class='ocrx_word' id='word_1_242' title='bbox 3300 1874 3407 1927; x_wconf 81' lang='grc' dir='ltr'><strong>τῶν</strong></span> <span class='ocrx_word' id='word_1_243' title='bbox 3437 1874 3576 1927; x_wconf 84' lang='grc' dir='ltr'>ὅλων</span> <span class='ocrx_word' id='word_1_244' title='bbox 3608 1892 3714 1942; x_wconf 83' lang='grc' dir='ltr'>κη-</span> 
     </span>
    </p>
   </div>
   <div class='ocr_carea' id='block_1_32' title="bbox 452 1930 2038 2036">
    <p class='ocr_par' dir='ltr' id='par_1_32' title="bbox 452 1930 2031 2027">
     <span class='ocr_line' id='line_1_32' title="bbox 452 1930 2031 2027; baseline -0.003 -9"><span class='ocrx_word' id='word_1_245' title='bbox 452 1964 657 2018; x_wconf 85' lang='lat' dir='ltr'><strong>solatio</strong></span> <span class='ocrx_word' id='word_1_246' title='bbox 693 1962 1017 2018; x_wconf 84' lang='lat' dir='ltr'><strong>abscondita</strong></span> <span class='ocrx_word' id='word_1_247' title='bbox 1070 1969 1157 2016; x_wconf 89' lang='lat' dir='ltr'><strong>est</strong></span> <span class='ocrx_word' id='word_1_248' title='bbox 1204 1960 1276 2014; x_wconf 91' lang='lat' dir='ltr'><strong>ab</strong></span> <span class='ocrx_word' id='word_1_249' title='bbox 1308 1959 1487 2014; x_wconf 84' lang='lat' dir='ltr'><strong>oculis</strong></span> <span class='ocrx_word' id='word_1_250' title='bbox 1531 1958 1669 2013; x_wconf 85' lang='lat' dir='ltr'><strong>meis</strong></span> <span class='ocrx_word' id='word_1_251' title='bbox 1694 1998 1709 2021; x_wconf 95' lang='lat'><strong>,</strong></span> <span class='ocrx_word' id='word_1_252' title='bbox 1745 1958 1874 2026; x_wconf 81' lang='lat' dir='ltr'><strong>quia</strong></span> <span class='ocrx_word' id='word_1_253' title='bbox 1915 1958 2031 2027; x_wconf 86' lang='lat' dir='ltr'><strong>ipse</strong></span> 
     </span>
    </p>
   </div>
   <div class='ocr_carea' id='block_1_33' title="bbox 2143 1930 3710 2036">
    <p class='ocr_par' dir='ltr' id='par_1_33' title="bbox 2143 1930 3710 2036">
     <span class='ocr_line' id='line_1_33' title="bbox 2143 1930 3710 2036; baseline 0.003 -20"><span class='ocrx_word' id='word_1_254' title='bbox 2143 1930 2401 2032; x_wconf 47' lang='lat' dir='ltr'><strong>Se&#39;jtovlec.</strong></span> <span class='ocrx_word' id='word_1_255' title='bbox 2457 1982 2475 2014; x_wconf 80' lang='grc' dir='ltr'><strong>ι</strong></span> <span class='ocrx_word' id='word_1_256' title='bbox 2510 1930 2861 2033; x_wconf 36' lang='grc' dir='ltr'>Παρακληδσις</span> <span class='ocrx_word' id='word_1_257' title='bbox 2900 1930 3206 2034; x_wconf 68' lang='grc' dir='ltr'>κέκρυπται</span> <span class='ocrx_word' id='word_1_258' title='bbox 3259 1965 3367 2019; x_wconf 79' lang='grc' dir='ltr'><strong>ἀπὸ</strong></span> <span class='ocrx_word' id='word_1_259' title='bbox 3412 1930 3710 2036; x_wconf 51' lang='lat' dir='ltr'><strong>sesama»;</strong></span> 
     </span>
    </p>
   </div>
   <div class='ocr_carea' id='block_1_34' title="bbox 453 2048 2038 2124">
    <p class='ocr_par' dir='ltr' id='par_1_34' title="bbox 453 2048 2034 2117">
     <span class='ocr_line' id='line_1_34' title="bbox 453 2048 2034 2117; baseline -0.004 -9"><span class='ocrx_word' id='word_1_260' title='bbox 453 2052 597 2109; x_wconf 84' lang='lat' dir='ltr'><strong>inter</strong></span> <span class='ocrx_word' id='word_1_261' title='bbox 637 2052 834 2108; x_wconf 80' lang='lat' dir='ltr'><strong>fratres</strong></span> <span class='ocrx_word' id='word_1_262' title='bbox 858 2050 1079 2106; x_wconf 81' lang='lat' dir='ltr'><strong>dividet.</strong></span> <span class='ocrx_word' id='word_1_263' title='bbox 1124 2070 1144 2103; x_wconf 72' lang='grc' dir='ltr'><strong>ι</strong></span> <span class='ocrx_word' id='word_1_264' title='bbox 1187 2050 1316 2105; x_wconf 70' lang='lat' dir='ltr'><strong>[iam</strong></span> <span class='ocrx_word' id='word_1_265' title='bbox 1344 2059 1558 2111; x_wconf 89' lang='lat' dir='ltr'><strong>autem,</strong></span> <span class='ocrx_word' id='word_1_266' title='bbox 1588 2048 1798 2117; x_wconf 85' lang='lat' dir='ltr'><strong>inquit,</strong></span> <span class='ocrx_word' id='word_1_267' title='bbox 1834 2062 2034 2102; x_wconf 78' lang='lat' dir='ltr'><strong>conso-</strong></span> 
     </span>
    </p>
   </div>
   <div class='ocr_carea' id='block_1_35' title="bbox 2143 2048 3706 2124">
    <p class='ocr_par' dir='ltr' id='par_1_35' title="bbox 2143 2049 3706 2124">
     <span class='ocr_line' id='line_1_35' title="bbox 2143 2049 3706 2124; baseline 0.003 -19"><span class='ocrx_word' id='word_1_268' title='bbox 2143 2055 2292 2124; x_wconf 82' lang='grc' dir='ltr'>μου’,</span> <span class='ocrx_word' id='word_1_269' title='bbox 2342 2054 2533 2107; x_wconf 68' lang='grc' dir='ltr'>διό-ειη</span> <span class='ocrx_word' id='word_1_270' title='bbox 2587 2049 2738 2118; x_wconf 64' lang='grc' dir='ltr'>οὗτος</span> <span class='ocrx_word' id='word_1_271' title='bbox 2770 2055 3043 2124; x_wconf 82' lang='grc' dir='ltr'>ἀναμέσον</span> <span class='ocrx_word' id='word_1_272' title='bbox 3088 2055 3333 2123; x_wconf 77' lang='grc' dir='ltr'><strong>ἀδελφῶν</strong></span> <span class='ocrx_word' id='word_1_273' title='bbox 3362 2056 3655 2111; x_wconf 85' lang='grc' dir='ltr'>διαστελεῖ.</span> <span class='ocrx_word' id='word_1_274' title='bbox 3686 2075 3706 2109; x_wconf 71' lang='grc' dir='ltr'><strong>ι</strong></span> 
     </span>
    </p>
   </div>
   <div class='ocr_carea' id='block_1_36' title="bbox 455 2140 2030 2215">
    <p class='ocr_par' dir='ltr' id='par_1_36' title="bbox 455 2140 2030 2215">
     <span class='ocr_line' id='line_1_36' title="bbox 455 2140 2030 2215; baseline -0.003 -18"><span class='ocrx_word' id='word_1_275' title='bbox 455 2146 590 2200; x_wconf 89' lang='lat' dir='ltr'><strong>latio</strong></span> <span class='ocrx_word' id='word_1_276' title='bbox 622 2146 868 2200; x_wconf 77' lang='lat' dir='ltr'><strong>melioris</strong></span> <span class='ocrx_word' id='word_1_277' title='bbox 899 2145 1041 2215; x_wconf 86' lang='lat' dir='ltr'><strong>spei,</strong></span> <span class='ocrx_word' id='word_1_278' title='bbox 1078 2141 1621 2211; x_wconf 85' lang='lat' dir='ltr'><strong>resurrectionisque</strong></span> <span class='ocrx_word' id='word_1_279' title='bbox 1648 2140 1989 2209; x_wconf 74' lang='lat' dir='ltr'><strong>exspectatio</strong></span> <span class='ocrx_word' id='word_1_280' title='bbox 2014 2178 2030 2205; x_wconf 91' lang='lat'><strong>,</strong></span> 
     </span>
    </p>
   </div>
   <div class='ocr_carea' id='block_1_37' title="bbox 455 2229 2034 2305">
    <p class='ocr_par' dir='ltr' id='par_1_37' title="bbox 455 2229 2034 2305">
     <span class='ocr_line' id='line_1_37' title="bbox 455 2229 2034 2305; baseline -0.003 -15"><span class='ocrx_word' id='word_1_281' title='bbox 455 2233 676 2301; x_wconf 65' lang='lat' dir='ltr'><strong>Iudaeis,</strong></span> <span class='ocrx_word' id='word_1_282' title='bbox 718 2250 843 2290; x_wconf 88' lang='lat' dir='ltr'><strong>cum</strong></span> <span class='ocrx_word' id='word_1_283' title='bbox 869 2235 1069 2305; x_wconf 86' lang='lat' dir='ltr'><strong>captivi</strong></span> <span class='ocrx_word' id='word_1_284' title='bbox 1097 2242 1304 2297; x_wconf 84' lang='lat' dir='ltr'><strong>essent,</strong></span> <span class='ocrx_word' id='word_1_285' title='bbox 1334 2241 1389 2288; x_wconf 89' lang='lat' dir='ltr'><strong>et</strong></span> <span class='ocrx_word' id='word_1_286' title='bbox 1420 2232 1678 2287; x_wconf 88' lang='lat' dir='ltr'><strong>omnibus</strong></span> <span class='ocrx_word' id='word_1_287' title='bbox 1720 2229 2034 2285; x_wconf 82' lang='lat' dir='ltr'><strong>hominibus</strong></span> 
     </span>
    </p>
   </div>
   <div class='ocr_carea' id='block_1_38' title="bbox 453 2320 2034 2393">
    <p class='ocr_par' dir='ltr' id='par_1_38' title="bbox 453 2320 2034 2393">
     <span class='ocr_line' id='line_1_38' title="bbox 453 2320 2034 2393; baseline -0.003 -14"><span class='ocrx_word' id='word_1_288' title='bbox 453 2326 728 2380; x_wconf 90' lang='lat' dir='ltr'><strong>occultata</strong></span> <span class='ocrx_word' id='word_1_289' title='bbox 761 2327 891 2380; x_wconf 91' lang='lat' dir='ltr'><strong>olim</strong></span> <span class='ocrx_word' id='word_1_290' title='bbox 925 2325 1098 2382; x_wconf 90' lang='lat' dir='ltr'><strong>fuisse</strong></span> <span class='ocrx_word' id='word_1_291' title='bbox 1124 2325 1362 2380; x_wconf 85' lang='lat' dir='ltr'><strong>videtur.</strong></span> <span class='ocrx_word' id='word_1_292' title='bbox 1385 2322 1561 2379; x_wconf 63' lang='lat' dir='ltr'><strong>Judaei</strong></span> <span class='ocrx_word' id='word_1_293' title='bbox 1587 2322 1738 2378; x_wconf 90' lang='lat' dir='ltr'><strong>enim</strong></span> <span class='ocrx_word' id='word_1_294' title='bbox 1768 2324 1821 2376; x_wconf 92' lang='lat' dir='ltr'><strong>in</strong></span> <span class='ocrx_word' id='word_1_295' title='bbox 1855 2320 2034 2393; x_wconf 85' lang='lat' dir='ltr'><strong>capti-</strong></span> 
     </span>
    </p>
   </div>
   <div class='ocr_carea' id='block_1_39' title="bbox 456 2415 2032 2487">
    <p class='ocr_par' dir='ltr' id='par_1_39' title="bbox 456 2415 2032 2487">
     <span class='ocr_line' id='line_1_39' title="bbox 456 2415 2032 2487; baseline -0.002 -17"><span class='ocrx_word' id='word_1_296' title='bbox 456 2419 676 2474; x_wconf 81' lang='lat' dir='ltr'><strong>vitatem</strong></span> <span class='ocrx_word' id='word_1_297' title='bbox 707 2419 968 2485; x_wconf 86' lang='lat' dir='ltr'><strong>abducti,</strong></span> <span class='ocrx_word' id='word_1_298' title='bbox 1025 2429 1081 2475; x_wconf 86' lang='lat' dir='ltr'><strong>et</strong></span> <span class='ocrx_word' id='word_1_299' title='bbox 1136 2418 1379 2487; x_wconf 86' lang='lat' dir='ltr'><strong>separati</strong></span> <span class='ocrx_word' id='word_1_300' title='bbox 1437 2430 1466 2469; x_wconf 88' lang='lat' dir='ltr'><strong>a</strong></span> <span class='ocrx_word' id='word_1_301' title='bbox 1519 2415 1851 2487; x_wconf 72' lang='lat' dir='ltr'><strong>cognatione</strong></span> <span class='ocrx_word' id='word_1_302' title='bbox 1908 2427 2032 2476; x_wconf 83' lang='lat' dir='ltr'><strong>sua,</strong></span> 
     </span>
    </p>
   </div>
   <div class='ocr_carea' id='block_1_40' title="bbox 456 2506 2033 2580">
    <p class='ocr_par' dir='ltr' id='par_1_40' title="bbox 456 2506 2033 2580">
     <span class='ocr_line' id='line_1_40' title="bbox 456 2506 2033 2580; baseline -0.004 -15"><span class='ocrx_word' id='word_1_303' title='bbox 456 2513 798 2580; x_wconf 88' lang='lat' dir='ltr'><strong>seorsimque</strong></span> <span class='ocrx_word' id='word_1_304' title='bbox 847 2512 938 2566; x_wconf 84' lang='lat' dir='ltr'><strong>alii</strong></span> <span class='ocrx_word' id='word_1_305' title='bbox 986 2511 1055 2565; x_wconf 89' lang='lat' dir='ltr'><strong>ab</strong></span> <span class='ocrx_word' id='word_1_306' title='bbox 1112 2511 1236 2565; x_wconf 88' lang='lat' dir='ltr'><strong>aliis</strong></span> <span class='ocrx_word' id='word_1_307' title='bbox 1270 2508 1538 2579; x_wconf 75' lang='lat' dir='ltr'><strong>disiuncti</strong></span> <span class='ocrx_word' id='word_1_308' title='bbox 1564 2506 1774 2563; x_wconf 82' lang='lat' dir='ltr'><strong>servire</strong></span> <span class='ocrx_word' id='word_1_309' title='bbox 1811 2506 2033 2569; x_wconf 90' lang='lat' dir='ltr'><strong>coacti,</strong></span> 
     </span>
    </p>
   </div>
   <div class='ocr_carea' id='block_1_41' title="bbox 455 2595 2036 2670">
    <p class='ocr_par' dir='ltr' id='par_1_41' title="bbox 455 2595 2036 2670">
     <span class='ocr_line' id='line_1_41' title="bbox 455 2595 2036 2670; baseline -0.002 -15"><span class='ocrx_word' id='word_1_310' title='bbox 455 2601 664 2655; x_wconf 87' lang='lat' dir='ltr'><strong>nullam</strong></span> <span class='ocrx_word' id='word_1_311' title='bbox 710 2616 861 2670; x_wconf 86' lang='lat' dir='ltr'><strong>spem</strong></span> <span class='ocrx_word' id='word_1_312' title='bbox 904 2601 1270 2657; x_wconf 87' lang='lat' dir='ltr'><strong>revocationis</strong></span> <span class='ocrx_word' id='word_1_313' title='bbox 1318 2599 1613 2654; x_wconf 84' lang='lat' dir='ltr'><strong>habebant.</strong></span> <span class='ocrx_word' id='word_1_314' title='bbox 1662 2596 1730 2651; x_wconf 89' lang='lat' dir='ltr'><strong>Et</strong></span> <span class='ocrx_word' id='word_1_315' title='bbox 1784 2595 2036 2652; x_wconf 83' lang='lat' dir='ltr'><strong>homines</strong></span> 
     </span>
    </p>
   </div>
   <div class='ocr_carea' id='block_1_42' title="bbox 456 2687 2034 2755">
    <p class='ocr_par' dir='ltr' id='par_1_42' title="bbox 456 2687 2034 2755">
     <span class='ocr_line' id='line_1_42' title="bbox 456 2687 2034 2755; baseline -0.003 -10"><span class='ocrx_word' id='word_1_316' title='bbox 456 2707 672 2755; x_wconf 87' lang='lat' dir='ltr'><strong>omnes,</strong></span> <span class='ocrx_word' id='word_1_317' title='bbox 702 2706 828 2747; x_wconf 91' lang='lat' dir='ltr'><strong>cum</strong></span> <span class='ocrx_word' id='word_1_318' title='bbox 874 2700 1104 2747; x_wconf 90' lang='lat' dir='ltr'><strong>mortem</strong></span> <span class='ocrx_word' id='word_1_319' title='bbox 1142 2691 1391 2747; x_wconf 86' lang='lat' dir='ltr'><strong>viderent</strong></span> <span class='ocrx_word' id='word_1_320' title='bbox 1431 2689 1690 2746; x_wconf 87' lang='lat' dir='ltr'><strong>funditus</strong></span> <span class='ocrx_word' id='word_1_321' title='bbox 1739 2687 2034 2742; x_wconf 85' lang='lat' dir='ltr'><strong>destruen-</strong></span> 
     </span>
    </p>
   </div>
   <div class='ocr_carea' id='block_1_43' title="bbox 456 2781 2036 2851">
    <p class='ocr_par' dir='ltr' id='par_1_43' title="bbox 456 2781 2036 2851">
     <span class='ocr_line' id='line_1_43' title="bbox 456 2781 2036 2851; baseline -0.004 -11"><span class='ocrx_word' id='word_1_322' title='bbox 456 2796 565 2841; x_wconf 87' lang='lat' dir='ltr'><strong>tem</strong></span> <span class='ocrx_word' id='word_1_323' title='bbox 594 2795 872 2849; x_wconf 82' lang='lat' dir='ltr'><strong>naturam,</strong></span> <span class='ocrx_word' id='word_1_324' title='bbox 898 2796 955 2841; x_wconf 90' lang='lat' dir='ltr'><strong>et</strong></span> <span class='ocrx_word' id='word_1_325' title='bbox 985 2801 1135 2840; x_wconf 89' lang='lat' dir='ltr'><strong>nunc</strong></span> <span class='ocrx_word' id='word_1_326' title='bbox 1166 2786 1390 2841; x_wconf 76' lang='lat' dir='ltr'><strong>fratrem</strong></span> <span class='ocrx_word' id='word_1_327' title='bbox 1436 2799 1466 2838; x_wconf 89' lang='lat' dir='ltr'><strong>a</strong></span> <span class='ocrx_word' id='word_1_328' title='bbox 1510 2783 1685 2838; x_wconf 79' lang='lat' dir='ltr'><strong>fratre</strong></span> <span class='ocrx_word' id='word_1_329' title='bbox 1737 2781 2036 2851; x_wconf 78' lang='lat' dir='ltr'><strong>sejungen-</strong></span> 
     </span>
    </p>
   </div>
   <div class='ocr_carea' id='block_1_44' title="bbox 457 2868 2039 2943">
    <p class='ocr_par' dir='ltr' id='par_1_44' title="bbox 457 2868 2039 2943">
     <span class='ocr_line' id='line_1_44' title="bbox 457 2868 2039 2943; baseline -0.003 -15"><span class='ocrx_word' id='word_1_330' title='bbox 457 2883 571 2931; x_wconf 89' lang='lat' dir='ltr'><strong>tem</strong></span> <span class='ocrx_word' id='word_1_331' title='bbox 598 2915 615 2941; x_wconf 93' lang='lat'><strong>,</strong></span> <span class='ocrx_word' id='word_1_332' title='bbox 657 2890 804 2930; x_wconf 91' lang='lat' dir='ltr'><strong>nunc</strong></span> <span class='ocrx_word' id='word_1_333' title='bbox 839 2874 965 2931; x_wconf 84' lang='lat' dir='ltr'><strong>ﬁliis</strong></span> <span class='ocrx_word' id='word_1_334' title='bbox 999 2883 1186 2943; x_wconf 89' lang='lat' dir='ltr'><strong>patres</strong></span> <span class='ocrx_word' id='word_1_335' title='bbox 1229 2875 1534 2943; x_wconf 86' lang='lat' dir='ltr'><strong>privantem</strong></span> <span class='ocrx_word' id='word_1_336' title='bbox 1561 2911 1577 2936; x_wconf 97' lang='lat'><strong>,</strong></span> <span class='ocrx_word' id='word_1_337' title='bbox 1609 2868 2039 2926; x_wconf 86' lang='lat' dir='ltr'><strong>resurrectionis</strong></span> 
     </span>
    </p>
   </div>
   <div class='ocr_carea' id='block_1_45' title="bbox 457 2956 2037 3035">
    <p class='ocr_par' dir='ltr' id='par_1_45' title="bbox 457 2956 2037 3035">
     <span class='ocr_line' id='line_1_45' title="bbox 457 2956 2037 3035; baseline -0.006 -15"><span class='ocrx_word' id='word_1_338' title='bbox 457 2980 613 3035; x_wconf 87' lang='lat' dir='ltr'><strong>spem</strong></span> <span class='ocrx_word' id='word_1_339' title='bbox 654 2978 886 3034; x_wconf 87' lang='lat' dir='ltr'><strong>prorsus</strong></span> <span class='ocrx_word' id='word_1_340' title='bbox 926 2962 1280 3033; x_wconf 84' lang='lat' dir='ltr'><strong>abjiciebant.</strong></span> <span class='ocrx_word' id='word_1_341' title='bbox 1322 2964 1575 3017; x_wconf 81' lang='lat' dir='ltr'><strong>Attamen</strong></span> <span class='ocrx_word' id='word_1_342' title='bbox 1611 2974 1737 3014; x_wconf 83' lang='lat' dir='ltr'><strong>vera</strong></span> <span class='ocrx_word' id='word_1_343' title='bbox 1767 3001 1782 3024; x_wconf 91' lang='lat'><strong>,</strong></span> <span class='ocrx_word' id='word_1_344' title='bbox 1823 2956 2037 3026; x_wconf 86' lang='lat' dir='ltr'><strong>inquit,</strong></span> 
     </span>
    </p>
   </div>
   <div class='ocr_carea' id='block_1_46' title="bbox 458 3047 2040 3122">
    <p class='ocr_par' dir='ltr' id='par_1_46' title="bbox 458 3047 2040 3122">
     <span class='ocr_line' id='line_1_46' title="bbox 458 3047 2040 3122; baseline -0.007 -12"><span class='ocrx_word' id='word_1_345' title='bbox 458 3063 592 3110; x_wconf 86' lang='lat' dir='ltr'><strong>sunt</strong></span> <span class='ocrx_word' id='word_1_346' title='bbox 624 3054 773 3109; x_wconf 88' lang='lat' dir='ltr'><strong>dicta</strong></span> <span class='ocrx_word' id='word_1_347' title='bbox 797 3094 811 3117; x_wconf 89' lang='lat'><strong>,</strong></span> <span class='ocrx_word' id='word_1_348' title='bbox 846 3053 1065 3109; x_wconf 87' lang='lat' dir='ltr'><strong>tametsi</strong></span> <span class='ocrx_word' id='word_1_349' title='bbox 1098 3053 1152 3106; x_wconf 92' lang='lat' dir='ltr'><strong>in</strong></span> <span class='ocrx_word' id='word_1_350' title='bbox 1197 3066 1444 3122; x_wconf 72' lang='lat' dir='ltr'><strong>prmsens</strong></span> <span class='ocrx_word' id='word_1_351' title='bbox 1475 3050 1732 3106; x_wconf 88' lang='lat' dir='ltr'><strong>abstrusa</strong></span> <span class='ocrx_word' id='word_1_352' title='bbox 1766 3047 1953 3104; x_wconf 91' lang='lat' dir='ltr'><strong>multis</strong></span> <span class='ocrx_word' id='word_1_353' title='bbox 1986 3054 2040 3102; x_wconf 87' lang='lat' dir='ltr'><strong>et</strong></span> 
     </span>
    </p>
   </div>
   <div class='ocr_carea' id='block_1_47' title="bbox 462 3144 821 3200">
    <p class='ocr_par' dir='ltr' id='par_1_47' title="bbox 462 3144 821 3200">
     <span class='ocr_line' id='line_1_47' title="bbox 462 3144 821 3200; baseline -0.006 0"><span class='ocrx_word' id='word_1_354' title='bbox 462 3144 821 3200; x_wconf 86' lang='lat' dir='ltr'><strong>abscondita.</strong></span> 
     </span>
    </p>
   </div>
   <div class='ocr_carea' id='block_1_48' title="bbox 536 3318 2042 3385">
    <p class='ocr_par' dir='ltr' id='par_1_48' title="bbox 536 3318 2042 3385">
     <span class='ocr_line' id='line_1_48' title="bbox 536 3318 2042 3385; baseline -0.004 -4"><span class='ocrx_word' id='word_1_355' title='bbox 536 3326 698 3385; x_wconf 76' lang='lat' dir='ltr'><strong>Vens.</strong></span> <span class='ocrx_word' id='word_1_356' title='bbox 735 3327 820 3381; x_wconf 78' lang='lat' dir='ltr'><strong>l5.</strong></span> <span class='ocrx_word' id='word_1_357' title='bbox 857 3345 876 3379; x_wconf 81' lang='grc' dir='ltr'><strong>ι</strong></span> <span class='ocrx_word' id='word_1_358' title='bbox 907 3326 1156 3381; x_wconf 71' lang='lat' dir='ltr'><strong>Adducet</strong></span> <span class='ocrx_word' id='word_1_359' title='bbox 1199 3325 1347 3379; x_wconf 87' lang='lat' dir='ltr'><strong>enim</strong></span> <span class='ocrx_word' id='word_1_360' title='bbox 1375 3330 1629 3378; x_wconf 86' lang='lat' dir='ltr'><strong>urentem</strong></span> <span class='ocrx_word' id='word_1_361' title='bbox 1674 3330 1904 3376; x_wconf 80' lang='lat' dir='ltr'><strong>ventum</strong></span> <span class='ocrx_word' id='word_1_362' title='bbox 1942 3318 2042 3375; x_wconf 91' lang='lat' dir='ltr'><strong>Do-</strong></span> 
     </span>
    </p>
   </div>
   <div class='ocr_carea' id='block_1_49' title="bbox 462 3415 2040 3492">
    <p class='ocr_par' dir='ltr' id='par_1_49' title="bbox 462 3415 2040 3492">
     <span class='ocr_line' id='line_1_49' title="bbox 462 3415 2040 3492; baseline -0.004 -15"><span class='ocrx_word' id='word_1_363' title='bbox 462 3422 645 3479; x_wconf 87' lang='lat' dir='ltr'><strong>minus</strong></span> <span class='ocrx_word' id='word_1_364' title='bbox 685 3438 714 3476; x_wconf 88' lang='lat' dir='ltr'><strong>e</strong></span> <span class='ocrx_word' id='word_1_365' title='bbox 740 3423 959 3478; x_wconf 88' lang='lat' dir='ltr'><strong>deserto</strong></span> <span class='ocrx_word' id='word_1_366' title='bbox 988 3436 1154 3492; x_wconf 88' lang='lat' dir='ltr'><strong>super</strong></span> <span class='ocrx_word' id='word_1_367' title='bbox 1178 3436 1274 3476; x_wconf 90' lang='lat' dir='ltr'><strong>eos</strong></span> <span class='ocrx_word' id='word_1_368' title='bbox 1294 3460 1309 3483; x_wconf 95' lang='lat'><strong>,</strong></span> <span class='ocrx_word' id='word_1_369' title='bbox 1357 3428 1411 3474; x_wconf 93' lang='lat' dir='ltr'><strong>ct</strong></span> <span class='ocrx_word' id='word_1_370' title='bbox 1446 3418 1682 3474; x_wconf 86' lang='lat' dir='ltr'><strong>siccabit</strong></span> <span class='ocrx_word' id='word_1_371' title='bbox 1707 3431 1877 3472; x_wconf 83' lang='lat' dir='ltr'><strong>venas</strong></span> <span class='ocrx_word' id='word_1_372' title='bbox 1899 3415 2040 3485; x_wconf 86' lang='lat' dir='ltr'><strong>ejus,</strong></span> 
     </span>
    </p>
   </div>
   <div class='ocr_carea' id='block_1_50' title="bbox 462 3509 2041 3570">
    <p class='ocr_par' dir='ltr' id='par_1_50' title="bbox 462 3509 2041 3570">
     <span class='ocr_line' id='line_1_50' title="bbox 462 3509 2041 3570; baseline -0.006 0"><span class='ocrx_word' id='word_1_373' title='bbox 462 3523 519 3570; x_wconf 86' lang='lat' dir='ltr'><strong>et</strong></span> <span class='ocrx_word' id='word_1_374' title='bbox 569 3515 847 3570; x_wconf 87' lang='lat' dir='ltr'><strong>desolabit</strong></span> <span class='ocrx_word' id='word_1_375' title='bbox 898 3514 1084 3569; x_wconf 84' lang='lat' dir='ltr'><strong>fontes</strong></span> <span class='ocrx_word' id='word_1_376' title='bbox 1147 3513 1337 3567; x_wconf 87' lang='lat' dir='ltr'><strong>illius:</strong></span> <span class='ocrx_word' id='word_1_377' title='bbox 1390 3511 1495 3566; x_wconf 88' lang='lat' dir='ltr'><strong>iste</strong></span> <span class='ocrx_word' id='word_1_378' title='bbox 1536 3509 1799 3565; x_wconf 84' lang='lat' dir='ltr'><strong>arcfaciet</strong></span> <span class='ocrx_word' id='word_1_379' title='bbox 1841 3518 2041 3563; x_wconf 88' lang='lat' dir='ltr'><strong>terram</strong></span> 
     </span>
    </p>
   </div>
   <div class='ocr_carea' id='block_1_51' title="bbox 459 3600 2044 3675">
    <p class='ocr_par' dir='ltr' id='par_1_51' title="bbox 459 3600 2044 3675">
     <span class='ocr_line' id='line_1_51' title="bbox 459 3600 2044 3675; baseline -0.005 -14"><span class='ocrx_word' id='word_1_380' title='bbox 459 3607 605 3675; x_wconf 86' lang='lat' dir='ltr'><strong>ejus,</strong></span> <span class='ocrx_word' id='word_1_381' title='bbox 629 3614 684 3661; x_wconf 91' lang='lat' dir='ltr'><strong>et</strong></span> <span class='ocrx_word' id='word_1_382' title='bbox 714 3605 899 3660; x_wconf 86' lang='lat' dir='ltr'><strong>omnia</strong></span> <span class='ocrx_word' id='word_1_383' title='bbox 935 3608 950 3627; x_wconf 82' lang='grc'><strong><em>⁵</em></strong></span> <span class='ocrx_word' id='word_1_384' title='bbox 984 3619 1115 3660; x_wconf 81' lang='lat' dir='ltr'><strong>vasa</strong></span> <span class='ocrx_word' id='word_1_385' title='bbox 1142 3603 1531 3659; x_wconf 85' lang='lat' dir='ltr'><strong>desiderabilia</strong></span> <span class='ocrx_word' id='word_1_386' title='bbox 1566 3602 1707 3669; x_wconf 84' lang='lat' dir='ltr'><strong>ejus.</strong></span> <span class='ocrx_word' id='word_1_387' title='bbox 1735 3619 1755 3653; x_wconf 74' lang='grc' dir='ltr'><strong>ι</strong></span> <span class='ocrx_word' id='word_1_388' title='bbox 1793 3600 1893 3654; x_wconf 88' lang='lat' dir='ltr'><strong>Per</strong></span> <span class='ocrx_word' id='word_1_389' title='bbox 1929 3600 2044 3654; x_wconf 60' lang='lat' dir='ltr'><strong>hate</strong></span> 
     </span>
    </p>
   </div>
   <div class='ocr_carea' id='block_1_52' title="bbox 463 3691 2041 3764">
    <p class='ocr_par' dir='ltr' id='par_1_52' title="bbox 463 3691 2041 3764">
     <span class='ocr_line' id='line_1_52' title="bbox 463 3691 2041 3764; baseline -0.005 -14"><span class='ocrx_word' id='word_1_390' title='bbox 463 3706 641 3750; x_wconf 86' lang='lat' dir='ltr'><strong>autem</strong></span> <span class='ocrx_word' id='word_1_391' title='bbox 667 3694 969 3764; x_wconf 77' lang='lat' dir='ltr'><strong>significat,</strong></span> <span class='ocrx_word' id='word_1_392' title='bbox 997 3693 1203 3763; x_wconf 86' lang='lat' dir='ltr'><strong>Cyrum</strong></span> <span class='ocrx_word' id='word_1_393' title='bbox 1247 3691 1470 3746; x_wconf 87' lang='lat' dir='ltr'><strong>Persam</strong></span> <span class='ocrx_word' id='word_1_394' title='bbox 1499 3691 1702 3747; x_wconf 89' lang='lat' dir='ltr'><strong>bellum</strong></span> <span class='ocrx_word' id='word_1_395' title='bbox 1732 3697 2041 3754; x_wconf 88' lang='lat' dir='ltr'><strong>moturum,</strong></span> 
     </span>
    </p>
   </div>
   <div class='ocr_carea' id='block_1_53' title="bbox 462 3781 2047 3855">
    <p class='ocr_par' dir='ltr' id='par_1_53' title="bbox 462 3781 2047 3855">
     <span class='ocr_line' id='line_1_53' title="bbox 462 3781 2047 3855; baseline -0.005 -14"><span class='ocrx_word' id='word_1_396' title='bbox 462 3795 519 3842; x_wconf 88' lang='lat' dir='ltr'><strong>et</strong></span> <span class='ocrx_word' id='word_1_397' title='bbox 551 3800 874 3841; x_wconf 88' lang='lat' dir='ltr'><strong>eversurum</strong></span> <span class='ocrx_word' id='word_1_398' title='bbox 903 3786 1274 3855; x_wconf 85' lang='lat' dir='ltr'><strong>Assyriorum,</strong></span> <span class='ocrx_word' id='word_1_399' title='bbox 1304 3784 1418 3839; x_wconf 89' lang='lat' dir='ltr'><strong>sive</strong></span> <span class='ocrx_word' id='word_1_400' title='bbox 1454 3781 1904 3853; x_wconf 84' lang='lat' dir='ltr'><strong>Babyloniorum,</strong></span> <span class='ocrx_word' id='word_1_401' title='bbox 1947 3781 2047 3835; x_wconf 89' lang='lat' dir='ltr'><strong>im-</strong></span> 
     </span>
    </p>
   </div>
   <div class='ocr_carea' id='block_1_54' title="bbox 466 3876 2045 3950">
    <p class='ocr_par' dir='ltr' id='par_1_54' title="bbox 466 3876 2045 3950">
     <span class='ocr_line' id='line_1_54' title="bbox 466 3876 2045 3950; baseline -0.004 -16"><span class='ocrx_word' id='word_1_402' title='bbox 466 3878 706 3950; x_wconf 88' lang='lat' dir='ltr'><strong>perium,</strong></span> <span class='ocrx_word' id='word_1_403' title='bbox 745 3894 1081 3948; x_wconf 88' lang='lat' dir='ltr'><strong>omnemque</strong></span> <span class='ocrx_word' id='word_1_404' title='bbox 1124 3878 1327 3948; x_wconf 76' lang='lat' dir='ltr'><strong>regiam</strong></span> <span class='ocrx_word' id='word_1_405' title='bbox 1365 3878 1588 3945; x_wconf 90' lang='lat' dir='ltr'><strong>stirpem</strong></span> <span class='ocrx_word' id='word_1_406' title='bbox 1622 3876 1951 3938; x_wconf 85' lang='lat' dir='ltr'><strong>deleturum,</strong></span> <span class='ocrx_word' id='word_1_407' title='bbox 1991 3881 2045 3930; x_wconf 91' lang='lat' dir='ltr'><strong>et</strong></span> 
     </span>
    </p>
   </div>
   <div class='ocr_carea' id='block_1_55' title="bbox 468 3964 2045 4042">
    <p class='ocr_par' dir='ltr' id='par_1_55' title="bbox 468 3964 2045 4042">
     <span class='ocr_line' id='line_1_55' title="bbox 468 3964 2045 4042; baseline -0.003 -19"><span class='ocrx_word' id='word_1_408' title='bbox 468 3971 779 4042; x_wconf 88' lang='lat' dir='ltr'><strong>tyrannidis</strong></span> <span class='ocrx_word' id='word_1_409' title='bbox 838 3985 1040 4026; x_wconf 86' lang='lat' dir='ltr'><strong>causas</strong></span> <span class='ocrx_word' id='word_1_410' title='bbox 1083 3970 1429 4026; x_wconf 78' lang='lat' dir='ltr'><strong>sublaturum</strong></span> <span class='ocrx_word' id='word_1_411' title='bbox 1481 3967 1692 4038; x_wconf 79' lang='lat'><strong>1377</strong></span> <span class='ocrx_word' id='word_1_412' title='bbox 1736 3982 1879 4021; x_wconf 90' lang='lat' dir='ltr'><strong>esse.</strong></span> <span class='ocrx_word' id='word_1_413' title='bbox 1917 3964 2045 4019; x_wconf 69' lang='lat' dir='ltr'><strong>Haec</strong></span> 
     </span>
    </p>
   </div>
   <div class='ocr_carea' id='block_1_56' title="bbox 464 4057 2043 4133">
    <p class='ocr_par' dir='ltr' id='par_1_56' title="bbox 464 4057 2043 4133">
     <span class='ocr_line' id='line_1_56' title="bbox 464 4057 2043 4133; baseline -0.006 -15"><span class='ocrx_word' id='word_1_414' title='bbox 464 4062 612 4118; x_wconf 84' lang='lat' dir='ltr'><strong>enim</strong></span> <span class='ocrx_word' id='word_1_415' title='bbox 651 4077 749 4133; x_wconf 86' lang='lat' dir='ltr'><strong>per</strong></span> <span class='ocrx_word' id='word_1_416' title='bbox 796 4062 1211 4117; x_wconf 77' lang='lat' dir='ltr'><strong>translationem</strong></span> <span class='ocrx_word' id='word_1_417' title='bbox 1264 4060 1435 4131; x_wconf 78' lang='lat' dir='ltr'><strong>fontes</strong></span> <span class='ocrx_word' id='word_1_418' title='bbox 1473 4068 1528 4114; x_wconf 87' lang='lat' dir='ltr'><strong>ct</strong></span> <span class='ocrx_word' id='word_1_419' title='bbox 1571 4074 1729 4112; x_wconf 77' lang='lat' dir='ltr'><strong>venas</strong></span> <span class='ocrx_word' id='word_1_420' title='bbox 1785 4057 2043 4127; x_wconf 84' lang='lat' dir='ltr'><strong>appellat.</strong></span> 
     </span>
    </p>
   </div>
   <div class='ocr_carea' id='block_1_57' title="bbox 467 4148 2047 4221">
    <p class='ocr_par' dir='ltr' id='par_1_57' title="bbox 467 4148 2047 4221">
     <span class='ocr_line' id='line_1_57' title="bbox 467 4148 2047 4221; baseline -0.003 -13"><span class='ocrx_word' id='word_1_421' title='bbox 467 4152 572 4209; x_wconf 85' lang='lat' dir='ltr'><strong>Per</strong></span> <span class='ocrx_word' id='word_1_422' title='bbox 619 4152 735 4209; x_wconf 65' lang='lat' dir='ltr'><strong>haec</strong></span> <span class='ocrx_word' id='word_1_423' title='bbox 773 4160 959 4210; x_wconf 89' lang='lat' dir='ltr'><strong>autem</strong></span> <span class='ocrx_word' id='word_1_424' title='bbox 1003 4152 1206 4209; x_wconf 85' lang='lat' dir='ltr'><strong>docere</strong></span> <span class='ocrx_word' id='word_1_425' title='bbox 1251 4152 1459 4217; x_wconf 89' lang='lat' dir='ltr'><strong>voluit,</strong></span> <span class='ocrx_word' id='word_1_426' title='bbox 1493 4165 1734 4221; x_wconf 85' lang='lat' dir='ltr'><strong>quonam</strong></span> <span class='ocrx_word' id='word_1_427' title='bbox 1764 4158 1924 4220; x_wconf 86' lang='lat' dir='ltr'><strong>pacto</strong></span> <span class='ocrx_word' id='word_1_428' title='bbox 1953 4148 2047 4204; x_wconf 80' lang='lat' dir='ltr'><strong>tle-</strong></span> 
     </span>
    </p>
   </div>
   <div class='ocr_carea' id='block_1_58' title="bbox 468 4242 2043 4314">
    <p class='ocr_par' dir='ltr' id='par_1_58' title="bbox 468 4242 2043 4314">
     <span class='ocr_line' id='line_1_58' title="bbox 468 4242 2043 4314; baseline -0.006 -15"><span class='ocrx_word' id='word_1_429' title='bbox 468 4251 783 4301; x_wconf 84' lang='lat' dir='ltr'><strong>structurus</strong></span> <span class='ocrx_word' id='word_1_430' title='bbox 806 4245 880 4301; x_wconf 90' lang='lat' dir='ltr'><strong>sit</strong></span> <span class='ocrx_word' id='word_1_431' title='bbox 914 4260 1039 4300; x_wconf 82' lang='lat' dir='ltr'><strong>eum</strong></span> <span class='ocrx_word' id='word_1_432' title='bbox 1070 4259 1232 4314; x_wconf 79' lang='lat' dir='ltr'><strong>quem</strong></span> <span class='ocrx_word' id='word_1_433' title='bbox 1257 4258 1352 4311; x_wconf 87' lang='lat' dir='ltr'><strong>per</strong></span> <span class='ocrx_word' id='word_1_434' title='bbox 1376 4242 1793 4296; x_wconf 84' lang='lat' dir='ltr'><strong>translationem</strong></span> <span class='ocrx_word' id='word_1_435' title='bbox 1824 4248 2043 4294; x_wconf 86' lang='lat' dir='ltr'><strong>mortem</strong></span> 
     </span>
    </p>
   </div>
   <div class='ocr_carea' id='block_1_59' title="bbox 469 4330 2045 4406">
    <p class='ocr_par' dir='ltr' id='par_1_59' title="bbox 469 4330 2045 4406">
     <span class='ocr_line' id='line_1_59' title="bbox 469 4330 2045 4406; baseline -0.003 -16"><span class='ocrx_word' id='word_1_436' title='bbox 469 4344 522 4390; x_wconf 87' lang='lat' dir='ltr'><strong>et</strong></span> <span class='ocrx_word' id='word_1_437' title='bbox 549 4335 816 4405; x_wconf 75' lang='lat' dir='ltr'><strong>infernum</strong></span> <span class='ocrx_word' id='word_1_438' title='bbox 840 4336 1149 4406; x_wconf 86' lang='lat' dir='ltr'><strong>appellavit.</strong></span> <span class='ocrx_word' id='word_1_439' title='bbox 1207 4332 1313 4390; x_wconf 87' lang='lat' dir='ltr'><strong>Sed</strong></span> <span class='ocrx_word' id='word_1_440' title='bbox 1339 4334 1456 4388; x_wconf 63' lang='lat' dir='ltr'><strong>haec</strong></span> <span class='ocrx_word' id='word_1_441' title='bbox 1484 4340 1674 4404; x_wconf 87' lang='lat' dir='ltr'><strong>postea</strong></span> <span class='ocrx_word' id='word_1_442' title='bbox 1709 4330 1857 4387; x_wconf 81' lang='lat' dir='ltr'><strong>fient.</strong></span> <span class='ocrx_word' id='word_1_443' title='bbox 1888 4330 2045 4385; x_wconf 82' lang='lat' dir='ltr'><strong>Nunc</strong></span> 
     </span>
    </p>
   </div>
   <div class='ocr_carea' id='block_1_60' title="bbox 469 4441 632 4493">
    <p class='ocr_par' dir='ltr' id='par_1_60' title="bbox 469 4441 632 4493">
     <span class='ocr_line' id='line_1_60' title="bbox 469 4441 632 4493; baseline 0.025 -14"><span class='ocrx_word' id='word_1_444' title='bbox 469 4441 600 4483; x_wconf 82' lang='lat' dir='ltr'><strong>vero</strong></span> <span class='ocrx_word' id='word_1_445' title='bbox 615 4466 632 4493; x_wconf 90' lang='lat'><strong>,</strong></span> 
     </span>
    </p>
   </div>
   <div class='ocr_carea' id='block_1_61' title="bbox 1059 4513 1457 4572">
    <p class='ocr_par' dir='ltr' id='par_1_61' title="bbox 1059 4513 1457 4572">
     <span class='ocr_line' id='line_1_61' title="bbox 1059 4513 1457 4572; baseline -0.005 0"><span class='ocrx_word' id='word_1_446' title='bbox 1059 4515 1286 4572; x_wconf 79' lang='lat' dir='ltr'><strong>CAPUT</strong></span> <span class='ocrx_word' id='word_1_447' title='bbox 1318 4513 1457 4570; x_wconf 79' lang='lat' dir='ltr'><strong>XIV.</strong></span> 
     </span>
    </p>
   </div>
   <div class='ocr_carea' id='block_1_62' title="bbox 2133 2143 3715 2217">
    <p class='ocr_par' dir='ltr' id='par_1_62' title="bbox 2133 2143 3715 2217">
     <span class='ocr_line' id='line_1_62' title="bbox 2133 2143 3715 2217; baseline 0.002 -21"><span class='ocrx_word' id='word_1_448' title='bbox 2133 2144 2283 2213; x_wconf 74' lang='grc' dir='ltr'>Αὕτη</span> <span class='ocrx_word' id='word_1_449' title='bbox 2313 2143 2390 2208; x_wconf 85' lang='grc' dir='ltr'>δὲ,</span> <span class='ocrx_word' id='word_1_450' title='bbox 2423 2144 2607 2212; x_wconf 67' lang='grc' dir='ltr'>φησὶν,</span> <span class='ocrx_word' id='word_1_451' title='bbox 2649 2144 2999 2215; x_wconf 76' lang='grc' dir='ltr'>ἡπαραψυχὴ</span> <span class='ocrx_word' id='word_1_452' title='bbox 3031 2146 3128 2215; x_wconf 81' lang='grc' dir='ltr'>τῆς</span> <span class='ocrx_word' id='word_1_453' title='bbox 3156 2146 3524 2217; x_wconf 79' lang='grc' dir='ltr'><strong>χρηστοτέρας</strong></span> <span class='ocrx_word' id='word_1_454' title='bbox 3556 2146 3715 2202; x_wconf 77' lang='grc' dir='ltr'>ὲλπίο</span> 
     </span>
    </p>
   </div>
   <div class='ocr_carea' id='block_1_63' title="bbox 2134 2232 3715 2307">
    <p class='ocr_par' dir='ltr' id='par_1_63' title="bbox 2134 2232 3715 2307">
     <span class='ocr_line' id='line_1_63' title="bbox 2134 2232 3715 2307; baseline 0.003 -20"><span class='ocrx_word' id='word_1_455' title='bbox 2134 2234 2241 2296; x_wconf 89' lang='grc' dir='ltr'>δος,</span> <span class='ocrx_word' id='word_1_456' title='bbox 2272 2235 2367 2286; x_wconf 77' lang='grc' dir='ltr'>καὶ</span> <span class='ocrx_word' id='word_1_457' title='bbox 2394 2232 2495 2302; x_wconf 81' lang='grc' dir='ltr'>τῆς</span> <span class='ocrx_word' id='word_1_458' title='bbox 2528 2234 2875 2297; x_wconf 79' lang='grc' dir='ltr'>ἀναστάσεως</span> <span class='ocrx_word' id='word_1_459' title='bbox 2912 2237 2946 2305; x_wconf 88' lang='grc' dir='ltr'><strong>ή</strong></span> <span class='ocrx_word' id='word_1_460' title='bbox 2980 2235 3293 2307; x_wconf 81' lang='grc' dir='ltr'>προσδοκία,</span> <span class='ocrx_word' id='word_1_461' title='bbox 3340 2238 3433 2290; x_wconf 70' lang='grc' dir='ltr'>καὶ</span> <span class='ocrx_word' id='word_1_462' title='bbox 3463 2237 3570 2290; x_wconf 82' lang='grc' dir='ltr'>ἀπὸ</span> <span class='ocrx_word' id='word_1_463' title='bbox 3597 2237 3715 2292; x_wconf 84' lang='grc' dir='ltr'>τῶν</span> 
     </span>
    </p>
   </div>
   <div class='ocr_carea' id='block_1_64' title="bbox 2136 2324 3714 2397">
    <p class='ocr_par' dir='ltr' id='par_1_64' title="bbox 2136 2324 3714 2397">
     <span class='ocr_line' id='line_1_64' title="bbox 2136 2324 3714 2397; baseline 0.003 -18"><span class='ocrx_word' id='word_1_464' title='bbox 2136 2324 2497 2395; x_wconf 78' lang='grc' dir='ltr'>αἰχμαλώτων</span> <span class='ocrx_word' id='word_1_465' title='bbox 2525 2326 2865 2397; x_wconf 90' lang='grc' dir='ltr'>γιγνομένων</span> <span class='ocrx_word' id='word_1_466' title='bbox 2904 2328 3195 2392; x_wconf 84' lang='grc' dir='ltr'>Ἰουδαίων,</span> <span class='ocrx_word' id='word_1_467' title='bbox 3228 2328 3323 2383; x_wconf 79' lang='grc' dir='ltr'>καὶ</span> <span class='ocrx_word' id='word_1_468' title='bbox 3354 2330 3462 2383; x_wconf 78' lang='grc' dir='ltr'>ἀπὸ</span> <span class='ocrx_word' id='word_1_469' title='bbox 3489 2329 3714 2383; x_wconf 84' lang='grc' dir='ltr'>πάντων</span> 
     </span>
    </p>
   </div>
   <div class='ocr_carea' id='block_1_65' title="bbox 2136 2417 3716 2491">
    <p class='ocr_par' dir='ltr' id='par_1_65' title="bbox 2136 2417 3716 2491">
     <span class='ocr_line' id='line_1_65' title="bbox 2136 2417 3716 2491; baseline 0.003 -22"><span class='ocrx_word' id='word_1_470' title='bbox 2136 2417 2436 2485; x_wconf 83' lang='grc' dir='ltr'>ἀνθρώπων</span> <span class='ocrx_word' id='word_1_471' title='bbox 2458 2419 2594 2481; x_wconf 85' lang='grc' dir='ltr'>τέως</span> <span class='ocrx_word' id='word_1_472' title='bbox 2623 2417 2927 2489; x_wconf 78' lang='grc' dir='ltr'>κεκρῦφθαι</span> <span class='ocrx_word' id='word_1_473' title='bbox 2951 2419 3125 2471; x_wconf 86' lang='grc' dir='ltr'>δοκεῖ·</span> <span class='ocrx_word' id='word_1_474' title='bbox 3158 2419 3212 2471; x_wconf 71' lang='grc' dir='ltr'>οἵ</span> <span class='ocrx_word' id='word_1_475' title='bbox 3232 2436 3292 2473; x_wconf 87' lang='grc' dir='ltr'><strong>τε</strong></span> <span class='ocrx_word' id='word_1_476' title='bbox 3321 2419 3431 2491; x_wconf 90' lang='grc' dir='ltr'><strong>γάρ</strong></span> <span class='ocrx_word' id='word_1_477' title='bbox 3468 2419 3716 2473; x_wconf 80' lang='grc' dir='ltr'>Ἰουδαῖοι</span> 
     </span>
    </p>
   </div>
   <div class='ocr_carea' id='block_1_66' title="bbox 2138 2506 3719 2578">
    <p class='ocr_par' dir='ltr' id='par_1_66' title="bbox 2138 2506 3719 2578">
     <span class='ocr_line' id='line_1_66' title="bbox 2138 2506 3719 2578; baseline 0.001 -20"><span class='ocrx_word' id='word_1_478' title='bbox 2138 2506 2727 2578; x_wconf 68' lang='grc' dir='ltr'>ἐξανδραποδιζόμενοι,</span> <span class='ocrx_word' id='word_1_479' title='bbox 2763 2506 2857 2559; x_wconf 79' lang='grc' dir='ltr'>καὶ</span> <span class='ocrx_word' id='word_1_480' title='bbox 2884 2506 2984 2575; x_wconf 79' lang='grc' dir='ltr'>τῆς</span> <span class='ocrx_word' id='word_1_481' title='bbox 3016 2506 3283 2576; x_wconf 81' lang='grc' dir='ltr'>σφετέρας</span> <span class='ocrx_word' id='word_1_482' title='bbox 3316 2506 3719 2577; x_wconf 75' lang='grc' dir='ltr'>διαχωριζόμε-</span> 
     </span>
    </p>
   </div>
   <div class='ocr_carea' id='block_1_67' title="bbox 2136 2598 3718 2671">
    <p class='ocr_par' dir='ltr' id='par_1_67' title="bbox 2136 2598 3718 2671">
     <span class='ocr_line' id='line_1_67' title="bbox 2136 2598 3718 2671; baseline 0.002 -19"><span class='ocrx_word' id='word_1_483' title='bbox 2136 2616 2217 2652; x_wconf 86' lang='grc' dir='ltr'><strong>νοι</strong></span> <span class='ocrx_word' id='word_1_484' title='bbox 2268 2598 2609 2669; x_wconf 84' lang='grc' dir='ltr'>συγγενείας,</span> <span class='ocrx_word' id='word_1_485' title='bbox 2654 2600 2749 2652; x_wconf 76' lang='grc' dir='ltr'>καὶ</span> <span class='ocrx_word' id='word_1_486' title='bbox 2811 2599 2953 2653; x_wconf 83' lang='grc' dir='ltr'>κατὰ</span> <span class='ocrx_word' id='word_1_487' title='bbox 2999 2599 3264 2669; x_wconf 84' lang='grc' dir='ltr'>διαίρεσιν</span> <span class='ocrx_word' id='word_1_488' title='bbox 3318 2601 3412 2652; x_wconf 75' lang='grc' dir='ltr'>καὶ</span> <span class='ocrx_word' id='word_1_489' title='bbox 3450 2600 3718 2671; x_wconf 74' lang='grc' dir='ltr'>διανομὴν</span> 
     </span>
    </p>
   </div>
   <div class='ocr_carea' id='block_1_68' title="bbox 2138 2690 3719 2763">
    <p class='ocr_par' dir='ltr' id='par_1_68' title="bbox 2138 2690 3719 2763">
     <span class='ocr_line' id='line_1_68' title="bbox 2138 2690 3719 2763; baseline 0.003 -20"><span class='ocrx_word' id='word_1_490' title='bbox 2138 2690 2409 2744; x_wconf 84' lang='grc' dir='ltr'>δουλεύειν</span> <span class='ocrx_word' id='word_1_491' title='bbox 2435 2692 2893 2761; x_wconf 78' lang='grc' dir='ltr'>ἀναγκαζόμενοι,</span> <span class='ocrx_word' id='word_1_492' title='bbox 2932 2694 3031 2761; x_wconf 84' lang='grc' dir='ltr'>τῆς</span> <span class='ocrx_word' id='word_1_493' title='bbox 3075 2691 3424 2763; x_wconf 79' lang='grc' dir='ltr'>ἀνακλήσεως</span> <span class='ocrx_word' id='word_1_494' title='bbox 3453 2693 3719 2763; x_wconf 85' lang='grc' dir='ltr'>οὐδεμίαν</span> 
     </span>
    </p>
   </div>
   <div class='ocr_carea' id='block_1_69' title="bbox 2138 2776 3718 2852">
    <p class='ocr_par' dir='ltr' id='par_1_69' title="bbox 2138 2776 3718 2852">
     <span class='ocr_line' id='line_1_69' title="bbox 2138 2776 3718 2852; baseline 0.003 -19"><span class='ocrx_word' id='word_1_495' title='bbox 2138 2776 2285 2851; x_wconf 77' lang='grc' dir='ltr'>εἶχον</span> <span class='ocrx_word' id='word_1_496' title='bbox 2317 2781 2539 2834; x_wconf 78' lang='grc' dir='ltr'>ἐλπίδα·</span> <span class='ocrx_word' id='word_1_497' title='bbox 2590 2783 2685 2835; x_wconf 73' lang='grc' dir='ltr'><strong>καὶ</strong></span> <span class='ocrx_word' id='word_1_498' title='bbox 2717 2782 2954 2846; x_wconf 76' lang='grc' dir='ltr'>ἅπαντες</span> <span class='ocrx_word' id='word_1_499' title='bbox 2995 2781 3297 2852; x_wconf 79' lang='grc' dir='ltr'>ἄνθρωποι,</span> <span class='ocrx_word' id='word_1_500' title='bbox 3346 2783 3443 2836; x_wconf 85' lang='grc' dir='ltr'>τὸν</span> <span class='ocrx_word' id='word_1_501' title='bbox 3481 2783 3718 2838; x_wconf 81' lang='grc' dir='ltr'>θάνατον</span> 
     </span>
    </p>
   </div>
   <div class='ocr_carea' id='block_1_70' title="bbox 2139 2871 3719 2945">
    <p class='ocr_par' dir='ltr' id='par_1_70' title="bbox 2139 2871 3719 2945">
     <span class='ocr_line' id='line_1_70' title="bbox 2139 2871 3719 2945; baseline 0.002 -20"><span class='ocrx_word' id='word_1_502' title='bbox 2139 2871 2370 2943; x_wconf 75' lang='grc' dir='ltr'>δρῶντες</span> <span class='ocrx_word' id='word_1_503' title='bbox 2400 2871 2567 2943; x_wconf 80' lang='grc' dir='ltr'>ἄρδην</span> <span class='ocrx_word' id='word_1_504' title='bbox 2599 2872 2825 2944; x_wconf 84' lang='grc' dir='ltr'>ἀμῶντα</span> <span class='ocrx_word' id='word_1_505' title='bbox 2852 2875 2949 2943; x_wconf 83' lang='grc' dir='ltr'>τὴν</span> <span class='ocrx_word' id='word_1_506' title='bbox 2983 2873 3165 2942; x_wconf 83' lang='grc' dir='ltr'>φύσιν,</span> <span class='ocrx_word' id='word_1_507' title='bbox 3188 2874 3283 2927; x_wconf 78' lang='grc' dir='ltr'>καὶ</span> <span class='ocrx_word' id='word_1_508' title='bbox 3310 2873 3403 2928; x_wconf 80' lang='grc' dir='ltr'>νῦν</span> <span class='ocrx_word' id='word_1_509' title='bbox 3430 2874 3529 2945; x_wconf 83' lang='grc' dir='ltr'>μὲν</span> <span class='ocrx_word' id='word_1_510' title='bbox 3559 2874 3719 2929; x_wconf 86' lang='grc' dir='ltr'>ἀδελ-</span> 
     </span>
    </p>
   </div>
   <div class='ocr_carea' id='block_1_71' title="bbox 2140 2962 3722 3036">
    <p class='ocr_par' dir='ltr' id='par_1_71' title="bbox 2140 2962 3722 3036">
     <span class='ocr_line' id='line_1_71' title="bbox 2140 2962 3722 3036; baseline 0.003 -20"><span class='ocrx_word' id='word_1_511' title='bbox 2140 2964 2239 3033; x_wconf 71' lang='grc' dir='ltr'><strong>φὺν</strong></span> <span class='ocrx_word' id='word_1_512' title='bbox 2278 2962 2506 3032; x_wconf 59' lang='grc' dir='ltr'>ἀδελφοῦ</span> <span class='ocrx_word' id='word_1_513' title='bbox 2540 2964 2858 3035; x_wconf 78' lang='grc' dir='ltr'>χωρίζοντα,</span> <span class='ocrx_word' id='word_1_514' title='bbox 2895 2964 2990 3019; x_wconf 85' lang='grc' dir='ltr'>νῦν</span> <span class='ocrx_word' id='word_1_515' title='bbox 3026 2965 3085 3019; x_wconf 76' lang='grc' dir='ltr'>δὲ</span> <span class='ocrx_word' id='word_1_516' title='bbox 3126 2965 3313 3030; x_wconf 81' lang='grc' dir='ltr'>παιδὸς</span> <span class='ocrx_word' id='word_1_517' title='bbox 3350 2966 3561 3036; x_wconf 84' lang='grc' dir='ltr'>πατέρα</span> <span class='ocrx_word' id='word_1_518' title='bbox 3591 2984 3722 3021; x_wconf 81' lang='grc' dir='ltr'>στε-</span> 
     </span>
    </p>
   </div>
   <div class='ocr_carea' id='block_1_72' title="bbox 2142 3056 3716 3128">
    <p class='ocr_par' dir='ltr' id='par_1_72' title="bbox 2142 3056 3716 3128">
     <span class='ocr_line' id='line_1_72' title="bbox 2142 3056 3716 3128; baseline 0.003 -21"><span class='ocrx_word' id='word_1_519' title='bbox 2142 3056 2417 3126; x_wconf 83' lang='grc' dir='ltr'>ρίσκοντα,</span> <span class='ocrx_word' id='word_1_520' title='bbox 2485 3056 2763 3120; x_wconf 81' lang='grc' dir='ltr'>παντελῶς</span> <span class='ocrx_word' id='word_1_521' title='bbox 2798 3057 3153 3128; x_wconf 81' lang='grc' dir='ltr'>ἀπηγόρευον</span> <span class='ocrx_word' id='word_1_522' title='bbox 3222 3057 3320 3127; x_wconf 84' lang='grc' dir='ltr'>τὴν</span> <span class='ocrx_word' id='word_1_523' title='bbox 3391 3058 3716 3112; x_wconf 83' lang='grc' dir='ltr'>ἀνάστασιν.</span> 
     </span>
    </p>
   </div>
   <div class='ocr_carea' id='block_1_73' title="bbox 2154 3142 3719 3215">
    <p class='ocr_par' dir='ltr' id='par_1_73' title="bbox 2154 3142 3719 3215">
     <span class='ocr_line' id='line_1_73' title="bbox 2154 3142 3719 3215; baseline 0.003 -19"><span class='ocrx_word' id='word_1_524' title='bbox 2154 3143 2293 3196; x_wconf 83' lang='grc' dir='ltr'>Ἀλλ’</span> <span class='ocrx_word' id='word_1_525' title='bbox 2318 3145 2465 3214; x_wconf 71' lang='grc' dir='ltr'>ὅμως</span> <span class='ocrx_word' id='word_1_526' title='bbox 2500 3144 2696 3213; x_wconf 83' lang='grc' dir='ltr'>ἀληθῆ,</span> <span class='ocrx_word' id='word_1_527' title='bbox 2730 3144 2884 3215; x_wconf 75' lang='grc' dir='ltr'>φησὶ,</span> <span class='ocrx_word' id='word_1_528' title='bbox 2922 3145 2991 3197; x_wconf 82' lang='grc' dir='ltr'>τὰ</span> <span class='ocrx_word' id='word_1_529' title='bbox 3021 3145 3286 3215; x_wconf 84' lang='grc' dir='ltr'>εἰρημένα</span> <span class='ocrx_word' id='word_1_530' title='bbox 3308 3184 3324 3208; x_wconf 92' lang='grc'><strong>,</strong></span> <span class='ocrx_word' id='word_1_531' title='bbox 3354 3142 3458 3198; x_wconf 69' lang='grc' dir='ltr'><strong>κᾶν</strong></span> <span class='ocrx_word' id='word_1_532' title='bbox 3488 3146 3580 3198; x_wconf 71' lang='grc' dir='ltr'><strong>ἐπὶ</strong></span> <span class='ocrx_word' id='word_1_533' title='bbox 3619 3146 3719 3200; x_wconf 75' lang='grc' dir='ltr'>τοῦ</span> 
     </span>
    </p>
   </div>
   <div class='ocr_carea' id='block_1_74' title="bbox 2065 3229 3078 3313">
    <p class='ocr_par' dir='ltr' id='par_1_74' title="bbox 2065 3229 3078 3313">
     <span class='ocr_line' id='line_1_74' title="bbox 2065 3229 3078 3313; baseline 0.002 -27"><span class='ocrx_word' id='word_1_534' title='bbox 2065 3253 2109 3313; x_wconf 74' lang='lat' dir='ltr'><strong>C</strong></span> <span class='ocrx_word' id='word_1_535' title='bbox 2142 3233 2405 3305; x_wconf 78' lang='grc' dir='ltr'>παρόντος</span> <span class='ocrx_word' id='word_1_536' title='bbox 2433 3233 2602 3302; x_wconf 82' lang='grc' dir='ltr'>ἄδηλα</span> <span class='ocrx_word' id='word_1_537' title='bbox 2700 3238 2810 3298; x_wconf 82' lang='grc' dir='ltr'>τοῖς</span> <span class='ocrx_word' id='word_1_538' title='bbox 2847 3234 3078 3297; x_wconf 78' lang='grc' dir='ltr'>πολλοῖς.</span> 
     </span>
    </p>
   </div>
   <div class='ocr_carea' id='block_1_75' title="bbox 2214 3321 3720 3393">
    <p class='ocr_par' dir='ltr' id='par_1_75' title="bbox 2214 3321 3720 3393">
     <span class='ocr_line' id='line_1_75' title="bbox 2214 3321 3720 3393; baseline 0 -18"><span class='ocrx_word' id='word_1_539' title='bbox 2214 3322 2295 3379; x_wconf 85' lang='grc' dir='ltr'>ιε’.</span> <span class='ocrx_word' id='word_1_540' title='bbox 2328 3340 2346 3373; x_wconf 80' lang='grc' dir='ltr'><strong>ι</strong></span> <span class='ocrx_word' id='word_1_541' title='bbox 2392 3321 2609 3389; x_wconf 79' lang='grc' dir='ltr'>Ἐπάξει</span> <span class='ocrx_word' id='word_1_542' title='bbox 2640 3322 2751 3393; x_wconf 85' lang='grc' dir='ltr'>γὰρ</span> <span class='ocrx_word' id='word_1_543' title='bbox 2783 3323 2984 3393; x_wconf 81' lang='grc' dir='ltr'>Κύριος</span> <span class='ocrx_word' id='word_1_544' title='bbox 3014 3324 3212 3392; x_wconf 82' lang='grc' dir='ltr'>ἄνεμον</span> <span class='ocrx_word' id='word_1_545' title='bbox 3240 3322 3493 3375; x_wconf 78' lang='grc' dir='ltr'>καύσωνα</span> <span class='ocrx_word' id='word_1_546' title='bbox 3524 3326 3586 3377; x_wconf 80' lang='grc' dir='ltr'>ἐκ</span> <span class='ocrx_word' id='word_1_547' title='bbox 3616 3324 3720 3393; x_wconf 75' lang='grc' dir='ltr'><strong>τῆς</strong></span> 
     </span>
    </p>
   </div>
   <div class='ocr_carea' id='block_1_76' title="bbox 2142 3410 3717 3495">
    <p class='ocr_par' dir='ltr' id='par_1_76' title="bbox 2142 3410 3717 3495">
     <span class='ocr_line' id='line_1_76' title="bbox 2142 3410 3717 3495; baseline -0.001 -29"><span class='ocrx_word' id='word_1_548' title='bbox 2142 3413 2352 3483; x_wconf 76' lang='grc' dir='ltr'>ἐρήμου</span> <span class='ocrx_word' id='word_1_549' title='bbox 2375 3414 2459 3495; x_wconf 66' lang='grc' dir='ltr'><strong>ἐπ’</strong></span> <span class='ocrx_word' id='word_1_550' title='bbox 2484 3413 2665 3477; x_wconf 73' lang='grc' dir='ltr'>αὐτὸν,</span> <span class='ocrx_word' id='word_1_551' title='bbox 2699 3415 2788 3466; x_wconf 75' lang='grc' dir='ltr'>καὶ</span> <span class='ocrx_word' id='word_1_552' title='bbox 2819 3410 3146 3484; x_wconf 79' lang='grc' dir='ltr'>ἀναξηρανεῖ</span> <span class='ocrx_word' id='word_1_553' title='bbox 3168 3414 3264 3475; x_wconf 85' lang='grc' dir='ltr'><strong>τὰς</strong></span> <span class='ocrx_word' id='word_1_554' title='bbox 3294 3413 3497 3480; x_wconf 79' lang='grc' dir='ltr'>φλέϐας</span> <span class='ocrx_word' id='word_1_555' title='bbox 3523 3413 3717 3476; x_wconf 80' lang='grc' dir='ltr'>αὐτοῦ,</span> 
     </span>
    </p>
   </div>
   <div class='ocr_carea' id='block_1_77' title="bbox 2143 3497 3718 3574">
    <p class='ocr_par' dir='ltr' id='par_1_77' title="bbox 2143 3497 3718 3574">
     <span class='ocr_line' id='line_1_77' title="bbox 2143 3497 3718 3574; baseline -0.002 -16"><span class='ocrx_word' id='word_1_556' title='bbox 2143 3505 2237 3558; x_wconf 74' lang='grc' dir='ltr'>καὶ</span> <span class='ocrx_word' id='word_1_557' title='bbox 2274 3503 2609 3574; x_wconf 76' lang='grc' dir='ltr'>ὲξερημὼσει</span> <span class='ocrx_word' id='word_1_558' title='bbox 2661 3504 2760 3568; x_wconf 75' lang='grc' dir='ltr'><strong>τὰς</strong></span> <span class='ocrx_word' id='word_1_559' title='bbox 2812 3504 2995 3573; x_wconf 82' lang='grc' dir='ltr'>πηγὰς</span> <span class='ocrx_word' id='word_1_560' title='bbox 3044 3502 3209 3556; x_wconf 79' lang='grc' dir='ltr'>αὑτοῦ</span> <span class='ocrx_word' id='word_1_561' title='bbox 3243 3520 3257 3534; x_wconf 74' lang='grc' dir='ltr'><strong><em>ο</em></strong></span> <span class='ocrx_word' id='word_1_562' title='bbox 3294 3497 3447 3565; x_wconf 70' lang='grc' dir='ltr'>οὗτος</span> <span class='ocrx_word' id='word_1_563' title='bbox 3490 3503 3718 3574; x_wconf 77' lang='grc' dir='ltr'>ἐρημώ-</span> 
     </span>
    </p>
   </div>
   <div class='ocr_carea' id='block_1_78' title="bbox 2147 3594 3727 3666">
    <p class='ocr_par' dir='ltr' id='par_1_78' title="bbox 2147 3594 3727 3666">
     <span class='ocr_line' id='line_1_78' title="bbox 2147 3594 3727 3666; baseline -0.001 -18"><span class='ocrx_word' id='word_1_564' title='bbox 2147 3612 2227 3648; x_wconf 89' lang='grc' dir='ltr'><strong>σει</strong></span> <span class='ocrx_word' id='word_1_565' title='bbox 2250 3597 2290 3628; x_wconf 83' lang='grc'><strong>¹¹</strong></span> <span class='ocrx_word' id='word_1_566' title='bbox 2320 3595 2418 3666; x_wconf 83' lang='grc' dir='ltr'>τὴν</span> <span class='ocrx_word' id='word_1_567' title='bbox 2456 3599 2561 3665; x_wconf 87' lang='grc' dir='ltr'>γῆν</span> <span class='ocrx_word' id='word_1_568' title='bbox 2593 3596 2782 3659; x_wconf 77' lang='grc' dir='ltr'>αὐτοῦ,</span> <span class='ocrx_word' id='word_1_569' title='bbox 2817 3596 2913 3650; x_wconf 69' lang='grc' dir='ltr'>καὶ</span> <span class='ocrx_word' id='word_1_570' title='bbox 2944 3596 3118 3650; x_wconf 76' lang='grc' dir='ltr'>πάντα</span> <span class='ocrx_word' id='word_1_571' title='bbox 3153 3596 3221 3649; x_wconf 81' lang='grc' dir='ltr'>τὰ</span> <span class='ocrx_word' id='word_1_572' title='bbox 3265 3595 3434 3664; x_wconf 88' lang='grc' dir='ltr'>σκεύη</span> <span class='ocrx_word' id='word_1_573' title='bbox 3461 3594 3627 3649; x_wconf 76' lang='grc' dir='ltr'>αὐτοῦ</span> <span class='ocrx_word' id='word_1_574' title='bbox 3655 3594 3727 3647; x_wconf 85' lang='grc' dir='ltr'><strong>τά</strong></span> 
     </span>
    </p>
   </div>
   <div class='ocr_carea' id='block_1_79' title="bbox 2147 3686 3728 3757">
    <p class='ocr_par' dir='ltr' id='par_1_79' title="bbox 2147 3686 3728 3757">
     <span class='ocr_line' id='line_1_79' title="bbox 2147 3686 3728 3757; baseline 0.001 -19"><span class='ocrx_word' id='word_1_575' title='bbox 2147 3687 2480 3756; x_wconf 76' lang='grc' dir='ltr'>ἐπιθυμητὰ.</span> <span class='ocrx_word' id='word_1_576' title='bbox 2519 3706 2536 3738; x_wconf 74' lang='grc' dir='ltr'><strong>ι</strong></span> <span class='ocrx_word' id='word_1_577' title='bbox 2598 3687 2901 3740; x_wconf 80' lang='grc' dir='ltr'>Αίνίττεται</span> <span class='ocrx_word' id='word_1_578' title='bbox 2943 3686 2999 3739; x_wconf 86' lang='grc' dir='ltr'>δὲ</span> <span class='ocrx_word' id='word_1_579' title='bbox 3040 3686 3129 3740; x_wconf 76' lang='grc' dir='ltr'>διὰ</span> <span class='ocrx_word' id='word_1_580' title='bbox 3164 3686 3371 3740; x_wconf 88' lang='grc' dir='ltr'>τούτων</span> <span class='ocrx_word' id='word_1_581' title='bbox 3404 3686 3585 3757; x_wconf 79' lang='grc' dir='ltr'>Κῦρον</span> <span class='ocrx_word' id='word_1_582' title='bbox 3631 3686 3728 3740; x_wconf 79' lang='grc' dir='ltr'>τὸν</span> 
     </span>
    </p>
   </div>
   <div class='ocr_carea' id='block_1_80' title="bbox 2148 3775 3724 3848">
    <p class='ocr_par' dir='ltr' id='par_1_80' title="bbox 2148 3775 3724 3848">
     <span class='ocr_line' id='line_1_80' title="bbox 2148 3775 3724 3848; baseline -0.001 -19"><span class='ocrx_word' id='word_1_583' title='bbox 2148 3777 2362 3848; x_wconf 83' lang='grc' dir='ltr'>Πέρσην</span> <span class='ocrx_word' id='word_1_584' title='bbox 2392 3776 2908 3846; x_wconf 82' lang='grc' dir='ltr'>ἐπιστρατεύσαντα,</span> <span class='ocrx_word' id='word_1_585' title='bbox 2935 3778 3028 3831; x_wconf 68' lang='grc' dir='ltr'>καὶ</span> <span class='ocrx_word' id='word_1_586' title='bbox 3056 3776 3433 3832; x_wconf 84' lang='grc' dir='ltr'>καταλύσαντα</span> <span class='ocrx_word' id='word_1_587' title='bbox 3453 3775 3559 3830; x_wconf 81' lang='grc' dir='ltr'><strong>τῶν</strong></span> <span class='ocrx_word' id='word_1_588' title='bbox 3592 3778 3724 3829; x_wconf 77' lang='grc' dir='ltr'><strong>Ἀσ-</strong></span> 
     </span>
    </p>
   </div>
   <div class='ocr_carea' id='block_1_81' title="bbox 2150 3866 3727 3938">
    <p class='ocr_par' dir='ltr' id='par_1_81' title="bbox 2150 3866 3727 3938">
     <span class='ocr_line' id='line_1_81' title="bbox 2150 3866 3727 3938; baseline 0.001 -18"><span class='ocrx_word' id='word_1_589' title='bbox 2150 3867 2371 3938; x_wconf 79' lang='grc' dir='ltr'>συρίων,</span> <span class='ocrx_word' id='word_1_590' title='bbox 2404 3868 2579 3921; x_wconf 83' lang='grc' dir='ltr'>είτουν</span> <span class='ocrx_word' id='word_1_591' title='bbox 2607 3867 2984 3934; x_wconf 82' lang='grc' dir='ltr'>Βαϐυλωνίων,</span> <span class='ocrx_word' id='word_1_592' title='bbox 3015 3867 3109 3936; x_wconf 84' lang='grc' dir='ltr'>τὴν</span> <span class='ocrx_word' id='word_1_593' title='bbox 3152 3866 3445 3938; x_wconf 83' lang='grc' dir='ltr'>βασιλείαν,</span> <span class='ocrx_word' id='word_1_594' title='bbox 3485 3867 3577 3921; x_wconf 75' lang='grc' dir='ltr'>καὶ</span> <span class='ocrx_word' id='word_1_595' title='bbox 3612 3870 3727 3921; x_wconf 73' lang='grc' dir='ltr'><strong>πᾶ-</strong></span> 
     </span>
    </p>
   </div>
   <div class='ocr_carea' id='block_1_82' title="bbox 2148 3959 3730 4030">
    <p class='ocr_par' dir='ltr' id='par_1_82' title="bbox 2148 3959 3730 4030">
     <span class='ocr_line' id='line_1_82' title="bbox 2148 3959 3730 4030; baseline -0.001 -17"><span class='ocrx_word' id='word_1_596' title='bbox 2148 3978 2245 4013; x_wconf 89' lang='grc' dir='ltr'><strong>σαν</strong></span> <span class='ocrx_word' id='word_1_597' title='bbox 2279 3960 2377 4029; x_wconf 77' lang='grc' dir='ltr'><strong>τὴν</strong></span> <span class='ocrx_word' id='word_1_598' title='bbox 2424 3959 2707 4030; x_wconf 82' lang='grc' dir='ltr'>βασιλικὴν</span> <span class='ocrx_word' id='word_1_599' title='bbox 2759 3959 3077 4028; x_wconf 86' lang='grc' dir='ltr'>συγγένειαν</span> <span class='ocrx_word' id='word_1_600' title='bbox 3115 3959 3591 4030; x_wconf 71' lang='grc' dir='ltr'>διαφθείρανταη,</span> <span class='ocrx_word' id='word_1_601' title='bbox 3628 3960 3730 4013; x_wconf 70' lang='grc' dir='ltr'>καὶ</span> 
     </span>
    </p>
   </div>
   <div class='ocr_carea' id='block_1_83' title="bbox 2146 4047 3726 4120">
    <p class='ocr_par' dir='ltr' id='par_1_83' title="bbox 2146 4047 3726 4120">
     <span class='ocr_line' id='line_1_83' title="bbox 2146 4047 3726 4120; baseline -0.001 -19"><span class='ocrx_word' id='word_1_602' title='bbox 2146 4048 2246 4111; x_wconf 76' lang='grc' dir='ltr'><strong>τὰς</strong></span> <span class='ocrx_word' id='word_1_603' title='bbox 2275 4051 2374 4120; x_wconf 75' lang='grc' dir='ltr'>τῆς</span> <span class='ocrx_word' id='word_1_604' title='bbox 2406 4049 2719 4120; x_wconf 80' lang='grc' dir='ltr'>τυραννίδος</span> <span class='ocrx_word' id='word_1_605' title='bbox 2750 4048 3083 4118; x_wconf 81' lang='grc' dir='ltr'>ἀφελόμενον</span> <span class='ocrx_word' id='word_1_606' title='bbox 3111 4050 3364 4119; x_wconf 78' lang='grc' dir='ltr'>ἀφορμάς</span> <span class='ocrx_word' id='word_1_607' title='bbox 3390 4066 3403 4078; x_wconf 91' lang='grc'><strong>·</strong></span> <span class='ocrx_word' id='word_1_608' title='bbox 3449 4047 3656 4112; x_wconf 87' lang='grc' dir='ltr'>ταύτας</span> <span class='ocrx_word' id='word_1_609' title='bbox 3679 4048 3726 4080; x_wconf 72' lang='grc'><strong>⁸³</strong></span> 
     </span>
    </p>
   </div>
   <div class='ocr_carea' id='block_1_84' title="bbox 2147 4138 3723 4211">
    <p class='ocr_par' dir='ltr' id='par_1_84' title="bbox 2147 4138 3723 4211">
     <span class='ocr_line' id='line_1_84' title="bbox 2147 4138 3723 4211; baseline -0.001 -18"><span class='ocrx_word' id='word_1_610' title='bbox 2147 4139 2255 4211; x_wconf 86' lang='grc' dir='ltr'><strong>γὰρ</strong></span> <span class='ocrx_word' id='word_1_611' title='bbox 2305 4139 2579 4210; x_wconf 80' lang='grc' dir='ltr'>τροπικῶς</span> <span class='ocrx_word' id='word_1_612' title='bbox 2632 4138 2827 4209; x_wconf 58' lang='grc' dir='ltr'>πηγὰς</span> <span class='ocrx_word' id='word_1_613' title='bbox 2886 4140 2981 4192; x_wconf 70' lang='grc' dir='ltr'>καὶ</span> <span class='ocrx_word' id='word_1_614' title='bbox 3009 4138 3232 4207; x_wconf 72' lang='grc' dir='ltr'>φλέϐας</span> <span class='ocrx_word' id='word_1_615' title='bbox 3296 4138 3723 4210; x_wconf 84' lang='grc' dir='ltr'>προσαγορεύει.</span> 
     </span>
    </p>
   </div>
   <div class='ocr_carea' id='block_1_85' title="bbox 2158 4228 3725 4301">
    <p class='ocr_par' dir='ltr' id='par_1_85' title="bbox 2158 4228 3725 4301">
     <span class='ocr_line' id='line_1_85' title="bbox 2158 4228 3725 4301; baseline -0.001 -17"><span class='ocrx_word' id='word_1_616' title='bbox 2158 4229 2462 4301; x_wconf 76' lang='grc' dir='ltr'>Ἦὸουλὴθη</span> <span class='ocrx_word' id='word_1_617' title='bbox 2497 4230 2553 4283; x_wconf 79' lang='grc' dir='ltr'>δὲ</span> <span class='ocrx_word' id='word_1_618' title='bbox 2584 4229 2672 4284; x_wconf 77' lang='grc' dir='ltr'><strong>διὰ</strong></span> <span class='ocrx_word' id='word_1_619' title='bbox 2700 4230 2904 4282; x_wconf 88' lang='grc' dir='ltr'>τούτων</span> <span class='ocrx_word' id='word_1_620' title='bbox 2932 4228 3160 4293; x_wconf 80' lang='grc' dir='ltr'>διδάξαι,</span> <span class='ocrx_word' id='word_1_621' title='bbox 3199 4228 3303 4281; x_wconf 82' lang='grc' dir='ltr'>τίνι</span> <span class='ocrx_word' id='word_1_622' title='bbox 3333 4229 3519 4300; x_wconf 81' lang='grc' dir='ltr'>τρόπῳ</span> <span class='ocrx_word' id='word_1_623' title='bbox 3547 4247 3725 4284; x_wconf 80' lang='grc' dir='ltr'><strong>κατα⁹</strong></span> 
     </span>
    </p>
   </div>
   <div class='ocr_carea' id='block_1_86' title="bbox 2146 4319 3721 4392">
    <p class='ocr_par' dir='ltr' id='par_1_86' title="bbox 2146 4319 3721 4392">
     <span class='ocr_line' id='line_1_86' title="bbox 2146 4319 3721 4392; baseline 0 -17"><span class='ocrx_word' id='word_1_624' title='bbox 2146 4323 2299 4375; x_wconf 86' lang='grc' dir='ltr'>λύσει</span> <span class='ocrx_word' id='word_1_625' title='bbox 2341 4322 2399 4375; x_wconf 80' lang='grc' dir='ltr'>ὃν</span> <span class='ocrx_word' id='word_1_626' title='bbox 2444 4321 2718 4392; x_wconf 81' lang='grc' dir='ltr'>τροπικῶς</span> <span class='ocrx_word' id='word_1_627' title='bbox 2777 4319 3037 4373; x_wconf 77' lang='grc' dir='ltr'>θάνατον</span> <span class='ocrx_word' id='word_1_628' title='bbox 3097 4320 3191 4374; x_wconf 80' lang='grc' dir='ltr'>καὶ</span> <span class='ocrx_word' id='word_1_629' title='bbox 3241 4319 3395 4386; x_wconf 81' lang='grc' dir='ltr'>ᾅδην</span> <span class='ocrx_word' id='word_1_630' title='bbox 3437 4320 3721 4375; x_wconf 72' lang='grc' dir='ltr'>ἐκάλεσεν.</span> 
     </span>
    </p>
   </div>
   <div class='ocr_carea' id='block_1_87' title="bbox 2160 4410 3625 4482">
    <p class='ocr_par' dir='ltr' id='par_1_87' title="bbox 2160 4410 3625 4482">
     <span class='ocr_line' id='line_1_87' title="bbox 2160 4410 3625 4482; baseline -0.003 -14"><span class='ocrx_word' id='word_1_631' title='bbox 2160 4413 2325 4468; x_wconf 83' lang='grc' dir='ltr'><strong>Ἀλλά</strong></span> <span class='ocrx_word' id='word_1_632' title='bbox 2357 4412 2526 4468; x_wconf 80' lang='grc' dir='ltr'>ταῦτα</span> <span class='ocrx_word' id='word_1_633' title='bbox 2559 4412 2657 4482; x_wconf 85' lang='grc' dir='ltr'>μὲν</span> <span class='ocrx_word' id='word_1_634' title='bbox 2692 4412 2830 4482; x_wconf 85' lang='grc' dir='ltr'><strong>μετά</strong></span> <span class='ocrx_word' id='word_1_635' title='bbox 2865 4411 3035 4463; x_wconf 84' lang='grc' dir='ltr'>ταῦτα</span> <span class='ocrx_word' id='word_1_636' title='bbox 3065 4412 3354 4481; x_wconf 86' lang='grc' dir='ltr'>γενήσεται</span> <span class='ocrx_word' id='word_1_637' title='bbox 3382 4428 3395 4440; x_wconf 88' lang='grc'><strong>·</strong></span> <span class='ocrx_word' id='word_1_638' title='bbox 3426 4410 3519 4465; x_wconf 83' lang='grc' dir='ltr'>νῦν</span> <span class='ocrx_word' id='word_1_639' title='bbox 3548 4410 3625 4475; x_wconf 85' lang='grc' dir='ltr'>δὲ,</span> 
     </span>
    </p>
   </div>
   <div class='ocr_carea' id='block_1_88' title="bbox 2675 4502 3199 4555">
    <p class='ocr_par' dir='ltr' id='par_1_88' title="bbox 2675 4502 3199 4555">
     <span class='ocr_line' id='line_1_88' title="bbox 2675 4502 3199 4555; baseline 0 0"><span class='ocrx_word' id='word_1_640' title='bbox 2675 4502 3069 4555; x_wconf 79' lang='grc' dir='ltr'><strong>ΚΕΦΑΛΔΙΟΝ</strong></span> <span class='ocrx_word' id='word_1_641' title='bbox 3102 4502 3199 4555; x_wconf 83' lang='grc' dir='ltr'><strong>ΙΔ’.</strong></span> 
     </span>
    </p>
   </div>
   <div class='ocr_carea' id='block_1_89' title="bbox 538 4581 2038 4672">
    <p class='ocr_par' dir='ltr' id='par_1_89' title="bbox 538 4604 2038 4672">
     <span class='ocr_line' id='line_1_89' title="bbox 538 4604 2038 4672; baseline -0.001 -11"><span class='ocrx_word' id='word_1_642' title='bbox 538 4604 706 4663; x_wconf 76' lang='lat' dir='ltr'><strong>Vens.</strong></span> <span class='ocrx_word' id='word_1_643' title='bbox 744 4607 794 4662; x_wconf 76' lang='lat' dir='ltr'><strong>l.</strong></span> <span class='ocrx_word' id='word_1_644' title='bbox 843 4627 861 4661; x_wconf 80' lang='grc' dir='ltr'><strong>ι</strong></span> <span class='ocrx_word' id='word_1_645' title='bbox 894 4606 1174 4663; x_wconf 85' lang='lat' dir='ltr'><strong>Delebitur</strong></span> <span class='ocrx_word' id='word_1_646' title='bbox 1226 4604 1496 4661; x_wconf 86' lang='lat' dir='ltr'><strong>Samaria.</strong></span> <span class='ocrx_word' id='word_1_647' title='bbox 1536 4625 1554 4658; x_wconf 73' lang='grc' dir='ltr'><strong>ι</strong></span> <span class='ocrx_word' id='word_1_648' title='bbox 1604 4605 1742 4672; x_wconf 58' lang='lat' dir='ltr'><strong>Quae</strong></span> <span class='ocrx_word' id='word_1_649' title='bbox 1781 4622 1917 4662; x_wconf 87' lang='lat' dir='ltr'><strong>ausa</strong></span> <span class='ocrx_word' id='word_1_650' title='bbox 1963 4613 2038 4661; x_wconf 89' lang='lat' dir='ltr'><strong>est</strong></span> 
     </span>
    </p>
   </div>
   <div class='ocr_carea' id='block_1_90' title="bbox 2143 4581 3730 4672">
    <p class='ocr_par' dir='ltr' id='par_1_90' title="bbox 2223 4589 3730 4665">
     <span class='ocr_line' id='line_1_90' title="bbox 2223 4589 3730 4665; baseline -0.003 -16"><span class='ocrx_word' id='word_1_651' title='bbox 2223 4603 2292 4651; x_wconf 89' lang='lat' dir='ltr'><strong>a.&#39;.</strong></span> <span class='ocrx_word' id='word_1_652' title='bbox 2329 4615 2348 4649; x_wconf 85' lang='grc' dir='ltr'><strong>ι</strong></span> <span class='ocrx_word' id='word_1_653' title='bbox 2371 4593 2827 4665; x_wconf 80' lang='grc' dir='ltr'>Ἀφανισθήσεται</span> <span class='ocrx_word' id='word_1_654' title='bbox 2856 4591 3155 4663; x_wconf 84' lang='grc' dir='ltr'>Σαμάρεια.</span> <span class='ocrx_word' id='word_1_655' title='bbox 3184 4610 3201 4644; x_wconf 75' lang='grc' dir='ltr'><strong>ι</strong></span> <span class='ocrx_word' id='word_1_656' title='bbox 3246 4590 3495 4645; x_wconf 83' lang='grc' dir='ltr'>Ἐναντία</span> <span class='ocrx_word' id='word_1_657' title='bbox 3530 4589 3730 4662; x_wconf 82' lang='grc' dir='ltr'>δρᾶσαι</span> 
     </span>
    </p>
   </div>
   <div class='ocr_carea' id='block_1_91' title="bbox 470 4695 2043 4767">
    <p class='ocr_par' dir='ltr' id='par_1_91' title="bbox 470 4695 2043 4767">
     <span class='ocr_line' id='line_1_91' title="bbox 470 4695 2043 4767; baseline -0.004 -15"><span class='ocrx_word' id='word_1_658' title='bbox 470 4705 664 4753; x_wconf 83' lang='lat' dir='ltr'><strong>contra</strong></span> <span class='ocrx_word' id='word_1_659' title='bbox 684 4698 1022 4753; x_wconf 84' lang='lat' dir='ltr'><strong>voluntatem</strong></span> <span class='ocrx_word' id='word_1_660' title='bbox 1052 4695 1147 4751; x_wconf 85' lang='lat' dir='ltr'><strong>Dei</strong></span> <span class='ocrx_word' id='word_1_661' title='bbox 1178 4711 1339 4767; x_wconf 81' lang='lat' dir='ltr'><strong>agere</strong></span> <span class='ocrx_word' id='word_1_662' title='bbox 1362 4737 1377 4761; x_wconf 96' lang='lat'><strong>,</strong></span> <span class='ocrx_word' id='word_1_663' title='bbox 1408 4702 1465 4750; x_wconf 90' lang='lat' dir='ltr'><strong>et</strong></span> <span class='ocrx_word' id='word_1_664' title='bbox 1492 4696 1635 4751; x_wconf 86' lang='lat' dir='ltr'><strong>bello</strong></span> <span class='ocrx_word' id='word_1_665' title='bbox 1661 4704 2043 4761; x_wconf 87' lang='lat' dir='ltr'><strong>consumetur,</strong></span> 
     </span>
    </p>
   </div>
   <div class='ocr_carea' id='block_1_92' title="bbox 472 4784 2046 4854">
    <p class='ocr_par' dir='ltr' id='par_1_92' title="bbox 472 4784 2046 4854">
     <span class='ocr_line' id='line_1_92' title="bbox 472 4784 2046 4854; baseline -0.004 -12"><span class='ocrx_word' id='word_1_666' title='bbox 472 4793 532 4842; x_wconf 85' lang='lat' dir='ltr'><strong>et</strong></span> <span class='ocrx_word' id='word_1_667' title='bbox 556 4785 679 4854; x_wconf 86' lang='lat' dir='ltr'><strong>ejus</strong></span> <span class='ocrx_word' id='word_1_668' title='bbox 709 4787 904 4842; x_wconf 63' lang='lat' dir='ltr'><strong>incolae</strong></span> <span class='ocrx_word' id='word_1_669' title='bbox 935 4786 1203 4841; x_wconf 86' lang='lat' dir='ltr'><strong>videbunt</strong></span> <span class='ocrx_word' id='word_1_670' title='bbox 1237 4785 1481 4842; x_wconf 82' lang='lat' dir='ltr'><strong>infantes</strong></span> <span class='ocrx_word' id='word_1_671' title='bbox 1515 4786 1784 4840; x_wconf 85' lang='lat' dir='ltr'><strong>lactentes</strong></span> <span class='ocrx_word' id='word_1_672' title='bbox 1816 4784 1882 4839; x_wconf 89' lang='lat' dir='ltr'><strong>ad</strong></span> <span class='ocrx_word' id='word_1_673' title='bbox 1935 4791 2046 4838; x_wconf 87' lang='lat' dir='ltr'><strong>ter-</strong></span> 
     </span>
    </p>
   </div>
   <div class='ocr_carea' id='block_1_93' title="bbox 473 4875 2047 4949">
    <p class='ocr_par' dir='ltr' id='par_1_93' title="bbox 473 4875 2047 4949">
     <span class='ocr_line' id='line_1_93' title="bbox 473 4875 2047 4949; baseline -0.004 -14"><span class='ocrx_word' id='word_1_674' title='bbox 473 4893 590 4935; x_wconf 85' lang='lat' dir='ltr'><strong>ram</strong></span> <span class='ocrx_word' id='word_1_675' title='bbox 635 4880 785 4935; x_wconf 89' lang='lat' dir='ltr'><strong>allidi</strong></span> <span class='ocrx_word' id='word_1_676' title='bbox 808 4922 823 4946; x_wconf 91' lang='lat'><strong>,</strong></span> <span class='ocrx_word' id='word_1_677' title='bbox 868 4894 933 4934; x_wconf 89' lang='lat' dir='ltr'><strong>ac</strong></span> <span class='ocrx_word' id='word_1_678' title='bbox 967 4888 1313 4949; x_wconf 65' lang='lat' dir='ltr'><strong>praegnantes</strong></span> <span class='ocrx_word' id='word_1_679' title='bbox 1342 4878 1507 4935; x_wconf 87' lang='lat' dir='ltr'><strong>simul</strong></span> <span class='ocrx_word' id='word_1_680' title='bbox 1537 4892 1663 4931; x_wconf 90' lang='lat' dir='ltr'><strong>cum</strong></span> <span class='ocrx_word' id='word_1_681' title='bbox 1695 4875 1807 4931; x_wconf 87' lang='lat' dir='ltr'><strong>fetu</strong></span> <span class='ocrx_word' id='word_1_682' title='bbox 1845 4876 2047 4945; x_wconf 87' lang='lat' dir='ltr'><strong>perire.</strong></span> 
     </span>
    </p>
   </div>
   <div class='ocr_carea' id='block_1_94' title="bbox 475 4965 1610 5040">
    <p class='ocr_par' dir='ltr' id='par_1_94' title="bbox 475 4965 1610 5040">
     <span class='ocr_line' id='line_1_94' title="bbox 475 4965 1610 5040; baseline -0.002 -16"><span class='ocrx_word' id='word_1_683' title='bbox 475 4967 586 5025; x_wconf 84' lang='lat' dir='ltr'><strong>Sed</strong></span> <span class='ocrx_word' id='word_1_684' title='bbox 621 4985 691 5026; x_wconf 88' lang='lat' dir='ltr'><strong>ne</strong></span> <span class='ocrx_word' id='word_1_685' title='bbox 719 4969 916 5024; x_wconf 89' lang='lat' dir='ltr'><strong>horum</strong></span> <span class='ocrx_word' id='word_1_686' title='bbox 949 4968 1383 5040; x_wconf 79' lang='lat' dir='ltr'><strong>experimentum</strong></span> <span class='ocrx_word' id='word_1_687' title='bbox 1413 4965 1610 5031; x_wconf 83' lang='lat' dir='ltr'><strong>facias,</strong></span> 
     </span>
    </p>
   </div>
   <div class='ocr_carea' id='block_1_95' title="bbox 543 5144 2044 5216">
    <p class='ocr_par' dir='ltr' id='par_1_95' title="bbox 543 5144 2044 5216">
     <span class='ocr_line' id='line_1_95' title="bbox 543 5144 2044 5216; baseline -0.004 -11"><span class='ocrx_word' id='word_1_688' title='bbox 543 5145 711 5205; x_wconf 71' lang='lat' dir='ltr'><strong>Vsus.</strong></span> <span class='ocrx_word' id='word_1_689' title='bbox 741 5149 796 5204; x_wconf 73' lang='lat'><strong>2.</strong></span> <span class='ocrx_word' id='word_1_690' title='bbox 834 5166 853 5201; x_wconf 77' lang='grc' dir='ltr'><strong>ι</strong></span> <span class='ocrx_word' id='word_1_691' title='bbox 885 5147 1253 5216; x_wconf 86' lang='lat' dir='ltr'><strong>Convertere,</strong></span> <span class='ocrx_word' id='word_1_692' title='bbox 1298 5164 1332 5204; x_wconf 90' lang='grc' dir='ltr'><strong>ο</strong></span> <span class='ocrx_word' id='word_1_693' title='bbox 1371 5145 1542 5203; x_wconf 85' lang='lat' dir='ltr'><strong>Israel</strong></span> <span class='ocrx_word' id='word_1_694' title='bbox 1569 5187 1586 5212; x_wconf 91' lang='lat'><strong>,</strong></span> <span class='ocrx_word' id='word_1_695' title='bbox 1641 5144 1709 5200; x_wconf 89' lang='lat' dir='ltr'><strong>ad</strong></span> <span class='ocrx_word' id='word_1_696' title='bbox 1756 5144 2044 5201; x_wconf 88' lang='lat' dir='ltr'><strong>Dominum</strong></span> 
     </span>
    </p>
   </div>
   <div class='ocr_carea' id='block_1_96' title="bbox 474 5235 2043 5308">
    <p class='ocr_par' dir='ltr' id='par_1_96' title="bbox 474 5235 2043 5308">
     <span class='ocr_line' id='line_1_96' title="bbox 474 5235 2043 5308; baseline -0.004 -11"><span class='ocrx_word' id='word_1_697' title='bbox 474 5239 647 5297; x_wconf 83' lang='lat' dir='ltr'><strong>Deum</strong></span> <span class='ocrx_word' id='word_1_698' title='bbox 677 5247 855 5296; x_wconf 87' lang='lat' dir='ltr'><strong>tuum.</strong></span> <span class='ocrx_word' id='word_1_699' title='bbox 897 5259 917 5294; x_wconf 75' lang='grc' dir='ltr'><strong>ι</strong></span> <span class='ocrx_word' id='word_1_700' title='bbox 964 5240 1234 5308; x_wconf 81' lang='lat' dir='ltr'><strong>Quoniam</strong></span> <span class='ocrx_word' id='word_1_701' title='bbox 1288 5239 1345 5294; x_wconf 91' lang='lat' dir='ltr'><strong>in</strong></span> <span class='ocrx_word' id='word_1_702' title='bbox 1393 5236 1785 5308; x_wconf 88' lang='lat' dir='ltr'><strong>iniquitatibus</strong></span> <span class='ocrx_word' id='word_1_703' title='bbox 1815 5235 2043 5291; x_wconf 90' lang='lat' dir='ltr'><strong>multum</strong></span> 
     </span>
    </p>
   </div>
   <div class='ocr_carea' id='block_1_97' title="bbox 475 5327 2046 5404">
    <p class='ocr_par' dir='ltr' id='par_1_97' title="bbox 475 5327 2046 5404">
     <span class='ocr_line' id='line_1_97' title="bbox 475 5327 2046 5404; baseline -0.005 -16"><span class='ocrx_word' id='word_1_704' title='bbox 475 5343 695 5404; x_wconf 88' lang='lat' dir='ltr'><strong>tempus</strong></span> <span class='ocrx_word' id='word_1_705' title='bbox 744 5334 1160 5404; x_wconf 86' lang='lat' dir='ltr'><strong>consumpsisti.</strong></span> <span class='ocrx_word' id='word_1_706' title='bbox 1195 5330 1373 5404; x_wconf 70' lang='grc' dir='ltr'><strong>[δα-5]</strong></span> <span class='ocrx_word' id='word_1_707' title='bbox 1424 5329 1623 5384; x_wconf 89' lang='lat' dir='ltr'><strong>Postea</strong></span> <span class='ocrx_word' id='word_1_708' title='bbox 1672 5328 1835 5383; x_wconf 89' lang='lat' dir='ltr'><strong>ctiam</strong></span> <span class='ocrx_word' id='word_1_709' title='bbox 1886 5327 2046 5383; x_wconf 87' lang='lat' dir='ltr'><strong>docet</strong></span> 
     </span>
    </p>
   </div>
   <div class='ocr_carea' id='block_1_98' title="bbox 535 5501 1145 5568">
    <p class='ocr_par' dir='ltr' id='par_1_98' title="bbox 535 5501 1145 5568">
     <span class='ocr_line' id='line_1_98' title="bbox 535 5501 1145 5568; baseline 0 -13"><span class='ocrx_word' id='word_1_710' title='bbox 535 5509 564 5550; x_wconf 67' lang='grc'><strong><em>7</em></strong></span> <span class='ocrx_word' id='word_1_711' title='bbox 599 5501 792 5559; x_wconf 84' lang='lat' dir='ltr'><strong>Ezech.</strong></span> <span class='ocrx_word' id='word_1_712' title='bbox 826 5519 1032 5568; x_wconf 78' lang='lat' dir='ltr'><strong>xxxv&quot;,</strong></span> <span class='ocrx_word' id='word_1_713' title='bbox 1058 5504 1145 5558; x_wconf 79' lang='lat' dir='ltr'><strong>il.</strong></span> 
     </span>
    </p>
   </div>
   <div class='ocr_carea' id='block_1_99' title="bbox 2153 4680 3733 4756">
    <p class='ocr_par' dir='ltr' id='par_1_99' title="bbox 2153 4680 3733 4756">
     <span class='ocr_line' id='line_1_99' title="bbox 2153 4680 3733 4756; baseline -0.003 -16"><span class='ocrx_word' id='word_1_714' title='bbox 2153 4685 2520 4756; x_wconf 85' lang='grc' dir='ltr'>τετολμηκυῖα</span> <span class='ocrx_word' id='word_1_715' title='bbox 2554 4684 2631 4755; x_wconf 85' lang='grc' dir='ltr'>τῷ</span> <span class='ocrx_word' id='word_1_716' title='bbox 2655 4683 2783 4754; x_wconf 85' lang='grc' dir='ltr'>θείῳ</span> <span class='ocrx_word' id='word_1_717' title='bbox 2815 4683 3101 4754; x_wconf 85' lang='grc' dir='ltr'>θελήματι,</span> <span class='ocrx_word' id='word_1_718' title='bbox 3134 4684 3227 4736; x_wconf 75' lang='grc' dir='ltr'>καὶ</span> <span class='ocrx_word' id='word_1_719' title='bbox 3260 4680 3353 4736; x_wconf 78' lang='grc' dir='ltr'><strong>τοῦ</strong></span> <span class='ocrx_word' id='word_1_720' title='bbox 3380 4681 3616 4753; x_wconf 81' lang='grc' dir='ltr'>πολέμου</span> <span class='ocrx_word' id='word_1_721' title='bbox 3640 4700 3733 4749; x_wconf 84' lang='grc' dir='ltr'>γε-</span> 
     </span>
    </p>
   </div>
   <div class='ocr_carea' id='block_1_100' title="bbox 2155 4772 3735 4848">
    <p class='ocr_par' dir='ltr' id='par_1_100' title="bbox 2155 4772 3735 4848">
     <span class='ocr_line' id='line_1_100' title="bbox 2155 4772 3735 4848; baseline -0.004 -17"><span class='ocrx_word' id='word_1_722' title='bbox 2155 4779 2377 4848; x_wconf 87' lang='grc' dir='ltr'>νήσεται</span> <span class='ocrx_word' id='word_1_723' title='bbox 2435 4776 2816 4848; x_wconf 85' lang='grc' dir='ltr'>παρανάλωμα</span> <span class='ocrx_word' id='word_1_724' title='bbox 2859 4776 2952 4829; x_wconf 74' lang='grc' dir='ltr'><strong>καὶ</strong></span> <span class='ocrx_word' id='word_1_725' title='bbox 3011 4774 3228 4842; x_wconf 72' lang='grc' dir='ltr'>ὄψονται</span> <span class='ocrx_word' id='word_1_726' title='bbox 3263 4776 3311 4826; x_wconf 83' lang='grc' dir='ltr'>οἱ</span> <span class='ocrx_word' id='word_1_727' title='bbox 3341 4772 3545 4842; x_wconf 88' lang='grc' dir='ltr'>ταύτης</span> <span class='ocrx_word' id='word_1_728' title='bbox 3579 4774 3735 4844; x_wconf 71' lang='grc' dir='ltr'>οἰκή-</span> 
     </span>
    </p>
   </div>
   <div class='ocr_carea' id='block_1_101' title="bbox 2154 4862 3732 4940">
    <p class='ocr_par' dir='ltr' id='par_1_101' title="bbox 2154 4862 3732 4940">
     <span class='ocr_line' id='line_1_101' title="bbox 2154 4862 3732 4940; baseline -0.003 -19"><span class='ocrx_word' id='word_1_729' title='bbox 2154 4885 2334 4940; x_wconf 83' lang='grc' dir='ltr'>τορες,</span> <span class='ocrx_word' id='word_1_730' title='bbox 2372 4866 2441 4920; x_wconf 85' lang='grc' dir='ltr'><strong>τὰ</strong></span> <span class='ocrx_word' id='word_1_731' title='bbox 2482 4868 2580 4937; x_wconf 82' lang='grc' dir='ltr'>μὲν</span> <span class='ocrx_word' id='word_1_732' title='bbox 2634 4862 2913 4937; x_wconf 79' lang='grc' dir='ltr'>ύπομάζια</span> <span class='ocrx_word' id='word_1_733' title='bbox 2946 4866 3131 4920; x_wconf 81' lang='grc' dir='ltr'>παιδία</span> <span class='ocrx_word' id='word_1_734' title='bbox 3174 4867 3239 4935; x_wconf 80' lang='grc' dir='ltr'>τῇ</span> <span class='ocrx_word' id='word_1_735' title='bbox 3277 4866 3346 4934; x_wconf 78' lang='grc' dir='ltr'>γῇ</span> <span class='ocrx_word' id='word_1_736' title='bbox 3382 4863 3732 4935; x_wconf 79' lang='grc' dir='ltr'>προσρηγνύ-</span> 
     </span>
    </p>
   </div>
   <div class='ocr_carea' id='block_1_102' title="bbox 2160 4953 3732 5031">
    <p class='ocr_par' dir='ltr' id='par_1_102' title="bbox 2160 4953 3732 5031">
     <span class='ocr_line' id='line_1_102' title="bbox 2160 4953 3732 5031; baseline -0.002 -20"><span class='ocrx_word' id='word_1_737' title='bbox 2160 4974 2315 5031; x_wconf 86' lang='grc' dir='ltr'>μενα,</span> <span class='ocrx_word' id='word_1_738' title='bbox 2347 4956 2443 5021; x_wconf 81' lang='grc' dir='ltr'><strong>τὰς</strong></span> <span class='ocrx_word' id='word_1_739' title='bbox 2477 4956 2533 5010; x_wconf 76' lang='grc' dir='ltr'>δὲ</span> <span class='ocrx_word' id='word_1_740' title='bbox 2566 4957 2937 5029; x_wconf 83' lang='grc' dir='ltr'>κυοφορούσας</span> <span class='ocrx_word' id='word_1_741' title='bbox 2970 4955 3108 5027; x_wconf 83' lang='grc' dir='ltr'>μετὰ</span> <span class='ocrx_word' id='word_1_742' title='bbox 3134 4955 3241 5008; x_wconf 84' lang='grc' dir='ltr'>τῶν</span> <span class='ocrx_word' id='word_1_743' title='bbox 3286 4953 3539 5025; x_wconf 75' lang='grc' dir='ltr'>ἐμϐρύων</span> <span class='ocrx_word' id='word_1_744' title='bbox 3579 4956 3732 5008; x_wconf 80' lang='grc' dir='ltr'>ἀναι·</span> 
     </span>
    </p>
   </div>
   <div class='ocr_carea' id='block_1_103' title="bbox 2162 5047 3731 5123">
    <p class='ocr_par' dir='ltr' id='par_1_103' title="bbox 2162 5047 3731 5123">
     <span class='ocr_line' id='line_1_103' title="bbox 2162 5047 3731 5123; baseline -0.001 -21"><span class='ocrx_word' id='word_1_745' title='bbox 2162 5049 2428 5123; x_wconf 85' lang='grc' dir='ltr'>ρουμένας</span> <span class='ocrx_word' id='word_1_746' title='bbox 2457 5049 2523 5104; x_wconf 70' lang='grc'><strong>¹⁶.</strong></span> <span class='ocrx_word' id='word_1_747' title='bbox 2570 5049 2707 5101; x_wconf 81' lang='grc' dir='ltr'>Ἀλλ’</span> <span class='ocrx_word' id='word_1_748' title='bbox 2744 5049 2830 5101; x_wconf 83' lang='grc' dir='ltr'><strong>ἵνα</strong></span> <span class='ocrx_word' id='word_1_749' title='bbox 2863 5048 3067 5102; x_wconf 86' lang='grc' dir='ltr'>τούτων</span> <span class='ocrx_word' id='word_1_750' title='bbox 3108 5048 3182 5119; x_wconf 84' lang='grc' dir='ltr'>μὴ</span> <span class='ocrx_word' id='word_1_751' title='bbox 3209 5047 3337 5121; x_wconf 81' lang='grc' dir='ltr'>δέξῃ</span> <span class='ocrx_word' id='word_1_752' title='bbox 3377 5047 3475 5117; x_wconf 79' lang='grc' dir='ltr'>τὴν</span> <span class='ocrx_word' id='word_1_753' title='bbox 3511 5049 3731 5115; x_wconf 82' lang='grc' dir='ltr'>πεῖραν,</span> 
     </span>
    </p>
   </div>
   <div class='ocr_carea' id='block_1_104' title="bbox 2232 5134 3736 5213">
    <p class='ocr_par' dir='ltr' id='par_1_104' title="bbox 2232 5134 3736 5213">
     <span class='ocr_line' id='line_1_104' title="bbox 2232 5134 3736 5213; baseline -0.006 -15"><span class='ocrx_word' id='word_1_754' title='bbox 2232 5141 2300 5213; x_wconf 80' lang='grc' dir='ltr'>β’.</span> <span class='ocrx_word' id='word_1_755' title='bbox 2330 5158 2350 5192; x_wconf 80' lang='grc' dir='ltr'><strong>ι</strong></span> <span class='ocrx_word' id='word_1_756' title='bbox 2395 5141 2813 5212; x_wconf 78' lang='grc' dir='ltr'>Ἐπιστράφηθι,</span> <span class='ocrx_word' id='word_1_757' title='bbox 2844 5134 2888 5193; x_wconf 79' lang='grc' dir='ltr'><strong>ὦ</strong></span> <span class='ocrx_word' id='word_1_758' title='bbox 2913 5140 2954 5172; x_wconf 76' lang='grc'><strong>³⁸</strong></span> <span class='ocrx_word' id='word_1_759' title='bbox 2992 5137 3226 5211; x_wconf 82' lang='grc' dir='ltr'>Ἰσραὴλ,</span> <span class='ocrx_word' id='word_1_760' title='bbox 3256 5138 3392 5210; x_wconf 81' lang='grc' dir='ltr'>πρὸς</span> <span class='ocrx_word' id='word_1_761' title='bbox 3412 5137 3617 5207; x_wconf 80' lang='grc' dir='ltr'>Κύριον</span> <span class='ocrx_word' id='word_1_762' title='bbox 3642 5136 3736 5190; x_wconf 80' lang='grc' dir='ltr'>τὸν</span> 
     </span>
    </p>
   </div>
   <div class='ocr_carea' id='block_1_105' title="bbox 2152 5228 3737 5302">
    <p class='ocr_par' dir='ltr' id='par_1_105' title="bbox 2152 5228 3737 5302">
     <span class='ocr_line' id='line_1_105' title="bbox 2152 5228 3737 5302; baseline -0.005 -14"><span class='ocrx_word' id='word_1_763' title='bbox 2152 5233 2283 5288; x_wconf 83' lang='grc' dir='ltr'><strong>Θεόν</strong></span> <span class='ocrx_word' id='word_1_764' title='bbox 2314 5250 2428 5288; x_wconf 86' lang='grc' dir='ltr'>σου.</span> <span class='ocrx_word' id='word_1_765' title='bbox 2464 5252 2481 5284; x_wconf 75' lang='grc' dir='ltr'><strong>ι</strong></span> <span class='ocrx_word' id='word_1_766' title='bbox 2516 5232 2690 5286; x_wconf 82' lang='grc' dir='ltr'>Πολὺν</span> <span class='ocrx_word' id='word_1_767' title='bbox 2725 5231 2832 5302; x_wconf 86' lang='grc' dir='ltr'>γὰρ</span> <span class='ocrx_word' id='word_1_768' title='bbox 2862 5235 2918 5285; x_wconf 81' lang='grc' dir='ltr'>ὲν</span> <span class='ocrx_word' id='word_1_769' title='bbox 2948 5233 3068 5294; x_wconf 87' lang='grc' dir='ltr'>ταῖς</span> <span class='ocrx_word' id='word_1_770' title='bbox 3124 5228 3487 5300; x_wconf 85' lang='grc' dir='ltr'>παρανομίαις</span> <span class='ocrx_word' id='word_1_771' title='bbox 3538 5246 3737 5281; x_wconf 90' lang='grc' dir='ltr'>καταν-</span> 
     </span>
    </p>
   </div>
   <div class='ocr_carea' id='block_1_106' title="bbox 2154 5320 3734 5397">
    <p class='ocr_par' dir='ltr' id='par_1_106' title="bbox 2154 5320 3734 5397">
     <span class='ocr_line' id='line_1_106' title="bbox 2154 5320 3734 5397; baseline -0.004 -20"><span class='ocrx_word' id='word_1_772' title='bbox 2154 5324 2376 5397; x_wconf 82' lang='grc' dir='ltr'>ήλωσας</span> <span class='ocrx_word' id='word_1_773' title='bbox 2434 5322 2646 5394; x_wconf 90' lang='grc' dir='ltr'>χρόνον.</span> <span class='ocrx_word' id='word_1_774' title='bbox 2684 5321 2819 5377; x_wconf 81' lang='grc' dir='ltr'>Εἶτα</span> <span class='ocrx_word' id='word_1_775' title='bbox 2842 5322 2936 5375; x_wconf 72' lang='grc' dir='ltr'>καὶ</span> <span class='ocrx_word' id='word_1_776' title='bbox 2989 5321 3233 5376; x_wconf 84' lang='grc' dir='ltr'>διδάσκει</span> <span class='ocrx_word' id='word_1_777' title='bbox 3279 5320 3497 5387; x_wconf 82' lang='grc' dir='ltr'>αὐτοὺς,</span> <span class='ocrx_word' id='word_1_778' title='bbox 3558 5320 3734 5384; x_wconf 80' lang='grc' dir='ltr'>ποίοις</span> 
     </span>
    </p>
   </div>
   <div class='ocr_carea' id='block_1_107' title="bbox 1752 5613 2425 5674">
    <p class='ocr_par' dir='ltr' id='par_1_107' title="bbox 1752 5613 2425 5674">
     <span class='ocr_line' id='line_1_107' title="bbox 1752 5613 2425 5674; baseline -0.009 0"><span class='ocrx_word' id='word_1_779' title='bbox 1752 5616 1841 5674; x_wconf 73' lang='lat' dir='ltr'><strong>VA</strong></span> <span class='ocrx_word' id='word_1_780' title='bbox 1852 5613 1988 5671; x_wconf 62' lang='lat' dir='ltr'><strong>812E</strong></span> <span class='ocrx_word' id='word_1_781' title='bbox 2019 5614 2314 5671; x_wconf 76' lang='lat' dir='ltr'><strong>LECTION</strong></span> <span class='ocrx_word' id='word_1_782' title='bbox 2322 5613 2425 5669; x_wconf 85' lang='lat' dir='ltr'><strong>ES.</strong></span> 
     </span>
    </p>
   </div>
   <div class='ocr_carea' id='block_1_108' title="bbox 547 5702 3735 5832">
    <p class='ocr_par' dir='ltr' id='par_1_108' title="bbox 547 5702 3735 5832">
     <span class='ocr_line' id='line_1_108' title="bbox 547 5702 3735 5832; baseline -0.004 -59"><span class='ocrx_word' id='word_1_783' title='bbox 547 5717 569 5751; x_wconf 84' lang='lat'><strong>&#39;</strong></span> <span class='ocrx_word' id='word_1_784' title='bbox 603 5736 728 5786; x_wconf 83' lang='grc' dir='ltr'>μου.</span> <span class='ocrx_word' id='word_1_785' title='bbox 754 5717 817 5773; x_wconf 86' lang='lat' dir='ltr'><strong>C.</strong></span> <span class='ocrx_word' id='word_1_786' title='bbox 844 5733 958 5770; x_wconf 86' lang='grc' dir='ltr'>σου.</span> <span class='ocrx_word' id='word_1_787' title='bbox 1020 5715 1063 5747; x_wconf 82' lang='grc'><strong>¹⁰</strong></span> <span class='ocrx_word' id='word_1_788' title='bbox 1129 5715 1264 5769; x_wconf 82' lang='grc' dir='ltr'>διότι</span> <span class='ocrx_word' id='word_1_789' title='bbox 1297 5714 1568 5768; x_wconf 86' lang='grc' dir='ltr'>-διαστ.</span> <span class='ocrx_word' id='word_1_790' title='bbox 1617 5711 1745 5768; x_wconf 60' lang='lat' dir='ltr'><strong>&quot;ac</strong></span> <span class='ocrx_word' id='word_1_791' title='bbox 1801 5711 1868 5766; x_wconf 88' lang='lat' dir='ltr'><strong>ad</strong></span> <span class='ocrx_word' id='word_1_792' title='bbox 1911 5726 2055 5768; x_wconf 78' lang='lat' dir='ltr'><strong>vers.</strong></span> <span class='ocrx_word' id='word_1_793' title='bbox 2116 5711 2185 5768; x_wconf 79' lang='grc'><strong>15</strong></span> <span class='ocrx_word' id='word_1_794' title='bbox 2242 5711 2514 5780; x_wconf 85' lang='lat' dir='ltr'><strong>pertinent</strong></span> <span class='ocrx_word' id='word_1_795' title='bbox 2558 5706 2715 5832; x_wconf 57' lang='lat' dir='ltr'><strong>gusta</strong></span> <span class='ocrx_word' id='word_1_796' title='bbox 2744 5706 2911 5762; x_wconf 79' lang='lat' dir='ltr'><strong>ilebr.</strong></span> <span class='ocrx_word' id='word_1_797' title='bbox 2945 5713 3001 5759; x_wconf 80' lang='lat' dir='ltr'><strong>et</strong></span> <span class='ocrx_word' id='word_1_798' title='bbox 3042 5703 3240 5787; x_wconf 39' lang='grc' dir='ltr'>,ιχχη</span> <span class='ocrx_word' id='word_1_799' title='bbox 3310 5702 3508 5759; x_wconf 74' lang='lat' dir='ltr'><strong>&quot;nec.</strong></span> <span class='ocrx_word' id='word_1_800' title='bbox 3572 5703 3735 5783; x_wconf 56' lang='lat' dir='ltr'><strong>lectio</strong></span> 
     </span>
     <span class='ocr_line' id='line_1_109' title="bbox 547 5774 3729 5832; baseline -0.001 0"><span class='ocrx_word' id='word_1_801' title='bbox 547 5785 1194 5832; x_wconf 48' lang='grc' dir='ltr'>ι1-αὑτδ.τκατιιετιοανεῖ-</span> <span class='ocrx_word' id='word_1_802' title='bbox 1262 5788 1305 5817; x_wconf 80' lang='grc'><strong>¹²</strong></span> <span class='ocrx_word' id='word_1_803' title='bbox 1337 5783 1521 5832; x_wconf 81' lang='grc' dir='ltr'>διαωθ.</span> <span class='ocrx_word' id='word_1_804' title='bbox 1550 5783 1627 5832; x_wconf 78' lang='lat' dir='ltr'><strong>lla</strong></span> <span class='ocrx_word' id='word_1_805' title='bbox 1659 5797 1781 5832; x_wconf 83' lang='lat' dir='ltr'><strong>cum</strong></span> <span class='ocrx_word' id='word_1_806' title='bbox 1836 5780 1877 5832; x_wconf 87' lang='lat' dir='ltr'><strong><em>C</em></strong></span> <span class='ocrx_word' id='word_1_807' title='bbox 1917 5783 2165 5832; x_wconf 75' lang='lat' dir='ltr'><strong>lauimus.</strong></span> <span class='ocrx_word' id='word_1_808' title='bbox 2215 5782 2377 5832; x_wconf 87' lang='lat' dir='ltr'><strong>Sirm.</strong></span> <span class='ocrx_word' id='word_1_809' title='bbox 2426 5781 2553 5832; x_wconf 71' lang='grc' dir='ltr'>διαω</span> <span class='ocrx_word' id='word_1_810' title='bbox 2591 5779 2825 5832; x_wconf 75' lang='grc' dir='ltr'>είοοντα.</span> <span class='ocrx_word' id='word_1_811' title='bbox 2894 5776 2935 5807; x_wconf 79' lang='grc'>⁸³</span> <span class='ocrx_word' id='word_1_812' title='bbox 2959 5776 3099 5832; x_wconf 80' lang='lat' dir='ltr'><strong>Edtl.</strong></span> <span class='ocrx_word' id='word_1_813' title='bbox 3165 5790 3314 5832; x_wconf 84' lang='lat' dir='ltr'><strong>nrtor</strong></span> <span class='ocrx_word' id='word_1_814' title='bbox 3358 5774 3485 5830; x_wconf 86' lang='lat' dir='ltr'><strong>bab.</strong></span> <span class='ocrx_word' id='word_1_815' title='bbox 3536 5788 3729 5830; x_wconf 80' lang='grc' dir='ltr'>ταυτα.</span> 
     </span>
    </p>
   </div>
   <div class='ocr_carea' id='block_1_109' title="bbox 487 5785 1052 5905">
    <p class='ocr_par' dir='ltr' id='par_1_109' title="bbox 487 5785 1052 5905">
     <span class='ocr_line' id='line_1_110' title="bbox 487 5785 1052 5905; baseline -0.004 -67"><span class='ocrx_word' id='word_1_816' title='bbox 487 5796 595 5884; x_wconf 52' lang='grc' dir='ltr'><strong>(ἔξω,</strong></span> <span class='ocrx_word' id='word_1_817' title='bbox 613 5785 782 5848; x_wconf 74' lang='grc' dir='ltr'>αὐτὸς</span> <span class='ocrx_word' id='word_1_818' title='bbox 806 5785 1052 5905; x_wconf 71' lang='grc' dir='ltr'>καταξηρ</span> 
     </span>
     <span class='ocr_line' id='line_1_111' title="bbox 574 5855 1052 5905; baseline -0.01 0"><span class='ocrx_word' id='word_1_819' title='bbox 574 5856 660 5905; x_wconf 87' lang='grc' dir='ltr'><strong>ἀν.</strong></span> <span class='ocrx_word' id='word_1_820' title='bbox 689 5855 766 5905; x_wconf 86' lang='lat' dir='ltr'><strong>Ita</strong></span> <span class='ocrx_word' id='word_1_821' title='bbox 806 5867 930 5905; x_wconf 88' lang='lat' dir='ltr'><strong>cum</strong></span> <span class='ocrx_word' id='word_1_822' title='bbox 965 5855 1006 5905; x_wconf 66' lang='grc' dir='ltr'><strong>(ι</strong></span> <span class='ocrx_word' id='word_1_823' title='bbox 1047 5875 1052 5900; x_wconf 81' lang='lat' dir='ltr'><strong>l</strong></span> 
     </span>
    </p>
   </div>
   <div class='ocr_carea' id='block_1_110' title="bbox 497 5850 1864 5923">
    <p class='ocr_par' dir='ltr' id='par_1_110' title="bbox 497 5850 1864 5923">
     <span class='ocr_line' id='line_1_112' title="bbox 497 5850 1864 5923; baseline 0.003 -18"><span class='ocrx_word' id='word_1_824' title='bbox 497 5852 540 5884; x_wconf 77' lang='lat'>&quot;</span> <span class='ocrx_word' id='word_1_825' title='bbox 574 5856 660 5907; x_wconf 87' lang='grc' dir='ltr'><strong>ἀν.</strong></span> <span class='ocrx_word' id='word_1_826' title='bbox 689 5855 766 5908; x_wconf 84' lang='lat' dir='ltr'><strong>Ita</strong></span> <span class='ocrx_word' id='word_1_827' title='bbox 806 5867 930 5908; x_wconf 88' lang='lat' dir='ltr'><strong>cum</strong></span> <span class='ocrx_word' id='word_1_828' title='bbox 965 5850 1275 5922; x_wconf 77' lang='lat' dir='ltr'><strong>Clcgimus.</strong></span> <span class='ocrx_word' id='word_1_829' title='bbox 1315 5853 1478 5906; x_wconf 84' lang='lat' dir='ltr'><strong>Sirm.</strong></span> <span class='ocrx_word' id='word_1_830' title='bbox 1516 5850 1864 5923; x_wconf 77' lang='grc' dir='ltr'>αἱρουμένας.</span> 
     </span>
    </p>
   </div>
   <div class='ocr_carea' id='block_1_111' title="bbox 1058 5780 2553 5878">
    <p class='ocr_par' dir='ltr' id='par_1_111' title="bbox 1058 5780 2553 5878">
     <span class='ocr_line' id='line_1_113' title="bbox 1058 5780 2553 5878; baseline -0.003 -40"><span class='ocrx_word' id='word_1_831' title='bbox 1058 5788 1194 5865; x_wconf 69' lang='grc' dir='ltr'>ανεῑ.</span> <span class='ocrx_word' id='word_1_832' title='bbox 1262 5783 1521 5878; x_wconf 49' lang='lat' dir='ltr'><strong>&quot;admoti.</strong></span> <span class='ocrx_word' id='word_1_833' title='bbox 1550 5783 1627 5878; x_wconf 50' lang='lat' dir='ltr'><strong>ita</strong></span> <span class='ocrx_word' id='word_1_834' title='bbox 1659 5797 1781 5878; x_wconf 40' lang='lat' dir='ltr'><strong>euulsa</strong></span> <span class='ocrx_word' id='word_1_835' title='bbox 1836 5780 1877 5836; x_wconf 87' lang='lat' dir='ltr'><strong>C</strong></span> <span class='ocrx_word' id='word_1_836' title='bbox 1917 5783 2179 5878; x_wconf 38' lang='lat' dir='ltr'><strong>leg-inlusi;</strong></span> <span class='ocrx_word' id='word_1_837' title='bbox 2215 5782 2404 5878; x_wconf 48' lang='grc' dir='ltr'>δίζηαι</span> <span class='ocrx_word' id='word_1_838' title='bbox 2426 5781 2553 5849; x_wconf 76' lang='grc' dir='ltr'>διαφ</span> 
     </span>
    </p>
   </div>
   <div class='ocr_carea' id='block_1_112' title="bbox 1992 5850 2437 5908">
    <p class='ocr_par' dir='ltr' id='par_1_112' title="bbox 1992 5850 2437 5908">
     <span class='ocr_line' id='line_1_114' title="bbox 1992 5850 2437 5908; baseline -0.002 -2"><span class='ocrx_word' id='word_1_839' title='bbox 1992 5852 2012 5884; x_wconf 87' lang='grc'><strong><em>⁵</em></strong></span> <span class='ocrx_word' id='word_1_840' title='bbox 2039 5850 2119 5908; x_wconf 66' lang='grc' dir='ltr'>ὦ.</span> <span class='ocrx_word' id='word_1_841' title='bbox 2137 5850 2261 5907; x_wconf 86' lang='lat' dir='ltr'><strong>Des.</strong></span> <span class='ocrx_word' id='word_1_842' title='bbox 2286 5852 2341 5905; x_wconf 88' lang='lat' dir='ltr'><strong>in</strong></span> <span class='ocrx_word' id='word_1_843' title='bbox 2371 5850 2437 5905; x_wconf 83' lang='lat' dir='ltr'><strong>A.</strong></span> 
     </span>
    </p>
   </div>
   <div class='ocr_carea' id='block_1_113' title="bbox 2624 5771 3729 5850">
    <p class='ocr_par' dir='ltr' id='par_1_113' title="bbox 2624 5771 3729 5850">
     <span class='ocr_line' id='line_1_115' title="bbox 2624 5771 3729 5850; baseline 0.001 -21"><span class='ocrx_word' id='word_1_844' title='bbox 2624 5779 2825 5850; x_wconf 81' lang='grc' dir='ltr'>ίροντα.</span> <span class='ocrx_word' id='word_1_845' title='bbox 2894 5776 2935 5807; x_wconf 78' lang='grc'>⁸³</span> <span class='ocrx_word' id='word_1_846' title='bbox 2959 5776 3099 5832; x_wconf 82' lang='lat' dir='ltr'><strong>Edit.</strong></span> <span class='ocrx_word' id='word_1_847' title='bbox 3164 5776 3314 5847; x_wconf 82' lang='lat' dir='ltr'><strong>prior</strong></span> <span class='ocrx_word' id='word_1_848' title='bbox 3358 5774 3485 5830; x_wconf 84' lang='lat' dir='ltr'><strong>bab.</strong></span> <span class='ocrx_word' id='word_1_849' title='bbox 3536 5771 3729 5830; x_wconf 79' lang='grc' dir='ltr'>ταῦτα.</span> 
     </span>
    </p>
   </div>
  </div>
