4088 6428
371 449 506 513 lb29

1647 455 1724 513 ΙΝ
1763 453 1950 514 OSEE
1987 454 2145 516 CAP.
2188 458 2339 518 XIV.

3476 452 3613 516 1630

352 560 634 631 προσήκει
662 560 972 632 χρήσασθαι
1016 561 1194 630 λόγοις
1222 561 1313 614 τὸν
1343 561 1476 617 Θεὸν
1503 561 1922 633 ἐξιλεουμένους

2040 580 2169 630 eos,
2229 568 2433 637 quibus
2473 565 2656 621 verbis
2698 564 2991 622 conveniat
3044 565 3123 619 uti
3180 561 3348 621 Deum
3394 563 3615 633 placare

362 651 568 705 Εἴπατε
626 652 757 722 γὰρ,
814 652 969 722 φησι,
1021 651 1298 709 ιΔύνασαι
1341 654 1386 685 ’⁸
1453 654 1631 708 πᾶσαν
1686 654 1937 724 ἀφαιρεῖν

364 742 661 813 ἁμαρτίαν.
696 762 716 795 ι
750 743 967 813 Ταύτην
994 743 1105 815 γάρ
1143 743 1291 814 αὐτῷ
1335 746 1433 821 τὴν
1462 744 1740 816 ἱκετηρίαν
1774 762 1939 815 προσ-

364 832 642 903 φέροντες,
673 833 733 885 οὑ
779 832 1014 903 λήψεσθε
1043 833 1142 903 μὲν
1175 833 1275 904 τῆς
1302 833 1515 898 ἀδικίας
1557 835 1625 889 τά
1662 834 1935 905 ἐπίχειρα,

362 926 422 974 ὲν
472 922 773 977 ἀπολαύσει
822 924 880 976 δὲ
940 924 1234 994 γενήσεσθε
1283 925 1639 980 παντοδαπῶν
1694 926 1933 992 ἀγαθῶν.

361 1013 633 1083 Πρόσθετε
662 1013 719 1067 δὲ
745 1014 972 1076 ἐκείνοις
998 1018 1111 1079 τοῖς
1138 1015 1335 1083 λόγοις,
1360 1016 1451 1068 τὸν
1481 1017 1707 1088 Σωτῆρα
1734 1020 1827 1071 καὶ
1845 1016 1937 1071 εὑ-

359 1105 592 1177 εργέτην
623 1105 1046 1170 ἀντιϐολοῦντες,
1078 1107 1153 1171 ὡς
1180 1107 1379 1162 Οὐκέτι
1416 1108 1591 1162 οὐδενὶ
1629 1108 1933 1180 ἀνθρώπων

359 1194 728 1266 θαρρήσομεν,
771 1196 872 1249 οὐκ
932 1195 1256 1268 Ἀσσυρίοις,
1305 1197 1407 1251 οὐκ
1451 1198 1789 1266 Αἰγυπτίοις,
1835 1198 1933 1267 οὐχ

358 1285 542 1340 ἵππων
564 1286 784 1356 πλήθει,
819 1285 942 1340 οὔτε
986 1287 1093 1358 μὴν
1133 1287 1289 1351 θεοὺς
1322 1289 1618 1360 νομιοῦμεν
1655 1290 1723 1343 τὰ
1752 1289 1934 1359 χειρό-

356 1392 545 1446 κμητα
576 1376 787 1430 εἴδωλα.
826 1374 1040 1430 Τούτων
1070 1378 1179 1447 γάρ
1217 1377 1321 1431 ὑπὸ
1352 1377 1444 1431 σοῦ
1480 1378 1807 1453 λεγομένων,
1833 1379 1862 1429 ὁ
1888 1380 1929 1411 ¹⁷

353 1468 414 1518 ὲν
450 1467 534 1531 σοὶ
564 1466 804 1536 συνεχῶς
855 1468 1177 1539 φαινόμενος
1220 1468 1435 1535 Κύριος
1473 1468 1714 1536 ἐλεήσει
1744 1471 1927 1538 ὀρφα-

352 1559 488 1612 νόνη
504 1555 775 1620 τουτέστι,
793 1557 886 1610 τὸν
900 1556 1137 1626 ὀρφανοῦ
1158 1557 1313 1629 δίκην
1336 1557 1676 1629 ἀτημέλητον
1702 1558 1830 1611 ὄντα
1846 1575 1926 1619 σε,

353 1648 449 1702 καὶ
478 1647 930 1718 ἀκηδεμόνευτον,
960 1649 1139 1715 πάσης
1168 1648 1391 1713 ἀξιώσει
1425 1648 1700 1719 προνοίας,
1724 1649 1820 1703 καὶ
1856 1649 1928 1703 ἰά-

354 1756 492 1803 σεως
521 1737 576 1792 δὲ
605 1738 901 1808 μεταδώσω
924 1755 1028 1804 σοι,
1052 1740 1161 1793 τῶν
1186 1740 1550 1811 ἐπικειμένων
1573 1741 1928 1794 ἀπαλλάττων

350 1828 561 1882 κακῶν.
605 1828 846 1899 Γνησίως
886 1829 944 1882 δὲ
974 1828 1105 1901 περὶ
1146 1829 1207 1882 σὲ
1248 1829 1594 1902 διαθήσομαι,
1627 1832 1722 1884 καὶ
1747 1831 1928 1882 πᾶσαν

349 1919 451 1990 τὴν
475 1918 857 1990 ἐπενεχθεῖσαν
885 1936 967 1973 σοι
998 1920 1338 1974 καταπαύσω
1370 1921 1620 1974 παιδείαν
1644 1938 1659 1953 ·
1691 1922 1923 1995 χορηγή-
1958 1902 1998 1955 Β

350 2028 432 2066 σω
457 2010 513 2066 δέ
555 2027 636 2064 σοι
664 2005 777 2066 οἷόν
813 2029 933 2066 τινα
954 2011 1142 2083 δρόσον
1178 2012 1277 2077 τὰς
1316 2013 1454 2083 ἐμὰς
1488 2013 1716 2085 δωρεὰς,
1747 2013 1822 2077 ὡς
1858 2013 1925 2069 ἂν

346 2105 522 2175 κρίνῳ
544 2103 941 2174 παραπλησίως
966 2105 1231 2175 ἀνθήσαις
1251 2123 1266 2137 ·
1289 2103 1448 2159 τοῦτο
1472 2106 1582 2177 γὰρ
1613 2106 1923 2177 παρεδήλω-

345 2211 443 2248 σεν
471 2193 709 2266 εἰρηκώς
739 2212 755 2226 ·
1836 2194 1839 2197 ’

419 2293 495 2352 ς’.
542 2306 562 2338 ι
593 2287 827 2358 Ἔσομαι
877 2287 1023 2351 ὡς¹⁸
1070 2287 1260 2359 δρόσος
1281 2287 1361 2357 τῷ
1412 2287 1649 2360 Ἰσραὴλ,
1698 2288 1922 2360 ἀνθήσει

340 2381 421 2444 ὡς
442 2380 645 2451 κρίνον.
678 2398 699 2432 ι
737 2379 1013 2451 Πολλαχοῦ
1035 2380 1091 2433 δὲ
1122 2379 1314 2433 τούτου
1345 2378 1437 2434 τοῦ
1456 2381 1495 2412 ¹⁹
1529 2380 1723 2445 ἄνθους
1750 2380 1923 2452 ήθεία

344 2471 624 2543 μέμνηται
652 2471 865 2544 Γραφή.
904 2472 1016 2527 Καὶ
1058 2472 1288 2536 Ἡσαΐας
1324 2472 1422 2544 μὲν
1450 2471 1550 2544 βοᾷ
1571 2490 1585 2504 ο
1623 2491 1642 2525 ι
1672 2471 1923 2542 Εὐφραν-

341 2561 548 2633 θήτωή
578 2562 805 2634 ἔρημος,
835 2562 927 2616 καὶ
950 2562 1182 2616 ἀνθείτω
1211 2562 1287 2627 ώς
1318 2563 1523 2633 κρίνον.
1558 2582 1579 2616 ι
1640 2563 1729 2617 Ἐν
1760 2562 1817 2616 δὲ
1845 2560 1922 2632 τῷ

346 2652 587 2725 ’ᾼσματι
620 2653 728 2706 τῶν
760 2653 1019 2725 ᾀσμάτων
1058 2653 1188 2725 περὶ
1240 2655 1338 2724 τῆς
1364 2653 1582 2725 νύμφης
1623 2654 1651 2708 ὁ
1690 2653 1921 2725 νυμφίος

338 2745 508 2815 φησίν
528 2763 542 2777 ο
569 2765 588 2797 ι
620 2745 710 2810 Ὧς
736 2745 920 2817 κρίνον
948 2747 1007 2799 ὲν
1035 2745 1186 2817 μέσῳ
1210 2746 1481 2813 ἀκανθῶν,
1513 2748 1687 2810 οὕτως
1713 2746 1919 2819 ὴάδελ-

335 2837 471 2909 φιδή
509 2855 609 2908 μου
628 2836 674 2868 ⁸⁸
715 2836 991 2908 ἀναμέσον
1019 2837 1126 2891 τῶν
1167 2837 1503 2909 θυγατέρων.
1535 2857 1555 2890 ι
1599 2839 1713 2892 Καὶ
1745 2841 1773 2891 ὀ
1808 2838 1921 2893 Κύ-

334 2946 459 3002 ριος
479 2929 536 2984 δὲ
560 2931 618 2984 ὲν
643 2933 757 2996 τοῖς
787 2931 953 3001 ἱεροῖς
979 2931 1337 3000 Εὐαγγελίοις
1356 2973 1370 2997 ,
1405 2951 1425 2984 ι
1465 2931 1916 3003 Ἀποϐλέψατεη,

333 3023 528 3093 φησιν,
556 3023 636 3088 είς
676 3022 741 3077 τὰ
787 3022 947 3095 κρίνα
995 3022 1090 3077 τοῦ
1122 3024 1318 3096 ἀγροῦ.
1359 3024 1532 3093 Ἀμὴν
1561 3023 1705 3092 λέγω
1752 3024 1914 3094 ὑμῖν,

330 3110 463 3166 οὔτε
503 3111 754 3183 Σολομὼν
792 3115 850 3165 ὲν
892 3114 1040 3185 πάσῃ
1081 3116 1146 3183 τῇ
1191 3112 1316 3185 δόξῃ
1350 3113 1514 3167 αὐτοῦ
1563 3114 1920 3185 περιεϐάλετο

2041 658 2412 715 studentibus.
2454 657 2628 713 Dicite
2684 658 2851 721 enim,
2881 657 2980 722 ait,
3012 674 3032 707 ι
3068 658 3226 711 Potes
3254 670 3475 711 omnem
3510 654 3615 709 tol-

2041 753 2152 809 lere
2193 753 2560 823 iniquitatem.
2597 771 2614 805 ι
2664 750 2817 807 Hanc
2858 751 3004 807 enim
3044 749 3123 804 illi
3156 748 3611 818 supplicationem

2039 843 2369 907 oﬂerentcs.
2416 858 2524 898 non
2570 844 2801 912 capietis
2858 840 3143 910 injustitiae
3186 839 3446 909 prtemia,
3477 838 3610 906 quin

2035 933 2343 989 cﬂiciemini
2379 940 2663 1002 compotes
2695 934 2941 986 omnium
2983 931 3282 986 bonorum.
3320 927 3612 997 Adjungite

2035 1025 2201 1080 etiam
2237 1025 2349 1079 illis
2376 1024 2578 1087 verbis,
2611 1022 2951 1076 Salvatorem
2989 1030 3042 1076 ct
3075 1019 3478 1076 benefactorem
3515 1031 3609 1070 ro-

2037 1125 2255 1187 gantes,
2284 1114 2424 1171 Nulli
2458 1115 2695 1184 amplius
2729 1114 3044 1169 mortalium
3075 1112 3417 1169 conﬁdemus
3444 1150 3459 1173 ,
3499 1123 3608 1161 non

2033 1207 2295 1278 Assyriis,
2329 1222 2437 1265 non
2476 1206 2765 1277 Egyptiis.
2796 1220 2908 1260 non
2941 1219 3207 1273 equorum
3242 1198 3604 1262 multitudini,

2036 1314 2213 1369 neque
2264 1300 2399 1355 deos
2447 1299 2893 1354 existimabimus
2937 1296 3083 1352 idola
3132 1294 3465 1352 manufacta.
3509 1289 3607 1344 His

2032 1392 2179 1446 enim
2212 1391 2308 1447 abs
2339 1398 2392 1445 te
2418 1389 2586 1445 dictis
2608 1430 2625 1455 ,
2680 1389 2975 1451 Dominus,
3021 1387 3115 1456 qui
3168 1385 3394 1441 assiduo
3427 1390 3604 1436 tecum

2031 1489 2150 1543 est,
2191 1481 2531 1535 miserebitur
2557 1480 2792 1548 pupilli:
2840 1477 2945 1535 hoc
2977 1485 3093 1540 est,
3133 1482 3186 1529 te
3217 1483 3477 1543 tanquam
3506 1486 3607 1539 pu-

2032 1573 2223 1643 pillum
2267 1573 2440 1629 tutela
2475 1580 2529 1626 et
2564 1571 2855 1625 curatione
2898 1576 3176 1624 carentem
3232 1564 3383 1620 omni
3422 1563 3607 1631 prori-

2031 1663 2218 1719 deutia
2254 1662 2490 1727 fovebit;
2541 1662 2651 1715 imo
2686 1661 2979 1715 sanitatem
3002 1700 3016 1724 ,
3046 1656 3262 1727 inquit,
3297 1653 3366 1708 ab
3402 1667 3603 1720 urgen—

2030 1754 2180 1809 tibus
2228 1753 2386 1810 malis
2429 1762 2481 1807 te
2532 1752 2752 1822 1378
2808 1751 3083 1815 liberans,
3135 1744 3439 1815 impertiar.
3481 1740 3607 1796 Sin-

2029 1859 2159 1899 cero
2197 1853 2378 1899 autem
2403 1841 2601 1898 aﬂ'ectu
2632 1851 2685 1896 te
2722 1854 3055 1910 prosequar,
3102 1845 3159 1893 et
3207 1833 3468 1890 inﬂictam
3502 1829 3601 1885 tibi

2028 1935 2449 2004 castigationem
2501 1948 2719 1988 omnem
2764 1945 2989 1987 cessare
3036 1928 3233 1984 faciam
3277 1943 3292 1985 ;
3341 1930 3601 1995 prrrterea

2027 2027 2122 2081 tibi
2152 2026 2308 2097 quasi
2356 2039 2539 2081 rorem
2597 2023 2892 2094 quemdam
2940 2035 3059 2077 mea
3118 2020 3262 2076 dona
3307 2014 3600 2087 praebebo,

2027 2122 2086 2169 ut
2121 2114 2321 2172 ﬂoreas
2365 2115 2514 2171 sicut
2560 2114 2759 2168 lilium.
2809 2110 2925 2165 Hoc
2967 2110 3112 2165 enim
3165 2105 3475 2178 expressit.
3520 2102 3602 2158 di-

2023 2224 2157 2266 cens
2190 2226 2204 2262 2

2096 2299 2259 2357 Vens.
2304 2298 2357 2354 6.
2411 2317 2430 2350 ι
2476 2296 2589 2353 Ero
2623 2296 2789 2368 quasi
2846 2311 2940 2352 ros
2990 2292 3224 2360 lsraeli,
3271 2288 3491 2345 ﬁorebit
3542 2296 3601 2342 ut

2024 2393 2218 2449 lilium.
2254 2410 2273 2444 ›
2324 2390 2498 2460 Hujus
2536 2404 2666 2443 vero
2706 2386 2858 2443 ﬂoris
2902 2400 3051 2455 saepe
3103 2397 3267 2439 sacra
3314 2379 3600 2450 Scriptura

2023 2481 2294 2538 meminit.
2330 2480 2397 2535 Et
2421 2478 2645 2550 quidem
2678 2478 2849 2533 Isaias
2877 2477 3081 2531 clamat
3113 2495 3126 2530 :
3175 2492 3193 2525 ι
3229 2472 3464 2527 ιωιειιιτ
3501 2470 3598 2525 de-

2021 2580 2201 2635 serta,
2228 2581 2282 2625 ct
2312 2569 2502 2626 ﬂoreat
2527 2568 2690 2639 quasi
2719 2567 2893 2621 lilium
2926 2574 2971 2620 ³.
3007 2583 3025 2617 ι
3066 2565 3126 2620 ln
3158 2563 3391 2618 Cantica
3418 2570 3597 2615 autem

2022 2663 2366 2718 canticorum
2392 2661 2461 2715 de
2490 2675 2693 2730 sponsa
2724 2673 2966 2729 sponsus
3004 2657 3121 2710 ait:
3163 2674 3182 2706 ι
3223 2653 3378 2708 Sicut
3422 2653 3597 2707 lilium

2023 2755 2076 2810 in
2104 2752 2284 2810 medio
2308 2753 2612 2824 spinarum,
2645 2752 2726 2807 sic
2748 2759 2979 2820 cognata
3011 2763 3131 2802 mca
3164 2747 3305 2800 inter
3335 2744 3475 2800 ﬁlias
3499 2756 3547 2797 ³.
3571 2761 3592 2796 ι

2021 2845 2159 2901 Τιιιιι
2187 2846 2244 2901 in
2276 2844 2453 2902 sacris
2475 2842 2787 2912 Evangeliis
2819 2842 3088 2896 Dominus
3121 2839 3298 2907 inquit
3334 2855 3349 2892 :
3401 2854 3421 2888 ι
3454 2835 3600 2890 Con-

2021 2938 2263 2994 siderate
2297 2937 2409 2991 lilia
2441 2935 2583 3006 agri.
2613 2933 2787 2990 Amen
2819 2933 2944 2988 dico
2972 2931 3151 2995 vobis,
3192 2933 3207 2952 ⁶
3253 2944 3324 2984 ne
3361 2927 3590 2983 Salomo
3635 2921 3656 2945 ’

2020 3026 2244 3098 quidem
2276 3025 2331 3080 iu
2358 3025 2509 3080 omni
2541 3023 2717 3094 gloria
2745 3038 2844 3078 sua
2866 3024 3099 3078 vestitus
3128 3019 3228 3076 fuit
3258 3021 3404 3077 sicut
3427 3032 3596 3074 unum

2019 3134 2085 3172 ex
2131 3118 2253 3172 istis
2292 3116 2343 3170 δ.
2386 3134 2406 3168 ι
2459 3115 2537 3168 Ex
2575 3113 2724 3168 omni
2772 3120 2926 3183 parte
2969 3112 3134 3181 igitur
3162 3111 3594 3180 cognoscimus,

329 3205 413 3268 ὡς
442 3203 500 3257 ἓν
529 3204 755 3258 τούτων.
791 3223 809 3256 ι
857 3205 1202 3275 Πανταχόθεν
1236 3205 1417 3258 τοίνυν
1450 3207 1815 3277 μανθάνομεν,
1843 3207 1919 3271 ὡς

2023 3214 2220 3276 praeter
2245 3195 2676 3261 suaveolentiam
2708 3204 2872 3257 etiam
2907 3202 3005 3255 lilii
3039 3201 3383 3270 splendorem
3419 3197 3596 3252 admio

332 3297 475 3368 πρὸς
498 3299 563 3368 τῇ
590 3296 792 3368 εὐωδίᾳ
825 3296 918 3350 καὶ
943 3299 976 3367 ἡ
998 3297 1320 3369 λαμπρότης
1349 3297 1443 3351 τοῦ
1480 3298 1673 3362 ἄνθους
1702 3298 1914 3368 θαυμά-

332 3391 509 3456 ζεται.
560 3388 747 3461 Ταύτῃ
791 3388 848 3442 δὲ
890 3388 1296 3460 παραϐάλλεται
1351 3391 1384 3459 ή
1439 3387 1533 3441 τοῦ
1582 3388 1754 3458 ῥύπου
1816 3391 1916 3459 τῆς

329 3480 612 3552 ἁμαρτίας
641 3479 1039 3551 ἀπηλλαγμένη
1066 3479 1234 3551 ψυχὴ,
1270 3479 1363 3532 καὶ
1391 3478 1488 3549 τὴν
1524 3478 1915 3549 λαμπροτάτην

329 3571 432 3625 τοῦ
461 3571 838 3641 βαπτίσματος
861 3570 1300 3640 περιϐεϐλημένη
1327 3570 1542 3639 στολὴν,
1573 3570 1702 3640 ’περὶ⁹
1729 3563 1796 3642 ἧς
1821 3570 1916 3623 καὶ

342 3664 572 3726 Ἡσαΐας
612 3662 712 3735 βοᾷ
731 3680 743 3693 ·
782 3682 801 3715 ι
840 3661 1211 3732 Ἀγαλλιάσθω
1233 3663 1266 3734 ἡ
1291 3661 1436 3732 ψυχή
1463 3679 1562 3731 μου
1585 3661 1676 3714 ἐπὶ
1702 3661 1779 3732 τῷ
1807 3662 1916 3715 Κυ-

337 3754 469 3826 ρίῳ”
516 3753 729 3807 ἐνέδυσε
761 3753 870 3825 γάρ
907 3769 976 3825 με
1014 3753 1228 3822 ἱμάτιον
1257 3751 1548 3824 σωτηρίου,
1586 3752 1681 3805 καὶ
1714 3750 1916 3822 χιτῶνα

336 3843 696 3916 εὐφροσύνης.
711 3863 728 3895 ι
745 3844 932 3913 Τούτῳ
955 3843 1064 3915 γὰρ
1086 3843 1481 3914 παραπλησίως
1495 3843 1572 3914 τῷ
1586 3843 1756 3914 κρίνῳ
1775 3843 1869 3897 καὶ
1888 3846 1916 3898 ὀ

349 3932 567 4003 Ἰσραὴλ
601 3934 690 3988 τὸν
729 3932 862 3987 Θεὸν
907 3933 1184 4001 ἐπιγνοὺς,
1255 3951 1273 3984 ι
1311 3934 1584 4004 Ἀνθήσει,
1624 3933 1786 4002 φησὶ,
1820 3935 1915 3987 καὶ

336 4024 495 4097 βαλεῖ
535 4026 633 4089 τὰς
678 4025 835 4096 ῥίζας
890 4023 1056 4078 αὑτοῦ
1091 4022 1167 4087 ὡς
1210 4021 1462 4086 Λίϐανος.
1498 4041 1517 4072 ι
1561 4023 1722 4094 Δηλοῖ
1753 4023 1809 4076 δὲ
1852 4024 1915 4077 τὸ

330 4119 459 4188 ὅρος
486 4116 548 4171 τὸ
575 4120 694 4183 ταῖς
722 4117 935 4187 κέδροις
963 4132 1192 4170 κατεστε
1204 4114 1430 4187 μμένον.
1473 4109 1608 4168 Εἶτα
1632 4113 1693 4167 τὸ
1717 4113 1912 4184 ἐσόμεσ

329 4226 425 4263 νον
451 4207 819 4279 αἰνιττόμενος
842 4206 1047 4278 πλῆθος
1056 4222 1071 4237 ⁸
1902 4197 1910 4202 ί

404 4297 469 4362 ζ’.
506 4317 525 4351 ι
558 4296 925 4370 Πορεύσονται
964 4296 1012 4348 οἱ
1044 4293 1229 4349 κλάδοι
1260 4291 1449 4346 αὐτοῦ.
1485 4309 1504 4343 ι
1542 4289 1912 4361 Προαγορεύει

329 4389 431 4444 καὶ
466 4389 559 4443 τὸν
574 4388 619 4420 ²¹
660 4386 760 4459 τῆς
812 4386 1092 4451 εὐσεϐείας
1136 4384 1388 4458 καρπόν·
1419 4401 1438 4435 ι
1476 4381 1585 4436 Καὶ
1634 4381 1786 4434 ἔσται
1835 4380 1911 4445 ὡς

329 4480 489 4537 ἀλαία
516 4478 893 4551 κατάκαρπος,
913 4477 1005 4532 καὶ
1031 4478 1065 4548 ἡ
1084 4475 1357 4549 ὀσφρασία
1375 4475 1421 4507 ³³
1450 4470 1613 4526 αὑτοῦ
1643 4471 1720 4535 ὡς
1742 4470 1912 4525 Λιϐάσ

329 4589 446 4627 νου.
475 4590 495 4623 ι
518 4570 768 4623 Διδάσκει
795 4567 854 4622 δὲ
881 4567 977 4623 καὶ
1001 4566 1108 4621 τῶν
1128 4565 1347 4637 ἀγαθῶν
1367 4564 1466 4636 τὴν
1493 4562 1692 4617 αἰτίανο

404 4668 477 4732 η’.
515 4680 534 4714 ι
567 4659 1006 4731 Ἐπιστρέψουσι,
1066 4658 1160 4712 καὶ
1208 4654 1521 4711 καθιοῦνται
1556 4654 1660 4708 ὑπὸ
1678 4653 1759 4686 ¹³⁶
1811 4652 1910 4725 τὴν

330 4755 543 4825 σκέπην
574 4752 760 4807 αὐτοῦ·
795 4771 813 4805 ι
834 4752 1102 4819 τουτέστι,
1130 4750 1223 4804 τοῦ
1249 4748 1406 4804 Θεοῦ.
1440 4767 1459 4801 ι
1493 4748 1601 4802 Καὶ
1629 4745 1907 4819 ζήσονται,

330 4847 430 4898 καὶ
462 4843 979 4915 στηριχθήσοντιιιἰ
1010 4842 1163 4913 σίτῳ,
1192 4842 1290 4895 καὶ
1319 4838 1606 4909 ὲξανθήσει
1624 4838 1701 4902 ὡς
1729 4838 1913 4907 ἄμπε-

328 4936 423 4997 λος
453 4935 518 4989 τὸ
547 4935 890 5008 μνημόσυνον
918 4933 1117 4997 αὐτῶν,
1139 4933 1214 4995 ὡς
1238 4927 1385 4997 οἶνος
1414 4930 1673 4985 Λιϐάνου.
1700 4947 1718 4981 ι
1740 4930 1907 4984 Ἀπο-

328 5028 650 5097 ταττόμενοι
685 5026 796 5099 γὰρ
830 5028 898 5098 τῇ
933 5024 1110 5097 πλάνῃ
1139 5023 1248 5077 τῶν
1291 5021 1546 5089 εἰδώλων,
1577 5023 1671 5077 καὶ
1701 5024 1769 5093 τῇ
1798 5023 1905 5092 ἐμῇ

330 5118 664 5192 θαρροῦντες
699 5116 1017 5189 κηδεμονίᾳ,
1064 5113 1423 5168 παντοδαπῶν
1468 5112 1691 5183 ἀγαθῶν
1719 5111 1899 5175 δέξον-

2019 3297 2291 3352 rationem
2317 3296 2619 3351 concitare.
2651 3293 2789 3347 llnic
2821 3302 3003 3347 autem
3035 3300 3390 3362 comparatur
3414 3291 3595 3344 anima

2017 3399 2048 3438 a
2085 3384 2347 3441 sordibus
2380 3390 2730 3453 peccatorum
2769 3382 3018 3447 liberata,
3054 3388 3110 3436 et
3144 3379 3597 3449 splendidissima

2017 3477 2155 3532 stola
2196 3475 2454 3547 baptismi
2496 3484 2711 3540 ornata,
2749 3474 2817 3529 de
2853 3489 2964 3543 qua
2995 3473 3162 3527 etiam
3202 3472 3374 3527 Isaias
3414 3470 3596 3539 loqui-

2017 3580 2104 3624 tur
2130 3587 2144 3624 :
2182 3587 2200 3620 ι
2237 3568 2489 3624 Exsultet
2520 3567 2705 3620 anima
2735 3580 2851 3620 mea
2881 3565 2936 3619 in
2968 3563 3222 3627 Domino,
3252 3562 3382 3632 quia
3416 3561 3596 3615 induit

2016 3677 2103 3717 me
2142 3661 2468 3717 vestimento
2502 3659 2720 3721 salutis,
2750 3668 2805 3712 et
2827 3658 3016 3711 tunica
3038 3655 3250 3711 laetitia:
3284 3666 3331 3709 α.
3364 3673 3383 3707 ι
3440 3653 3599 3709 Sicut

2015 3754 2160 3809 enim
2190 3753 2293 3808 hoc
2317 3752 2493 3807 lilium
2519 3792 2535 3815 ,
2570 3750 2788 3820 inquit,
2825 3748 3044 3804 ﬂorcbit
3081 3746 3248 3803 Israel
3277 3760 3591 3817 agnoscens

2016 3846 2332 3901 Dominum.
2390 3864 2409 3897 ‹
2451 3843 2732 3906 Florebit,
2783 3842 3002 3911 inquit,
3054 3839 3347 3895 etemiltet
3381 3836 3596 3892 radices

2016 3951 2147 3992 suas
2200 3937 2359 4005 quasi
2418 3932 2686 3991 Libanus.
2725 3952 2744 3984 ι
2795 3931 3034 3987 Montem
3086 3941 3269 3984 autem
3322 3927 3596 3998 signiﬁcat

2014 4027 2195 4082 cedris
2252 4024 2412 4095 quasi
2466 4024 2631 4079 scrtis
2687 4022 3024 4077 redimitum.
3087 4019 3291 4075 Deinde
3348 4019 3591 4073 futuram

2015 4117 2418 4173 multitudinem
2452 4116 2731 4185 designat,
2760 4128 2883 4168 cum
2912 4112 2990 4167 ait
3019 4129 3033 4166 :

2080 4297 2251 4355 Vsus.
2299 4299 2351 4354 'l.
2402 4317 2422 4351 ι
2456 4297 2622 4353 Ibunt
2661 4297 2801 4352 rami
2849 4296 2995 4367 ejus.
3032 4315 3054 4350 ι
3105 4294 3365 4351 Prmdicit
3420 4294 3589 4350 etiam

2013 4389 2232 4461 pietatis
2279 4386 2514 4440 fructum
2553 4403 2566 4438 :
2596 4404 2615 4438 ι
2650 4385 2716 4440 Ει
2750 4387 2856 4443 erit
2884 4386 3043 4445 quasi
3079 4386 3226 4442 oliva
3261 4384 3586 4450 fructifera,

2012 4487 2068 4533 et
2100 4477 2237 4533 odor
2290 4477 2506 4548 1379
2545 4477 2695 4532 illius
2733 4478 2891 4549 quasi
2923 4476 3138 4532 Libani.
3172 4496 3192 4528 ι
3247 4474 3386 4531 Τιιιιι
3424 4475 3586 4530 docet

1940 4566 1986 4625 D
2017 4572 2284 4627 bonorum
2320 4585 2550 4624 causam
2587 4585 2601 4622 :

2083 4661 2251 4716 Vsus.
2287 4660 2340 4715 8.
2380 4681 2398 4712 ι
2427 4661 2852 4721 Convertentur.
2876 4667 2929 4714 et
2954 4659 3225 4714 sedebunt
3255 4658 3359 4712 sub
3391 4655 3588 4709 umbra

2010 4752 2153 4822 ejus.
2194 4770 2213 4802 ι
2259 4748 2373 4804 lloc
2413 4759 2495 4805 est
2526 4787 2540 4813 ,
2589 4750 2693 4803 sub
2742 4749 2935 4805 umbra
2984 4748 3101 4804 Dei.
3144 4767 3162 4799 ι
3196 4747 3263 4802 Ει
3287 4748 3590 4813 rivent,et

2013 4842 2382 4898 ﬁrmabuntur
2426 4839 2739 4895 frumento:
2781 4849 2837 4895 et
2869 4840 3138 4895 eﬂlorebit
3180 4849 3239 4894 nt
3268 4840 3429 4893 vinea
3474 4853 3589 4893 me-

2011 4932 2240 4988 moriale
2280 4947 2471 4987 eorum
2500 4972 2515 4994 ,
2560 4931 2723 5000 quasi
2766 4933 2951 4985 vinum
3003 4930 3216 4986 Libani.
3253 4950 3271 4982 ι
3322 4928 3588 4984 Nuntium

2017 5024 2164 5079 enim
2201 5023 2544 5077 remittentes
2585 5022 2859 5076 idolorum
2895 5023 3105 5086 errori,
3150 5031 3206 5077 ct
3237 5036 3372 5075 mea:
3405 5018 3591 5089 provi-

2006 5111 2209 5169 dentiae
2233 5110 2595 5178 conﬁdentes,
2626 5111 2870 5166 omnium
2900 5112 3166 5167 bonorum
3196 5111 3356 5182 copia
3379 5109 3591 5167 redun-

466 5260 573 5316 lsa.
602 5276 767 5325 xxxv,
803 5259 851 5312 1.
922 5269 949 5298 ⁸
975 5256 1134 5313 Cant.
1171 5271 1234 5323 tl,
1260 5255 1316 5310 Ξ.
1389 5257 1421 5298 ιι
1452 5255 1644 5312 Matth.
1663 5270 1740 5320 vt,
1770 5253 1866 5321 29;
1887 5257 1922 5312 ὃ

2055 5267 2078 5297 ε
2103 5255 2205 5311 lsa.
2237 5232 2349 5320 ιιι,
2381 5253 2469 5308 10.

1647 5398 1733 5453 γι
1744 5397 1883 5454 RUE
1916 5395 2316 5453 LECTIONES.

400 5558 451 5634 ‘_‘
481 5559 608 5634 Δύν.
646 5590 718 5634 {—-
756 5563 962 5634 ipapt.
983 5558 1124 5634 Pes:
1146 5570 1215 5628 ap

330 5629 468 5699 edit.
504 5630 696 5699 priori.
774 5626 816 5667 ’δ
838 5626 889 5687 τὲ

331 5696 520 5760 Aliter
549 5699 587 5752 l.
635 5716 685 5756 c.
726 5701 831 5760 leg.
904 5703 949 5733 ¹²
975 5700 1069 5753 καὶ
1097 5696 1276 5753 τόνζϐ
1300 5696 1358 5750 δὲ
1383 5696 1511 5752 καί.
1575 5697 1621 5730 ³³
1658 5696 1723 5749 ὁσ

331 5714 506 5781 ιψιεῐ
551 5714 587 5752 Ι.
635 5716 685 5756 0.
728 5714 831 5825 Ιθῗ.
905 5714 949 5733 ¹¹
975 5714 1069 5753 και
1097 5714 1210 5753 τον.
1234 5714 1276 5752 υ
1300 5714 1358 5750 οε
1383 5714 1498 5752 και.
1576 5714 1621 5730 ³⁵⁸
1658 5714 1761 5804 06?

331 5783 458 5841 gto._
523 5769 591 5801 ³⁸·
623 5770 751 5826 ὑπό.
811 5781 861 5825 ta
913 5771 1017 5841 leg.
1047 5784 1170 5841 cum
1205 5766 1422 5841 501C.
1457 5766 1620 5822 Sirm.
1658 5769 1768 5820 ἐπ..

336 5836 625 5895 lectionem
661 5841 784 5897 cod.
820 5836 991 5896 \lratic'.
1028 5836 1476 5910 μεθυσθήσονται.

1217 5557 1289 5614 ud
1328 5556 1507 5621 LXX;
1539 5557 1663 5613 cod.
1699 5557 1864 5611 Barb.
1899 5554 2064 5612 habet
2113 5558 2347 5613 ἀδικίαν.
2444 5556 2487 5588 ¹⁷
2513 5556 2560 5609 ὁ.
2590 5552 2669 5609 Ex
2721 5552 2763 5609 (Σ
2815 5549 2996 5621 suppl.

1146 5602 1513 5698 Ξῖῖὗῇιῗπῆ
1809 5602 2356 5698 ξιιῦξιῖ
2387 5602 2693 5698 ﬂuuiis—6‘.
2729 5602 3006 5698 103."?
3034 5602 3266 5698 dm67t._,_
3307 5633 3361 5698 κ.
3419 5635 3489 5698 τι
3527 5616 3585 5667 λ.

1768 5713 1819 5768 ρ.
1847 5696 1888 5768 C
1906 5686 2214 5768 ἐὺφρᾶσὼ,
2236 5698 2367 5768 sine
2392 5686 2862 5768 alius,:qttanittm
2890 5689 3114 5768 scimus,
3142 5688 3353 5768 codicis
3385 5686 3581 5768 suffra-

1846 5756 2069 5837 "
2104 5766 2178 5821 Ita
2203 5756 2260 5820 Ἀ
2300 5763 2444 5832 etC,
2488 5756 2585 5822 sed
2616 5756 2815 5821 Bosius
2878 5760 2944 5813 ad
2980 5759 3037 5814 h.
3063 5759 3100 5814 l.
3142 5756 3341 5814 Nostro
3389 5756 3587 5812 tribuit

3103 5550 3146 5583 ³³
3182 5550 3275 5612 ὡς.
3305 5547 3498 5602 Deerat
3523 5547 3589 5600 in
