4088 6436
523 454 653 522 1631
1512 451 1998 515 ΤΗΕΟΒΟΒΕΤΙ
2028 416 2373 511 suscepi
2403 453 2768 514 CYRENSIS
3650 450 3795 515 16.12

519 574 752 630 dabunt.
790 572 857 629 Et
881 573 1128 628 similiter
1156 580 1214 625 ut
1248 571 1436 626 vinum
1468 571 1758 625 odoratum
1796 570 1849 622 in
1884 566 2095 621 Libano

2215 584 2290 622 ιαι
2320 568 2419 638 τὴν
2449 568 2730 637 ἀφθονίαν,
2759 569 2855 623 καὶ
2884 565 3021 637 οϊνῳ
3049 567 3235 620 εὐώδει
3283 566 3703 638 παραπλησίως,
3736 570 3799 619 ἐν

522 668 731 719 cultum
756 706 771 732 ,
800 666 1017 719 virtutis
1055 678 1282 719 suavem
1311 662 1536 717 odorem
1578 660 1860 716 habebunt
1888 678 1901 713 :
1937 667 2103 729 atque

2215 653 2282 723 τῷ
2311 653 2534 724 Λιϐάνῳ
2565 655 2988 727 γεωργουμένῳ,
3033 655 3132 725 τὴν
3184 655 3282 726 τῆς
3315 656 3517 726 ἀρετῆς
3573 654 3801 718 ἕξουσιν

525 753 675 807 illine
709 762 1019 809 manantem
1055 755 1213 809 bona:
1236 750 1674 808 existimationis
1706 750 1948 805 fructum
1981 766 2105 819 per-

525 843 728 912 cipient
755 862 767 896 :

596 933 763 989 Vsus.
792 935 845 989 9.
884 952 904 986 ι
938 933 1258 1004 Ephraimo.
1289 934 1432 1000 Quid
1467 934 1518 989 ei
1548 934 1696 988 ultra
1746 941 1802 988 et
1845 932 2051 989 idolis?
2081 953 2099 985 ι

522 1025 658 1080 Cum
692 1025 894 1095 igitur,
920 1022 1182 1094 Ephraim
1209 1062 1224 1089 ,
1259 1025 1576 1095 perceperis
1610 1024 1815 1090 animo,
1848 1039 1971 1095 qua
1997 1024 2107 1079 sint

523 1115 745 1186 pietatis
780 1130 937 1186 opes,
961 1116 1087 1186 fuge
1119 1116 1393 1170 idolorum
1432 1130 1680 1171 errorem
1711 1134 1726 1170 :
1760 1116 1927 1187 hujus
1960 1117 2104 1171 enim

523 1208 699 1276 gratia
743 1208 1026 1278 corrigere
1063 1215 1117 1263 te
1156 1208 1346 1264 volens
1380 1208 1666 1263 humiliavi
1697 1247 1713 1271 ,
1752 1214 1808 1263 et
1847 1207 2111 1263 corrobo-

524 1299 661 1353 rabo
700 1307 754 1354 te
801 1299 1185 1355 misericordia
1227 1308 1429 1363 utens,
1479 1307 1535 1354 et
1574 1298 1829 1369 iunipero
1862 1300 2106 1354 conden-

525 1399 661 1444 sata;
699 1390 935 1446 similem
978 1406 1064 1445 me
1105 1391 1203 1446 tibi
1241 1391 1510 1447 exhibebo
1534 1431 1550 1457 ,
1590 1399 1646 1445 et
1691 1390 1904 1447 fructus
1939 1405 1970 1444 a
2023 1407 2108 1448 me

527 1481 826 1551 percipies.
872 1481 1002 1536 Nam
1052 1496 1269 1547 semper
1302 1482 1488 1538 virens
1526 1481 1825 1552 iuniperus
1844 1483 2106 1539 exsistit:

530 1590 711 1643 neque
738 1585 819 1630 est
852 1576 1223 1645 putrescentis
1261 1582 1474 1630 natura:
1499 1614 1514 1639 ,
1568 1582 1624 1631 et
1662 1590 1822 1630 coma
1870 1577 2110 1645 cingitur

529 1665 801 1720 aculeata.
832 1664 990 1721 i-iunc
1023 1673 1204 1720 autem
1239 1666 1342 1721 ista
1376 1666 1582 1720 habent
1619 1680 1842 1722 sensum
1881 1684 1891 1716 :
1947 1665 2108 1723 Omni

529 1756 721 1811 studio
749 1756 845 1811 tibi
878 1757 1269 1827 prospiciens,
1321 1758 1388 1811 ab
1425 1757 1574 1811 omni
1623 1759 1868 1827 pernicie
1917 1760 2110 1814 immu-

527 1864 650 1903 nem
691 1856 745 1904 te
779 1849 1082 1919 praestabo,
1137 1864 1203 1903 ac
1248 1857 1305 1904 te
1345 1850 1666 1906 invadentes
1701 1853 1857 1922 quasi
1900 1853 2108 1908 aculeis

2205 743 2486 815 εὐοσμίαν,
2527 748 2624 800 καὶ
2648 748 2746 819 τὴν
2773 746 3025 802 ἐντεῦθεν
3070 747 3348 819 εὐφημίαν
3381 746 3799 820 καρπώσονται.

2277 931 2341 985 θ’.
2377 951 2396 983 ι
2424 931 2516 1002 Τῷ
2560 931 2824 1003 Ἐφραῒμ.
2854 931 2919 985 Τί
2974 930 3125 1000 αὐτῷ
3158 930 3241 984 ἔτι
3285 931 3379 983 καὶ
3437 929 3679 993 εἰδώλοις
3712 948 3727 995 ;
3772 948 3796 981 s

2206 1023 2411 1078 Μαθὼν
2436 1023 2620 1078 τοίνυν
2662 1022 2925 1095 Ἐφραίμ,
2953 1023 3040 1077 οἷα
3067 1024 3169 1094 τῆς
3193 1021 3473 1084 εὐσεϐείας
3502 1023 3536 1091 ἡ
3571 1021 3801 1091 κτῆσις,

2207 1115 2348 1184 φύγε
2381 1116 2491 1169 τῶν
2521 1115 2753 1169 εἰδώλων
2798 1114 2898 1186 τὴν
2939 1113 3149 1184 πλάνην
3183 1130 3195 1143 ·
3229 1111 3420 1166 τούτου
3462 1111 3573 1181 γάρ
3597 1128 3656 1163 σε
3691 1111 3802 1180 xci-

2209 1224 2294 1279 ριν
2342 1207 2437 1260 καὶ
2482 1207 2823 1259 ἐταπείνωσα
2891 1204 3207 1270 παιδεύσας,
3248 1204 3341 1257 καὶ
3378 1203 3604 1257 δυνατὸν
3655 1204 3806 1256 ἀπο-

2209 1296 2364 1364 φανῶ
2413 1294 2795 1367 φιλανθρωπίᾳ
2840 1294 3209 1367 χρησάμενος,
3265 1294 3360 1347 καὶ
3393 1292 3807 1364 παραπλησίως

2209 1388 2463 1460 ἀρκεύθῳ
2498 1389 2902 1460 πεπυκνωμένῃ
2925 1389 2972 1421 ⁸⁵
3006 1386 3310 1458 γενήσομαί
3357 1403 3461 1450 σοι,
3513 1385 3612 1439 καὶ
3667 1386 3808 1448 τοὺς

2210 1481 2339 1552 παρ’
2371 1479 2505 1551 ἐμοῦ
2538 1480 2833 1551 τρυγήσεις
2862 1479 3129 1550 καρπούς.
3178 1477 3463 1548 ’Λειθαλὴς
3489 1477 3602 1546 γάρ
3633 1477 3668 1546 ἡ
3695 1477 3809 1547 ἄρ-

2210 1572 2424 1637 κευθος,
2468 1572 2561 1627 καὶ
2609 1571 2852 1643 ἄσηπτον
2899 1570 3097 1640 ἔχουσα
3125 1569 3223 1639 τὴν
3271 1568 3454 1637 φύσιν,
3497 1567 3592 1620 καὶ
3622 1569 3809 1621 ἀκαν-

2211 1663 2352 1736 θώδη
2402 1664 2578 1735 κόμην
2616 1663 2999 1735 περικειμένη.
3032 1662 3195 1734 Δηλοί
3225 1661 3283 1715 δὲ
3321 1660 3411 1713 διὰ
3448 1659 3679 1724 τούτων,
3714 1662 3806 1713 ὅτι

2212 1755 2281 1809 Σὲ
2323 1756 2668 1826 παντοδαπῆς
2695 1754 2934 1820 ἀξιώσας
2980 1752 3236 1825 προνοίας
3267 1750 3574 1821 ἀλύμαντον
3603 1752 3806 1822 διατη-

2215 1848 2388 1919 ρήσω,
2414 1848 2541 1910 τοὺς
2572 1845 2824 1910 ἐπιόντας
2856 1864 2937 1900 σοι
2969 1845 3224 1915 καθάπερ
3248 1845 3361 1897 τισὶ
3400 1844 3808 1914 καταπλήττων

527 1911 858 2010 quibusdam
912 1911 1127 1997 feriam.
1179 1941 1353 2012 Atque
1404 1943 1477 1997 ita
1534 1911 2100 2015 totam-prophetiam

2215 1911 2416 1994 άκίσιν.
2442 1938 2598 1992 Οὕτω
2637 1940 2817 1993 πᾶσαν
2852 1911 3208 2009 συμπεράνας
3224 1940 3270 1971 ¹⁶
3307 1936 3406 2007 τὴν
3435 1911 3807 2008 προφητείαν,

527 2030 838 2094 absolvens,
876 2032 1305 2089 saluberrimum
1333 2033 1590 2091 omnibus
1615 2034 1915 2092 lectoribus
1944 2036 2104 2093 tinem

526 2120 811 2189 imposuit.

599 2210 760 2266 Vnus.
796 2212 884 2267 10.
952 2232 971 2265 ι
1009 2211 1146 2280 Quis
1193 2213 1418 2284 sapiens
1448 2254 1462 2278 ,
1523 2224 1577 2270 et
1626 2215 1898 2286 intelliget
1949 2216 2107 2271 haec?

527 2312 623 2357 aut
659 2304 973 2376 intelligens
997 2349 1011 2375 ,
1054 2315 1108 2363 et
1150 2316 1447 2378 cognoscet
1481 2307 1587 2362 ea!
1622 2308 1750 2377 quia
1784 2316 1949 2363 rectae
1976 2316 2107 2363 sunt

525 2394 629 2449 viae
663 2393 899 2462 Domini,
932 2405 986 2453 et
1007 2399 1143 2467 justi
1178 2400 1542 2456 ambulabunt
1569 2400 1623 2453 in
1650 2400 1732 2454 eis
1756 2416 1773 2453 :
1800 2400 1894 2469 qui
1923 2408 2105 2454 autem

527 2483 678 2554 impii
716 2496 845 2542 sunt
888 2488 1320 2544 inlirmabuntur
1355 2491 1409 2543 in
1444 2490 1576 2543 illis.
1612 2507 1633 2541 ι
1692 2492 1854 2545 Hunc
1887 2505 2108 2561 quoque

528 2575 687 2631 linem
721 2577 920 2644 David,
948 2595 1073 2636 cum
1101 2580 1195 2637 Dei
1225 2582 1496 2637 beneﬁcia
1527 2590 1868 2646 enarrasset,
1895 2582 2108 2652 psalmo

526 2671 828 2726 centesimo
863 2681 1018 2728 sexto
1063 2674 1279 2744 1380
1322 2674 1562 2743 adjecit:
1614 2693 1633 2726 ι
1671 2674 1807 2740 Quis
1838 2676 2063 2745 sapiens
2089 2715 2104 2736 .

526 2769 581 2813 et
609 2761 884 2816 custodiet
924 2762 1040 2817 haec
1065 2804 1080 2831 ,
1119 2772 1174 2818 et
1204 2766 1513 2837 intelligent
1546 2765 1962 2821 misericordias
2006 2765 2110 2821 Do-

527 2852 662 2905 mini
690 2850 759 2905 d?
795 2872 813 2904 ι
878 2856 896 2876 ·
928 2852 1212 2923 Sapientia
1258 2858 1406 2911 enim
1450 2872 1680 2926 prorsus
1721 2864 1776 2911 et
1825 2857 2107 2913 intellectu

468 2916 487 2939 .
527 2957 668 3012 opus
692 2951 778 2998 est
810 2943 877 2998 ad
905 2945 1276 3014 cognitionem
1307 2955 1359 3000 et
1390 2947 1953 3017 comprehensionem
1983 2950 2112 3004 divi-

528 3046 726 3086 norum
773 3034 1120 3103 eloquiorum
1150 3075 1166 3101 ,
1218 3042 1384 3104 atque
1436 3036 1501 3090 ad
1560 3037 1878 3092 eormndem
1922 3039 2112 3108 imple-

529 3123 736 3178 tionem
767 3134 819 3179 et
846 3125 1313 3182 observationem.
1357 3126 1543 3196 Neque
1586 3128 1733 3182 enim
1764 3129 1880 3183 inec
1909 3130 2113 3185 intelli-

528 3229 656 3285 gere
685 3223 937 3286 possunt,
973 3218 1064 3288 qui
1095 3217 1266 3273 divini
1300 3217 1540 3289 Spiritus
1576 3220 1755 3274 lucem
1788 3235 1898 3275 non
1927 3237 2114 3278 susce-

445 3348 457 3362 ,
529 3303 755 3373 perint:
797 3319 970 3375 neque
996 3305 1315 3372 observare,
1348 3308 1440 3378 qui
1479 3323 1783 3377 supernum
1822 3325 1928 3363 non
1961 3326 2113 3365 asse-

528 3395 643 3449 cuti
692 3395 803 3451 sint
848 3398 1139 3453 auxilium.
1189 3397 1293 3465 Qui
1340 3414 1470 3455 vero
1501 3400 1663 3454 talem
1711 3408 1766 3456 et
1806 3408 2015 3456 tantam
2047 3402 2116 3459 do

529 3486 643 3544 Deo
677 3491 928 3545 notitiam
968 3498 1096 3545 sunt
1141 3491 1360 3562 adepti,
1393 3491 1709 3548 subsidium
1757 3494 1883 3549 inde
1926 3494 2114 3559 nacti,

531 3581 697 3637 rectis
725 3581 832 3637 viis
862 3581 1160 3649 incedunt,
1188 3592 1243 3637 et
1274 3583 1411 3652 justi
1445 3595 1723 3639 vocantur
1755 3603 1770 3639 :
1806 3586 1901 3655 qui
1932 3593 2114 3640 autem

530 3671 699 3740 impie
744 3671 979 3737 vivunt,
1041 3683 1097 3726 et
1154 3672 1430 3727 diversam
1477 3673 1620 3727 viam
1681 3674 2115 3744 ingrediuntur,

532 3758 832 3826 impietatis
872 3761 1096 3830 praemia
1144 3769 1449 3830 reportant.
1504 3762 1604 3817 Det
1650 3769 1829 3818 autem
1870 3764 2116 3820 omnium

531 3846 680 3903 Deus
706 3889 719 3911 .
751 3850 850 3920 qui
899 3864 1091 3906 omnes
1142 3851 1398 3908 homines
1431 3854 1547 3907 vult
1585 3854 1767 3909 salvos
1801 3854 1917 3909 fieri
1960 3864 2012 3911 et
2050 3855 2118 3910 ad

531 3939 787 3995 veritatis
816 3941 1188 4012 cognitionem
1229 3949 1518 4013 pervenire
1555 3957 1579 3985 ο
1601 3984 1615 4011 ,
1668 3958 1729 4001 ιιι
1767 3962 1879 4002 non
1909 3947 2075 4018 hujus
2101 3991 2116 4015 ,

533 4029 630 4084 sed
674 4030 822 4085 illius
860 4033 1165 4104 participes
1199 4034 1397 4094 ﬁamus
1428 4054 1443 4092 :
1493 4045 1553 4091 ut
1590 4039 1894 4093 secundum
1927 4054 2118 4097 sacras

532 4121 684 4178 illius
719 4122 868 4195 leges
900 4124 1068 4180 vitam
1097 4126 1365 4184 ducentes
1392 4167 1408 4194 ,
1460 4129 1751 4187 laudemus
1779 4139 1833 4187 et
1853 4132 2119 4203 gloriﬁce-

532 4227 659 4269 mns
682 4229 832 4283 eum,
861 4225 917 4273 et
949 4233 1202 4289 corpore,
1229 4230 1285 4276 et
1311 4221 1528 4291 spiritu,
1560 4232 1619 4278 ut
1650 4223 1728 4278 ait
1768 4224 2069 4295 Apostolus
2099 4244 2114 4280 :

532 4306 661 4376 quia
690 4307 741 4363 ei
767 4310 1027 4365 convenit
1051 4313 1232 4367 omnis
1260 4315 1459 4383 gloria,
1496 4315 1673 4369 honor
1705 4321 1759 4370 et
1787 4318 2115 4385 reverentia,

533 4410 660 4451 cum
695 4398 980 4469 unigenito
1009 4401 1128 4470 ejus
1168 4401 1311 4459 Filio
1352 4415 1406 4458 et
1440 4404 1653 4474 Spiritu
1694 4414 1925 4474 sancto,
1969 4422 2118 4464 nunc

532 4496 589 4545 et
612 4504 847 4560 semper,
880 4500 935 4548 et
969 4494 1025 4548 in
1057 4494 1263 4550 saecula
1292 4496 1654 4553 saeculorum.
1685 4498 1881 4554 Amen.

606 4767 635 4805 σι
668 4762 813 4819 Psal.
843 4779 952 4832 cvi,
977 4766 1066 4823 45.
1150 4780 1176 4811 ο
1210 4768 1402 4828 lTim.
1434 4787 1497 4839 ll,
1532 4774 1585 4829 4.

2208 2033 2362 2095 τέλος
2388 2032 2722 2086 ἐπιτέθεικεν
2763 2031 2936 2086 ἆπασι
2984 2033 3098 2095 τοῖς
3131 2030 3551 2101 ἐντυγχάνουσιν
3611 2028 3810 2098 ὀνησι-

2213 2124 2393 2194 φόρον.

2287 2221 2340 2269 ι’.
2382 2232 2401 2265 ι
2436 2213 2531 2277 Τίς
2562 2213 2746 2281 σοφὸς,
2775 2214 2867 2267 καὶ
2904 2214 3122 2283 συνήσει
3152 2213 3324 2265 ταῦτα
3348 2229 3362 2278 ;
3387 2211 3419 2282 ἦ
3449 2209 3688 2274 συνετὸς,
3706 2210 3812 2263 καὶ

2212 2302 2487 2373 γνώσεται
2532 2304 2673 2357 αὐτά
2699 2322 2713 2372 ;
2755 2304 2837 2357 ὅτι
2870 2304 3076 2357 εὐθεῖαι
3101 2304 3156 2357 αί
3180 2303 3293 2357 ὁδοὶ
3322 2302 3416 2356 τοῦ
3443 2301 3674 2370 Κυρίου,
3705 2305 3812 2356 καὶ

2212 2398 2410 2451 δίκαιοι
2433 2397 2793 2467 πορεύσονται
2821 2399 2877 2449 ἐν
2903 2397 3091 2460 αὐταῖς
3109 2412 3121 2425 ·
3152 2397 3202 2449 οἱ
3222 2396 3278 2449 δὲ
3310 2394 3522 2459 ἀσεϐεῖς
3564 2395 3811 2463 ἀσθενή-

2216 2506 2399 2543 σουσιν
2446 2491 2504 2542 ἐν
2544 2489 2756 2553 αὑταῖς.
2784 2508 2803 2541 ι
2843 2488 3013 2542 Τοῦτο
3041 2488 3099 2541 δὲ
3150 2489 3247 2541 καὶ
3273 2488 3301 2540 ὁ
3322 2487 3465 2550 θεῖος
3504 2486 3671 2539 Δαϐὶδ
3703 2487 3813 2550 τὰς

2214 2580 2365 2643 Θείας
2396 2580 2680 2647 διεξελθὼν
2702 2582 3021 2651 εὐεργεσίας
3049 2582 3105 2634 ἐν
3126 2580 3201 2651 τῷ
3228 2579 3504 2648 ἑκατοστῷ
3532 2580 3627 2632 καὶ
3656 2580 3812 2649 ἐκτῳ

2212 2671 2415 2743 ψαλμῷ
2442 2672 2596 2735 τέλος
2646 2672 2951 2726 ἐπιτέθεικε
2996 2673 3061 2743 τῇ
3113 2669 3383 2742 μελῳδίαο
3422 2688 3440 2721 ι
3469 2669 3566 2733 Τίς
3617 2669 3811 2737 σοφὸς,

2216 2765 2310 2816 καὶ
2358 2763 2582 2833 φυλάξει
2629 2763 2821 2827 ταῦτα,
2881 2763 2977 2817 καί¹
3023 2763 3317 2831 συνήσουσι
3338 2761 3383 2793 ’⁷
3410 2762 3479 2814 τά
3530 2760 3657 2830 ἐλέη
3708 2759 3811 2813 τοῦ

2217 2855 2423 2925 Κυρίου
2458 2873 2473 2921 ;
2515 2874 2534 2906 ι
2570 2856 2769 2925 Σοφίας
2818 2853 2925 2924 γὰρ
2964 2852 3041 2922 τῷ
3091 2852 3210 2905 ὖντι
3259 2852 3356 2905 καὶ
3401 2851 3671 2913 συνέσεως
3698 2851 3810 2915 δεῖ,

2220 2946 2313 2999 καὶ
2345 2947 2424 3009 είς
2462 2945 2560 3016 τὴν
2605 2945 2807 3014 γνῶσιν
2855 2947 2948 2998 καὶ
2985 2944 3313 3014 κατανόησιν
3352 2942 3463 2995 τῶν
3510 2941 3673 2995 θείων
3721 2942 3811 2996 λο-

2217 3038 2374 3106 γίων,
2423 3038 2516 3089 καὶ
2561 3038 2641 3100 είς
2678 3036 2777 3107 τὴν
2822 3035 3026 3089 τούτων
3065 3032 3414 3106 ὲκπλήρωσίν
3442 3050 3503 3087 τε
3542 3034 3641 3085 καὶ
3686 3032 3811 3086 δια-

2217 3127 2448 3198 τήρησιν
2479 3144 2493 3158 ·
2525 3126 2647 3180 οὔτε
2694 3126 2801 3197 γάρ
2833 3128 3071 3180 συνιέναι
3102 3123 3273 3179 ταῦτα
3309 3125 3530 3179 δυνατὸν
3554 3127 3684 3189 τοὺς
3710 3126 3809 3179 τοῦ

2220 3217 2364 3272 θείου
2413 3218 2727 3289 Πνεύματος
2770 3218 2869 3289 τὴν
2916 3217 3109 3289 αἴγλην
3152 3217 3229 3288 μὴ
3275 3217 3628 3288 δεξαμένους,
3677 3217 3809 3271 οὔτε

2220 3311 2452 3381 φυλάξαι
2501 3311 2574 3383 μὴ
2614 3312 2712 3382 τῆς
2763 3310 2969 3365 ἄνωθεν
3004 3309 3381 3373 ἀπολαύοντας
3418 3309 3700 3381 βοηθείας.
3734 3306 3811 3364 ¹Οί

2217 3404 2275 3459 δὲ
2310 3404 2577 3475 τοσαύτην
2632 3404 2729 3457 καὶ
2771 3404 3025 3473 τοιαύτην
3087 3402 3215 3473 περὶ
3262 3401 3354 3456 τὸν
3396 3401 3531 3456 Θεὸν
3586 3402 3810 3457 εὖνοιαν

2218 3496 2635 3566 ἐνδεικνύμενοι,
2678 3494 2779 3565 τῆς
2825 3496 3035 3548 ἐκεῖθεν
3073 3493 3388 3561 ἐπικουρίας
3419 3494 3809 3564 τυγχάνοντες,

2218 3586 2316 3649 τὰς
2349 3585 2564 3648 εὐθείας
2596 3584 2927 3656 διαπερῶσιν
2970 3585 3142 3649 ὀδοὺς,
3173 3585 3268 3637 καὶ
3297 3584 3493 3637 δίκαιοι
3533 3584 3812 3655 χρηματί-

2219 3677 2400 3742 ζουσιν
2428 3696 2441 3710 ο
2479 3680 2525 3731 oi
2554 3677 2613 3731 δὲ
2653 3676 2879 3747 ἀσεϐείᾳ
2912 3675 3216 3741 συζῶντες,
3259 3677 3354 3729 καὶ
3394 3676 3493 3748 τὴν
3541 3677 3800 3730 ἐναντίαν

2219 3770 2533 3835 ὁδεύοντες,
2596 3768 2884 3839 δρέπονται
2940 3768 3039 3837 τῆς
3091 3768 3343 3831 ἀσεϐείας
3391 3767 3458 3820 τὰ
3509 3767 3810 3839 ἐπίχειρα·

2220 3860 2492 3930 παράσχοι
2519 3858 2575 3912 δὲ
2603 3860 2631 3911 ό
2651 3858 2760 3911 τῶν
2794 3857 3215 3922 άπάντωνΘεδς,
3247 3859 3455 3922 πάντας
3481 3856 3813 3929 ἀνθρώπους

2220 3950 2421 4005 ἐθέλων
2453 3950 2714 4020 σωθῆναι,
2745 3949 2839 4003 καὶ
2871 3949 2950 4011 είς
2983 3948 3292 4016 ἐπίγνωσιν
3320 3946 3581 4018 ἀληθείας
3610 3947 3808 4013 ἐλθεῖν,

2223 4040 2298 4110 μὴ
2320 4039 2524 4117 ταύτης
2558 4040 2726 4110 ἡμᾶς,
2767 4037 2883 4092 ἀλλ’
2915 4037 3133 4108 ἐκείνης
3166 4036 3423 4107 γενέσθαι
3451 4037 3553 4107 τῆς
3587 4037 3811 4108 μοίρας,

2222 4131 2311 4184 ίνα
2335 4130 2477 4184 κατὰ
2497 4130 2621 4193 τοὺς
2653 4129 2828 4194 θείους
2854 4129 3019 4183 αὐτοῦ
3043 4129 3449 4199 πολιτευόμενοι
3478 4128 3709 4199 νόμους,
3737 4129 3815 4182 δο-

2223 4223 2475 4292 ξάζωμεν
2504 4222 2688 4286 αὐτὸν,
2726 4221 2869 4275 κατὰ
2907 4221 2998 4275 τὸν
3032 4221 3175 4293 ἱερὸν
3210 4220 3551 4284 Ἀπόστολον,
3596 4222 3707 4274 κὰν
3736 4219 3815 4290 τῷ

2223 4313 2459 4385 σώματι,
2502 4315 2606 4367 κάν
2636 4312 2714 4385 τῷ
2748 4313 3019 4384 πνεύματι
3054 4328 3069 4343 ’
3103 4314 3186 4367 ὅτι
3219 4311 3370 4383 αὑτῷ
3407 4311 3613 4383 πρέπει
3659 4313 3814 4365 πᾶσα

2218 4407 2368 4475 δόξα,
2402 4407 2556 4477 τιμὴ,
2593 4407 2687 4459 καὶ
2717 4404 3110 4475 προσκύνησις,
3144 4404 3241 4458 σὺν
3273 4404 3353 4475 τῷ
3388 4405 3675 4475 μονογενεί
3714 4403 3816 4456 αὐ-

2220 4498 2315 4553 τοῦ
2347 4497 2481 4569 Υίῷ,
2538 4496 2632 4550 καὶ
2675 4496 2754 4568 τῷ
2784 4497 2928 4567 ἁγίῳ
2959 4496 3261 4568 Πνεύματι,
3292 4494 3386 4549 νῦν
3434 4495 3530 4550 καὶ
3560 4493 3677 4563 ἀεὶ,
3718 4493 3814 4549 καὶ

2154 4606 2201 4664 ι)
2230 4594 2310 4658 είς
2337 4592 2462 4655 τοὺς
2495 4588 2699 4654 αἰῶνας
2731 4589 2838 4645 τῶν
2874 4588 3106 4645 αἰώνων.
3148 4589 3321 4662 ’Δμήν
3345 4588 3412 4645 ’⁸.

1845 4923 2082 4981 VARUE
2114 4923 2515 4986 LECTIONES.

493 4968 509 5013 ἦ
536 5080 583 5089 __
608 5010 653 5043 ⁸⁸
686 5027 817 5065 πεπ.
850 5010 991 5065 LXX
1035 5011 1239 5089 habent
1258 5010 1334 5078 ὥς
1360 5012 1646 5089 ἄρκευθος-
1668 4968 2282 5089 πυκάςούσαῖυῐίεῖιίἔε.
2295 4968 2658 5089 ﬁgulum.
2695 5018 2859 5075 habet
2885 5017 3106 5089 Barber.
3132 5015 3210 5082 ὡς
3235 5016 3390 5071 ἐλαία
3427 5031 3511 5078 τις
3544 5012 3809 5089 εὐθαλὴς.

536 5080 585 5159 ξς
613 5096 896 5159 fug-1:59.,
928 5099 983 5135 κ.
1010 5100 1062 5137 τ.
1095 5082 1145 5159 λ..
1178 5080 1515 5159 Lacuna'est
1548 5085 1605 5140 h.
1635 5085 1671 5139 l.
1715 5084 1841 5159 iu_C
1872 5102 2046 5159 usque
2076 5089 2142 5143 ad
2174 5080 2314 5153 Joel,
2351 5107 2390 5154 ι,
2429 5093 2482 5145 2.
2561 5091 2605 5124 ’⁷
2643 5090 2839 5159 Supra,
2902 5098 2943 5159 t3
3000 5087 3042 5155 l,
3083 5103 3115 5158 p
3148 5158 3153 5159 ί
3189 5080 3348 5150 1577,
3388 5095 3508 5142 erat
3552 5080 3809 5159 συνήσὲι.

538 5148 585 5231 ’ξ
612 5148 1095 5231 Subjieimusquae
1120 5153 1176 5207 in
1207 5154 1331 5231 cod.
1366 5153 1509 5231 Aug.
1534 5160 1611 5231 (et
1635 5156 1823 5224 paucis
1848 5148 2079 5231 mutatis
2108 5159 2163 5231 iu
2197 5148 2386 5231 Flor).
2419 5169 2546 5230 post
2622 5148 2837 5231 textum
2908 5148 3097 5231 Oseaa,‘
3126 5158 3195 5231 de
3227 5148 3448 5231 nomine
3478 5148 3810 5231 prophetae,

536 5228 591 5272 et
617 5219 685 5294 de
725 5220 885 5294 rebus
914 5219 1126 5294 adeum
1150 5219 1570 5294 pertinentibus,
1601 5219 1854 5294 leguntur
1879 5244 1892 5279 :
1935 5227 1995 5278 Ὠ

539 5244 591 5272 ιιι
618 5244 685 5272 ue
727 5244 885 5276 renus
914 5244 980 5277 au
1002 5244 1126 5278 eum
1150 5244 1570 5293 pertinentibus,
1601 5244 1854 5294 teguntur
1879 5244 1892 5279 :
1952 5244 1995 5278 ιι

539 5287 715 5365 ιευλῆς
766 5289 1007 5365 ξισαχὰρ,
1040 5293 1135 5365 καὶ
1169 5291 1373 5365 ἔδωκεν
1395 5294 1560 5365 τέρας
1591 5295 1743 5364 ἥξειν
1769 5295 1975 5364 Κύριον
1998 5244 2068 5365 TI?

540 5355 1385 5451 ﬁtfit?F.‘:_’E¥1%i’tiiF;EnE°rl
1413 5355 1802 5451 μέρελτοῆσεῖαι
1842 5355 1928 5451 έίξ
1952 5355 2099 5447 (£568-
2121 5367 2174 5451 εει
2206 5368 2303 5451 ῖς).
2317 5355 2523 5451 δώξεκει
2551 5355 2728 5451 ea.
2766 5355 2861 5422 κειὶ
2891 5355 3213 5451 γείήσονξαι
3235 5355 3444 5451 Wex?

2147 5222 2513 5299 ἑρμηνεύεται
2570 5229 2878 5300 σωζόμενος
2946 5222 3114 5292 Οὗτος
3166 5223 3234 5299 ἦν
3295 5231 3359 5281 ἐκ
3407 5222 3660 5300 Βελεμώθ
3710 5226 3816 5300 τῆς

2077 5341 2090 5353 .
2113 5296 2404 5379 ᾳόὶιῖικαὶ)
2441 5301 2535 5353 ἐπὶ
2566 5300 2669 5368 γῆς
2699 5296 3007 5369 ἀνθρώποις
3062 5296 3655 5418 συναναστρεφόμενοι
3716 5297 3816 5349 καὶ

2077 5402 2099 5418 ν.
2121 5384 2174 5418 tn
2206 5368 2292 5418 F.i
2317 5371 2523 5418 δώδεκα
2553 5370 2691 5418 ιιέοη
2714 5409 2728 5418 .
2766 5371 2861 5418 καὶ
2891 5370 3213 5418 γενήσονται
3235 5369 3444 5418 δώδεκα
3507 5382 3656 5418 ουες.
3692 5365 3816 5418 Καὶ

3506 5365 3656 5435 ρζιες.
3692 5365 3816 5420 Καὶ

539 5426 907 5517 ἀκολουθῆσαι
935 5426 1086 5553 adsit
1112 5429 1196 5501 (F.
1229 5426 1339 5502 τῷῖ
1362 5426 1453 5488 ἐπὶ
1481 5426 1583 5504 γῆς
1616 5426 1838 5520 φανέντι
1887 5426 2027 5505 Θεῷ,
2066 5439 2160 5491 καὶ
2235 5426 2303 5492 δί’
2351 5440 2516 5494 αὐτοῦ
2551 5426 2872 5521 ’σώθῆσεται
2904 5426 3071 5493 ’πᾶσα
3109 5442 3143 5510 ἠ
3202 5440 3295 5510 γῆ.
3331 5437 3442 5494 Καὶ
3496 5426 3652 5499 οὗτος
3720 5437 3815 5507 (Δ.

540 5498 734 5553 ουτως)
768 5499 946 5553 θανων
977 5502 1036 5553 ὲτ
1079 5514 1175 5553 φη.
1211 5502 1267 5553 ἐν
1290 5505 1354 5553 τῆ
1380 5507 1449 5553 γῆ
1484 5506 1672 5553 αὐτου-
1707 5505 1764 5553 In
1800 5504 1858 5553 I‘.
1888 5503 2003 5553 haec.
2033 5505 2136 5553 lea-
2172 5508 2228 5553 in
2283 5508 2389 5553 ﬁnn
2421 5510 2727 5553 nranmnnli
2773 5525 2827 5553 In
2858 5507 3084 5553 109]an

540 5493 734 5570 οὕτως)
768 5493 946 5557 θανὼν
977 5502 1036 5555 ἐτ

1079 5499 1175 5570 φη,
1211 5502 1267 5554 ἐν
1285 5499 1354 5574 τῇ
1380 5507 1449 5574 γῇ
1484 5499 1672 5560 atros.
1707 5505 1764 5560 ln
1799 5499 1858 5558 Ρ.
1888 5499 2137 5577 ίιιιξὸίιεε.
2172 5508 2228 5564 in
2283 5508 2389 5567 line
2421 5499 2728 5582 argumenti
2773 5510 2828 5565 in
2857 5507 3086 5567 Joelem.
