4088 6440
322 387 466 452 1633
1627 381 1707 440 IN
1741 379 1936 440 JOELl

1983 381 1998 436 ς
2031 379 2169 438 CAP
2222 379 2271 438 Ι.
3307 335 3312 338 ’
3463 380 3597 457 ιιδι

3137 536 3593 553 Ψ.

688 691 1039 822 ΤΟΥ
1113 684 1998 822 ΜΑΚΑΡΙΟΥ
2077 688 3250 824 ΘΕΟΔΩΡΗΤΟΥ

1615 919 2018 972 ΕΠΙΣΚΟῘΙΟΥ
2043 919 2280 972 ΚΥΡΟΥ

851 1084 1418 1176 EPMHNEIA
1463 1084 1636 1170 ΕΙΣ
1701 1084 1925 1169 TON
1985 1053 2465 1171 ΠΡΟΦΗΤ]

1472 1084 1636 1170 ΕΙΣ
1701 1084 1925 1169 TON
1985 1040 2612 1173 ΠΡΟΦΗΤΗΝ
2675 1086 2954 1174 ΙΩΗΛ
2995 1076 3086 1173 εθ.

975 1443 1620 1659 ΒΕΑΤΙ⁵
1713 1443 2589 1601 THEODOI

1364 1447 1620 1659 TI.
1713 1443 2978 1601 THEODORETI

1618 1710 1927 1766 EPISCOPI
1979 1711 2322 1768 CYRENSIS

742 1882 1444 1976 ENABRATIO
1589 1885 1712 1971 IN
1849 1882 2324 2050 J,OELEM
2452 1885 3340 1982 PROPHETAM.'

963 2253 1319 2308 ΥΠοΘΕΣιΣ.
1961 2259 2010 2316 Α
2465 2255 2577 2326 13:

1961 2259 2010 2316 A
2465 2255 2674 2326 1381
2710 2253 3225 2311 ARGUMENTUM.

429 2348 582 2418 Ἰωὴλ
611 2349 639 2401 ὁ
686 2347 828 2412 θεῖος
876 2348 1165 2418 προφήτης
1193 2346 1285 2398 τὸν
1320 2345 1419 2416 μὲν
1449 2346 1662 2417 χρόνον,
1717 2345 1841 2402 καθ’
1867 2345 1953 2399 ὂνι

2101 2347 2511 2403 Joel-divinus
2570 2348 2830 2417 propheta
2894 2349 3114 2404 tametsi
3194 2356 3451 2419 tempus,
3509 2365 3618 2421 quo

338 2441 638 2510 ἐποιήσατο
662 2439 759 2502 τὰς
789 2439 1138 2509 προρρήσεις,
1171 2436 1358 2505 σαφῶς
1389 2425 1534 2508 ἡμᾶς
1555 2439 1654 2490 οὐκ
1683 2436 1887 2503 ἐδίδαξε
1909 2452 1924 2467 °

2035 2439 2373 2510 prophetiam
2445 2439 2632 2503 edidit,
2673 2440 2858 2508 aperte
2902 2455 3009 2494 non
3065 2440 3328 2508 ostendit,
3391 2459 3457 2497 ex
3503 2442 3617 2512 ipsa

340 2535 414 2586 δι’
467 2532 648 2586 αὐτῶν
709 2532 890 2602 μέντοι
941 2530 1209 2601 δεδήλωκε
1259 2531 1366 2582 τῶν
1421 2531 1802 2601 προρρήσεων,
1853 2529 1928 2593 ὡς

2037 2539 2216 2585 tamen
2255 2528 2538 2599 prophetia
2564 2529 2859 2600 colligitur,
2897 2544 3024 2584 eum
3067 2536 3313 2599 tempore
3367 2531 3480 2595 illo,
3507 2546 3618 2600 quo

345 2623 468 2677 κατ’
494 2625 699 2678 ἐκεῖνον
728 2622 818 2674 τὸν
847 2621 1038 2692 χρόνον
1075 2621 1386 2690 γεγένηται,
1419 2619 1543 2674 καθ’
1565 2619 1625 2673 ὃν
1659 2623 1687 2673 ὁ
1713 2619 1929 2690 θαυμά-

2037 2619 2299 2674 mirificus
2327 2622 2496 2675 Oseas
2533 2619 2762 2685 exstitit,
2809 2619 2991 2673 futura
3037 2621 3375 2690 praedixisse.
3413 2619 3616 2676 Eadem

347 2731 464 2778 σιος
507 2714 666 2784 Ὠσηὲ
709 2713 808 2784 τὴν
842 2712 949 2765 τῶν
988 2714 1263 2782 ἐσομένων
1293 2712 1639 2783 προθεωρίαν
1669 2713 1889 2780 ἐδέξατο
1911 2729 1926 2744 ο

2037 2710 2181 2764 enim
2210 2719 2264 2764 et
2292 2709 2410 2780 ipse
2434 2709 2702 2778 praedicit,
2726 2710 3080 2781 Assyriorum
3104 2718 3158 2765 et
3197 2709 3621 2781 Babyloniorum

341 2804 520 2858 ταύτὰ
550 2805 658 2873 γὰρ
681 2804 773 2856 καὶ
799 2803 961 2865 αὐτὸς
991 2804 1266 2873 προλέγει,
1305 2803 1605 2873 Ἀσσυρίων
1633 2803 1728 2856 καὶ
1753 2805 1931 2857 Βαϐυ-

2039 2803 2346 2869 incursum,
2381 2803 2750 2872 captivitatem
2795 2811 2849 2857 et
2883 2803 3198 2858 servitutem
3234 2802 3450 2859 lsraelis
3479 2803 3625 2858 redi-

343 2895 555 2948 λωνίων
593 2895 799 2963 ἔφοδον,
827 2896 920 2948 καὶ
951 2892 1386 2963 ἀνδραποδισμὸν
1430 2893 1524 2946 καὶ
1558 2893 1802 2948 δουλείαν
1838 2895 1931 2949 τοῦ

2041 2903 2269 2965 tumque
2302 2911 2366 2951 ex
2400 2895 2743 2964 captivitate.
2797 2894 3058 2949 Prazdicit
3111 2895 3274 2950 etiam
3321 2911 3442 2967 quae
3496 2902 3625 2966 post

361 2985 600 3056 Ἰσραὴλ,
649 2985 743 3038 καὶ
790 2984 888 3054 τὴν
925 2983 1032 3036 ἀπὸ
1083 2981 1183 3053 τῆς
1232 2982 1609 3052 αἰχμαλωσίας
1655 2985 1930 3039 ἐπάνοδον.

2041 2988 2416 3043 reversionem
2458 2988 2778 3042 acciderunt
2820 3005 2834 3041 :
2874 2988 3286 3043 ‘incursionem
3337 2988 3472 3059 Gogi
3531 2988 3627 3060 (ea

349 3079 612 3150 Προλέγει
642 3077 699 3130 δέ
731 3077 824 3130 καὶ
851 3075 918 3129 τὰ
944 3075 1084 3145 μετὰ
1106 3076 1205 3145 τὴν
1233 3075 1492 3129 ἐπάνοδον
1524 3077 1933 3146 συμϐεϐηκότα,

2043 3094 2175 3134 vero
2205 3094 2340 3151 gens
2375 3086 2460 3134 est
2511 3078 2814 3150 Scythica)
2847 3079 2901 3133 in
2951 3079 3388 3152 Hierosolymam
3424 3080 3625 3135 factam

347 3169 447 3223 τοῦ
477 3171 598 3238 Γὼγ
633 3168 917 3240 (Σκυθικὸν
944 3167 1001 3220 δὲ
1030 3165 1400 3240 τοῦτο-ἔθνος),
1432 3169 1531 3238 τὴν
1557 3170 1698 3224 κατὰ
1724 3171 1822 3239 τῆς
1839 3172 1937 3223 Ἰε-

2135 3188 2168 3224 η
2199 3174 2445 3227 exercitu
2476 3171 2927 3237 instructissimo,
2954 3171 3173 3242 illisque
3201 3171 3466 3228 divinitus
3503 3173 3629 3226 illa—

357 3259 652 3332 ρουσαλὴμ
708 3258 888 3328 ὁρμὴν
941 3258 1281 3327 πανστρατιᾷ
1330 3257 1650 3329 γενομένην,
1704 3260 1800 3312 καὶ
1841 3259 1938 3331 τὴν

2045 3273 2156 3319 tam
2189 3271 2490 3319 extremam
2526 3263 2848 3332 perniciem.
2878 3264 2959 3316 Ad
3011 3264 3125 3319 hac
3175 3265 3424 3334 adjunin
3463 3263 3626 3328 dona,

350 3347 743 3417 ἐπενεχθεῖσαν
793 3347 976 3409 αὐτοῖς
1023 3344 1209 3398 θεόθεν
1261 3347 1662 3416 πανωλεθρίαν.
1699 3349 1938 3418 Προστέ-

2046 3372 2166 3427 qua:
2205 3364 2330 3425 post
2363 3355 2797 3410 incarnationem
2834 3354 3138 3422 Salvatoris
3182 3358 3357 3410 nostri
3389 3355 3628 3426 Spiritus

351 3439 502 3492 οεικε
537 3439 594 3491 δέ
632 3439 726 3492 καὶ
756 3438 854 3499 τὰς
883 3438 1020 3506 μετὰ
1052 3437 1151 3507 τὴν
1179 3437 1595 3509 ἐνανθρώπησιν
1617 3439 1711 3492 τοῦ
1749 3440 1936 3510 Σωτῆ-

2046 3456 2273 3501 sanetus
2333 3445 2649 3500 hominibus
2690 3447 2998 3499 concessit.
3052 3447 3128 3500 Ex
3180 3447 3628 3516 praadictionibns

353 3547 449 3605 ρος
494 3531 656 3602 ἡμῶν
703 3529 810 3582 ὑπὸ
866 3529 1132 3597 παναγίου
1178 3529 1495 3599 Πνεύματος
1542 3530 1940 3601 χορηγηθείσας

2047 3537 2230 3605 itaque
2247 3537 2313 3590 de
2335 3537 2576 3607 Assyriis
2605 3545 2659 3591 et
2696 3537 2908 3608 1382
2938 3538 3268 3608 Babyloniis,
3296 3545 3512 3608 tempus
3531 3539 3631 3593 hu-

351 3623 564 3694 δωρεὰς
589 3623 701 3683 τοῖς
727 3618 1054 3690 ἀνθρώποις.
1090 3619 1392 3690 Τοιγαροῦν
1416 3623 1481 3674 ἐκ
1518 3621 1626 3675 τῶν
1661 3621 1804 3675 κατὰ
1827 3623 1935 3675 τῶν

2011 3653 2013 3665 ι
2040 3627 2131 3697 jns
2155 3627 2453 3697 prophetiae
2474 3629 2854 3697 cognovimus.
2881 3629 3058 3698 Atque
3081 3629 3186 3684 hoc
3216 3631 3268 3683 in
3303 3645 3520 3685 summa
3541 3640 3625 3686 est

371 3713 675 3785 Ἀσσυρίων
701 3712 798 3764 καὶ
828 3711 1187 3765 Βαϐυλωνίων
1235 3712 1694 3784 προαγορεύσεων
1721 3713 1813 3765 τὸν
1845 3715 1942 3784 τῆς

2046 3722 2426 3784 argumentum
2455 3732 2467 3767 :
2499 3715 2768 3787 reliquum
2793 3725 2896 3781 est,
2930 3724 2989 3770 ut
3049 3719 3486 3788 explanationem
3537 3736 3634 3790 per

361 3807 696 3876 προφητείας
722 3803 1043 3874 ἐγνώκαμεν
1076 3804 1288 3874 χρόνον.
1325 3805 1388 3856 Ἠ
1418 3805 1516 3874 μὲν
1559 3799 1651 3859 οὖν
1687 3805 1945 3869 ὑπόθεσις

1778 3805 1945 3869 illam;
2045 3805 2291 3877 singulas
2344 3815 2526 3876 partes
2566 3807 2677 3862 Deo
2729 3807 2945 3864 favente
2995 3810 3392 3882 aggrediamur.

365 3899 426 3949 ἐν
463 3897 741 3965 κεφαλαίῳ
775 3894 948 3965 αὕτη*
975 3894 1160 3948 λοιπὸν
1192 3895 1252 3946 δὲ
1283 3896 1384 3964 τῆς
1435 3896 1578 3949 κατὰ
1625 3897 1791 3968 μέρος
1826 3897 1945 3967 (σὺν

365 3985 487 4056 Θεῷ
520 3987 574 4039 δὲ
623 3985 894 4058 εἰρῆσθαι)
919 3984 1215 4056 ἑρμηνείας
1241 3985 1506 4055 ἁψώμεθα
1525 3986 1590 4040 ³ο.

895 4077 1291 4131 ΚΕΦΔΛΑῙυΝ
1334 4079 1413 4131 Α’.
1763 4109 1768 4115 ~

1375 4085 1413 4131 .'.
1763 4109 1768 4115 .
2693 4067 2919 4122 CAPUT
2953 4067 2989 4120 Ι.

437 4177 507 4225 α’.
547 4189 564 4221 ι
599 4169 770 4238 Λόγος
816 4169 1044 4241 Κυρίου,
1100 4169 1159 4232 ὃς
1207 4169 1428 4236 ἐγένετο
1474 4169 1611 4240 πρὸς
1653 4170 1810 4241 Ίωὴλ
1854 4171 1947 4225 τὸν

2120 4159 2286 4214 Vens.
2320 4159 2373 4213 1.
2433 4178 2452 4211 ι
2486 4157 2726 4214 Verbum
2783 4159 3023 4225 Domini,
3086 4161 3233 4229 quod
3295 4159 3500 4214 factum
3551 4170 3635 4216 est

363 4263 462 4318 τοῦ
495 4263 738 4334 Βαθουήλ
759 4264 823 4314 ³⁸.
863 4263 998 4316 »Διὰ
1027 4261 1088 4314 τὸ
1126 4261 1377 4325 πολλοὺς,
1413 4260 1492 4324 ὡς
1525 4263 1693 4327 εἰκὸς,
1735 4265 1828 4315 καὶ
1853 4264 1950 4317 αὐ-

2051 4252 2118 4305 ad
2164 4251 2368 4306 Joelem
2405 4253 2573 4307 ﬁlium
2621 4253 2918 4308 Balhuelis.
2965 4273 2982 4306 ι
3022 4255 3291 4321 Quoniam
3353 4257 3527 4323 multi,
3577 4267 3634 4310 ut

362 4357 468 4427 τὴν
493 4354 636 4425 ἔχειν
674 4353 1067 4426 προσηγορίαν,
1102 4353 1196 4406 καὶ
1232 4351 1294 4404 τὸ
1333 4349 1426 4404 τοῦ
1458 4352 1662 4422 πατρὸς
1713 4353 1948 4423 προστέ-

2047 4347 2346 4404 verisimile
2401 4353 2505 4410 est,
2538 4346 2676 4399 idem
2709 4359 2904 4399 nomen
2951 4345 3242 4411 habebant,
3291 4347 3464 4416 patris
3492 4362 3631 4416 quo-

365 4447 548 4500 θεικεν
571 4445 760 4515 ὄνομα.
797 4443 1048 4498 Διδάσκει
1077 4443 1154 4505 δὲ,
1176 4443 1252 4507 ὡς
1282 4443 1343 4495 οὐ
1372 4443 1646 4514 λογισμῶν
1672 4445 1948 4515 ἀνθρωπί-

2049 4453 2156 4510 que
2195 4451 2391 4492 nomen
2423 4433 2652 4489 addidit.
2693 4436 2856 4487 Docet
2905 4441 3110 4498 autem,
3156 4435 3319 4487 verba
3373 4447 3471 4488 sua
3522 4447 3630 4486 non

364 4556 476 4592 νων
498 4537 634 4590 εἰσὶν
662 4537 848 4600 ὠδῖνες
870 4538 916 4589 οἱ
947 4535 1076 4608 παρ’
1108 4533 1273 4588 αὑτοῦ
1318 4535 1594 4605 γινόμενοι
1632 4535 1778 4604 λόγοι
1805 4553 1816 4565 °
1847 4538 1952 4591 ὑπὸ

2052 4531 2414 4584 humanarum
2445 4525 2847 4596 cogitationum
2885 4540 3008 4581 esse
3045 4531 3256 4594 partus,
3311 4523 3406 4579 sed
3449 4523 3631 4577 aﬂlatu

362 4630 425 4684 δέ
448 4628 544 4682 τοῦ
591 4629 798 4700 Κυρίου
843 4628 952 4682 τῶν
1005 4628 1142 4680 ὅλων
1197 4625 1576 4696 ἐμπνευσθεὶς,
1617 4628 1712 4680 καὶ
1744 4631 1953 4700 προορᾷ

1801 4631 1953 4700 οοορᾷ
2053 4623 2241 4678 divino
2271 4635 2331 4676 se
2360 4619 2545 4674 futura
2579 4626 2634 4674 et
2659 4617 2982 4688 praevidere,
3013 4624 3067 4672 et
3100 4617 3415 4687 praedicere.

364 4721 439 4775 τὰ
478 4721 730 4791 ἐσόμενα,
776 4720 871 4772 καὶ
912 4718 1188 4789 προλέγει.
2522 4750 2524 4752 τ

445 4810 512 4879 β’.
550 4829 568 4862 ι
593 4809 887 4864 Ἀκούσατε
919 4809 1113 4874 ταῦτα,
1149 4811 1199 4862 οἱ
1231 4808 1613 4880 πρεσϐύτεροι,
1650 4812 1745 4863 καὶ
1768 4810 1955 4865 ἐνωτίο

2127 4802 2294 4858 Vens.
2333 4799 2386 4853 2.
2427 4818 2446 4852 ‹
2475 4798 2672 4853 Audite
2703 4796 2837 4862 haec,
2875 4811 3056 4862 senes,
3085 4802 3139 4850 et
3183 4793 3412 4850 auribus
3459 4793 3639 4864 perci-

373 4900 563 4966 σασθε,
604 4901 805 4964 πάντες
834 4901 884 4953 oi
916 4899 1298 4964 κατοικοῦντες
1363 4899 1463 4971 τὴν
1504 4901 1609 4970 γῆν
1634 4918 1646 4932 ·
1688 4903 1736 4954 εί
1762 4901 1952 4970 γέγονε

2057 4896 2188 4968 pite,
2217 4909 2409 4949 omnes
2441 4891 2776 4945 habitatores
2807 4897 2988 4954 terrae,
3022 4904 3090 4942 an
3121 4887 3260 4941 facta
3291 4889 3400 4941 sint
3432 4886 3561 4939 talia
3587 4887 3640 4940 in

370 4965 602 5048 τοιαῦτα
652 4994 710 5044 ἐν
749 4993 867 5054 ταῖς
904 4991 1142 5063 ἡμέραις
1184 4991 1357 5060 ὑμῶν,
1458 4965 1527 5045 ἐν⁷
1560 4965 1680 5055 ταῖς
1715 4965 1984 5063 ἡμέραις¹

2022 4965 2254 5042 Ldiebus
2283 4983 2606 5047 vestris,aut
2639 4982 2692 5034 in
2737 4980 2934 5034 diebus
2980 4986 3197 5050 patrum
3241 4986 3565 5032 vestrorum.
3617 4993 3636 5027 ι

371 5085 482 5138 τῶν
533 5085 782 5156 πατέρων
827 5083 980 5154 ὑμῶν
1013 5100 1028 5145 ;
1059 5102 1077 5132 ι
1111 5083 1319 5152 Ὑμεῖς,
1365 5083 1550 5154 φησιν,
1576 5085 1624 5136 οί
1655 5085 1821 5136 πολὺν
1862 5083 1952 5152 βεο

2065 5077 2192 5140 Vos,
2225 5075 2427 5145 inquit,
2455 5073 2549 5143 qui
2583 5087 2678 5142 per
2713 5073 2935 5140 longum
2965 5079 3184 5140 tempus
3230 5067 3472 5132 vixistis,
3525 5081 3642 5119 ma—

372 5176 634 5240 ϐιωκότες
669 5175 877 5246 χρόνον,
917 5175 966 5226 oi
993 5172 1214 5226 πλείονα
1244 5175 1458 5242 πεῖραν,
1483 5172 1559 5236 ὡς
1580 5173 1746 5236 εἰκὸς,
1779 5189 1958 5243 πραγ-

2061 5167 2373 5236 joremque,
2429 5170 2488 5216 ut
2521 5176 2620 5231 par
2652 5168 2758 5223 est,
2814 5173 2997 5213 rerum
3057 5156 3450 5227 experientiam
3517 5167 3638 5223 per-

377 5269 566 5341 μὰτων
606 5267 916 5336 δεξάμενοι,
960 5264 1214 5333 πατέρων
1272 5280 1332 5315 τε
1392 5263 1489 5315 καὶ
1549 5262 1831 5333 προγόνων
1880 5261 1960 5314 δι-

2066 5255 2314 5326 cepistis,
2366 5253 2569 5323 quique
2624 5256 2810 5319 patres
2855 5256 2909 5301 et
2956 5261 3089 5302 avos
3150 5251 3444 5300 narrantes
3500 5255 3643 5311 sape

371 5337 699 5432 ἡγουμένων
722 5357 980 5419 πολλάκις
1012 5354 1333 5425 ἀκηκοότες,
1358 5353 1465 5408 τῶν
1492 5354 1592 5422 τῆς
1622 5352 1960 5425 προφητείας

2066 5347 2379 5413 audivistis,
2417 5345 2580 5400 verba
2621 5341 2927 5413 prophetiae
2994 5339 3162 5409 hujus
3234 5337 3644 5399 auscultantes,

1684 5485 1918 5542 vitam
1957 5443 2406 5542 LECTIONESI

453 5595 498 5626 ’9
519 5590 838 5646 Proximum
861 5587 1042 5642 locum
1068 5593 1217 5640 tenet
1237 5582 1376 5649 Joel,
1409 5581 1598 5637 eodem
1650 5582 1704 5637 in
1736 5582 1822 5639 his
1856 5577 2284 5651 Commentariis
2325 5579 2541 5651 servato
2573 5567 2866 5651 duodecim
2889 5563 3640 5651 prophetarnmnofirdineqpi

374 5671 467 5721 est
504 5627 916 5716 ίῖἶῖιὲῑὶῗςέξρῖ
929 5658 982 5710 in
1014 5657 1138 5712 eod.
1177 5627 1376 5709 Vatic.’
1433 5652 1478 5683 ³ο
1507 5650 1565 5706 ιε’.
1595 5653 1747 5707 addit
1779 5671 1792 5707 ε
1844 5652 1988 5723 Ἰωήλ

379 5736 479 5762 _.‘:-
509 5729 680 5762 “nd:-
718 5727 946 5762 ’βηηαὲρυ
1005 5724 1173 5762 ἆνηηῧ
1205 5721 1522 5762 uelim-Amm)
1585 5722 1674 5762 Ἦν
1708 5724 1894 5762 ςῗηῆυῇ
1922 5725 1988 5762 ἀπ

2030 5627 2390 5722 ὲῖίὶτῖᾲἐὶὶετῖι
2429 5641 2715 5712 ἀγαπητὸς
2757 5627 3053 5762 Κυρίουίῆ
3077 5639 3242 5707 ἀρχή.
3271 5627 3438 5714 ρῦτος
3470 5627 3539 5756 Ἰν
3565 5627 3643 5710 ’ἐκ

2033 5722 2205 5762 nmmo-
2251 5717 2345 5762 καὶ
2379 5712 2553 5762 ἐτάφη
2587 5713 2721 5762 ἐκεῖ.
2755 5712 2815 5762 In
2911 5708 3100 5762 cadent
3133 5707 3234 5762 lett.
3273 5719 3325 5757 tn
3351 5702 3457 5756 ﬂne
3513 5702 3643 5757 tbrt-

378 5712 1173 5855 δῙίουϐὴνι,ηὰγΡρῖἶ
1204 5721 1538 5866 μὲξομόρων.
1585 5722 1674 5776 Ἐν
1708 5724 1894 5794 εἰρήνῃ
1922 5712 2211 5786 ἀπέθανεν,
2251 5717 2345 5771 καὶ
2379 5712 2554 5784 ἐτάφη
2587 5713 2721 5767 ἐκεῖ.
2755 5712 2815 5765 In
2836 5712 2880 5763 A
2911 5712 3100 5765 eadem
3133 5712 3234 5774 leg.

595 5840 608 5854 .
693 5814 753 5854 ec
787 5814 872 5857 ius
907 5812 1021 5866 an,
1096 5813 1128 5850 α
1165 5812 1227 5848 ου
1308 5835 1320 5848 .
