  <div class='ocr_page' id='page_1' title='image "/cluster/home/n/w/nwhite01/storage/ocr_20150623/81:no.2/coo.31924054869825/825.png"; bbox 0 0 4088 6436; ppageno 0'>
   <div class='ocr_carea' id='block_1_1' title="bbox 573 362 706 425">
    <p class='ocr_par' dir='ltr' id='par_1_1' title="bbox 573 362 706 425">
     <span class='ocr_line' id='line_1_1' title="bbox 573 362 706 425; baseline 0.015 -1"><span class='ocrx_word' id='word_1_1' title='bbox 573 362 706 425; x_wconf 78' lang='lat'><strong>1635</strong></span> 
     </span>
    </p>
   </div>
   <div class='ocr_carea' id='block_1_2' title="bbox 1563 355 2817 425">
    <p class='ocr_par' dir='ltr' id='par_1_2' title="bbox 1563 355 2817 425">
     <span class='ocr_line' id='line_1_2' title="bbox 1563 355 2817 425; baseline 0.003 -4"><span class='ocrx_word' id='word_1_2' title='bbox 1563 358 2057 421; x_wconf 83' lang='lat' dir='ltr'><strong>THEODORETI</strong></span> <span class='ocrx_word' id='word_1_3' title='bbox 2088 355 2429 419; x_wconf 82' lang='lat' dir='ltr'><strong>EPISCOPI</strong></span> <span class='ocrx_word' id='word_1_4' title='bbox 2451 361 2817 425; x_wconf 82' lang='lat' dir='ltr'><strong>CYRENSIS</strong></span> 
     </span>
    </p>
   </div>
   <div class='ocr_carea' id='block_1_3' title="bbox 3683 371 3801 439">
    <p class='ocr_par' dir='ltr' id='par_1_3' title="bbox 3683 371 3801 439">
     <span class='ocr_line' id='line_1_3' title="bbox 3683 371 3801 439; baseline 0.034 -4"><span class='ocrx_word' id='word_1_5' title='bbox 3683 371 3801 439; x_wconf 72' lang='lat'><strong>1636&#39;</strong></span> 
     </span>
    </p>
   </div>
   <div class='ocr_carea' id='block_1_4' title="bbox 569 469 2153 551">
    <p class='ocr_par' dir='ltr' id='par_1_4' title="bbox 569 469 2149 546">
     <span class='ocr_line' id='line_1_4' title="bbox 569 469 2149 546; baseline -0.006 -14"><span class='ocrx_word' id='word_1_6' title='bbox 569 478 854 532; x_wconf 99' lang='lat' dir='ltr'><strong>vobiscum</strong></span> <span class='ocrx_word' id='word_1_7' title='bbox 880 484 1154 546; x_wconf 84' lang='lat' dir='ltr'><strong>reputate,</strong></span> <span class='ocrx_word' id='word_1_8' title='bbox 1190 489 1259 530; x_wconf 88' lang='lat' dir='ltr'><strong>an</strong></span> <span class='ocrx_word' id='word_1_9' title='bbox 1292 474 1400 530; x_wconf 99' lang='lat' dir='ltr'><strong>tale</strong></span> <span class='ocrx_word' id='word_1_10' title='bbox 1434 473 1714 544; x_wconf 82' lang='lat' dir='ltr'><strong>quidpiam</strong></span> <span class='ocrx_word' id='word_1_11' title='bbox 1740 481 1903 527; x_wconf 86' lang='lat' dir='ltr'><strong>antea</strong></span> <span class='ocrx_word' id='word_1_12' title='bbox 1944 469 2149 525; x_wconf 79' lang='lat' dir='ltr'><strong>factum</strong></span> 
     </span>
    </p>
   </div>
   <div class='ocr_carea' id='block_1_5' title="bbox 2258 469 3792 551">
    <p class='ocr_par' dir='ltr' id='par_1_5' title="bbox 2258 473 3792 551">
     <span class='ocr_line' id='line_1_5' title="bbox 2258 473 3792 551; baseline 0.01 -27"><span class='ocrx_word' id='word_1_13' title='bbox 2258 473 2656 539; x_wconf 79' lang='grc' dir='ltr'><strong>κατακούοντες</strong></span> <span class='ocrx_word' id='word_1_14' title='bbox 2701 476 2895 544; x_wconf 78' lang='grc' dir='ltr'>λόγων,</span> <span class='ocrx_word' id='word_1_15' title='bbox 2946 476 3254 547; x_wconf 85' lang='grc' dir='ltr'>σκοπήσατε</span> <span class='ocrx_word' id='word_1_16' title='bbox 3293 474 3420 546; x_wconf 81' lang='grc' dir='ltr'>παρ’</span> <span class='ocrx_word' id='word_1_17' title='bbox 3464 476 3586 549; x_wconf 76' lang='grc' dir='ltr'>ὑμῖν</span> <span class='ocrx_word' id='word_1_18' title='bbox 3618 485 3792 551; x_wconf 75' lang='grc' dir='ltr'>αὐτοῖς,</span> 
     </span>
    </p>
   </div>
   <div class='ocr_carea' id='block_1_6' title="bbox 568 566 2147 637">
    <p class='ocr_par' dir='ltr' id='par_1_6' title="bbox 568 566 2147 637">
     <span class='ocr_line' id='line_1_6' title="bbox 568 566 2147 637; baseline -0.004 -13"><span class='ocrx_word' id='word_1_19' title='bbox 568 568 662 627; x_wconf 88' lang='lat' dir='ltr'><strong>sit.</strong></span> <span class='ocrx_word' id='word_1_20' title='bbox 695 569 781 625; x_wconf 87' lang='lat' dir='ltr'><strong>vel</strong></span> <span class='ocrx_word' id='word_1_21' title='bbox 813 577 1016 633; x_wconf 83' lang='lat' dir='ltr'><strong>vestra,</strong></span> <span class='ocrx_word' id='word_1_22' title='bbox 1056 568 1138 623; x_wconf 84' lang='lat' dir='ltr'><strong>vel</strong></span> <span class='ocrx_word' id='word_1_23' title='bbox 1172 578 1386 637; x_wconf 90' lang='lat' dir='ltr'><strong>patrum</strong></span> <span class='ocrx_word' id='word_1_24' title='bbox 1420 575 1727 622; x_wconf 86' lang='lat' dir='ltr'><strong>vestrorum</strong></span> <span class='ocrx_word' id='word_1_25' title='bbox 1769 566 2034 620; x_wconf 78' lang='lat' dir='ltr'><strong>memoria</strong></span> <span class='ocrx_word' id='word_1_26' title='bbox 2061 573 2147 619; x_wconf 71' lang='grc' dir='ltr'>τοι</span> 
     </span>
    </p>
   </div>
   <div class='ocr_carea' id='block_1_7' title="bbox 566 657 2151 731">
    <p class='ocr_par' dir='ltr' id='par_1_7' title="bbox 566 657 2151 731">
     <span class='ocr_line' id='line_1_7' title="bbox 566 657 2151 731; baseline -0.003 -15"><span class='ocrx_word' id='word_1_27' title='bbox 566 677 761 717; x_wconf 86' lang='lat' dir='ltr'><strong>omnes</strong></span> <span class='ocrx_word' id='word_1_28' title='bbox 789 661 883 731; x_wconf 92' lang='lat' dir='ltr'><strong>qui</strong></span> <span class='ocrx_word' id='word_1_29' title='bbox 927 668 1124 715; x_wconf 84' lang='lat' dir='ltr'><strong>terram</strong></span> <span class='ocrx_word' id='word_1_30' title='bbox 1167 659 1552 730; x_wconf 81' lang='lat' dir='ltr'><strong>promissionis</strong></span> <span class='ocrx_word' id='word_1_31' title='bbox 1583 658 1866 723; x_wconf 87' lang='lat' dir='ltr'><strong>habitatis,</strong></span> <span class='ocrx_word' id='word_1_32' title='bbox 1917 657 2151 726; x_wconf 85' lang='lat' dir='ltr'><strong>diligen-</strong></span> 
     </span>
    </p>
   </div>
   <div class='ocr_carea' id='block_1_8' title="bbox 569 748 2145 823">
    <p class='ocr_par' dir='ltr' id='par_1_8' title="bbox 569 748 2145 823">
     <span class='ocr_line' id='line_1_8' title="bbox 569 748 2145 823; baseline -0.004 -16"><span class='ocrx_word' id='word_1_33' title='bbox 569 763 654 807; x_wconf 90' lang='lat' dir='ltr'><strong>ter</strong></span> <span class='ocrx_word' id='word_1_34' title='bbox 683 754 748 807; x_wconf 91' lang='lat' dir='ltr'><strong>ad</strong></span> <span class='ocrx_word' id='word_1_35' title='bbox 789 768 851 807; x_wconf 91' lang='lat' dir='ltr'><strong>ea</strong></span> <span class='ocrx_word' id='word_1_36' title='bbox 883 766 1007 823; x_wconf 66' lang='lat' dir='ltr'><strong>qua</strong></span> <span class='ocrx_word' id='word_1_37' title='bbox 1034 751 1286 806; x_wconf 82' lang='lat' dir='ltr'><strong>dicentur</strong></span> <span class='ocrx_word' id='word_1_38' title='bbox 1316 750 1604 805; x_wconf 89' lang='lat' dir='ltr'><strong>attendite.</strong></span> <span class='ocrx_word' id='word_1_39' title='bbox 1634 748 1744 823; x_wconf 73' lang='grc' dir='ltr'><strong>[ὅ]</strong></span> <span class='ocrx_word' id='word_1_40' title='bbox 1772 748 1911 803; x_wconf 78' lang='lat' dir='ltr'><strong>Tum</strong></span> <span class='ocrx_word' id='word_1_41' title='bbox 1957 748 2145 803; x_wconf 82' lang='lat' dir='ltr'><strong>addit:</strong></span> 
     </span>
    </p>
   </div>
   <div class='ocr_carea' id='block_1_9' title="bbox 565 841 2145 911">
    <p class='ocr_par' dir='ltr' id='par_1_9' title="bbox 565 841 2145 911">
     <span class='ocr_line' id='line_1_9' title="bbox 565 841 2145 911; baseline -0.005 -13"><span class='ocrx_word' id='word_1_42' title='bbox 565 845 703 898; x_wconf 86' lang='lat' dir='ltr'><strong>Cum</strong></span> <span class='ocrx_word' id='word_1_43' title='bbox 750 842 863 898; x_wconf 61' lang='lat' dir='ltr'><strong>hac</strong></span> <span class='ocrx_word' id='word_1_44' title='bbox 899 842 1107 911; x_wconf 82' lang='lat' dir='ltr'><strong>experti</strong></span> <span class='ocrx_word' id='word_1_45' title='bbox 1161 841 1307 905; x_wconf 89' lang='lat' dir='ltr'><strong>sitis,</strong></span> <span class='ocrx_word' id='word_1_46' title='bbox 1361 856 1428 896; x_wconf 90' lang='lat' dir='ltr'><strong>ne</strong></span> <span class='ocrx_word' id='word_1_47' title='bbox 1474 841 1838 896; x_wconf 90' lang='lat' dir='ltr'><strong>committatis</strong></span> <span class='ocrx_word' id='word_1_48' title='bbox 1876 851 1936 894; x_wconf 90' lang='lat' dir='ltr'><strong>ut</strong></span> <span class='ocrx_word' id='word_1_49' title='bbox 1966 854 1998 895; x_wconf 91' lang='lat' dir='ltr'><strong>e</strong></span> <span class='ocrx_word' id='word_1_50' title='bbox 2040 854 2145 892; x_wconf 81' lang='lat' dir='ltr'><strong>me-</strong></span> 
     </span>
    </p>
   </div>
   <div class='ocr_carea' id='block_1_10' title="bbox 567 931 2151 1002">
    <p class='ocr_par' dir='ltr' id='par_1_10' title="bbox 567 931 2151 1002">
     <span class='ocr_line' id='line_1_10' title="bbox 567 931 2151 1002; baseline -0.002 -14"><span class='ocrx_word' id='word_1_51' title='bbox 567 935 738 988; x_wconf 85' lang='lat' dir='ltr'><strong>moria</strong></span> <span class='ocrx_word' id='word_1_52' title='bbox 772 942 951 988; x_wconf 84' lang='lat' dir='ltr'><strong>vestra</strong></span> <span class='ocrx_word' id='word_1_53' title='bbox 993 933 1304 996; x_wconf 89' lang='lat' dir='ltr'><strong>elabantnr,</strong></span> <span class='ocrx_word' id='word_1_54' title='bbox 1353 933 1446 987; x_wconf 89' lang='lat' dir='ltr'><strong>sed</strong></span> <span class='ocrx_word' id='word_1_55' title='bbox 1488 933 1686 988; x_wconf 89' lang='lat' dir='ltr'><strong>horum</strong></span> <span class='ocrx_word' id='word_1_56' title='bbox 1735 932 1957 1002; x_wconf 87' lang='lat' dir='ltr'><strong>ignaros</strong></span> <span class='ocrx_word' id='word_1_57' title='bbox 2009 931 2151 985; x_wconf 85' lang='lat' dir='ltr'><strong>lilios</strong></span> 
     </span>
    </p>
   </div>
   <div class='ocr_carea' id='block_1_11' title="bbox 565 1022 2151 1096">
    <p class='ocr_par' dir='ltr' id='par_1_11' title="bbox 565 1022 2151 1096">
     <span class='ocr_line' id='line_1_11' title="bbox 565 1022 2151 1096; baseline -0.001 -18"><span class='ocrx_word' id='word_1_58' title='bbox 565 1026 632 1081; x_wconf 89' lang='lat' dir='ltr'><strong>ad</strong></span> <span class='ocrx_word' id='word_1_59' title='bbox 664 1027 777 1079; x_wconf 68' lang='lat' dir='ltr'><strong>haec</strong></span> <span class='ocrx_word' id='word_1_60' title='bbox 807 1025 1094 1089; x_wconf 90' lang='lat' dir='ltr'><strong>instituite,</strong></span> <span class='ocrx_word' id='word_1_61' title='bbox 1121 1037 1286 1093; x_wconf 79' lang='lat' dir='ltr'><strong>atque</strong></span> <span class='ocrx_word' id='word_1_62' title='bbox 1312 1025 1420 1079; x_wconf 92' lang='lat' dir='ltr'><strong>illis</strong></span> <span class='ocrx_word' id='word_1_63' title='bbox 1439 1024 1735 1096; x_wconf 67' lang='lat' dir='ltr'><strong>praecipue,</strong></span> <span class='ocrx_word' id='word_1_64' title='bbox 1766 1031 1826 1079; x_wconf 89' lang='lat' dir='ltr'><strong>ut</strong></span> <span class='ocrx_word' id='word_1_65' title='bbox 1847 1023 1963 1078; x_wconf 69' lang='lat' dir='ltr'><strong>haec</strong></span> <span class='ocrx_word' id='word_1_66' title='bbox 1990 1022 2151 1092; x_wconf 89' lang='lat' dir='ltr'><strong>quasi</strong></span> 
     </span>
    </p>
   </div>
   <div class='ocr_carea' id='block_1_12' title="bbox 563 1116 2152 1188">
    <p class='ocr_par' dir='ltr' id='par_1_12' title="bbox 563 1116 2152 1188">
     <span class='ocr_line' id='line_1_12' title="bbox 563 1116 2152 1188; baseline -0.003 -15"><span class='ocrx_word' id='word_1_67' title='bbox 563 1133 659 1188; x_wconf 86' lang='lat' dir='ltr'><strong>per</strong></span> <span class='ocrx_word' id='word_1_68' title='bbox 692 1133 888 1174; x_wconf 87' lang='lat' dir='ltr'><strong>manus</strong></span> <span class='ocrx_word' id='word_1_69' title='bbox 941 1117 1067 1172; x_wconf 81' lang='lat' dir='ltr'><strong>ﬁliis</strong></span> <span class='ocrx_word' id='word_1_70' title='bbox 1106 1118 1222 1173; x_wconf 88' lang='lat' dir='ltr'><strong>suis</strong></span> <span class='ocrx_word' id='word_1_71' title='bbox 1255 1117 1481 1172; x_wconf 82' lang='lat' dir='ltr'><strong>tradant</strong></span> <span class='ocrx_word' id='word_1_72' title='bbox 1522 1136 1535 1171; x_wconf 89' lang='lat'><strong>:</strong></span> <span class='ocrx_word' id='word_1_73' title='bbox 1582 1128 1638 1171; x_wconf 91' lang='lat' dir='ltr'><strong>et</strong></span> <span class='ocrx_word' id='word_1_74' title='bbox 1692 1116 1974 1186; x_wconf 76' lang='lat' dir='ltr'><strong>generatio</strong></span> <span class='ocrx_word' id='word_1_75' title='bbox 2027 1129 2152 1186; x_wconf 66' lang='lat' dir='ltr'><strong>quae</strong></span> 
     </span>
    </p>
   </div>
   <div class='ocr_carea' id='block_1_13' title="bbox 565 1206 2147 1278">
    <p class='ocr_par' dir='ltr' id='par_1_13' title="bbox 565 1206 2147 1278">
     <span class='ocr_line' id='line_1_13' title="bbox 565 1206 2147 1278; baseline -0.004 -14"><span class='ocrx_word' id='word_1_76' title='bbox 565 1210 665 1264; x_wconf 88' lang='lat' dir='ltr'><strong>hos</strong></span> <span class='ocrx_word' id='word_1_77' title='bbox 709 1216 1101 1278; x_wconf 84' lang='lat' dir='ltr'><strong>consequetur,</strong></span> <span class='ocrx_word' id='word_1_78' title='bbox 1134 1224 1165 1263; x_wconf 90' lang='lat' dir='ltr'><strong>a</strong></span> <span class='ocrx_word' id='word_1_79' title='bbox 1211 1209 1486 1278; x_wconf 86' lang='lat' dir='ltr'><strong>superiori</strong></span> <span class='ocrx_word' id='word_1_80' title='bbox 1538 1208 1899 1277; x_wconf 73' lang='lat' dir='ltr'><strong>generatione</strong></span> <span class='ocrx_word' id='word_1_81' title='bbox 1950 1206 2147 1259; x_wconf 90' lang='lat' dir='ltr'><strong>horum</strong></span> 
     </span>
    </p>
   </div>
   <div class='ocr_carea' id='block_1_14' title="bbox 564 1296 2154 1369">
    <p class='ocr_par' dir='ltr' id='par_1_14' title="bbox 564 1296 2154 1369">
     <span class='ocr_line' id='line_1_14' title="bbox 564 1296 2154 1369; baseline -0.002 -15"><span class='ocrx_word' id='word_1_82' title='bbox 564 1301 942 1355; x_wconf 83' lang='lat' dir='ltr'><strong>narrationem</strong></span> <span class='ocrx_word' id='word_1_83' title='bbox 995 1300 1249 1369; x_wconf 89' lang='lat' dir='ltr'><strong>accipiat.</strong></span> <span class='ocrx_word' id='word_1_84' title='bbox 1303 1300 1456 1353; x_wconf 83' lang='lat' dir='ltr'><strong>Talia</strong></span> <span class='ocrx_word' id='word_1_85' title='bbox 1507 1313 1732 1369; x_wconf 83' lang='lat' dir='ltr'><strong>quoque</strong></span> <span class='ocrx_word' id='word_1_86' title='bbox 1793 1296 2006 1368; x_wconf 76' lang='lat'><strong>1383</strong></span> <span class='ocrx_word' id='word_1_87' title='bbox 2073 1296 2154 1351; x_wconf 87' lang='lat' dir='ltr'><strong>ait</strong></span> 
     </span>
    </p>
   </div>
   <div class='ocr_carea' id='block_1_15' title="bbox 565 1391 2142 1462">
    <p class='ocr_par' dir='ltr' id='par_1_15' title="bbox 565 1391 2142 1462">
     <span class='ocr_line' id='line_1_15' title="bbox 565 1391 2142 1462; baseline -0.003 -15"><span class='ocrx_word' id='word_1_88' title='bbox 565 1393 759 1447; x_wconf 85' lang='lat' dir='ltr'><strong>beatus</strong></span> <span class='ocrx_word' id='word_1_89' title='bbox 810 1391 1029 1446; x_wconf 88' lang='lat' dir='ltr'><strong>David:</strong></span> <span class='ocrx_word' id='word_1_90' title='bbox 1068 1411 1086 1444; x_wconf 79' lang='grc' dir='ltr'><strong>ι</strong></span> <span class='ocrx_word' id='word_1_91' title='bbox 1119 1392 1188 1448; x_wconf 90' lang='lat' dir='ltr'><strong>Ut</strong></span> <span class='ocrx_word' id='word_1_92' title='bbox 1242 1400 1542 1462; x_wconf 74' lang='lat' dir='ltr'><strong>cognoscat</strong></span> <span class='ocrx_word' id='word_1_93' title='bbox 1602 1391 1884 1462; x_wconf 77' lang='lat' dir='ltr'><strong>generatio</strong></span> <span class='ocrx_word' id='word_1_94' title='bbox 1945 1391 2142 1453; x_wconf 87' lang='lat' dir='ltr'><strong>altera,</strong></span> 
     </span>
    </p>
   </div>
   <div class='ocr_carea' id='block_1_16' title="bbox 569 1482 2150 1556">
    <p class='ocr_par' dir='ltr' id='par_1_16' title="bbox 569 1482 2150 1556">
     <span class='ocr_line' id='line_1_16' title="bbox 569 1482 2150 1556; baseline -0.002 -16"><span class='ocrx_word' id='word_1_95' title='bbox 569 1488 662 1542; x_wconf 82' lang='lat' dir='ltr'><strong>lilii</strong></span> <span class='ocrx_word' id='word_1_96' title='bbox 696 1487 789 1556; x_wconf 87' lang='lat' dir='ltr'><strong>qui</strong></span> <span class='ocrx_word' id='word_1_97' title='bbox 826 1494 1137 1551; x_wconf 87' lang='lat' dir='ltr'><strong>nascentur,</strong></span> <span class='ocrx_word' id='word_1_98' title='bbox 1201 1492 1258 1540; x_wconf 89' lang='lat' dir='ltr'><strong>et</strong></span> <span class='ocrx_word' id='word_1_99' title='bbox 1302 1495 1617 1553; x_wconf 82' lang='lat' dir='ltr'><strong>cxsurgent,</strong></span> <span class='ocrx_word' id='word_1_100' title='bbox 1661 1491 1715 1538; x_wconf 86' lang='lat' dir='ltr'><strong>et</strong></span> <span class='ocrx_word' id='word_1_101' title='bbox 1755 1482 2057 1538; x_wconf 75' lang='lat' dir='ltr'><strong>narrabunt</strong></span> <span class='ocrx_word' id='word_1_102' title='bbox 2087 1497 2150 1537; x_wconf 80' lang='lat' dir='ltr'><strong>ea</strong></span> 
     </span>
    </p>
   </div>
   <div class='ocr_carea' id='block_1_17' title="bbox 570 1575 2152 1650">
    <p class='ocr_par' dir='ltr' id='par_1_17' title="bbox 570 1575 2152 1650">
     <span class='ocr_line' id='line_1_17' title="bbox 570 1575 2152 1650; baseline -0.005 -14"><span class='ocrx_word' id='word_1_103' title='bbox 570 1580 698 1636; x_wconf 82' lang='lat' dir='ltr'><strong>ﬁliis</strong></span> <span class='ocrx_word' id='word_1_104' title='bbox 735 1581 851 1636; x_wconf 87' lang='lat' dir='ltr'><strong>suis</strong></span> <span class='ocrx_word' id='word_1_105' title='bbox 878 1580 955 1633; x_wconf 76' lang='grc' dir='ltr'><strong>τ.»</strong></span> <span class='ocrx_word' id='word_1_106' title='bbox 988 1579 1336 1650; x_wconf 85' lang='lat' dir='ltr'><strong>Causamque</strong></span> <span class='ocrx_word' id='word_1_107' title='bbox 1366 1577 1546 1641; x_wconf 82' lang='lat' dir='ltr'><strong>affert,</strong></span> <span class='ocrx_word' id='word_1_108' title='bbox 1584 1598 1600 1628; x_wconf 81' lang='grc' dir='ltr'><strong>ι</strong></span> <span class='ocrx_word' id='word_1_109' title='bbox 1626 1575 1695 1634; x_wconf 86' lang='lat' dir='ltr'><strong>Ut</strong></span> <span class='ocrx_word' id='word_1_110' title='bbox 1723 1584 1927 1647; x_wconf 85' lang='lat' dir='ltr'><strong>ponant</strong></span> <span class='ocrx_word' id='word_1_111' title='bbox 1952 1576 2006 1630; x_wconf 91' lang='lat' dir='ltr'><strong>in</strong></span> <span class='ocrx_word' id='word_1_112' title='bbox 2045 1576 2152 1629; x_wconf 91' lang='lat' dir='ltr'><strong>Deo</strong></span> 
     </span>
    </p>
   </div>
   <div class='ocr_carea' id='block_1_18' title="bbox 568 1667 2150 1743">
    <p class='ocr_par' dir='ltr' id='par_1_18' title="bbox 568 1667 2150 1743">
     <span class='ocr_line' id='line_1_18' title="bbox 568 1667 2150 1743; baseline -0.004 -15"><span class='ocrx_word' id='word_1_113' title='bbox 568 1689 720 1743; x_wconf 87' lang='lat' dir='ltr'><strong>spem</strong></span> <span class='ocrx_word' id='word_1_114' title='bbox 753 1687 906 1728; x_wconf 90' lang='lat' dir='ltr'><strong>suam</strong></span> <span class='ocrx_word' id='word_1_115' title='bbox 927 1674 972 1726; x_wconf 72' lang='grc'>8.</span> <span class='ocrx_word' id='word_1_116' title='bbox 996 1690 1015 1723; x_wconf 74' lang='grc' dir='ltr'><strong>ι</strong></span> <span class='ocrx_word' id='word_1_117' title='bbox 1062 1669 1234 1725; x_wconf 87' lang='lat' dir='ltr'><strong>Unam</strong></span> <span class='ocrx_word' id='word_1_118' title='bbox 1298 1671 1480 1740; x_wconf 87' lang='lat' dir='ltr'><strong>itaque</strong></span> <span class='ocrx_word' id='word_1_119' title='bbox 1519 1670 1693 1724; x_wconf 82' lang='lat' dir='ltr'><strong>divini</strong></span> <span class='ocrx_word' id='word_1_120' title='bbox 1744 1667 1985 1739; x_wconf 87' lang='lat' dir='ltr'><strong>Spiritus</strong></span> <span class='ocrx_word' id='word_1_121' title='bbox 2024 1683 2150 1740; x_wconf 88' lang='lat' dir='ltr'><strong>gra-</strong></span> 
     </span>
    </p>
   </div>
   <div class='ocr_carea' id='block_1_19' title="bbox 569 1763 2149 1835">
    <p class='ocr_par' dir='ltr' id='par_1_19' title="bbox 569 1763 2149 1835">
     <span class='ocr_line' id='line_1_19' title="bbox 569 1763 2149 1835; baseline -0.003 -17"><span class='ocrx_word' id='word_1_122' title='bbox 569 1766 699 1819; x_wconf 84' lang='lat' dir='ltr'><strong>tiam</strong></span> <span class='ocrx_word' id='word_1_123' title='bbox 734 1772 955 1820; x_wconf 88' lang='lat' dir='ltr'><strong>sanctos</strong></span> <span class='ocrx_word' id='word_1_124' title='bbox 990 1765 1283 1835; x_wconf 88' lang='lat' dir='ltr'><strong>prophetas</strong></span> <span class='ocrx_word' id='word_1_125' title='bbox 1311 1763 1493 1818; x_wconf 83' lang='lat' dir='ltr'><strong>aﬂlatu</strong></span> <span class='ocrx_word' id='word_1_126' title='bbox 1526 1763 1719 1817; x_wconf 86' lang='lat' dir='ltr'><strong>divino</strong></span> <span class='ocrx_word' id='word_1_127' title='bbox 1759 1763 2062 1823; x_wconf 85' lang='lat' dir='ltr'><strong>concitare,</strong></span> <span class='ocrx_word' id='word_1_128' title='bbox 2084 1776 2149 1814; x_wconf 84' lang='lat' dir='ltr'><strong>ex</strong></span> 
     </span>
    </p>
   </div>
   <div class='ocr_carea' id='block_1_20' title="bbox 569 1852 2151 1928">
    <p class='ocr_par' dir='ltr' id='par_1_20' title="bbox 569 1852 2151 1928">
     <span class='ocr_line' id='line_1_20' title="bbox 569 1852 2151 1928; baseline -0.003 -17"><span class='ocrx_word' id='word_1_129' title='bbox 569 1856 733 1912; x_wconf 87' lang='lat' dir='ltr'><strong>dictis</strong></span> <span class='ocrx_word' id='word_1_130' title='bbox 770 1864 938 1926; x_wconf 88' lang='lat' dir='ltr'><strong>patet.</strong></span> <span class='ocrx_word' id='word_1_131' title='bbox 1001 1854 1083 1928; x_wconf 75' lang='grc' dir='ltr'>μ]</span> <span class='ocrx_word' id='word_1_132' title='bbox 1134 1856 1311 1924; x_wconf 80' lang='lat' dir='ltr'><strong>Atque</strong></span> <span class='ocrx_word' id='word_1_133' title='bbox 1350 1856 1427 1908; x_wconf 86' lang='lat' dir='ltr'><strong>ita</strong></span> <span class='ocrx_word' id='word_1_134' title='bbox 1465 1853 1719 1910; x_wconf 80' lang='lat' dir='ltr'><strong>excitatis</strong></span> <span class='ocrx_word' id='word_1_135' title='bbox 1764 1854 1831 1907; x_wconf 89' lang='lat' dir='ltr'><strong>ad</strong></span> <span class='ocrx_word' id='word_1_136' title='bbox 1881 1852 2151 1907; x_wconf 86' lang='lat' dir='ltr'><strong>audienda</strong></span> 
     </span>
    </p>
   </div>
   <div class='ocr_carea' id='block_1_21' title="bbox 568 1945 2151 2019">
    <p class='ocr_par' dir='ltr' id='par_1_21' title="bbox 568 1945 2151 2019">
     <span class='ocr_line' id='line_1_21' title="bbox 568 1945 2151 2019; baseline -0.004 -16"><span class='ocrx_word' id='word_1_137' title='bbox 568 1964 690 2019; x_wconf 68' lang='lat' dir='ltr'><strong>qua:</strong></span> <span class='ocrx_word' id='word_1_138' title='bbox 743 1948 1000 2002; x_wconf 81' lang='lat' dir='ltr'><strong>dicantur</strong></span> <span class='ocrx_word' id='word_1_139' title='bbox 1038 1946 1353 2001; x_wconf 81' lang='lat' dir='ltr'><strong>senioribus</strong></span> <span class='ocrx_word' id='word_1_140' title='bbox 1379 1954 1433 2000; x_wconf 92' lang='lat' dir='ltr'><strong>et</strong></span> <span class='ocrx_word' id='word_1_141' title='bbox 1464 1946 1587 2000; x_wconf 89' lang='lat' dir='ltr'><strong>aliis</strong></span> <span class='ocrx_word' id='word_1_142' title='bbox 1612 1946 1634 1968; x_wconf 75' lang='lat'>*</span> <span class='ocrx_word' id='word_1_143' title='bbox 1663 1945 1958 2009; x_wconf 82' lang='lat' dir='ltr'><strong>universis,</strong></span> <span class='ocrx_word' id='word_1_144' title='bbox 1982 1946 2151 1997; x_wconf 84' lang='lat' dir='ltr'><strong>totam</strong></span> 
     </span>
    </p>
   </div>
   <div class='ocr_carea' id='block_1_22' title="bbox 567 2034 2154 2112">
    <p class='ocr_par' dir='ltr' id='par_1_22' title="bbox 567 2034 2154 2112">
     <span class='ocr_line' id='line_1_22' title="bbox 567 2034 2154 2112; baseline -0.006 -15"><span class='ocrx_word' id='word_1_145' title='bbox 567 2042 826 2112; x_wconf 84' lang='lat' dir='ltr'><strong>deinceps</strong></span> <span class='ocrx_word' id='word_1_146' title='bbox 857 2039 1232 2095; x_wconf 87' lang='lat' dir='ltr'><strong>calamitatum</strong></span> <span class='ocrx_word' id='word_1_147' title='bbox 1270 2038 1467 2092; x_wconf 89' lang='lat' dir='ltr'><strong>seriem</strong></span> <span class='ocrx_word' id='word_1_148' title='bbox 1499 2045 1746 2099; x_wconf 87' lang='lat' dir='ltr'><strong>enarrat,</strong></span> <span class='ocrx_word' id='word_1_149' title='bbox 1787 2036 1993 2105; x_wconf 89' lang='lat' dir='ltr'><strong>aitque,</strong></span> <span class='ocrx_word' id='word_1_150' title='bbox 2040 2034 2154 2104; x_wconf 91' lang='lat' dir='ltr'><strong>pri-</strong></span> 
     </span>
    </p>
   </div>
   <div class='ocr_carea' id='block_1_23' title="bbox 568 2129 2152 2196">
    <p class='ocr_par' dir='ltr' id='par_1_23' title="bbox 568 2129 2152 2196">
     <span class='ocr_line' id='line_1_23' title="bbox 568 2129 2152 2196; baseline -0.004 -11"><span class='ocrx_word' id='word_1_151' title='bbox 568 2146 712 2185; x_wconf 85' lang='lat' dir='ltr'><strong>mam</strong></span> <span class='ocrx_word' id='word_1_152' title='bbox 746 2129 992 2185; x_wconf 90' lang='lat' dir='ltr'><strong>omnium</strong></span> <span class='ocrx_word' id='word_1_153' title='bbox 1029 2143 1253 2183; x_wconf 90' lang='lat' dir='ltr'><strong>erucam</strong></span> <span class='ocrx_word' id='word_1_154' title='bbox 1289 2134 1575 2181; x_wconf 75' lang='lat' dir='ltr'><strong>venturam</strong></span> <span class='ocrx_word' id='word_1_155' title='bbox 1626 2142 1749 2182; x_wconf 87' lang='lat' dir='ltr'><strong>esse</strong></span> <span class='ocrx_word' id='word_1_156' title='bbox 1781 2141 1942 2196; x_wconf 56' lang='grc' dir='ltr'><strong>μισῶ</strong></span> <span class='ocrx_word' id='word_1_157' title='bbox 1972 2134 2152 2180; x_wconf 87' lang='lat' dir='ltr'><strong>autem</strong></span> 
     </span>
    </p>
   </div>
   <div class='ocr_carea' id='block_1_24' title="bbox 568 2217 2151 2291">
    <p class='ocr_par' dir='ltr' id='par_1_24' title="bbox 568 2217 2151 2291">
     <span class='ocr_line' id='line_1_24' title="bbox 568 2217 2151 2291; baseline -0.004 -16"><span class='ocrx_word' id='word_1_158' title='bbox 568 2222 638 2275; x_wconf 88' lang='lat' dir='ltr'><strong>ab</strong></span> <span class='ocrx_word' id='word_1_159' title='bbox 668 2226 771 2275; x_wconf 87' lang='lat' dir='ltr'><strong>hac</strong></span> <span class='ocrx_word' id='word_1_160' title='bbox 810 2229 1070 2291; x_wconf 83' lang='lat' dir='ltr'><strong>corrupta</strong></span> <span class='ocrx_word' id='word_1_161' title='bbox 1115 2234 1227 2275; x_wconf 90' lang='lat' dir='ltr'><strong>non</strong></span> <span class='ocrx_word' id='word_1_162' title='bbox 1269 2217 1497 2282; x_wconf 80' lang='lat' dir='ltr'><strong>fuerint,</strong></span> <span class='ocrx_word' id='word_1_163' title='bbox 1528 2233 1558 2273; x_wconf 87' lang='lat' dir='ltr'><strong>a</strong></span> <span class='ocrx_word' id='word_1_164' title='bbox 1590 2218 1800 2273; x_wconf 80' lang='lat' dir='ltr'><strong>locusta</strong></span> <span class='ocrx_word' id='word_1_165' title='bbox 1832 2228 2151 2286; x_wconf 89' lang='lat' dir='ltr'><strong>corruptum</strong></span> 
     </span>
    </p>
   </div>
   <div class='ocr_carea' id='block_1_25' title="bbox 567 2308 2152 2382">
    <p class='ocr_par' dir='ltr' id='par_1_25' title="bbox 567 2308 2152 2382">
     <span class='ocr_line' id='line_1_25' title="bbox 567 2308 2152 2382; baseline -0.006 -15"><span class='ocrx_word' id='word_1_166' title='bbox 567 2313 633 2367; x_wconf 91' lang='lat' dir='ltr'><strong>iri</strong></span> <span class='ocrx_word' id='word_1_167' title='bbox 666 2327 827 2382; x_wconf 68' lang='lat' dir='ltr'><strong>;quaa</strong></span> <span class='ocrx_word' id='word_1_168' title='bbox 877 2326 1006 2368; x_wconf 86' lang='lat' dir='ltr'><strong>vero</strong></span> <span class='ocrx_word' id='word_1_169' title='bbox 1037 2311 1179 2364; x_wconf 85' lang='lat' dir='ltr'><strong>hanc</strong></span> <span class='ocrx_word' id='word_1_170' title='bbox 1218 2308 1534 2375; x_wconf 80' lang='lat' dir='ltr'><strong>ell‘ugerint,</strong></span> <span class='ocrx_word' id='word_1_171' title='bbox 1582 2308 1856 2364; x_wconf 87' lang='lat' dir='ltr'><strong>bruchum</strong></span> <span class='ocrx_word' id='word_1_172' title='bbox 1892 2322 2152 2362; x_wconf 84' lang='lat' dir='ltr'><strong>consum-</strong></span> 
     </span>
    </p>
   </div>
   <div class='ocr_carea' id='block_1_26' title="bbox 569 2398 2155 2474">
    <p class='ocr_par' dir='ltr' id='par_1_26' title="bbox 569 2398 2155 2474">
     <span class='ocr_line' id='line_1_26' title="bbox 569 2398 2155 2474; baseline -0.003 -18"><span class='ocrx_word' id='word_1_173' title='bbox 569 2414 790 2474; x_wconf 87' lang='lat' dir='ltr'><strong>pturnm</strong></span> <span class='ocrx_word' id='word_1_174' title='bbox 821 2420 835 2469; x_wconf 89' lang='lat'><strong>;</strong></span> <span class='ocrx_word' id='word_1_175' title='bbox 864 2409 1168 2457; x_wconf 74' lang='lat' dir='ltr'><strong>extremam</strong></span> <span class='ocrx_word' id='word_1_176' title='bbox 1204 2415 1337 2455; x_wconf 83' lang='lat' dir='ltr'><strong>vero</strong></span> <span class='ocrx_word' id='word_1_177' title='bbox 1364 2399 1670 2471; x_wconf 88' lang='lat' dir='ltr'><strong>rubiginem</strong></span> <span class='ocrx_word' id='word_1_178' title='bbox 1700 2400 1990 2468; x_wconf 86' lang='lat' dir='ltr'><strong>impactam</strong></span> <span class='ocrx_word' id='word_1_179' title='bbox 2017 2398 2155 2453; x_wconf 88' lang='lat' dir='ltr'><strong>nihil</strong></span> 
     </span>
    </p>
   </div>
   <div class='ocr_carea' id='block_1_27' title="bbox 570 2491 2155 2566">
    <p class='ocr_par' dir='ltr' id='par_1_27' title="bbox 570 2491 2155 2566">
     <span class='ocr_line' id='line_1_27' title="bbox 570 2491 2155 2566; baseline -0.003 -17"><span class='ocrx_word' id='word_1_180' title='bbox 570 2510 796 2566; x_wconf 85' lang='lat' dir='ltr'><strong>prorsus</strong></span> <span class='ocrx_word' id='word_1_181' title='bbox 853 2494 1125 2563; x_wconf 80' lang='lat' dir='ltr'><strong>integrum</strong></span> <span class='ocrx_word' id='word_1_182' title='bbox 1176 2491 1496 2546; x_wconf 86' lang='lat' dir='ltr'><strong>relicturam</strong></span> <span class='ocrx_word' id='word_1_183' title='bbox 1551 2505 1698 2548; x_wconf 88' lang='lat' dir='ltr'><strong>esse.</strong></span> <span class='ocrx_word' id='word_1_184' title='bbox 1754 2491 1988 2557; x_wconf 83' lang='lat' dir='ltr'><strong>Quidam</strong></span> <span class='ocrx_word' id='word_1_185' title='bbox 2021 2506 2155 2562; x_wconf 88' lang='lat' dir='ltr'><strong>ergo</strong></span> 
     </span>
    </p>
   </div>
   <div class='ocr_carea' id='block_1_28' title="bbox 568 2583 2155 2658">
    <p class='ocr_par' dir='ltr' id='par_1_28' title="bbox 568 2583 2155 2658">
     <span class='ocr_line' id='line_1_28' title="bbox 568 2583 2155 2658; baseline -0.003 -16"><span class='ocrx_word' id='word_1_186' title='bbox 568 2588 775 2658; x_wconf 76' lang='lat' dir='ltr'><strong>tropice</strong></span> <span class='ocrx_word' id='word_1_187' title='bbox 819 2588 924 2642; x_wconf 80' lang='lat' dir='ltr'><strong>ista</strong></span> <span class='ocrx_word' id='word_1_188' title='bbox 960 2585 1028 2641; x_wconf 86' lang='lat' dir='ltr'><strong>de</strong></span> <span class='ocrx_word' id='word_1_189' title='bbox 1064 2584 1304 2655; x_wconf 81' lang='lat' dir='ltr'><strong>Assyriis</strong></span> <span class='ocrx_word' id='word_1_190' title='bbox 1337 2592 1391 2639; x_wconf 86' lang='lat' dir='ltr'><strong>et</strong></span> <span class='ocrx_word' id='word_1_191' title='bbox 1454 2583 1770 2655; x_wconf 69' lang='lat' dir='ltr'><strong>Babyloniis</strong></span> <span class='ocrx_word' id='word_1_192' title='bbox 1812 2583 2155 2653; x_wconf 84' lang='lat' dir='ltr'><strong>interpretati</strong></span> 
     </span>
    </p>
   </div>
   <div class='ocr_carea' id='block_1_29' title="bbox 566 2675 2153 2749">
    <p class='ocr_par' dir='ltr' id='par_1_29' title="bbox 566 2675 2153 2749">
     <span class='ocr_line' id='line_1_29' title="bbox 566 2675 2153 2749; baseline -0.003 -14"><span class='ocrx_word' id='word_1_193' title='bbox 566 2687 719 2746; x_wconf 86' lang='lat' dir='ltr'><strong>sunt,</strong></span> <span class='ocrx_word' id='word_1_194' title='bbox 793 2694 1006 2734; x_wconf 78' lang='lat' dir='ltr'><strong>erucam</strong></span> <span class='ocrx_word' id='word_1_195' title='bbox 1055 2676 1277 2749; x_wconf 89' lang='lat' dir='ltr'><strong>quidem</strong></span> <span class='ocrx_word' id='word_1_196' title='bbox 1326 2675 1885 2747; x_wconf 84' lang='lat' dir='ltr'><strong>Theglaphalasarem</strong></span> <span class='ocrx_word' id='word_1_197' title='bbox 1940 2691 2153 2731; x_wconf 88' lang='lat' dir='ltr'><strong>nuncu-</strong></span> 
     </span>
    </p>
   </div>
   <div class='ocr_carea' id='block_1_30' title="bbox 568 2766 2156 2842">
    <p class='ocr_par' dir='ltr' id='par_1_30' title="bbox 568 2766 2156 2842">
     <span class='ocr_line' id='line_1_30' title="bbox 568 2766 2156 2842; baseline -0.001 -17"><span class='ocrx_word' id='word_1_198' title='bbox 568 2783 783 2842; x_wconf 84' lang='lat' dir='ltr'><strong>pantcs,</strong></span> <span class='ocrx_word' id='word_1_199' title='bbox 820 2772 1079 2826; x_wconf 76' lang='lat' dir='ltr'><strong>locustam</strong></span> <span class='ocrx_word' id='word_1_200' title='bbox 1119 2784 1251 2825; x_wconf 84' lang='lat' dir='ltr'><strong>vero</strong></span> <span class='ocrx_word' id='word_1_201' title='bbox 1300 2769 1746 2824; x_wconf 86' lang='lat' dir='ltr'><strong>Salmanasarem</strong></span> <span class='ocrx_word' id='word_1_202' title='bbox 1793 2766 2156 2834; x_wconf 78' lang='lat' dir='ltr'><strong>;Sennache-</strong></span> 
     </span>
    </p>
   </div>
   <div class='ocr_carea' id='block_1_31' title="bbox 566 2856 2155 2927">
    <p class='ocr_par' dir='ltr' id='par_1_31' title="bbox 566 2856 2155 2927">
     <span class='ocr_line' id='line_1_31' title="bbox 566 2856 2155 2927; baseline -0.003 -11"><span class='ocrx_word' id='word_1_203' title='bbox 566 2863 766 2916; x_wconf 89' lang='lat' dir='ltr'><strong>rimum</strong></span> <span class='ocrx_word' id='word_1_204' title='bbox 816 2870 1002 2915; x_wconf 81' lang='lat' dir='ltr'><strong>autem</strong></span> <span class='ocrx_word' id='word_1_205' title='bbox 1063 2858 1317 2912; x_wconf 83' lang='lat' dir='ltr'><strong>bruclmm</strong></span> <span class='ocrx_word' id='word_1_206' title='bbox 1372 2858 1805 2927; x_wconf 80' lang='lat' dir='ltr'><strong>appellaverunt,</strong></span> <span class='ocrx_word' id='word_1_207' title='bbox 1862 2856 2155 2925; x_wconf 70' lang='lat' dir='ltr'><strong>rubiginem</strong></span> 
     </span>
    </p>
   </div>
   <div class='ocr_carea' id='block_1_32' title="bbox 565 2946 2154 3020">
    <p class='ocr_par' dir='ltr' id='par_1_32' title="bbox 565 2946 2154 3020">
     <span class='ocr_line' id='line_1_32' title="bbox 565 2946 2154 3020; baseline -0.003 -13"><span class='ocrx_word' id='word_1_208' title='bbox 565 2946 804 3020; x_wconf 86' lang='lat' dir='ltr'><strong>denique</strong></span> <span class='ocrx_word' id='word_1_209' title='bbox 831 2949 1449 3013; x_wconf 83' lang='lat' dir='ltr'><strong>Nabuchodonosorem,</strong></span> <span class='ocrx_word' id='word_1_210' title='bbox 1488 2947 1580 3018; x_wconf 91' lang='lat' dir='ltr'><strong>qui</strong></span> <span class='ocrx_word' id='word_1_211' title='bbox 1612 2957 1923 3017; x_wconf 87' lang='lat' dir='ltr'><strong>postremus</strong></span> <span class='ocrx_word' id='word_1_212' title='bbox 1953 2947 2154 3003; x_wconf 85' lang='lat' dir='ltr'><strong>bellum</strong></span> 
     </span>
    </p>
   </div>
   <div class='ocr_carea' id='block_1_33' title="bbox 566 3037 2154 3109">
    <p class='ocr_par' dir='ltr' id='par_1_33' title="bbox 566 3037 2154 3109">
     <span class='ocr_line' id='line_1_33' title="bbox 566 3037 2154 3109; baseline -0.001 -14"><span class='ocrx_word' id='word_1_213' title='bbox 566 3042 772 3106; x_wconf 86' lang='lat' dir='ltr'><strong>intulit,</strong></span> <span class='ocrx_word' id='word_1_214' title='bbox 806 3041 1161 3109; x_wconf 85' lang='lat' dir='ltr'><strong>l&#39;unditnsquc</strong></span> <span class='ocrx_word' id='word_1_215' title='bbox 1181 3037 1425 3094; x_wconf 73' lang='lat' dir='ltr'><strong>Judzeam</strong></span> <span class='ocrx_word' id='word_1_216' title='bbox 1456 3039 1782 3094; x_wconf 80' lang='lat' dir='ltr'><strong>universam</strong></span> <span class='ocrx_word' id='word_1_217' title='bbox 1826 3039 2154 3105; x_wconf 88' lang='lat' dir='ltr'><strong>devastavit,</strong></span> 
     </span>
    </p>
   </div>
   <div class='ocr_carea' id='block_1_34' title="bbox 566 3129 2155 3203">
    <p class='ocr_par' dir='ltr' id='par_1_34' title="bbox 566 3129 2155 3203">
     <span class='ocr_line' id='line_1_34' title="bbox 566 3129 2155 3203; baseline -0.001 -17"><span class='ocrx_word' id='word_1_218' title='bbox 566 3140 623 3186; x_wconf 75' lang='lat' dir='ltr'><strong>et</strong></span> <span class='ocrx_word' id='word_1_219' title='bbox 645 3147 743 3186; x_wconf 83' lang='lat' dir='ltr'><strong>eos</strong></span> <span class='ocrx_word' id='word_1_220' title='bbox 768 3133 858 3203; x_wconf 92' lang='lat' dir='ltr'><strong>qni</strong></span> <span class='ocrx_word' id='word_1_221' title='bbox 888 3140 1114 3186; x_wconf 85' lang='lat' dir='ltr'><strong>mortem</strong></span> <span class='ocrx_word' id='word_1_222' title='bbox 1140 3129 1467 3200; x_wconf 68' lang='lat' dir='ltr'><strong>effugerant,</strong></span> <span class='ocrx_word' id='word_1_223' title='bbox 1492 3129 1743 3199; x_wconf 83' lang='lat' dir='ltr'><strong>captivos</strong></span> <span class='ocrx_word' id='word_1_224' title='bbox 1770 3129 2018 3185; x_wconf 85' lang='lat' dir='ltr'><strong>abduxit.</strong></span> <span class='ocrx_word' id='word_1_225' title='bbox 2038 3130 2155 3202; x_wconf 85' lang='lat' dir='ltr'><strong>Ego</strong></span> 
     </span>
    </p>
   </div>
   <div class='ocr_carea' id='block_1_35' title="bbox 568 3221 2155 3291">
    <p class='ocr_par' dir='ltr' id='par_1_35' title="bbox 568 3221 2155 3291">
     <span class='ocr_line' id='line_1_35' title="bbox 568 3221 2155 3291; baseline 0.001 -14"><span class='ocrx_word' id='word_1_226' title='bbox 568 3232 751 3277; x_wconf 80' lang='lat' dir='ltr'><strong>autem</strong></span> <span class='ocrx_word' id='word_1_227' title='bbox 782 3238 909 3278; x_wconf 85' lang='lat' dir='ltr'><strong>vera</strong></span> <span class='ocrx_word' id='word_1_228' title='bbox 939 3222 1051 3278; x_wconf 70' lang='lat' dir='ltr'><strong>lucc</strong></span> <span class='ocrx_word' id='word_1_229' title='bbox 1092 3221 1313 3291; x_wconf 86' lang='lat' dir='ltr'><strong>quidem</strong></span> <span class='ocrx_word' id='word_1_230' title='bbox 1338 3237 1460 3278; x_wconf 88' lang='lat' dir='ltr'><strong>esse</strong></span> <span class='ocrx_word' id='word_1_231' title='bbox 1506 3236 1704 3277; x_wconf 87' lang='lat' dir='ltr'><strong>censeo</strong></span> <span class='ocrx_word' id='word_1_232' title='bbox 1731 3241 1744 3276; x_wconf 92' lang='lat'>:</span> <span class='ocrx_word' id='word_1_233' title='bbox 1770 3224 2028 3279; x_wconf 82' lang='lat' dir='ltr'><strong>existimo</strong></span> <span class='ocrx_word' id='word_1_234' title='bbox 2055 3238 2155 3278; x_wconf 90' lang='lat' dir='ltr'><strong>au-</strong></span> 
     </span>
    </p>
   </div>
   <div class='ocr_carea' id='block_1_36' title="bbox 575 3310 2154 3382">
    <p class='ocr_par' dir='ltr' id='par_1_36' title="bbox 575 3310 2154 3382">
     <span class='ocr_line' id='line_1_36' title="bbox 575 3310 2154 3382; baseline 0.001 -17"><span class='ocrx_word' id='word_1_235' title='bbox 575 3323 703 3378; x_wconf 88' lang='lat' dir='ltr'><strong>tem,</strong></span> <span class='ocrx_word' id='word_1_236' title='bbox 738 3313 909 3368; x_wconf 90' lang='lat' dir='ltr'><strong>etiam</strong></span> <span class='ocrx_word' id='word_1_237' title='bbox 954 3320 1015 3367; x_wconf 92' lang='lat' dir='ltr'><strong>ut</strong></span> <span class='ocrx_word' id='word_1_238' title='bbox 1056 3311 1201 3367; x_wconf 87' lang='lat' dir='ltr'><strong>dicta</strong></span> <span class='ocrx_word' id='word_1_239' title='bbox 1252 3320 1403 3377; x_wconf 87' lang='lat' dir='ltr'><strong>sunt,</strong></span> <span class='ocrx_word' id='word_1_240' title='bbox 1438 3310 1619 3382; x_wconf 87' lang='lat' dir='ltr'><strong>reipsa</strong></span> <span class='ocrx_word' id='word_1_241' title='bbox 1660 3311 1977 3382; x_wconf 74' lang='lat' dir='ltr'><strong>contigisse.</strong></span> <span class='ocrx_word' id='word_1_242' title='bbox 2020 3310 2154 3366; x_wconf 84' lang='lat' dir='ltr'><strong>Nam</strong></span> 
     </span>
    </p>
   </div>
   <div class='ocr_carea' id='block_1_37' title="bbox 572 3400 2157 3467">
    <p class='ocr_par' dir='ltr' id='par_1_37' title="bbox 572 3400 2157 3467">
     <span class='ocr_line' id='line_1_37' title="bbox 572 3400 2157 3467; baseline -0.003 -7"><span class='ocrx_word' id='word_1_243' title='bbox 572 3403 766 3460; x_wconf 84' lang='lat' dir='ltr'><strong>beatus</strong></span> <span class='ocrx_word' id='word_1_244' title='bbox 790 3404 957 3460; x_wconf 86' lang='lat' dir='ltr'><strong>Amos</strong></span> <span class='ocrx_word' id='word_1_245' title='bbox 988 3402 1234 3458; x_wconf 84' lang='lat' dir='ltr'><strong>meminit</strong></span> <span class='ocrx_word' id='word_1_246' title='bbox 1265 3403 1430 3458; x_wconf 88' lang='lat' dir='ltr'><strong>etiam</strong></span> <span class='ocrx_word' id='word_1_247' title='bbox 1479 3402 1725 3467; x_wconf 63' lang='lat' dir='ltr'><strong>locustae,</strong></span> <span class='ocrx_word' id='word_1_248' title='bbox 1756 3409 1812 3457; x_wconf 89' lang='lat' dir='ltr'><strong>et</strong></span> <span class='ocrx_word' id='word_1_249' title='bbox 1847 3400 2065 3466; x_wconf 88' lang='lat' dir='ltr'><strong>brucbi,</strong></span> <span class='ocrx_word' id='word_1_250' title='bbox 2100 3407 2157 3456; x_wconf 91' lang='lat' dir='ltr'><strong>et</strong></span> 
     </span>
    </p>
   </div>
   <div class='ocr_carea' id='block_1_38' title="bbox 570 3493 2154 3565">
    <p class='ocr_par' dir='ltr' id='par_1_38' title="bbox 570 3493 2154 3565">
     <span class='ocr_line' id='line_1_38' title="bbox 570 3493 2154 3565; baseline -0.003 -16"><span class='ocrx_word' id='word_1_251' title='bbox 570 3496 989 3562; x_wconf 84' lang='lat' dir='ltr'><strong>combustionis,</strong></span> <span class='ocrx_word' id='word_1_252' title='bbox 1028 3504 1081 3549; x_wconf 91' lang='lat' dir='ltr'><strong>et</strong></span> <span class='ocrx_word' id='word_1_253' title='bbox 1110 3495 1417 3565; x_wconf 78' lang='lat' dir='ltr'><strong>aeruginis;</strong></span> <span class='ocrx_word' id='word_1_254' title='bbox 1444 3493 1645 3548; x_wconf 73' lang='lat' dir='ltr'><strong>ticuum</strong></span> <span class='ocrx_word' id='word_1_255' title='bbox 1697 3494 1849 3558; x_wconf 90' lang='lat' dir='ltr'><strong>item,</strong></span> <span class='ocrx_word' id='word_1_256' title='bbox 1886 3493 2154 3559; x_wconf 86' lang='lat' dir='ltr'><strong>olearum,</strong></span> 
     </span>
    </p>
   </div>
   <div class='ocr_carea' id='block_1_39' title="bbox 569 3581 2158 3653">
    <p class='ocr_par' dir='ltr' id='par_1_39' title="bbox 569 3581 2158 3653">
     <span class='ocr_line' id='line_1_39' title="bbox 569 3581 2158 3653; baseline -0.001 -13"><span class='ocrx_word' id='word_1_257' title='bbox 569 3594 625 3640; x_wconf 75' lang='lat' dir='ltr'><strong>et</strong></span> <span class='ocrx_word' id='word_1_258' title='bbox 677 3587 961 3641; x_wconf 88' lang='lat' dir='ltr'><strong>vinearum</strong></span> <span class='ocrx_word' id='word_1_259' title='bbox 1016 3585 1086 3640; x_wconf 90' lang='lat' dir='ltr'><strong>ab</strong></span> <span class='ocrx_word' id='word_1_260' title='bbox 1127 3584 1311 3639; x_wconf 85' lang='lat' dir='ltr'><strong>crucis</strong></span> <span class='ocrx_word' id='word_1_261' title='bbox 1362 3592 1811 3653; x_wconf 81' lang='lat' dir='ltr'><strong>consumptarum</strong></span> <span class='ocrx_word' id='word_1_262' title='bbox 1845 3581 2158 3652; x_wconf 86' lang='lat' dir='ltr'><strong>;squaloris</strong></span> 
     </span>
    </p>
   </div>
   <div class='ocr_carea' id='block_1_40' title="bbox 574 3670 2156 3746">
    <p class='ocr_par' dir='ltr' id='par_1_40' title="bbox 574 3670 2156 3746">
     <span class='ocr_line' id='line_1_40' title="bbox 574 3670 2156 3746; baseline -0.003 -18"><span class='ocrx_word' id='word_1_263' title='bbox 574 3684 857 3746; x_wconf 71' lang='lat' dir='ltr'><strong>praeterea,</strong></span> <span class='ocrx_word' id='word_1_264' title='bbox 909 3681 965 3728; x_wconf 87' lang='lat' dir='ltr'><strong>et.</strong></span> <span class='ocrx_word' id='word_1_265' title='bbox 1000 3673 1306 3742; x_wconf 83' lang='lat' dir='ltr'><strong>pluviarum</strong></span> <span class='ocrx_word' id='word_1_266' title='bbox 1339 3672 1560 3742; x_wconf 57' lang='lat' dir='ltr'><strong>inopia».</strong></span> <span class='ocrx_word' id='word_1_267' title='bbox 1617 3670 1793 3727; x_wconf 69' lang='lat' dir='ltr'><strong>«Pars</strong></span> <span class='ocrx_word' id='word_1_268' title='bbox 1829 3673 1977 3726; x_wconf 90' lang='lat' dir='ltr'><strong>enim</strong></span> <span class='ocrx_word' id='word_1_269' title='bbox 2025 3685 2156 3737; x_wconf 89' lang='lat' dir='ltr'><strong>una,</strong></span> 
     </span>
    </p>
   </div>
   <div class='ocr_carea' id='block_1_41' title="bbox 575 3761 2156 3835">
    <p class='ocr_par' dir='ltr' id='par_1_41' title="bbox 575 3761 2156 3835">
     <span class='ocr_line' id='line_1_41' title="bbox 575 3761 2156 3835; baseline -0.003 -17"><span class='ocrx_word' id='word_1_270' title='bbox 575 3767 776 3834; x_wconf 87' lang='lat' dir='ltr'><strong>inquit,</strong></span> <span class='ocrx_word' id='word_1_271' title='bbox 812 3763 1156 3835; x_wconf 84' lang='lat' dir='ltr'><strong>irrigabitur,</strong></span> <span class='ocrx_word' id='word_1_272' title='bbox 1178 3771 1233 3818; x_wconf 91' lang='lat' dir='ltr'><strong>et</strong></span> <span class='ocrx_word' id='word_1_273' title='bbox 1262 3778 1391 3833; x_wconf 85' lang='lat' dir='ltr'><strong>pars</strong></span> <span class='ocrx_word' id='word_1_274' title='bbox 1423 3778 1588 3832; x_wconf 89' lang='lat' dir='ltr'><strong>super</strong></span> <span class='ocrx_word' id='word_1_275' title='bbox 1605 3777 1771 3833; x_wconf 91' lang='lat' dir='ltr'><strong>quam</strong></span> <span class='ocrx_word' id='word_1_276' title='bbox 1803 3776 1914 3816; x_wconf 87' lang='lat' dir='ltr'><strong>non</strong></span> <span class='ocrx_word' id='word_1_277' title='bbox 1944 3761 2156 3831; x_wconf 89' lang='lat' dir='ltr'><strong>pluero,</strong></span> 
     </span>
    </p>
   </div>
   <div class='ocr_carea' id='block_1_42' title="bbox 573 3852 2159 3926">
    <p class='ocr_par' dir='ltr' id='par_1_42' title="bbox 573 3852 2159 3926">
     <span class='ocr_line' id='line_1_42' title="bbox 573 3852 2159 3926; baseline -0.002 -16"><span class='ocrx_word' id='word_1_278' title='bbox 573 3854 860 3911; x_wconf 66' lang='lat' dir='ltr'><strong>arclletlm</strong></span> <span class='ocrx_word' id='word_1_279' title='bbox 903 3855 1078 3926; x_wconf 84' lang='lat' dir='ltr'><strong>Hujus</strong></span> <span class='ocrx_word' id='word_1_280' title='bbox 1118 3872 1246 3911; x_wconf 87' lang='lat' dir='ltr'><strong>vero</strong></span> <span class='ocrx_word' id='word_1_281' title='bbox 1268 3856 1432 3910; x_wconf 88' lang='lat' dir='ltr'><strong>etiam</strong></span> <span class='ocrx_word' id='word_1_282' title='bbox 1467 3856 1687 3910; x_wconf 90' lang='lat' dir='ltr'><strong>divinus</strong></span> <span class='ocrx_word' id='word_1_283' title='bbox 1717 3852 1977 3909; x_wconf 81' lang='lat' dir='ltr'><strong>Jeremias</strong></span> <span class='ocrx_word' id='word_1_284' title='bbox 2011 3869 2159 3908; x_wconf 88' lang='lat' dir='ltr'><strong>men-</strong></span> 
     </span>
    </p>
   </div>
   <div class='ocr_carea' id='block_1_43' title="bbox 578 3945 2157 4017">
    <p class='ocr_par' dir='ltr' id='par_1_43' title="bbox 578 3945 2157 4017">
     <span class='ocr_line' id='line_1_43' title="bbox 578 3945 2157 4017; baseline -0.002 -15"><span class='ocrx_word' id='word_1_285' title='bbox 578 3947 777 4002; x_wconf 89' lang='lat' dir='ltr'><strong>tionem</strong></span> <span class='ocrx_word' id='word_1_286' title='bbox 822 3946 978 4004; x_wconf 79' lang='lat' dir='ltr'><strong>facit.</strong></span> <span class='ocrx_word' id='word_1_287' title='bbox 1010 3946 1129 4002; x_wconf 83' lang='lat' dir='ltr'><strong>Non</strong></span> <span class='ocrx_word' id='word_1_288' title='bbox 1164 3947 1332 4017; x_wconf 78' lang='lat' dir='ltr'><strong>igitur</strong></span> <span class='ocrx_word' id='word_1_289' title='bbox 1370 3947 1602 4016; x_wconf 84' lang='lat' dir='ltr'><strong>ﬁgurate</strong></span> <span class='ocrx_word' id='word_1_290' title='bbox 1633 3948 1816 4003; x_wconf 90' lang='lat' dir='ltr'><strong>solum</strong></span> <span class='ocrx_word' id='word_1_291' title='bbox 1859 3945 1972 4002; x_wconf 69' lang='lat' dir='ltr'><strong>haec</strong></span> <span class='ocrx_word' id='word_1_292' title='bbox 2011 3945 2157 4002; x_wconf 87' lang='lat' dir='ltr'><strong>acci-</strong></span> 
     </span>
    </p>
   </div>
   <div class='ocr_carea' id='block_1_44' title="bbox 576 4036 2159 4110">
    <p class='ocr_par' dir='ltr' id='par_1_44' title="bbox 576 4036 2159 4110">
     <span class='ocr_line' id='line_1_44' title="bbox 576 4036 2159 4110; baseline 0 -19"><span class='ocrx_word' id='word_1_293' title='bbox 576 4036 771 4108; x_wconf 70' lang='lat' dir='ltr'><strong>pianda</strong></span> <span class='ocrx_word' id='word_1_294' title='bbox 802 4046 930 4092; x_wconf 86' lang='lat' dir='ltr'><strong>sunt</strong></span> <span class='ocrx_word' id='word_1_295' title='bbox 965 4078 979 4102; x_wconf 90' lang='lat'><strong>,</strong></span> <span class='ocrx_word' id='word_1_296' title='bbox 1013 4037 1370 4110; x_wconf 67' lang='lat' dir='ltr'><strong>1384mm</strong></span> <span class='ocrx_word' id='word_1_297' title='bbox 1397 4038 1540 4093; x_wconf 86' lang='lat' dir='ltr'><strong>sacri</strong></span> <span class='ocrx_word' id='word_1_298' title='bbox 1575 4041 1854 4109; x_wconf 75' lang='lat' dir='ltr'><strong>prophetae</strong></span> <span class='ocrx_word' id='word_1_299' title='bbox 1884 4036 1951 4092; x_wconf 84' lang='lat' dir='ltr'><strong>ad</strong></span> <span class='ocrx_word' id='word_1_300' title='bbox 1990 4051 2159 4093; x_wconf 90' lang='lat' dir='ltr'><strong>unum</strong></span> 
     </span>
    </p>
   </div>
   <div class='ocr_carea' id='block_1_45' title="bbox 573 4129 2157 4201">
    <p class='ocr_par' dir='ltr' id='par_1_45' title="bbox 573 4129 2157 4201">
     <span class='ocr_line' id='line_1_45' title="bbox 573 4129 2157 4201; baseline -0.001 -16"><span class='ocrx_word' id='word_1_301' title='bbox 573 4143 773 4185; x_wconf 84' lang='lat' dir='ltr'><strong>omnes</strong></span> <span class='ocrx_word' id='word_1_302' title='bbox 799 4143 901 4185; x_wconf 85' lang='lat' dir='ltr'><strong>nos</strong></span> <span class='ocrx_word' id='word_1_303' title='bbox 928 4129 1239 4196; x_wconf 87' lang='lat' dir='ltr'><strong>docuerint,</strong></span> <span class='ocrx_word' id='word_1_304' title='bbox 1278 4131 1636 4201; x_wconf 85' lang='lat' dir='ltr'><strong>supradicta,</strong></span> <span class='ocrx_word' id='word_1_305' title='bbox 1669 4130 1815 4187; x_wconf 85' lang='lat' dir='ltr'><strong>sicut</strong></span> <span class='ocrx_word' id='word_1_306' title='bbox 1840 4138 2157 4191; x_wconf 87' lang='lat' dir='ltr'><strong>narrantur,</strong></span> 
     </span>
    </p>
   </div>
   <div class='ocr_carea' id='block_1_46' title="bbox 571 4221 2159 4295">
    <p class='ocr_par' dir='ltr' id='par_1_46' title="bbox 571 4221 2159 4295">
     <span class='ocr_line' id='line_1_46' title="bbox 571 4221 2159 4295; baseline -0.001 -17"><span class='ocrx_word' id='word_1_307' title='bbox 571 4224 865 4279; x_wconf 84' lang='lat' dir='ltr'><strong>accidisse.</strong></span> <span class='ocrx_word' id='word_1_308' title='bbox 895 4221 1130 4280; x_wconf 75' lang='lat' dir='ltr'><strong>Utenim</strong></span> <span class='ocrx_word' id='word_1_309' title='bbox 1165 4238 1397 4292; x_wconf 81' lang='lat' dir='ltr'><strong>prorsus</strong></span> <span class='ocrx_word' id='word_1_310' title='bbox 1426 4230 1846 4295; x_wconf 79' lang='lat' dir='ltr'><strong>cognoscerent,</strong></span> <span class='ocrx_word' id='word_1_311' title='bbox 1870 4223 2017 4295; x_wconf 80' lang='lat' dir='ltr'><strong>quod</strong></span> <span class='ocrx_word' id='word_1_312' title='bbox 2051 4223 2159 4278; x_wconf 90' lang='lat' dir='ltr'><strong>ini-</strong></span> 
     </span>
    </p>
   </div>
   <div class='ocr_carea' id='block_1_47' title="bbox 570 4314 2160 4387">
    <p class='ocr_par' dir='ltr' id='par_1_47' title="bbox 570 4314 2160 4387">
     <span class='ocr_line' id='line_1_47' title="bbox 570 4314 2160 4387; baseline 0.001 -18"><span class='ocrx_word' id='word_1_313' title='bbox 570 4316 804 4385; x_wconf 90' lang='lat' dir='ltr'><strong>quitatis</strong></span> <span class='ocrx_word' id='word_1_314' title='bbox 844 4314 1247 4387; x_wconf 80' lang='lat' dir='ltr'><strong>impietatisque</strong></span> <span class='ocrx_word' id='word_1_315' title='bbox 1275 4331 1468 4387; x_wconf 73' lang='lat' dir='ltr'><strong>pinnas</strong></span> <span class='ocrx_word' id='word_1_316' title='bbox 1498 4316 1897 4387; x_wconf 80' lang='lat' dir='ltr'><strong>persolventes,</strong></span> <span class='ocrx_word' id='word_1_317' title='bbox 1942 4317 2160 4372; x_wconf 85' lang='lat' dir='ltr'><strong>irruen—</strong></span> 
     </span>
    </p>
   </div>
   <div class='ocr_carea' id='block_1_48' title="bbox 574 4407 2158 4478">
    <p class='ocr_par' dir='ltr' id='par_1_48' title="bbox 574 4407 2158 4478">
     <span class='ocr_line' id='line_1_48' title="bbox 574 4407 2158 4478; baseline 0.003 -18"><span class='ocrx_word' id='word_1_318' title='bbox 574 4407 720 4463; x_wconf 84' lang='lat' dir='ltr'><strong>tibus</strong></span> <span class='ocrx_word' id='word_1_319' title='bbox 769 4408 825 4461; x_wconf 89' lang='lat' dir='ltr'><strong>in</strong></span> <span class='ocrx_word' id='word_1_320' title='bbox 864 4421 961 4463; x_wconf 91' lang='lat' dir='ltr'><strong>eos</strong></span> <span class='ocrx_word' id='word_1_321' title='bbox 1005 4408 1267 4467; x_wconf 70' lang='lat' dir='ltr'><strong>hostibus</strong></span> <span class='ocrx_word' id='word_1_322' title='bbox 1319 4409 1505 4464; x_wconf 85' lang='lat' dir='ltr'><strong>traditi</strong></span> <span class='ocrx_word' id='word_1_323' title='bbox 1564 4408 1792 4471; x_wconf 84' lang='lat' dir='ltr'><strong>fuerint.</strong></span> <span class='ocrx_word' id='word_1_324' title='bbox 1823 4409 1951 4478; x_wconf 86' lang='lat' dir='ltr'><strong>jure</strong></span> <span class='ocrx_word' id='word_1_325' title='bbox 1992 4408 2158 4464; x_wconf 82' lang='lat' dir='ltr'><strong>illatis</strong></span> 
     </span>
    </p>
   </div>
   <div class='ocr_carea' id='block_1_49' title="bbox 2257 564 3796 650">
    <p class='ocr_par' dir='ltr' id='par_1_49' title="bbox 2257 564 3796 650">
     <span class='ocr_line' id='line_1_49' title="bbox 2257 564 3796 650; baseline 0.01 -35"><span class='ocrx_word' id='word_1_326' title='bbox 2257 564 2311 616; x_wconf 84' lang='grc' dir='ltr'>εῖ</span> <span class='ocrx_word' id='word_1_327' title='bbox 2338 581 2391 616; x_wconf 87' lang='grc' dir='ltr'><strong>τι</strong></span> <span class='ocrx_word' id='word_1_328' title='bbox 2441 565 2651 619; x_wconf 89' lang='grc' dir='ltr'>τοιοῦτο</span> <span class='ocrx_word' id='word_1_329' title='bbox 2712 568 3007 639; x_wconf 84' lang='grc' dir='ltr'>γεγένηται</span> <span class='ocrx_word' id='word_1_330' title='bbox 3052 566 3338 638; x_wconf 68' lang='grc' dir='ltr'>πρότερον,</span> <span class='ocrx_word' id='word_1_331' title='bbox 3388 570 3422 640; x_wconf 79' lang='grc' dir='ltr'>ἢ</span> <span class='ocrx_word' id='word_1_332' title='bbox 3472 571 3553 640; x_wconf 81' lang='grc' dir='ltr'><strong>ἐφ’</strong></span> <span class='ocrx_word' id='word_1_333' title='bbox 3587 573 3796 650; x_wconf 60' lang='lat' dir='ltr'><strong>btuva</strong></span> 
     </span>
    </p>
   </div>
   <div class='ocr_carea' id='block_1_50' title="bbox 2256 654 3799 738">
    <p class='ocr_par' dir='ltr' id='par_1_50' title="bbox 2256 654 3799 738">
     <span class='ocr_line' id='line_1_50' title="bbox 2256 654 3799 738; baseline 0.017 -31"><span class='ocrx_word' id='word_1_334' title='bbox 2256 656 2350 708; x_wconf 79' lang='grc' dir='ltr'>ἐπὶ</span> <span class='ocrx_word' id='word_1_335' title='bbox 2378 654 2488 709; x_wconf 91' lang='grc' dir='ltr'><strong>τῶν</strong></span> <span class='ocrx_word' id='word_1_336' title='bbox 2536 656 2818 727; x_wconf 83' lang='grc' dir='ltr'>ὑμετέρων</span> <span class='ocrx_word' id='word_1_337' title='bbox 2855 658 3108 730; x_wconf 70' lang='grc' dir='ltr'>πατέρων</span> <span class='ocrx_word' id='word_1_338' title='bbox 3132 675 3148 689; x_wconf 79' lang='grc'><strong>“</strong></span> <span class='ocrx_word' id='word_1_339' title='bbox 3178 659 3276 713; x_wconf 78' lang='grc' dir='ltr'>καὶ</span> <span class='ocrx_word' id='word_1_340' title='bbox 3304 659 3538 726; x_wconf 69' lang='grc' dir='ltr'>ἅπαντες</span> <span class='ocrx_word' id='word_1_341' title='bbox 3558 662 3611 716; x_wconf 80' lang='grc' dir='ltr'>δὲ</span> <span class='ocrx_word' id='word_1_342' title='bbox 3640 669 3684 720; x_wconf 82' lang='grc' dir='ltr'><strong>οἱ</strong></span> <span class='ocrx_word' id='word_1_343' title='bbox 3717 669 3799 738; x_wconf 76' lang='grc' dir='ltr'><strong>τῆς</strong></span> 
     </span>
    </p>
   </div>
   <div class='ocr_carea' id='block_1_51' title="bbox 2256 745 3800 823">
    <p class='ocr_par' dir='ltr' id='par_1_51' title="bbox 2256 745 3800 823">
     <span class='ocr_line' id='line_1_51' title="bbox 2256 745 3800 823; baseline 0.008 -25"><span class='ocrx_word' id='word_1_344' title='bbox 2256 745 2592 814; x_wconf 74' lang='grc' dir='ltr'><strong>ἐπαγγελίας</strong></span> <span class='ocrx_word' id='word_1_345' title='bbox 2617 749 2662 780; x_wconf 78' lang='grc'><strong><em>³⁸</em></strong></span> <span class='ocrx_word' id='word_1_346' title='bbox 2713 747 2814 820; x_wconf 78' lang='grc' dir='ltr'>τὴν</span> <span class='ocrx_word' id='word_1_347' title='bbox 2873 749 2982 819; x_wconf 79' lang='grc' dir='ltr'>γῆν</span> <span class='ocrx_word' id='word_1_348' title='bbox 3052 749 3329 813; x_wconf 76' lang='grc' dir='ltr'><strong>οἰκοῦντες</strong></span> <span class='ocrx_word' id='word_1_349' title='bbox 3358 790 3374 816; x_wconf 82' lang='lat'><strong>,</strong></span> <span class='ocrx_word' id='word_1_350' title='bbox 3421 751 3650 823; x_wconf 76' lang='grc' dir='ltr'>ἀκριϐῶς</span> <span class='ocrx_word' id='word_1_351' title='bbox 3706 762 3800 823; x_wconf 83' lang='grc' dir='ltr'>τοῖς</span> 
     </span>
    </p>
   </div>
   <div class='ocr_carea' id='block_1_52' title="bbox 2256 836 3801 911">
    <p class='ocr_par' dir='ltr' id='par_1_52' title="bbox 2256 836 3801 911">
     <span class='ocr_line' id='line_1_52' title="bbox 2256 836 3801 911; baseline 0.008 -22"><span class='ocrx_word' id='word_1_352' title='bbox 2256 836 2673 908; x_wconf 81' lang='grc' dir='ltr'><strong>λεχθησομένοις</strong></span> <span class='ocrx_word' id='word_1_353' title='bbox 2727 840 3041 911; x_wconf 86' lang='grc' dir='ltr'>προσέχετε.</span> <span class='ocrx_word' id='word_1_354' title='bbox 3082 837 3213 894; x_wconf 77' lang='grc' dir='ltr'>Εἶτα</span> <span class='ocrx_word' id='word_1_355' title='bbox 3246 843 3462 911; x_wconf 81' lang='grc' dir='ltr'>ἐπάγει,</span> <span class='ocrx_word' id='word_1_356' title='bbox 3498 845 3577 897; x_wconf 83' lang='grc' dir='ltr'>ὃτι</span> <span class='ocrx_word' id='word_1_357' title='bbox 3611 846 3801 902; x_wconf 78' lang='grc' dir='ltr'>Τούτων</span> 
     </span>
    </p>
   </div>
   <div class='ocr_carea' id='block_1_53' title="bbox 2258 929 3800 1009">
    <p class='ocr_par' dir='ltr' id='par_1_53' title="bbox 2258 929 3800 1009">
     <span class='ocr_line' id='line_1_53' title="bbox 2258 929 3800 1009; baseline 0.008 -29"><span class='ocrx_word' id='word_1_358' title='bbox 2258 932 2454 999; x_wconf 84' lang='grc' dir='ltr'>πεῖραν</span> <span class='ocrx_word' id='word_1_359' title='bbox 2487 929 2879 1001; x_wconf 80' lang='grc' dir='ltr'>λαμϐάνοντες,</span> <span class='ocrx_word' id='word_1_360' title='bbox 2902 932 2978 1003; x_wconf 80' lang='grc' dir='ltr'>μὴ</span> <span class='ocrx_word' id='word_1_361' title='bbox 3010 933 3281 1003; x_wconf 79' lang='grc' dir='ltr'><strong>παράδοτε</strong></span> <span class='ocrx_word' id='word_1_362' title='bbox 3309 933 3446 1006; x_wconf 83' lang='grc' dir='ltr'>λήθῃ</span> <span class='ocrx_word' id='word_1_363' title='bbox 3464 935 3563 1007; x_wconf 81' lang='grc' dir='ltr'>τὴν</span> <span class='ocrx_word' id='word_1_364' title='bbox 3590 940 3800 1009; x_wconf 82' lang='grc' dir='ltr'>μνήμην,</span> 
     </span>
    </p>
   </div>
   <div class='ocr_carea' id='block_1_54' title="bbox 2257 1021 3804 1099">
    <p class='ocr_par' dir='ltr' id='par_1_54' title="bbox 2257 1021 3804 1099">
     <span class='ocr_line' id='line_1_54' title="bbox 2257 1021 3804 1099; baseline 0.006 -25"><span class='ocrx_word' id='word_1_365' title='bbox 2257 1021 2392 1074; x_wconf 82' lang='grc' dir='ltr'><strong>ἀλλά</strong></span> <span class='ocrx_word' id='word_1_366' title='bbox 2415 1024 2528 1085; x_wconf 87' lang='grc' dir='ltr'>τοῖς</span> <span class='ocrx_word' id='word_1_367' title='bbox 2550 1022 2837 1092; x_wconf 80' lang='grc' dir='ltr'>ἀγνοοῦσιν</span> <span class='ocrx_word' id='word_1_368' title='bbox 2858 1023 2968 1077; x_wconf 86' lang='grc' dir='ltr'><strong>τῶν</strong></span> <span class='ocrx_word' id='word_1_369' title='bbox 2991 1024 3196 1078; x_wconf 83' lang='grc' dir='ltr'>παίδων</span> <span class='ocrx_word' id='word_1_370' title='bbox 3212 1024 3280 1078; x_wconf 76' lang='grc' dir='ltr'>τὰ</span> <span class='ocrx_word' id='word_1_371' title='bbox 3301 1025 3432 1097; x_wconf 79' lang='grc' dir='ltr'>περὶ</span> <span class='ocrx_word' id='word_1_372' title='bbox 3451 1026 3644 1080; x_wconf 86' lang='grc' dir='ltr'>τούτων</span> <span class='ocrx_word' id='word_1_373' title='bbox 3662 1046 3804 1099; x_wconf 85' lang='grc' dir='ltr'>προσ-</span> 
     </span>
    </p>
   </div>
   <div class='ocr_carea' id='block_1_55' title="bbox 2258 1113 3802 1186">
    <p class='ocr_par' dir='ltr' id='par_1_55' title="bbox 2258 1113 3802 1186">
     <span class='ocr_line' id='line_1_55' title="bbox 2258 1113 3802 1186; baseline 0.005 -20"><span class='ocrx_word' id='word_1_374' title='bbox 2258 1113 2452 1184; x_wconf 78' lang='grc' dir='ltr'>φέρετε</span> <span class='ocrx_word' id='word_1_375' title='bbox 2475 1115 2791 1186; x_wconf 83' lang='grc' dir='ltr'>διηγήματα</span> <span class='ocrx_word' id='word_1_376' title='bbox 2815 1133 2829 1146; x_wconf 89' lang='grc'><strong>·</strong></span> <span class='ocrx_word' id='word_1_377' title='bbox 2853 1117 3136 1180; x_wconf 83' lang='grc' dir='ltr'>κάκείνοις</span> <span class='ocrx_word' id='word_1_378' title='bbox 3168 1114 3223 1169; x_wconf 81' lang='grc' dir='ltr'>δὲ</span> <span class='ocrx_word' id='word_1_379' title='bbox 3252 1116 3560 1181; x_wconf 62' lang='lat' dir='ltr'><strong>emam:</strong></span> <span class='ocrx_word' id='word_1_380' title='bbox 3605 1121 3680 1183; x_wconf 89' lang='grc' dir='ltr'><strong>είς</strong></span> <span class='ocrx_word' id='word_1_381' title='bbox 3699 1124 3802 1185; x_wconf 76' lang='grc' dir='ltr'>τοὺς</span> 
     </span>
    </p>
   </div>
   <div class='ocr_carea' id='block_1_56' title="bbox 2250 1206 3804 1285">
    <p class='ocr_par' dir='ltr' id='par_1_56' title="bbox 2250 1206 3804 1285">
     <span class='ocr_line' id='line_1_56' title="bbox 2250 1206 3804 1285; baseline 0.005 -27"><span class='ocrx_word' id='word_1_382' title='bbox 2250 1206 2469 1285; x_wconf 19' lang='grc' dir='ltr'>ιέαυτῶν</span> <span class='ocrx_word' id='word_1_383' title='bbox 2487 1206 2662 1262; x_wconf 86' lang='grc' dir='ltr'>ταῦτα</span> <span class='ocrx_word' id='word_1_384' title='bbox 2689 1206 3123 1279; x_wconf 81' lang='grc' dir='ltr'>διαπορθμεῦσαι</span> <span class='ocrx_word' id='word_1_385' title='bbox 3145 1209 3363 1274; x_wconf 82' lang='grc' dir='ltr'>παῖδας,</span> <span class='ocrx_word' id='word_1_386' title='bbox 3388 1209 3530 1282; x_wconf 76' lang='grc' dir='ltr'>καὶὴ</span> <span class='ocrx_word' id='word_1_387' title='bbox 3557 1213 3666 1281; x_wconf 87' lang='grc' dir='ltr'>μετ’</span> <span class='ocrx_word' id='word_1_388' title='bbox 3684 1214 3804 1266; x_wconf 83' lang='grc' dir='ltr'>ἐκεί-</span> 
     </span>
    </p>
   </div>
   <div class='ocr_carea' id='block_1_57' title="bbox 2258 1299 3807 1378">
    <p class='ocr_par' dir='ltr' id='par_1_57' title="bbox 2258 1299 3807 1378">
     <span class='ocr_line' id='line_1_57' title="bbox 2258 1299 3807 1378; baseline 0.004 -25"><span class='ocrx_word' id='word_1_389' title='bbox 2258 1315 2384 1362; x_wconf 88' lang='grc' dir='ltr'>νους</span> <span class='ocrx_word' id='word_1_390' title='bbox 2416 1299 2581 1366; x_wconf 88' lang='grc' dir='ltr'>γενεά</span> <span class='ocrx_word' id='word_1_391' title='bbox 2636 1299 2877 1369; x_wconf 79' lang='grc' dir='ltr'>δεχέσθω</span> <span class='ocrx_word' id='word_1_392' title='bbox 2927 1299 3080 1371; x_wconf 87' lang='grc' dir='ltr'><strong>παρά</strong></span> <span class='ocrx_word' id='word_1_393' title='bbox 3112 1301 3212 1371; x_wconf 84' lang='grc' dir='ltr'>τῆς</span> <span class='ocrx_word' id='word_1_394' title='bbox 3243 1302 3353 1374; x_wconf 79' lang='grc' dir='ltr'><strong>πρὸ</strong></span> <span class='ocrx_word' id='word_1_395' title='bbox 3380 1301 3546 1372; x_wconf 82' lang='grc' dir='ltr'>αὐτῆς</span> <span class='ocrx_word' id='word_1_396' title='bbox 3572 1304 3665 1374; x_wconf 78' lang='grc' dir='ltr'><strong>τὴν</strong></span> <span class='ocrx_word' id='word_1_397' title='bbox 3699 1306 3807 1378; x_wconf 74' lang='grc' dir='ltr'>περὶ</span> 
     </span>
    </p>
   </div>
   <div class='ocr_carea' id='block_1_58' title="bbox 2258 1392 3808 1465">
    <p class='ocr_par' dir='ltr' id='par_1_58' title="bbox 2258 1392 3808 1465">
     <span class='ocr_line' id='line_1_58' title="bbox 2258 1392 3808 1465; baseline 0.005 -20"><span class='ocrx_word' id='word_1_398' title='bbox 2258 1392 2463 1447; x_wconf 89' lang='grc' dir='ltr'>τούτων</span> <span class='ocrx_word' id='word_1_399' title='bbox 2493 1393 2768 1464; x_wconf 85' lang='grc' dir='ltr'>διήγησιν.</span> <span class='ocrx_word' id='word_1_400' title='bbox 2801 1393 3042 1449; x_wconf 79' lang='grc' dir='ltr'>Τοιαῦτα</span> <span class='ocrx_word' id='word_1_401' title='bbox 3072 1396 3168 1448; x_wconf 78' lang='grc' dir='ltr'>καὶ</span> <span class='ocrx_word' id='word_1_402' title='bbox 3208 1396 3237 1447; x_wconf 85' lang='grc' dir='ltr'>ὁ</span> <span class='ocrx_word' id='word_1_403' title='bbox 3267 1395 3536 1465; x_wconf 84' lang='grc' dir='ltr'>μακάριος</span> <span class='ocrx_word' id='word_1_404' title='bbox 3562 1395 3700 1465; x_wconf 80' lang='grc' dir='ltr'>λέγει</span> <span class='ocrx_word' id='word_1_405' title='bbox 3723 1400 3808 1454; x_wconf 90' lang='grc' dir='ltr'><strong>Δα-</strong></span> 
     </span>
    </p>
   </div>
   <div class='ocr_carea' id='block_1_59' title="bbox 2260 1483 3805 1560">
    <p class='ocr_par' dir='ltr' id='par_1_59' title="bbox 2260 1483 3805 1560">
     <span class='ocr_line' id='line_1_59' title="bbox 2260 1483 3805 1560; baseline 0.005 -24"><span class='ocrx_word' id='word_1_406' title='bbox 2260 1483 2366 1538; x_wconf 80' lang='grc' dir='ltr'>6ίδ’</span> <span class='ocrx_word' id='word_1_407' title='bbox 2381 1505 2398 1536; x_wconf 87' lang='grc'><strong>‹</strong></span> <span class='ocrx_word' id='word_1_408' title='bbox 2411 1484 2604 1548; x_wconf 83' lang='grc' dir='ltr'><strong>Ὅπως</strong></span> <span class='ocrx_word' id='word_1_409' title='bbox 2622 1486 2688 1538; x_wconf 86' lang='grc' dir='ltr'><strong>ἂν</strong></span> <span class='ocrx_word' id='word_1_410' title='bbox 2709 1486 2823 1558; x_wconf 85' lang='grc' dir='ltr'>γνῷ</span> <span class='ocrx_word' id='word_1_411' title='bbox 2837 1488 3002 1555; x_wconf 85' lang='grc' dir='ltr'>γενεά</span> <span class='ocrx_word' id='word_1_412' title='bbox 3030 1489 3212 1560; x_wconf 82' lang='grc' dir='ltr'>ἑτέρα,</span> <span class='ocrx_word' id='word_1_413' title='bbox 3231 1489 3340 1541; x_wconf 75' lang='grc' dir='ltr'>υἱοὶ</span> <span class='ocrx_word' id='word_1_414' title='bbox 3364 1489 3412 1541; x_wconf 90' lang='grc' dir='ltr'>οί</span> <span class='ocrx_word' id='word_1_415' title='bbox 3435 1489 3805 1559; x_wconf 78' lang='grc' dir='ltr'>τεχθησόμενοι,</span> 
     </span>
    </p>
   </div>
   <div class='ocr_carea' id='block_1_60' title="bbox 2259 1577 3806 1650">
    <p class='ocr_par' dir='ltr' id='par_1_60' title="bbox 2259 1577 3806 1650">
     <span class='ocr_line' id='line_1_60' title="bbox 2259 1577 3806 1650; baseline 0.002 -19"><span class='ocrx_word' id='word_1_416' title='bbox 2259 1580 2356 1631; x_wconf 74' lang='grc' dir='ltr'>καὶ</span> <span class='ocrx_word' id='word_1_417' title='bbox 2377 1577 2793 1650; x_wconf 87' lang='grc' dir='ltr'>ἀναστήσονται,</span> <span class='ocrx_word' id='word_1_418' title='bbox 2828 1581 2922 1633; x_wconf 74' lang='grc' dir='ltr'><strong>καὶ</strong></span> <span class='ocrx_word' id='word_1_419' title='bbox 2955 1580 3361 1649; x_wconf 75' lang='grc' dir='ltr'>ἀπαγγελοῦσιν</span> <span class='ocrx_word' id='word_1_420' title='bbox 3389 1581 3527 1635; x_wconf 82' lang='grc' dir='ltr'>αὐτὰ</span> <span class='ocrx_word' id='word_1_421' title='bbox 3557 1584 3664 1646; x_wconf 78' lang='grc' dir='ltr'>τοῖς</span> <span class='ocrx_word' id='word_1_422' title='bbox 3692 1585 3806 1647; x_wconf 80' lang='grc' dir='ltr'>υἱοῖς</span> 
     </span>
    </p>
   </div>
   <div class='ocr_carea' id='block_1_61' title="bbox 2259 1666 3807 1740">
    <p class='ocr_par' dir='ltr' id='par_1_61' title="bbox 2259 1666 3807 1740">
     <span class='ocr_line' id='line_1_61' title="bbox 2259 1666 3807 1740; baseline 0.003 -19"><span class='ocrx_word' id='word_1_423' title='bbox 2259 1666 2460 1723; x_wconf 73' lang='grc' dir='ltr'>αὐτῶν.</span> <span class='ocrx_word' id='word_1_424' title='bbox 2490 1688 2508 1721; x_wconf 73' lang='grc' dir='ltr'><strong>ι</strong></span> <span class='ocrx_word' id='word_1_425' title='bbox 2533 1670 2645 1724; x_wconf 75' lang='grc' dir='ltr'><strong>Καὶ</strong></span> <span class='ocrx_word' id='word_1_426' title='bbox 2672 1669 2768 1740; x_wconf 85' lang='grc' dir='ltr'><strong>τὴν</strong></span> <span class='ocrx_word' id='word_1_427' title='bbox 2793 1670 2971 1724; x_wconf 87' lang='grc' dir='ltr'>αἰτίαν</span> <span class='ocrx_word' id='word_1_428' title='bbox 3003 1670 3299 1737; x_wconf 82' lang='grc' dir='ltr'>διδάσκων,</span> <span class='ocrx_word' id='word_1_429' title='bbox 3347 1690 3365 1722; x_wconf 82' lang='grc' dir='ltr'><strong>ι</strong></span> <span class='ocrx_word' id='word_1_430' title='bbox 3392 1671 3505 1725; x_wconf 82' lang='grc' dir='ltr'>Ἵνα</span> <span class='ocrx_word' id='word_1_431' title='bbox 3530 1671 3713 1725; x_wconf 83' lang='grc' dir='ltr'>θῶνται</span> <span class='ocrx_word' id='word_1_432' title='bbox 3732 1676 3807 1725; x_wconf 78' lang='grc' dir='ltr'><strong>ἐπὶ</strong></span> 
     </span>
    </p>
   </div>
   <div class='ocr_carea' id='block_1_62' title="bbox 2259 1760 3805 1837">
    <p class='ocr_par' dir='ltr' id='par_1_62' title="bbox 2259 1760 3805 1837">
     <span class='ocr_line' id='line_1_62' title="bbox 2259 1760 3805 1837; baseline 0.003 -22"><span class='ocrx_word' id='word_1_433' title='bbox 2259 1760 2349 1815; x_wconf 69' lang='grc' dir='ltr'>τὸν</span> <span class='ocrx_word' id='word_1_434' title='bbox 2382 1762 2535 1828; x_wconf 83' lang='grc' dir='ltr'>Θεὸν,</span> <span class='ocrx_word' id='word_1_435' title='bbox 2597 1761 2752 1832; x_wconf 82' lang='grc' dir='ltr'>φησὶ,</span> <span class='ocrx_word' id='word_1_436' title='bbox 2783 1761 2882 1833; x_wconf 85' lang='grc' dir='ltr'>τὴν</span> <span class='ocrx_word' id='word_1_437' title='bbox 2919 1763 3109 1817; x_wconf 88' lang='grc' dir='ltr'>ἐλπίδα</span> <span class='ocrx_word' id='word_1_438' title='bbox 3141 1764 3344 1820; x_wconf 81' lang='grc' dir='ltr'>αὐτῶν.</span> <span class='ocrx_word' id='word_1_439' title='bbox 3381 1783 3400 1816; x_wconf 75' lang='grc' dir='ltr'><strong>ι</strong></span> <span class='ocrx_word' id='word_1_440' title='bbox 3441 1765 3553 1818; x_wconf 81' lang='grc' dir='ltr'>Μία</span> <span class='ocrx_word' id='word_1_441' title='bbox 3599 1765 3805 1837; x_wconf 87' lang='grc' dir='ltr'>τοίνυνή</span> 
     </span>
    </p>
   </div>
   <div class='ocr_carea' id='block_1_63' title="bbox 2258 1852 3807 1927">
    <p class='ocr_par' dir='ltr' id='par_1_63' title="bbox 2258 1852 3807 1927">
     <span class='ocr_line' id='line_1_63' title="bbox 2258 1852 3807 1927; baseline 0 -20"><span class='ocrx_word' id='word_1_442' title='bbox 2258 1853 2352 1907; x_wconf 87' lang='grc' dir='ltr'><strong>τοῦ</strong></span> <span class='ocrx_word' id='word_1_443' title='bbox 2384 1852 2529 1907; x_wconf 84' lang='grc' dir='ltr'>θείου</span> <span class='ocrx_word' id='word_1_444' title='bbox 2560 1852 2697 1906; x_wconf 87' lang='grc' dir='ltr'>Πνεύ</span> <span class='ocrx_word' id='word_1_445' title='bbox 2707 1870 2875 1925; x_wconf 88' lang='grc' dir='ltr'>ματος</span> <span class='ocrx_word' id='word_1_446' title='bbox 2902 1854 3080 1925; x_wconf 79' lang='grc' dir='ltr'>χάρις,</span> <span class='ocrx_word' id='word_1_447' title='bbox 3106 1856 3138 1925; x_wconf 74' lang='grc' dir='ltr'><strong>ἡ</strong></span> <span class='ocrx_word' id='word_1_448' title='bbox 3171 1857 3286 1918; x_wconf 85' lang='grc' dir='ltr'>τοῖς</span> <span class='ocrx_word' id='word_1_449' title='bbox 3331 1855 3508 1923; x_wconf 81' lang='grc' dir='ltr'>ἁγίοις</span> <span class='ocrx_word' id='word_1_450' title='bbox 3538 1857 3807 1927; x_wconf 76' lang='grc' dir='ltr'>προφήταις</span> 
     </span>
    </p>
   </div>
   <div class='ocr_carea' id='block_1_64' title="bbox 2259 1943 3808 2017">
    <p class='ocr_par' dir='ltr' id='par_1_64' title="bbox 2259 1943 3808 2017">
     <span class='ocr_line' id='line_1_64' title="bbox 2259 1943 3808 2017; baseline 0.003 -21"><span class='ocrx_word' id='word_1_451' title='bbox 2259 1944 2632 2015; x_wconf 87' lang='grc' dir='ltr'>ἐμπνεύσασα,</span> <span class='ocrx_word' id='word_1_452' title='bbox 2660 1946 2724 1997; x_wconf 85' lang='grc' dir='ltr'><strong>ἐκ</strong></span> <span class='ocrx_word' id='word_1_453' title='bbox 2751 1943 2858 1998; x_wconf 86' lang='grc' dir='ltr'><strong>τῶν</strong></span> <span class='ocrx_word' id='word_1_454' title='bbox 2881 1945 3184 2017; x_wconf 83' lang='grc' dir='ltr'>εἰρημένωί</span> <span class='ocrx_word' id='word_1_455' title='bbox 3211 1946 3508 1999; x_wconf 84' lang='grc' dir='ltr'>δείκνυται.</span> <span class='ocrx_word' id='word_1_456' title='bbox 3532 1945 3703 2010; x_wconf 78' lang='grc' dir='ltr'>Οὕτως</span> <span class='ocrx_word' id='word_1_457' title='bbox 3744 1949 3808 2010; x_wconf 87' lang='grc' dir='ltr'><strong>είς</strong></span> 
     </span>
    </p>
   </div>
   <div class='ocr_carea' id='block_1_65' title="bbox 2259 2035 3808 2110">
    <p class='ocr_par' dir='ltr' id='par_1_65' title="bbox 2259 2035 3808 2110">
     <span class='ocr_line' id='line_1_65' title="bbox 2259 2035 3808 2110; baseline 0.002 -22"><span class='ocrx_word' id='word_1_458' title='bbox 2259 2035 2524 2105; x_wconf 83' lang='grc' dir='ltr'>ἀκρόασιν</span> <span class='ocrx_word' id='word_1_459' title='bbox 2568 2035 2675 2088; x_wconf 88' lang='grc' dir='ltr'><strong>τῶν</strong></span> <span class='ocrx_word' id='word_1_460' title='bbox 2708 2036 3097 2107; x_wconf 79' lang='grc' dir='ltr'>ῥηθησομένων</span> <span class='ocrx_word' id='word_1_461' title='bbox 3143 2037 3275 2101; x_wconf 84' lang='grc' dir='ltr'>τούς</span> <span class='ocrx_word' id='word_1_462' title='bbox 3317 2054 3380 2091; x_wconf 90' lang='grc' dir='ltr'><strong>τε</strong></span> <span class='ocrx_word' id='word_1_463' title='bbox 3421 2038 3808 2110; x_wconf 75' lang='grc' dir='ltr'>πρεσϐυτέρους,</span> 
     </span>
    </p>
   </div>
   <div class='ocr_carea' id='block_1_66' title="bbox 2260 2126 3807 2199">
    <p class='ocr_par' dir='ltr' id='par_1_66' title="bbox 2260 2126 3807 2199">
     <span class='ocr_line' id='line_1_66' title="bbox 2260 2126 3807 2199; baseline 0.001 -19"><span class='ocrx_word' id='word_1_464' title='bbox 2260 2127 2498 2190; x_wconf 72' lang='grc' dir='ltr'>καὶτοὺς</span> <span class='ocrx_word' id='word_1_465' title='bbox 2524 2126 2717 2191; x_wconf 73' lang='grc' dir='ltr'>ἀλλους</span> <span class='ocrx_word' id='word_1_466' title='bbox 2758 2127 3004 2191; x_wconf 77' lang='grc' dir='ltr'>ἅπαντας</span> <span class='ocrx_word' id='word_1_467' title='bbox 3028 2127 3325 2199; x_wconf 85' lang='grc' dir='ltr'>διεγείρας,</span> <span class='ocrx_word' id='word_1_468' title='bbox 3361 2128 3624 2199; x_wconf 86' lang='grc' dir='ltr'>διηγεῖται</span> <span class='ocrx_word' id='word_1_469' title='bbox 3654 2129 3807 2183; x_wconf 75' lang='grc' dir='ltr'>λοιπὸν</span> 
     </span>
    </p>
   </div>
   <div class='ocr_carea' id='block_1_67' title="bbox 2260 2218 3807 2293">
    <p class='ocr_par' dir='ltr' id='par_1_67' title="bbox 2260 2218 3807 2293">
     <span class='ocr_line' id='line_1_67' title="bbox 2260 2218 3807 2293; baseline 0.002 -22"><span class='ocrx_word' id='word_1_470' title='bbox 2260 2220 2369 2273; x_wconf 78' lang='grc' dir='ltr'><strong>πᾶν</strong></span> <span class='ocrx_word' id='word_1_471' title='bbox 2414 2218 2477 2272; x_wconf 82' lang='grc' dir='ltr'><strong>τὸ</strong></span> <span class='ocrx_word' id='word_1_472' title='bbox 2520 2220 2723 2292; x_wconf 82' lang='grc' dir='ltr'>πλῆθος</span> <span class='ocrx_word' id='word_1_473' title='bbox 2767 2219 2877 2273; x_wconf 90' lang='grc' dir='ltr'><strong>τῶν</strong></span> <span class='ocrx_word' id='word_1_474' title='bbox 2911 2220 3231 2292; x_wconf 77' lang='grc' dir='ltr'>συμφορῶν,</span> <span class='ocrx_word' id='word_1_475' title='bbox 3273 2222 3371 2275; x_wconf 77' lang='grc' dir='ltr'><strong>καὶ</strong></span> <span class='ocrx_word' id='word_1_476' title='bbox 3416 2222 3579 2291; x_wconf 85' lang='grc' dir='ltr'>λέγει,</span> <span class='ocrx_word' id='word_1_477' title='bbox 3619 2221 3807 2293; x_wconf 83' lang='grc' dir='ltr'>πρώτην</span> 
     </span>
    </p>
   </div>
   <div class='ocr_carea' id='block_1_68' title="bbox 2263 2308 3805 2383">
    <p class='ocr_par' dir='ltr' id='par_1_68' title="bbox 2263 2308 3805 2383">
     <span class='ocr_line' id='line_1_68' title="bbox 2263 2308 3805 2383; baseline 0.003 -20"><span class='ocrx_word' id='word_1_478' title='bbox 2263 2308 2365 2378; x_wconf 78' lang='grc' dir='ltr'>μὲν</span> <span class='ocrx_word' id='word_1_479' title='bbox 2414 2308 2644 2380; x_wconf 81' lang='grc' dir='ltr'>κάμπην</span> <span class='ocrx_word' id='word_1_480' title='bbox 2687 2308 3099 2376; x_wconf 86' lang='grc' dir='ltr'>ἐπελεύσεσθαι,</span> <span class='ocrx_word' id='word_1_481' title='bbox 3139 2311 3205 2365; x_wconf 77' lang='grc' dir='ltr'>τὰ</span> <span class='ocrx_word' id='word_1_482' title='bbox 3243 2311 3303 2364; x_wconf 72' lang='grc' dir='ltr'>δὲ</span> <span class='ocrx_word' id='word_1_483' title='bbox 3364 2311 3470 2365; x_wconf 80' lang='grc' dir='ltr'>ὑπὸ</span> <span class='ocrx_word' id='word_1_484' title='bbox 3519 2312 3705 2383; x_wconf 81' lang='grc' dir='ltr'>ταύτης</span> <span class='ocrx_word' id='word_1_485' title='bbox 3748 2314 3805 2383; x_wconf 79' lang='grc' dir='ltr'>μὴ</span> 
     </span>
    </p>
   </div>
   <div class='ocr_carea' id='block_1_69' title="bbox 2259 2400 3807 2474">
    <p class='ocr_par' dir='ltr' id='par_1_69' title="bbox 2259 2400 3807 2474">
     <span class='ocr_line' id='line_1_69' title="bbox 2259 2400 3807 2474; baseline 0.001 -20"><span class='ocrx_word' id='word_1_486' title='bbox 2259 2400 2624 2473; x_wconf 80' lang='grc' dir='ltr'>διαφθαρέντα</span> <span class='ocrx_word' id='word_1_487' title='bbox 2688 2401 2793 2455; x_wconf 85' lang='grc' dir='ltr'><strong>ύπὺ</strong></span> <span class='ocrx_word' id='word_1_488' title='bbox 2836 2402 3058 2472; x_wconf 86' lang='grc' dir='ltr'>ἀκρίδος</span> <span class='ocrx_word' id='word_1_489' title='bbox 3110 2402 3568 2474; x_wconf 78' lang='grc' dir='ltr'>ἀναλωθήσεσθαι</span> <span class='ocrx_word' id='word_1_490' title='bbox 3596 2419 3610 2433; x_wconf 76' lang='grc' dir='ltr'><strong><em>ο</em></strong></span> <span class='ocrx_word' id='word_1_491' title='bbox 3635 2403 3724 2455; x_wconf 82' lang='grc' dir='ltr'>ὅσα</span> <span class='ocrx_word' id='word_1_492' title='bbox 3762 2404 3807 2455; x_wconf 78' lang='grc' dir='ltr'>δὲ</span> 
     </span>
    </p>
   </div>
   <div class='ocr_carea' id='block_1_70' title="bbox 2258 2491 3804 2565">
    <p class='ocr_par' dir='ltr' id='par_1_70' title="bbox 2258 2491 3804 2565">
     <span class='ocr_line' id='line_1_70' title="bbox 2258 2491 3804 2565; baseline 0.001 -21"><span class='ocrx_word' id='word_1_493' title='bbox 2258 2493 2462 2563; x_wconf 88' lang='grc' dir='ltr'>ταύτην</span> <span class='ocrx_word' id='word_1_494' title='bbox 2486 2491 2852 2562; x_wconf 75' lang='grc' dir='ltr'>διαφεύξεται,</span> <span class='ocrx_word' id='word_1_495' title='bbox 2886 2493 3217 2565; x_wconf 81' lang='grc' dir='ltr'>δαπανήσειν</span> <span class='ocrx_word' id='word_1_496' title='bbox 3243 2496 3340 2548; x_wconf 86' lang='grc' dir='ltr'><strong>τὸν</strong></span> <span class='ocrx_word' id='word_1_497' title='bbox 3380 2495 3605 2565; x_wconf 66' lang='grc' dir='ltr'>βρσῦχον</span> <span class='ocrx_word' id='word_1_498' title='bbox 3631 2512 3644 2524; x_wconf 82' lang='grc'><em>’</em></span> <span class='ocrx_word' id='word_1_499' title='bbox 3666 2494 3804 2564; x_wconf 85' lang='grc' dir='ltr'>ἐσχά-</span> 
     </span>
    </p>
   </div>
   <div class='ocr_carea' id='block_1_71' title="bbox 2259 2583 3805 2656">
    <p class='ocr_par' dir='ltr' id='par_1_71' title="bbox 2259 2583 3805 2656">
     <span class='ocr_line' id='line_1_71' title="bbox 2259 2583 3805 2656; baseline 0.002 -20"><span class='ocrx_word' id='word_1_500' title='bbox 2259 2599 2359 2654; x_wconf 86' lang='grc' dir='ltr'>την</span> <span class='ocrx_word' id='word_1_501' title='bbox 2380 2583 2438 2637; x_wconf 75' lang='grc' dir='ltr'>δὲ</span> <span class='ocrx_word' id='word_1_502' title='bbox 2460 2583 2561 2655; x_wconf 78' lang='grc' dir='ltr'>τὴν</span> <span class='ocrx_word' id='word_1_503' title='bbox 2607 2584 2868 2655; x_wconf 79' lang='grc' dir='ltr'>ἐρυσίϐην</span> <span class='ocrx_word' id='word_1_504' title='bbox 2904 2586 3316 2655; x_wconf 81' lang='grc' dir='ltr'>ἐπενεχθεῖσαν,</span> <span class='ocrx_word' id='word_1_505' title='bbox 3364 2586 3527 2656; x_wconf 83' lang='grc' dir='ltr'>μηδὲν</span> <span class='ocrx_word' id='word_1_506' title='bbox 3569 2583 3805 2648; x_wconf 83' lang='grc' dir='ltr'>παντελῶς</span> 
     </span>
    </p>
   </div>
   <div class='ocr_carea' id='block_1_72' title="bbox 2260 2674 3802 2747">
    <p class='ocr_par' dir='ltr' id='par_1_72' title="bbox 2260 2674 3802 2747">
     <span class='ocr_line' id='line_1_72' title="bbox 2260 2674 3802 2747; baseline 0.001 -20"><span class='ocrx_word' id='word_1_507' title='bbox 2260 2674 2607 2745; x_wconf 77' lang='grc' dir='ltr'>καταλείψειν</span> <span class='ocrx_word' id='word_1_508' title='bbox 2653 2674 2948 2745; x_wconf 77' lang='grc' dir='ltr'>ἀλώὸητον.</span> <span class='ocrx_word' id='word_1_509' title='bbox 3001 2677 3158 2741; x_wconf 87' lang='grc' dir='ltr'>Τινές</span> <span class='ocrx_word' id='word_1_510' title='bbox 3208 2677 3313 2747; x_wconf 77' lang='grc' dir='ltr'>μὲν</span> <span class='ocrx_word' id='word_1_511' title='bbox 3332 2674 3423 2732; x_wconf 87' lang='grc' dir='ltr'><strong>οῦν</strong></span> <span class='ocrx_word' id='word_1_512' title='bbox 3454 2676 3618 2731; x_wconf 88' lang='grc' dir='ltr'>ταῦτα</span> <span class='ocrx_word' id='word_1_513' title='bbox 3647 2692 3802 2747; x_wconf 83' lang='grc' dir='ltr'>τροπι-</span> 
     </span>
    </p>
   </div>
   <div class='ocr_carea' id='block_1_73' title="bbox 2260 2765 3801 2838">
    <p class='ocr_par' dir='ltr' id='par_1_73' title="bbox 2260 2765 3801 2838">
     <span class='ocr_line' id='line_1_73' title="bbox 2260 2765 3801 2838; baseline 0.002 -20"><span class='ocrx_word' id='word_1_514' title='bbox 2260 2766 2372 2830; x_wconf 90' lang='grc' dir='ltr'><strong>κῶς</strong></span> <span class='ocrx_word' id='word_1_515' title='bbox 2405 2765 2487 2830; x_wconf 76' lang='grc' dir='ltr'>εἷς</span> <span class='ocrx_word' id='word_1_516' title='bbox 2540 2783 2601 2820; x_wconf 89' lang='grc' dir='ltr'><strong>τε</strong></span> <span class='ocrx_word' id='word_1_517' title='bbox 2656 2769 2749 2820; x_wconf 77' lang='grc' dir='ltr'><strong>τὸν</strong></span> <span class='ocrx_word' id='word_1_518' title='bbox 2796 2768 3082 2838; x_wconf 79' lang='grc' dir='ltr'>Ἀσσύριον</span> <span class='ocrx_word' id='word_1_519' title='bbox 3135 2769 3224 2823; x_wconf 81' lang='grc' dir='ltr'>καὶ</span> <span class='ocrx_word' id='word_1_520' title='bbox 3264 2769 3604 2823; x_wconf 79' lang='grc' dir='ltr'>Βαϐυλώνιον</span> <span class='ocrx_word' id='word_1_521' title='bbox 3629 2766 3801 2837; x_wconf 75' lang='grc' dir='ltr'>ἐξειλή-</span> 
     </span>
    </p>
   </div>
   <div class='ocr_carea' id='block_1_74' title="bbox 2262 2857 3798 2931">
    <p class='ocr_par' dir='ltr' id='par_1_74' title="bbox 2262 2857 3798 2931">
     <span class='ocr_line' id='line_1_74' title="bbox 2262 2857 3798 2931; baseline 0.002 -20"><span class='ocrx_word' id='word_1_522' title='bbox 2262 2874 2394 2927; x_wconf 83' lang='grc' dir='ltr'>ιρασι</span> <span class='ocrx_word' id='word_1_523' title='bbox 2418 2874 2431 2887; x_wconf 82' lang='grc'><em>’</em></span> <span class='ocrx_word' id='word_1_524' title='bbox 2457 2857 2700 2926; x_wconf 77' lang='grc' dir='ltr'>κάμπην</span> <span class='ocrx_word' id='word_1_525' title='bbox 2737 2859 2837 2931; x_wconf 72' lang='grc' dir='ltr'>μὲν</span> <span class='ocrx_word' id='word_1_526' title='bbox 2860 2860 2952 2914; x_wconf 79' lang='grc' dir='ltr'><strong>τὸν</strong></span> <span class='ocrx_word' id='word_1_527' title='bbox 2982 2860 3428 2930; x_wconf 82' lang='grc' dir='ltr'>Θεγλαφαλασάρ</span> <span class='ocrx_word' id='word_1_528' title='bbox 3446 2861 3798 2931; x_wconf 80' lang='grc' dir='ltr'>ὀνομάσαντες·</span> 
     </span>
    </p>
   </div>
   <div class='ocr_carea' id='block_1_75' title="bbox 2260 2948 3800 3024">
    <p class='ocr_par' dir='ltr' id='par_1_75' title="bbox 2260 2948 3800 3024">
     <span class='ocr_line' id='line_1_75' title="bbox 2260 2948 3800 3024; baseline 0.001 -23"><span class='ocrx_word' id='word_1_529' title='bbox 2260 2948 2477 3017; x_wconf 77' lang='grc' dir='ltr'>ἀκρίδα</span> <span class='ocrx_word' id='word_1_530' title='bbox 2520 2950 2577 3003; x_wconf 88' lang='grc' dir='ltr'>δὲ</span> <span class='ocrx_word' id='word_1_531' title='bbox 2633 2949 2726 3004; x_wconf 83' lang='grc' dir='ltr'><strong>τὸν</strong></span> <span class='ocrx_word' id='word_1_532' title='bbox 2788 2950 3154 3024; x_wconf 83' lang='grc' dir='ltr'>Σαλμανασάρ</span> <span class='ocrx_word' id='word_1_533' title='bbox 3176 2967 3195 2986; x_wconf 80' lang='grc' dir='ltr'><strong><em>ο</em></strong></span> <span class='ocrx_word' id='word_1_534' title='bbox 3225 2952 3321 3006; x_wconf 77' lang='grc' dir='ltr'><strong>τὸν</strong></span> <span class='ocrx_word' id='word_1_535' title='bbox 3368 2953 3428 3007; x_wconf 80' lang='grc' dir='ltr'>δὲ</span> <span class='ocrx_word' id='word_1_536' title='bbox 3478 2951 3800 3023; x_wconf 76' lang='grc' dir='ltr'>Σενναχηρεὶμ</span> 
     </span>
    </p>
   </div>
   <div class='ocr_carea' id='block_1_76' title="bbox 2262 3043 3797 3116">
    <p class='ocr_par' dir='ltr' id='par_1_76' title="bbox 2262 3043 3797 3116">
     <span class='ocr_line' id='line_1_76' title="bbox 2262 3043 3797 3116; baseline 0.001 -21"><span class='ocrx_word' id='word_1_537' title='bbox 2262 3043 2715 3115; x_wconf 85' lang='grc' dir='ltr'>προσηγόρευσαν</span> <span class='ocrx_word' id='word_1_538' title='bbox 2742 3045 3019 3116; x_wconf 63' lang='grc' dir='ltr'>βροῦχωρ</span> <span class='ocrx_word' id='word_1_539' title='bbox 3043 3060 3059 3078; x_wconf 76' lang='grc' dir='ltr'><strong>ο</strong></span> <span class='ocrx_word' id='word_1_540' title='bbox 3080 3047 3379 3116; x_wconf 79' lang='grc' dir='ltr'>ἐρυσίϐην</span> <span class='ocrx_word' id='word_1_541' title='bbox 3422 3047 3481 3101; x_wconf 77' lang='grc' dir='ltr'>δὲ</span> <span class='ocrx_word' id='word_1_542' title='bbox 3512 3047 3598 3101; x_wconf 76' lang='grc' dir='ltr'>τὸν</span> <span class='ocrx_word' id='word_1_543' title='bbox 3625 3045 3797 3100; x_wconf 75' lang='grc' dir='ltr'><strong>Ναϐου·</strong></span> 
     </span>
    </p>
   </div>
   <div class='ocr_carea' id='block_1_77' title="bbox 2262 3134 3798 3211">
    <p class='ocr_par' dir='ltr' id='par_1_77' title="bbox 2262 3134 3798 3211">
     <span class='ocr_line' id='line_1_77' title="bbox 2262 3134 3798 3211; baseline 0.003 -24"><span class='ocrx_word' id='word_1_544' title='bbox 2262 3134 2564 3206; x_wconf 85' lang='grc' dir='ltr'>χοδονόσορ,</span> <span class='ocrx_word' id='word_1_545' title='bbox 2616 3136 2924 3192; x_wconf 78' lang='grc' dir='ltr'>τελευταῖον</span> <span class='ocrx_word' id='word_1_546' title='bbox 2969 3139 3502 3211; x_wconf 80' lang='grc' dir='ltr'>ἐπιστρατεύσαντα,</span> <span class='ocrx_word' id='word_1_547' title='bbox 3547 3139 3636 3193; x_wconf 79' lang='grc' dir='ltr'>καὶ</span> <span class='ocrx_word' id='word_1_548' title='bbox 3666 3136 3798 3208; x_wconf 73' lang='grc' dir='ltr'>ἄρδην</span> 
     </span>
    </p>
   </div>
   <div class='ocr_carea' id='block_1_78' title="bbox 2257 3225 3798 3301">
    <p class='ocr_par' dir='ltr' id='par_1_78' title="bbox 2257 3225 3798 3301">
     <span class='ocr_line' id='line_1_78' title="bbox 2257 3225 3798 3301; baseline -0.001 -20"><span class='ocrx_word' id='word_1_549' title='bbox 2257 3227 2476 3281; x_wconf 72' lang='grc' dir='ltr'>ἃπασαν</span> <span class='ocrx_word' id='word_1_550' title='bbox 2511 3226 2611 3298; x_wconf 79' lang='grc' dir='ltr'>τὴν</span> <span class='ocrx_word' id='word_1_551' title='bbox 2647 3228 2908 3283; x_wconf 83' lang='grc' dir='ltr'>Ἰουδαίαν</span> <span class='ocrx_word' id='word_1_552' title='bbox 2937 3228 3252 3301; x_wconf 75' lang='grc' dir='ltr'>δηώσαντα,</span> <span class='ocrx_word' id='word_1_553' title='bbox 3306 3230 3403 3284; x_wconf 76' lang='grc' dir='ltr'><strong>καὶ</strong></span> <span class='ocrx_word' id='word_1_554' title='bbox 3439 3231 3561 3294; x_wconf 81' lang='grc' dir='ltr'>τοὺς</span> <span class='ocrx_word' id='word_1_555' title='bbox 3602 3229 3684 3282; x_wconf 78' lang='grc' dir='ltr'><strong>τὸν</strong></span> <span class='ocrx_word' id='word_1_556' title='bbox 3725 3225 3798 3279; x_wconf 71' lang='grc' dir='ltr'><strong>θάο</strong></span> 
     </span>
    </p>
   </div>
   <div class='ocr_carea' id='block_1_79' title="bbox 2256 3316 3797 3393">
    <p class='ocr_par' dir='ltr' id='par_1_79' title="bbox 2256 3316 3797 3393">
     <span class='ocr_line' id='line_1_79' title="bbox 2256 3316 3797 3393; baseline 0.001 -21"><span class='ocrx_word' id='word_1_557' title='bbox 2256 3335 2415 3372; x_wconf 91' lang='grc' dir='ltr'>νατον</span> <span class='ocrx_word' id='word_1_558' title='bbox 2448 3319 2815 3389; x_wconf 84' lang='grc' dir='ltr'>διαφυγόντας</span> <span class='ocrx_word' id='word_1_559' title='bbox 2852 3320 3238 3393; x_wconf 76' lang='grc' dir='ltr'>αἰχμαλώτους</span> <span class='ocrx_word' id='word_1_560' title='bbox 3275 3321 3646 3392; x_wconf 79' lang='grc' dir='ltr'>ἀπαγαγόντα.</span> <span class='ocrx_word' id='word_1_561' title='bbox 3688 3316 3797 3385; x_wconf 81' lang='grc' dir='ltr'><strong>Ἐγὼ</strong></span> 
     </span>
    </p>
   </div>
   <div class='ocr_carea' id='block_1_80' title="bbox 2255 3408 3797 3484">
    <p class='ocr_par' dir='ltr' id='par_1_80' title="bbox 2255 3408 3797 3484">
     <span class='ocr_line' id='line_1_80' title="bbox 2255 3408 3797 3484; baseline -0.001 -21"><span class='ocrx_word' id='word_1_562' title='bbox 2255 3409 2314 3463; x_wconf 76' lang='grc' dir='ltr'><strong>δέ</strong></span> <span class='ocrx_word' id='word_1_563' title='bbox 2350 3408 2523 3481; x_wconf 84' lang='grc' dir='ltr'>ἀληθῆ</span> <span class='ocrx_word' id='word_1_564' title='bbox 2570 3411 2669 3482; x_wconf 75' lang='grc' dir='ltr'>μὲν</span> <span class='ocrx_word' id='word_1_565' title='bbox 2717 3411 2958 3483; x_wconf 77' lang='grc' dir='ltr'>ἠγοῦμαι</span> <span class='ocrx_word' id='word_1_566' title='bbox 2990 3414 3085 3467; x_wconf 76' lang='grc' dir='ltr'>καὶ</span> <span class='ocrx_word' id='word_1_567' title='bbox 3128 3413 3304 3469; x_wconf 85' lang='grc' dir='ltr'>ταῦτα</span> <span class='ocrx_word' id='word_1_568' title='bbox 3335 3429 3350 3444; x_wconf 84' lang='grc'>⁶</span> <span class='ocrx_word' id='word_1_569' title='bbox 3381 3412 3724 3484; x_wconf 75' lang='grc' dir='ltr'>ὑπολαμϐάνω</span> <span class='ocrx_word' id='word_1_570' title='bbox 3753 3408 3797 3462; x_wconf 78' lang='grc' dir='ltr'>δὲ</span> 
     </span>
    </p>
   </div>
   <div class='ocr_carea' id='block_1_81' title="bbox 2257 3500 3794 3576">
    <p class='ocr_par' dir='ltr' id='par_1_81' title="bbox 2257 3500 3794 3576">
     <span class='ocr_line' id='line_1_81' title="bbox 2257 3500 3794 3576; baseline 0 -22"><span class='ocrx_word' id='word_1_571' title='bbox 2257 3500 2352 3555; x_wconf 73' lang='grc' dir='ltr'>καὶ</span> <span class='ocrx_word' id='word_1_572' title='bbox 2379 3503 2448 3555; x_wconf 82' lang='grc' dir='ltr'>τὰ</span> <span class='ocrx_word' id='word_1_573' title='bbox 2474 3502 2615 3556; x_wconf 89' lang='grc' dir='ltr'><strong>κατά</strong></span> <span class='ocrx_word' id='word_1_574' title='bbox 2650 3501 2712 3555; x_wconf 77' lang='grc' dir='ltr'><strong>τὸ</strong></span> <span class='ocrx_word' id='word_1_575' title='bbox 2741 3503 2904 3574; x_wconf 78' lang='grc' dir='ltr'>ῥητὸν</span> <span class='ocrx_word' id='word_1_576' title='bbox 2931 3504 3195 3575; x_wconf 83' lang='grc' dir='ltr'>νοούμενα</span> <span class='ocrx_word' id='word_1_577' title='bbox 3227 3505 3309 3576; x_wconf 80' lang='grc' dir='ltr'>τῷ</span> <span class='ocrx_word' id='word_1_578' title='bbox 3340 3507 3454 3560; x_wconf 84' lang='grc' dir='ltr'>δντι</span> <span class='ocrx_word' id='word_1_579' title='bbox 3495 3501 3794 3575; x_wconf 82' lang='grc' dir='ltr'>γεγενῆσθαι.</span> 
     </span>
    </p>
   </div>
   <div class='ocr_carea' id='block_1_82' title="bbox 2256 3594 3794 3670">
    <p class='ocr_par' dir='ltr' id='par_1_82' title="bbox 2256 3594 3794 3670">
     <span class='ocr_line' id='line_1_82' title="bbox 2256 3594 3794 3670; baseline 0.006 -22"><span class='ocrx_word' id='word_1_580' title='bbox 2256 3594 2544 3665; x_wconf 82' lang='grc' dir='ltr'>Μέμνηται</span> <span class='ocrx_word' id='word_1_581' title='bbox 2574 3595 2683 3666; x_wconf 89' lang='grc' dir='ltr'><strong>γάρ</strong></span> <span class='ocrx_word' id='word_1_582' title='bbox 2714 3596 2808 3650; x_wconf 72' lang='grc' dir='ltr'><strong>καὶ</strong></span> <span class='ocrx_word' id='word_1_583' title='bbox 2844 3598 2874 3651; x_wconf 91' lang='grc' dir='ltr'><strong>ό</strong></span> <span class='ocrx_word' id='word_1_584' title='bbox 2913 3598 3185 3668; x_wconf 71' lang='grc' dir='ltr'>μακάριος</span> <span class='ocrx_word' id='word_1_585' title='bbox 3225 3598 3431 3670; x_wconf 81' lang='grc' dir='ltr'>Ἀμὼς,</span> <span class='ocrx_word' id='word_1_586' title='bbox 3464 3599 3558 3653; x_wconf 71' lang='grc' dir='ltr'><strong>καί</strong></span> <span class='ocrx_word' id='word_1_587' title='bbox 3592 3594 3794 3665; x_wconf 67' lang='grc' dir='ltr'>ἀκρίδας.</span> 
     </span>
    </p>
   </div>
   <div class='ocr_carea' id='block_1_83' title="bbox 2258 3684 3795 3763">
    <p class='ocr_par' dir='ltr' id='par_1_83' title="bbox 2258 3684 3795 3763">
     <span class='ocr_line' id='line_1_83' title="bbox 2258 3684 3795 3763; baseline 0.007 -26"><span class='ocrx_word' id='word_1_588' title='bbox 2258 3685 2354 3738; x_wconf 78' lang='grc' dir='ltr'><strong>καὶ</strong></span> <span class='ocrx_word' id='word_1_589' title='bbox 2383 3684 2600 3757; x_wconf 80' lang='grc' dir='ltr'>βρόχου,</span> <span class='ocrx_word' id='word_1_590' title='bbox 2636 3688 2731 3740; x_wconf 74' lang='grc' dir='ltr'>καὶ</span> <span class='ocrx_word' id='word_1_591' title='bbox 2765 3688 3085 3759; x_wconf 81' lang='grc' dir='ltr'>πυρώσεως,</span> <span class='ocrx_word' id='word_1_592' title='bbox 3115 3689 3209 3744; x_wconf 82' lang='grc' dir='ltr'>καὶ</span> <span class='ocrx_word' id='word_1_593' title='bbox 3241 3692 3480 3763; x_wconf 73' lang='grc' dir='ltr'>ἰκτέρου,</span> <span class='ocrx_word' id='word_1_594' title='bbox 3513 3690 3604 3745; x_wconf 80' lang='grc' dir='ltr'>καὶ</span> <span class='ocrx_word' id='word_1_595' title='bbox 3630 3684 3795 3747; x_wconf 68' lang='grc' dir='ltr'>συκῶν,</span> 
     </span>
    </p>
   </div>
   <div class='ocr_carea' id='block_1_84' title="bbox 2259 3775 3798 3855">
    <p class='ocr_par' dir='ltr' id='par_1_84' title="bbox 2259 3775 3798 3855">
     <span class='ocr_line' id='line_1_84' title="bbox 2259 3775 3798 3855; baseline 0.005 -27"><span class='ocrx_word' id='word_1_596' title='bbox 2259 3775 2353 3828; x_wconf 80' lang='grc' dir='ltr'><strong>καὶ</strong></span> <span class='ocrx_word' id='word_1_597' title='bbox 2385 3775 2598 3843; x_wconf 78' lang='grc' dir='ltr'>ἐλαιῶν,</span> <span class='ocrx_word' id='word_1_598' title='bbox 2632 3779 2726 3833; x_wconf 80' lang='grc' dir='ltr'>καὶ</span> <span class='ocrx_word' id='word_1_599' title='bbox 2752 3780 3016 3850; x_wconf 81' lang='grc' dir='ltr'>ἀμπέλων</span> <span class='ocrx_word' id='word_1_600' title='bbox 3053 3782 3159 3837; x_wconf 84' lang='grc' dir='ltr'>ὑπὸ</span> <span class='ocrx_word' id='word_1_601' title='bbox 3192 3784 3435 3855; x_wconf 86' lang='grc' dir='ltr'>καμπῶν</span> <span class='ocrx_word' id='word_1_602' title='bbox 3464 3777 3798 3852; x_wconf 73' lang='grc' dir='ltr'>διαφθειρομὲ·</span> 
     </span>
    </p>
   </div>
   <div class='ocr_carea' id='block_1_85' title="bbox 2260 3868 3798 3947">
    <p class='ocr_par' dir='ltr' id='par_1_85' title="bbox 2260 3868 3798 3947">
     <span class='ocr_line' id='line_1_85' title="bbox 2260 3868 3798 3947; baseline 0.001 -27"><span class='ocrx_word' id='word_1_603' title='bbox 2260 3884 2386 3933; x_wconf 88' lang='grc' dir='ltr'>νων,</span> <span class='ocrx_word' id='word_1_604' title='bbox 2419 3868 2512 3923; x_wconf 78' lang='grc' dir='ltr'>καὶ</span> <span class='ocrx_word' id='word_1_605' title='bbox 2554 3870 2692 3941; x_wconf 83' lang='grc' dir='ltr'>πρὸς</span> <span class='ocrx_word' id='word_1_606' title='bbox 2715 3872 2929 3937; x_wconf 78' lang='grc' dir='ltr'>τούτοις</span> <span class='ocrx_word' id='word_1_607' title='bbox 2954 3874 3169 3944; x_wconf 80' lang='grc' dir='ltr'>αὐχμοῦ</span> <span class='ocrx_word' id='word_1_608' title='bbox 3202 3876 3298 3929; x_wconf 73' lang='grc' dir='ltr'>καὶ</span> <span class='ocrx_word' id='word_1_609' title='bbox 3333 3874 3649 3947; x_wconf 71' lang='grc' dir='ltr'>ἀνομϐρίας.</span> <span class='ocrx_word' id='word_1_610' title='bbox 3684 3870 3798 3923; x_wconf 71' lang='lat' dir='ltr'><strong>(ME-</strong></span> 
     </span>
    </p>
   </div>
   <div class='ocr_carea' id='block_1_86' title="bbox 2264 3958 3797 4038">
    <p class='ocr_par' dir='ltr' id='par_1_86' title="bbox 2264 3958 3797 4038">
     <span class='ocr_line' id='line_1_86' title="bbox 2264 3958 3797 4038; baseline -0.013 -7"><span class='ocrx_word' id='word_1_611' title='bbox 2264 3959 2346 4030; x_wconf 56' lang='lat' dir='ltr'><strong>Pi-‘i</strong></span> <span class='ocrx_word' id='word_1_612' title='bbox 2375 3960 2505 4033; x_wconf 74' lang='grc' dir='ltr'>γὰρ.</span> <span class='ocrx_word' id='word_1_613' title='bbox 2542 3962 2699 4035; x_wconf 75' lang='grc' dir='ltr'>φησὶ,</span> <span class='ocrx_word' id='word_1_614' title='bbox 2742 3964 2841 4035; x_wconf 74' lang='grc' dir='ltr'><strong>μία</strong></span> <span class='ocrx_word' id='word_1_615' title='bbox 2872 3963 3224 4036; x_wconf 79' lang='grc' dir='ltr'>βραχήσεται,</span> <span class='ocrx_word' id='word_1_616' title='bbox 3260 3968 3356 4020; x_wconf 80' lang='grc' dir='ltr'>καὶ</span> <span class='ocrx_word' id='word_1_617' title='bbox 3387 3966 3545 4038; x_wconf 76' lang='grc' dir='ltr'>μερὶς</span> <span class='ocrx_word' id='word_1_618' title='bbox 3567 3966 3647 4033; x_wconf 81' lang='grc' dir='ltr'><strong>ἐφ’</strong></span> <span class='ocrx_word' id='word_1_619' title='bbox 3677 3963 3732 4034; x_wconf 73' lang='grc' dir='ltr'>ἢν</span> <span class='ocrx_word' id='word_1_620' title='bbox 3751 3958 3797 4012; x_wconf 78' lang='grc' dir='ltr'><strong>ού</strong></span> 
     </span>
    </p>
   </div>
   <div class='ocr_carea' id='block_1_87' title="bbox 2262 4051 3799 4132">
    <p class='ocr_par' dir='ltr' id='par_1_87' title="bbox 2262 4051 3799 4132">
     <span class='ocr_line' id='line_1_87' title="bbox 2262 4051 3799 4132; baseline -0.011 -9"><span class='ocrx_word' id='word_1_621' title='bbox 2262 4051 2458 4123; x_wconf 75' lang='grc' dir='ltr'>βρέξων</span> <span class='ocrx_word' id='word_1_622' title='bbox 2503 4053 2924 4130; x_wconf 78' lang='grc' dir='ltr'>ξηρανθήσεται.</span> <span class='ocrx_word' id='word_1_623' title='bbox 2948 4077 2967 4109; x_wconf 72' lang='grc' dir='ltr'><strong>ι</strong></span> <span class='ocrx_word' id='word_1_624' title='bbox 3005 4059 3221 4132; x_wconf 87' lang='grc' dir='ltr'>Ταύτης</span> <span class='ocrx_word' id='word_1_625' title='bbox 3264 4060 3325 4116; x_wconf 84' lang='grc' dir='ltr'>δὲ</span> <span class='ocrx_word' id='word_1_626' title='bbox 3365 4061 3461 4116; x_wconf 78' lang='grc' dir='ltr'>καὶ</span> <span class='ocrx_word' id='word_1_627' title='bbox 3492 4062 3522 4115; x_wconf 83' lang='grc' dir='ltr'>ὁ</span> <span class='ocrx_word' id='word_1_628' title='bbox 3557 4057 3799 4114; x_wconf 78' lang='grc' dir='ltr'>θεσπέσιος</span> 
     </span>
    </p>
   </div>
   <div class='ocr_carea' id='block_1_88' title="bbox 2272 4142 3798 4221">
    <p class='ocr_par' dir='ltr' id='par_1_88' title="bbox 2272 4142 3798 4221">
     <span class='ocr_line' id='line_1_88' title="bbox 2272 4142 3798 4221; baseline -0.001 -20"><span class='ocrx_word' id='word_1_629' title='bbox 2272 4142 2541 4215; x_wconf 81' lang='grc' dir='ltr'>Ἱερεμίας</span> <span class='ocrx_word' id='word_1_630' title='bbox 2599 4147 2790 4217; x_wconf 85' lang='grc' dir='ltr'>σαφῶς</span> <span class='ocrx_word' id='word_1_631' title='bbox 2835 4150 3272 4221; x_wconf 87' lang='grc' dir='ltr'>ἐμνημόνευσεν.</span> <span class='ocrx_word' id='word_1_632' title='bbox 3317 4153 3394 4209; x_wconf 85' lang='grc' dir='ltr'><strong>Οὐ</strong></span> <span class='ocrx_word' id='word_1_633' title='bbox 3429 4152 3511 4206; x_wconf 79' lang='grc' dir='ltr'>δεῖ</span> <span class='ocrx_word' id='word_1_634' title='bbox 3553 4143 3798 4219; x_wconf 78' lang='grc' dir='ltr'>τοιγαροῦν</span> 
     </span>
    </p>
   </div>
   <div class='ocr_carea' id='block_1_89' title="bbox 2258 4235 3798 4314">
    <p class='ocr_par' dir='ltr' id='par_1_89' title="bbox 2258 4235 3798 4314">
     <span class='ocr_line' id='line_1_89' title="bbox 2258 4235 3798 4314; baseline 0.005 -28"><span class='ocrx_word' id='word_1_635' title='bbox 2258 4235 2540 4305; x_wconf 85' lang='grc' dir='ltr'>τροπικῶς</span> <span class='ocrx_word' id='word_1_636' title='bbox 2595 4239 2756 4309; x_wconf 86' lang='grc' dir='ltr'>μόνον</span> <span class='ocrx_word' id='word_1_637' title='bbox 2808 4240 3058 4296; x_wconf 79' lang='grc' dir='ltr'>ἐκλαδείν</span> <span class='ocrx_word' id='word_1_638' title='bbox 3100 4241 3170 4297; x_wconf 82' lang='grc' dir='ltr'>τὰ</span> <span class='ocrx_word' id='word_1_639' title='bbox 3215 4245 3504 4314; x_wconf 80' lang='grc' dir='ltr'>εἰρημένα,</span> <span class='ocrx_word' id='word_1_640' title='bbox 3538 4235 3798 4312; x_wconf 76' lang='grc' dir='ltr'>συμφώνως</span> 
     </span>
    </p>
   </div>
   <div class='ocr_carea' id='block_1_90' title="bbox 2259 4328 3800 4405">
    <p class='ocr_par' dir='ltr' id='par_1_90' title="bbox 2259 4328 3800 4405">
     <span class='ocr_line' id='line_1_90' title="bbox 2259 4328 3800 4405; baseline -0.011 -7"><span class='ocrx_word' id='word_1_641' title='bbox 2259 4328 2408 4398; x_wconf 70' lang='grc' dir='ltr'><strong>ἡμᾶς</strong></span> <span class='ocrx_word' id='word_1_642' title='bbox 2433 4328 2544 4384; x_wconf 80' lang='grc' dir='ltr'><strong>τῶν</strong></span> <span class='ocrx_word' id='word_1_643' title='bbox 2575 4331 2736 4403; x_wconf 78' lang='grc' dir='ltr'>ιερῶν</span> <span class='ocrx_word' id='word_1_644' title='bbox 2765 4334 3060 4405; x_wconf 75' lang='grc' dir='ltr'>προφητῶν</span> <span class='ocrx_word' id='word_1_645' title='bbox 3082 4334 3430 4403; x_wconf 81' lang='grc' dir='ltr'>διδαξάντων,</span> <span class='ocrx_word' id='word_1_646' title='bbox 3459 4335 3533 4400; x_wconf 85' lang='grc' dir='ltr'>ὡς</span> <span class='ocrx_word' id='word_1_647' title='bbox 3564 4333 3652 4388; x_wconf 81' lang='grc' dir='ltr'><strong>καὶ</strong></span> <span class='ocrx_word' id='word_1_648' title='bbox 3686 4330 3800 4383; x_wconf 75' lang='grc' dir='ltr'>κατὰ</span> 
     </span>
    </p>
   </div>
   <div class='ocr_carea' id='block_1_91' title="bbox 2259 4417 3797 4500">
    <p class='ocr_par' dir='ltr' id='par_1_91' title="bbox 2259 4417 3797 4500">
     <span class='ocr_line' id='line_1_91' title="bbox 2259 4417 3797 4500; baseline 0.014 -29"><span class='ocrx_word' id='word_1_649' title='bbox 2259 4417 2357 4490; x_wconf 81' lang='grc' dir='ltr'>τὴν</span> <span class='ocrx_word' id='word_1_650' title='bbox 2390 4421 2630 4492; x_wconf 85' lang='grc' dir='ltr'>ἱστορίαν</span> <span class='ocrx_word' id='word_1_651' title='bbox 2654 4422 2724 4478; x_wconf 84' lang='grc' dir='ltr'>τὰ</span> <span class='ocrx_word' id='word_1_652' title='bbox 2756 4425 3121 4497; x_wconf 62' lang='grc' dir='ltr'>πρώεχθέντα</span> <span class='ocrx_word' id='word_1_653' title='bbox 3152 4428 3373 4500; x_wconf 75' lang='grc' dir='ltr'>συνέϐη.</span> <span class='ocrx_word' id='word_1_654' title='bbox 3409 4428 3526 4483; x_wconf 86' lang='grc' dir='ltr'>Ἵνα</span> <span class='ocrx_word' id='word_1_655' title='bbox 3559 4424 3660 4496; x_wconf 81' lang='grc' dir='ltr'>γὰρ</span> <span class='ocrx_word' id='word_1_656' title='bbox 3692 4434 3797 4491; x_wconf 66' lang='grc' dir='ltr'><strong>μεῖν’</strong></span> 
     </span>
    </p>
   </div>
   <div class='ocr_carea' id='block_1_92' title="bbox 570 4498 2153 4591">
    <p class='ocr_par' dir='ltr' id='par_1_92' title="bbox 570 4498 2153 4570">
     <span class='ocr_line' id='line_1_92' title="bbox 570 4498 2153 4570; baseline 0 -16"><span class='ocrx_word' id='word_1_657' title='bbox 570 4498 736 4554; x_wconf 88' lang='lat' dir='ltr'><strong>etiam</strong></span> <span class='ocrx_word' id='word_1_658' title='bbox 802 4498 873 4554; x_wconf 87' lang='lat' dir='ltr'><strong>de</strong></span> <span class='ocrx_word' id='word_1_659' title='bbox 943 4499 1084 4554; x_wconf 74' lang='lat' dir='ltr'><strong>cmlo</strong></span> <span class='ocrx_word' id='word_1_660' title='bbox 1139 4499 1593 4570; x_wconf 73' lang='lat' dir='ltr'><strong>correptionibus</strong></span> <span class='ocrx_word' id='word_1_661' title='bbox 1647 4500 1987 4558; x_wconf 77' lang='lat' dir='ltr'><strong>feriebantur</strong></span> <span class='ocrx_word' id='word_1_662' title='bbox 2020 4514 2153 4569; x_wconf 85' lang='lat' dir='ltr'><strong>:per</strong></span> 
     </span>
    </p>
   </div>
   <div class='ocr_carea' id='block_1_93' title="bbox 2258 4498 3797 4591">
    <p class='ocr_par' dir='ltr' id='par_1_93' title="bbox 2261 4498 3797 4591">
     <span class='ocr_line' id='line_1_93' title="bbox 2261 4498 3797 4591; baseline 0 -28"><span class='ocrx_word' id='word_1_663' title='bbox 2261 4509 2497 4567; x_wconf 84' lang='grc' dir='ltr'>θάνωσιν</span> <span class='ocrx_word' id='word_1_664' title='bbox 2516 4515 2781 4587; x_wconf 75' lang='grc' dir='ltr'>ἀκριϐῶς,</span> <span class='ocrx_word' id='word_1_665' title='bbox 2807 4518 2884 4583; x_wconf 84' lang='grc' dir='ltr'>ὠς</span> <span class='ocrx_word' id='word_1_666' title='bbox 2911 4520 3008 4590; x_wconf 86' lang='grc' dir='ltr'>τῆς</span> <span class='ocrx_word' id='word_1_667' title='bbox 3034 4498 3383 4591; x_wconf 82' lang='grc' dir='ltr'>παρανομίας</span> <span class='ocrx_word' id='word_1_668' title='bbox 3406 4519 3500 4574; x_wconf 78' lang='grc' dir='ltr'><strong>καὶ</strong></span> <span class='ocrx_word' id='word_1_669' title='bbox 3523 4510 3797 4572; x_wconf 77' lang='grc' dir='ltr'>δυσσεδείας</span> 
     </span>
    </p>
   </div>
   <div class='ocr_carea' id='block_1_94' title="bbox 573 4588 2156 4663">
    <p class='ocr_par' dir='ltr' id='par_1_94' title="bbox 573 4588 2156 4663">
     <span class='ocr_line' id='line_1_94' title="bbox 573 4588 2156 4663; baseline 0.003 -20"><span class='ocrx_word' id='word_1_670' title='bbox 573 4588 691 4644; x_wconf 66' lang='lat' dir='ltr'><strong>haec</strong></span> <span class='ocrx_word' id='word_1_671' title='bbox 710 4590 912 4657; x_wconf 88' lang='lat' dir='ltr'><strong>edocti,</strong></span> <span class='ocrx_word' id='word_1_672' title='bbox 943 4592 1089 4660; x_wconf 83' lang='lat' dir='ltr'><strong>quod</strong></span> <span class='ocrx_word' id='word_1_673' title='bbox 1131 4590 1295 4653; x_wconf 87' lang='lat' dir='ltr'><strong>Deus,</strong></span> <span class='ocrx_word' id='word_1_674' title='bbox 1347 4608 1509 4663; x_wconf 86' lang='lat' dir='ltr'><strong>quem</strong></span> <span class='ocrx_word' id='word_1_675' title='bbox 1552 4594 1657 4663; x_wconf 90' lang='lat' dir='ltr'><strong>ipsi</strong></span> <span class='ocrx_word' id='word_1_676' title='bbox 1705 4591 2156 4656; x_wconf 69' lang='lat' dir='ltr'><strong>contemnebant.</strong></span> 
     </span>
    </p>
   </div>
   <div class='ocr_carea' id='block_1_95' title="bbox 574 4681 2161 4753">
    <p class='ocr_par' dir='ltr' id='par_1_95' title="bbox 574 4681 2161 4753">
     <span class='ocr_line' id='line_1_95' title="bbox 574 4681 2161 4753; baseline 0.001 -19"><span class='ocrx_word' id='word_1_677' title='bbox 574 4681 827 4750; x_wconf 88' lang='lat' dir='ltr'><strong>utr-isque</strong></span> <span class='ocrx_word' id='word_1_678' title='bbox 889 4682 1014 4737; x_wconf 89' lang='lat' dir='ltr'><strong>illos</strong></span> <span class='ocrx_word' id='word_1_679' title='bbox 1046 4683 1329 4753; x_wconf 88' lang='lat' dir='ltr'><strong>suppliciis</strong></span> <span class='ocrx_word' id='word_1_680' title='bbox 1365 4684 1684 4739; x_wconf 82' lang='lat' dir='ltr'><strong>ulciscatur.</strong></span> <span class='ocrx_word' id='word_1_681' title='bbox 1714 4685 1986 4740; x_wconf 67' lang='lat' dir='ltr'><strong>Caeterum</strong></span> <span class='ocrx_word' id='word_1_682' title='bbox 2011 4690 2161 4752; x_wconf 81' lang='lat' dir='ltr'><strong>post-</strong></span> 
     </span>
    </p>
   </div>
   <div class='ocr_carea' id='block_1_96' title="bbox 570 4770 2157 4845">
    <p class='ocr_par' dir='ltr' id='par_1_96' title="bbox 570 4770 2157 4845">
     <span class='ocr_line' id='line_1_96' title="bbox 570 4770 2157 4845; baseline -0.001 -19"><span class='ocrx_word' id='word_1_683' title='bbox 570 4786 740 4842; x_wconf 81' lang='lat' dir='ltr'><strong>quam</strong></span> <span class='ocrx_word' id='word_1_684' title='bbox 773 4772 955 4826; x_wconf 83' lang='lat' dir='ltr'><strong>tristia</strong></span> <span class='ocrx_word' id='word_1_685' title='bbox 987 4782 1042 4829; x_wconf 90' lang='lat' dir='ltr'><strong>et</strong></span> <span class='ocrx_word' id='word_1_686' title='bbox 1087 4775 1222 4830; x_wconf 84' lang='lat' dir='ltr'><strong>dura</strong></span> <span class='ocrx_word' id='word_1_687' title='bbox 1271 4776 1543 4845; x_wconf 66' lang='lat' dir='ltr'><strong>praedixit,</strong></span> <span class='ocrx_word' id='word_1_688' title='bbox 1591 4776 2025 4833; x_wconf 66' lang='lat' dir='ltr'><strong>consolationem</strong></span> <span class='ocrx_word' id='word_1_689' title='bbox 2076 4770 2157 4826; x_wconf 83' lang='lat' dir='ltr'><strong>af-</strong></span> 
     </span>
    </p>
   </div>
   <div class='ocr_carea' id='block_1_97' title="bbox 572 4858 1100 4920">
    <p class='ocr_par' dir='ltr' id='par_1_97' title="bbox 572 4858 1100 4920">
     <span class='ocr_line' id='line_1_97' title="bbox 572 4858 1100 4920; baseline 0.002 -3"><span class='ocrx_word' id='word_1_690' title='bbox 572 4858 681 4918; x_wconf 70' lang='lat' dir='ltr'><strong>t‘ert</strong></span> <span class='ocrx_word' id='word_1_691' title='bbox 706 4873 761 4919; x_wconf 88' lang='lat' dir='ltr'><strong>et</strong></span> <span class='ocrx_word' id='word_1_692' title='bbox 786 4863 1100 4920; x_wconf 88' lang='lat' dir='ltr'><strong>consilium.</strong></span> 
     </span>
    </p>
   </div>
   <div class='ocr_carea' id='block_1_98' title="bbox 2263 4602 3795 4674">
    <p class='ocr_par' dir='ltr' id='par_1_98' title="bbox 2263 4602 3795 4674">
     <span class='ocr_line' id='line_1_98' title="bbox 2263 4602 3795 4674; baseline -0.014 4"><span class='ocrx_word' id='word_1_693' title='bbox 2263 4602 2458 4673; x_wconf 66' lang='grc' dir='ltr'><strong>πανὴν</strong></span> <span class='ocrx_word' id='word_1_694' title='bbox 2510 4604 2746 4671; x_wconf 68' lang='grc' dir='ltr'>τίνοντες</span> <span class='ocrx_word' id='word_1_695' title='bbox 2769 4609 2814 4641; x_wconf 88' lang='grc'><strong>³³</strong></span> <span class='ocrx_word' id='word_1_696' title='bbox 2863 4612 2976 4674; x_wconf 82' lang='grc' dir='ltr'>τοῖς</span> <span class='ocrx_word' id='word_1_697' title='bbox 3022 4609 3271 4665; x_wconf 83' lang='grc' dir='ltr'>ἐπιοῦσιν</span> <span class='ocrx_word' id='word_1_698' title='bbox 3316 4611 3499 4674; x_wconf 79' lang='grc' dir='ltr'>αὐτοῖς</span> <span class='ocrx_word' id='word_1_699' title='bbox 3547 4604 3795 4662; x_wconf 78' lang='grc' dir='ltr'>ἐκδίδονται</span> 
     </span>
    </p>
   </div>
   <div class='ocr_carea' id='block_1_99' title="bbox 2266 4692 3797 4774">
    <p class='ocr_par' dir='ltr' id='par_1_99' title="bbox 2266 4692 3797 4774">
     <span class='ocr_line' id='line_1_99' title="bbox 2266 4692 3797 4774; baseline -0.008 -10"><span class='ocrx_word' id='word_1_700' title='bbox 2266 4692 2567 4764; x_wconf 74' lang='grc' dir='ltr'>πολεμίοις,</span> <span class='ocrx_word' id='word_1_701' title='bbox 2589 4699 2813 4765; x_wconf 88' lang='grc' dir='ltr'>εἰκότως</span> <span class='ocrx_word' id='word_1_702' title='bbox 2838 4702 2931 4755; x_wconf 78' lang='grc' dir='ltr'>καὶ</span> <span class='ocrx_word' id='word_1_703' title='bbox 2953 4705 3076 4767; x_wconf 85' lang='grc' dir='ltr'>ταῖς</span> <span class='ocrx_word' id='word_1_704' title='bbox 3101 4703 3394 4774; x_wconf 82' lang='grc' dir='ltr'>οὐρανόθεν</span> <span class='ocrx_word' id='word_1_705' title='bbox 3416 4695 3797 4771; x_wconf 65' lang='grc' dir='ltr'>ἐπιφερομένας</span> 
     </span>
    </p>
   </div>
   <div class='ocr_carea' id='block_1_100' title="bbox 2265 4780 3796 4863">
    <p class='ocr_par' dir='ltr' id='par_1_100' title="bbox 2265 4780 3796 4863">
     <span class='ocr_line' id='line_1_100' title="bbox 2265 4780 3796 4863; baseline -0.005 -11"><span class='ocrx_word' id='word_1_706' title='bbox 2265 4781 2541 4849; x_wconf 72' lang='grc' dir='ltr'>παιδείαις</span> <span class='ocrx_word' id='word_1_707' title='bbox 2561 4788 2873 4860; x_wconf 66' lang='grc' dir='ltr'>ἐϐάλλοντο,</span> <span class='ocrx_word' id='word_1_708' title='bbox 2904 4792 3286 4863; x_wconf 75' lang='grc' dir='ltr'>διδασκόμενοι</span> <span class='ocrx_word' id='word_1_709' title='bbox 3328 4793 3417 4848; x_wconf 84' lang='grc' dir='ltr'>διὰ</span> <span class='ocrx_word' id='word_1_710' title='bbox 3448 4792 3663 4856; x_wconf 84' lang='grc' dir='ltr'>τούτων,</span> <span class='ocrx_word' id='word_1_711' title='bbox 3688 4783 3750 4846; x_wconf 80' lang='grc' dir='ltr'><strong>ὡς</strong></span> <span class='ocrx_word' id='word_1_712' title='bbox 3774 4780 3796 4832; x_wconf 73' lang='grc' dir='ltr'><strong><em>δ</em></strong></span> 
     </span>
    </p>
   </div>
   <div class='ocr_carea' id='block_1_101' title="bbox 2258 4871 3793 4955">
    <p class='ocr_par' dir='ltr' id='par_1_101' title="bbox 2258 4871 3793 4955">
     <span class='ocr_line' id='line_1_101' title="bbox 2258 4871 3793 4955; baseline -0.008 -12"><span class='ocrx_word' id='word_1_713' title='bbox 2258 4871 2386 4942; x_wconf 78' lang='grc' dir='ltr'><strong>παρ’</strong></span> <span class='ocrx_word' id='word_1_714' title='bbox 2415 4875 2595 4931; x_wconf 76' lang='grc' dir='ltr'>αὐτῶν</span> <span class='ocrx_word' id='word_1_715' title='bbox 2637 4882 3009 4955; x_wconf 70' lang='grc' dir='ltr'>ἀμελούμενος</span> <span class='ocrx_word' id='word_1_716' title='bbox 3046 4884 3199 4952; x_wconf 74' lang='grc' dir='ltr'>θιδς,</span> <span class='ocrx_word' id='word_1_717' title='bbox 3239 4887 3334 4941; x_wconf 81' lang='grc' dir='ltr'><strong>και</strong></span> <span class='ocrx_word' id='word_1_718' title='bbox 3389 4883 3595 4946; x_wconf 79' lang='grc' dir='ltr'>τούτοις</span> <span class='ocrx_word' id='word_1_719' title='bbox 3629 4872 3793 4932; x_wconf 74' lang='grc' dir='ltr'>αὐτοὺς</span> 
     </span>
    </p>
   </div>
   <div class='ocr_carea' id='block_1_102' title="bbox 571 4960 3576 5052">
    <p class='ocr_par' dir='ltr' id='par_1_102' title="bbox 571 4960 3576 5052">
     <span class='ocr_line' id='line_1_102' title="bbox 571 4960 3576 5052; baseline 0.006 -40"><span class='ocrx_word' id='word_1_720' title='bbox 571 4962 918 5052; x_wconf 72' lang='grc' dir='ltr'>τιμωρεῖται,</span> <span class='ocrx_word' id='word_1_721' title='bbox 966 4962 1260 5052; x_wconf 76' lang='grc' dir='ltr'>κάκείνοις.</span> <span class='ocrx_word' id='word_1_722' title='bbox 1301 4963 1655 5035; x_wconf 84' lang='grc' dir='ltr'>Προειρηκὼς</span> <span class='ocrx_word' id='word_1_723' title='bbox 1718 4965 1899 5020; x_wconf 89' lang='grc' dir='ltr'>τοίνυν</span> <span class='ocrx_word' id='word_1_724' title='bbox 1949 4966 2019 5022; x_wconf 87' lang='grc' dir='ltr'><strong>τά</strong></span> <span class='ocrx_word' id='word_1_725' title='bbox 2063 4960 2387 5036; x_wconf 73' lang='grc' dir='ltr'>σκυθρωπὰ,</span> <span class='ocrx_word' id='word_1_726' title='bbox 2442 4975 2763 5045; x_wconf 86' lang='grc' dir='ltr'>παραίνεσιν</span> <span class='ocrx_word' id='word_1_727' title='bbox 2813 4980 3058 5052; x_wconf 78' lang='grc' dir='ltr'>είσφέρει</span> <span class='ocrx_word' id='word_1_728' title='bbox 3107 4981 3206 5036; x_wconf 73' lang='grc' dir='ltr'>καὶ</span> <span class='ocrx_word' id='word_1_729' title='bbox 3258 4978 3576 5052; x_wconf 62' lang='grc' dir='ltr'>συμϐουλήιι</span> 
     </span>
    </p>
   </div>
   <div class='ocr_carea' id='block_1_103' title="bbox 647 5046 2159 5123">
    <p class='ocr_par' dir='ltr' id='par_1_103' title="bbox 647 5046 2159 5123">
     <span class='ocr_line' id='line_1_103' title="bbox 647 5046 2159 5123; baseline 0.011 -21"><span class='ocrx_word' id='word_1_730' title='bbox 647 5046 813 5105; x_wconf 78' lang='lat' dir='ltr'><strong>Vens.</strong></span> <span class='ocrx_word' id='word_1_731' title='bbox 844 5049 899 5105; x_wconf 89' lang='lat'><strong>5.</strong></span> <span class='ocrx_word' id='word_1_732' title='bbox 936 5069 956 5103; x_wconf 79' lang='grc' dir='ltr'><strong>ι</strong></span> <span class='ocrx_word' id='word_1_733' title='bbox 983 5050 1272 5123; x_wconf 73' lang='lat' dir='ltr'><strong>Evigila&#39;te,</strong></span> <span class='ocrx_word' id='word_1_734' title='bbox 1302 5055 1396 5123; x_wconf 87' lang='lat' dir='ltr'><strong>qui</strong></span> <span class='ocrx_word' id='word_1_735' title='bbox 1437 5055 1577 5110; x_wconf 88' lang='lat' dir='ltr'><strong>ebrii</strong></span> <span class='ocrx_word' id='word_1_736' title='bbox 1615 5055 1751 5111; x_wconf 83' lang='lat' dir='ltr'><strong>estis</strong></span> <span class='ocrx_word' id='word_1_737' title='bbox 1794 5072 1861 5113; x_wconf 78' lang='lat' dir='ltr'><strong>ex</strong></span> <span class='ocrx_word' id='word_1_738' title='bbox 1896 5057 2025 5114; x_wconf 76' lang='lat' dir='ltr'><strong>vino</strong></span> <span class='ocrx_word' id='word_1_739' title='bbox 2062 5077 2159 5117; x_wconf 84' lang='lat' dir='ltr'><strong>eo-</strong></span> 
     </span>
    </p>
   </div>
   <div class='ocr_carea' id='block_1_104' title="bbox 2337 5055 3793 5141">
    <p class='ocr_par' dir='ltr' id='par_1_104' title="bbox 2337 5055 3793 5141">
     <span class='ocr_line' id='line_1_104' title="bbox 2337 5055 3793 5141; baseline 0.014 -26"><span class='ocrx_word' id='word_1_740' title='bbox 2337 5068 2401 5117; x_wconf 78' lang='lat' dir='ltr'><strong>e&#39;.</strong></span> <span class='ocrx_word' id='word_1_741' title='bbox 2435 5082 2456 5117; x_wconf 77' lang='grc' dir='ltr'><strong>ι</strong></span> <span class='ocrx_word' id='word_1_742' title='bbox 2517 5065 2850 5139; x_wconf 80' lang='grc' dir='ltr'>Ἐκνήψατε,</span> <span class='ocrx_word' id='word_1_743' title='bbox 2891 5071 2941 5124; x_wconf 86' lang='grc' dir='ltr'>οἰ</span> <span class='ocrx_word' id='word_1_744' title='bbox 2965 5070 3278 5141; x_wconf 83' lang='grc' dir='ltr'>μεθύοντες,</span> <span class='ocrx_word' id='word_1_745' title='bbox 3330 5070 3395 5136; x_wconf 69' lang='grc' dir='ltr'>ἐξ</span> <span class='ocrx_word' id='word_1_746' title='bbox 3440 5070 3577 5124; x_wconf 63' lang='lat' dir='ltr'><strong>olm</strong></span> <span class='ocrx_word' id='word_1_747' title='bbox 3616 5055 3793 5141; x_wconf 52' lang='grc' dir='ltr'><strong>αὖτῶἶν</strong></span> 
     </span>
    </p>
   </div>
   <div class='ocr_carea' id='block_1_105' title="bbox 576 5139 2153 5234">
    <p class='ocr_par' dir='ltr' id='par_1_105' title="bbox 576 5141 2153 5216">
     <span class='ocr_line' id='line_1_105' title="bbox 576 5141 2153 5216; baseline 0.013 -26"><span class='ocrx_word' id='word_1_748' title='bbox 576 5151 722 5202; x_wconf 83' lang='lat' dir='ltr'><strong>rum,</strong></span> <span class='ocrx_word' id='word_1_749' title='bbox 754 5146 813 5193; x_wconf 89' lang='lat' dir='ltr'><strong>et</strong></span> <span class='ocrx_word' id='word_1_750' title='bbox 843 5141 1052 5210; x_wconf 82' lang='lat' dir='ltr'><strong>plorate</strong></span> <span class='ocrx_word' id='word_1_751' title='bbox 1084 5154 1177 5208; x_wconf 87' lang='lat' dir='ltr'><strong>;et</strong></span> <span class='ocrx_word' id='word_1_752' title='bbox 1214 5144 1475 5216; x_wconf 87' lang='lat' dir='ltr'><strong>plangite,</strong></span> <span class='ocrx_word' id='word_1_753' title='bbox 1507 5160 1699 5203; x_wconf 83' lang='lat' dir='ltr'><strong>omnes</strong></span> <span class='ocrx_word' id='word_1_754' title='bbox 1737 5148 1830 5216; x_wconf 89' lang='lat' dir='ltr'><strong>qui</strong></span> <span class='ocrx_word' id='word_1_755' title='bbox 1865 5150 2052 5208; x_wconf 86' lang='lat' dir='ltr'><strong>bibitis</strong></span> <span class='ocrx_word' id='word_1_756' title='bbox 2080 5153 2153 5210; x_wconf 78' lang='lat' dir='ltr'><strong>vi-</strong></span> 
     </span>
    </p>
   </div>
   <div class='ocr_carea' id='block_1_106' title="bbox 2258 5139 3795 5234">
    <p class='ocr_par' dir='ltr' id='par_1_106' title="bbox 2267 5139 3795 5234">
     <span class='ocr_line' id='line_1_106' title="bbox 2267 5139 3795 5234; baseline 0.002 -24"><span class='ocrx_word' id='word_1_757' title='bbox 2267 5156 2365 5211; x_wconf 75' lang='grc' dir='ltr'><strong>καὶ</strong></span> <span class='ocrx_word' id='word_1_758' title='bbox 2390 5155 2666 5213; x_wconf 84' lang='grc' dir='ltr'>κλαύσατε</span> <span class='ocrx_word' id='word_1_759' title='bbox 2687 5160 2764 5195; x_wconf 66' lang='grc'><strong>³⁸·</strong></span> <span class='ocrx_word' id='word_1_760' title='bbox 2801 5139 3141 5234; x_wconf 69' lang='grc' dir='ltr'>θρηνησατε,</span> <span class='ocrx_word' id='word_1_761' title='bbox 3176 5162 3379 5226; x_wconf 79' lang='grc' dir='ltr'>πάντες</span> <span class='ocrx_word' id='word_1_762' title='bbox 3407 5162 3456 5215; x_wconf 80' lang='grc' dir='ltr'>οἰ</span> <span class='ocrx_word' id='word_1_763' title='bbox 3488 5157 3713 5213; x_wconf 62' lang='grc' dir='ltr'>πίνοντας</span> <span class='ocrx_word' id='word_1_764' title='bbox 3734 5139 3795 5199; x_wconf 67' lang='grc' dir='ltr'><strong>οἷ’</strong></span> 
     </span>
    </p>
   </div>
   <div class='ocr_carea' id='block_1_107' title="bbox 577 5231 2160 5314">
    <p class='ocr_par' dir='ltr' id='par_1_107' title="bbox 577 5231 2160 5314">
     <span class='ocr_line' id='line_1_107' title="bbox 577 5231 2160 5314; baseline 0.012 -33"><span class='ocrx_word' id='word_1_765' title='bbox 577 5242 709 5283; x_wconf 86' lang='lat' dir='ltr'><strong>num</strong></span> <span class='ocrx_word' id='word_1_766' title='bbox 732 5231 798 5285; x_wconf 90' lang='lat' dir='ltr'><strong>ad</strong></span> <span class='ocrx_word' id='word_1_767' title='bbox 821 5232 1194 5290; x_wconf 58' lang='lat' dir='ltr'><strong>ebrietatem.»</strong></span> <span class='ocrx_word' id='word_1_768' title='bbox 1213 5236 1548 5304; x_wconf 84' lang='lat' dir='ltr'><strong>Convertite,</strong></span> <span class='ocrx_word' id='word_1_769' title='bbox 1569 5238 1770 5309; x_wconf 87' lang='lat' dir='ltr'><strong>inquit,</strong></span> <span class='ocrx_word' id='word_1_770' title='bbox 1794 5239 2160 5314; x_wconf 85' lang='lat' dir='ltr'><strong>intemperan-</strong></span> 
     </span>
    </p>
   </div>
   <div class='ocr_carea' id='block_1_108' title="bbox 580 5319 2156 5397">
    <p class='ocr_par' dir='ltr' id='par_1_108' title="bbox 580 5319 2156 5397">
     <span class='ocr_line' id='line_1_108' title="bbox 580 5319 2156 5397; baseline 0.013 -25"><span class='ocrx_word' id='word_1_771' title='bbox 580 5319 710 5373; x_wconf 86' lang='lat' dir='ltr'><strong>tiam</strong></span> <span class='ocrx_word' id='word_1_772' title='bbox 743 5322 1186 5396; x_wconf 83' lang='lat' dir='ltr'><strong>voluptatemque</strong></span> <span class='ocrx_word' id='word_1_773' title='bbox 1215 5327 1652 5397; x_wconf 82' lang='lat' dir='ltr'><strong>immoderatam,</strong></span> <span class='ocrx_word' id='word_1_774' title='bbox 1677 5331 1733 5386; x_wconf 88' lang='lat' dir='ltr'><strong>in</strong></span> <span class='ocrx_word' id='word_1_775' title='bbox 1764 5332 2156 5392; x_wconf 80' lang='lat' dir='ltr'><strong>lamenta.Non</strong></span> 
     </span>
    </p>
   </div>
   <div class='ocr_carea' id='block_1_109' title="bbox 656 5494 2054 5579">
    <p class='ocr_par' dir='ltr' id='par_1_109' title="bbox 656 5494 2054 5579">
     <span class='ocr_line' id='line_1_109' title="bbox 656 5494 2054 5579; baseline 0.013 -28"><span class='ocrx_word' id='word_1_776' title='bbox 656 5495 679 5534; x_wconf 72' lang='grc' dir='ltr'><strong>ί</strong></span> <span class='ocrx_word' id='word_1_777' title='bbox 702 5494 849 5553; x_wconf 85' lang='lat' dir='ltr'><strong>Psal.</strong></span> <span class='ocrx_word' id='word_1_778' title='bbox 881 5513 1087 5569; x_wconf 69' lang='grc' dir='ltr'>ωιτη,</span> <span class='ocrx_word' id='word_1_779' title='bbox 1123 5500 1177 5557; x_wconf 91' lang='lat'><strong>6.</strong></span> <span class='ocrx_word' id='word_1_780' title='bbox 1258 5503 1283 5543; x_wconf 73' lang='grc'><strong><em>⁸</em></strong></span> <span class='ocrx_word' id='word_1_781' title='bbox 1319 5505 1453 5562; x_wconf 91' lang='lat' dir='ltr'><strong>ibid.</strong></span> <span class='ocrx_word' id='word_1_782' title='bbox 1491 5509 1544 5562; x_wconf 90' lang='lat'><strong>7.</strong></span> <span class='ocrx_word' id='word_1_783' title='bbox 1638 5508 1667 5547; x_wconf 75' lang='grc' dir='ltr'>Ιι</span> <span class='ocrx_word' id='word_1_784' title='bbox 1702 5509 1872 5567; x_wconf 80' lang='lat' dir='ltr'><strong>Amos</strong></span> <span class='ocrx_word' id='word_1_785' title='bbox 1894 5529 1969 5579; x_wconf 85' lang='lat' dir='ltr'><strong>iv,</strong></span> <span class='ocrx_word' id='word_1_786' title='bbox 1999 5513 2054 5568; x_wconf 86' lang='lat'><strong>7.</strong></span> 
     </span>
    </p>
   </div>
   <div class='ocr_carea' id='block_1_110' title="bbox 2265 5236 3795 5325">
    <p class='ocr_par' dir='ltr' id='par_1_110' title="bbox 2265 5236 3795 5325">
     <span class='ocr_line' id='line_1_110' title="bbox 2265 5236 3795 5325; baseline 0.015 -21"><span class='ocrx_word' id='word_1_787' title='bbox 2265 5266 2356 5306; x_wconf 89' lang='grc' dir='ltr'><strong>νον</strong></span> <span class='ocrx_word' id='word_1_788' title='bbox 2384 5252 2467 5315; x_wconf 83' lang='grc' dir='ltr'><strong>είς</strong></span> <span class='ocrx_word' id='word_1_789' title='bbox 2520 5252 2714 5325; x_wconf 69' lang='grc' dir='ltr'>μέθην.</span> <span class='ocrx_word' id='word_1_790' title='bbox 2749 5270 2771 5308; x_wconf 80' lang='grc' dir='ltr'><strong>ι</strong></span> <span class='ocrx_word' id='word_1_791' title='bbox 2806 5254 3181 5318; x_wconf 75' lang='grc' dir='ltr'>Μεταϐἀλετε,</span> <span class='ocrx_word' id='word_1_792' title='bbox 3213 5253 3350 5325; x_wconf 73' lang='grc' dir='ltr'>φησὶ</span> <span class='ocrx_word' id='word_1_793' title='bbox 3405 5252 3505 5322; x_wconf 72' lang='grc' dir='ltr'><strong>τὴν</strong></span> <span class='ocrx_word' id='word_1_794' title='bbox 3541 5236 3795 5325; x_wconf 40' lang='grc' dir='ltr'><strong>ἀκρασίᾳ*</strong></span> 
     </span>
    </p>
   </div>
   <div class='ocr_carea' id='block_1_111' title="bbox 2264 5324 3793 5418">
    <p class='ocr_par' dir='ltr' id='par_1_111' title="bbox 2264 5324 3793 5418">
     <span class='ocr_line' id='line_1_111' title="bbox 2264 5324 3793 5418; baseline -0.005 -19"><span class='ocrx_word' id='word_1_795' title='bbox 2264 5343 2360 5399; x_wconf 79' lang='grc' dir='ltr'>καὶ</span> <span class='ocrx_word' id='word_1_796' title='bbox 2386 5343 2490 5415; x_wconf 78' lang='grc' dir='ltr'>τὴν</span> <span class='ocrx_word' id='word_1_797' title='bbox 2516 5346 2617 5415; x_wconf 80' lang='grc' dir='ltr'><strong>τῆς</strong></span> <span class='ocrx_word' id='word_1_798' title='bbox 2642 5344 2830 5417; x_wconf 80' lang='grc' dir='ltr'>χλιδῆς</span> <span class='ocrx_word' id='word_1_799' title='bbox 2855 5345 3146 5418; x_wconf 81' lang='grc' dir='ltr'>ἀμετρίαν,</span> <span class='ocrx_word' id='word_1_800' title='bbox 3169 5344 3252 5411; x_wconf 83' lang='grc' dir='ltr'><strong>είς</strong></span> <span class='ocrx_word' id='word_1_801' title='bbox 3278 5324 3602 5416; x_wconf 80' lang='grc' dir='ltr'>θρηνῳδίαν·</span> <span class='ocrx_word' id='word_1_802' title='bbox 3623 5332 3680 5388; x_wconf 77' lang='grc' dir='ltr'><strong>οὗ</strong></span> <span class='ocrx_word' id='word_1_803' title='bbox 3704 5324 3793 5396; x_wconf 65' lang='grc' dir='ltr'><strong>τὰρ</strong></span> 
     </span>
    </p>
   </div>
   <div class='ocr_carea' id='block_1_112' title="bbox 1892 5667 2567 5729">
    <p class='ocr_par' dir='ltr' id='par_1_112' title="bbox 1892 5667 2567 5729">
     <span class='ocr_line' id='line_1_112' title="bbox 1892 5667 2567 5729; baseline 0.006 -6"><span class='ocrx_word' id='word_1_804' title='bbox 1892 5667 2121 5725; x_wconf 67' lang='lat' dir='ltr'><strong>VARIE</strong></span> <span class='ocrx_word' id='word_1_805' title='bbox 2156 5668 2567 5729; x_wconf 80' lang='lat' dir='ltr'><strong>LECTIONES.</strong></span> 
     </span>
    </p>
   </div>
   <div class='ocr_carea' id='block_1_113' title="bbox 658 5762 1776 5837">
    <p class='ocr_par' dir='ltr' id='par_1_113' title="bbox 658 5762 1776 5837">
     <span class='ocr_line' id='line_1_113' title="bbox 658 5762 1776 5837; baseline 0.012 -20"><span class='ocrx_word' id='word_1_806' title='bbox 658 5762 705 5794; x_wconf 83' lang='grc'><strong>³⁸</strong></span> <span class='ocrx_word' id='word_1_807' title='bbox 730 5781 783 5819; x_wconf 89' lang='grc' dir='ltr'><strong>τ.</strong></span> <span class='ocrx_word' id='word_1_808' title='bbox 813 5767 903 5820; x_wconf 83' lang='grc' dir='ltr'><strong>ἐπ.</strong></span> <span class='ocrx_word' id='word_1_809' title='bbox 921 5767 1045 5823; x_wconf 87' lang='lat' dir='ltr'><strong>Des.</strong></span> <span class='ocrx_word' id='word_1_810' title='bbox 1076 5769 1130 5822; x_wconf 90' lang='lat' dir='ltr'><strong>in</strong></span> <span class='ocrx_word' id='word_1_811' title='bbox 1158 5766 1221 5821; x_wconf 85' lang='lat' dir='ltr'><strong>C.</strong></span> <span class='ocrx_word' id='word_1_812' title='bbox 1321 5770 1367 5802; x_wconf 84' lang='grc'><strong>⁸³</strong></span> <span class='ocrx_word' id='word_1_813' title='bbox 1393 5770 1434 5824; x_wconf 88' lang='lat' dir='ltr'>C</span> <span class='ocrx_word' id='word_1_814' title='bbox 1455 5772 1776 5837; x_wconf 87' lang='grc' dir='ltr'>τιννύοντες.</span> 
     </span>
    </p>
   </div>
   <div class='ocr_carea' id='block_1_114' title="bbox 1883 5778 2510 5851">
    <p class='ocr_par' dir='ltr' id='par_1_114' title="bbox 1883 5778 2510 5851">
     <span class='ocr_line' id='line_1_114' title="bbox 1883 5778 2510 5851; baseline 0.003 -18"><span class='ocrx_word' id='word_1_815' title='bbox 1883 5778 1927 5810; x_wconf 64' lang='grc'><strong>⁸⁵</strong></span> <span class='ocrx_word' id='word_1_816' title='bbox 1948 5779 2041 5851; x_wconf 88' lang='lat' dir='ltr'><strong>_|d.</strong></span> <span class='ocrx_word' id='word_1_817' title='bbox 2065 5780 2355 5847; x_wconf 82' lang='grc' dir='ltr'>κλαύσατε,</span> <span class='ocrx_word' id='word_1_818' title='bbox 2391 5781 2510 5835; x_wconf 88' lang='grc' dir='ltr'>καί.</span> 
     </span>
    </p>
   </div>
  </div>
