4088 6418
330 342 465 409 1637

1605 326 1688 388 1N
1735 315 1991 390 J'oELIs
2028 328 2186 387 CAP.
2222 329 2269 388 1.

3451 327 3590 395 1638

324 452 388 506 τὸ
412 449 592 506 πίνειν
625 444 787 515 οἴνον,
816 447 1005 512 κακὸν,
1044 444 1180 499 ἀλλὰ
1201 443 1263 497 τὸ
1293 441 1548 513 ἀμέτρως
1583 439 1759 492 πίνειν
1785 440 1905 490 ἑπι-

2030 435 2154 489 ιηίτη
2189 435 2375 490 bibere
2408 435 2593 489 vinum
2624 435 2827 489 malum
2867 445 2971 500 est,
3026 435 3123 491 sed
3167 434 3597 507 intemperanter

326 544 547 606 ὕλαϐἐς.
587 542 842 613 Είρηκὼς
905 541 962 594 δὲ
1013 537 1082 603 ἐξ
1131 536 1304 591 οἴνου
1346 533 1562 596 αὐτῶν,
1589 530 1683 585 καὶ
1720 530 1911 599 ἑτέραν

327 635 546 708 ᾐνίξατο
584 634 775 705 μέθην,
796 633 898 704 τὴν
931 628 1166 698 παντελῆ
1194 627 1292 697 τῆς
1317 625 1494 696 ψυχῆς
1528 624 1618 675 ἐπὶ
1641 620 1710 674 τὰ
1745 619 1912 692 χείρω

330 729 526 798 ῥοπὴν,
555 725 649 778 καὶ
678 724 776 796 τὴν
825 720 1144 789 παντοδαπῆ
1190 714 1531 788 παρανομίαν
1558 712 1697 766 οὕτω
1744 727 1913 780 προσ-

330 818 662 889 αγορεύσας.
714 815 989 884 Προσήκει
1022 812 1078 864 δὲ
1132 811 1299 879 ὑμᾶς.
1347 806 1500 876 φησὶ,
1547 804 1765 876 θρηνεῖν
1817 801 1914 854 καὶ

330 907 648 982 ὀδύρεσθαι,
674 906 823 958 ὅτι³⁸
865 902 960 957 τοῦ
1005 902 1101 972 τὴν
1139 898 1476 970 εὐφροσύνην
1530 896 1659 965 ὑμῖν
1714 891 1912 964 προξε-

332 979 552 1061 νοῦντος
614 992 1017 1066 στερηθήσεσθε
1076 989 1277 1059 πάντη.
1344 981 1478 1039 Εἶτα
1525 984 1793 1053 διηγεῖται
1843 979 1913 1033 τὰ

333 1089 475 1143 κατὰ
506 1086 604 1156 τὴν
637 1082 869 1156 ἀκρίδα,
903 1082 1081 1134 είτουν
1126 1078 1218 1130 τὸν
1271 1075 1552 1147 Ἀσσύριον
1584 1089 1596 1100 ·
1628 1071 1916 1141 ἀμφότερα

333 1179 446 1248 γὰρ
502 1177 819 1237 αἰνίττεται,
880 1172 976 1225 καὶ
1026 1170 1194 1236 λέγει,
1247 1185 1265 1218 ι
1321 1165 1470 1229 ἔθνος
1543 1161 1914 1232 ἀναδήσεσθαι

334 1272 431 1324 ἐπὶ
459 1270 557 1339 τὴν
606 1268 711 1337 γῆν
738 1265 922 1329 αὐτοῦ,
961 1262 1196 1335 ἀριθμοῦ
1227 1279 1286 1314 τε
1330 1263 1599 1331 κρεῖττον,
1629 1257 1720 1310 καὶ
1754 1255 1915 1327 ῥώμῃ

335 1362 436 1416 καὶ
482 1360 708 1428 δυνάμει
743 1359 1135 1428 κοσμούμενον.
1175 1373 1193 1405 ι
1231 1343 1362 1418 Γῆν
1391 1352 1447 1404 δὲ
1471 1349 1664 1404 ἀὐτοῦ
1695 1350 1792 1419 τὴν
1818 1348 1913 1401 τοῦ

349 1456 567 1529 Ἰσραὴλ
590 1454 845 1525 ὀνομάζει
878 1453 983 1522 γῆν
1008 1468 1020 1480 ·
1054 1450 1244 1520 ἐπειδὴ
1278 1448 1370 1501 καὶ
1394 1446 1484 1499 τὸν
1522 1443 1761 1512 Ἰσραὴλ
1786 1443 1914 1496 ίδιον

336 1547 596 1619 ὀνομάζει
619 1546 768 1599 λαόν.
815 1564 832 1595 ι
872 1545 936 1597 Οἱ
964 1542 1174 1603 ὀδόντες
1219 1538 1382 1592 αὐτοῦ
1426 1536 1636 1598 ὀδόντες
1682 1534 1913 1599 λέοντος,

339 1641 436 1692 καὶ
458 1639 515 1689 αἱ
568 1636 733 1707 μῦλαι
765 1633 951 1699 αὑτοῦ,
981 1633 1055 1696 ὡς
1082 1630 1322 1700 σκύμνου
1361 1626 1547 1682 αὐτοῦ.
1588 1646 1604 1677 ι
1635 1625 1917 1694 Διαφόρως

337 1728 397 1780 δὲ
428 1727 495 1779 τὰ
518 1725 658 1779 αὐτὰ
681 1725 890 1796 εἴρηκε,
914 1725 1036 1784 ταῖς
1082 1720 1289 1773 πλείοσι
1337 1716 1729 1788 προσηγορίαις
1752 1732 1919 1767 κατα-

2014 526 2208 581 bibere
2255 527 2623 596 perniciosum
2678 539 2780 581 est.
2840 525 2974 580 Cum
3021 536 3202 581 autem
3256 525 3476 593 dixerit,
3533 543 3597 581 ex

2013 617 2132 671 vino
2198 633 2402 683 eorum,
2451 618 2615 671 aliam
2665 618 2831 671 etiam
2889 618 3210 671 ebrietatem
3267 617 3594 688 designavit,

2015 723 2244 778 pronam
2275 710 2531 764 videlicet
2561 708 2730 763 animi
2761 708 2827 763 ad
2858 708 3134 763 deteriora
3165 714 3592 780 propensionem

2016 799 2438 870 universamque
2490 799 2833 869 iniquitatem
2867 799 2947 853 sic
2982 800 3286 869 appellans.
3334 797 3446 854 Vos
3498 816 3597 853 au-
3643 784 3647 788 ’

2016 893 2123 938 tem
2174 886 2414 954 plorare,
2469 886 2565 949 ait,
2596 894 2653 941 ct
2704 886 2991 940 lamentari
3036 888 3315 954 convenit,
3356 889 3484 957 quia
3533 900 3601 941 eo

2020 992 2251 1046 prorsus
2280 977 2655 1046 privabitnini,
2706 979 2852 1046 quod
2898 978 3229 1047 voluptatem
3276 978 3434 1033 vobis
3462 981 3483 1002 θ
3514 980 3601 1032 af-

2017 1066 2245 1121 ferebat.
2296 1067 2373 1141 [6]
2419 1068 2617 1124 Postea
2666 1076 2856 1122 narrat
2905 1084 2969 1124 ea
3016 1085 3138 1140 quae
3188 1068 3255 1122 ad
3307 1069 3598 1135 locustam,

2018 1159 2136 1213 sive
2191 1160 2476 1230 Assyrium
2523 1168 2791 1230 spectant.
2827 1160 3129 1230 Utrumque
3154 1162 3299 1216 enim
3331 1162 3601 1233 designat,

2018 1263 2073 1306 et
2103 1252 2214 1314 ait,
2248 1271 2267 1303 ι
2307 1261 2521 1322 gentem
2553 1267 2906 1307 ascensuram
2953 1250 3020 1304 ad
3053 1259 3254 1304 terram
3286 1251 3481 1321 ipsius,
3516 1252 3603 1305 in-

2017 1343 2411 1396 numerabilem
2453 1383 2468 1408 ,
2510 1342 2724 1398 viribus
2773 1353 2827 1396 et
2876 1343 3116 1410 potentia
3164 1348 3535 1411 praastantem.
3579 1361 3599 1394 ι

2022 1432 2239 1487 Terram
2297 1446 2427 1487 vero
2473 1433 2639 1500 ipsius
2696 1440 2854 1486 vocat
2893 1439 3092 1486 terram
3156 1431 3411 1496 Israelis,
3467 1446 3606 1500 quo-

2018 1524 2165 1579 niam
2221 1521 2478 1577 lsraelem
2536 1536 2755 1592 quoque
2816 1523 3074 1591 populum
3122 1536 3282 1575 suum
3337 1521 3605 1576 nominat.

2025 1631 2044 1664 ι
2102 1611 2298 1667 Dentes
2352 1612 2472 1681 ejus
2524 1611 2723 1674 leonis,
2764 1619 2818 1665 ct
2865 1612 3097 1665 molares
3145 1610 3294 1679 ejus,
3342 1618 3403 1663 ut
3436 1611 3605 1664 catuli

2020 1706 2216 1762 leonis.
2247 1725 2267 1757 ι
2289 1704 2453 1760 Varie
2488 1714 2667 1759 autem
2696 1702 2883 1759 eadem
2916 1703 3076 1767 dixit,
3107 1704 3389 1757 nominum
3420 1704 3611 1757 multi-

340 1815 548 1885 πλῆξαι
600 1790 918 1883 βουλόμενος
942 1827 955 1839 ·
987 1807 1207 1864 λέοντα
1258 1809 1366 1876 γὰρ
1394 1807 1487 1859 καὶ
1512 1806 1790 1874 σκύμνον
1832 1802 1922 1856 τὸν

2030 1801 2220 1855 tudine
2249 1797 2683 1869 perterrefacere
2707 1796 2914 1849 volens.
2951 1792 3172 1847 Leonem
3195 1795 3340 1849 enim
3368 1802 3423 1848 et
3446 1806 3608 1848 catu-

340 1907 517 1961 αὐτδν
551 1905 743 1959 καλεῖ·
779 1906 828 1957 εἰ
858 1903 916 1956 δὲ
936 1903 1028 1956 καὶ
1057 1901 1330 1971 διαφόρως
1353 1916 1437 1961 τις
1467 1897 1638 1950 ἐθέλει
1668 1900 1827 1960 νοεῖν,
1861 1896 1922 1948 οὐ

338 1999 668 2069 λυμανεῖται
695 1999 763 2067 τῇ
792 1995 1029 2066 διανοίᾳ·
1057 1994 1092 2065 ἦ
1114 2010 1173 2045 τε
1198 1992 1307 2062 γὰρ
1331 1989 1491 2059 ἁκρὶς
1524 1988 1636 2058 ἔχει
1672 1987 1770 2049 τὰς
1793 1986 1927 2056 βρα-

340 2093 583 2164 χυτέρας
602 2084 713 2144 οἷόν
746 2105 898 2151 τινας
934 2086 1208 2156 σκύμνους
1233 2081 1527 2148 ἑπομένας,
1551 2079 1645 2132 καὶ
1687 2079 1736 2131 οἱ
1770 2074 1929 2130 πολέ-

347 2203 468 2257 μιοι
496 2183 632 2254 πρὸς
667 2183 781 2243 τοῖς
833 2178 1091 2251 μαχίμοις
1133 2175 1229 2229 καὶ
1257 2171 1592 2248 ἀριστεῦσιν,
1633 2170 1928 2237 ἐπάγονται

341 2276 443 2330 καὶ
492 2275 620 2337 τοὺς
670 2271 891 2324 ἔλαττον
938 2267 1286 2339 δυναμένους.
1319 2266 1596 2335 Διηγείται
1628 2261 1684 2314 δὲ
1732 2261 1825 2314 καὶ
1860 2259 1930 2313 τὰ

343 2367 504 2437 παρὰ
528 2364 734 2417 τούτων
755 2362 1008 2431 ἐσόμενα,
1039 2358 1316 2429 ἀμπέλους
1342 2354 1661 2415 ὑποδεικνὺς
1685 2351 1930 2420 διαφθει-

349 2458 610 2529 ρομένας,
647 2453 741 2508 καὶ
774 2453 841 2507 τὰ
881 2452 1083 2505 τούτων
1116 2450 1368 2518 κλήματα
1405 2442 1931 2512 λευκαινόμενα,καὶ

350 2548 527 2609 συκᾶς
586 2543 970 2615 γυμνουμένας
1024 2542 1122 2610 τῆς
1156 2540 1353 2608 κόμης,
1389 2536 1526 2604 ὅπερ
1575 2533 1732 2586 εἴωθε
1794 2550 1932 2602 συμ-

352 2640 560 2693 σαίνειν
590 2634 1040 2705 ὲπισκηπτούσης
1075 2630 1313 2702 ἀκρίδας.
1361 2626 1470 2681 Καὶ
1493 2627 1574 2678 ὅτι
1610 2625 1708 2694 οὐχ
1734 2624 1809 2686 ὡς
1837 2640 1931 2692 γε-

347 2726 629 2799 γενημένα
658 2724 830 2778 ταῦτα
853 2722 1023 2791 λέγει,
1048 2720 1161 2774 ἀλλ’
1200 2719 1275 2782 ὡς
1315 2718 1569 2787 ἐσόμενα,
1605 2715 1638 2786 ἡ
1669 2713 1932 2799 ἐπαγωγὴ

354 2792 434 2892 μα
441 2792 535 2893 ρτυ
542 2821 639 2892 per.
1771 2792 1783 2805 ’

422 2915 495 2980 η’.
541 2928 559 2960 ι
598 2904 933 2978 Θρηνήσει³⁶
963 2901 1092 2985 γὰρ,
1129 2899 1302 2971 φησὶ,
1334 2898 1467 2969 πρός
1519 2913 1587 2967 με
1630 2897 1771 2967 ὑπὲρ
1799 2893 1937 2985 νύμ-

352 3018 463 3071 φην
486 2993 933 3069 περιεζωσμένην
964 2984 1169 3045 σάκκον
1208 2989 1300 3041 ἐπὶ
1328 2987 1427 3040 τὸν
1447 2986 1617 3055 ἄνδρα
1646 2985 1818 3056 αὐτῆς
1844 2984 1936 3038 τὸν

352 3088 707 3162 παρθενικὸν.
766 3105 785 3138 ι
837 3083 973 3138 Οὐδὲ
1021 3081 1131 3151 γὰρ
1177 3075 1330 3133 εἶπεν
1379 3076 1739 3146 ἐθρήνησεν,
1798 3073 1935 3129 ἀλλὰ

353 3180 664 3250 θρηνήσει,
697 3176 984 3238 διδάσκων,
1012 3173 1086 3234 ὡς
1138 3169 1275 3241 μετὰ
1298 3166 1398 3239 τὴν
1447 3170 1642 3239 πεῖραν
1680 3165 1937 3238 ὀλοφυρό-

358 3289 514 3345 μενοι
546 3269 933 3331 διατελέσουσι,
971 3262 1166 3334 πικρδν
1205 3259 1516 3329 ποιούμενοι
1570 3258 1786 3319 πένθος,
1825 3251 1937 3310 οἷον

356 3343 427 3421 διν
444 3365 658 3434 γένοιτο
702 3359 856 3431 παρὰ
886 3356 1106 3426 νύμφης
1130 3352 1256 3407 νέαν
1293 3350 1534 3420 ἀγούσης
1554 3343 1666 3418 ’τὴν
1698 3347 1934 3418 ἡλικίαν,

356 3459 456 3513 καὶ
486 3457 579 3510 τὸν
610 3454 811 3507 οἰκεῖον
841 3447 1075 3519 νυμφίον
1103 3443 1373 3499 τεθνεῶτα
1390 3439 1625 3512 ὁρώσης.

427 3548 527 3604 θ’.‹
547 3542 1029 3616 Ἐξῆρται³⁷6υσία
1057 3539 1154 3593 καὶ
1179 3536 1379 3607 σπονδὴ
1410 3533 1470 3600 ea
1496 3533 1645 3587 οἴκου
1671 3532 1934 3603 Κυρίου.»

356 3642 434 3696 Τὸ
475 3642 658 3712 μέντοι
709 3637 778 3690 τὰ
818 3633 1049 3704 ἐσόμενα
1077 3631 1152 3695 ὡς
1198 3626 1539 3698 γεγενημένα
1571 3624 1772 3693 λέγειν,
1810 3622 1938 3677 ἴδιόν

357 3734 477 3786 ἔστι
502 3731 601 3800 τῆς
626 3728 776 3790 θείας
807 3716 1051 3797 Γραφῆς.
1072 3721 1354 3792 Κέχρηται
1383 3719 1440 3771 δὲ
1472 3716 1666 3786 τούτῳ,
1690 3715 1752 3768 οὐ
1779 3715 1941 3785 μόνον

360 3822 454 3876 διὰ
482 3820 578 3892 τὴν
604 3819 712 3873 ἀπὸ
740 3816 979 3886 γλώττης
1005 3815 1103 3876 είςι
1121 3811 1368 3880 γλῶτταν
1409 3808 1600 3880 ἑτέραν
1627 3806 1735 3858 τῶν
1768 3806 1942 3872 λόγων

366 3911 699 3985 μεταφορὰν,
730 3907 865 3962 ἀλλὰ
900 3904 992 3960 καὶ
1021 3903 1106 3957 διὰ
1130 3902 1174 3934 ³⁸
1214 3900 1313 3970 τὴν
1365 3900 1475 3952 τῶν
1516 3896 1835 3985 λεγομένων.
1860 3896 1943 3966 βε-

362 3983 613 4055 δαίωσιν.
655 3996 811 4051 Οὕτω
845 3994 977 4066 γὰρ,
1010 3992 1175 4061 φησιν
1199 4026 1214 4052 ,
1260 3987 1478 4057 ἀληθῶς
1529 3986 1684 4039 ἔσται
1740 3983 1939 4049 ταῦτα,

358 4094 444 4147 ὅτι
473 4091 549 4155 ὡς
577 4086 918 4158 γεγενημένα
951 4101 1009 4138 τε
1033 4078 1366 4151 θεωροῦμεν,
1395 4078 1488 4131 καὶ
1516 4077 1592 4140 ὡς
1623 4076 1750 4146 περὶ
1778 4091 1942 4144 γεγε-

358 4182 614 4254 νημένων
653 4176 1032 4248 διαλεγόμεθα.
1069 4171 1285 4243 Ἀμέλει
1325 4168 1486 4223 πάλιν
1510 4164 1590 4229 ’ὡς
1623 4166 1751 4237 περὶ
1796 4181 1943 4233 γενος

361 4274 546 4346 μένων
571 4271 798 4334 τούτων,
820 4268 858 4323 ἃ.
890 4266 1186 4338 προείρηκε
1216 4260 1430 4332 μέλλειν
1459 4257 1698 4318 ἔσεσθαι,
1726 4256 1945 4309 πενθεῖν

356 4369 478 4429 τοῖς
520 4362 732 4434 ίερεῦσι
786 4357 1260 4429 παρακελεύεται,
1309 4352 1385 4415 ὡς
1443 4351 1538 4405 καὶ
1592 4349 1792 4411 θυσιῶν
1846 4348 1944 4403 καὶ

361 4454 612 4510 σπονδῶν
663 4447 1053 4505 ὲπιλειπουσῶν
1101 4444 1190 4498 διὰ
1233 4443 1332 4513 τὴν
1382 4443 1577 4495 σπάνιν
1617 4438 1726 4492 τῶν
1774 4440 1946 4509 ἁναγο

360 4547 560 4606 καίων,
597 4545 693 4598 καὶ
733 4545 914 4615 μέντοι
947 4539 1043 4593 καὶ
1074 4538 1175 4607 τὴν
1230 4534 1335 4604 γῆν
1381 4532 1470 4586 διὰ
1526 4530 1626 4601 τὴν
1664 4529 1945 4599 ἀκαρπίαν

359 4641 477 4694 τῶν
510 4638 568 4704 ἐξ
599 4636 787 4706 αὐτῆς.
832 4634 919 4687 Ἐν
946 4629 1174 4701 αίσχύνῃ
1225 4627 1282 4680 δὲ
1316 4625 1408 4679 καὶ
1435 4624 1482 4676 oi
1513 4621 1763 4691 γηπόνοι,
1786 4618 1942 4689 φησι,

362 4731 764 4799 καθεστήκασι,
793 4723 964 4779 πολλὰ
1005 4721 1102 4792 μὲν
1150 4720 1243 4772 ἐπὶ
1293 4715 1391 4788 τὴν
1416 4717 1521 4786 γῆν
1546 4711 1943 4782 πεπονηκότες,

364 4823 562 4878 οὐδένα
611 4821 668 4873 δὲ
719 4816 928 4886 καρπὸν
970 4810 1351 4883 κομισάμενοι.
1387 4803 1560 4858 Τοῦτο
1607 4802 1666 4855 δὲ
1715 4800 1812 4854 καὶ
1850 4799 1949 4852 νῦν

366 4914 666 4984 συμϐαῖνον
686 4909 922 4981 ὁρῶμεν.
952 4906 1041 4958 Ἔν
1066 4903 1174 4972 γὰρ
1207 4901 1329 4962 ταῖς
1352 4895 1457 4965 τῆς
1499 4895 1604 4964 γῆς
1621 4890 1946 4984 -ακαρπίαις

367 4979 629 5076 ἐρυθριᾷν
659 4979 913 5052 εἰώθασιν
945 4995 994 5047 οἱ
1021 4990 1269 5061 γηπόνοι,
1297 4985 1398 5048 τάς
1422 5001 1481 5037 τε
1508 4979 1760 5076 συνήθεις
1785 4993 1948 5076 προσ·

368 5067 524 5156 ὁδους
553 5067 665 5154 τοῖς
698 5086 1058 5158 κεκτημένοις
1085 5082 1148 5134 οὐ
1196 5076 1577 5150 χορηγοῦντες,
1606 5072 1699 5125 καὶ
1730 5068 1819 5123 διὰ
1846 5067 1948 5138 τὴν

368 5185 482 5240 τῶν
529 5182 841 5253 ἀναγκαίων
873 5177 1065 5232 σπάνιν
1107 5172 1168 5236 ἐξ
1219 5169 1414 5242 ἐράνου
1467 5165 1568 5235 ζῇν
1612 5160 1947 5253 βιαςόμενοι.

370 5248 715 5347 Πλατύτερον
743 5272 803 5328 δὲ
825 5271 924 5342 τὴν
952 5264 1236 5338 συμφορὰν
1273 5256 1646 5331 διηγούμενος,
1694 5251 1836 5305 ὥστε
1872 5248 1952 5302 διο

2029 1891 2137 1943 lum
2163 1889 2413 1944 eumdem
2439 1896 2615 1943 vocat.
2645 1888 2699 1941 Si
2718 1886 2841 1954 quis
2866 1893 3047 1939 autem
3068 1882 3285 1936 diverse
3306 1882 3611 1950 intelligere

2025 1981 2179 2044 velit,
2210 1979 2395 2035 sensui
2433 1996 2539 2033 non
2589 1977 2794 2033 oﬂitiet
2847 1993 3012 2032 :nam
3068 1986 3122 2032 et
3152 1977 3361 2030 locusta
3395 1974 3610 2046 1385

2028 2072 2269 2126 minores
2299 2072 2458 2138 alias,
2498 2081 2760 2141 tanquam
2802 2071 3036 2135 catulos,
3071 2070 3470 2141 subsequentes
3513 2069 3610 2123 ba-

2028 2163 2137 2229 bet,
2165 2173 2220 2220 et
2251 2165 2435 2218 hostes
2463 2179 2569 2217 una
2597 2179 2720 2218 cum
2755 2163 3032 2218 bellicosis
3064 2172 3116 2217 et
3141 2149 3402 2228 strenuis,
3443 2162 3608 2216 etiam

2029 2256 2211 2310 minus
2241 2255 2494 2311 robustos
2531 2255 2827 2309 adducunt.
2863 2254 2942 2327 [7]
2970 2254 3216 2324 Explicat
3257 2259 3438 2307 autem
3488 2266 3610 2321 qua

2029 2361 2127 2419 per
2158 2348 2257 2402 has
2294 2347 2642 2417 producenda
2670 2349 2800 2411 sint,
2839 2347 3026 2401 vineas
3067 2344 3271 2400 docens
3300 2349 3609 2412 corruptas,

2030 2454 2330 2509 earumque
2382 2439 2635 2508 palmites
2683 2438 2985 2503 dealbatos,
3036 2442 3091 2490 et
3145 2435 3281 2489 ficus
3328 2432 3614 2488 frondibus

2034 2531 2318 2600 spoliatas,
2371 2531 2516 2599 quod
2577 2531 2822 2585 irruente
2877 2531 3089 2584 locusta
3141 2526 3392 2581 accidere
3449 2526 3610 2580 solet.

2038 2620 2194 2688 Quod
2237 2632 2415 2674 autem
2448 2622 2562 2675 haec
2595 2637 2704 2675 non
2740 2630 2800 2676 ut
2837 2620 2999 2688 facta,
3020 2618 3114 2676 sed
3147 2628 3205 2672 ut
3232 2618 3414 2671 futura
3442 2616 3611 2680 dicat,

2036 2712 2424 2782 subsequentia
2458 2717 2758 2766 testantur.

2106 2887 2274 2944 Vsus.
2305 2888 2360 2943 8.
2391 2906 2411 2940 ι
2449 2887 2678 2958 Planget
2708 2888 2875 2950 enim,
2921 2883 3124 2954 inquit,
3182 2884 3249 2938 ad
3303 2897 3413 2938 me-
3443 2893 3617 2950 supra

2039 2994 2300 3053 Sponsam
2332 2980 2635 3036 accinctam
2676 2979 2860 3033 cilicio
2895 2984 3120 3047 propter
3138 2975 3316 3031 virum
3357 2974 3623 3043 juventu-

2041 3072 2113 3127 tis
2144 3086 2258 3126 sua:
2316 3095 2336 3123 ο
2376 3069 2493 3122 Non
2545 3069 2685 3123 dixit
2721 3068 2929 3138 planxit
2956 3106 2973 3132 ,
3017 3067 3111 3121 sed
3147 3066 3399 3136 planget:
3436 3072 3621 3117 osten-

1961 3133 2005 3192 c
2039 3162 2177 3220 dens
2223 3161 2340 3217 fore
2374 3169 2434 3216 ut
2478 3170 2600 3232 post
2638 3133 3032 3228 experientiam
3085 3133 3345 3211 continuo
3401 3154 3623 3224 lugeant

2036 3255 2238 3311 acerbo
2277 3255 2450 3318 luctu,
2487 3253 2671 3322 qualis
2693 3250 3003 3319 jut-enculae
3047 3262 3265 3317 sponsae
3306 3260 3431 3301 esse
3480 3244 3622 3300 solet

2035 3359 2162 3402 cum
2193 3359 2461 3415 sponsum
2498 3358 2660 3397 suum
2690 3347 2965 3394 mortuum
2996 3338 3170 3395 videt.

2108 3512 2277 3567 Vnus.
2330 3511 2383 3566 9.
2419 3529 2437 3562 ι
2477 3510 2737 3567 Ablatum
2799 3522 2884 3564 est
2940 3508 3295 3574 sacrilicium,
3322 3515 3385 3564 et
3428 3509 3623 3565 libatio

2039 3606 2106 3662 de
2133 3605 2299 3661 domo
2328 3602 2569 3657 Domini.
2608 3620 2627 3654 ι
2656 3600 2860 3656 Futura
2891 3602 3109 3673 quidem
3144 3610 3201 3656 ut
3229 3601 3504 3670 praeterita
3538 3602 3623 3657 di-

2042 3712 2168 3754 cere
2193 3695 2476 3768 proprium
2495 3694 2792 3750 estdivinze
2822 3691 3144 3765 Scriptum.
3177 3691 3333 3759 Quod
3365 3693 3439 3746 ita
3469 3692 3620 3753 facit.

2042 3803 2152 3844 non
2181 3788 2359 3843 solum
2395 3786 2466 3842 ob
2488 3786 2903 3844 translationem
2932 3786 3222 3841 verborum
3254 3784 3324 3840 de
3346 3785 3530 3855 lingua
3567 3785 3626 3840 in

2044 3880 2285 3950 linguam
2337 3878 2567 3933 alteram
2625 3875 2766 3932 :sed
2818 3875 2983 3931 etiam
3024 3875 3091 3930 ad
3149 3875 3627 3930 confirmationem

2042 3987 2231 4027 eorum
2271 3985 2393 4039 quae
2418 3969 2696 4023 dicuntur.
2735 3965 2829 4022 Sic
2871 3968 3041 4030 enim,
3093 3966 3291 4035 inquit,
3340 3966 3444 4020 ista
3498 3980 3627 4020 vere

2044 4062 2319 4125 accident,
2354 4068 2507 4115 utea
2566 4066 2832 4125 tanquam
2869 4056 3017 4111 facta
3070 4070 3385 4121 cernamus,
3422 4065 3475 4111 ct
3504 4063 3628 4110 tan-

2045 4167 2209 4223 quam
2239 4149 2304 4209 de
2340 4149 2502 4205 factis
2530 4162 2841 4204 sermonem
2873 4146 3197 4203 habeamus.
3233 4144 3420 4214 Itaque
3441 4147 3508 4199 de
3539 4145 3628 4200 his

2044 4257 2242 4299 rursus
2279 4241 2436 4310 quasi
2471 4237 2783 4309 praeteritis,
2818 4250 2940 4306 qua:
2990 4235 3173 4290 futura
3227 4236 3498 4306 praedixit,
3543 4250 3628 4290 sa-

2045 4334 2300 4393 cerdotes
2353 4333 2538 4401 lugere
2579 4328 2871 4392 hortatur,
2920 4326 3181 4397 quoniam
3234 4325 3503 4382 sacrificia
3570 4334 3625 4380 et

1974 4455 2017 4509 Β
2050 4426 2344 4483 lihationes
2410 4420 2726 4478 defecerunt
2764 4428 2984 4489 propter
3022 4418 3463 4473 necessariorum
3504 4418 3627 4472 ino-

2051 4520 2191 4590 piam
2220 4535 2233 4570 :
2262 4530 2325 4569 ac
2377 4523 2578 4569 terram
2607 4511 2836 4582 pariter,
2887 4518 3107 4581 propter
3154 4507 3373 4580 frugum
3425 4509 3628 4565 sterili-

2049 4619 2236 4666 tatem.
2300 4604 2415 4679 [10]
2475 4603 2532 4658 In
2571 4601 2897 4659 confusione
2955 4609 3157 4665 autem,
3206 4599 3404 4670 inquit,
3460 4600 3627 4654 etiam

2049 4694 2307 4766 agricolae
2343 4700 2651 4755 versantur,
2678 4704 2801 4743 cum
2835 4689 3044 4742 nullum
3062 4687 3302 4742 fructum
3333 4696 3456 4758 post
3484 4688 3629 4743 mul-

2050 4796 2135 4845 tos
2186 4785 2402 4841 labores
2421 4798 2487 4837 ex
2526 4791 2669 4837 terra
2723 4778 3085 4848 perceperint.
3144 4777 3259 4833 Hoc
3306 4792 3435 4833 vero
3482 4793 3630 4835 nunc

2050 4893 2272 4951 quoque
2301 4874 2550 4933 accidere
2582 4871 2850 4928 videmus.
2896 4869 3032 4925 Nam
3081 4871 3153 4926 ob
3200 4878 3361 4926 terrae
3415 4871 3633 4944 1386

2053 4972 2399 5030 sterilitatem
2429 4969 2627 5025 rubore
2650 4964 2904 5035 perfundi
2921 4964 3101 5021 solent
3121 4964 3399 5033 agricolae,
3419 4967 3631 5035 quinee

2055 5064 2254 5120 solitos
2291 5059 2502 5118 reditus
2556 5055 2972 5127 possessoribus
3010 5054 3271 5121 reddunt,
3311 5064 3367 5111 et
3411 5064 3634 5126 propter

2051 5153 2494 5208 necessariorum
2537 5145 2781 5216 inopiam
2822 5142 3134 5199 mendicato
3174 5145 3358 5202 vivere
3413 5160 3634 5216 cogun-

2056 5254 2166 5301 tur.
2190 5242 2304 5315 ιιι,
2333 5239 2424 5313 l2]
2448 5239 2638 5295 Latius
2679 5242 2873 5291 autem
2925 5233 3217 5293 declarans
3257 5236 3633 5293 calamitatem

1628 5426 1864 5487 VARUE
1901 5422 2303 5481 LECTIONES.

450 5609 498 5643 ⁸⁸
553 5609 635 5663 ὅτι
666 5636 737 5648 -
755 5602 1070 5676 saep-(10.41;.
1104 5595 1246 5652 Hinc
1272 5591 1453 5676 colligi
1476 5579 2372 5676 potest,iri-ostrum_:ipmii.ue_vera.

2427 5575 2481 5642 ὅ,
2535 5574 2746 5646 legisse
2773 5587 2900 5646 cum
2952 5569 3117 5646 LXX,
3181 5560 3633 5646 edcppoodvlaltatt

419 5630 2492 5753 αράζῖιῗιῖἀῗὲῗῗῗήἐῖξιῗ’ἐῗῖοἷλῖέῗὶῩὲδίῖἐιὲίίῖιὲξ,³θςῡίέριιῖίξὲ·έξὶ⁶ηἳε’·
2688 5645 2847 5703 ¹εθ¹ί⁰
2867 5652 2955 5698 ⁸³⁸
2979 5630 3439 5711 θρήθησονλίυιίθ
3462 5630 3631 5685 “°""

406 5745 428 5785 θ
462 5745 733 5821 ’Ἐξ-ἦρται
753 5745 942 5820 (Sirm.

988 5712 1488 5810 λὲἷεᾘρόἧῑόυάῗζ
1512 5712 1740 5798 Κυρίου.
1794 5723 1917 5779 Des.
1949 5723 2005 5777 in
2024 5720 2087 5776 C.
2163 5718 2209 5751 ⁸⁸
2232 5716 2340 5772 διά.
2365 5712 2487 5771 Des.
2517 5716 2647 5769 ibid.
