4088 6408
513 307 648 372 1639

1499 299 1985 361 TIIEODORETI
2019 296 2357 357 EPISCOPI
2391 301 2754 363 CYRENSIS

3642 308 3784 370 1640

509 426 568 472 ιιι
602 418 669 472 ad
729 413 1167 485 resipiscentiam
1216 411 1414 467 excitet
1443 426 1540 467 eos
1593 411 1684 482 Qui
1733 410 2084 480 stupiditate‘

2184 411 2481 479 εγεῖραιείς
2516 412 2879 482 μεταμέλειαν
2925 412 3048 476 τοὺς
3080 411 3415 484 ἀναλγησίαν
3461 415 3784 484 νοσοῦντας,

511 509 778 571 laborant,
842 508 988 575 ipsas
1020 507 1186 558 etiam
1236 502 1616 573 possessiones
1671 502 1857 571 lugere
1907 500 2085 569 jubet,

507 598 765 670 quoniam
809 597 1141 650 frumentum
1217 602 1271 648 et
1313 594 1576 648 hordeum
1630 592 1982 655 defecerunt,
2038 600 2093 646 et

511 693 666 746 vinea
701 690 936 751 exaruit,
973 688 1129 741 olivae
1158 685 1393 755 denique
1417 695 1470 740 ct
1497 685 1654 748 licus,
1682 685 1910 753 aliaeque
1931 683 2092 737 arbo-

511 799 595 838 res
636 783 874 835 fructutn
911 780 1120 833 nullum
1161 778 1364 841 ferunt,
1407 779 1552 846 quod
1585 776 1734 830 omni
1781 776 1874 845 qui
1908 776 1961 828 in
2008 775 2090 843 ip-

508 874 584 928 sis
617 881 734 927 crat
769 872 996 925 humore
1059 870 1283 940 privatzn
1320 870 1452 922 sint.
1502 867 1596 923 Est
1625 874 1811 920 autem
1839 864 2090 920 animad-

504 964 852 1027 vertendum,
887 963 1032 1032 quod
1091 976 1200 1015 non
1248 971 1451 1016 terram
1503 969 1553 1012 et
1591 957 1995 1028 possessiones,
2031 964 2092 1010 ut

509 1053 724 1106 ratione
757 1052 1010 1121 praeditas
1054 1050 1240 1120 lugere
1299 1049 1592 1102 hortetur:
1640 1047 1732 1101 sed
1784 1053 1843 1099 ut
1881 1046 2092 1099 ratione

503 1144 761 1213 praeditos
813 1159 908 1212 per
960 1158 1051 1198 res
1082 1142 1414 1195 inanimatas
1438 1141 1683 1194 excitare
1730 1137 1992 1193 studeat:
2037 1136 2090 1189 id

501 1235 646 1302 quod
711 1234 891 1296 docet,
959 1249 1084 1286 cum
1136 1232 1444 1300 subjungit,
1497 1247 1515 1281 ι
1566 1229 1837 1295 Quoniam
1891 1225 2088 1280 confu-

502 1325 702 1378 derunt
732 1325 992 1395 gaudium
1045 1326 1141 1378 lilii
1184 1325 1488 1377 hominum.
1531 1320 1956 1388 ollujuscnim,
2005 1319 2090 1372 in-

503 1417 644 1484 quit,
682 1416 1096 1470 infecunditatis
1129 1430 1297 1469 causa
1326 1422 1406 1468 est
1460 1413 1724 1482 iniquitas
1759 1411 2041 1465 hominum
2071 1427 2087 1462 :

505 1516 728 1576 propter
757 1509 900 1560 illum
932 1507 1074 1561 enim
1113 1508 1306 1576 gaudia
1336 1513 1649 1566 cessarunt,
1674 1512 1732 1557 et
1759 1503 1926 1555 animi
1957 1516 2091 1555 mce-

506 1613 659 1651 rores
715 1597 914 1650 invecti
976 1605 1123 1650 sunt.
1177 1595 1290 1666 [15]
1332 1595 1722 1660 Quamobrem,
1758 1592 1953 1661 inquit,
1989 1605 2088 1644 vos

502 1703 721 1757 quoque
750 1687 1087 1752 sacerdotes,
1126 1695 1328 1740 vestem
1362 1685 1646 1753 lugubrem
1683 1684 1914 1752 accipite
1954 1697 2088 1735 :ne-

502 1750 809 1848 que-apud
847 1780 1016 1831 altare
1070 1750 1245 1829 solum
1303 1750 1728 1838 Imuentamini,
1765 1750 1860 1828 sed
1915 1774 2082 1826 etiam
2120 1750 2161 1804 Β

501 1869 835 1922 dormientes
896 1867 1050 1922 vobis
1109 1881 1327 1922 saccum
1397 1866 1782 1920 substernite:
1824 1868 2083 1935 quoniam

502 1969 652 2014 tanta
689 1962 1126 2014 necessariorum
1167 1959 1349 2027 inopia
1381 1957 1523 2010 facta
1560 1965 1667 2022 est,
1717 1966 1779 2011 ut
1817 1973 1885 2012 ne
1922 1957 2083 2012 solita

499 2054 719 2123 quidem
753 2052 1020 2106 celebrari
1052 2051 1262 2120 possint
1291 2049 1587 2104 sacriﬁcia.

573 2144 736 2198 Vens.
784 2145 870 2198 M.
910 2162 928 2195 ι
957 2142 1308 2197 Sanctiiicate
1358 2156 1488 2211 ergo
1527 2139 1824 2210 jejunium,
1888 2138 2086 2210 pracdi-

498 2247 620 2292 cate
672 2234 1010 2290 curationem
1051 2271 1066 2298 ,
1121 2240 1452 2302 congregate
1498 2246 1722 2294 senes,»
1753 2230 1838 2284 vel
1904 2230 2084 2298 potius

500 2349 610 2387 non
646 2333 744 2385 hos
770 2338 1003 2393 tantum,
1043 2327 1138 2382 sed
1169 2329 1331 2381 etiam
1367 2345 1383 2377 ι
1415 2341 1606 2381 omnes
1641 2325 1850 2379 incolas
1899 2331 2081 2390 terrre,

499 2425 554 2478 in
586 2423 806 2477 domum
839 2420 929 2475 Dei
957 2418 1147 2474 vestri.
1191 2437 1209 2470 ι
1252 2417 1318 2471 Et
1351 2415 1663 2488 congregati
1713 2415 1968 2479 clamate,
1997 2414 2082 2468 die

496 2522 732 2659 mixtis.
773 2604 860 2658 l5.
903 2599 1056 2656 «ιιευ
1094 2600 1225 2655 mihi
1249 2640 1262 2664 ,
1295 2599 1399 2654 heu
1440 2598 1596 2662 mihi,
1630 2598 1683 2652 in
1709 2597 1892 2652 diem!
1929 2615 1946 2644 ι
1981 2595 2084 2650 Per

495 2712 556 2750 ea
588 2704 764 2748 autem
801 2708 925 2763 quae
963 2691 1110 2747 dicta
1147 2699 1295 2754 sunt,
1357 2691 1517 2760 plane
1546 2689 1827 2754 docemur,
1868 2687 2080 2758 1387

493 2787 762 2859 jejunium
800 2785 997 2838 anima:
1021 2784 1162 2836 male
1189 2781 1415 2836 habenti
1452 2782 1778 2836 medicinam
1822 2795 1946 2835 esse
1996 2796 2083 2834 sa-

495 2879 754 2939 lutarem,
810 2890 932 2944 quae
980 2872 1270 2927 affectibus
1326 2872 1535 2940 peccati
1594 2871 1800 2926 mederi
1848 2871 2016 2940 possit
2066 2889 2079 2925 :

495 2983 668 3040 quare
693 2965 902 3036 jejunio
947 2965 1236 3033 subjunxit
1282 2964 1650 3018 curationem.
1681 2982 1700 3015 ι
1731 2962 2084 3018 Sanctiﬁcate

495 3060 667 3122 enim,
718 3056 918 3126 inquit,
981 3055 1276 3125 jejunium,
1312 3054 1608 3125 przedicate
1660 3055 2023 3109 curationem.
2055 3073 2074 3105 ι
2106 3085 2148 3142 C

497 3147 1029 3217 Sanctiﬁcateautem
1053 3145 1235 3218 posuit
1261 3160 1357 3216 pro
1369 3153 1655 3215 segregate.
1675 3143 1755 3197 Ad
1783 3143 1887 3198 hoc
1908 3143 2077 3212 enim,

498 3241 693 3311 inquit,
754 3255 851 3295 vos
905 3248 1208 3309 segregate,
1264 3245 1455 3294 sancte
1510 3244 1563 3291 et
1614 3252 1751 3306 pure
1805 3235 2078 3306 jejunium

497 3335 740 3406 peragite
775 3351 788 3387 :
846 3332 1164 3402 jejunantes
1212 3347 1340 3386 vero
1386 3332 1618 3386 clamate
1653 3349 1666 3384 :
1708 3346 1726 3380 ι
1767 3328 1881 3384 lleu
1922 3329 2076 3395 mihi,

498 3424 600 3477 heu
639 3422 790 3486 mihi,
828 3421 881 3475 in
910 3422 1082 3476 diem!
1119 3439 1138 3472 ›
1168 3419 1269 3476 hoc
1291 3428 1396 3488 est,
1427 3420 1499 3476 ob
1515 3419 1656 3476 diem
1680 3419 1946 3474 malorum
1986 3435 2081 3474 ex-

497 3523 803 3584 spectatum
816 3557 830 3570 .

572 3713 590 3745 (
629 3693 902 3759 Quoniam
930 3692 1276 3762 propinquus
1305 3699 1390 3746 est
1424 3691 1543 3746 dics
1564 3689 1806 3757 Domini,
1839 3696 1892 3744 et
1917 3690 2077 3760 quasi

497 3784 722 3838 miseria
777 3798 808 3838 e
866 3783 1089 3837 miseria
1147 3783 1347 3837 veniet.
1409 3781 1598 3852 (Vens.
1659 3781 1768 3852 16.)
1803 3783 2076 3848 Quoniam

498 3883 626 3928 ante
653 3875 844 3929 oculos
874 3885 1084 3930 vestros
1118 3875 1380 3929 alimenta
1406 3875 1713 3945 perierunt,
1742 3884 1794 3930 et
1825 3875 1893 3932 de
1914 3876 2077 3932 domo

497 3966 589 4020 Dei
629 3966 802 4020 nostri
837 3966 1029 4020 latitia
1051 3974 1106 4022 et
1142 3966 1461 4036 gaudium.»
1503 3966 1668 4035 Mala,
1691 3967 1891 4039 inquit,
1917 3969 2076 4024 malis

497 4061 851 4116 succedentia
886 4061 1169 4126 videbitis,
1203 4070 1374 4132 atque
1411 4063 1519 4116 alia
1551 4063 1680 4118 aliis
1713 4062 1918 4118 addita.
1961 4063 2076 4120 Hoc

495 4154 640 4208 enim
676 4155 894 4208 vocavit
933 4174 952 4207 ι
990 4155 1272 4210 miseriam
1314 4169 1484 4224 super
1511 4154 1818 4210 miseriam.
1847 4175 1866 4209 ι

566 4329 735 4385 Vens.
763 4331 845 4385 l7.
887 4350 906 4383 ι
932 4332 1399 4388 Subsultaverunt
1431 4333 1619 4389 vitula;
1646 4333 1700 4388 in
1727 4335 2072 4406 praesepibus

2197 501 2292 552 καὶ
2327 501 2465 556 αὐτὰ
2520 505 2587 556 τὰ
2643 506 2899 576 κτήματα
2959 503 3170 557 κελεύει
3209 505 3449 578 θρηνεῖν,
3473 508 3551 571 ῶς
3577 509 3693 563 τῶν
3723 527 3782 564 τε

2194 589 2396 660 κριθῶν
2437 593 2531 644 καὶ
2583 595 2692 646 τῶν
2740 595 2926 665 πυρῶν
2959 595 3379 661 ἐπιλειπόντων,
3417 599 3515 652 καὶ
3547 601 3647 670 τῆς
3670 602 3782 671 ἀμ·

2192 681 2357 734 πέλου
2387 684 2767 756 διαυανθείσης
2793 703 2806 718 ο
2828 687 2921 738 καὶ
2951 687 3288 754 ἁπαξαπλῶς
3315 689 3410 742 καῖ⁸
3439 689 3660 754 ἐλαιῶν,
3684 694 3786 745 καὶ

2194 771 2394 836 συκῶν,
2434 774 2529 826 καὶ
2560 774 2668 826 τῶν
2721 775 2896 828 ἄλλων
2946 777 3268 848 ἀκροδρύων
3318 780 3533 850 καρπὸν
3587 781 3790 836 οὐδένα

2193 865 2486 936 φερόντων,
2529 866 2616 919 διὰ
2650 867 2711 919 τὸ
2746 868 2927 938 πάσης
2983 869 3081 938 τῆς
3109 872 3166 923 ἐν
3216 871 3402 935 αὐτοῖς
3446 874 3790 944 στερηθῆναι

2191 957 2412 1020 νοτίδος.
2447 959 2642 1012 Ἰστέον
2663 960 2838 1024 δέ,ὄτι
2878 966 2943 1032 τῇ
2981 965 3050 1033 γῇ
3085 963 3180 1018 καὶ
3207 967 3321 1027 τοῖς
3353 965 3650 1034 κτήμασιν,
3677 966 3790 1034 οὐχ

2190 1046 2264 1110 ὡς
2315 1048 2548 1116 λογικοῖς
2599 1051 2816 1122 θρηνεῖν
2865 1054 3324 1126 παρακελεύεται,
3355 1057 3491 1110 ἀλλά.
3532 1056 3623 1110 διά
3665 1057 3789 1109 τῶν

2191 1139 2413 1210 ἀψύχων
2448 1142 2576 1204 τοὺς
2608 1143 2752 1214 λόγῳ
2775 1147 3171 1216 τετιμημένους
3211 1148 3476 1218 διεγεῖραι
3500 1146 3792 1221 πειρώμε-

2190 1245 2307 1292 νοςο
2336 1230 2431 1283 καὶ
2466 1231 2626 1284 τοῦτο
2653 1233 2919 1286 διδάσκων
2949 1236 3258 1306 ἐπήγαγεν·
3292 1255 3310 1288 ι
3349 1239 3472 1290 ’Ότι
3501 1239 3792 1309 κατῄσχυ-

2189 1341 2286 1375 ναν
2322 1325 2492 1392 χαρὰν
2520 1327 2569 1377 οί
2628 1327 2733 1379 υἱοὶ
2791 1329 2899 1381 τῶν
2942 1329 3266 1400 ἀνθρώπων.
3320 1348 3340 1382 ι
3374 1330 3592 1401 Ταύτης
3645 1331 3787 1401 γὰρ,

2189 1413 2343 1482 φησὶ,
2389 1415 2488 1484 τῆς
2541 1417 2820 1487 ἀκαρπίας
2849 1419 2999 1473 αίτία
3035 1421 3067 1490 ὴ
3107 1421 3216 1472 τῶν
3265 1419 3571 1492 ἀνθρώπων
3596 1438 3792 1493 παρα-

2189 1503 2351 1573 νομία
2385 1521 2398 1535 ·
2425 1504 2492 1556 δι’
2515 1506 2730 1577 ἐκείνην
2759 1507 2866 1578 γὰρ
2893 1509 3169 1562 πέπαυται
3203 1509 3270 1564 τὰ
3292 1512 3389 1579 τῆς
3412 1512 3788 1582 εὐφροσύνης,

2188 1595 2256 1648 τὰ
2286 1595 2342 1648 δέ
2376 1597 2476 1665 τῆς
2508 1597 2744 1668 ἀθυμίας
2775 1601 3162 1670 εἰσενήνεκται.
3187 1602 3297 1666 Διὸ,
3321 1604 3478 1672 φησὶ,
3504 1603 3596 1654 καὶ
3620 1603 3791 1672 ὑμεῖς

2190 1687 2240 1738 οἱ
2282 1688 2470 1757 ἱερεῖς,
2495 1688 2556 1740 τὸ
2587 1689 2847 1758 πένθιμον
2876 1692 3173 1745 ἀναλάϐετε
3216 1694 3427 1762 σχῆμα,
3457 1695 3551 1746 καὶ
3579 1693 3652 1762 μὴ
3682 1693 3790 1762 μό-

2187 1793 2274 1828 νον
2309 1777 2456 1846 παρὰ
2478 1777 2538 1830 τὸ
2565 1777 2946 1850 θυσιαστήριον
2975 1781 3326 1851 ὀλοφύρεσθε,
3359 1782 3496 1835 ἀλλά
3525 1783 3620 1836 καὶ
3649 1783 3791 1836 καθ-

2188 1867 2434 1932 εύδοντες
2474 1869 2675 1923 σάκκον
2730 1873 2944 1935 ἐαυτοῖς
2981 1872 3387 1943 ὑποστρώσατε,
3425 1874 3507 1926 ὅτι
3534 1875 3787 1945 τοσαύτη

2187 1959 2382 2022 σπάνις
2425 1959 2534 2012 τῶν
2566 1961 2878 2028 ἀναγκαίων
2939 1962 3178 2031 ἐγένετο,
3203 1964 3278 2026 ὡς
3308 1965 3459 2035 Ιμηδέ
3498 1964 3597 2027 τὰς
3647 1981 3788 2019 συν-

2185 2049 2342 2120 ήθεις
2395 2051 2760 2106 ἐπιτελεῖσθαι
2796 2053 3005 2116 θυσίας.

2257 2139 2341 2194 ιδ’.
2380 2157 2400 2191 ι
2459 2139 2750 2208 Ἀγιάσατε
2774 2141 2952 2194 τοίνυν
3002 2141 3272 2212 νηστείαν,
3305 2141 3578 2214 κηρύξατε
3611 2143 3786 2216 θερα-

2186 2230 2365 2295 πείαν,
2419 2232 2752 2300 συναγάγετε
2811 2233 3218 2304 πρεσϐυτέρους
3249 2251 3264 2267 ο
3302 2253 3320 2285 ι
3352 2235 3569 2304 ’μᾶλλον
3602 2235 3660 2288 δὲ
3701 2235 3785 2307 μὴ

2183 2323 2404 2387 τούτους
2446 2323 2629 2393 μόνον,
2665 2325 2802 2378 ἀλλά
2857 2328 2953 2378 καὶ
2991 2346 3009 2378 ι
3049 2327 3256 2390 πάντας
3291 2330 3420 2391 τοὺς
3452 2329 3783 2382 κατοικοῦν-

2183 2430 2281 2476 τας
2310 2413 2409 2482 τὴν
2442 2414 2544 2482 γῆν
2571 2416 2650 2477 εἰς
2672 2409 2820 2468 οἷκον
2842 2415 2974 2468 Θεοῦ
3007 2416 3054 2446 ³⁹
3084 2416 3258 2488 ὑμῶν.
3295 2436 3313 2470 ι
3348 2417 3783 2490 Συναθροισθένο

2185 2523 2275 2569 τες
2305 2506 2362 2560 δὲ
2382 2506 2684 2576 κεκράξατε
2707 2508 2774 2572 ⁸ο,
2821 2507 3093 2576 λέγοντεςο

2260 2601 2338 2648 ιε’.
2389 2614 2407 2647 ι
2447 2596 2627 2666 Οίμοι,
2663 2596 2809 2666 οἴμοι
2834 2597 2899 2664 ⁸¹,
2935 2598 3016 2661 είς
3061 2598 3293 2668 ὴμέρανί
3339 2618 3355 2650 ι
3396 2599 3784 2669 Διδασκόμεθα

2183 2686 2240 2740 δὲ
2275 2685 2465 2756 σαφῶς
2497 2689 2562 2740 ἐκ
2601 2687 2710 2740 τῶν
2746 2688 3075 2758 εἰρημένων,
3116 2689 3192 2752 ὡς
3226 2690 3260 2759 ἡ
3287 2689 3511 2760 νηστεία
3533 2689 3645 2742 τῶν
3676 2708 3783 2742 κα-

2186 2777 2296 2840 κῶς
2327 2779 2423 2841 τὰς
2456 2778 2632 2848 ψυχάς
2663 2779 3020 2850 διακειμένων
3044 2779 3370 2844 ἀλεξίκακον
3394 2781 3603 2849 γίνεται
3633 2782 3783 2851 φάρ-

2188 2886 2381 2939 μακον,
2418 2869 2742 2941 θεραπεύειν
2797 2871 2865 2925 τὰ
2922 2871 3020 2942 τῆς
3070 2871 3349 2942 ἁμαρτίας
3390 2873 3538 2942 πάθη
3605 2874 3781 2928 δυνά-

2187 2977 2348 3028 μενον
2373 2977 2387 2991 ·
2423 2960 2502 3013 διὸ
2537 2962 2631 3014 καὶ
2654 2965 2722 3034 τῇ
2782 2963 3007 3034 νηστείᾳ
3058 2963 3158 3033 τὴν
3198 2963 3495 3034 θεραπείαν
3534 2965 3781 3035 προστέ-

2185 3050 2386 3104 θεικεν.
2441 3069 2461 3103 ι
2496 3052 2784 3120 Ἀγιάσατε
2809 3054 2939 3122 γὰρ,
2996 3055 3150 3124 φησι,
3184 3055 3456 3124 νηστείαν,
3492 3056 3777 3128 κηρύξατε

2185 3143 2501 3214 θεραπείαν.
2527 3163 2545 3195 ι
2577 3144 2650 3198 Τὸ
2677 3145 2752 3209 δὲ,
2777 3146 3083 3214 ἁγιάσατε,
3109 3147 3230 3199 ἀντὶ
3257 3147 3372 3212 τοῦ,
3403 3147 3771 3216 ἀφορίσατε,

2183 3234 2446 3288 τέθεικεν.
2482 3237 2576 3299 Et;
2609 3236 2767 3290 τοῦτο
2801 3237 2928 3308 γὰρ,
2956 3239 3142 3308 φησὶν,
3185 3240 3411 3302 ἑαυτοὺς
3445 3239 3776 3310 ἀφορίσατε,

2185 3325 2353 3393 ἁγίως
2386 3325 2479 3378 καὶ
2539 3325 2793 3395 καθαρῶς
2840 3325 2938 3397 τὴν
2963 3327 3219 3397 νηστείαν
3279 3328 3569 3397 μετέλθετε
3601 3345 3615 3359 ο
3671 3346 3776 3398 νη-

2184 3417 2466 3480 στεύοντες
2519 3416 2577 3468 δὲ
2645 3417 2825 3487 βοᾶτε·
2861 3437 2878 3469 ι
2918 3419 3099 3488 Οῖμοι,
3129 3418 3304 3490 οἴμοι,
3337 3419 3416 3482 είς
3445 3414 3706 3491 ήμέρανί
3751 3440 3769 3472 ι

2181 3508 2306 3561 ἀντὶ
2338 3506 2454 3573 τοῦ,
2481 3507 2568 3560 διὰ
2594 3509 2694 3578 τὴν
2747 3509 3210 3580 προσδοκωμένην
3241 3510 3352 3564 τῶν
3392 3510 3583 3564 κακῶν
3631 3513 3777 3582 ήμέ-

2186 3617 2304 3670 ραν.

2259 3709 2278 3744 ι
2322 3693 2442 3744 Ὅτι
2467 3691 2630 3758 ἐγγὺς
2659 3690 2904 3761 ήμέρα⁸¹
2935 3690 3159 3760 Κυρίου,
3193 3692 3287 3744 καὶ
3313 3691 3388 3754 ὡς
3418 3689 3774 3762 ταλαιπωρία

2181 3783 2246 3834 ἐκ
2297 3780 2670 3851 ταλαιπωρίας
2731 3781 2871 3850 ἥξει.
2931 3781 3078 3852 (ις’.)
3133 3782 3256 3834 Ὅτι
3306 3781 3593 3835 κατέναντι
3651 3781 3774 3834 τῶν

2178 3872 2474 3944 ὀφθαλμῶν
2531 3872 2686 3943 ὑμῶν
2727 3872 2990 3944 βρώματα
3025 3874 3293 3945 ἐξηράνθη
3318 3915 3334 3941 ,
3371 3875 3467 3928 καὶ
3510 3873 3570 3939 ἐξ
3613 3874 3773 3928 οἴκου

2177 3964 2312 4018 Θεοῦ
2347 3963 2503 4035 ἡμῶν
2545 3965 2848 4037 εὐφροσύνη
2894 3966 2988 4018 καὶ
3017 3968 3181 4036 χαρά.
3220 3985 3238 4017 ι
3288 3966 3620 4036 Ἐπάλληλα,
3657 3983 3774 4034 φη-

2179 4055 2286 4120 σὶν,
2311 4054 2509 4124 ὄψεσθε
2543 4054 2612 4109 τά
2655 4055 2822 4118 κακά,
2851 4055 2947 4107 καὶ
2979 4055 3192 4117 τούτοις
3241 4057 3424 4108 ἐκεῖνα
3471 4054 3773 4125 προστιθέ-

2180 4164 2317 4218 μενα
2337 4163 2349 4176 ·
2375 4145 2534 4200 τοῦτο
2561 4146 2669 4217 γὰρ
2698 4146 2922 4200 ἐκάλεσε
2990 4165 3008 4196 ι
3050 4145 3426 4216 ταλαιπωρίαν
3458 4147 3551 4199 ἐπὶ
3576 4146 3772 4201 ταλαι-

2176 4240 2410 4314 πωρίαν.
2454 4257 2472 4292 ι

2248 4331 2335 4398 ιζ’.
2367 4351 2386 4384 ι
2427 4331 2791 4402 Ἐσκίρτησαν
2843 4331 3107 4399 δαμάλεις
3157 4332 3215 4385 ἐν
3241 4332 3363 4394 ταῖς
3401 4331 3634 4403 φάτναις
3665 4333 3770 4385 αὐ-

497 4422 662 4476 suis:
718 4423 884 4476 situm
938 4432 1335 4480 contraxerunt
1382 4425 1578 4480 horrea
1641 4427 1710 4480 ab
1777 4429 2075 4499 unguentis

2184 4426 2306 4489 τῶν,
2343 4423 2655 4494 ηύρωτίασε
2693 4422 2991 4492 σιτοδοχεῖα
3041 4409 3148 4476 ἀπὸ
3180 4423 3286 4476 τῶν
3319 4422 3642 4495 χρισμάτων
3668 4425 3769 4477 αὑ-

496 4513 638 4566 suis.
683 4531 702 4565 ι
749 4512 1176 4569 Subsultaturas
1207 4530 1335 4571 esse
1377 4515 1451 4569 ait
1478 4516 1704 4582 vitulas,
1733 4532 1842 4572 non
1868 4533 1932 4573 ex
1979 4534 2072 4572 sa-

2170 4513 2302 4568 τῶν.
2351 4532 2370 4565 ι
2407 4513 2732 4583 Σκιρτήσειν
2765 4511 2868 4582 ἔφη
2899 4513 2997 4575 τὰς
3042 4512 3330 4583 δαμάλεις,
3380 4513 3442 4566 ού
3475 4512 3564 4566 διὰ
3597 4514 3767 4584 κόρον

495 4601 727 4655 turitate
758 4601 810 4656 id
843 4613 1092 4672 agentes,
1127 4604 1222 4658 sed
1259 4602 1406 4658 fame
1439 4619 1772 4675 oppressas,
1810 4607 2075 4677 humique

2184 4603 2328 4658 τοῦτο
2382 4604 2676 4668 ποιούσας,
2713 4604 2829 4657 ἀλλ’
2864 4603 2968 4657 ὑπὸ
3023 4603 3183 4673 λιμοῦ
3230 4603 3628 4676 φθειρομένας,
3668 4609 3767 4658 καὶ

496 4700 723 4758 stratas,
751 4700 806 4747 et
828 4695 1008 4748 solum
1042 4695 1278 4764 pedibus
1312 4695 1627 4750 allidentes.
1671 4694 1884 4751 llorrea
1921 4713 2072 4764 vero,

494 4783 695 4852 inquit,
731 4783 897 4838 situm
957 4792 1392 4848 contraxerunt,
1430 4799 1627 4851 nempe
1679 4799 1804 4854 quae
1862 4785 2071 4841 dudum

497 4869 830 4926 frumentum
881 4887 989 4927 non
1051 4880 1438 4943 susceperunt.
1491 4870 1598 4926 Sed
1633 4879 1689 4926 et
1739 4875 2067 4941 toreularia,

493 4962 694 5031 inquit,
732 4973 990 5032 tanquam
1036 4964 1487 5034 supervacanea‘
1521 4962 1671 5031 fossa
1718 4973 1873 5029 sunt,
1913 4975 1968 5021 et
2021 4967 2070 5022 si

493 5051 627 5118 quid
677 5053 824 5105 aliud
858 5053 1130 5121 ejusmodi
1193 5055 1386 5110 usibus
1423 5053 1898 5109 accommodatum
1936 5057 2062 5126 fuit,

493 5145 656 5212 quasi
692 5143 1026 5212 superﬂuum
1057 5153 1111 5199 et
1144 5148 1360 5213 inutile,
1389 5147 1662 5202 remansit
1703 5149 2015 5218 neglectum
2051 5168 2064 5204 :

495 5233 641 5302 quod
666 5233 923 5287 nimirum
957 5235 1092 5289 nihil
1124 5246 1307 5301 esset,
1341 5238 1489 5308 quod
1520 5237 1722 5307 conjici
1762 5239 1816 5293 in
1849 5256 1912 5295 ea
1942 5255 2070 5310 pos-

496 5331 600 5378 set.
635 5320 750 5394 [18]
777 5321 1042 5394 Mugitum
1073 5325 1236 5380 etiam
1265 5328 1557 5384 ediderunt
1587 5338 1839 5385 armenta
1875 5331 2066 5396 boum,

2171 4695 2264 4748 ἐπὶ
2289 4693 2381 4747 τοῦ
2414 4694 2642 4765 ἐδάφους
2672 4695 3038 4766 ἐρριμμένας.
3078 4695 3173 4747 καὶ
3204 4695 3332 4758 τοὺς
3387 4695 3554 4757 πόδας
3577 4697 3645 4766 τῇ
3688 4700 3762 4767 τῇ

2174 4783 2690 4855 προσαρασσούσας.
2760 4784 2840 4838 Τὰ
2891 4784 2949 4836 δὲ
2997 4783 3092 4837 τοῦ
3141 4785 3326 4850 σίτου,
3381 4784 3537 4855 φησι,
3573 4785 3766 4854 δοχεῖα

2177 4874 2392 4945 εὐρῶτα
2418 4877 2741 4946 ὑπέμεινεν,
2768 4875 2844 4940 ὡς
2871 4875 3119 4929 πλεῖστον
3151 4877 3344 4949 χρόνον
3376 4877 3451 4947 μὴ
3485 4876 3766 4947 δεξάμενα.

2177 4969 2344 5019 σῖτον.
2387 4967 2547 5020 Ἀλλὰ
2577 4967 2672 5021 καὶ
2717 4966 2914 5035 ληνοὶ,
2943 4969 3108 5038 φησὶν
3129 5007 3145 5032 ,
3209 4967 3284 5031 ὡς
3322 4969 3578 5040 περιτταὶ
3611 4985 3753 5023 κατ-

2176 5057 2562 5127 εσκάφησαν,
2631 5060 2726 5113 καὶ
2767 5061 2820 5114 εί
2861 5079 2912 5114 τι
2977 5061 3162 5133 ἕτερον
3200 5056 3270 5130 ἦν
3319 5064 3440 5126 ταῖς
3477 5063 3763 5128 τοιαύταις

2177 5151 2655 5220 άπονενεμημένον
2699 5152 2910 5223 χρείαις
2928 5194 2942 5215 ,
2976 5149 3063 5205 οἷα
3088 5153 3153 5224 δὴ
3207 5153 3482 5224 περιττὸν,
3509 5153 3763 5223 μεμένη-

2174 5259 2270 5295 κεν
2307 5241 2680 5313 ἀτημέλητον,
2715 5243 2792 5307 ὡς
2827 5243 2938 5298 τῶν
2991 5245 3051 5297 ἐν
3100 5245 3283 5308 αὐτοῖς
3333 5244 3764 5315 ἐμϐαλλομένων

2175 5331 2275 5383 οὐκ
2322 5330 2514 5384 ὄντων.
2547 5333 2802 5386 Μυκᾶται
2836 5333 2892 5386 δὲ
2935 5335 3030 5388 καὶ
3055 5335 3124 5388 τὰ
3176 5333 3458 5404 βουκόλια,
3494 5334 3596 5404 τὴν
3643 5335 3764 5390 τῶν

1767 5503 2000 5560 VARIA‘I
2036 5504 2440 5564 LECTIONES.

568 5631 801 5719 {uesci}:
831 5633 895 5690 Α.
927 5649 1115 5706 praem.
1160 5635 1386 5706 Κυρίου.
1465 5640 1510 5672 ⁸ο
1540 5640 1582 5694 C
1618 5641 1878 5711 κράξατε.
1954 5641 1997 5675 ⁸⁸
2023 5643 2078 5696 or
2101 5660 2212 5712 μοι.
2269 5642 2554 5714 Repetitur
2585 5643 2638 5697 in
2671 5641 2734 5697 C.
2785 5641 2860 5696 Ita
2891 5657 3110 5714 quoque
3147 5650 3267 5711 post
3310 5656 3503 5711 pauca.
3572 5641 3619 5676 “
3648 5644 3752 5719 ἠμ.

496 5701 537 5753 C
562 5717 747 5771 praem.
776 5704 832 5774 ἡ.
