4088 6454
323 478 444 544 1641

1607 477 1686 537 ΙΝ
1714 476 1970 537 JOELIS
1992 477 2150 538 CAP.
2183 479 2266 540 II.

3437 479 3572 546 ἱέροὲ

317 593 650 665 ὀδυρομένων
683 592 1102 663 ἐπιδεικνύμενα
1143 591 1327 663 φωνὴν
1347 631 1362 654 ,
1397 590 1586 660 ἐπειδὴ
1635 591 1735 661 τῆς
1766 607 1891 643 συν-

2001 591 2296 663 Iugentium
2333 607 2521 649 vocem
2571 596 3043 664 repraesentanda,
3098 593 3247 666 quod
3276 609 3388 650 non
3437 611 3574 651 eon-

319 685 474 756 ήθους
531 685 631 737 οὐκ
681 685 944 737 ἀπολαύει
987 684 1225 754 τροφῆς·
1258 682 1431 736 ταῦτά
1479 682 1536 735 δὲ
1578 683 1723 734 ποιεῖ
1775 683 1893 744 ταῖς

2001 689 2156 736 sueto
2189 682 2313 738 cibo
2344 681 2658 739 fruerentur
2689 704 2702 741 :
2738 694 2850 740 tum
2884 702 3078 757 greges
3099 687 3283 740 ovium
3317 686 3574 744 similiter

320 775 468 843 βουσὶ
496 773 725 828 καὶτῶν
756 773 1046 844 προϐάτων
1083 773 1151 825 τὰ
1191 772 1437 842 ποίμνια.
1483 770 1643 823 Ἀλλὰ
1687 770 1894 824 τούτων

319 866 456 920 οὕτω
481 865 798 938 δρωμένων,
842 856 1004 933 Ἐγὼ,
1041 865 1206 935 φησὶν
1239 867 1268 916 ὁ
1309 863 1618 934 προφήτης,

391 958 478 1011 ιθ’.
519 975 537 1008 ι
579 958 721 1027 Πρὸς
748 956 836 1020 σὲ,
869 956 1068 1025 Κύριε,
1100 955 1386 1026 βοήσομαι,
1412 954 1494 1006 ὅτι
1518 954 1629 1024 πῦρ
1655 953 1895 1023 ἀνήλωσε

320 1047 385 1101 τὰ
409 1048 592 1118 ὡραῖα
614 1049 714 1116 τῆς
741 1047 971 1116 ἐρήμου,
991 1046 1083 1098 καὶ
1107 1045 1240 1112 φλὸξ
1265 1044 1437 1113 ἀνῆψε
1461 1044 1638 1097 πάντα
1668 1042 1738 1096 τὰ
1763 1043 1895 1109 ξύλα

318 1138 408 1191 τοῦ
439 1136 632 1207 ἀγροῦ.
675 1155 692 1188 ι
723 1136 843 1188 Τῶν
879 1135 985 1207 γὰρ
1021 1133 1382 1204 ἐπικειμένων
1413 1131 1598 1186 κακῶν
1621 1133 1715 1200 τὴν
1742 1132 1896 1186 λύσιν

317 1235 467 1304 παρά
491 1232 584 1285 σοῦ
613 1232 776 1301 μόνου
805 1230 1132 1301 πορίσασθαι
1162 1229 1404 1283 δυνατόν.
1424 1229 1551 1296 Πῦρ
1571 1229 1627 1281 δὲ
1660 1227 1897 1291 καὶτοὺς

317 1325 610 1396 πολεμίους
644 1325 833 1394 νοῆσαι
884 1322 1130 1385 δυνατὸν,
1161 1321 1330 1391 πυρὸς
1367 1322 1522 1392 δίκην
1571 1322 1751 1374 πᾶσαν
1797 1321 1896 1390 τὴν

319 1414 502 1486 χώραν
523 1413 735 1482 ἐκείνην
757 1411 1069 1484 δῃώσαντας
1092 1430 1102 1442 ⁸
1126 1414 1218 1463 καὶ
1240 1410 1421 1480 μέντοι
1451 1411 1545 1463 καὶ
1563 1409 1657 1480 τὴν
1678 1409 1894 1480 ἀκρίδα,

318 1507 416 1559 καὶ
441 1506 538 1576 τὴν
570 1504 851 1575 ἐρίσυϐηην,
897 1505 987 1557 καὶ
1022 1503 1090 1555 τὰ
1120 1502 1329 1563 τούτοις
1361 1501 1709 1570 συνημμένα·
1746 1500 1897 1552 οὐδὲν

316 1596 427 1666 γὰρ
458 1591 621 1667 ἧττον
648 1595 768 1646 οὐδὲ
798 1593 968 1646 ταῦτα
1005 1593 1214 1660 πέφυκε
1239 1592 1361 1654 τοὺς
1391 1591 1498 1644 ἀπὸ
1530 1591 1632 1660 γῆς
1651 1591 1898 1660 διαφθεί-

319 1703 436 1754 ρειν
473 1682 739 1754 καρπούς.
778 1684 976 1750 Ὠραῖα
1003 1682 1058 1735 δέ
1084 1681 1307 1750 ἐῬήμου
1335 1679 1490 1734 καλεῖ
1514 1681 1579 1733 τά
1603 1679 1768 1733 πάλαι
1800 1680 1900 1750 μὲν

315 1775 518 1842 ὡραῖα,
537 1772 631 1824 νῦν
661 1772 718 1824 δὲ
744 1771 925 1842 ἔρημα
951 1771 1293 1840 γεγενημένα
1319 1769 1408 1823 διὰ
1429 1769 1495 1822 τά
1517 1768 1898 1838 συμϐεϐηκότα

313 1863 486 1918 κακά.
541 1863 649 1916 Καὶ
688 1861 853 1933 γάρῖ³
889 1861 1028 1932 μετά
1077 1861 1282 1930 βραχέα
1313 1859 1481 1928 λέγει,
1519 1860 1600 1912 ὃτι
1632 1877 1650 1910 ι
1697 1859 1776 1910 Τά
1802 1858 1899 1930 ἐμ-

2001 781 2059 826 ut
2085 772 2253 828 boves
2306 772 2578 830 fecerunt.
2615 773 2820 830 Verum
2858 778 2945 832 his
3005 779 3079 831 ita
3109 792 3168 831 se
3211 776 3571 843 habentibus,

2003 864 2219 934 1388
2241 863 2376 935 Ego,
2415 867 2595 933 inquit
2620 868 2908 937 propheta,

2073 955 2235 1009 Vens.
2281 956 2369 1012 19.
2402 975 2420 1008 ι
2460 957 2540 1010 Ad
2596 967 2670 1020 te,
2701 958 2950 1023 Domine,
3016 957 3284 1023 clamabo,
3311 959 3573 1028 quoniam

2000 1047 2145 1116 ignis
2177 1049 2527 1117 consumpsit
2563 1051 2814 1118 speciosa
2842 1050 3075 1116 deserti,
3106 1059 3160 1104 et
3194 1049 3412 1105 ﬂamma
3442 1067 3574 1105 suc-

1999 1136 2188 1190 cendit
2245 1139 2431 1192 omnia
2483 1139 2628 1210 ligna
2678 1140 2814 1210 agri.
2873 1159 2891 1191 ›
2937 1139 3373 1196 incumbentium
3421 1143 3571 1197 enim

2000 1227 2272 1278 malorum
2305 1228 2691 1283 liberationem
2731 1229 2831 1283 abs
2867 1238 2919 1284 te
2958 1231 3078 1285 solo
3117 1233 3383 1301 consequi
3415 1232 3567 1288 licet.

2002 1311 2148 1382 Ignis
2177 1323 2358 1368 autem
2394 1317 2587 1371 hostes
2612 1332 2832 1386 quoque
2861 1318 3183 1388 signiﬁcare
3227 1309 3426 1390 potest,
3477 1324 3570 1392 qui

2002 1403 2177 1457 instar
2206 1405 2347 1474 ignis
2376 1421 2591 1460 onmem
2623 1409 2901 1478 regionem
2929 1410 3077 1463 illam
3109 1411 3420 1481 depOpulati
3455 1412 3572 1467 iue-

2000 1503 2126 1547 rant
2157 1511 2170 1547 :
2203 1503 2316 1548 tum
2347 1495 2515 1549 etiam
2551 1497 2841 1561 locustam,
2867 1500 3201 1568 rubiginem,
3229 1511 3282 1555 et
3305 1521 3426 1572 quae
3449 1521 3570 1558 cum

2003 1585 2126 1639 istis
2161 1587 2459 1653 conjuncta
2491 1596 2640 1641 sunt.
2673 1588 2806 1644 Nam
2853 1590 2969 1646 hazc
3015 1592 3182 1646 etiam
3225 1608 3332 1646 non
3390 1596 3576 1650 minus

2003 1675 2191 1745 fruges
2235 1686 2394 1731 terra:
2448 1692 2807 1750 corrumpere
2847 1682 3045 1737 solent.
3081 1683 3332 1752 Speciosa
3389 1696 3574 1740 autem

2002 1763 2196 1818 deserti
2220 1775 2380 1821 vocat
2428 1783 2511 1834 ea,
2561 1785 2682 1837 qua:
2742 1770 3020 1839 quondam
3085 1772 3361 1842 speciosa.
3410 1767 3575 1828 nunc

2004 1852 2224 1905 deserta
2262 1853 2407 1906 facta
2435 1863 2560 1908 sunt
2587 1865 2814 1926 propter
2837 1859 3210 1926 calamitates,
3263 1879 3385 1930 qua:
3430 1867 3578 1917 acci-

314 1951 556 2022 προσθεν
617 1951 803 2016 αὐτοῦ,
844 1951 920 2014 ὡς
977 1950 1305 2020 παράδεισος
1355 1948 1564 2020 τρυφῆς
1601 1949 1668 2011 ⁸⁵,
1710 1950 1803 2002 καὶ
1831 1949 1899 2001 τὰ

2003 1941 2220 1994 derunt.
2255 1941 2391 1995 Nam
2426 1953 2481 1996 et
2512 1947 2675 2014 paulo
2705 1955 2830 2016 post
2866 1948 2945 2001 ait
2979 1965 2991 2000 :
3028 1969 3044 2000 ι
3086 1950 3242 2004 Sicut
3278 1927 3574 2020 paradisus

313 2041 492 2095 ὀπίσω
550 2041 736 2106 αὑτοῦ,
778 2042 853 2104 ὡς
887 2041 1068 2094 πεδίον
1117 2040 1450 2110 ἀφανισμοῦ.
1510 2060 1527 2093 ι
1574 2040 1791 2112 Ἐπειδὴ
1818 2041 1894 2102 δὲ,

313 2132 474 2202 φησὶ,
528 2134 690 2202 ἡμεῖς
733 2132 943 2195 ἀνάξιοι
989 2132 1088 2202 τῆς
1149 2131 1299 2199 παρά
1342 2131 1435 2184 σοῦ
1491 2131 1898 2201 φιλανθρωπίας

310 2226 523 2293 τυχεῖν,
569 2222 784 2290 φειδοῦς
839 2239 983 2284 τινος
1016 2221 1374 2274 ἁπολαυσάτω
1403 2223 1470 2274 τὰ
1501 2224 1672 2292 κτήνη
1715 2222 1900 2291 μυκώ-

313 2329 460 2382 μενα
505 2313 599 2364 καὶ
625 2309 949 2380 βληχώμενοι
971 2352 985 2376 ,
1019 2331 1036 2361 ι
1073 2311 1193 2364 Ὅτι
1238 2311 1614 2382 ἐξηράνθησαν
1675 2313 1899 2381 ἀφέσεις

311 2403 548 2456 ὑδάτων.
587 2421 604 2453 ι
643 2400 716 2454 Τὸ
747 2402 804 2454 δὲ
853 2403 920 2467 ⁸³,
949 2423 966 2452 ι
1006 2403 1335 2472 ’Λνέϐλεψαν
1367 2403 1499 2473 πρὸς
1533 2404 1611 2468 σὲ,
1643 2422 1661 2454 ι
1699 2406 1797 2474 οὐχ
1825 2405 1900 2468 ὡς

307 2495 448 2564 περὶ
490 2494 726 2561 λογικῶν
777 2495 1019 2563 εἴρηκεν,
1061 2495 1174 2548 ἀλλ’
1209 2497 1299 2556 εἰς.
1326 2493 1472 2546 ἔλεον
1528 2495 1754 2549 ἑλκύσαι
1807 2497 1899 2548 τὸν

310 2586 600 2653 Δεσπότην
648 2583 972 2654 βουλόμενος
996 2627 1010 2650 ,
1046 2585 1216 2649 οὕτως
1261 2585 1485 2638 ἐκάλεσε
1534 2586 1624 2637 τὸν
1659 2587 1766 2639 ἀπὸ
1799 2587 1899 2656 τῆς

312 2676 519 2739 ἐνδείας
547 2675 831 2745 γινόμενον
856 2677 1192 2744 μυκηθμόν.

925 2877 1178 2932 ΚΕΦΑΛ.
1230 2877 1304 2934 B'.

403 2993 564 3048 Ἀλλά
588 2992 686 3046 καὶ
716 2991 810 3044 τοῦ
833 2994 1115 3060 προφήτου
1150 2989 1609 3060 προσενηνοχότος
1643 2990 1747 3061 τὴν
1775 2991 1902 3062 δέη..

313 3105 428 3151 σιν,
461 3085 624 3137 πάλιν
650 3086 678 3137 ὁ
699 3082 977 3151 Δεσπότης
1032 3082 1467 3151 παρακελεύεται
1501 3083 1599 3146 τὰς
1638 3083 1782 3136 κατά
1811 3084 1900 3137 νό-

317 3197 427 3252 μον
462 3175 944 3248 προστεταγμένας
967 3174 1171 3244 ὴχῆσαι
1205 3173 1508 3243 σάλπιγγας
1537 3175 1595 3228 ἐν
1627 3178 1692 3246 τῇ
1737 3175 1896 3239 Σιὼν,

2003 2032 2302 2098 voluptatis
2345 2048 2408 2087 ea
2458 2051 2579 2103 qua:
2624 2045 2751 2091 ante
2790 2035 2988 2092 faciem
3024 2039 3168 2108 ejus,
3203 2047 3258 2094 et
3293 2058 3414 2112 quae
3450 2052 3576 2114 post

2001 2122 2154 2176 illum
2180 2135 2332 2185 sunt,
2373 2125 2518 2178 sicut
2552 2140 2782 2196 campus
2815 2129 3132 2183 solitudinis
3155 2131 3198 2184 ί.
3246 2149 3264 2182 ι
3295 2131 3407 2203 [‘20]
3430 2133 3577 2197 Quo-

2002 2214 2150 2266 niam
2187 2221 2368 2268 autent
2403 2215 2634 2287 indigni,
2669 2217 2767 2284 ait,
2805 2233 2908 2274 nos
2954 2235 3148 2276 sumus
3196 2221 3291 2290 qui
3325 2237 3354 2274 a
3382 2230 3435 2277 te
3467 2225 3576 2277 mi-

2004 2305 2363 2361 sericordiam
2398 2322 2826 2380 consequamur,
2858 2314 3073 2367 veniam
3104 2314 3344 2384 aliquam
3378 2319 3572 2373 saltem

2003 2405 2414 2464 consequantur
2449 2412 2650 2466 pecora
2678 2401 2977 2470 mugientia
3011 2411 3064 2456 et
3088 2402 3351 2469 balantia,
3379 2425 3396 2455 ‹
3427 2405 3577 2470 Quo-

2003 2487 2150 2539 niam
2178 2501 2516 2542 exaruerunt
2536 2489 2867 2546 emissiones
2888 2506 3178 2561 aquarum.
3207 2515 3224 2545 ›
3253 2496 3388 2549 Illud
3419 2512 3572 2562 vero,

2011 2596 2028 2627 ι
2076 2577 2458 2648 Suspexernnt
2490 2581 2556 2634 ad
2583 2589 2655 2646 te,
2679 2601 2697 2632 ι
2728 2598 2840 2636 non
2871 2593 2932 2639 ut
2960 2584 3027 2638 de
3049 2585 3264 2641 ratione
3291 2590 3572 2646 utentibus

2002 2670 2162 2733 dixit,
2199 2671 2296 2726 sed
2322 2673 2386 2725 ad
2414 2673 2852 2727 misericordiam
2887 2675 3110 2730 allicere
3147 2679 3336 2733 volens
3385 2679 3574 2735 Domi-

2008 2775 2156 2812 -utn.
2201 2760 2282 2814 sic
2325 2764 2538 2816 vocavit
2569 2769 2845 2818 extortum
2889 2781 2983 2833 per
3024 2768 3266 2838 inopiam
3297 2775 3575 2842 mugitum.

2672 2877 2826 2932 CAP.
2889 2879 2953 2937 ΙΙ.

2075 2983 2154 3058 [ι]
2193 2985 2494 3058 Postquam
2551 2993 2821 3063 propheta
2871 3011 3064 3065 preces
3112 2999 3348 3065 obtulit,
3380 3019 3576 3060 rursus

1999 3075 2156 3144 jubet
2187 3077 2452 3135 Dominus
2487 3083 2634 3135 tubis
2664 3099 2726 3136 ex
2760 3085 2898 3153 legis
2926 3087 3187 3144 mandato
3229 3090 3488 3160 clangere
3518 3094 3574 3148 in

2006 3163 2194 3233 Sione,
2225 3178 2282 3221 et
2307 3183 2404 3237 per
2430 3186 2711 3238 praecones
2739 3189 3076 3244 congregare
3106 3193 3301 3234 omnes
3338 3183 3390 3235 in
3421 3199 3576 3236 mon-

311 3273 416 3327 καὶ
435 3271 523 3324 διὰ
551 3269 809 3341 κηρύκων
844 3271 1168 3337 συναγαγεῖν
1196 3269 1439 3330 ἅπαντας
1463 3269 1543 3331 εἰς
1572 3268 1632 3320 τὸ
1659 3269 1898 3338 ἀφιερω-

2005 3264 2114 3308 tem
2153 3256 2260 3312 Deo
2291 3270 2680 3314 consecratum
2725 3279 2737 3314 :
2777 3281 2795 3313 ι
2831 3263 3347 3338 Quoniam,inquit,
3373 3285 3575 3342 appro-

314 3361 483 3433 μένον
512 3360 590 3430 τῷ
622 3358 740 3428 Θεῷ
793 3359 918 3429 ὅρος
957 3373 970 3386 ·
1011 3375 1032 3409 σ
1063 3359 1186 3410 Ὅτι
1225 3357 1467 3422 πελάζει,
1510 3357 1694 3426 φησὶν,
1723 3358 1752 3409 ὁ
1798 3356 1898 3424 τῆς

311 3451 593 3522 τιμωρίας
629 3448 817 3519 καιρός
834 3448 903 3500 δ’.
940 3466 960 3497 ι
993 3448 1089 3500 Ὃν
1131 3448 1230 3500 οῦκ
1275 3448 1340 3499 ἄν
1367 3464 1454 3508 τις
1492 3448 1750 3516 ἁμάρτοι,
1772 3447 1898 3514 γνό-

311 3560 443 3615 φου,
498 3543 593 3596 καὶ
627 3541 872 3602 σκότους,
924 3538 1155 3610 ὁμίχλης
1184 3555 1244 3590 τε
1272 3538 1365 3591 καὶ
1406 3536 1632 3607 θυέλλης
1682 3537 1898 3608 ἡμέραν

310 3629 788 3704 προσαγορεύωνσ
839 3629 1064 3682 τοιαῦτα
1101 3629 1210 3699 γὰρ
1251 3628 1318 3680 τὰ
1360 3628 1418 3680 ἐν
1447 3626 1597 3696 αὐτῷ
1625 3627 1790 3691 κακὰ,
1823 3627 1900 3689 ὡς

314 3722 530 3796 μηδένα
561 3719 818 3787 αἴσθησιν
847 3716 1149 3787 λαμϐάνειν
1185 3716 1360 3782 φωτὸς
1375 3715 1442 3778 ⁸⁷,
1478 3713 1592 3767 ἀλλ’
1633 3714 1692 3765 ὲν
1723 3713 1899 3780 σκότῳ

312 3814 416 3869 καὶ
435 3812 620 3881 γνόφῳ
648 3810 857 3876 διάγειν
880 3806 1306 3876 ὑπολαμϐάνειν.
1331 3801 1465 3858 Εὶτα
1495 3804 1645 3872 λέγει
1679 3803 1773 3857 καὶ
1801 3803 1900 3871 τῆς

312 3900 593 3970 τιμωρίας
617 3900 677 3952 τὸ
709 3894 870 3960 εἶδος.
901 3917 920 3948 ι
968 3896 1058 3959 Ὠς
1089 3895 1285 3966 ὄρθρος
1316 3894 1358 3925 ⁸⁸
1386 3894 1678 3964 χυθήσεται
1713 3894 1804 3945 ἐπὶ
1832 3893 1901 3946 τά

313 3993 427 4063 ὅρη
462 3991 586 4054 λαὸς
608 3989 776 4052 πολὺς
799 3989 892 4041 καὶ
929 3987 1148 4057 ἰσχυρός
1173 4001 1186 4014 ·
1217 3986 1402 4052 ὅμοιος
1444 3983 1610 4037 αὑτοῦ
1637 3984 1696 4036 ού
1739 3982 1900 4051 γέγο-

325 4100 414 4136 ιεν
445 4081 553 4136 ἀπὸ
581 4080 672 4134 τοῦ
703 4079 921 4142 αἰῶνος,
958 4078 1054 4130 καὶ
1103 4077 1222 4145 μετ’
1241 4073 1404 4128 αὐτὸν
1443 4075 1504 4125 οὐ
1534 4072 1900 4144 προστεθήσε‹

309 4188 434 4235 ται,
462 4170 568 4233 ἓως
600 4167 738 4222 ἐτῶν
760 4169 838 4230 εἰς
859 4166 1050 4236 γενεὰς
1081 4164 1192 4218 τῶν
1211 4164 1254 4196 ⁸⁸
1287 4162 1510 4230 γενεῶν.
1547 4163 1897 4216 ι’Λίνίττεται

307 4262 378 4317 δὲ
406 4255 496 4315 διὰ
527 4261 735 4313 τούτων
784 4259 1093 4329 ἀμφότερα,
1146 4257 1242 4310 καὶ
1273 4254 1370 4325 τὴν
1404 4254 1635 4324 ἀκρίδα,
1668 4254 1762 4306 καί
1789 4253 1899 4306 τῶν

311 4353 601 4422 πολεμίων
623 4351 684 4404 τὺ
719 4351 898 4419 νέφος.
931 4350 1043 4402 Καὶ
1081 4348 1220 4418 αὑτὴ
1249 4348 1356 4416 γὰρ
1386 4348 1627 4400 κάκεῖνοι
1658 4345 1737 4416 τῷ
1766 4346 1901 4416 πλή-

305 4446 401 4498 θει
434 4445 527 4498 καὶ
565 4444 634 4496 τὰ
657 4443 836 4507 πεδία,
861 4441 955 4494 καὶ
979 4440 1080 4504 τὰς
1112 4439 1225 4492 τῶν
1247 4439 1391 4508 ὀρῶν
1420 4436 1702 4506 ἐκάλυψαν
1737 4453 1900 4506 κορυ-

302 4537 446 4605 φάς.
476 4536 550 4588 Τὸ
593 4534 694 4604 μὲν
738 4529 832 4586 οὖν
864 4533 940 4602 μὴ
993 4530 1324 4601 γεγενῆσθαι
1373 4531 1494 4584 κατ’
1540 4529 1757 4599 ἐκείνην
1798 4528 1897 4598 τὴν

300 4594 506 4695 ἔφοδον
554 4594 750 4696 ἑτέραν
785 4661 799 4687 ,
856 4594 1127 4694 ἀορίστως
1183 4594 1503 4693 ἀπεφήνατο
1546 4637 1560 4650 ·
1592 4618 1652 4672 τὸ
1711 4594 1770 4671 δὲ
1931 4594 1972 4647 D

299 4716 570 4780 ῐπεσθαι,
605 4715 744 4785 μετὰ
762 4713 1046 4783 διορισμοῦ
1078 4730 1221 4776 τινος
1246 4729 1261 4743 ο
1294 4730 1313 4763 ι
1363 4712 1439 4765 Οὐ
1467 4709 1898 4780 προστεθήσεται

297 4807 449 4879 γὰρ,
481 4805 670 4876 φησὶν,
695 4805 800 4867 ἕως
826 4803 985 4857 ἐτῶν.
1020 4822 1038 4853 ι
1072 4803 1326 4857 Διδάσκει
1353 4801 1412 4855 δὲ
1450 4801 1526 4865 ὡς
1557 4801 1693 4871 πυρὶ
1713 4817 1895 4872 παρα-

293 4897 563 4968 πλησίως
591 4895 966 4959 ἐπελεύσεται,
1004 4894 1095 4948 καὶ
1142 4893 1322 4948 πάντα
1359 4891 1658 4962 διαφθερεῖ.
1689 4891 1897 4946 Τοσαύ-

286 5003 416 5056 την
443 4985 518 5047 δὲ,
550 4984 736 5055 φησὶν,
767 4983 959 5048 ἐπάξει
999 4981 1180 5051 λώϐην
1212 4984 1278 5053 τῇ
1317 4984 1410 5053 γῇ,
1446 4981 1522 5044 ὡς
1556 4981 1648 5034 τὸν
1683 4980 1897 5051 θεώμε-

288 5092 403 5130 νον
452 5073 780 5137 ἀπεικάζειν
816 5073 884 5128 τά
929 5073 1027 5144 μὲν
1077 5072 1304 5143 μηδέπω
1334 5074 1533 5142 πεῖραν
1572 5070 1678 5125 τῶν
1707 5071 1892 5124 κακῶν

284 5166 574 5236 εἰληφότα
617 5165 699 5236 τῷ
742 5165 842 5235 τῆς
894 5165 1108 5235 τρυφῆς
1163 5163 1478 5236 παραδείσῳ
1507 5179 1520 5194 ·
1558 5161 1627 5216 τά
1653 5162 1710 5216 δὲ
1750 5162 1892 5231 μετὰ

280 5259 410 5330 τὴν
465 5256 656 5326 ἔφοδον
679 5298 696 5324 ,
727 5257 1052 5330 δεδῃωμένῳ
1109 5255 1301 5326 πεδίῳ,
1349 5255 1444 5307 καὶ
1493 5252 1770 5316 παντελῶς
1821 5252 1893 5305 δι-

279 5349 667 5421 εφθαρμένῳ.
724 5349 965 5421 Τοιαύτῃ
1026 5347 1136 5420 γὰρ
1191 5343 1536 5415 πανωλεθρίᾳ
1587 5342 1892 5415 παραδοθή-

381 5505 406 5546 ί
444 5501 560 5562 Joel
587 5521 644 5573 ιι,
666 5505 720 5560 5.

2003 3347 2231 3416 pinquat
2288 3357 2502 3418 tempus
2553 3353 2801 3408 ultionis.
2833 3372 2854 3405 ι
2885 3354 3041 3421 Quod
3081 3364 3300 3428 tempus
3349 3363 3396 3415 si
3445 3365 3575 3432 quis

2001 3452 2200 3491 vocare
2233 3439 2364 3492 velit
2389 3440 2534 3493 diem
2563 3443 2841 3511 caliginis,
2870 3447 3247 3514 tenebrarum,
3276 3452 3492 3523 1389
3519 3465 3576 3510 et

2001 3528 2212 3582 nebulae
2245 3543 2309 3583 ae
2349 3532 2611 3596 turbinis,
2644 3549 2756 3588 non
2784 3537 2994 3592 errabit
3025 3555 3038 3592 :
3072 3554 3198 3595 nam
3241 3551 3392 3597 tanta
3424 3544 3480 3599 in
3509 3562 3576 3601 eo

2000 3627 2164 3674 erunt
2194 3622 2356 3685 mala,
2388 3629 2446 3675 ut
2490 3638 2652 3680 nemo
2686 3626 2828 3682 lucis
2861 3643 3088 3684 sensum
3142 3635 3447 3705 percipiat,
3480 3639 3576 3692 sed

2003 3711 2056 3764 in
2096 3713 2341 3768 tenebris
2372 3723 2426 3768 et
2465 3717 2709 3786 caligine
2747 3733 2810 3774 se
2855 3722 3067 3777 versari
3103 3735 3274 3793 putet.
3317 3726 3397 3800 [ἓ]
3449 3728 3579 3783 l‘ost

2003 3803 2139 3867 haac,
2178 3804 2410 3860 ultionis
2441 3808 2608 3861 etiam
2639 3824 2814 3878 genus
2848 3813 3130 3883 exprimit.
3165 3815 3367 3871 «Sicut
3413 3835 3576 3874 mane

2002 3893 2262 3949 l'undetur
2292 3911 2461 3964 super
2493 3905 2714 3954 montes
2741 3904 2982 3971 pepulus
3016 3905 3223 3962 multus
3269 3914 3324 3962 et
3362 3908 3526 3965 fortis
3558 3932 3572 3965 :

2001 3985 2201 4040 similis
2244 3986 2293 4040 ei
2337 4001 2445 4041 non
2483 3988 2585 4042 fuit
2633 4005 2663 4042 a
2716 3993 2941 4057 saeculo,
2985 4003 3034 4049 et
3099 4006 3227 4064 post
3282 4012 3407 4052 eun:
3462 4016 3572 4054 non

2001 4076 2319 4144 adiicietur,
2362 4094 2535 4147 usque
2591 4083 2658 4133 ad
2701 4097 2876 4138 annos
2935 4085 2990 4138 in
3025 4086 3453 4156 generationes‘
3483 4108 3578 4160 ge-

2000 4166 2404 4221 nerationum.»
2433 4167 2743 4239 Utrumque
2767 4181 2951 4228 autem
2979 4174 3062 4230 his
3094 4179 3278 4233 verbis
3299 4159 3573 4251 designat,

1999 4267 2052 4310 et
2089 4256 2481 4318 locustam,'et
2517 4258 2760 4313 hostium
2796 4262 3023 4318 nubem.
3051 4263 3187 4318 Nam
3220 4275 3275 4320 et
3306 4267 3398 4322 illa
3429 4278 3485 4324 et
3518 4271 3574 4325 hi

1999 4360 2239 4416 quoque,
2295 4361 2616 4418 camporum
2682 4351 2844 4420 plana
2903 4362 2958 4408 et
3012 4358 3279 4411 montium
3337 4362 3574 4416 vertices

1999 4436 2353 4492 multitudine
2396 4451 2822 4508 cooperuerunt.
2859 4441 3014 4508 Quod
3049 4444 3219 4515 igitur
3251 4462 3361 4502 non
3410 4449 3575 4504 fuerit

2001 4524 2108 4578 alia
2135 4525 2265 4579 huic
2301 4525 2504 4583 similis
2529 4528 2801 4596 incursio,
2829 4531 3113 4588 indeﬁnite
3147 4517 3526 4604 pronuntiavit
3555 4557 3568 4592 :

1999 4615 2147 4686 quod
2177 4631 2312 4671 vero
2342 4615 2525 4672 futura
2567 4635 2680 4676 non
2710 4623 2804 4688 sit,
2836 4639 2958 4678 cum
2989 4626 3232 4694 quadam
3253 4625 3576 4684 deﬁnitione

1999 4707 2184 4776 posuit
2217 4725 2230 4760 :
2260 4707 2396 4762 dicit
2423 4709 2594 4776 enim,
2625 4729 2644 4761 ι
2685 4709 2804 4766 Non
2834 4713 3132 4782 adjicietur
3165 4730 3342 4784 usque
3374 4717 3442 4772 ad
3476 4734 3576 4772 an-

1998 4812 2123 4853 nos.
2163 4816 2182 4849 ι
2217 4795 2301 4869 [5]
2356 4796 2522 4854 Docet
2570 4810 2754 4856 autem
2791 4817 2859 4858 ea
2895 4803 3074 4858 instar
3109 4806 3255 4876 ignis
3312 4817 3572 4872 ventura,

1996 4899 2052 4943 et
2088 4889 2275 4943 smnia
2317 4897 2604 4946 vastatura
2638 4908 2784 4949 esse.
2836 4893 3202 4965 Tantamque,
3245 4895 3450 4967 inquit,
3481 4914 3575 4953 ca-

1999 4979 2300 5035 lamitatem
2339 4981 2392 5037 in
2427 4991 2631 5038 terram
2663 4986 2910 5053 invehet,
2944 4994 3004 5040 ut
3032 5002 3094 5042 ea
3125 4988 3268 5052 loca,
3292 5004 3414 5059 quin
3440 5006 3578 5045 non-

1996 5075 2126 5130 dum
2181 5073 2392 5130 cladem
2446 5077 2596 5132 illam
2648 5078 3002 5148 pertulerint,
3033 5081 3410 5151 comparaturi
3464 5083 3576 5138 sint

1997 5165 2093 5235 qui
2134 5166 2432 5235 inspicient
2487 5183 2612 5222 cum
2663 5171 2827 5225 horto
2879 5170 3393 5228 deliciarummlia
3443 5189 3576 5228 vero

1999 5266 2124 5327 post
2153 5257 2554 5326 incursionem,
2586 5274 2712 5314 cum
2741 5274 2940 5331 campo
2973 5262 3191 5334 direpto
3239 5263 3574 5334 penitusque

1999 5352 2236 5399 vastato.
2287 5342 2380 5400 Sic
2410 5346 2558 5402 euim
2617 5346 2870 5404 funditus
2919 5349 3202 5421 peribunt,
3235 5359 3298 5408 ut
3338 5351 3571 5409 salutem

1587 5629 1826 5688 VARUS
1853 5628 2261 5690 LEGTIONES.

378 5777 435 5817 ιι
462 5777 536 5847 γά
579 5818 592 5833 .
623 5777 751 5834 Des.
787 5779 840 5832 in
861 5777 923 5831 (Ξ.
999 5776 1134 5838 ιδὼς
1171 5789 1306 5844 παρ.
1339 5788 1372 5825 τ
1415 5811 1429 5826 .
1459 5771 1593 5828 Rec.
1613 5772 1787 5853 .lectio
1820 5779 1904 5826 est
1931 5770 2042 5841 πῦρ
2067 5771 2372 5855 ἀναλίσκονἷ
2448 5772 2495 5808 ⁸⁸
2523 5775 2659 5861 δερ
2687 5778 2815 5848 γάρ.
2839 5848 2863 5860 η
2891 5779 2937 5812 ⁸⁸
2964 5779 3084 5832 πελ.
3115 5779 3230 5860 δ’τ.
3261 5794 3375 5862 τὶιμ.
3409 5791 3561 5846 καφ.

378 5848 484 5903 iter
505 5796 754 5903 οῗιιιχ.
829 5848 874 5878 ⁸⁷
901 5863 1038 5903 φωτ.
1063 5790 1414 5903 -ὑπολαιιϐῗ
1457 5843 1578 5899 Des.
1612 5860 1667 5898 tu
1694 5843 1756 5897 C.
1861 5842 1907 5873 ⁸⁸
1946 5842 2100 5903 ὅρθρ.
2136 5842 2210 5897 Id.
2245 5844 2396 5899 addit
2431 5845 2617 5903 πολυς.
2725 5850 2769 5880 δ’
2797 5866 2924 5902 των.
2992 5849 3117 5901 Des.
3157 5862 3213 5900 In
3260 5847 3325 5900 (..

274 5848 484 5903 Aliter
505 5867 534 5902 ο

715 5941 987 6000 ΡΑτιιοῐ..
1021 5938 1139 5998 Gn.
1176 5937 1444 5997 LXXXI.

613 5847 754 5903 AX.
829 5848 874 5878 ‘7
901 5863 1038 5915 φωτ.
1063 5842 1414 5913 -ὑπολαιιϐ,
1457 5843 1578 5899 Des.
1612 5843 1667 5898 in
1694 5843 1756 5897 C.
1803 5909 1816 5917 _
1861 5842 1907 5873 ⁸⁸
1946 5842 2100 5913 ὅρθρ.
2136 5842 2210 5897 Id.
2245 5844 2396 5899 addit
2431 5845 2617 5910 πολύς.

2725 5847 2771 5880 ⁸⁵
2797 5848 2924 5902 τῶν.
2992 5849 3117 5901 Des.
3157 5847 3213 5900 in
3260 5847 3325 5900 C.

3108 5935 3180 5996 52
