4088 6426
600 505 738 570 1643
1587 517 2072 578 THEODORETI
2115 517 2178 577 Ε]

2286 517 2453 579 COPI
2485 520 2852 584 CYRENSIS
3709 525 3826 588 1644

598 631 668 671 ne
703 615 741 672 ii
769 617 992 688 quidem
1062 619 1152 690 qui
1212 616 1452 689 fugerint
1499 617 1614 676 sint
1675 623 1950 694 adepturi.
2015 625 2172 687 Nam,

2282 644 2483 694 σονται,
2518 628 2594 693 ὡς
2633 630 2766 702 μηδὲ
2794 632 2920 694 τοὺς
2943 628 3305 700 διαφυγόντας
3342 632 3608 702 σωτηρίας
3637 635 3768 698 τινὸς
3788 638 3827 668 ’θ

605 728 625 761 ε
656 709 759 775 Qui
798 710 1057 776 salvetur,
1092 711 1292 782 inquit,
1320 727 1388 767 ex
1412 713 1546 777 illis,
1576 728 1686 767 non
1713 717 1842 769 erit.
1873 734 1890 767 ι
1934 715 2037 770 Per
2063 716 2177 770 hzec

2282 721 2480 789 τυχεῖν.
2527 738 2546 772 ι
2595 721 3034 792 ’Λνασωζόμενος
3061 721 3189 790 γὰρ,
3235 721 3421 792 φησιν,
3451 723 3548 775 οὐκ
3577 723 3719 778 ἔσται
3745 727 3829 780 ἀπ’

599 811 782 857 autem
817 804 1057 859 hostium
1095 806 1380 860 incursum
1419 807 1755 880 designavit.

668 978 834 1034 Vens.
859 978 1002 1042 4,5.‹
1037 979 1194 1035 Sicut
1220 990 1484 1050 aspectus
1514 999 1783 1053 equorum
1803 993 2062 1055 aspectus
2086 1001 2166 1038 eo-

598 1088 740 1138 rum,
767 1083 822 1125 et
857 1073 1006 1127 sicut
1038 1074 1278 1143 equites,
1315 1075 1395 1130 sic
1432 1085 1858 1146 persequentur.
1893 1076 2048 1130 Sicut
2076 1092 2177 1130 vox

597 1179 864 1217 curruum
897 1164 952 1218 in
979 1165 1287 1220 verticibus
1318 1168 1592 1221 montium
1634 1167 1893 1221 exsilient
1927 1176 2019 1222 :et
2037 1169 2179 1223 sicut

597 1273 704 1312 vox
763 1257 996 1310 ﬂammae
1021 1258 1164 1328 ignis
1215 1259 1538 1313 devorantis
1594 1260 1858 1330 stipulam
1897 1277 1910 1312 :
1943 1270 1995 1313 et
2037 1260 2180 1312 sicut

599 1351 838 1418 populus
872 1349 1080 1403 multus
1103 1357 1157 1403 et
1189 1349 1366 1413 l'ortis,
1390 1360 1734 1420 praeparatus
1759 1351 1824 1404 ad
1853 1352 2127 1422 praelium.
2154 1367 2172 1400 ›

602 1440 659 1493 Si
695 1439 910 1510 1390
945 1441 1059 1493 haec
1091 1441 1158 1494 de
1185 1441 1418 1509 Assyriis
1465 1453 1518 1495 et
1551 1441 1865 1511 Babyloniis
1917 1441 2180 1512 intelligi-

602 1547 746 1593 mus,
790 1541 905 1586 tum
935 1531 1011 1594 ὡς
1045 1530 1201 1596 illud,
1232 1547 1341 1585 non
1379 1532 1445 1585 ad
1495 1532 1943 1596 similitudinem,
1986 1533 2080 1588 sed
2113 1532 2180 1585 ad

599 1622 967 1676 intentionem
1024 1620 1450 1692 signiﬁcandam
1502 1623 1746 1693 positum
1817 1624 2178 1692 accipiamus,

599 1721 660 1767 ut
689 1713 742 1768 in
783 1714 972 1769 verbis
1006 1713 1118 1770 illis
1152 1713 1379 1770 Davidis
1413 1728 1473 1768 ιι
1509 1714 1684 1782 Quam
1721 1716 1897 1770 bonus
1928 1724 2012 1772 est
2041 1715 2182 1771 Deus

598 1804 826 1861 lsraelii
855 1806 870 1860 ί
911 1823 930 1858 ι
970 1805 1076 1861 hoc
1105 1813 1211 1872 est,
1246 1807 1403 1861 valde
1431 1808 1610 1863 bonus
1637 1824 1653 1874 ;
1684 1815 1738 1863 et
1776 1808 1830 1863 in
1863 1808 1986 1863 aliis
2033 1806 2181 1877 ejus—

2278 809 2480 866 αὐτῶν.
2521 831 2539 863 ι
2592 812 2840 884 ᾘνίξατο
2865 812 2921 865 δὲ
2948 811 3034 865 διὰ
3055 811 3282 877 τούτων,
3323 812 3434 868 τῶν
3463 811 3723 884 πολεμίων
3744 817 3831 887 τὴν

2279 902 2610 973 προσϐολήν.

2349 989 2412 1054 δ’,
2444 998 2504 1044 ε’.
2534 1011 2551 1042 ι
2573 993 2660 1056 Ὠς
2688 995 2874 1064 ὅρασις
2917 995 3099 1050 ἵππων
3126 999 3159 1069 ἡ
3190 997 3381 1066 ὅρασις
3415 993 3610 1058 αὐτῶν,
3641 995 3727 1048 καὶ
3763 994 3831 1061 ὡς

2281 1083 2488 1146 ἱππεῖς,
2515 1083 2688 1147 οὕτως
2718 1086 3163 1154 καταδιώξονται.
3197 1087 3286 1150 Ὠς
3311 1084 3358 1118 ⁵¹
3395 1086 3544 1156 φωνὴ
3593 1083 3834 1157 ἁρμάτων

2281 1173 2373 1225 ἐπὶ
2395 1172 2493 1236 τάς
2523 1176 2765 1245 κορυφὰς
2793 1177 2901 1230 τῶν
2927 1178 3097 1246 ὀρέων
3127 1176 3463 1244 ὲξαλοῦνται,
3485 1177 3575 1230 καὶ
3600 1177 3670 1240 ὡς
3697 1178 3834 1248 φωνὴ

2283 1265 2478 1333 φλογὸς
2532 1269 2704 1338 πυρὸς
2758 1269 3153 1340 κατεσθιούσης
3203 1268 3457 1340 καλάμην
3476 1308 3490 1334 ,
3511 1269 3603 1322 καὶ
3627 1268 3698 1331 ὡς
3721 1269 3834 1332 λαὸς

2281 1356 2448 1418 πολὺς
2497 1358 2591 1409 καὶ
2645 1359 2863 1429 ἰσχυρὸς
2897 1360 3383 1430 παρατασσόμενος
3413 1360 3493 1422 είς
3533 1358 3774 1428 πόλεμον.
3813 1378 3830 1410 ι

2281 1447 2468 1501 Ταῦτα
2525 1449 2616 1502 ἐπὶ
2665 1449 2764 1520 μὲν
2798 1451 2906 1502 τῶν
2948 1451 3276 1520 Ἀσσυρίων
3321 1450 3414 1505 καὶ
3468 1451 3840 1504 Βαϐυλωνίων

2281 1537 2548 1602 νοοῦντες,
2576 1539 2636 1591 τὸ
2667 1540 2767 1606 ὡς,
2800 1539 2862 1592 οὐ
2909 1539 3315 1610 παραϐολικῶς,
3367 1539 3483 1593 ἀλλ’
3530 1540 3835 1602 ὲπιτατικῶς

2282 1628 2587 1698 νοήσωμεν,
2623 1629 2702 1692 ὡς
2750 1629 2858 1681 τῶν
2912 1629 3065 1699 παρά
3118 1629 3196 1699 τῷ
3232 1630 3488 1702 μακαρίῳ
3514 1630 3672 1683 Δαϐὶδ
3702 1631 3835 1698 εἰρη-

2285 1716 2494 1785 μένων·
2537 1736 2554 1768 ι
2607 1715 2694 1780 Ὠς
2743 1718 2944 1786 ἀγαθὸς
2983 1720 3011 1770 ὁ
3053 1717 3184 1781 Θεὸς
3231 1717 3307 1788 τῷ
3325 1719 3371 1750 ⁸⁸
3413 1718 3651 1789 Ἰσραήλί
3691 1720 3832 1772 ’ἀντὶ

2281 1804 2397 1868 τοῦ,
2441 1807 2644 1877 σφόδρα
2689 1806 2910 1875 ἀγαθός.
2965 1809 3076 1861 Καὶ
3110 1807 3171 1860 τό
3194 1825 3207 1838 ο
3242 1829 3259 1859 ι
3317 1810 3406 1872 Ὠς
3436 1809 3481 1840 ⁵³
3507 1809 3750 1879 ἀγαπητά
3774 1810 3831 1861 τὰ

599 1899 721 1953 dem
755 1917 769 1954 :
804 1915 822 1950 ‹
865 1895 1041 1962 Quam
1099 1896 1300 1952 dilecta
1353 1899 1717 1955 tabernacula
1785 1909 1900 1965 tua,
1947 1899 2178 1956 Domine

2286 1895 2620 1966 σκηνώματά
2650 1915 2764 1962 σου,
2792 1898 2961 1969 Κύριε
2993 1898 3101 1952 τῶν
3157 1899 3474 1970 δυνάμεωνῑ
3509 1919 3526 1951 ι
3571 1900 3685 1953 ἀντὶ
3728 1900 3828 1962 τοῦ,

598 1987 930 2044 νίηυιυηιιί
957 2009 976 2043 ι
1004 1988 1059 2045 id
1077 1997 1182 2055 est,
1203 1990 1362 2044 valde
1389 1989 1592 2046 dilecta
1620 2009 1634 2059 ;
1665 2001 1720 2048 et
1751 1993 1883 2047 illud
1913 2010 1926 2047 :
1955 2012 1970 2043 ι
2003 1992 2177 2059 Quam

2283 1987 2403 2040 λίαν
2434 1965 2710 2058 ἀγαπητά.
2739 1990 2850 2043 Καὶ
2878 1965 2938 2042 τό
2956 2007 2968 2019 ⁸
2997 2009 3015 2041 ί
3053 1992 3141 2054 Ὠς
3171 1965 3544 2062 ὲμεχαλύνθης
3575 1991 3788 2062 σφόδραῐ
3813 2015 3828 2043 ι

599 2081 992 2152 magniﬁcatus
1057 2097 1116 2138 es
1173 2082 1610 2138 vehementerlt
1672 2103 1692 2137 ι
1725 2083 1830 2140 hoc
1879 2092 1984 2148 est,
2022 2083 2178 2138 valde

2282 2079 2401 2132 ἀντὶ
2431 2079 2545 2144 τού,
2571 2080 2715 2132 Πάνυ
2743 2081 3136 2152 ἐμεγαλύνθης.
3174 2082 3364 2145 Οὕτως
3393 2080 3485 2138 οὖν
3511 2086 3603 2139 καὶ
3627 2083 3832 2139 ἐνταῦθα

599 2171 990 2244 magniﬁcatus
1029 2186 1110 2228 es.
1163 2171 1254 2227 Sic
1292 2172 1463 2243 igitur
1512 2173 1621 2228 hoc
1676 2175 1843 2228 etiam
1895 2175 2018 2228 loco
2057 2189 2178 2243 quae

2282 2171 2410 2242 περὶ
2453 2171 2562 2224 τῶν
2595 2171 2866 2243 πολεμίων
2897 2173 2964 2226 τά
3017 2175 3282 2246 εἰρημένα
3322 2174 3683 2246 λαμϐάνοντες
3723 2178 3829 2245 νοή-

599 2263 869 2317 dicuntur
899 2261 968 2318 de
999 2261 1256 2318 hostibus
1297 2263 1752 2334 interpretantes,
1805 2265 2180 2335 intelligemus

599 2355 738 2409 illud
801 2363 1044 2425 aspectus
1093 2370 1370 2425 equorum,
1433 2354 1550 2412 fore
1585 2365 1646 2412 ιιι
1686 2356 1876 2412 multis
1924 2358 2084 2427 equis
2127 2368 2182 2413 et

599 2448 882 2518 equitibus
903 2455 1153 2512 utantur,
1178 2447 1477 2516 multisque
1498 2463 1620 2502 cum
1645 2447 1902 2503 curribus
1929 2450 2177 2514 veniant,

600 2549 754 2595 tanta
784 2539 979 2610 peritia
1036 2547 1090 2595 et
1145 2547 1263 2596 arte
1291 2538 1636 2609 aurigarum,
1666 2545 1726 2594 ut
1784 2539 1936 2609 ipsos
1972 2540 2026 2593 in
2061 2556 2182 2594 ver-

599 2635 736 2687 tices
766 2632 1034 2687 montium
1067 2645 1296 2687 cursum
1330 2630 1610 2700 dirigant,
1651 2638 1705 2685 et
1739 2630 1793 2685 in
1849 2630 1990 2686 locis
2038 2630 2180 2685 dili-

597 2723 823 2778 cillimis
850 2720 1076 2793 perinde
1099 2733 1264 2791 atque
1299 2720 1354 2774 in
1387 2720 1620 2790 planitie
1679 2733 1897 2774 summa
1940 2735 2177 2776 versen-

601 2824 709 2867 tur.
745 2813 800 2866 Si
829 2827 958 2866 vero
987 2811 1054 2867 de
1089 2813 1301 2867 locusta
1339 2811 1455 2866 haec
1487 2811 1636 2866 dicta
1666 2811 1927 2876 velimus,
1965 2811 2068 2864 ltoc
2099 2811 2182 2881 ip-

601 2919 747 2966 sum,
790 2921 808 2955 ι
845 2902 1003 2957 Sicut
1033 2909 1296 2973 aspectus
1324 2917 1595 2971 equorum
1621 2909 1880 2972 aspectus
1911 2915 2124 2964 eorum,
2155 2919 2173 2952 ι

599 2993 1003 3064 experientiam
1037 2993 1096 3047 in
1131 3006 1200 3048 eo
1241 2993 1562 3060 magistram
1617 2999 1920 3062 sequentes
1974 2992 2180 3046 intelli-

598 3096 812 3150 gcmus.
849 3077 987 3134 Nam
1018 3080 1064 3134 si
1097 3080 1226 3150 quis
1257 3080 1486 3135 locusta:
1513 3088 1681 3150 caput
1720 3081 2021 3152 diligenter
2044 3095 2179 3135 con-

601 3171 825 3235 sideret,
892 3170 1030 3226 illud
1077 3171 1248 3242 capiti
1313 3171 1513 3238 equino
1575 3172 1859 3242 persimile
1910 3172 2174 3228 inveniet.

598 3264 678 3316 Ae
718 3262 903 3318 videre
926 3272 1011 3317 est
1047 3263 1222 3331 illam,
1257 3278 1382 3319 cum
1420 3263 1591 3329 volat,
1628 3263 1768 3318 nihil
1809 3279 1956 3333 equo
1988 3262 2056 3317 ad
2084 3277 2176 3317 ce-

599 3353 869 3408 leritatem
899 3353 1048 3424 quod
1103 3353 1324 3418 attinet,
1374 3352 1702 3419 concedere,
1760 3361 2091 3423 montesque
2123 3362 2179 3408 et

597 3460 820 3516 campos
853 3443 1010 3500 facile
1041 3444 1349 3516 pervolare,
1375 3453 1494 3499 tum
1527 3444 1764 3500 ﬂammae
1809 3445 1991 3499 instar
2019 3459 2178 3514 sege-

597 3544 683 3591 tes
741 3535 1004 3590 invadere
1076 3536 1293 3592 culmos
1346 3535 1695 3590 devorantis.
1755 3534 2062 3601 Quinetiam
2123 3544 2180 3590 et

598 3641 722 3680 cum
751 3627 987 3688 volant,‘
1019 3633 1074 3681 et
1108 3641 1238 3681 cum
1273 3635 1498 3696 repunt,
1545 3625 1759 3682 similes
1817 3633 1948 3682 sunt
1984 3626 2182 3680 multi-

599 3714 776 3768 tudini
804 3715 871 3767 ad
899 3714 1103 3768 bellum
1123 3723 1455 3784 comparatae
1488 3731 1501 3767 :
1535 3728 1663 3768 nam
1685 3714 1832 3770 inter
1865 3729 1924 3770 se
1948 3729 2184 3785 congre-

602 3818 737 3875 gata:
775 3807 961 3860 omnia
996 3805 1233 3872 faciunt,
1283 3814 1336 3860 et
1366 3804 1670 3861 testudinis
1719 3805 2013 3876 cujusdam
2052 3822 2179 3875 spe-

602 3898 741 3952 ciem
777 3897 1042 3966 praebent,
1085 3895 1373 3965 aciemque
1410 3903 1814 3966 repraesentant
1853 3895 2170 3950 militarem.

677 3985 839 4042 Vsus.
873 3988 927 4042 6.
967 4004 989 4040 ε
1026 3985 1069 4040 Α
1100 3985 1245 4043 facie
1275 3987 1420 4058 ejus,
1453 3987 1658 4058 inquit,
1687 3994 2050 4043 conterentur
2075 4002 2175 4057 po-

602 4079 736 4150 puli,
774 4087 828 4134 et
873 4077 1058 4134 omnis
1107 4079 1298 4136 vultus
1345 4078 1454 4134 erit
1498 4079 1647 4135 sicut
1697 4079 1925 4134 adustio
1969 4079 2112 4134 ollae.
2153 4096 2174 4132 ι

601 4169 786 4225 Talem
827 4170 974 4224 enim
1024 4168 1344 4224 hominibus
1388 4167 1596 4240 1391
1639 4169 2008 4224 calamitatem
2035 4167 2182 4223 inﬂi-

599 4269 708 4331 get,
746 4269 805 4314 ut
856 4274 1046 4314 eorum
1103 4259 1272 4316 facies
1331 4274 1582 4315 evasurae
1623 4260 1734 4314 sint
1791 4260 2003 4316 similes
2057 4261 2181 4316 ollas

601 4352 725 4421 igne
762 4350 1070 4418 infuscatae,
1107 4349 1252 4407 fame
1281 4359 1335 4407 et
1368 4357 1612 4422 egestate
1655 4350 1800 4406 hanc
1833 4352 1942 4408 illis
1993 4353 2181 4423 perni-

601 4444 739 4498 ciem
773 4441 1066 4498 inferente.

669 4531 833 4588 Vens.
863 4533 912 4599 7,
944 4534 996 4590 3.
1036 4552 1055 4585 ι
1096 4532 1256 4588 Sicut
1287 4541 1631 4604 pugnatores
1655 4540 1912 4598 current,
1946 4539 2001 4588 et
2025 4536 2177 4589 sicut

2283 2279 2450 2333 σομεν
2483 2263 2564 2328 τὸ,
2603 2263 2872 2332 ὅρασις-⁸⁸
2902 2267 3122 2329 ἵππων,
3153 2267 3233 2319 ὅτι
3281 2267 3474 2332 ἵπποις
3518 2267 3720 2330 πολλοῖς
3754 2269 3830 2320 καὶ

2284 2351 2508 2405 ἱππεῦσι
2541 2354 2852 2424 χρήσονται,
2878 2355 2972 2407 καὶ
3011 2355 3152 2425 μετά
3199 2354 3410 2409 πολλῶν
3435 2355 3491 2410 δὲ
3519 2355 3725 2427 ἥξουσιν
3750 2357 3830 2426 dp-

2284 2439 2469 2509 μάτων
2498 2479 2512 2504 ,
2543 2441 2780 2513 τοσαύτῃ
2827 2442 2991 2515 τέχνῃ
3045 2443 3405 2514 κεχρημένων
3457 2445 3562 2498 τῶν
3609 2445 3826 2515 ἡνιόχων,

2280 2531 2358 2593 ὡς
2403 2532 2497 2585 καὶ
2528 2532 2609 2595 εἷς
2664 2533 2836 2595 αὑτὰς
2875 2533 3073 2586 ἰθύνειν
3099 2535 3197 2597 τάς
3229 2537 3542 2607 ἀκρωρείας
3566 2576 3579 2600 ,
3606 2536 3692 2588 καὶ
3730 2537 3827 2596 ταῖς

2279 2621 2605 2693 δυσχωρίαις
2628 2621 2704 2685 ὡς
2738 2623 2941 2686 πεδίοις
2969 2625 3293 2695 κεχρῆσθαι.
3328 2627 3421 2689 Et;
3439 2625 3493 2679 δὲ
3517 2625 3826 2693 τὴν“ἁκρι’ὄιι

2280 2713 2348 2766 τά
2401 2713 2670 2783 εἰρημένα
2705 2714 3074 2784 λαμϐάνοντες
3127 2716 3208 2781 τὸ,
3242 2735 3260 2768 t
3310 2717 3399 2780 Ὠς
3442 2719 3624 2788 ὅρασις
3676 2718 3825 2769 ίπτων

2279 2804 2312 2872 ἡ
2345 2803 2538 2873 ὅρασις
2569 2803 2770 2867 αὐτῶν,
2804 2823 2822 2856 ι
2879 2807 3146 2876 νοήσομεν
3178 2808 3243 2877 τῇ
3297 2807 3466 2878 πείρᾳ
3513 2807 3642 2876 πρὸς
3681 2807 3823 2874 τούτῳ

2282 2893 2554 2962 χρώμενοι
2605 2895 2929 2966 διδασκάλῳ.
2979 2898 3041 2950 Ei
3098 2897 3210 2969 γάρ
3245 2914 3335 2961 τις
3377 2899 3617 2970 ἀκριϐῶς
3653 2898 3820 2951 κατίδοι

2282 2983 2380 3054 τὴν
2432 2983 2672 3055 κεφαλὴν
2720 2986 2821 3054 τῆς
2859 2986 3120 3057 ἀκρίδος,
3158 2987 3371 3058 σφόδρα
3425 2991 3491 3059 τῇ
3551 2987 3640 3040 τοῦ
3685 2988 3817 3039 ἵππου

2283 3076 2525 3129 ἐοικυῖαν
2559 3076 2801 3147 εὑρήσει.
2851 3078 3007 3130 Ἐστι
3047 3077 3103 3130 δὲ
3137 3078 3267 3132 ἰδεῖν
3302 3080 3400 3132 καὶ
3438 3078 3722 3149 πετομένην
3747 3077 3821 3128 αὑ-

2281 3166 2402 3236 τὴν,
2434 3167 2556 3220 κατ’
2580 3167 2730 3219 οὐδὲν
2758 3168 2856 3239 τῆς
2887 3167 2996 3220 τῶν
3043 3168 3223 3221 ἵππων
3258 3169 3561 3241 ταχύτητος
3611 3170 3818 3222 ἐλαττου-

2287 3259 2474 3328 μένην,
2509 3258 2661 3329 δρεσί
2711 3276 2769 3312 τε
2818 3261 2913 3313 καὶ
2945 3260 3148 3324 πεδίοις
3183 3262 3386 3332 ῥᾳδίως
3433 3263 3774 3332 ὲφιπταμένην
3803 3272 3814 3286 ·

2287 3351 2382 3403 καὶ
2416 3351 2598 3421 μέντοι
2632 3351 2726 3403 καὶ
2772 3353 2884 3414 τοῖς
2937 3351 3110 3422 ληῖοις
3160 3351 3324 3422 δίκην
3361 3353 3555 3423 φλογὸς
3581 3350 3818 3412 ἐπιοῦσαν,

2286 3440 2680 3510 κατεσθιούσης
2733 3441 3008 3510 καλάμην.
3067 3441 3176 3494 Καὶ
3208 3443 3413 3514 πλήθει
3457 3443 3513 3496 δὲ
3560 3456 3822 3513 παρατετα-

2286 3531 2474 3602 γμένῳ
2501 3533 2546 3564 ⁸⁵
2579 3533 2660 3593 είς
2694 3531 2929 3600 πόλεμον
2963 3531 3104 3585 ἔοικε
3135 3571 3151 3595 ,
3184 3531 3280 3585 καὶ
3358 3530 3725 3604 πετόμεναι⁸⁶,
3751 3526 3821 3580 καὶ

2285 3624 2552 3694 ἓρπουσαι
2616 3623 2997 3692 (συνημμέναι
3056 3623 3164 3694 γάρ
3220 3623 3487 3696 ἀλλήλαις
3543 3621 3757 3677 ποιοῦσιν
3793 3616 3819 3669 ἃ

2287 3712 2587 3782 ποιοῦσιν),
2655 3708 2766 3765 οἷόν
2814 3715 2832 3743 ⁷
2864 3730 2986 3766 τινα
3026 3716 3408 3786 συνασπισμὸν
3449 3715 3542 3768 καὶ
3567 3713 3706 3780 τάξιν
3739 3709 3819 3761 δει-

2286 3803 2480 3857 κνῦσαι
2526 3804 2848 3874 πολεμικήν.

2359 3992 2434 4052 ς’.
2470 4006 2488 4037 ι
2511 3986 2642 4039 Ἀπὸ
2667 3985 2958 4056 προσώπου
2989 3984 3176 4050 αὐτοῦ,
3212 3989 3372 4057 φησὶ,
3418 3984 3814 4058 συντριϐήσονται

2286 4079 2442 4134 λαοί·
2474 4079 2569 4132 καὶ
2621 4081 2729 4132 πᾶν
2764 4079 3079 4149 πρόσωπον,
3109 4081 3184 4144 ὡς
3218 4084 3552 4152 πρόσκαυμα
3588 4079 3811 4149 χύτρας-³

2287 4173 2557 4242 Τοιαύτην
2587 4173 2694 4243 γὰρ
2728 4173 2918 4238 ἐπάξει
2952 4175 3064 4236 τοῖς
3096 4172 3410 4244 ἀνθρώποις
3438 4174 3532 4244 τὴν
3559 4163 3813 4239 συμφορὰν,

2285 4263 2360 4327 ὡς
2392 4264 2498 4317 ὑπὸ
2556 4264 2728 4334 πυρός
2765 4281 2909 4327 τινος
2961 4264 3290 4336 μελανθείσῃ
3349 4265 3521 4335 χύτρᾳ
3550 4263 3614 4315 τὰ
3655 4255 3815 4309 τούτων

2287 4353 2734 4426 παραϐάλλεσθαι
2767 4355 3056 4426 πρόσωπα,
3081 4354 3176 4408 τοῦ
3202 4356 3365 4425 λιμοῦ
3403 4357 3496 4408 καὶ
3525 4355 3617 4422 τῆς
3651 4343 3812 4401 ἐνδείας

2292 4447 2491 4515 ταύτην
2521 4445 2896 4518 ἐργαζομένης
2927 4447 3028 4514 τὴν
3053 4447 3371 4517 διαφθοράν.

2359 4537 2425 4602 ζ’,
2460 4546 2530 4608 η’.
2566 4557 2584 4590 ι
2622 4539 2710 4601 Ὠς
2751 4540 2992 4609 μαχηταὶ
3021 4539 3380 4610 δραμοῦνται,
3429 4538 3520 4592 καὶ
3566 4534 3635 4595 ὡς
3662 4527 3811 4592 ἄνδρες

601 4625 707 4680 viri
728 4625 1022 4681 bellatores
1043 4626 1348 4682 ascendent
1365 4640 1530 4695 super
1547 4640 1769 4680 muros:
1793 4627 2178 4695 unusquisque

2288 4631 2613 4700 πολεμισταὶ
2657 4629 3020 4699 ἀναϐήσονται
3069 4629 3162 4681 ἐπὶ
3212 4629 3280 4682 τὰ
3335 4614 3809 4711 τείχηοέκαστοςξν

604 4721 659 4771 in
682 4716 769 4771 via
797 4731 895 4771 sua
921 4717 1254 4784 ambulabit,
1289 4726 1347 4773 et
1371 4732 1482 4772 non
1507 4716 1874 4771 declinabunt
1899 4730 1929 4768 a
1963 4718 2180 4773 semitis

605 4807 743 4862 suis.
781 4805 846 4860 Et
878 4807 1271 4878 unusquisque
1305 4820 1336 4859 a
1364 4806 1538 4860 fratre
1569 4819 1672 4859 suo
1707 4805 1950 4860 recedet.
1990 4824 2008 4856 ›
2054 4805 2182 4861 Haec

605 4899 858 4952 similiter
901 4905 962 4953 ut
1005 4897 1356 4968 supradicta,
1385 4905 1505 4950 tum
1533 4894 1602 4951 de
1638 4895 1930 4963 hostibus,
1966 4906 2081 4952 tum
2115 4899 2182 4954 de

607 4991 845 5046 locustis
907 4991 1203 5061 exposita,
1274 4988 1674 5059 intelligamus.
1736 4985 1874 5042 Nam
1936 4989 2182 5048 locustas

607 5083 792 5136 videre
821 5090 931 5148 est,
963 5096 1080 5139 non
1108 5083 1272 5140 aliter
1294 5096 1462 5153 quam
1493 5082 1708 5146 hostes,
1741 5089 1795 5136 et
1814 5096 2006 5137 muros
2045 5099 2182 5138 con-

607 5173 894 5236 scendere,
932 5178 988 5226 et
1013 5185 1113 5242 per
1154 5173 1276 5228 vias
1334 5171 1636 5227 incedere:
1694 5184 1796 5226 nec
1847 5171 1960 5226 ulla
2016 5174 2068 5227 vi
2127 5190 2186 5229 se

606 5263 800 5317 divelli
852 5268 910 5316 et
961 5261 1194 5318 distrahi
1251 5265 1583 5333 patiuntur,
1639 5261 1737 5317 sed
1798 5271 2061 5333 tanquam
2117 5281 2182 5318 ex

609 5363 798 5406 mutua
849 5351 1093 5424 quadam
1154 5355 1576 5423 conspiratione
1633 5353 1902 5422 impetum
1945 5353 2160 5408 faciunt

2287 4725 2352 4790 τῇ
2385 4720 2489 4791 6δῷ
2517 4719 2680 4773 αὐτοῦ
2715 4719 3093 4788 πορεύσονται,
3128 4719 3224 4772 καὶ
3252 4720 3313 4772 ού
3352 4720 3426 4789 μὴ
3451 4715 3714 4770 ἑκκλίνωσι
3737 4703 3808 4759 τὰς

2288 4810 2506 4881 τρίϐους
2536 4811 2734 4865 αὐτῶν.
2781 4811 2889 4862 Καὶ
2922 4810 3149 4872 ἕκαστος
3179 4810 3289 4863 ἀπὸ
3313 4810 3407 4862 τοῦ
3449 4801 3665 4872 ἀδελφοῦ
3680 4797 3718 4830 ⁵⁸
3739 4792 3808 4846 αὖ·

2289 4901 2382 4954 τοῦ
2412 4903 2512 4955 οὐκ
2541 4900 2851 4970 ἀφέξεται.»
2876 4901 2986 4955 Καὶ
3017 4900 3189 4955 ταῦτα
3211 4903 3320 4964 τοῖς
3349 4897 3644 4970 είρημένοις
3669 4899 3807 4955 παρα·

2291 4993 2533 5063 πλησίως
2561 4995 2864 5065 νοήσωμεν,
2896 4992 2978 5056 είς
3002 5010 3060 5046 τε
3090 4992 3216 5055 τοὺς
3236 4991 3541 5062 πολεμίους,
3568 4988 3639 5048 εἷς
3665 4997 3712 5034 τε
3735 4974 3806 5041 τὴν

2290 5085 2487 5155 ἀκρίδα
2525 5084 2913 5154 λαμϐάνοντες.
2947 5085 3100 5136 Ἔστι
3121 5084 3228 5154 γὰρ
3249 5083 3374 5136 ἰδεῖν
3403 5081 3495 5134 καὶ
3519 5078 3612 5145 τὴν
3633 5068 3802 5141 ἀκρίδα,

2288 5173 2396 5227 τῶν
2432 5175 2476 5205 '9
2509 5173 2781 5242 πολεμίων
2834 5174 3011 5243 δίκην,
3049 5176 3143 5226 καὶ
3193 5174 3388 5242 τειχῶν
3439 5167 3802 5223 ἐπιϐαίνουσανν

2290 5268 2393 5319 κάν
2423 5267 2541 5319 ταῖς
2578 5265 2716 5326 ὁδοῖς
2758 5264 3096 5334 βαδίζουσαν,
3133 5265 3224 5318 καὶ
3259 5263 3367 5316 οὐδ’
3396 5261 3498 5315 ὑπὸ
3524 5273 3655 5318 τινος
3679 5247 3804 5311 ἀνάγ·

2293 5374 2395 5428 κης
2452 5357 2810 5427 σκεδασθῆναι
2851 5356 3209 5428 ἀνεχομένην,
3243 5355 3356 5412 ἀλλ’
3387 5351 3493 5408 οἷον
3545 5346 3669 5420 μετά
3697 5350 3804 5395 τινος

682 5499 697 5538 ι
729 5487 1064 5556 Psal.t.xxn,
1102 5489 1152 5542 l.
1234 5490 1258 5527 ιι
1291 5488 1432 5544 Psal.
1470 5504 1674 5544 Lxxxnt
1727 5487 1780 5542 2.
1866 5487 1884 5526 ι
1917 5490 2064 5544 Psal.
2105 5508 2220 5557 vm,
2254 5493 2302 5556 l,
2338 5496 2390 5546 ιι.

1867 5602 2103 5658 VARle
2147 5605 2556 5662 LECTIONES.

700 5758 745 5789 ⁸ο
776 5760 933 5820 τινός.
991 5761 1113 5814 Des.
1159 5761 1291 5812 ἰιιὶιΙ.
1394 5762 1436 5792 δ’
1478 5764 1582 5824 Ὡς.
1637 5764 1760 5817 Des.
1807 5764 1936 5818 ibitl.

613 5823 659 5852 ἰ
691 5825 775 5889 ὃρ.
806 5830 888 5896 _ln
918 5828 957 5879 Ω
994 5829 1061 5880 ab
1107 5829 1293 5881 eadem
1350 5845 1511 5884 manu
1549 5823 1804 5885 additum
1839 5834 1932 5896 ὼς.

619 5893 888 5964 πετομένη
912 5905 964 5947 ct
998 5896 1190 5950 deinde
1208 5897 1448 5966 ἕρπουσα

2043 5766 2088 5838 ff
2116 5766 2215 5834 τῷ.
2265 5766 2463 5838 supra,
2505 5778 2542 5822 t.
2579 5767 2618 5831 I,
2657 5785 2710 5838 p.
2737 5769 2898 5835 HM,
2953 5777 3094 5835 erat,
3141 5768 3254 5824 τοῦ.
3340 5767 3384 5798 ⁸³
3433 5759 3660 5838 “inc-5‘
3688 5746 3797 5838 ίιὶίῖτ

1679 5834 1932 5912 Llum‘ibg.
2042 5818 2242 5912 ⁸⁵πᾶιρ.
2298 5816 2541 5912 Itaetint
2579 5816 2898 5912 digginqu
2954 5816 3121 5912 Sinti.
3189 5816 3628 5912 «apaFStgiiéV‘ih
3707 5816 3797 5864 ’δι’

1568 5901 1610 5931 ³⁷
1643 5901 1772 5954 οῗον.
1814 5903 1853 5957 (ἶ
1880 5919 2068 5974 prmm.
2111 5901 2222 5958 καί.
2323 5907 2366 5936 ⁵⁸
2401 5908 2485 5961 ἀδ.
2518 5910 2560 5960 Α
2594 5901 2844 5974 πλησίον.
2954 5911 2999 5943 ⁸³
3021 5909 3151 5966 τῶν.
3182 5901 3305 5967 θεέ.
3344 5908 3397 5961 in
3429 5906 3464 5961 Ο

2323 5907 2366 5936 ⁸⁸
2401 5908 2485 5961 ἀδ.
2518 5910 2560 5960 Α
2594 5909 2844 5976 πλησίον.
2954 5911 2999 5943 ⁸9
3021 5909 3151 5966 τῶν.
3182 5907 3305 5967 Des.
3344 5908 3397 5961 in
3429 5907 3486 5961 Co
