4088 6412
395 416 536 482 1645

1713 425 1795 487 ΙΝ
1837 423 2096 486 JOELIS
2150 425 2308 488 CAP.
2343 431 2425 490 II.

3524 427 3662 493 1646

385 535 692 607 συμπνοίας
722 537 819 610 τήν
845 539 1031 610 ἔφοδον
1064 542 1410 613 ποιουμένην.
1446 563 1462 594 ι
1510 539 1968 611 Καταϐαρυνόμε-

2090 561 2107 592 ι
2145 544 2438 614 Aggravati
2475 550 2646 603 armis
2681 548 2801 605 suis
2852 547 3037 614 ibunt,
3086 553 3142 604 ct
3184 546 3240 602 in
3284 545 3492 617 jaculis
3546 548 3665 602 suis

386 644 465 680 νοι
497 628 556 679 έν
588 630 702 692 τοῖς
748 630 939 695 ὅπλοις
993 633 1178 687 αὐτῶν
1233 633 1621 704 πορεύσονται,
1652 634 1746 686 καὶ
1777 635 1834 684 έν
1864 634 1978 694 τοῖς

384 710 596 781 βέλεσιν
625 715 807 770 αὐτῶν
833 719 1148 785 πεσοῦνται,
1172 723 1265 774 καὶ
1284 722 1344 774 οὐ
1379 721 1453 792 μὴ
1479 721 1922 774 συντελεσθῶσιν.
1954 741 1970 772 ι

386 804 567 860 Ὅπλα
593 805 651 859 δὲ
678 810 732 860 αἱ
771 811 870 878 μὲν
896 812 1114 881 ἀκρίδες
1139 812 1320 883 έχουσι
1360 813 1584 882 φυσικὰ,
1609 814 1851 878 ὀδόντας,
1880 814 1976 866 καὶ

384 902 582 972 πτερά,
637 904 734 956 καὶ
767 905 1036 977 πριονώδη
1083 907 1232 960 κῶλα
1264 925 1279 938 ο
1309 910 1356 960 oi
1387 908 1442 960 δὲ
1489 907 1741 978 πολέμιοι
1769 907 1837 961 τὰ
1864 909 1974 960 ἀπὸ

383 996 484 1064 τῆς
516 994 712 1066 τέχνης
749 997 1080 1067 πορισθέντα
1133 1002 1200 1070 τῇ
1254 999 1437 1066 φύσει.
1482 997 1640 1052 Ἀλλὰ
1673 999 1768 1052 καὶ
1805 993 1973 1064 οὗτοι,

385 1084 542 1153 φησὶ,
577 1086 820 1140 κάκεῖνοι
845 1090 958 1152 τοῖς
997 1089 1185 1152 ὅπλοις
1237 1089 1500 1161 διηνεκῶς
1527 1091 1842 1161 χρήσονται.
1866 1091 1977 1143 Καὶ

384 1172 752 1244 πολεμοῦντες
791 1176 837 1210 ⁸ο
866 1178 976 1249 γὰρ
1007 1180 1065 1232 ὲν
1117 1182 1229 1244 τοῖς
1265 1180 1644 1256 σφοδροτέροις
1691 1183 1973 1254 πολέμοις,

385 1264 482 1316 καὶ
532 1265 1019 1337 σιδηροφοροῦντες
1065 1269 1248 1325 σιτίων
1286 1271 1380 1325 καὶ
1420 1271 1587 1326 ὕπνου
1631 1273 1976 1344 μεταλαγχά-

382 1373 498 1409 νειν
541 1355 792 1422 εἰώθασι,
831 1359 941 1412 τῶν
993 1359 1336 1424 πελαζόντων
1366 1363 1550 1427 αὐτοῖς
1575 1364 1850 1435 πολεμίων
1878 1367 1976 1430 τὰς

380 1449 606 1516 ἐφόδους
631 1449 1020 1521 δειμαίνοντες·
1045 1453 1118 1506 Τὸ
1145 1448 1260 1520 οῦν,
1283 1455 1617 1510 Πεσοῦνται
1643 1456 1713 1510 ἐν
1730 1457 1856 1523 τοῖς
1868 1458 1976 1522 ,ϐέο

379 1543 561 1594 λεσιν
610 1539 830 1606 αὐτῶν,
862 1541 924 1596 τὸ
987 1543 1129 1613 μετὰ
1175 1545 1283 1598 τῶν
1330 1546 1512 1599 ὃπλων
1545 1546 1974 1604 διαναπαύεσθαι

378 1630 554 1697 λέγει.
583 1631 646 1684 τὸ
677 1632 754 1699 δὲ,
797 1635 878 1688 Οὺ
916 1633 1004 1703 μὴ
1035 1637 1552 1706 συντελεσθῶσιν,
1587 1641 1711 1694 ἀντὶ
1733 1640 1849 1706 τοῦ,
1882 1642 1975 1696 κό-

383 1738 476 1791 ρον
507 1723 570 1775 οὐ
593 1722 856 1794 λήψονται
887 1725 998 1779 τῶν
1030 1725 1310 1798 πολεμίων
1331 1729 1374 1761 ⁸⁸
1401 1744 1417 1759 ·
1451 1730 1574 1784 οὐδὲ
1603 1731 1711 1802 μὴν
1733 1733 1790 1786 αἱ
1812 1733 1974 1804 ἀκρί-

375 1811 467 1876 δες
492 1812 592 1883 τῆς
619 1811 896 1884 βρώσεως.
943 1811 1078 1870 Εἶτα
1110 1819 1329 1888 ἐπάγει,
1369 1820 1448 1885 ώς
1484 1821 1585 1876 οὐκ
1621 1822 1836 1896 ἀπόχρη
1864 1825 1974 1878 τῶν

377 1903 684 1973 περιϐόλων
704 1905 767 1959 τὸ
800 1904 933 1976 ὕψος
961 1908 1214 1979 ἐμποδὼν
1260 1913 1325 1982 τῇ
1357 1910 1562 1966 τούτων
1599 1914 1791 1986 εἰσόδῳ
1815 1916 1974 1983 γενέ-

378 1991 528 2045 σθαι·
566 1993 703 2049 ἀλλὰ
750 1995 949 2067 ῥᾳδίως
981 1999 1083 2068 μὲν
1111 1999 1521 2072 ὐπερδήσονται
1551 2003 1621 2058 τὰ
1655 2005 1974 2076 τείχη,κλέ-

375 2099 540 2146 πταις
572 2082 630 2137 δὲ
680 2085 1080 2159 παραπλησίως
1113 2089 1202 2144 διὰ
1258 2091 1490 2164 θυρίδων
1535 2097 1618 2159 είς
1650 2095 1750 2161 τὰς
1793 2099 1974 2164 οίκίας

374 2173 796 2231 εἰσελεύσονται.
829 2178 940 2232 Καὶ
968 2178 1129 2234 τοῦτο
1158 2181 1216 2235 δὲ
1246 2182 1306 2236 οὐ
1353 2183 1515 2254 μόνον
1543 2185 1648 2240 ὑπὸ
1673 2187 1970 2260 πολεμίων,

371 2261 511 2320 ἀλλά
565 2266 662 2320 καὶ
712 2267 817 2322 ὑπὸ
846 2268 1087 2340 ἀκρίδων
1116 2274 1485 2346 γεγενημένον
1522 2278 1783 2345 πολλάκις
1811 2281 1971 2337 ἐθεα-

2081 633 2282 689 cadent
2317 644 2371 691 et
2430 655 2542 692 non
2593 647 3026 694 consumentur.
3072 657 3091 690 ι
3144 639 3314 693 Arma
3350 646 3534 694 autem
3569 638 3667 693 ha-

2081 727 2236 791 bent,
2268 729 2501 785 locustae
2532 731 2783 800 quidem,
2814 731 3122 795 naturalia,
3154 729 3374 797 dentes,
3421 731 3563 797 alas,
3611 739 3670 788 ct

2083 829 2294 874 serrata
2335 823 2584 877 membra
2613 842 2626 878 :
2668 824 2859 878 hostes
2889 840 3043 889 vero,
3075 839 3138 878 ea
3175 840 3299 894 quae
3328 839 3424 879 ars
3459 841 3669 896 suppe-

2081 910 2220 964 ditat
2244 921 2476 966 naturae.
2505 912 2612 968 Sed
2636 921 2690 967 et
2717 913 2796 974 hi,
2823 913 3025 984 inquit,
3046 913 3220 979 etilli,
3242 915 3471 971 assidue
3493 915 3672 969 armis

2083 1013 2329 1064 utentur.
2379 1005 2518 1060 Nam
2563 1008 2658 1076 qui
2713 1008 2917 1062 bellum
2966 1015 3189 1077 gerunt,
3227 1013 3280 1062 in
3315 1007 3668 1078 gravissimis

2082 1097 2265 1163 bellis,
2303 1099 2503 1152 armati
2532 1108 2588 1154 et
2613 1098 2800 1153 cibum
2841 1108 2890 1154 el
2925 1115 3180 1155 somnum
3218 1115 3421 1170 capere
3459 1101 3668 1162 solent,

2080 1189 2329 1243 hostium
2409 1190 2520 1245 sibi
2582 1190 3151 1262 appropinquantium
3219 1192 3482 1262 impetum
3546 1207 3668 1244 mc-

2082 1287 2322 1336 tuentes.
2361 1281 2428 1336 In
2460 1282 2668 1351 ⁸ἱαιτιιιὲις
2733 1297 2869 1353 ergo
2901 1282 3012 1336 suis
3073 1282 3284 1347 cadent,
3342 1283 3524 1346 dixit,
3564 1283 3668 1337 hoc

2077 1378 2186 1435 est,
2217 1387 2332 1427 una
2360 1388 2489 1427 cum
2521 1376 2696 1428 armis
2734 1376 2852 1430 suis
2879 1374 3259 1444 requiescent.
3303 1372 3426 1426 Non
3471 1389 3667 1427 consu-

2079 1469 2292 1514 mantur
2323 1469 2536 1525 autem,
2568 1462 2714 1517 idem
2745 1463 3028 1532 estquod,
3059 1462 3320 1517 hostibus
3346 1478 3455 1516 non
3497 1463 3669 1516 satia-

2077 1553 2334 1608 buntur:
2386 1569 2568 1624 neque
2619 1555 2772 1610 enim
2807 1555 3038 1609 locusta:
3095 1553 3353 1610 satietate
3411 1554 3520 1608 eihi
3573 1568 3669 1607 ca-

2078 1646 2337 1715 piuntur.
2373 1643 2451 1717 [9]
2486 1643 2621 1699 Post
2647 1645 2763 1700 haec
2793 1645 2972 1712 addit,
3011 1661 3126 1700 non
3159 1659 3448 1700 murorum
3479 1646 3672 1698 altitu-

2077 1731 2264 1786 dinem
2288 1732 2425 1787 satis
2450 1731 2569 1787 fore
2587 1731 2656 1786 ad
2681 1732 3058 1803 prohibendos
3077 1733 3269 1789 hostes
3289 1733 3360 1788 ab
3379 1734 3664 1805 ingressu:

2081 1822 2176 1878 sed
2207 1821 2327 1878 fore
2364 1831 2427 1877 ut
2455 1839 2649 1880 muros
2702 1824 2958 1894 expedite
2995 1824 3210 1895 1392
3243 1825 3666 1890 transcendant,

2081 1921 2137 1968 et
2171 1914 2321 1970 sicut
2356 1911 2514 1970 fures
2555 1929 2654 1985 per
2692 1915 2972 1970 fenestras
3019 1917 3219 1971 domos
3260 1917 3664 1987 ingrediantur.

2079 2005 2138 2061 Id
2161 2006 2312 2076 quod
2349 2021 2458 2060 non
2507 2007 2690 2062 solum
2729 2007 2800 2063 ab
2831 2006 3110 2074 hostibus,
3150 2007 3247 2062 sed
3295 2009 3465 2064 etiam
3513 2025 3544 2063 a
3585 2009 3668 2065 lo-

2076 2097 2258 2153 custis
2311 2112 2460 2168 saepe
2522 2097 2735 2152 factum
2796 2097 3080 2155 vidimus:
3128 2115 3258 2154 nam
3320 2116 3432 2156 non
3481 2101 3667 2156 solum

2076 2191 2344 2256 volando,
2376 2191 2476 2247 sed
2507 2192 2681 2247 etiam
2715 2192 2784 2247 ad
2816 2208 3008 2248 muros
3038 2193 3360 2264 irrependo,
3387 2210 3483 2266 per
3515 2194 3668 2250 fene-

2077 2292 2226 2340 stras
2253 2284 2452 2339 domos
2485 2292 2804 2352 penetrant.

373 2353 589 2424 σάμεθα
613 2373 628 2388 ο
663 2358 726 2410 οὐ
758 2359 1056 2432 πετόμεναι
1080 2363 1190 2438 γὰρ
1212 2366 1550 2438 μόνον,άλλά
1571 2373 1666 2426 καὶ
1690 2373 1835 2429 κατὰ
1852 2375 1961 2431 τῶν
1998 2376 2195 2447 τειχῶν
2210 2377 2254 2409 ⁸⁸
2280 2376 2639 2448 ἀνέρπουσαι,
2667 2376 2759 2431 διὰ
2806 2377 2914 2433 τῶν
2964 2378 3319 2449 φωταγωγῶν
3386 2380 3468 2444 είς
3522 2377 3664 2443 ,τοὺς

370 2447 558 2510 οἴκους
583 2449 809 2506 εἰσίασι.

448 2536 501 2601 ι’,
519 2544 606 2592 ια’.
634 2558 652 2590 ι
678 2541 791 2612 Πρὸ
819 2546 1113 2616 προσώπου
1141 2550 1306 2605 αὐτοῦ
1364 2557 1768 2630 συγχυθήσεται
1799 2559 1832 2630 ἡ
1865 2560 1960 2630 γῆν

373 2627 470 2682 καὶ
505 2631 852 2704 σεισθήσεται
877 2635 904 2688 ὁ
928 2636 1157 2708 οὐρανός
1178 2658 1191 2671 ·
1223 2643 1253 2694 ὁ
1277 2644 1429 2715 ἥλιος
1455 2649 1549 2702 καὶ
1573 2627 1770 2722 σελήνη
1787 2627 1850 2682 ’⁸⁷³
1876 2627 1963 2704 σῦ-

371 2719 722 2813 σκοτάσουσι,
759 2725 851 2778 καὶ
878 2727 948 2780 τὰ
979 2728 1157 2801 ἄστρα
1179 2733 1240 2786 οὐ
1274 2735 1504 2792 δώσουσι
1536 2741 1598 2795 τὸ
1626 2719 1831 2813 φέγγος
1864 2744 1966 2798 αὐ-

369 2807 503 2863 τῶν.
533 2812 643 2865 Καὶ
668 2814 875 2887 Κύριος
899 2819 1061 2877 δώσει
1093 2826 1277 2898 φωνὴν
1327 2831 1494 2886 αὐτοῦ
1529 2833 1638 2902 πρὸ
1663 2835 1960 2907 προσώπου

370 2899 660 2972 δυνάμεως
693 2905 881 2974 αὐτοῦ,
913 2910 996 2964 ὄτι
1046 2915 1213 2987 πολλή
1245 2919 1393 2972 ἐστιν
1433 2921 1466 2990 ἠ
1515 2899 1836 2995 παρεμδολὴ
1865 2926 1963 2979 αὐ-

371 2994 492 3084 τοῦ.
534 3014 554 3047 ι
581 2996 764 3051 Ταῦτα
812 2999 868 3052 δὲ
919 3003 1067 3068 είκδς
1095 3007 1195 3077 μὲν
1244 3010 1338 3063 καὶ
1381 3011 1449 3064 δι’
1481 3014 1663 3069 αὐτῶν
1713 3016 1965 3084 γενέσθαι

2138 2554 2304 2610 Vens.
2340 2554 2428 2620 10,
2463 2555 2551 2611 il.
2607 2574 2626 2608 ι
2663 2557 2808 2611 Ante
2855 2555 3063 2611 faciem
3097 2557 3222 2628 ejus
3277 2561 3666 2621 confundetur

2065 2651 2237 2712 terra,
2263 2653 2318 2700 et
2358 2646 2805 2702 commovebitur
2831 2647 3037 2702 malum
3069 2666 3082 2702 :
3119 2648 3204 2703 sol
3255 2659 3310 2704 et
3342 2650 3472 2706 luna
3505 2654 3666 2710 obte-

2066 2735 2450 2792 nebrabuntur
2477 2756 2490 2790 :
2518 2747 2572 2792 et
2593 2737 2765 2793 stellae
2788 2753 2899 2792 non
2928 2737 3139 2794 dabunt
3163 2739 3349 2796 lumen
3383 2757 3566 2799 suum.
3595 2745 3666 2800 Et

2067 2829 2336 2887 Dominus
2366 2828 2526 2885 dabit
2556 2845 2748 2886 vocem
2779 2847 2939 2887 suam
2983 2847 3014 2886 a
3044 2830 3189 2889 facie
3218 2835 3453 2892 virtutis
3503 2853 3620 2894 sua:
3647 2858 3663 2895 :

2072 2922 2338 2991 quoniam
2379 2924 2553 2977 multa
2590 2932 2724 2980 sunt
2777 2933 2962 2982 castra
3001 2926 3146 2997 ejus.
3204 2947 3226 2982 ι
3291 2929 3420 2987 Haec
3476 2941 3664 2990 autem

2073 3012 2243 3068 rebus
2272 3012 2417 3083 ipsis
2450 3013 2571 3070 fieri
2609 3031 2744 3072 vero
2789 3018 3111 3088 proximum
3143 3028 3265 3076 est:
3301 3039 3427 3078 nam
3489 3042 3665 3081 vocem

517 3089 862 3156 πραγμάτων
884 3107 898 3121 ⁸
915 3094 1130 3163 φωνὴν
1158 3098 1267 3168 γὰρ
1293 3100 1452 3155 καλεῖ
1469 3102 1568 3174 τὴν
1594 3083 1845 3177 βροντὴν,
1872 3108 1966 3161 καὶ

2074 3113 2234 3160 vocat
2280 3107 2524 3172 tonitru,
2571 3108 2708 3164 solis
2756 3083 2942 3165 autem
2992 3117 3049 3165 et
3109 3112 3258 3168 lunae
3316 3113 3660 3175 defectiones

373 3173 529 3246 ήλίου
558 3177 614 3278 δὲ
647 3182 742 3278 καὶ
773 3181 1002 3255 σελήνης
1051 3188 1323 3259 ἐκλείψεις
1373 3169 1642 3260 πολλάκις.
1664 3169 1968 3271 γεγενημέ-

2076 3211 2223 3266 saepe
2289 3197 2410 3253 ﬁeri
2469 3199 2877 3268 perspeximus,
2925 3206 3229 3270 astraque‘
3282 3221 3352 3261 ex
3402 3209 3663 3278 squalore

371 3282 474 3360 νας
531 3267 910 3360 ἐθεασάμεθα,
947 3278 1142 3332 καὶτὰ
1197 3281 1372 3353 ἄστρα
1423 3285 1530 3339 ὑπὸ
1579 3288 1792 3360 αὐχμοῦ
1821 3267 1967 3355 τινος

373 3356 539 3450 ἔστινΔ
555 3359 645 3412 ὅτε
681 3361 896 3434 ἀμυδρὰ
942 3367 1152 3434 γίνεται
1189 3371 1392 3445 σφόδρα
1415 3391 1431 3406 ·
1458 3376 1554 3430 καὶ
1585 3379 1618 3448 ή
1754 3381 1812 3434 δὲ
1846 3383 1969 3436 κλοο

371 3447 634 3518 νουμένη,
660 3450 754 3503 τοῦ
786 3452 922 3507 Θεοῦ
954 3458 1259 3528 παραδηλοῖ
1285 3461 1383 3531 τήν
1409 3447 1615 3536 ὀργήν.
1635 3447 1743 3522 Καὶ
1766 3471 1967 3540 ἑτέρως

369 3539 430 3630 δέ
453 3539 677 3630 δυνατὸν
713 3543 886 3598 ταῦτα
913 3547 1102 3618 νοῆσαι
1121 3565 1135 3578 ο
1153 3552 1202 3604 οἱ
1228 3552 1338 3625 γὰρ
1361 3554 1418 3608 ἐν
1455 3561 1764 3630 συμφοραῖς
1793 3539 1965 3626 ὄντες,

369 3621 485 3681 οἷον
513 3629 570 3681 ὲν
603 3630 783 3702 σκότῳ
823 3633 930 3687 τινὶ
967 3636 1273 3706 διάγοντες,
1305 3621 1372 3695 οὐ
1415 3621 1537 3716 τῆς-
1564 3621 1676 3702 τῶν
1720 3621 1969 3722 οὐρανῶν

371 3720 827 3810 ὲπαισθάνονταιω,
852 3725 1113 3794 στάσεως,
1165 3729 1225 3783 οὐ
1271 3732 1371 3805 τήν
1408 3735 1514 3806 γῆν
1552 3720 1809 3810 ἀκίνητον
1837 3743 1970 3797 ὐπο-

372 3808 745 3879 λαμϐάνουσιν
768 3807 930 3881 εἶναι,
980 3817 1082 3871 οὐκ
1113 3819 1172 3873 ἐν
1220 3823 1362 3890 φωτὶ
1393 3824 1492 3896 τὴν
1522 3807 1757 3901 ἡμέραν,
1784 3831 1885 3884 οὐκ
1911 3834 1967 3885 ἐν

375 3897 520 3970 αὐγῇ
550 3917 656 3955 τινι
691 3905 992 3978 συμμέτρῳ
1047 3907 1146 3980 τήν
1175 3911 1378 3980 νύκτα,
1411 3915 1527 3969 ἀλλ’
1556 3897 1770 3974 ἅπαντα
1798 3923 1967 3994 ἄρδην

375 3990 781 4066 ἀνατετράφθαι
799 3999 1098 4068 νομίζουσι.
1119 4001 1342 4067 Τούτοις
1360 4005 1560 4076 ὲπάγει
1580 4026 1593 4040 ·
1620 4029 1639 4062 ι
1668 4012 1788 4065 Ὅτι

375 4082 445 4154 ρὰ
475 4082 613 4156 ἔργα
635 4087 810 4157 λόγων
835 4090 1022 4148 αὐτοῦ.
1044 4111 1064 4144 ι
1103 4093 1250 4150 Ἀντὶ
1281 4097 1399 4165 τοῦ,
1433 4099 1623 4165 Οὐδεὶς
1647 4101 1780 4156 Θεοῦ
1809 4082 1967 4174 λόγος

371 4176 581 4248 ἔρημος
616 4178 796 4250 ἔργων
823 4182 974 4254 μένει
995 4201 1009 4216 ·
1041 4185 1070 4238 ὃ
1094 4185 1204 4259 γὰρ
1226 4187 1294 4243 ἂν
1323 4191 1480 4266 εἴπῃ,
1517 4193 1676 4248 τοῦτο
1705 4197 1867 4262 εὐθὺς
1887 4201 1967 4266 είς

369 4267 535 4338 ἔργον
594 4273 782 4341 χωρεῖ.
836 4292 854 4324 ι
897 4275 1045 4328 Διότι
1087 4279 1298 4352 μεγάλη
1326 4281 1359 4351 ή
1390 4282 1572 4354 ήμέρα
1600 4284 1694 4338 τοῦ
1733 4288 1962 4360 Κυρίου,

369 4360 587 4432 μεγάλη
632 4364 726 4418 καὶ
782 4365 1054 4438 ἐπιφανὴς
1085 4369 1290 4442 σφόδρα
1315 4413 1331 4438 ,
1360 4374 1451 4426 καὶ
1481 4375 1566 4439 τίς
1600 4375 1754 4433 ἔσται
1784 4381 1965 4449 ἱκανὸς

365 4452 552 4571 αὑῖξς
588 4474 606 4506 ³
658 4456 895 4571 Τῖιαῦτα
910 4459 974 4524 ⁸⁸,
1011 4463 1198 4530 φησιν,
1255 4463 1385 4534 ὑμῖν
1421 4467 1449 4519 ὁ
1492 4467 1602 4521 τῶν
1645 4470 1782 4524 ὅλων
1830 4473 1963 4540 Θεὸς
1997 4516 2040 4571 D

365 4544 442 4571 ι-
515 4561 557 4571 -.
596 4561 702 4571 η-..
791 4547 928 4571 ιι---
961 4551 1098 4571 ---φλ
1129 4551 1306 4571 ξαρ-η..
1345 4570 1356 4571 ,
1413 4552 1440 4564 ι.
1543 4555 1626 4571 .-ς
1815 4561 1826 4571 .
1872 4563 1892 4571 -

363 4542 562 4606 ἐπάξει
596 4545 764 4612 κακὰ,
788 4547 930 4601 ὥστε
959 4551 1100 4604 κατὰ
1126 4551 1307 4606 πᾶσαν
1339 4552 1513 4609 ταῦτα
1538 4555 1672 4626 δῆλα
1704 4561 1959 4628 γενέσθαι

361 4635 469 4706 τήν
494 4638 842 4711 οἰκουμένην.
873 4642 1124 4712 Ἡμέραν
1140 4645 1250 4716 γάρ
1269 4648 1546 4718 μεγάλην
1570 4651 1666 4704 καὶ
1689 4653 1957 4727 ἐπιφανῆ

361 4727 606 4799 κέκληκε
636 4731 736 4802 τὴν
763 4734 844 4796 είς
873 4733 1122 4799 ἅπαντας
1160 4737 1482 4811 ἀνθρώπους
1511 4741 1621 4796 τῶν
1646 4744 1956 4818 ὲπαχθησο-

362 4818 550 4890 μένων
587 4821 778 4878 δεινῶν
815 4823 1205 4898 διατρέχουσαν
1251 4831 1463 4903 φήμην.
1516 4833 1860 4910 Ἀντιστῆναι
1898 4843 1956 4896 δὲ

361 4913 482 4975 τοῖς
516 4912 879 4984 ἐπαγομένοις
905 4917 1009 4971 ὐπὸ
1035 4919 1171 4973 Θεοῦ
1205 4924 1395 4986 κακοῖς
1425 4923 1603 4990 οὐδεὶς
1645 4928 1953 5000 ἀνθρώπων

360 5001 676 5074 δυνήσεται.
730 5005 884 5060 Μετὰ
933 5007 1135 5073 ταύτας
1187 5010 1288 5075 τὰς
1341 5012 1574 5086 ἀπηχεῖς
1617 5018 1848 5085 ἀπειλὰς
1872 5025 1952 5088 είς

363 5094 696 5162 παραίνεσιν
735 5098 827 5152 καὶ
863 5100 1178 5172 συμϐουλὴν
1207 5103 1400 5174 τρέπει
1440 5106 1534 5161 τὸν
1570 5106 1750 5177 λόγον,

441 5185 527 5256 ιβ’.
561 5205 579 5239 ι
623 5188 1050 5262 Ἐπιστράφητε,
1080 5191 1282 5260 λέγων,
1312 5194 1372 5258 ἐξ
1421 5196 1549 5268 ὅλης
1592 5199 1697 5270 τῆς
1726 5202 1952 5273 καρδίας

361 5279 540 5350 ὑμῶν·
577 5300 594 5333 ι
621 5282 696 5354 μὴ
725 5284 1039 5354 μερίζοντες
1060 5287 1265 5358 ταύτην
1299 5289 1378 5352 εἰς
1404 5289 1595 5360 ἡδονάς
1627 5295 1723 5348 καὶ
1764 5295 1931 5368 εὐχάς

357 5365 501 5426 ἀλλὰ
528 5374 754 5447 νηστείᾳ
786 5377 880 5428 καὶ
906 5377 1140 5448 δάκρυσι
1163 5378 1456 5450 χρώμενοι.

2071 3286 2315 3358 quodam
2364 3287 2646 3343 interdum
2713 3291 2879 3345 valde
2927 3291 3325 3361 obscurantur,
3393 3305 3448 3352 et
3498 3307 3662 3355 terra:

2071 3393 2294 3449 quoque
2321 3379 2625 3435 concussio
2665 3379 2758 3436 Dci
2798 3381 2933 3436 iram
2967 3383 3235 3439 ostendit.
3260 3383 3504 3444 Possunt
3529 3406 3661 3446 vero

2070 3479 2128 3526 et
2157 3471 2264 3524 alia
2297 3471 2516 3527 ratione
2552 3471 2667 3527 haec
2699 3474 2954 3544 intelligi.
2985 3474 3090 3540 Qui
3125 3477 3274 3531 enim
3325 3478 3382 3532 in
3419 3482 3658 3536 calami-

2071 3550 2616 3628 tatibuslversantur,
2653 3573 2918 3634 tanquam
2947 3566 3005 3620 in
3050 3569 3300 3624 tenebris
3329 3573 3658 3641 quibusdam

2071 3653 2358 3725 degentes,
2387 3668 2490 3708 nec
2510 3656 2785 3710 caelorum
2817 3665 3022 3712 statum
3058 3674 3225 3715 sensu
3269 3661 3522 3732 capiunt,
3558 3680 3660 3720 nec

2069 3759 2195 3800 esse
2239 3751 2446 3800 terram
2483 3745 2832 3802 immobilem
2886 3748 3251 3808 existimant:
3295 3769 3409 3810 non
3442 3756 3500 3811 in
3536 3757 3663 3812 lucc

2070 3836 2241 3900 diem,
2280 3852 2393 3917 non
2452 3838 2507 3890 in
2547 3837 2837 3894 moderato
2872 3841 3063 3912 aliquo
3117 3843 3337 3914 fulgore
3397 3856 3615 3904 noctem
3639 3891 3658 3917 ,

2069 3926 2165 3982 sed
2200 3915 2454 3984 funditus
2489 3928 2713 3986 inversa
2749 3946 2879 3986 esse
2922 3933 3112 3988 omnia
3151 3936 3517 3996 arbitrantur.
3557 3915 3659 3998 His

2069 4017 2360 4088 adjungit:
2427 4039 2446 4072 ι
2524 4019 2798 4086 Quoniam
2865 4021 3034 4077 fortia
3096 4041 3262 4096 opera
3331 4044 3654 4086 sermonum

2067 4107 2247 4163 illius.
2287 4126 2306 4160 ι
2344 4107 2459 4164 Hoc
2497 4120 2603 4173 est,
2655 4109 2855 4167 Nullus
2889 4111 2986 4168 Dei
3015 4129 3203 4172 sermo
3228 4119 3394 4176 rebus
3422 4121 3656 4179 destitu-

2069 4205 2160 4253 tus
2186 4208 2372 4254 manet
2399 4219 2412 4254 :
2445 4201 2542 4256 sed
2570 4203 2720 4272 quod
2751 4203 2908 4269 dicit,
2944 4206 3249 4264 confestim
3278 4226 3446 4282 opere
3488 4219 3656 4286 ρει-11-
3708 4271 3710 4274 ,

2066 4290 2236 4344 citur.
2276 4309 2296 4372 ε
2343 4289 2486 4357 Quia
2529 4309 2769 4364 magnus
2832 4296 2959 4352 dies
3019 4296 3262 4369 Domini,
3320 4319 3550 4376 magnus
3599 4320 3656 4365 et

2067 4379 2224 4436 valde
2256 4380 2536 4439 illustris:
2569 4386 2779 4455 etquis
2825 4390 3111 4448 sustinere
3157 4396 3362 4463 poterit
3392 4413 3516 4453 eum
3544 4401 3568 4454 ?
3627 4422 3648 4454 ι

2067 4467 2226 4525 Talia
2256 4471 2402 4529 Deus
2430 4474 2594 4533 vobis
2623 4475 2827 4534 inferet
2868 4481 3014 4536 mala
3042 4523 3059 4546 ,
3108 4491 3170 4538 ut
3220 4487 3479 4544 universo
3529 4493 3652 4548 orbi

2066 4570 2229 4620 terra:
2257 4565 2551 4623 manifesta
2583 4568 2737 4624 fiant.
2772 4569 2928 4626 Diem
2957 4575 3106 4629 enim
3143 4593 3394 4647 magnum
3433 4589 3488 4636 et
3521 4583 3652 4638 illu-

2065 4663 2229 4710 strem
2287 4659 2508 4715 vocavit
2561 4660 2762 4717 famam
2811 4663 3228 4723 inferendarum
3276 4671 3651 4730 calamitatum

2064 4749 2132 4804 ad
2182 4764 2377 4806 omnes
2432 4751 2689 4809 homines
2748 4755 2961 4827 1393
3026 4770 3443 4830 pervagantem.
3493 4765 3652 4825 Malis

2062 4851 2269 4910 autem,
2301 4857 2428 4914 qua:
2461 4842 2611 4902 Deus
2649 4846 2888 4918 infligit,
2924 4852 3245 4906 mortalium
3293 4856 3478 4912 nullus
3510 4861 3652 4915 resi-

2063 4941 2216 4990 stere
2247 4937 2474 5006 poterit.
2510 4936 2642 4992 Post
2675 4939 2774 4995 has
2802 4940 3104 5000 horribiles
3135 4945 3314 5001 minas
3347 4948 3414 5003 ad
3447 4965 3653 5008 c0nso«

2058 5025 2325 5083 lationem
2365 5036 2425 5085 et
2471 5030 2768 5085 consilium
2820 5034 3098 5088 convertit
3153 5051 3464 5096 sermonem
3492 5086 3507 5110 ,
3561 5046 3650 5101 di-

2057 5132 2228 5175 cens:

2127 5207 2294 5266 Vens.
2333 5210 2418 5267 12.
2468 5231 2487 5263 ι
2544 5212 2948 5274 Convertimini
2984 5218 3095 5292 (ad
3144 5222 3486 5304 Dominum)
3538 5242 3654 5292 toto

2055 5302 2225 5358 corde
2279 5312 2510 5359 vestro:
2546 5325 2563 5357 ι
2613 5323 2722 5362 non
2777 5310 3091 5371 dividentes
3149 5317 3330 5390 ipsum
3368 5323 3424 5378 in
3467 5302 3651 5382 Vvolu-

2058 5400 2238 5462 ptates
2281 5405 2334 5449 et
2362 5411 2578 5465 preces,
2626 5399 2721 5453 sed
2767 5401 2982 5473 jejunio
3013 5415 3068 5463 et
3111 5409 3370 5484 lacrymis
3417 5429 3646 5485 operam

2058 5482 2272 5539 dantes.

1653 5602 1884 5663 VARLE
1933 5611 2341 5676 LECTIONES.

364 5757 774 5848 σξδηρρφλβοει
805 5765 1345 5848 πολέμοιςιερρβιςω
1367 5757 1541 5848 visum
1573 5781 1680 5848 est.

365 5829 413 5861 ⁸³
455 5828 642 5886 σελζϐ
670 5847 855 5903 prtem.
881 5828 953 5906 ή.’
1041 5828 1086 5869 ⁸⁸
1119 5828 1374 5898 Τοὶαῦτα.
1407 5839 1447 5894 C
1479 5841 1642 5898 αὐτά.

536 5689 659 5748 πολ.
695 5690 736 5746 C
767 5693 937 5755 addit,
980 5694 1072 5748 καὶ
1119 5694 1628 5779 διαναπαυόμενοι·
1680 5705 2187 5780 σιδηροφοροῦντες.
2230 5717 2512 5786 Sequitur,
2551 5721 2662 5791 γὰρ
2691 5725 2748 5780 ἐν
2797 5729 2930 5792 τοῖς,
2973 5745 3024 5781 κ,
3059 5746 3109 5785 τ,
3146 5727 3194 5783 λ,
3233 5729 3307 5785 Ex
3343 5731 3428 5788 his
3461 5737 3638 5792 εοιωη

536 5776 618 5810 nco.
651 5770 774 5810 [δοκι
805 5765 1062 5810 πολέμοις
1090 5768 1345 5810 ςιιηηιρν.»
1367 5784 1541 5810 vicum
1573 5781 1654 5810 ne!
1789 5781 1828 5810 ct
1860 5780 1952 5810 -..ιι
2016 5781 2083 5810 ι...
2138 5800 2257 5810 -..ω
2295 5787 2334 5810 n
2371 5789 2594 5810 μέμυ-
2656 5792 2710 5810 ο.
2955 5798 2967 5808 .
2999 5799 3010 5810 .
3270 5801 3312 5810 -_
3351 5801 3382 5810 -
3491 5805 3501 5810 -

1860 5780 1980 5835 πολ.
2012 5781 2087 5838 ita
2135 5800 2260 5843 cum
2295 5780 2335 5844 C
2369 5780 2821 5862 legimu's.'Sirm.
2881 5780 3153 5868 ἔτόὶζέμων.

3269 5801 3312 5832 ⁸⁸
3345 5801 3384 5857 C
3421 5805 3636 5878 τοίχων.
