4088 6412
435 459 452 521 1
465 459 568 520 (ii-7

1405 446 1887 508 TIIEODORETI
1921 443 2254 503 EPISCOPI
2279 443 2644 503 CYRENSIS

3557 433 3691 498 1648

500 571 666 627 Vens.
703 569 790 624 1'5.
835 587 853 620 ι
918 567 983 621 Et
1021 566 1254 621 sciuditc
1294 562 1459 617 corda
1514 571 1731 629 vestra,
1787 577 1844 616 et
1894 576 2004 614 non

2181 566 2268 628 ιγ’.
2304 578 2322 611 ι
2357 561 2467 612 Καὶ
2499 556 2829 630 διαρρήξατε
2877 557 2974 620 τὰς
3009 553 3235 624 καρδίας
3269 546 3446 624 ὑμῶν,
3477 551 3574 604 καὶ
3615 553 3692 624 μὴ

431 664 758 718 vestimenta
817 667 1018 714 vestra.
1076 676 1094 708 ι
1136 658 1247 710 lloc
1287 666 1393 721 est,
1435 655 1812 723 Cogitationes
1849 668 2003 706 com-

433 751 747 822 punetionis
804 757 990 802 mente
1029 753 1270 808 versate,
1321 756 1374 799 et
1408 745 1577 798 animi
1632 743 2003 813 pervicaciam

430 843 694 904 emollite,
725 849 778 894 et
829 838 1092 893 salutaria
1137 836 1319 906 capite
1356 836 1611 902 consilia,
1641 835 2006 905 nequitia-que

426 935 514 986 via
545 932 757 996 relicta,
803 931 868 984 ad
903 929 1072 984 Deum
1124 927 1418 983 ducentem
1448 927 1593 983 viam
1631 941 1847 983 summa
1882 941 2007 981 cum

429 1024 782 1078 contentione
837 1019 1236 1090 ingredimini:
1305 1031 1432 1072 nam
1494 1017 1889 1072 misericordia:
1955 1024 2010 1071 et

429 1113 802 1169 miserationis
843 1111 1001 1167 multi
1030 1111 1176 1180 apud
1208 1124 1335 1166 eum
1381 1108 1559 1165 fontes
1605 1111 1905 1175 exsistunt,
1955 1116 2009 1164 et

428 1205 696 1276 patientia
737 1217 901 1258 utens
946 1202 1089 1258 solet
1126 1202 1308 1255 minas
1347 1199 1534 1270 reipsa
1592 1215 1703 1254 non
1754 1201 2008 1269 exsequi.

432 1298 545 1353 lloe
579 1297 727 1352 enim
763 1294 1116 1366 signiﬁcavit,
1142 1292 1376 1348 dicens:
1420 1311 1438 1344 ι
1481 1290 1546 1344 Et
1602 1291 1836 1360 pmnitet
1884 1306 2008 1344 eum

431 1391 725 1453 malorum,
769 1406 787 1438 ι
830 1387 934 1440 hoc
980 1393 1084 1448 est,
1143 1381 1604 1454 perterrefaciens
1634 1381 1860 1450 quidem
1899 1396 2012 1448 pa:-

434 1495 625 1534 narum
646 1479 833 1540 minis,
853 1477 945 1532 sed
965 1477 1104 1530 facta
1126 1475 1404 1529 hominum
1426 1475 1478 1527 iu
1499 1473 1692 1527 melius
1713 1480 2014 1527 commuta-

431 1575 606 1633 tione,
629 1577 978 1625 commutans
1007 1575 1059 1622 et
1095 1567 1214 1635 ipse
1237 1566 1418 1619 minas
1449 1566 1503 1618 in
1538 1564 1589 1618 id
1623 1564 1764 1634 quod
1795 1570 2010 1632 gratum

432 1676 538 1719 est.
597 1664 783 1732 Neque
835 1662 978 1716 enim
1032 1660 1416 1713 universorum
1479 1657 1619 1713 Deus
1673 1672 1818 1711 nunc
1881 1655 2006 1719 hoc,

433 1772 577 1809 llllllC
610 1753 745 1808 illud
787 1754 925 1817 vult,
952 1766 1132 1821 neque
1168 1749 1430 1804 similiter
1467 1756 1526 1803 ut
1559 1765 1684 1813 nos,
1732 1763 1856 1802 eum
1893 1762 2011 1817 pa:-

435 1847 568 1899 nitet
606 1857 799 1900 eorum
850 1857 971 1912 quae
1023 1840 1196 1894 facit:
1231 1840 1326 1895 sed
1358 1840 1524 1894 etiam
1576 1839 1704 1893 dum
1741 1840 2008 1899 minatur,

435 1937 596 1990 habet
625 1933 766 2005 apud
801 1948 861 1988 se
889 1932 1355 1993 misericordiam,
1394 1945 1559 2000 quam
1592 1931 1679 1985 his
1714 1946 1854 2000 quos
1879 1946 2008 2000 pec-

435 2036 682 2081 caterum
715 2024 963 2095 pmnitct,
1001 2023 1274 2092 largitur:
1318 2036 1514 2076 rursus
1546 2037 1670 2077 cum
1706 2023 1846 2076 bona
1878 2036 2010 2089 pro-

436 2119 627 2182 mittit,
665 2132 774 2172 nou
806 2116 1021 2186 ignorat
1045 2114 1136 2183 qui
1164 2113 1293 2168 boni
1329 2114 1463 2176 sint,
1491 2113 1658 2182 quive
1699 2113 1862 2168 donis
1894 2115 2011 2169 suis

435 2210 681 2280 indigni;
717 2216 772 2263 ct
825 2207 934 2261 illis
988 2205 1208 2275 quidem
1266 2204 1410 2259 dona
1468 2204 1693 2275 praebet,
1737 2205 1824 2259 his
1879 2219 2012 2258 vero

436 2310 631 2356 contra
682 2313 846 2368 quam
887 2296 1179 2366 pollicetur
1229 2294 1490 2364 impertit.
1540 2295 2012 2349 Promissionibus

437 2393 582 2445 enim
617 2398 676 2445 'et
711 2388 874 2443 minis
909 2385 978 2440 ad
1010 2386 1305 2441 utilitatem
1333 2383 1668 2453 (hominum)
1702 2385 1780 2439 uti
1831 2385 2010 2439 solet:

438 2492 500 2536 ut
556 2482 654 2535 has
715 2485 1061 2541 metuentes,
1110 2477 1232 2531 illas
1284 2482 1630 2546 exoptantes,
1683 2477 1893 2530 vitam'
1948 2475 2016 2529 ad

441 2575 611 2642 legem
643 2570 999 2639 compositam
1051 2565 1265 2638 139i.
1316 2576 1503 2637 agant.
1549 2565 1681 2621 Post
1739 2566 1854 2620 haec
1891 2581 2016 2636 pro-

442 2665 603 2735 pheta
635 2676 758 2717 cum
808 2659 1047 2730 quadam
1097 2658 1444 2712 dubitatione
1491 2657 1736 2712 divinam
1776 2657 2017 2711 clemen-

442 2759 574 2810 tiam
617 2754 947 2824 pollicetur,
1009 2750 1112 2803 hoc
1161 2751 1326 2801 etiam
1391 2749 1554 2803 modo
1609 2747 1863 2816 stupidus
1923 2763 2020 2802 ex-

445 2858 686 2901 terrens.

517 2935 686 2989 Vens.
723 2935 809 2987 lt.
852 2952 869 2984 ι
913 2930 1049 2996 Quis
1079 2931 1252 2996 novit,
1285 2944 1353 2983 an
1387 2939 1720 2992 revertatur,
1758 2938 1812 2984 et
1847 2927 2021 2996 pmni-

447 3036 559 3083 teat
613 3040 762 3092 eum,
813 3033 868 3078 et
911 3023 1193 3090 relinquat
1251 3030 1378 3090 post
1431 3035 1491 3075 se
1547 3019 2019 3081 benedictionem,

450 3115 806 3179 sacriﬁcium,
845 3124 901 3169 et
956 3114 1194 3166 libamen
1251 3110 1484 3165 Domino
1547 3109 1658 3164 Deo
1715 3109 1954 3163 nostro?
2001 3126 2017 3157 ι

456 3208 762 3264 Verisimile
819 3205 1156 3274 est,inquit,
1209 3202 1326 3257 fore
1365 3211 1424 3256 ut
1456 3202 1625 3257 minis
1675 3201 1796 3256 sine
1826 3201 2022 3255 cﬂectu

451 3302 683 3365 relictis,
725 3301 888 3355 solita
926 3313 1026 3353 nos
1060 3298 1330 3352 bonorum
1367 3295 1526 3365 copia
1563 3293 1832 3357 cumulet,
1872 3300 1932 3346 ut
1975 3299 2030 3347 ct

453 3394 674 3447 solitum
732 3389 894 3444 altari
946 3387 1157 3442 cultum
1219 3384 1543 3439 oll‘eramus.
1596 3381 2030 3435 Benedictionem

453 3485 620 3549 enim,
650 3483 919 3537 honorum
948 3479 1168 3533 vocavit
1202 3474 1726 3545 suppeditationem.
1758 3473 1894 3549 Cum
1929 3473 2032 3524 hac

456 3547 645 3643 igitur,
686 3571 887 3640 inquit,
916 3583 1038 3638 spe,
1815 3547 1821 3554 ’

525 3662 696 3718 Vens.
731 3662 822 3717 15.
858 3680 876 3712 ι
928 3657 1179 3728 Claugite
1211 3657 1341 3710 tuba
1379 3656 1436 3709 in
1494 3653 1662 3708 Sione
1697 3674 1710 3709 :
1761 3673 1779 3704 i
1820 3651 1933 3724 [16]
1979 3654 2034 3706 in

455 3755 670 3827 jejunio
707 3759 763 3806 et
813 3750 1002 3805 divino
1036 3748 1186 3802 cultu
1233 3760 1450 3799 omnem
1491 3745 1753 3813 populum
1801 3758 2036 3812 congre-

459 3852 674 3914 gantes,
713 3849 778 3896 ut-
835 3839 1016 3894 omnis
1068 3837 1316 3891 Ecclesia
1367 3833 1614 3891 studiose
1671 3836 1760 3889 det
1810 3848 2034 3905 Operam

460 3933 816 4007 putuitentiaa.
850 3930 1090 3999 Majores
1118 3936 1299 3982 autem
1337 3936 1468 3980 natu
1501 3935 1769 3996 praeeunt,
1821 3924 2034 3980 omnis-

457 4038 566 4094 que
587 4031 722 4078 aetas
751 4023 988 4087 intersit,
1012 4033 1080 4072 ne
1107 4016 1418 4072 infantibus
1453 4015 1676 4086 quidem
1705 4016 2040 4070 lactentibus

459 4115 727 4185 exceptis.
760 4113 828 4167 Et
861 4112 955 4181 qui
981 4124 1159 4180 nuper
1185 4108 1352 4164 etiam
1392 4108 1648 4178 sponsale
1677 4105 1871 4177 jugum
1904 4106 2039 4160 sub-

461 4209 665 4270 ierunt,
701 4204 1046 4274 nuptialibus
1103 4199 1373 4255 conviviis
1429 4199 1657 4264 relictis,
1691 4199 1854 4253 simul
1909 4212 2036 4251 cum

459 4306 661 4353 canere
705 4296 908 4366 populo
955 4293 1292 4363 pmniteutia:
1348 4291 1620 4360 lacrymas
1677 4287 2037 4362 profundant.

462 4390 823 4448 Sacerdotum
854 4396 1036 4441 autem
1086 4386 1383 4455 collegium
1435 4383 1502 4436 ad
1555 4383 1744 4452 templi
1781 4382 1952 4449 fores,
1984 4389 2039 4435 et

462 4486 634 4538 altare
663 4479 810 4551 quod
841 4487 924 4534 est
957 4492 1072 4548 prae
1103 4477 1314 4532 foribus
1339 4476 1484 4545 ejus,
1522 4475 1718 4544 lugens
1743 4482 1797 4529 et
1822 4475 2041 4544 ejulans

461 4575 844 4630 universorum
881 4569 1052 4623 Deum
1091 4569 1312 4638 placare
1339 4566 1561 4621 studeat
1591 4566 1678 4621 his
1710 4565 1931 4620 verbis:

534 4807 703 4863 Vens.
733 4807 820 4861 Π.
861 4823 880 4855 ι
917 4803 1120 4870 Parce,
1166 4802 1432 4867 Domine,
1485 4803 1686 4870 populo
1716 4810 1812 4857 tuo
1839 4841 1852 4865 ,
1890 4811 1945 4858 et
1976 4819 2047 4860 ne

467 4900 685 4956 dederis
716 4895 1088 4951 hazreditatem
1119 4904 1269 4949 tuam
1320 4894 1377 4947 in
1415 4892 1801 4963 opprobrium,
1837 4901 1896 4949 ut
1943 4893 2045 4950 do-

466 4989 880 5045 minenturillis
903 4995 1094 5058 gentes
1123 5005 1135 5040 :
1169 5003 1236 5040 ne
1261 4985 1454 5039 dicant
1475 4985 1529 5039 in
1560 4984 1911 5043 nationibus:
1941 4986 2045 5044 Ubi

467 5087 551 5134 est
580 5079 723 5134 Deus
752 5093 940 5133 eorum
963 5077 984 5130 ‘l
1031 5094 1048 5127 ι
1095 5076 1199 5129 Hic
1229 5089 1363 5144 ergo
1395 5081 1583 5143 aperte
1629 5075 1896 5143 ostendit,
1931 5077 2048 5132 fore

467 5179 528 5225 ut
559 5172 629 5225 ob
660 5167 1155 5225 Sennacherimum
1190 5165 1626 5236 supplicationes
1661 5166 2046 5234 instituantur,

469 5263 540 5317 ob
578 5277 739 5334 quem
767 5261 937 5316 etiam
976 5273 1075 5313 rex
1107 5255 1371 5312 Ezechias
1411 5271 1670 5327 magnum
1719 5260 2042 5330 prophetam

470 5351 666 5407 Isaiam
694 5348 930 5419 rogavit,
960 5357 1019 5402 ut
1043 5359 1144 5416 pro
1173 5347 1380 5418 populo
1410 5347 1741 5417 legationem
1774 5351 1838 5403 ad
1874 5348 2041 5403 Deum

470 5444 671 5500 obiret.
696 5441 812 5515 [18]
836 5441 966 5507 Quae
998 5454 1127 5494 vero
1153 5438 1546 5508 subjiciuntur,
1574 5437 1796 5506 docent,
1832 5441 2048 5512 1395

473 5546 630 5590 terra:
650 5549 870 5606 quoque
897 5531 1081 5604 fruges
1103 5529 1363 5586 divinitus
1382 5529 1604 5600 injectis
1629 5547 1646 5568 ι
1666 5533 1805 5604 lagis
1833 5534 2052 5589 labefa-

2109 651 2177 704 τά
2220 652 2408 722 ἱμάτια
2460 651 2631 721 ὑμῶν.
2685 667 2703 699 ι
2737 648 3017 711 Τουτέστι,
3063 647 3187 708 Τοῖς
3211 645 3312 714 τῆς
3347 642 3694 708 κατανύξεως

2112 741 2390 813 χρήσασθε
2452 741 2766 811 λογισμοῖς,
2800 741 2895 794 καὶ
2941 739 3003 792 τὸ
3051 737 3275 800 ἀπειθὲς
3314 735 3414 804 τῆς
3450 734 3694 796 διανοίας

2112 834 2555 905 καταμαλάξατε,
2583 834 2677 886 καὶ¹
2721 835 2820 896 τὰς
2861 830 3162 899 ἐπωφελεῖς
3190 827 3522 892 ὑποδέξασθε
3556 843 3694 894 συμ-

2112 926 2331 991 ϐουλὰς,
2355 927 2448 978 καὶ
2478 925 2577 994 τὴν
2623 924 2724 994 τῆς
2763 922 2962 986 κακίας
2999 918 3392 982 καταλιπόντες
3425 917 3566 981 ὁδὸν,
3593 917 3698 984 τὴν

2113 1019 2249 1090 πρὸς
2267 1017 2400 1070 Θεὸν
2427 1017 2668 1084 ἄγουσαν
2699 1015 2965 1077 συντόνως
2988 1014 3202 1068 όδεύετε
3222 1011 3434 1064 ὀἴκτου
3460 1008 3568 1079 γάρ
3600 1006 3699 1060 καὶ

2112 1110 2262 1164 ἐλέου
2326 1108 2519 1161 πολλαὶ
2564 1107 2694 1177 παρ’
2748 1105 2899 1176 αὐτῷ
2945 1103 3152 1175 πηγαὶ,
3199 1103 3293 1156 καὶ
3342 1099 3701 1172 μακροθυμίᾳ

2113 1199 2394 1272 χρώμενος
2438 1193 2579 1251 οἶδεν
2607 1199 2688 1261 είς
2739 1195 2899 1268 ἔργον
2955 1196 3030 1266 μὴ
3086 1192 3275 1263 φέρειν
3313 1192 3413 1254 τὰς
3441 1189 3697 1251 ἀπειλάς.

2113 1293 2284 1347 Τοῦτο
2317 1291 2427 1362 γὰρ
2461 1289 2845 1360 παρεδήλωσεν
2887 1285 3126 1358 εἰρηκώς
3150 1301 3170 1316 ·
3213 1302 3233 1335 ι
3269 1283 3380 1337 Καὶ
3419 1282 3703 1352 μετανοῶν

2114 1386 2206 1438 ἐπὶ
2237 1385 2358 1446 ταῖς
2391 1381 2611 1444 κακίαις
2633 1397 2648 1411 ·
2686 1399 2704 1430 ι
2733 1378 2853 1432 ἀντὶ
2885 1377 2978 1430 τοῦ
3001 1417 3015 1441 ,
3043 1374 3413 1444 δεδιττόμενος
3451 1371 3552 1441 μὲν
3577 1373 3705 1433 ταῖς

2113 1475 2222 1526 τῶν
2269 1471 2542 1525 κολάσεων
2575 1468 2830 1530 ἀπειλαῖς
2850 1505 2866 1529 ,
2891 1467 3010 1526 ταῖς
3034 1464 3091 1517 δὲ
3127 1463 3238 1515 τῶν
3267 1459 3573 1532 ἀνθρώπων
3605 1459 3706 1512 ἐπὶ

2113 1565 2174 1616 τὸ
2231 1565 2475 1634 κρεῖττον
2518 1559 2840 1630 μεταϐολαῖς
2872 1553 3339 1626 συμμεταϐάλλων
3381 1552 3474 1604 ἐπὶ
3512 1551 3575 1603 τὸ
3615 1549 3709 1602 θυ-

2119 1657 2290 1726 μῆρες
2316 1653 2415 1716 τὰς
2450 1651 2698 1714 ἀπειλάς.
2743 1649 2802 1702 Ὀ
2843 1648 2952 1718 γὰρ
2993 1646 3101 1699 τῶν
3149 1645 3288 1726 ὅλων
3337 1643 3472 1704 Θεὸς
3507 1643 3567 1694 οὐ
3606 1641 3707 1693 νῦν

2118 1717 2217 1815 μὲν
2250 1742 2444 1806 ταῦτα,
2468 1741 2561 1796 νῦν
2591 1741 2648 1794 δὲ
2679 1741 2868 1793 ἐκεῖνα
2895 1717 3232 1808 βουλεύεταῖ,
3261 1735 3382 1788 οὐδὲ
3411 1733 3709 1804 παραπλη-

2119 1839 2248 1899 σίως
2293 1839 2428 1908 ἡμῖν
2461 1837 2531 1902 ⁸⁵,
2588 1835 2674 1904 ἐφ’
2711 1833 2794 1899 οἷς
2844 1833 3072 1904 πράττει
3110 1831 3393 1902 μετανοεῖο
3427 1828 3564 1883 ἀλλά
3609 1829 3711 1881 καὶ

2119 1928 2360 1985 ἀπειλῶν
2395 1926 2505 1999 ἔχει
2555 1925 2687 1997 παρ’
2725 1923 2874 1994 αύτῷ
2906 1925 2998 1977 τὸν
3027 1922 3196 1988 ἔλεον,
3223 1921 3282 1975 δν
3322 1921 3438 1984 τοῖς
3489 1935 3708 1989 μεταμ-

2120 2022 2396 2092 ελομένοις
2447 2019 2531 2086 ἐφ’
2578 2012 2660 2079 οἷς
2712 2015 3019 2085 ἐξήμαρτον
3073 2012 3334 2083 χορηγεῖ·
3385 2010 3478 2063 καὶ
3522 2007 3711 2075 ἀγαθὰ

2122 2112 2548 2183 ὑπισχνούμενος
2587 2105 2694 2162 οἵδε
2741 2107 2866 2172 τούς
2909 2123 2968 2159 τε
3007 2103 3269 2174 ἀγαθοὺς,
3318 2101 3570 2162 καὶτοὺς
3613 2100 3714 2152 ἀν-

2122 2202 2306 2267 αξίους
2323 2203 2368 2234 ⁸⁸
2385 2202 2493 2254 τῶν
2517 2197 2754 2270 δωρεῶν·
2774 2197 2992 2259 καὶτοῖς
3017 2197 3114 2266 μέν
3139 2193 3342 2256 ταύτας
3367 2191 3569 2262 ὀρέγει,
3595 2191 3714 2251 τοῖς

2121 2297 2177 2349 δὲ
2211 2294 2473 2348 τάναντία
2530 2287 2606 2346 ὧν
2661 2289 3006 2359 ὑπισχνεῖται
3053 2284 3288 2339 δίδωσιν.
3342 2281 3714 2351 ’Υποσχέσεσι

2123 2389 2233 2460 γὰρ
2281 2388 2378 2442 καὶ
2406 2386 2655 2448 ἀπειλαῖς
2687 2384 2825 2455 πρὸς
2851 2383 3118 2451 ὠφέλειαν
3145 2379 3431 2450 κέχρηται,
3470 2375 3557 2427 ἵνα
3607 2373 3714 2437 τὰς

2129 2480 2227 2550 μὲν
2255 2479 2509 2542 δεδιότες,
2554 2476 2651 2539 τὰς
2689 2476 2746 2528 δὲ
2790 2473 3083 2537 ποθοῦντες
3106 2511 3122 2538 ,
3155 2471 3253 2541 τὴν
3293 2469 3517 2537 ἔννομον
3559 2465 3717 2517 πολι-

2125 2573 2277 2624 τείαν
2329 2569 2702 2623 ἀσπάσωνται.
2757 2563 2893 2620 Εἴτα
2952 2564 3093 2636 μετά
3146 2577 3290 2624 τινος
3323 2556 3656 2630 ἀμφιϐολίας
3688 2559 3718 2610 ὁ

2129 2663 2414 2732 προφήτης
2433 2661 2533 2730 τὴν
2579 2658 2730 2712 θείαν
2760 2657 3047 2727 εὐμένειαν
3074 2651 3471 2721 ἐπαγγέλλεται
3495 2688 3509 2711 ,
3539 2648 3645 2700 κάν
3670 2647 3716 2677 ⁸⁷

2129 2753 2302 2821 τούτῳ
2331 2752 2456 2814 τοὺς
2473 2749 2832 2817 ἀναισθήτους
2864 2745 3066 2815 φοϐῶν.

2206 2985 2284 3040 ιδ’.
2323 3001 2342 3034 ι
2385 2981 2478 3045 Τίς
2536 2978 2708 3046 οἶδεν,
2741 2982 2790 3034 εί
2836 2978 3189 3048 ἐπιστρέψει,
3221 2977 3315 3031 καὶ
3370 2975 3721 3046 μετανοήσει,

2132 3077 2228 3132 καὶ
2257 3075 2601 3144 ύπολείψεται
2639 3073 2814 3126 ὀπίσω
2861 3069 3026 3126 αὐτοῦ
3062 3068 3312 3136 εὐλογίαν
3333 3105 3348 3130 ,
3381 3065 3591 3129 θυσίαν,
3623 3066 3727 3118 καὶ

2136 3168 2366 3238 σπονδὴν
2405 3165 2594 3236 Κυρίῳ
2624 3165 2701 3235 τῷ
2732 3163 2850 3234 Θεῷ
2894 3161 3093 3234 ὴμῶν;
3133 3179 3153 3213 ι
3196 3160 3380 3223 Εἰκὸς,
3414 3158 3599 3228 φησὶν,
3624 3159 3713 3210 ὃτι

2059 3249 2102 3305 C
2136 3261 2233 3324 τὰς
2282 3258 2511 3322 ἀπειλὰς
2563 3254 2878 3311 καταλιπὼν
2916 3253 3150 3317 ἀτελεῖς,
3198 3252 3297 3321 τὴν
3349 3248 3554 3320 συνήθη
3608 3248 3730 3301 τῶν

2139 3353 2360 3422 ἀγαθῶν
2406 3354 2538 3421 ἡμῖν
2592 3348 2854 3416 ἀφθονίαν
2902 3347 3245 3417 δωρήσεται,
3281 3341 3421 3395 ὥστε
3478 3342 3580 3394 καὶ
3624 3341 3729 3408 τὴν

2143 3444 2346 3515 συνήθη
2378 3438 2631 3512 λατρείαν
2657 3439 2734 3510 τῷ
2757 3437 3126 3507 θυσιαστηρίῳ
3153 3433 3502 3506 προσφέρειν.
3530 3432 3731 3485 Εὐλο-

2141 3538 2280 3606 γίαν
2306 3535 2416 3604 γὰρ
2462 3533 2560 3602 τὴν
2593 3531 2702 3584 τῶν
2730 3529 2952 3598 ἀγαθῶν
2985 3528 3213 3582 ἐκάλεσε
3261 3523 3546 3595 χορηγίαν.
3585 3521 3731 3575 Μετ’

2143 3624 2309 3694 αὐτῆς
2331 3623 2375 3654 εδ
2401 3621 2604 3683 τοίνυν,
2640 3618 2796 3689 φησὶ,
2825 3615 2924 3686 τῆς
2961 3615 3197 3678 ἐλπίδος,

2218 3722 2296 3767 ιε’.
2333 3731 2353 3764 ι
2391 3712 2694 3766 Σαλπίσατε
2737 3709 3000 3777 σάλπιγγι
3035 3708 3094 3760 ἐν
3137 3704 3276 3759 Σιών
3299 3721 3313 3735 ο
3357 3723 3376 3757 ι
3419 3704 3477 3756 ἐν
3499 3702 3734 3772 νηστεία

2146 3807 2240 3861 καὶ
2267 3804 2401 3858 Θεοῦ
2437 3803 2705 3874 θεραπείᾳ
2747 3801 2924 3855 πάντα
2968 3797 3412 3868 συναθροίζοντες
3455 3794 3546 3847 τὸν
3573 3794 3734 3858 λαὸν,

2147 3899 2289 3951 ὥστε
2310 3898 2495 3948 πᾶσαν
2522 3895 2620 3965 τήν
2673 3892 3000 3962 Ἐκκλησίαν
3027 3889 3283 3958 ἐκθύμως
3303 3889 3370 3957 τῇ
3396 3883 3742 3956 μεταμελείᾳ

2147 3988 2452 4059 προσέχειν.
2499 3984 2873 4053 Ἤγείσθωσαν
2910 3981 2967 4035 δὲ
2994 3982 3045 4034 oi.
3071 3980 3165 4033 τὸν
3208 3977 3434 4030 πλείονα
3469 3973 3740 4045 βεϐιωκό-

2147 4098 2236 4143 τες
2266 4079 2458 4150 χρόνον
2487 4095 2500 4108 ·
2529 4076 2792 4147 παρέστω
2814 4074 2871 4127 δὲ
2905 4072 2998 4127 καὶ
3032 4073 3182 4124 πᾶσα
3204 4067 3410 4140 ἡλικία,
3449 4066 3583 4136 μηδὲ
3620 4065 3740 4118 τῶν

2150 4169 2470 4241 ύπομαζίων
2514 4165 2964 4236 ὑπολειπομένων
3013 4161 3248 4233 βρεφῶν.
3283 4158 3394 4212 Καὶ
3434 4159 3482 4210 οί
3519 4156 3646 4225 ἀρτι
3673 4156 3740 4209 δὲ

2148 4262 2433 4331 δεξάμενοι
2493 4258 2584 4310 τὸν
2629 4255 2725 4309 τοῦ
2778 4254 2959 4324 γάμου
3015 4249 3220 4319 ζυγὸν.
3272 4247 3370 4310 τὰς
3427 4241 3741 4331 γᾳμηλίορς

2151 4329 2381 4420 εὐωχίας
2406 4345 2818 4407 καταλιπόντες,
2857 4341 2998 4410 μετά
3025 4337 3226 4400 παντὸς
3255 4335 3350 4388 τοῦ
3377 4329 3508 4386 λαοῦ
3545 4330 3608 4383 τὸ
3632 4329 3742 4398 τῆς

2155 4440 2444 4514 μετανοίας
2471 4437 2849 4509 προχείτωσαν
2887 4434 3153 4503 δάκρυον.
3203 4430 3262 4482 '0
3299 4427 3357 4481 δὲ
3391 4425 3498 4479 τῶν
3543 4422 3743 4492 ἱερέων

2154 4534 2410 4601 σύλλογος
2438 4529 2589 4601 παρὰ
2617 4528 2716 4590 τάς
2752 4524 2846 4580 τοῦ
2871 4524 3000 4579 ναοῦ
3032 4522 3230 4585 πύλας,
3265 4519 3359 4573 καὶ
3399 4517 3459 4570 τὸ
3487 4514 3593 4584 πρὸ
3613 4513 3738 4565 τού-

2082 4599 2126 4653 D
2151 4641 2258 4676 των
2317 4599 2720 4690 θυσιαστήριον,
2762 4614 3162 4684 ὀλοφυρόμενος
3215 4609 3311 4662 καὶ
3346 4601 3742 4673 ποτνιώμενος,

2154 4714 2246 4766 τὸν
2277 4712 2386 4768 τῶν
2407 4712 2544 4766 ὅλων
2569 4705 2887 4774 ἐξιλεοὼσθω
2917 4704 3070 4768 Θεὸν,
3105 4700 3269 4772 βοῶν·

2231 4805 2316 4870 ιζ’.
2351 4821 2371 4856 ι
2405 4805 2613 4868 Φεῖσαι,
2646 4799 2854 4871 Κύριε,
2902 4795 2996 4850 τοῦ
3053 4792 3185 4846 λαοῦ
3221 4807 3316 4844 σου
3337 4831 3352 4856 ,
3389 4787 3482 4842 καὶ
3524 4785 3601 4857 μὴ
3631 4781 3746 4853 δῷς

2153 4897 2255 4970 τὴν
2311 4893 2676 4966 κληρονομίαν
2730 4908 2824 4944 σου
2878 4890 2956 4953 είς
3004 4885 3205 4948 όνειδος
3229 4922 3245 4948 ,
3273 4881 3369 4935 τοῦ
3407 4877 3680 4948 κατάρξαι
3698 4877 3748 4908 ⁸⁸

2157 4989 2339 5046 αὐτῶν
2369 4989 2519 5058 ἔθνη,
2553 4987 2703 5050 ὅπως
2757 4983 2834 5055 μὴ
2869 4983 3096 5036 εἴπωσιν
3127 4979 3186 5032 ἐν
3239 4977 3350 5038 τοῖς
3384 4972 3561 5025 ἔθνεσι
3582 4989 3597 5000 ·
3629 4969 3748 5024 Ποῦ

2160 5080 2306 5134 ἐστιν
2355 5082 2384 5134 ό
2419 5079 2550 5144 Θεὸς
2600 5076 2780 5132 αὐτῶν
2822 5091 2837 5142 ;
2879 5091 2897 5124 ι
2946 5068 3214 5125 Ἐνταῦθα
3261 5065 3360 5136 μὲν
3408 5058 3502 5117 οὖν
3555 5059 3751 5128 σαφῶς

2159 5173 2422 5240 ἐδίδαξεν,
2467 5172 2550 5225 ὅτι
2596 5170 2640 5200 ⁷ο
2676 5168 2806 5238 περὶ
2859 5163 2954 5219 τοῦ
3016 5158 3391 5230 Σενναχηρεὶμ
3448 5155 3484 5224 ή
3539 5152 3751 5207 ἱκετεία

2161 5267 2488 5338 προσήγετο,
2518 5261 2584 5315 δι’
2617 5261 2675 5314 ὂν
2715 5260 2808 5312 καὶ
2844 5254 3091 5320 Ἐζεκίας
3116 5253 3144 5305 ό
3179 5248 3430 5322 βασιλεὺς
3449 5244 3553 5338 τὸν
3572 5243 3754 5338 μέγαν

2162 5333 2448 5429 προφήτην
2510 5353 2738 5406 Ἡσαΐαν
2784 5348 3086 5418 ὲλιπάρησε
3124 5343 3223 5414 τὴν
3272 5334 3555 5429 ὺπέρ-τοῦ
3586 5333 3752 5429 ’λαοῦ

2162 5422 2459 5518 πρεσϐείαν
2489 5441 2879 5513 προσενεγκεῖν
2910 5436 2990 5506 τῷ
3033 5431 3174 5503 Θεῷ.
3224 5429 3306 5482 Τά
3338 5427 3396 5480 δὲ
3426 5422 3755 5492 ἐπαγόμενα

2159 5515 2420 5602 διδάσκει,
2454 5535 2530 5598 ὡς
2581 5534 2676 5586 καὶ
2707 5531 2760 5584 οί
2799 5531 2864 5583 ἐκ
2907 5527 3010 5597 γῆς
3059 5521 3265 5594 καρποὶ
3302 5520 3423 5582 ταῖς
3461 5515 3756 5580 θεηλάτοις

1752 5699 1983 5758 VARIAE
2016 5701 2430 5760 LECTIONES.

564 5833 732 5910 “flii-
767 5833 892 5885 θεει-
925 5832 980 5883 in
1003 5831 1069 5910 _C.
1133 5831 1180 5910 ⁶ξ
1201 5832 1284 5910 ἀν.
1317 5830 1591 5910 (ξῇάςίουςε
1627 5899 1639 5910 .
1669 5833 1712 5862 ⁵⁷
1745 5835 1785 5889 C
1813 5839 1925 5898 καί,
2003 5840 2048 5872 ⁸⁸
2082 5839 2123 5896 C
2155 5838 2293 5910 μετὰ
2322 5835 2547 5907 ταύτης.
2622 5835 2668 5868 ⁸⁸
2695 5849 2818 5889 κατ.
2865 5831 3007 5887 Edit.
3036 5830 3189 5900 prior
3213 5819 3583 5899 [tramittebat
3651 5818 3754 5890 μή,

491 5899 639 5965 quod
698 5900 1115 5969 expungendum
1155 5900 1278 5954 fuit.
1348 5901 1393 5931 ⁷⁰
1419 5901 1520 5953 ὅτι.
1549 5900 1590 5954 (1
1611 5899 1706 5964 ὡς.
