4088 6414
421 397 557 459 1649

1701 402 1780 462 ΙΝ
1809 404 2066 464 JOELIS
2099 407 2256 468 CAP.
2303 411 2383 471 ll.

3527 418 3665 482 1650

414 509 652 576 πληγαῖς
690 507 1063 580 ἐλωϐήθησαν.
1100 509 1402 580 Δεξάμενος
1458 511 1564 582 γὰρ
1600 509 1699 573 τὴν
1748 511 1989 581 μεταμέ-

2097 521 2273 570 (statas
2300 531 2442 572 esse.
2478 518 2593 590 [l9]
2625 519 2892 590 Suscepta
2917 522 3064 577 enim
3095 539 3284 578 eorum
3317 526 3661 595 ptenitentia,

411 600 563 654 λειαν
589 603 616 654 ό
645 601 944 670 Δεσπότης,
979 601 1322 671 ὑπισχνεῖται
1344 603 1528 666 αὐτοῖς
1550 601 1745 655 δώσειν
1783 603 1876 655 καὶ
1903 603 1994 656 τὸν

415 693 583 756 σῖτον,
609 689 819 743 καὶτὸν
850 687 1010 754 οἶνον,
1046 691 1139 743 καὶ
1163 690 1223 742 τὸ
1266 689 1464 756 ἔλαιον,
1494 690 1589 744 καὶ
1625 689 1821 743 δώσειν
1856 691 1992 760 μετά

414 778 727 850 φιλοτιμίας
755 781 838 834 ὅτι
870 781 1147 850 πλείστης.
1185 781 1500 852 Προσέθηκε
1529 782 1657 852 γὰρ,
1689 782 1772 834 ὅτι
1802 800 1822 833 ‹
1863 783 1990 852 Ἐμ-

415 869 793 941 πλησθήσεσθε
829 870 1028 926 αὐτῶν,
1062 891 1079 922 ι
1109 871 1418 933 Τουτέστιν,
1443 873 1537 936 Εἰς
1594 872 1758 943 κόρον
1817 873 1992 925 αὐτῶν

416 961 778 1015 ἀπολαύσετε⁴
817 981 836 1014 ι
878 963 985 1015 Καὶ
1009 964 1071 1016 ού
1115 962 1272 1018 δώσω
1307 964 1452 1036 ὑμᾶς
1484 963 1665 1017 οὐκέτι
1695 966 1776 1027 εἰς
1806 963 1992 1018 ὀνειδι-

417 1053 554 1122 σμὸν
579 1054 639 1105 ἐν
662 1053 708 1085 ⁷⁸
751 1055 864 1116 τοῖς
895 1053 1124 1107 ἔθνεσιν.
1171 1071 1190 1106 ι
1225 1055 1576 1125 Κατάλληλος
1612 1057 1678 1124 τῇ
1713 1055 1927 1125 αἰτήσει
1955 1057 1990 1126 ἠ

413 1143 601 1206 δόσιςο
637 1144 824 1215 ἐπειδὴ
869 1144 979 1216 γὰρ
1034 1144 1368 1209 ἱκετεύοντες
1419 1145 1630 1213 ἔλεγον
1677 1163 1695 1196 t
1749 1147 1844 1217 Μὴ
1885 1145 1992 1216 δῷς

415 1232 515 1302 τὴν
541 1231 908 1302 κληρονομίαν
952 1250 1044 1286 σου
1073 1233 1152 1295 εἰς
1179 1232 1399 1298 ὄνειδος,
1424 1231 1518 1287 καὶ
1552 1232 1626 1304 μὴ
1671 1233 1902 1288 εἴπωσιν
1933 1235 1990 1287 ἐν

415 1326 529 1387 τοῖς
551 1323 727 1376 ἔθνεσι
756 1340 771 1355 ·
805 1323 912 1377 Ποῦ
942 1323 1087 1379 ἔστιν
1109 1327 1136 1378 ὁ
1166 1323 1297 1390 Θεὸς
1329 1325 1547 1390 αὐτῶν;
1574 1346 1590 1377 ι
1615 1326 1990 1397 ἁρμόττουσαν

415 1418 536 1478 ταῖς
589 1417 846 1480 ἱκετείαις
896 1417 996 1487 τὴν
1042 1417 1335 1488 ἀπόκρισιν
1391 1417 1686 1490 ἐποιήσατο
1713 1459 1728 1484 ,
1762 1419 1846 1471 ὅτι
1877 1417 1990 1472 Οὐκ

417 1507 564 1560 ἐάσω
593 1507 740 1576 ὑμᾶς
769 1506 1096 1578 ἐπιχάρτους
1143 1509 1256 1571 τοῖς
1285 1509 1506 1579 ὁμόροις
1549 1509 1824 1579 γενέσθαι,
1857 1509 1990 1564 ἀλλά

417 1600 517 1669 τῆς
561 1601 690 1670 παρ’
739 1597 874 1669 ἐμοῦ
916 1598 1211 1669 μεταδώσω
1259 1600 1538 1672 προνοίας,
1589 1601 1728 1654 ὥστε
1784 1599 1989 1668 γνῶναι

419 1689 703 1754 κάκείνους
745 1689 834 1743 διὰ
862 1688 972 1747 τῶν
1027 1691 1108 1754 είς
1153 1690 1298 1761 ὑμᾶς
1347 1691 1700 1762 γιγνομένων,
1732 1691 1825 1746 τοῦ
1851 1691 1988 1746 Θεοῦ

418 1778 449 1830 ύ
456 1777 572 1848 μῶν
602 1777 704 1849 τὴν
733 1777 906 1849 ἰσχύν.

2098 599 2362 658 Dominus
2381 606 2673 673 pollicetur
2689 622 2748 662 se
2761 609 2846 662 eis
2871 608 3129 664 daturum
3154 627 3276 667 esse
3299 612 3663 678 frumentum,

2095 693 2282 746 vinum
2315 703 2369 748 et
2397 697 2575 750 oleum
2609 738 2624 760 ,
2681 697 3051 770 daturumque
3105 718 3229 756 cum
3289 705 3666 759 munificentia

2094 797 2259 852 quam
2287 787 2545 840 maxima.
2581 788 2796 858 Adiecit
2817 792 2964 858 enim
2994 810 3007 845 :
3048 811 3066 844 ι
3106 791 3172 846 Ει
3199 792 3564 863 implebimini
3598 812 3663 849 ex

2094 875 2197 928 eis.
2238 895 2256 926 ι
2304 875 2419 931 [loc
2451 888 2558 938 est.
2609 880 2675 933 ad
2709 884 3058 938 saturitatem
3091 886 3171 940 eis
3215 885 3489 941 fruetnini.
3536 905 3556 937 ‹
3602 887 3664 940 Et

2095 982 2204 1020 non
2242 966 2386 1021 dabo
2409 983 2506 1023 vos
2537 971 2679 1024 ultra
2708 971 2762 1024 in
2797 973 3154 1044 opprobrium
3190 976 3244 1029 in
3301 977 3582 1047 gentibus.
3639 997 3656 1030 ι

2093 1057 2364 1112 Convenit
2416 1060 2706 1128 postulatis
2762 1062 2987 1118 donum.
3040 1064 3172 1118 Nam
3229 1067 3359 1136 quia
3405 1077 3661 1136 rogantes

2093 1147 2389 1202 dixerant:
2437 1167 2455 1200 ι
2498 1149 2577 1204 Ne
2615 1152 2833 1207 dederis
2867 1153 3239 1210 haereditatem
3291 1164 3438 1210 tuam
3473 1158 3526 1210 in
3562 1174 3661 1227 0p-

2092 1237 2402 1306 probrium,
2432 1247 2486 1292 et
2517 1254 2584 1294 ne
2617 1239 2803 1294 dicant
2835 1242 2889 1296 in
2924 1244 3218 1312 gentibus:
3251 1243 3352 1300 Ubi
3395 1256 3480 1301 est
3516 1245 3661 1302 Deus

2092 1327 2332 1382 eorum?
2365 1347 2384 1380 ›
2423 1343 2739 1399 congruens
2794 1332 3054 1396 precibus
3104 1349 3432 1405 responsum
3474 1336 3659 1392 dedit:

2091 1417 2211 1473 Non
2259 1423 2575 1488 permittam
2605 1436 2708 1477 vos
2739 1423 2976 1480 ludibrio
3005 1433 3060 1480 et
3087 1425 3358 1495 voluptati
3387 1440 3509 1482 esse
3541 1429 3662 1482 finio

2093 1511 2242 1566 timis
2271 1511 2507 1579 vestris;
2541 1512 2638 1568 sed
2666 1529 2765 1569 vos
2792 1530 2926 1569 cura
2955 1530 3076 1571 mea
3107 1516 3404 1588 dignabor,
3436 1517 3573 1585 adeo
3606 1527 3664 1572 ut
3711 1517 3714 1520 ’

2093 1602 2168 1656 illi
2195 1617 2417 1672 quoque
2441 1605 2718 1674 cognituri
2742 1605 2853 1660 sint
2881 1621 2948 1661 ex
2981 1607 3118 1662 meis
3150 1607 3204 1661 in
3233 1623 3332 1664 uos
3354 1609 3663 1666 benefactis

2095 1692 2189 1749 Dei
2216 1695 2382 1749 vestri
2411 1695 2600 1750 robur.

488 1875 557 1924 κ’.
601 1886 619 1919 ι
650 1841 761 1922 Καὶ
898 1869 1004 1922 ἀπὸ
1031 1867 1203 1941 βορρᾶ
1227 1869 1284 1922 δέ
1311 1870 1550 1935 ἐκδιὼξω
1575 1872 1667 1938 ἀφ’
1697 1871 1869 1942 ὑμῶν,
1897 1875 1990 1925 καλ⁵

2169 1875 2334 1932 Vens.
2360 1875 2447 1930 20.
2487 1894 2504 1925 ι
2544 1873 2607 1928 Et
2643 1890 2789 1942 eum,
2825 1875 2921 1944 qui
2967 1877 3034 1929 ab
3075 1874 3336 1944 aquilone
3371 1880 3388 1893 '
3434 1885 3542 1935 est,
3575 1888 3659 1927 re-

416 1957 611 2026 ἐξοίσω
628 1959 676 1990 ⁷³
723 1957 886 2013 αὐτὸν
936 1959 1014 2020 είς
1071 1958 1174 2029 γῆν
1226 1959 1486 2032 ἄνυδρον,
1533 1963 1628 2015 καὶ
1673 1962 1888 2031 ἀφανιῶ
1933 1963 1991 2016 τὸ

416 2050 710 2122 πρόσωπον
738 2049 901 2103 αὐτοῦ
934 2051 1014 2112 εἰς
1037 2050 1137 2120 τὴν
1167 2050 1441 2104 θάλασσαν
1484 2053 1582 2121 τὴν
1612 2051 1852 2123 πρώτην,
1899 2053 1994 2105 καὶ

414 2143 485 2198 τὰ
511 2143 684 2196 ὀπίσω
710 2143 872 2197 αὐτοῦ
910 2145 988 2204 είς
1023 2143 1120 2215 τὴν
1167 2143 1443 2198 Θάλασσαν
1490 2144 1589 2214 τὴν
1614 2145 1868 2214 ἐσχάτην,
1899 2147 1993 2198 καὶ

415 2233 749 2304 ἀναϐήσεται
779 2235 811 2305 ὴ
849 2234 1056 2305 σαπρία
1088 2231 1276 2296 αὐτοῦ,
1309 2234 1399 2287 καὶ
1431 2235 1765 2305 ἀναϐήσεται
1797 2239 1824 2288 ὁ
1854 2235 1994 2306 βρῶ-

419 2342 519 2397 μος
547 2325 736 2389 αὐτοῦ,
781 2325 863 2378 ὅτι
911 2325 1212 2394 ἐμεγάλυνε
1235 2324 1281 2357 ⁷³
1317 2325 1384 2378 τά
1418 2323 1555 2395 ἔργα
1600 2325 1785 2380 αὐτοῦ.
1825 2346 1844 2380 ι
1885 2325 1994 2380 Τὸν

413 2416 536 2472 ἀπὸ
560 2416 755 2485 βορῤᾶ
795 2419 887 2471 τὸν
924 2418 1204 2488 ’Δσσύριον
1232 2418 1400 2487 λέγει,
1447 2418 1508 2472 ὃν
1543 2418 1707 2472 πάλαι
1759 2419 1856 2489 μὲν
1883 2419 1992 2472 ἀπὸ

412 2505 527 2559 τῶν
579 2507 974 2577 Ἱεροσολύμων
1017 2508 1275 2578 ἐξήλασε,
1322 2507 1450 2570 τοὺς
1495 2508 1777 2572 πλείστους
1814 2509 1991 2564 αὐτῶν

411 2597 482 2652 δι’
503 2597 736 2666 ἀγγέλου
760 2598 1173 2662 κατακοντίσας,
1206 2598 1345 2667 μετὰ
1368 2597 1618 2652 δὲταῦτα
1640 2599 1993 2653 Βαϐυλωνίων

415 2688 686 2760 πεποίηκε
727 2689 1125 2761 παρανάλωμα,
1182 2688 1553 2752 Βαϐυλωνίους
1598 2690 1654 2742 δὲ
1687 2689 1848 2744 πάλιν
1880 2693 1992 2754 τοῖς

413 2778 652 2848 Πέρσαις
686 2780 988 2852 παρέδωκε.
1026 2779 1353 2844 Θαλάσσης
1394 2778 1571 2832 τοίνυν
1600 2779 1697 2840 τὰς
1737 2780 1994 2849 στρατιὰς

413 2867 572 2920 καλεῖ
617 2867 859 2936 πρώτην
894 2868 993 2938 μὲν
1029 2868 1130 2938 τὴν
1169 2867 1547 2934 Βαϐυλωνίων,
1599 2869 1689 2937 ὑφ’
1715 2863 1790 2922 ὧν
1825 2868 1896 2921 τὰ
1936 2872 1993 2921 ἐν

416 2957 603 3009 Νινευῖ
631 2957 896 3030 κατελύθη
934 2957 1176 3028 βασίλεια
1201 2975 1216 2988 ’
1247 2957 1520 3026 ἐσχάτην
1538 2958 1592 3012 δὲ
1623 2960 1724 3029 τὴν
1745 2960 1989 3031 Περσῶν.

415 3039 574 3098 Οὗτοι
599 3046 706 3116 γὰρ
733 3046 1035 3117 ἡγουμένου
1053 3048 1098 3078 ⁷⁴
1128 3046 1221 3100 τοῦ
1242 3047 1444 3117 Κύρου,
1472 3048 1568 3100 καὶ
1593 3045 1735 3101 εἷλον
1760 3049 1860 3119 τὴν
1888 3049 1994 3102 Βα-

2095 1967 2290 2037 pellam
2319 1981 2349 2020 a
2377 1965 2560 2032 vobis,
2586 1973 2642 2021 et
2679 1965 2908 2022 educam
2934 1980 3060 2021 eum
3105 1966 3160 2019 in
3187 1973 3391 2020 terram
3427 1978 3547 2032 qua:
3575 1972 3660 2019 est

2095 2058 2215 2110 sine
2239 2069 2424 2125 aqua:
2454 2063 2509 2110 et
2541 2053 2857 2124 disperdam
2891 2068 3086 2123 agmen
3131 2051 3253 2122 ejus
3308 2052 3542 2122 primum
3603 2052 3656 2106 in

2093 2159 2246 2200 mare
2271 2147 2530 2215 primum,
2562 2152 2617 2199 et
2653 2153 2989 2214 postremam
3023 2142 3146 2211 ejus
3163 2151 3382 2214 partem
3414 2142 3469 2196 in
3507 2157 3660 2196 mare

2093 2237 2483 2300 novissimum,
2511 2242 2565 2291 et
2594 2235 2853 2291 ascendet
2881 2235 3110 2306 putredo
3138 2235 3280 2304 ejus,
3316 2244 3368 2288 et
3404 2232 3662 2288 ascendet

2095 2324 2241 2381 fetor
2265 2326 2439 2390 illius,
2461 2325 2721 2395 quoniam
2747 2324 3114 2396 magniﬁeavit
3136 2339 3300 2394 opera
3329 2338 3447 2378 sua.
3474 2341 3492 2374 ι
3526 2322 3660 2376 Eum

2093 2417 2188 2487 qui
2209 2425 2294 2472 est
2323 2415 2389 2470 ab
2415 2417 2681 2487 aquilone,
2699 2416 2984 2486 Assyrium
3007 2425 3186 2479 vocat,
3205 2429 3366 2484 quem
3399 2412 3660 2468 Hieroso-

2094 2508 2254 2579 lymis
2299 2507 2430 2562 olim
2463 2507 2706 2577 expulit,
2745 2507 2996 2575 plurimis
3027 2505 3244 2561 illorum
3277 2521 3372 2574 per
3407 2504 3659 2574 angelum

2094 2593 2436 2650 interfectis:
2457 2595 2706 2665 posthaec
2732 2609 2868 2649 vero
2895 2596 2952 2653 in
2975 2593 3401 2665 Babyloniorum
3422 2603 3661 2662 potesta-

2095 2696 2202 2741 tem
2232 2687 2469 2757 redegit,
2517 2686 2852 2757 Babylonios
2884 2695 3064 2741 autem
3093 2700 3291 2741 rursus
3337 2684 3521 2739 Persis
3552 2691 3662 2736 tra-

2095 2777 2255 2831 didit.
2293 2759 2478 2830 Maria]
2524 2775 2695 2846 igitur
2741 2775 2979 2847 appellat
3033 2773 3314 2830 exercitus
3362 2790 3376 2826 :
3434 2772 3661 2840 primum

2095 2866 2318 2936 quidem
2361 2867 2816 2939 Babyloniorum,
2854 2882 2885 2921 a
2920 2865 3124 2937 quibus
3163 2866 3338 2936 regia,
3381 2880 3502 2934 quae
3546 2871 3664 2918 erat

2096 2958 2241 3028 apud
2274 2956 2542 3025 Nineven,
2577 2959 2862 3015 destructa
2915 2967 3000 3014 est
3037 2975 3051 3011 :
3099 2957 3439 3013 novissimum
3493 2970 3625 3010 vero
3648 2996 3661 3016 ,

2095 3049 2412 3106 Persarum.
2433 3048 2500 3106 Hi
2524 3052 2669 3106 enim
2693 3050 2835 3106 duce
2854 3048 3000 3120 Cyro
3015 3048 3350 3119 Babylonem
3378 3055 3662 3116 ceperunt,

415 3137 650 3202 ϐυλῶνα,
697 3139 791 3191 καὶ
818 3139 944 3202 τοὺς
975 3138 1260 3201 πλείστους
1297 3138 1527 3201 ἀνεῖλον,
1560 3140 1686 3202 τοὺς
1716 3139 1773 3192 δὲ
1804 3140 1993 3204 ἄλλους

2097 3150 2152 3198 et
2185 3142 2456 3212 plurimos
2482 3143 2849 3208 sustulerunt,
2873 3141 3013 3197 alios
3040 3156 3172 3196 vero
3211 3141 3454 3210 captivos
3498 3136 3668 3190 abdu—

416 3227 893 3296 ἐξηνδραπόδισαν.
935 3228 1204 3296 Sumatur
1228 3227 1284 3282 δὲ
1313 3229 1404 3282 καὶ
1432 3226 1678 3298 ,ϐρῶμογ
1712 3229 1812 3300 τὴν
1859 3230 1993 3300 μετὰ

2098 3239 2318 3289 xerunt.
2358 3233 2573 3305 1396
2601 3231 2944 3288 Putredinem
2989 3241 3196 3296 autem,
3229 3239 3284 3288 et
3315 3232 3531 3300 fetorem
3573 3243 3666 3281 vo-

413 3317 508 3372 τδν
538 3318 769 3373 θάνατον
794 3319 1058 3373 δυσωδίαν
1089 3320 1347 3374 ἐκάλεσεν
1372 3336 1388 3351 ·
1429 3320 1650 3388 ἀτάφων
1676 3321 1804 3390 γὰρ,
1833 3322 1907 3382 ὡς
1937 3325 1994 3374 ἐν

415 3407 659 3478 πολέμῳ,
682 3407 790 3461 τῶν
813 3409 1077 3479 σωμάτων
1111 3410 1394 3479 ῥιφέντων,
1427 3410 1523 3462 καὶ
1548 3410 1722 3464 ταῦτα
1751 3428 1994 3482 παρηκο-

414 3497 669 3568 λούθησε.
701 3499 992 3571 Τοιγάρτοι
1018 3500 1245 3562 τούτων,
1283 3501 1436 3570 φησὶ,
1475 3500 1606 3570 παρ’
1631 3501 1768 3572 ἐμοῦ
1805 3519 1994 3570 γιγνο-

419 3587 618 3658 μένων,

487 3686 594 3734 καν.
636 3699 654 3732 ι
686 3680 910 3753 Θάρσει,
936 3683 1030 3752 γῆ,
1067 3687 1246 3755 χαῖρε,
1277 3685 1371 3738 καὶ
1399 3685 1715 3756 εὐφραίνου,
1745 3686 1826 3740 ὅτι
1860 3688 1992 3758 ἐμε-

416 3771 613 3839 γάλυνε
658 3772 862 3844 Κύριος
890 3773 985 3826 τοῦ
1031 3775 1275 3844 ποιῆσαι.
1319 3795 1338 3828 ι
1396 3777 1505 3829 Καὶ
1552 3777 1639 3830 ῖνα
1692 3776 1767 3848 μὴ
1821 3777 1996 3831 πάντα

421 3863 732 3932 καταλέγων
793 3865 937 3934 πέρα
988 3866 1082 3918 τοῦ
1147 3867 1369 3936 μετρίου
1417 3867 1678 3937 μηκύνω,
1737 3870 1832 3922 καὶ
1881 3872 1996 3934 τοῖς

422 3949 670 4021 κτήνεσιν
697 3952 898 4023 ὁμοίως
927 3954 1366 4026 παρακελεύεται
1393 3955 1638 4028 θαρρεῖν,
1669 3957 1746 4020 ὡς
1773 3957 1995 4028 ὄμϐρων

422 4042 668 4113 συνήθως
694 4042 987 4113 ἐσομένων,
1022 4047 1119 4098 καὶ
1146 4045 1245 4115 τῆς
1285 4045 1423 4108 πόας
1453 4046 1855 4116 φανησομένης,
1904 4048 1996 4100 καὶ

417 4130 592 4200 νομῆς
621 4130 884 4201 ἐσομένης
912 4131 994 4194 είς
1025 4132 1208 4203 κόρον,
1240 4133 1334 4186 καὶ
1359 4133 1642 4204 ἀμπέλων,
1673 4135 1768 4188 καὶ
1792 4135 1992 4198 συκῶν,

418 4221 645 4276 καὶτῶν
671 4220 848 4276 ἄλλων
874 4223 1190 4295 ἀκροδρύων
1227 4225 1342 4288 τοῖς
1378 4225 1739 4288 παντοδαποῖς
1783 4224 1994 4295 βριθύν-

415 4328 527 4365 των
565 4315 818 4383 καρποῖς.
852 4313 1020 4384 Δῆλον
1057 4315 1114 4369 δὲ
1149 4316 1233 4369 ὅτι
1261 4318 1326 4387 τῇ
1359 4317 1430 4386 γῇ
1468 4315 1565 4370 καὶ
1598 4318 1712 4380 τοῖς
1741 4319 1995 4387 κτήνεσιν

415 4408 517 4478 οὐχ
563 4407 640 4472 ὡς
681 4408 920 4478 λογικοῖς
960 4409 1293 4479 διαλέγεται,
1345 4409 1481 4466 ἀλλὰ
1529 4411 1851 4467 πάντοθεν¹¹⁸
1884 4415 1996 4476 τοῖς

2095 3326 2242 3380 cavit
2291 3333 2492 3381 tetrum
2543 3325 2768 3380 odorem
2818 3331 2944 3395 post
2994 3331 3264 3376 mortem:
3340 3318 3666 3388 corporibus

2094 3415 2264 3478 enim,
2297 3423 2358 3469 ut
2392 3417 2447 3469 in
2473 3414 2619 3470 bello
2651 3417 2731 3477 lit,
2765 3415 3084 3484 insepultis,
3127 3411 3242 3467 haec
3282 3411 3446 3468 etiam
3477 3418 3667 3464 secuta

2095 3515 2242 3559 sunt.
2278 3504 2446 3576 Igitur
2472 3506 2559 3562 bis
2591 3521 2619 3562 a
2649 3522 2737 3565 tne
2766 3505 2946 3566 factis,
2979 3503 3180 3573 inquit,

2171 3685 2334 3744 Vens.
2379 3688 2470 3742 2|.
2510 3708 2529 3741 ι
2565 3689 2811 3751 Conﬁde,
2849 3697 3016 3753 terra,
3046 3687 3226 3758 gaude
3272 3695 3434 3756 atque
3463 3685 3668 3746 luatare,

2096 3777 2226 3846 quia
2261 3777 2632 3848 magnificavit
2664 3776 2927 3834 Dominus
2959 3787 3015 3832 ut
3045 3778 3271 3832 faceret.
3309 3796 3326 3828 ι
3358 3775 3476 3849 [22]
3507 3774 3572 3828 Et
3607 3790 3672 3828 ne

2097 3867 2284 3922 omnia
2326 3868 2711 3938 persequendo
2760 3868 2982 3922 modum
3038 3868 3322 3935 excedam,
3387 3868 3554 3922 etiam
3582 3866 3673 3936 ju-

2098 3963 2288 4010 menta
2325 3956 2605 4012 confidere
2633 3958 2811 4026 jubet,
2835 3957 2980 4026 quod
3010 3957 3269 4010 nimirum
3300 3968 3353 4012 et
3382 3958 3577 4026 pluvia:
3606 3956 3672 4009 de

2097 4062 2250 4102 more
2295 4047 2498 4102 futurae
2552 4047 2698 4110 sint,
2751 4056 2805 4100 et
2841 4047 3023 4101 herba:
3069 4047 3459 4118 producenda},
3501 4050 3672 4117 pabu-

2099 4139 2320 4206 lumque
2348 4137 2414 4191 ad
2449 4136 2759 4192 satietatem
2795 4136 3197 4190 abundaturum
3229 4155 3242 4189 :
3280 4136 3452 4191 vinea:
3481 4138 3666 4200 etiam,

2098 4237 2152 4283 et
2178 4226 2337 4292 ficus,
2366 4239 2420 4282 et
2446 4233 2659 4281 caetera:
2703 4227 2931 4280 arbores
2980 4225 3225 4279 omnium
3267 4227 3545 4280 fructuum
3575 4243 3670 4282 co—

2099 4319 2243 4389 piam
2277 4318 2529 4373 editurze.
2581 4315 2813 4370 Planum
2858 4322 2942 4371 est
2983 4323 3190 4380 autem,
3239 4332 3362 4371 cum
3394 4332 3500 4371 non
3554 4327 3674 4370 tan-

2099 4425 2261 4480 quam
2297 4409 2411 4465 illis
2455 4410 2596 4464 ratio
2621 4408 2778 4475 insit,
2821 4417 3021 4463 tcrram
3059 4408 3261 4478 alloqui
3299 4420 3355 4462 et
3381 4409 3669 4478 jumenta:

419 4497 695 4567 ἀθυμοῦσι
747 4498 1108 4570 ψυχαγωγίαν
1157 4501 1480 4573 προσφέρει.
1543 4501 1635 4555 Διὸ
1681 4503 1993 4558 καταλιπὼν

2101 4499 2196 4558 sed
2220 4499 2366 4554 omni
2395 4515 2462 4554 cx
2494 4506 2652 4568 parte
2683 4498 2897 4553 mmstis
2922 4507 2978 4553 et
3002 4497 3220 4554 afﬂictis
3241 4497 3673 4553 consolationem

420 4591 583 4655 εὐθὺς
614 4593 710 4664 τὴν
739 4593 946 4662 ἄψυχον
977 4594 1101 4662 γῆν,
1131 4595 1225 4646 καὶ
1249 4593 1358 4648 τῶν
1385 4594 1594 4662 ἀλόγων
1622 4593 1691 4649 τὰ
1719 4596 1874 4664 γένη,
1903 4595 1998 4648 ἐπὶ

417 4684 520 4755 τὴν
551 4684 714 4754 φύσιν
749 4685 949 4756 μετέϐη
975 4685 1074 4756 τὴν
1097 4685 1342 4756 λογικήν.

492 4871 576 4934 κγ’
585 4907 598 4920 .
633 4886 652 4917 ι
681 4867 794 4922 Καὶ
813 4867 882 4921 τὰ
902 4867 1067 4922 τέκνα
1087 4868 1244 4935 Σιὼν,
1267 4869 1508 4940 χαίρετε,
1527 4870 1620 4923 καὶ
1639 4869 1995 4940 εὐφραίνεσθε

416 4958 515 5012 ἐπὶ
537 4959 724 5029 Κυρίῳ
747 4958 825 5030 τῷ
845 4960 965 5030 Θεῷ
991 4960 1166 5030 ὑμῶν.
1199 4979 1218 5012 ι
1256 4961 1367 5024 Τὰς
1398 4960 1508 5032 γὰρ
1539 4962 1840 5030 ἀναγκαίας
1872 4963 2000 5032 ὑμῖν

419 5052 719 5120 χορηγήσει
747 5050 953 5122 χρείας,
985 5051 1080 5104 καὶ
1110 5050 1334 5122 παρέξει
1363 5053 1470 5107 τὸν
1487 5053 1668 5109 ὑετὸν
1687 5055 1765 5116 είς
1790 5053 1999 5123 καιρὸν,

419 5142 530 5194 τόν
568 5157 634 5192 τε
677 5140 944 5210 πρώτμον
999 5143 1099 5195 καί
1148 5147 1256 5196 τὸν
1305 5144 1558 5213 ὄψιμον,
1611 5143 1864 5213 καθάπερ
1905 5144 2001 5197 καὶ

420 5231 659 5300 πρόσθεν
703 5232 1027 5286 ἁπελαύετε.
1088 5233 1337 5304 Τοσαύτη
1391 5234 1449 5288 δέ
1501 5233 1656 5288 ἔσται
1710 5235 1850 5305 φορά
1891 5234 2000 5288 τῶν

419 5321 662 5392 ὡραίων,
687 5322 764 5385 ὠς
792 5323 885 5375 καὶ
905 5323 1005 5386 τὰς
1033 5321 1212 5386 ἀλωὰς
1239 5322 1344 5376 ὑπὸ
1367 5323 1474 5376 τῶν
1505 5322 1789 5393 ἀσταχύων
1821 5339 2000 5375 στενο-

421 5414 738 5483 χωρεῖσθαι,
784 5414 879 5468 καὶ
912 5413 1007 5468 τοῦ
1036 5415 1178 5467 οἴνου
1212 5414 1305 5468 καὶ
1337 5415 1431 5468 τοῦ
1458 5413 1637 5467 ἐλαίου
1676 5413 1773 5477 τὰς
1806 5414 1999 5483 ληνοὺς

2100 4599 2310 4663 captat.
2348 4592 2718 4658 Quamobrem
2761 4591 3062 4646 inanimata
3117 4599 3260 4646 terra
3300 4605 3421 4645 mox
3459 4590 3668 4653 relicta,

2101 4685 2427 4753 rationeque
2447 4684 2767 4754 expertibus
2788 4682 3075 4753 jumentis,
3099 4683 3166 4737 ad
3188 4693 3438 4738 naturam
3465 4682 3673 4736 ratione

2105 4775 2389 4848 praeditam
2423 4790 2483 4831 se
2516 4775 2808 4830 convertit.

2172 4865 2340 4922 Vnus.
2376 4867 2469 4920 25.
2509 4885 2527 4917 ι
2560 4865 2625 4920 Ει
2651 4866 2743 4920 filii
2777 4865 2984 4930 Sionis,
3034 4866 3288 4936 gaudete,
3324 4873 3489 4933 atque
3525 4865 3679 4918 laeta-

2109 4958 2240 5012 mini
2271 4959 2338 5013 de
2377 4957 2610 5012 Domino
2658 4957 2768 5012 Deo
2822 4965 3026 5012 vestro.
3067 4976 3086 5009 ι
3136 4955 3305 5012 Vobis
3351 4957 3498 5011 enim
3544 4973 3680 5011 usus

2109 5051 2464 5105 necessarios
2493 5049 2889 5119 suppeditabit,
2930 5056 2984 5103 et
3007 5048 3270 5118 praebebit
3301 5063 3401 5102 suo
3438 5056 3681 5116 tempore

2109 5140 2322 5194 imbrem
2347 5142 2666 5194 matutinum
2691 5151 2742 5196 et
2764 5141 3076 5206 serotinum,
3104 5139 3249 5194 sicut
3273 5148 3430 5193 antea
3461 5137 3684 5192 frueba-

2107 5231 2262 5285 mini.
2296 5230 2414 5302 [24]
2443 5231 2616 5285 Tanta
2649 5241 2832 5286 autem
2855 5231 2961 5286 erit
2984 5229 3264 5284 fructuum
3293 5225 3680 5285 redundantia,

2109 5332 2167 5377 ut
2195 5337 2336 5377 area:
2391 5322 2740 5392 angustiores
2784 5322 2984 5378 futurae
3013 5322 3127 5378 sint
3173 5335 3338 5391 quam
3377 5329 3435 5374 ut
3495 5317 3682 5386 fruges

2109 5414 2354 5484 recipere
2377 5421 2602 5484 queant,
2624 5423 2677 5469 et
2699 5416 3002 5470 toreularia
3030 5417 3155 5470 vino
3175 5421 3229 5469 et
3256 5415 3380 5469 oleo
3408 5409 3676 5464 (limitant.

1707 5592 1790 5646 VA
1803 5592 1940 5647 nm;
1969 5589 2259 5646 LECTION
2269 5590 2374 5646 l-LS.

497 5759 543 5792 ⁷¹
579 5762 657 5814 ἐν.
696 5758 766 5812 Ει
805 5760 844 5814 (.1
874 5761 1053 5830 suppl.
1131 5761 1173 5792 ⁷²
1207 5757 1339 5813 Rec.
1362 5758 1588 5814 lect.Cst
1615 5758 1818 5824 ἐξώσω.
1880 5758 1924 5790 ’³
1952 5757 1993 5812 Α

2097 5754 2358 5826 εγαλύνθη
2369 5796 2380 5808 .

2488 5756 2531 5786 ⁷³
2564 5738 2952 5825 ἡγησαμένου..
3012 5756 3051 5784 ⁷⁵
3082 5752 3122 5807 (ᾧ
3159 5748 3510 5820 πανταχόθεν.
