4088 6418
443 459 573 523 1651

1457 458 1951 521 TIIEODORETI
2001 459 2351 522 EPISCOPI
2385 461 2760 524 CYRENSIS

3571 451 3718 520 £652

438 573 506 626 Et
533 575 741 629 docens
770 581 981 654 aperte,
1024 573 1150 628 illos
1191 585 1304 627 non
1335 564 1588 628 hostiiem
1641 575 1806 629 modo
1838 575 1990 630 incur

2094 615 2098 631 .
2130 575 2514 649 ὑπερϐλύζειν.
2557 579 2668 632 Καὶ
2693 577 2960 632 διδάσκων
2996 572 3203 645 σαφῶς.
3230 571 3306 636 ὼς
3329 572 3389 626 οὑ
3423 571 3583 643 μόνον
3613 589 3718 626 πο-

439 667 652 720 sionem
691 665 1050 728 sustinuisse.
1087 664 1235 720 seda
1276 665 1494 719 locusta
1542 665 1738 730 etiam,
1786 666 1987 738 aliisqu

2131 667 2362 739 λεμικὴν
2412 668 2709 739 ὑπέμειναν
2755 667 2978 735 ἔφοδον,
3020 664 3158 719 ἀλλὰ
3179 663 3225 694 ⁷⁸
3264 662 3358 716 καὶ
3409 661 3514 716 ὑπὸ
3553 661 3716 730 ἀκρί-

435 761 682 828 graviter
716 766 949 814 vexatos
984 755 1180 823 fuisse,
1216 755 1406 812 statim
1436 757 1726 830 subiungit
1755 775 1770 815 :

509 938 678 995 Vens.
717 937 808 994 25.
850 956 869 988 ι
909 935 976 990 Et
1016 935 1243 991 reddam
1273 937 1435 992 vobis
1459 951 1562 1006 pro
1592 937 1780 1002 annis,
1813 936 1869 992 in
1891 937 2015 1009 qui-

2127 761 2252 825 δος,
2302 759 2397 814 καὶ
2439 759 2548 812 τῶν
2610 759 2784 814 άλλων
2832 758 2954 811 λίαν
3014 752 3499 828 ἐμαστιγώθησαν,
3548 751 3714 815 εὑθὺς

2127 853 2378 999 ὲπέἔῗγῗ
2391 946 2500 998 Καὶ
2540 941 2908 998 ἀνταποδώσω
2940 941 3069 1012 ὑμῖν
3111 938 3233 993 ἀντὶ
3273 936 3384 990 τῶν
3429 935 3587 999 ἐτῶν,
3631 925 3710 986 ῶν

431 1029 537 1085 bus
596 1028 838 1084 comedit
893 1028 1130 1092 locusta,
1175 1037 1232 1084 et
1267 1028 1540 1091 bruchus,
1589 1037 1647 1084 et
1689 1029 1914 1100 rubigo,
1962 1045 1990 1084 e

2123 1034 2432 1104 κατέφαγεν
2461 1035 2495 1105 ἡ
2543 1033 2724 1105 ἀκρὶς,
2770 1033 2866 1087 καὶ
2913 1033 2943 1085 6
2983 1030 3234 1102 βροῦχος,
3267 1029 3364 1082 καὶ
3396 1025 3706 1098 ήέρυσίϐη,

427 1137 617 1188 eruca,
649 1121 918 1178 fortitudo
959 1137 1077 1176 mea
1135 1137 1355 1192 magna,
1385 1136 1552 1192 quam
1585 1121 1709 1178 misi
1743 1121 1800 1176 in
1829 1137 1948 1178 vos.
1988 1142 2008 1177 ι

429 1214 690 1284 Magnam
717 1222 909 1270 autem
937 1212 1307 1282 fortitudinem
1334 1230 1491 1268 suam
1523 1215 1739 1268 vocavit
1761 1229 2011 1281 erucam,

437 1304 650 1375 1397
679 1319 791 1359 non
826 1303 975 1376 quod
1005 1319 1163 1375 aeque
1185 1318 1444 1374 magnum
1477 1305 1646 1359 robur
1672 1305 1868 1361 habeat
1895 1305 2008 1371 illa,

429 1409 598 1465 quam
629 1412 648 1445 ι
683 1395 778 1464 qui
803 1394 1035 1466 respicit
1056 1398 1073 1415 '
1098 1404 1326 1458 terram,
1360 1403 1416 1449 et
1440 1393 1572 1449 facit
1598 1410 1718 1450 eam
1751 1403 2009 1464 tremere,

426 1487 523 1556 qui
557 1486 732 1557 tangit
757 1493 997 1553 montes,
1021 1495 1076 1541 et
1108 1484 1403 1555 fumigant,
1423 1487 1518 1556 qui
1550 1487 1806 1556 increpat
1833 1503 2007 1553 mare,

425 1589 480 1634 et
508 1578 754 1634 exsiccat
779 1587 842 1643 ⁸³,
888 1595 911 1630 ι
947 1585 1003 1633 et
1038 1577 1186 1632 mille
1213 1577 1320 1631 alia
1344 1575 1551 1644 majora
1583 1574 1769 1632 facere
1800 1585 2004 1646 potest;

425 1670 522 1728 sed
551 1671 682 1740 quia
714 1668 920 1739 major,
951 1682 1074 1739 qua:
1110 1682 1212 1738 per
1245 1667 1388 1722 hanc
1418 1667 1534 1722 illis
1562 1667 1713 1722 illata
1755 1676 1841 1724 est
1883 1684 2006 1739 per-

423 1765 622 1830 uicies,
669 1764 792 1821 ideo
823 1776 1073 1834 magnam
1114 1759 1264 1815 illam
1297 1760 1589 1831 appellavit
1639 1760 2006 1829 fortitudinem

421 1870 600 1909 suam.

2123 1127 2218 1180 καὶ
2256 1128 2290 1198 ἡ
2333 1127 2552 1198 κάμπη,
2591 1128 2625 1196 ἡ
2655 1124 2881 1196 δύναμίς
2922 1141 3023 1195 μου
3068 1123 3103 1194 ἡ
3139 1121 3374 1192 μεγάλη,
3419 1120 3487 1190 ἢν
3538 1115 3701 1181 ἐξαπ-

2123 1219 2346 1272 έστειλα
2369 1221 2451 1282 είς
2474 1219 2639 1288 ὑμᾶς.
2671 1237 2689 1271 ι
2709 1217 2970 1286 Δύναμιν
2998 1215 3056 1268 δὲ
3089 1211 3280 1270 αὐτοῦ
3297 1210 3574 1281 μεγάλην
3605 1206 3708 1278 τὴν

2119 1309 2350 1380 κάμπην
2379 1309 2664 1374 ἐκάλεσεν,
2708 1309 2810 1361 οὐκ
2854 1305 3044 1376 ἐπειδὴ
3081 1303 3284 1374 ταύτὴν
3320 1301 3433 1372 ἔχει
3473 1299 3707 1368 δύναμιν

2119 1402 2362 1472 μεγάλην
2389 1421 2406 1454 t
2433 1402 2462 1454 6
2490 1401 2797 1455 ἐπιϐλέπων
2820 1399 2912 1453 ἐπὶ
2939 1399 3038 1468 τὴν
3057 1398 3182 1468 γῆν,
3215 1396 3308 1450 καὶ
3337 1393 3504 1446 ποιῶν
3531 1392 3706 1460 αὑτὴν

2114 1493 2361 1564 τρέμειν,
2389 1495 2418 1547 6
2449 1493 2753 1564 ἁπτόμενος
2780 1490 2888 1545 τῶν
2916 1489 3109 1561 ὀρέων,
3141 1488 3234 1542 καὶ
3267 1485 3644 1547 καπνίζονται,
3672 1485 3704 1536 6

2115 1586 2384 1658 ἐπιτιμῶν
2402 1587 2466 1657 τῇ
2489 1585 2755 1657 θαλάσση,
2777 1585 2872 1637 καὶ
2889 1583 3155 1654 ξηραίνων
3177 1581 3398 1652 αύτὴν,ι
3425 1582 3516 1634 καὶ
3530 1580 3702 1651 μυρία

2112 1677 2319 1732 τούτων
2345 1679 2566 1748 μείζονα
2595 1677 2890 1747 δυνάμενος
2912 1675 3048 1746 δρᾷν
3071 1687 3087 1704 ⁶
3122 1673 3239 1729 ἀλλ’
3271 1673 3458 1744 ἐπειδὴ
3494 1673 3700 1744 μείζων

2113 1769 2146 1839 ή
2175 1769 2238 1821 ἐκ
2279 1767 2484 1839 ταύτης
2511 1767 2693 1829 αὑτοῖς
2726 1766 2943 1833 ἐγένετο
2984 1762 3179 1834 βλάϐη,
3203 1760 3479 1832 μεγάλην
3525 1759 3700 1831 αὐτὴν

2112 1860 2522 1932 προσηγόρευσε
2550 1858 2828 1926 δύναμιν.

501 1941 671 1999 Vens.
698 1943 790 2000 26.
835 1962 854 1997 ι
907 1942 974 2000 Et
1003 1942 1304 2002 vescemini
1344 1941 1718 2008 comedentes,
1751 1951 1808 1999 et
1850 1953 1990 2000 satu-

2175 1946 2312 2012 κς’.⁴
2328 1967 2346 1999 ι
2377 1947 2487 2002 Καὶ
2509 1946 2748 2016 φάγεσθε
2770 1943 3064 2008 ἐσθίοντες,
3092 1943 3189 1997 καὶ
3212 1940 3694 2012 ἐμπλησθήσεσθε,

419 2036 702 2101 rabimini,
737 2044 792 2090 et
823 2034 1120 2090 laudabitis
1156 2049 1357 2089 nomen
1393 2032 1611 2088 Domini
1657 2033 1752 2089 Dei
1805 2035 1997 2102 vestri,

417 2129 512 2197 qui
544 2128 675 2183 fecit
702 2127 988 2183 vobiscum
1020 2128 1319 2183 mirabilia.
1360 2145 1381 2180 ι
1409 2125 1525 2183 Hoc
1549 2127 1697 2182 enim
1726 2127 1999 2183 bonorum

415 2229 500 2274 est
533 2228 721 2291 caput,
772 2235 882 2274 non
915 2219 1080 2277 bonis
1130 2220 1198 2274 ad
1238 2219 1552 2274 satietatem
1609 2221 1849 2290 repleri,
1903 2219 2000 2277 sed

415 2308 692 2362 bonorum
722 2308 1042 2378 largitorem
1075 2307 1324 2363 laudare.
1355 2307 1424 2364 Iis
1451 2323 1584 2363 vero
1603 2309 1698 2380 qui
1729 2309 1810 2366 sic
1839 2317 1999 2381 grato

414 2407 546 2452 sunt
575 2398 784 2462 animo,
811 2404 866 2453 et
895 2396 1212 2453 divinorum
1245 2398 1641 2453 beneﬁciorum
1673 2400 1996 2455 memoriam

413 2489 681 2552 retinent,
717 2488 999 2560 promittit
1026 2487 1298 2554 futurum,
1339 2507 1358 2542 ι
1394 2497 1455 2545 ιιι
1484 2504 1595 2544 non
1620 2489 1997 2546 confundatur

410 2579 646 2650 populus
679 2579 802 2649 ejus
829 2579 884 2634 in
921 2589 1212 2636 aternum.
1248 2598 1268 2633 ι
1297 2579 1506 2646 Quodsi
1531 2596 1681 2636 nunc
1724 2580 1898 2637 Judaei
1937 2583 1995 2639 in

407 2670 740 2726 confusione
774 2679 928 2738 sunt,
963 2685 1078 2732 non
1109 2671 1235 2728 ideo
1269 2670 1437 2738 Deus,
1471 2672 1565 2744 qui
1618 2674 1838 2729 mentiri
1881 2689 1993 2729 non

407 2771 611 2833 potest,
661 2762 714 2818 in
762 2762 1229 2833 promissionibus
1259 2763 1378 2819 suis
1423 2765 1688 2820 mentitus
1735 2774 1861 2831 est;
1895 2765 1991 2821 sed

405 2853 513 2921 ipsi
547 2851 1016 2922 promissionibus
1064 2852 1326 2922 indignos
1372 2867 1432 2908 se
1473 2852 1856 2920 reddiderunt,
1901 2855 1992 2910 in-

405 2944 550 3012 grati
587 2943 644 2997 in
685 2942 1096 3000 benefactorem
1142 2943 1346 3006 effecti,
1391 2944 1484 3014 qui
1537 2945 1991 3015 patremfamilias

404 3033 714 3090 Beelzebub
745 3041 1109 3100 vocaverunt,
1144 3032 1533 3104 heredemque
1565 3034 1987 3104 interfecerunt,

401 3135 458 3182 et
502 3141 612 3181 non
643 3125 822 3182 solum
856 3124 1073 3183 fructus
1105 3127 1162 3181 in
1193 3133 1443 3197 tempore
1493 3143 1603 3182 non
1656 3131 1986 3197 retulerunt.

405 3218 503 3276 sed
536 3218 703 3276 etiam
736 3218 1116 3277 hareditatem
1155 3233 1351 3289 rapere
1385 3221 1568 3276 conati
1610 3229 1759 3276 sunt.

475 3400 641 3458 Vens.
659 3401 751 3456 27.
771 3419 788 3454 ι
815 3399 882 3456 Et
897 3400 1110 3469 scietis,
1129 3401 1184 3457 in
1207 3401 1391 3457 medio
1411 3403 1633 3460 lsraelis
1649 3418 1734 3459 me
1749 3419 1873 3461 esse
1895 3422 1907 3459 :
1931 3415 1985 3462 et

399 3510 488 3548 me
515 3509 636 3550 esse
669 3494 961 3549 Dominum
1000 3493 1172 3550 Deum
1201 3504 1468 3558 vestrum,
1511 3511 1614 3552 nec
1650 3513 1984 3569 quemquam

398 3588 634 3656 amplius
666 3601 791 3642 esse
821 3598 1018 3656 praeter
1050 3602 1158 3642 me.
1203 3605 1221 3638 ι
1253 3586 1645 3657 Experimento
1677 3590 1825 3644 enim
1861 3606 1984 3659 pcr-

396 3676 642 3746 cipietis,
672 3691 780 3740 me,
812 3691 1004 3730 curam
1029 3676 1202 3732 vestri
1236 3684 1541 3745 gerentem,
1571 3679 1861 3733 vobiscum
1888 3681 1984 3734 ha-

397 3768 578 3822 bitare
614 3781 720 3821 non
743 3767 984 3838 gravari,
1017 3768 1108 3822 cui
1141 3767 1345 3823 cmlum
1379 3769 1747 3835 tlironuscst,
1781 3781 1837 3826 et
1869 3780 1980 3827 ter-

396 3875 459 3914 ra
487 3859 792 3914 scabellum
829 3857 1070 3930 pedum:
1109 3861 1464 3931 cognoscetis
1492 3875 1624 3916 vero
1658 3864 1822 3917 etiam
1863 3865 1980 3919 ido-

393 3953 574 4006 lorum
614 3959 924 4007 vestrorum
958 3952 1416 4017 imbecillitatem,
1449 3964 1505 4010 et
1541 3972 1628 4011 me
1654 3958 1831 4012 solum
1855 3974 1980 4015 esse

392 4045 588 4110 Deum,
621 4044 712 4115 qui
742 4044 1133 4116 delinquentes
1164 4047 1463 4124 corrigere,
1505 4058 1560 4104 et
1595 4050 1844 4106 misereri
1865 4067 1980 4123 pte-

394 4138 689 4192 tr’ttenlium
737 4138 956 4209 1398
983 4137 1215 4211 possim.
1255 4137 1311 4194 In
1338 4139 1428 4195 bis
1453 4149 1631 4195 autem
1686 4144 1976 4214 cogitatio-

389 4232 558 4288 r.i’ws
590 4241 998 4302 permanentes,
1037 4231 1092 4286 in
1125 4232 1276 4288 omni
1311 4235 1610 4291 securitate
1640 4237 1859 4304 vivetls,
1889 4256 1980 4295 ne-

387 4338 498 4390 que
545 4322 783 4393 amplius
827 4322 1070 4393 gentium
1125 4325 1423 4394 opprobria
1471 4325 1778 4396 perferetis.
1816 4328 1975 4385 Post-

386 4430 552 4483 quam
582 4415 683 4469 hoc
710 4415 875 4469 modo
906 4415 1145 4470 reditum
1179 4416 1454 4486 praedixit,
1476 4427 1530 4472 et
1565 4420 1852 4477 servitutis
1881 4423 1975 4478 de-

387 4510 726 4578 pulsionem,
756 4517 813 4562 et
858 4509 1127 4564 divinitus
1157 4508 1340 4563 datam
1369 4510 1704 4578 libertatem,
1735 4523 1790 4567 et
1843 4515 1972 4568 anni

385 4603 694 4658 ubertatem
752 4601 1145 4675 fructuumque
1198 4602 1436 4672 copiam,
1489 4619 1704 4659 necnon
1762 4607 1974 4662 erroris
2005 4628 2050 4686 ι)

385 4694 792 4762 depulsionem,
849 4695 1150 4764 radiosque
1177 4696 1520 4766 cognitionis
1558 4695 1674 4760 Dei,
1733 4697 1976 4751 ostendit

385 4785 596 4854 pariter
623 4785 956 4854 multiplicia
998 4785 1174 4840 divini
1207 4785 1454 4856 Spiritus
1498 4786 1664 4850 dona,
1700 4802 1822 4856 qua:
1849 4798 1975 4856 post

386 4872 661 4945 Unigeniti
685 4875 1146 4941 incarnationem,
1169 4886 1223 4930 et
1246 4875 1546 4930 salutarem
1568 4875 1900 4944 passionem,
1920 4887 1975 4934 et

386 4969 885 5030 resurrectionem,
918 4975 973 5021 et
1005 4967 1060 5021 in
1099 4967 1302 5022 coelum
1323 4981 1640 5029 ascensum,
1681 4970 1968 5036 apOstolis,

385 5066 442 5112 et
473 5073 574 5129 per
615 5059 740 5116 illos
770 5062 1031 5115 omnibus
1069 5062 1123 5114 in
1153 5061 1301 5113 omni
1333 5059 1470 5113 orbe
1519 5067 1792 5113 terrarum
1844 5078 1966 5120 cre-

383 5151 669 5218 dentibus,
700 5153 934 5224 largitus
974 5162 1060 5207 est
1093 5153 1483 5212 universorum
1517 5150 1680 5208 Dens.

463 5329 621 5385 Vens.
663 5329 754 5394 ‘28,
806 5329 898 5384 29.
959 5349 977 5379 ‹
1011 5329 1073 5382 Et
1116 5330 1220 5384 erit
1258 5338 1384 5400 post
1431 5329 1568 5394 inec,
1625 5350 1642 5382 ι
1696 5331 1800 5385 hoc
1843 5342 1965 5397 est,

383 5434 504 5490 [ιῑιιι
541 5424 778 5477 reditum
827 5429 884 5478 et
916 5421 1164 5477 veritatis
1194 5423 1591 5494 cognitionem,
1639 5445 1656 5475 ι
1691 5426 1967 5482 θίΓιιηιΙειηὶ

449 5588 488 5610 ⁸·
520 5579 668 5636 Psal.
703 5592 823 5646 cur,
861 5578 951 5633 52.

2102 2039 2198 2094 καὶ
2239 2037 2485 2092 αίνέσετε
2535 2037 2595 2090 τὸ
2643 2038 2814 2108 ὄνομα
2857 2035 3064 2106 Κυρίου
3108 2033 3204 2086 τοῦ
3249 2033 3384 2086 Θεοῦ
3417 2032 3593 2102 ὑμῶν,
3633 2031 3697 2094 ὃς

2102 2125 2325 2196 ἐποίησε
2346 2125 2465 2195 μεθ’
2488 2124 2642 2196 ὑμῶν
2659 2123 2957 2194 θαυμάσια.
2973 2141 2991 2174 ι
3018 2121 3189 2176 Τοῦτο
3209 2122 3318 2192 γὰρ
3343 2122 3450 2174 τῶν
3471 2121 3696 2190 ἀγαθῶν

2099 2222 2162 2272 τδ
2180 2219 2498 2288 κεφάλαιον,
2525 2218 2588 2271 οὑ
2608 2218 2670 2271 τὸ
2699 2219 2778 2281 είς
2803 2217 2965 2290 κόρον
2985 2216 3294 2270 ἀπολαῦσαι
3314 2214 3424 2268 τῶν
3445 2213 3692 2282 ἀγαθῶν,

2099 2308 2240 2364 ἀλλὰ
2267 2309 2328 2362 τὸ
2362 2309 2602 2380 ὑμνῆσαι
2633 2308 2726 2361 τὸν
2769 2307 2974 2378 δοτῆρα
3011 2307 3120 2360 τῶν
3165 2305 3407 2375 ἀγαθῶν.
3458 2306 3586 2368 Τοῖς
3627 2303 3694 2359 δδ

2096 2400 2271 2465 οὑτως
2309 2400 2669 2470 εὐγνωμόνως
2701 2400 3089 2470 διακειμένοις,
3123 2398 3217 2452 καὶ
3248 2397 3358 2450 τῶν
3403 2396 3562 2450 θείων
3593 2397 3691 2448 εὑ-

2098 2493 2363 2565 εργεσιῶν
2385 2493 2778 2564 μεμνημένοις,
2794 2493 3133 2562 ὑπισχνεῖται
3153 2508 3172 2540 t
3194 2489 3253 2542 τὸ
3267 2489 3341 2558 μὴ
3357 2504 3690 2558 καταισχυνε-

2097 2585 2259 2656 θῆναι
2278 2584 2365 2639 τὸν
2390 2583 2517 2639 λαὸν
2543 2581 2711 2638 αὑτοῦ
2737 2585 2816 2647 είς
2835 2585 2928 2636 τὸν
2956 2582 3180 2638 αἰῶνα.»
3215 2582 3276 2634 Ei
3302 2579 3358 2632 δὲ
3377 2582 3434 2632 ἐν
3456 2579 3692 2650 αἰσχύνῃ

2095 2677 2191 2730 νῦν
2221 2678 2359 2730 εἰσιν
2403 2675 2666 2738 Ἰουδαῖοι,
2701 2675 2801 2745 οὐχ
2831 2676 2859 2728 6
2888 2673 3124 2745 ἀψευδὴς
3155 2673 3287 2735 Θεὸς
3318 2670 3416 2735 τὰς
3448 2671 3689 2740 ὑποσχέ-

2095 2786 2209 2833 σεις
2255 2766 2558 2837 ἐψεύμσατοο
2618 2764 2735 2820 ἀλλ’
2783 2765 2939 2820 αὐτοὶ
2979 2766 3117 2834 σφᾶς
3154 2764 3354 2826 αὐτοὺς
3396 2761 3692 2832 ἀπέφηναν

2093 2859 2346 2924 ἀναξίως
2374 2858 2482 2911 τῶν
2514 2856 2883 2928 ὑποσχέσεων,
2928 2855 3274 2928 ἀχάριστοιττ
3309 2854 3438 2925 περὶ
3466 2853 3556 2906 τὸν
3588 2853 3686 2905 εὑ·-

2091 2950 2325 3022 εργέτην
2353 2948 2734 3020 γεγενημένοι,
2771 2949 2868 3003 καὶ
2910 2949 3002 3002 τὸν
3036 2946 3420 3016 οἰκοδεσπότην
3455 2943 3687 3007 Βεελξε-

2093 3041 2222 3096 ϐοὺλ
2267 3040 2726 3106 ἀποκαλέσαντες,
2775 3038 2991 3093 καὶτὸν
3038 3038 3374 3110 κληρονόμον
3417 3035 3684 3088 ἀποκτεί-

2091 3149 2302 3195 ναντες,
2334 3132 2428 3184 καὶ
2455 3130 2532 3201 μὴ
2567 3131 2729 3199 μόνον
2759 3130 2888 3194 τοὺς
2912 3131 3158 3201 καρποὺς
3183 3130 3264 3193 είς
3297 3127 3546 3200 καιρὸν⁷⁸
3578 3128 3688 3182 οὑκ

2091 3224 2514 3288 ἀποδεδωκότες,
2559 3222 2697 3276 ἀλλὰ
2739 3223 2834 3280 καὶ
2879 3223 2978 3296 τὴν
3028 3220 3394 3294 κληρονομίαν
3431 3220 3684 3291 ἁρπάσαι

2011 3287 2058 3349 C
2091 3317 2498 3390 πειρασθέντες.

2159 3406 2263 3472 κζ’.
2311 3427 2330 3460 ι
2360 3409 2469 3460 Καὶ
2507 3403 2903 3474 ἐπιγνώσεσθε,
2937 3404 3017 3457 ὅτι
3052 3405 3108 3456 ἐν
3144 3402 3296 3473 μέσῳ
3326 3399 3419 3456 τοῦ
3461 3399 3683 3470 Ἰσραὴλ

2086 3499 2199 3570 ἐγώ
2225 3501 2366 3570 είμι,
2393 3500 2490 3554 καὶ
2518 3498 2630 3566 ἐγὼ
2653 3497 2854 3568 Κύριος
2879 3497 2908 3550 6
2930 3493 3061 3558 Θεὸς
3091 3493 3269 3565 ὑμῶν,
3292 3493 3386 3545 καὶ
3405 3492 3504 3546 οὐκ
3529 3492 3684 3544 ἐστιν

2085 3593 2167 3646 ἐτι
2199 3592 2338 3663 πλὴν
2368 3589 2525 3662 ἐμοῦ.
2556 3610 2575 3641 ι
2627 3590 2705 3642 Δι’
2731 3589 2903 3658 αὑτῆς
2919 3589 2965 3619 ⁷⁸
2996 3586 3105 3658 γὰρ
3132 3587 3232 3657 τῆς
3263 3586 3462 3657 πείρας
3493 3583 3678 3654 μαθή-

2087 3685 2267 3752 σεσθε,
2311 3685 2460 3746 ὅπως
2493 3683 2647 3754 ὑμῶν
2675 3681 2970 3752 κηδόμενος
3006 3680 3280 3732 συνοικεῖν
3319 3679 3451 3748 ὑμῖν
3483 3675 3680 3745 ἀνέχο-

2087 3795 2210 3848 μαι,
2257 3778 2284 3845 6
2311 3775 2403 3828 τὸν
2431 3775 2662 3846 οὐρανὸν
2694 3774 2832 3842 ἔχων
2873 3773 3084 3844 θρόνον,
3119 3773 3217 3843 τὴν
3242 3772 3298 3825 δὲ
3329 3773 3432 3841 γῆν
3465 3769 3677 3823 ὑποπό-

2082 3868 2193 3921 διον
2220 3882 2233 3896 ·
2292 3866 2502 3920 εἴσεσθε
2551 3865 2609 3918 δὲ
2649 3867 2744 3920 καὶ
2794 3867 2900 3919 τῶν
2951 3865 3236 3935 ὑμετέρων
3291 3863 3526 3917 εἰδώλων
3571 3863 3678 3932 τὴν

2083 3959 2386 4024 ἀσθένειαν,
2416 3959 2510 4012 καὶ
2535 3959 2617 4012 ὅτι
2647 3957 2758 4026 ἐγὼ
2794 3959 2953 4029 μόνος
2985 3959 3215 4028 ὑπάρχω
3238 3956 3393 4019 Θεὸς,
3419 3955 3512 4008 καὶ
3545 3971 3678 4007 παι-

2079 4055 2254 4108 δεύειν
2285 4055 2413 4117 τοὺς
2443 4051 2923 4124 πλημμελοῦντας,
2982 4053 3079 4106 καὶ
3115 4053 3285 4106 ἐλεεῖν
3333 4051 3461 4113 τοὺς
3503 4067 3675 4120 μετα.-

2083 4145 2452 4217 μελουμένους
2493 4143 2811 4212 δυνάμενος.
2860 4143 3085 4207 Τούτοις
3127 4143 3186 4196 δὲ
3226 4143 3339 4206 τοῖς
3387 4141 3672 4210 λογισμοῖς

2079 4239 2458 4309 ἐπιμένοντες,
2487 4238 2545 4290 ἐν
2573 4238 2728 4309 ἀδείᾳ
2754 4236 2905 4307 πάσῃ
2936 4235 3218 4306 βιώσεσθε,
3250 4234 3432 4288 οὑκέτι
3466 4233 3535 4286 τὰ
3557 4233 3674 4287 τῶν

2079 4331 2250 4385 ἐθνῶν
2283 4331 2460 4401 ὀνείδη
2489 4331 2790 4400 δεχόμενοι.
2825 4329 2982 4382 Οὑτω
3008 4328 3077 4381 τὰ
3103 4329 3244 4382 κατά
3269 4327 3370 4396 τὴν
3408 4325 3670 4378 ἐπάνοδον

2080 4424 2519 4494 προαγορεύσας,
2547 4423 2642 4475 καὶ
2671 4421 2768 4491 τὴν
2796 4422 2894 4492 τῆς
2919 4421 3162 4483 δουλείας
3191 4418 3534 4489 ἀπαλλαγὴν.
3573 4418 3672 4470 καὶ

2076 4513 2174 4583 τὴν
2196 4512 2469 4566 θεόσδοτον
2493 4509 2826 4580 ἐλευθερίαν,
2862 4511 2956 4564 καὶ
2977 4510 3074 4580 τὴν
3101 4510 3412 4579 εὐετηρίαν,
3441 4507 3537 4560 καὶ
3558 4506 3669 4559 τῶν

2078 4604 2307 4674 καρπῶν
2359 4604 2458 4675 τὴν
2505 4603 2788 4674 ἀφθονίαν,
2837 4604 2931 4656 καὶ
2966 4602 3065 4672 τὴν
3109 4604 3207 4671 τῆς
3240 4602 3448 4670 πλάνης
3487 4598 3668 4652 ἀπαλ-

2079 4695 2273 4767 λαγὴν,
2320 4699 2414 4751 καὶ
2447 4699 2544 4767 τῆς
2595 4696 2924 4764 θεογνωσίας
2966 4693 3245 4766 προειπὼν
3286 4695 3384 4756 τὰς
3415 4694 3667 4756 ἀκτῖνας.

2082 4787 2275 4857 μηνύει
2325 4789 2420 4840 καὶ
2467 4788 2566 4852 τὰς
2619 4787 2972 4850 παντοδαπὰς
3015 4786 3110 4838 τοῦ
3151 4785 3298 4838 θείου
3347 4783 3670 4854 Πνεύματος

2077 4877 2305 4948 δωρεάς,
2341 4879 2408 4942 ἃς
2442 4879 2581 4949 μετά
2608 4881 2706 4950 τὴν
2735 4879 2828 4933 τοῦ
2860 4876 3202 4947 Μονογενοῦς
3227 4875 3668 4947 ἐνανθρώπησιν,

2077 4968 2172 5021 καὶ
2205 4969 2267 5021 τὸ
2301 4971 2568 5040 σωτήριον
2596 4973 2792 5035 πάθος,
2838 4972 2930 5025 καὶ
2957 4971 3056 5040 τὴν
3085 4971 3400 5032 ἀνάστασιν,
3446 4969 3540 5020 καὶ
3567 4967 3671 5038 τὴν

2076 5060 2156 5123 είς
2191 5059 2452 5129 οὐρανοὺς
2479 5063 2765 5122 ἀνάϐασιν,
2800 5066 2911 5126 τοῖς
2950 5063 3114 5132 ἱεροῖς
3155 5064 3493 5132 ἐχορήγησεν
3526 5062 3669 5113 ἁπο-

2077 5152 2285 5215 στόλοις
2313 5153 2340 5204 6
2368 5153 2476 5205 τῶν
2502 5154 2638 5207 ὅλων
2672 5155 2824 5218 Θεὸς,
2873 5157 2968 5208 καὶ
2994 5155 3061 5206 δι’
3090 5154 3313 5207 ἐκείνων
3345 5153 3520 5207 ἅπασι
3553 5157 3670 5217 τοῖς

2077 5243 2220 5297 κατὰ
2247 5245 2345 5314 τὴν
2374 5246 2700 5317 οἰκουμένην
2735 5248 3143 5300 πεπιστευκόσι.

2147 5342 2252 5405 κη’,
2278 5337 2376 5390 κθ’.
2420 5358 2438 5389 ‹
2471 5341 2580 5392 Καὶ
2604 5339 2752 5393 ἔσται
2778 5340 2916 5408 μετὰ
2939 5339 3131 5394 ταῦτα.
3165 5359 3183 5392 t
3220 5338 3498 5401 Τουτέστι,
3527 5340 3671 5405 μετᾶ

2076 5428 2173 5498 τὴν
2195 5431 2451 5485 ἐπάνοδον
2477 5433 2570 5485 καὶ
2591 5434 2688 5503 τὴν
2708 5433 2808 5502 τῆς
2831 5433 3088 5503 ἀληθείας
3107 5433 3421 5502 ἐπίγνωσιν.
3451 5451 3470 5482 ι
3495 5433 3670 5485 Kal"

1738 5716 1980 5774 νΛῐίΙίΕ
2024 5717 2434 5780 LECTIONES.

457 5803 503 5833 "
529 5800 665 5853 ἀλλὰ
690 5830 759 5840 —
791 5802 988 5868 ἐμαστ.
1024 5803 1144 5859 Des.
1172 5805 1304 5861 ibitl.

393 5868 436 5901 '°
472 5871 579 5923 καί.
619 5869 744 5924 Des.
778 5869 834 5923 in
861 5870 923 5924 Ο.

1421 5806 1464 5839 ’⁷
1495 5809 1534 5862 C
1558 5808 1844 5880 ἄχρηστοι.
1921 5812 1964 5842 ⁷⁸
1993 5831 2140 5886 καιρ.
2179 5817 2255 5870 ita
2284 5833 2407 5871 cum
2439 5817 2477 5872 (ἒ
2516 5817 2620 5889 leg.
2654 5817 2816 5872 Sirm.
2849 5817 3029 5890 κόρον.

3143 5822 3187 5854 ⁷³
3224 5820 3264 5878 C
3293 5811 3393 5875 Διά
3428 5818 3660 5893 ταύτης,
