4088 6442
439 391 578 451 1655

1429 385 1910 446 THEODORETI
1944 382 2280 443 EPISCOPI
2311 383 2677 442 CYRENSIS

3558 368 3695 431 1656

439 501 684 554 nubibus
707 500 1108 570 conspicietur,
1150 498 1298 552 mille
1342 497 1681 569 myriadibus
1727 499 2021 567 praeeunti-

2125 498 2234 560 λοῖς
2262 515 2275 529 ·
2307 497 2598 567 ἐρχόμενος
2620 493 2676 546 δέ
2707 494 2797 546 ἐπὶ
2830 492 2940 544 τῶν
2972 488 3210 560 νεφελῶν
3239 487 3556 556 ὀφθήσεται,
3585 483 3697 535 τῶν

442 595 570 656 bus,
632 599 686 644 et
724 592 874 646 mille
924 590 1170 646 millibus
1209 589 1590 654 laudantibus,
1629 598 1684 645 et
1715 590 1792 644 illi
1855 605 2018 644 omne

439 698 584 753 genu
643 679 884 736 ﬂectitur
918 681 1251 745 ccelestium,
1299 680 1669 743 terrestrium,
1718 688 1775 734 et
1815 678 2018 734 infero-

442 794 562 832 rum
601 787 650 835 υ.
699 775 896 830 merito
935 774 1080 827 diem
1117 773 1270 828 illum
1315 772 1596 843 (magnum
1631 771 1708 841 et)
1748 769 2018 826 illustrem

448 868 706 938 appellat.

515 957 677 1012 Vsns.
711 956 801 1009 52.
838 973 857 1006 ι
887 953 954 1008 Et
974 954 1102 1020 erit,
1123 954 1305 1009 omnis
1328 952 1420 1022 qui
1447 950 1788 1004 iuvocaverit
1818 963 2019 1002 nomen

443 1047 681 1112 Domini,
733 1046 925 1101 salvus
978 1045 1105 1098 erit.
1143 1063 1161 1096 ι
1216 1042 1538 1114 Opportune
1602 1041 1690 1094 hic
1749 1053 2022 1108 apponere

441 1152 736 1207 possumus
784 1134 918 1189 illud
964 1133 1371 1204 apostolicum:
1413 1148 1432 1182 ι
1468 1127 1754 1195 Quomodo
1781 1142 1913 1197 ergo
1941 1125 2024 1180 in-

440 1227 738 1291 vocabunt,
773 1227 827 1280 in
858 1240 1021 1296 quem
1058 1240 1168 1280 non
1203 1223 1558 1279 crediderunt
1585 1223 1722 1277 ?aut
1747 1221 2022 1292 quomodo

442 1319 670 1374 credent
698 1317 773 1380 ei,
807 1331 972 1386 quem
1011 1328 1120 1368 non
1150 1312 1446 1368 audierunt
1473 1313 1497 1365 ’ἒ
1523 1313 1804 1382 quomodo
1838 1318 2020 1365 autem

444 1409 669 1464 audient
720 1408 843 1464 sine
894 1407 1234 1475 praedicante
1263 1413 1290 1442 τ
1327 1405 1350 1457 ?
1389 1422 1407 1456 ι
1457 1403 1632 1469 Quam
1687 1402 1758 1457 ob
1799 1417 2020 1456 causam

445 1500 696 1568 apposite
750 1496 1003 1566 adjecit:
1046 1514 1065 1546 ι
1099 1495 1240 1560 Quia
1294 1494 1349 1547 in
1412 1501 1601 1548 monte
1658 1493 1816 1557 Sion,
1860 1502 1915 1546 et
1968 1493 2022 1546 in

447 1589 831 1660 Hierosolyma
866 1588 973 1642 erit
1000 1587 1093 1656 qui
1119 1587 1363 1641 salvatus
1386 1585 1516 1648 erit,
1552 1585 1698 1640 sicut
1735 1584 1874 1639 dixit
1916 1583 2024 1638 Do-

447 1683 652 1744 minus,
682 1688 736 1734 et
773 1679 1191 1742 annuntiantes,
1235 1692 1374 1748 quos
1420 1675 1690 1730 Dominus
1720 1675 1959 1730 vocavit.
1999 1693 2019 1726 ι

444 1769 610 1825 Clare
641 1769 786 1824 enim
819 1767 911 1823 hic
955 1767 1115 1822 nobis
1149 1777 1375 1822 sanctos
1413 1765 1697 1836 apostolos
1723 1764 2020 1833 expressit,

446 1861 650 1930 quibus
678 1865 1010 1928 praeceptum
1051 1856 1176 1920 fuit,
1220 1864 1278 1909 ut
1314 1856 1483 1927 (omni
1519 1854 1807 1924 creaturae)
1847 1855 2023 1908 Evan-

447 1947 649 2017 geliuut
696 1945 1119 2009 annuntiarent,
1176 1945 1445 2006 dicentes,
1491 1962 1510 1994 ι
1544 1943 2023 2014 Appropinquavit

448 2051 681 2107 regnum
728 2037 992 2092 calorum
1019 2050 1067 2090 ι.
1116 2055 1134 2087 ι
1169 2034 1225 2090 1η
1262 2046 1445 2092 monte
1503 2045 1687 2090 autem
1738 2033 1932 2100 Sione,
1970 2043 2024 2088 et

445 2125 502 2178 in
535 2123 915 2196 Hierosolyma
945 2125 1166 2179 futurus
1200 2133 1322 2188 est,
1356 2126 1462 2191 ait,
1488 2127 1580 2194 qui
1605 2126 1851 2181 salvatus
1880 2125 2018 2178 erit:

447 2215 745 2271 ostendens
776 2216 894 2271 fore
919 2225 979 2270 ut
1001 2217 1183 2271 omnis
1219 2216 1451 2272 credens
1479 2217 1532 2270 in
1573 2231 1696 2270 eum
1730 2217 1824 2285 qui
1869 2217 1939 2269 ibi
1969 2216 2022 2268 in

446 2319 671 2359 crucem
703 2314 860 2360 actus
909 2315 964 2361 ct
1023 2307 1296 2377 supplicio
1347 2322 1446 2376 pro
1505 2307 1663 2361 nobis
1719 2307 1880 2362 datus
1918 2315 2020 2370 est,

447 2394 683 2450 salutem
727 2405 1077 2466 assequatur.
1130 2395 1262 2452 Post
1301 2398 1716 2468 praedictionem
1763 2399 2024 2468 spiritua-

447 2484 584 2539 lium
633 2485 928 2554 donorum,
966 2487 1032 2541 ad
1087 2487 1237 2540 aliud
1293 2497 1675 2559 argumentum
1738 2489 2024 2544 transtulit

445 2578 818 2650 prophetiam,
898 2579 1208 2648 praedicens
1276 2577 1344 2632 de
1407 2579 1560 2650 Gogo
1631 2588 1687 2634 et
1752 2579 2020 2650 Magogo,

450 2669 658 2741 1401
695 2670 761 2723 de
789 2668 993 2738 quibus
1028 2668 1250 2723 divinus
1296 2671 1460 2724 etiam
1524 2670 1778 2726 Ezechiel
1828 2671 2026 2724 vaticio

445 2771 611 2814 natus
647 2766 749 2822 est,
781 2759 1246 2828 quemadmodum
1285 2769 1410 2829 post
1455 2761 1694 2816 reditum
1744 2778 1813 2816 ex
1848 2763 2025 2831 capti-

443 2853 613 2904 vitate
649 2850 906 2905 maximis
939 2851 1115 2920 copiis
1148 2849 1352 2904 bellum
1389 2850 1783 2922 Hierosolyma:
1813 2852 2022 2906 illaturi

441 2942 578 3004 sint,
611 2942 811 2997 vicinis
844 2941 1102 3009 gentibus
1154 2941 1313 3005 illos,
1360 2949 1417 2994 ut
1465 2943 1767 2997 verisimile
1815 2949 1921 3007 est,
1955 2943 2021 2996 ad

443 3032 591 3086 hanc
619 3047 734 3084 rem
776 3030 1228 3085 sollicitantibus.
1268 3032 1403 3084 Cum
1433 3034 1580 3087 enim
1616 3041 1743 3102 post
1785 3032 2023 3088 reditum

2122 589 2331 658 μυρίων
2356 587 2632 657 μυριάδων
2654 584 2877 638 ἐκείνων
2903 581 3240 652 ἡγουμένων,
3267 578 3490 631 καὶτῶν
3509 575 3699 646 χιλίων

2119 678 2368 749 χιλιάδων
2411 675 2726 746 ὑμνουσῶν,
2770 675 2865 728 καὶ
2915 671 3062 741 αὐτῷ
3110 672 3351 741 κάμπτει
3407 669 3517 720 πᾶν
3565 668 3697 734 γόνυ

2121 769 2480 840 ἐπουρανίων,
2513 767 2606 821 καὶ
2629 766 2904 834 ἐπιγείων,
2937 762 3030 816 καὶ
3057 759 3446 831 καταχθονίων,
3471 759 3700 820 εἰκότως

2119 860 2216 930 τὴν
2243 861 2455 930 ἡμέραν
2479 859 2696 927 ἐκείνην
2721 855 2960 925 ἐπιφανῆ
2996 853 3409 923 προσαγορεύει.

2191 951 2289 1020 λβ’.
2337 969 2354 1000 ι
2385 950 2494 1003 Καὶ
2527 949 2701 1010 ἔσται,
2739 949 2847 1010 πᾶς
2869 946 2926 1007 ὃς
2945 946 3009 999 ἂν
3034 944 3424 1013 ἐπικαλέσηται
3439 942 3505 995 τό
3527 942 3704 1012 δνομα

2121 1041 2352 1110 Κυρίου,
2388 1039 2714 1109 σωθήσεται.
2752 1056 2771 1088 ι
2813 1036 2974 1090 Ἀλλά
3004 1036 3115 1104 γὰρ
3159 1035 3348 1106 καιρὸς
3395 1036 3569 1088 εἰπεῖν
3597 1035 3706 1107 τὴν

2121 1130 2478 1200 άποστολικὴν
2499 1129 2712 1200 ἐκείνην
2733 1130 2918 1199 φωνήν
2936 1145 2950 1159 ο
2985 1146 3004 1178 ι
3028 1127 3153 1187 Πῶς
3173 1121 3265 1179 οὖν
3285 1125 3705 1178 ἐπικαλέσονται

2124 1225 2203 1279 εἰς
2227 1222 2287 1275 ὃν
2317 1221 2417 1274 οὐκ
2445 1220 2804 1281 ἐπίστευσανς
2854 1217 2971 1280 πῶς
3007 1218 3065 1270 δέ
3103 1215 3484 1270 πιστεύσουσιν
3511 1209 3571 1268 οὗ
3598 1215 3705 1267 ούκ

2123 1315 2396 1384 ἡκουσαν;
2428 1312 2543 1373 πῶς
2565 1311 2621 1364 δέ
2645 1310 2919 1364 ἀκούσωσι
2938 1309 3105 1379 χωρὶς
3129 1305 3495 1376 κηρύσσοντος
3518 1323 3532 1365 ;
3567 1324 3586 1356 ι
3621 1299 3704 1358 OB

2124 1404 2281 1473 χάριν
2301 1402 2522 1464 είκότως
2547 1401 2829 1470 ἐπήγαγεν
2849 1416 2864 1432 ο
2902 1417 2921 1450 ι
2941 1399 3062 1450 Ὅτι
3091 1399 3148 1449 ἐν
3176 1395 3254 1465 τῷ
3282 1395 3397 1466 δρει
3427 1393 3586 1458 Σιὼν,
3605 1395 3706 1447 καὶ

2124 1495 2182 1544 ἐν
2213 1492 2566 1563 ⁹ῐερουσαλὴμ
2595 1491 2747 1544 ἐσται
2784 1489 3214 1558 ἀνασωζόμενος,
3257 1486 3445 1540 καθότι
3491 1482 3647 1538 εἷπεν
3673 1487 3705 1538 ό

2125 1583 2348 1655 Κύριος,
2397 1584 2494 1636 καὶ
2535 1580 3031 1650 εὐαγγελιζόμενοι,
3076 1577 3172 1642 οὓς
3215 1577 3417 1648 Κύριος
3462 1576 3705 1648 προσκέ-

2125 1674 2294 1744 κληκε
2305 1673 2370 1727 ⁸⁸.
2398 1692 2416 1726 ι
2447 1672 2642 1741 Σαφῶς
2667 1672 2774 1742 γάρ
2801 1671 3035 1726 ἐνταῦθα
3054 1671 3180 1731 τοὺς
3211 1669 3388 1739 ἱεροὺς
3409 1669 3537 1737 ἡμῖν
3560 1669 3707 1720 ἀπο-

2129 1766 2346 1830 στόλους
2365 1765 2656 1836 ἐδήλωσεν,
2681 1763 2730 1816 οἳ
2753 1761 3200 1832 προσετάχθησαν
3227 1757 3704 1826 εὐαγγελίζεσθαι,

2126 1859 2219 1912 καὶ
2257 1858 2434 1925 λέγειν
2460 1872 2474 1884 ·
2536 1875 2551 1907 ι
2585 1857 2850 1923 Ἤγγικεν
2884 1855 2918 1923 ἡ
2951 1851 3195 1922 βασιλεία
3233 1851 3342 1904 τῶν
3379 1849 3642 1920 οὐρανῶν.
3677 1868 3702 1899 δ

2137 1952 2226 2003 Ἐν
2251 1948 2331 2018 τῷ
2359 1950 2478 2016 δρει
2515 1947 2572 2001 δέ
2607 1946 2764 2010 Σιὼν,
2798 1943 2894 1998 καὶ
2934 1945 2993 1996 ἐν
3039 1943 3398 2014 Ἰερουσαλὴμ
3427 1941 3708 2005 ἀνασωζό-

2129 2055 2289 2108 μενον
2317 2038 2484 2106 λέγει,
2525 2036 2825 2106 σημαίνων,
2867 2033 2942 2096 ὼς
2971 2035 3077 2094 πᾶς
3106 2033 3135 2084 ό
3180 2032 3450 2085 πιστεύων
3497 2033 3574 2092 είς
3610 2030 3710 2082 τὸν

2127 2133 2244 2182 ἐκεῖ
2273 2127 2654 2198 σταυρωθέντα
2685 2124 2780 2176 καὶ
2823 2123 2890 2176 τά
2920 2123 3058 2192 ὑπὲρ
3105 2122 3264 2192 ἡμῶν
3309 2121 3709 2190 ἀναδεξάμενον

2125 2218 2294 2288 πάθη,
2335 2218 2607 2288 σωτηρίας
2641 2215 2906 2281 τεύξεται.
2943 2212 3099 2266 Μετὰ
3133 2213 3232 2283 τὴν
3266 2213 3570 2283 πρόρρησιν
3594 2213 3712 2264 τῶν

2126 2308 2511 2379 πνευματικῶν
2538 2307 2778 2378 δωρεῶν,
2814 2309 2893 2369 είς
2927 2307 3119 2376 ἑτέραν
3152 2303 3406 2357 ὑπόθεσιν
3438 2303 3537 2372 τὴν
3567 2320 3709 2374 προ-

2127 2400 2352 2472 φητείαν
2388 2400 2710 2469 μετήνεγκε,
2743 2398 2840 2449 καὶ
2877 2396 3133 2467 προλέγει
3165 2395 3296 2464 περὶ
3323 2393 3417 2447 τοῦ
3459 2393 3579 2460 Γὼγ
3609 2397 3714 2446 καὶ

2124 2491 2217 2545 τοῦ
2260 2489 2496 2558 Μαγὼγ,
2529 2489 2657 2558 περὶ
2704 2481 2778 2541 ὧν
2805 2488 2900 2540 καὶ
2934 2487 2962 2538 ό
3000 2486 3139 2549 θεῖος
3175 2482 3438 2554 Ἰεζεκιὴλ
3475 2485 3712 2554 προεθέ-

2127 2600 2308 2648 σπισε,
2333 2583 2427 2636 καὶ
2451 2581 2724 2653 προλέγει,
2748 2580 2823 2642 ὡς
2845 2579 3169 2649 παμπληθεῖ
3187 2579 3521 2649 χρησάμενοι
3549 2595 3609 2629 στ
3620 2594 3718 2646 ρα-

2125 2677 2236 2745 τιᾷ,
2281 2673 2414 2744 μετὰ
2463 2673 2560 2742 τὴν
2607 2671 2862 2724 ἐπάνοδον
2903 2669 3476 2740 ἐπιστρατεύσουσιτῇ
3512 2669 3719 2737 Ἰερου-

2128 2765 2331 2836 σαλὴμ,
2361 2763 2472 2818 τῶν
2507 2762 2802 2830 περιοίκων
2831 2761 3020 2824 ἐθνῶν,
3050 2761 3125 2823 ὼς
3153 2760 3319 2822 εἰκὸς,
3350 2759 3545 2822 αὐτοὺς
3577 2776 3719 2828 προ-

2124 2857 2432 2927 τρεπόντων
2464 2854 2544 2916 είς
2581 2853 2756 2905 τοῦτο.
2807 2849 3027 2920 Ἐπειδὴ
3063 2850 3171 2920 γὰρ
3217 2850 3536 2920 περιφανεῖς
3583 2848 3718 2901 λίαν

2127 2949 2220 3000 καὶ
2255 2945 2602 3016 περὲδλεπτοι
2640 2943 2778 3012 μετὰ
2808 2943 2906 3013 τὴν
2938 2941 3193 2995 ἐπάνοδον
3222 2942 3585 3010 ἐγεγόνεισαν,
3611 2940 3716 2994 τοῦ

2125 3035 2379 3106 τηνικάδε
2408 3035 2507 3103 τῆς
2535 3033 2859 3102 οἰκουμένης
2888 3031 3216 3102 κρατοῦντος
3251 3031 3458 3102 (Κύρος
3489 3031 3547 3084 δέ
3575 3025 3651 3101 ἦν
3684 3034 3718 3083 ὁ

446 3121 696 3192 praeclari
733 3121 1042 3175 evasissent
1075 3127 1128 3174 et
1163 3119 1409 3177 illustres
1428 3130 1479 3190 γ,
1521 3124 1648 3193 quia
1674 3123 1852 3195 Cyrus
1888 3125 2021 3195 (pri-

2129 3126 2341 3197 πρῶτος
2383 3123 2608 3194 Περσῶν
2635 3123 2955 3192 βασιλεύσας
2975 3124 3068 3191 ⁸³⁵),
3122 3122 3260 3190 μετὰ
3299 3121 3486 3192 δώρων
3512 3122 3718 3183 αὐτοὺς

447 3228 572 3266 mus
605 3209 894 3266 Persarum
926 3213 1046 3279 rex)
1069 3220 1205 3266 tunc
1240 3212 1360 3266 orbi
1403 3223 1676 3269 terrarum
1722 3217 2021 3284 imperans,

445 3316 545 3356 eos
596 3315 716 3355 eum
775 3301 934 3355 donis
995 3303 1256 3373 omnique
1303 3304 1513 3359 honore
1577 3307 1901 3371 dimiserat,
1973 3317 2027 3363 et

445 3392 710 3461 templum
761 3391 1020 3448 aediﬁcari
1079 3395 1346 3462 iusserat,
1403 3396 1611 3452 invidia
1681 3399 1737 3452 in
1796 3415 1892 3455 eos
1924 3400 2024 3454 lla-

447 3491 694 3552 grantes,
737 3481 982 3552 undique
1015 3499 1244 3554 magnas
1289 3487 1477 3554 copias
1521 3498 1841 3558 coegerunt,
1894 3505 2022 3560 spe-

445 3581 655 3638 rantes,
687 3588 746 3628 se
780 3575 973 3629 urbem
1029 3590 1155 3630 cum
1215 3576 1415 3633 incolis
1461 3585 1724 3648 capturos
1759 3595 1905 3636 esse.
1957 3584 2026 3635 At

447 3678 545 3720 eos
576 3679 705 3734 spes
741 3665 972 3720 lefellit:
1007 3668 1270 3736 quoniam
1304 3668 1369 3722 ad
1413 3669 1560 3724 illam
1591 3671 1767 3739 ipsam
1806 3671 2021 3738 urbem,

447 3751 688 3810 Domino
719 3768 1124 3828 prepugnante,
1162 3767 1216 3814 et
1258 3760 1527 3817 emciente
1576 3771 1636 3816 ut
1689 3764 1882 3820 hostes
1935 3780 2023 3821 se-

449 3843 715 3912 metipsos
751 3851 943 3900 mutuo
991 3846 1389 3914 interﬁcerent,
1428 3850 1678 3906 funditus
1717 3852 2020 3920 perierunt.

450 3931 577 3990 Haec
601 3935 862 3992 Dominus
898 3954 992 4008 per
1023 3939 1268 3994 divinum
1300 3939 1508 3995 Joelem
1541 3943 1869 4013 praedicens,
1909 3945 2019 3998 ait:

1085 4026 1237 4082 CAP.
1291 4028 1377 4082 ΙΙΙ.

519 4113 686 4170 Vens.
723 4117 774 4170 1.
810 4135 830 4169 ι
870 4116 1006 4184 Quia
1042 4134 1171 4174 ecce
1217 4135 1319 4191 ego
1367 4122 1421 4176 in
1457 4123 1654 4181 diebus
1695 4126 1806 4180 illis
1858 4134 1912 4182 et
1967 4127 2022 4180 in

449 4213 698 4277 tempore
745 4209 863 4264 illo.
899 4227 920 4260 ι
956 4209 1095 4264 Τιιιιι
1130 4211 1384 4267 iudicans
1419 4229 1530 4283 quo
1568 4224 1830 4286 tempore,
1893 4218 2023 4273 sub-

445 4296 668 4367 junxit:
709 4319 728 4351 ι
771 4299 1007 4367 Quando
1044 4309 1408 4358 convertero‘
1443 4307 1822 4375 captivitatem
1869 4307 2023 4363 Judae

443 4396 504 4443 et
525 4387 936 4462 Hierosolyma.
969 4412 989 4444 ι
1035 4393 1156 4448 Non
1182 4395 1330 4450 enim
1367 4405 1614 4466 tempore
1643 4400 2018 4469 spiritualium

2129 3217 2223 3271 καὶ
2247 3216 2413 3286 τιμῆς
2435 3215 2653 3282 ἁπάσης
2683 3215 3124 3285 προπέμψαντος,
3150 3213 3244 3268 καὶ
3279 3213 3370 3266 τὸν
3402 3213 3544 3266 θεῖον
3567 3211 3715 3265 νεὼν

2125 3307 2543 3378 οἰκοδομηθῆναι
2593 3307 3113 3376 παρεγγυήσαντος,
3163 3304 3343 3374 φθόνῳ
3389 3303 3714 3372 βαλλόμενοι

2127 3399 2306 3469 πλήθη
2361 3397 2533 3468 μυρία
2578 3397 2915 3466 πανταχόθεν
2966 3396 3359 3466 συνὴθροισαν,
3412 3394 3716 3463 αὕτανδρον

2125 3490 2310 3544 λαϐεῖν
2351 3490 2449 3559 τὴν
2475 3488 2630 3542 πόλιν
2667 3488 3004 3550 ἐλπίσαντες.
3053 3487 3191 3540 Ἀλλ’
3229 3487 3576 3556 ἐψεύσθησαν
3607 3489 3713 3556 τῆς

2125 3579 2338 3640 ἐλπίδος
2367 3594 2382 3608 ο
2439 3576 2813 3646 πανωλεθρίαν
2857 3577 2965 3648 γὰρ
3012 3578 3151 3648 παρ’
3197 3576 3368 3646 αὐτὴν
3409 3576 3508 3646 τὴν
3553 3577 3714 3628 πόλιν

2128 3669 2448 3739 ὑπέμειναν.
2475 3666 2568 3721 τοῦ
2597 3667 2732 3720 Θεοῦ
2759 3667 2868 3721 τῶν
2895 3668 3032 3722 ὅλων
3070 3667 3581 3737 ὑπερμαχῆσαντος,
3615 3669 3715 3720 καὶ

2130 3759 2220 3812 ὑπ’
2250 3758 2494 3828 ἀλλήλων
2541 3759 2736 3821 αὐτοὺς
2775 3758 3128 3829 ἀναιρεθῆναι
3160 3759 3712 3828 παρασκευάσαντος.

2126 3849 2310 3904 Ταῦτα
2354 3851 2444 3903 ό⁸⁷
2485 3851 2759 3922 Δεσπότης
2802 3851 2890 3904 διὰ
2928 3849 3023 3904 τοῦ
3077 3850 3223 3904 θείου
3266 3851 3420 3921 Ἰωὴλ
3466 3868 3716 3922 προαγο-

2128 3940 2322 4010 ρεύων,
2357 3941 2522 4010 φησίν
2551 3958 2564 3972 ·

2757 4033 3008 4086 ΚΕΦΑΛ.
3048 4033 3120 4085 Γν.

2195 4131 2265 4178 α’.
2296 4141 2316 4174 ι
2357 4123 2478 4178 Ὀτι
2512 4125 2621 4177 ίδοὺ
2649 4123 2760 4193 ἐγὼ
2786 4125 2843 4176 ἐν
2887 4125 3008 4187 ταῖς
3040 4123 3282 4195 ἡμέραις
3311 4124 3572 4187 ἐκείναις,
3611 4125 3714 4176 καὶ

2126 4217 2182 4268 ἐν
2217 4213 2292 4283 τῷ
2345 4213 2523 4284 καιρῷ
2567 4213 2780 4284 ἐκείνῳ.
2821 4233 2840 4266 ι
2880 4217 3105 4278 Δεικνὺς
3151 4215 3290 4284 ποίῳ
3342 4214 3554 4287 καιρῷ,
3600 4217 3713 4268 ἐπ-

2128 4309 2332 4378 ήγαγεν
2352 4321 2365 4334 ·
2403 4326 2421 4358 ι
2451 4307 2621 4360 Ὅταν
2653 4306 2969 4378 ἐπιστρέψω
2993 4307 3092 4378 τὴν
3116 4307 3493 4378 αἰχμαλωσίαν
3533 4307 3717 4361 Ἰούδα

2127 4401 2222 4452 καὶ
2265 4397 2641 4468 Ἰερουσαλήμ.
2676 4416 2696 4448 ι
2735 4400 2809 4452 Οὐ
2842 4399 2953 4470 γὰρ
2980 4401 3039 4452 ἐν
3065 4398 3144 4469 τῷ
3174 4398 3283 4451 τῶν
3315 4398 3712 4468 πνευματικῶν

445 4482 774 4547 gratiarum,
807 4484 899 4539 sed
945 4487 1131 4540 statim
1175 4495 1300 4556 post
1356 4489 1593 4542 reditum
1642 4507 1672 4546 e
1708 4491 2021 4562 Babylone,

2131 4489 2483 4560 χαρισμάτων
2521 4487 2719 4558 καιρῷ,
2748 4489 2864 4542 ἀλλ’
2895 4490 3057 4554 εὐθὺς
3087 4490 3228 4560 μετὰ
3257 4491 3357 4561 τὴν
3387 4492 3498 4544 ἀπὸ
3529 4490 3711 4542 H.169-
3782 4569 3786 4572 ξ

519 4653 685 4711 Vens.
706 4657 758 4710 2.
797 4675 816 4709 ι
848 4657 1228 4730 (Ζοιιει-θεαιιο,
1282 4661 1484 4731 inquit,
1518 4677 1711 4720 omnes
1745 4673 1963 4733 gentes.
1996 4686 2016 4720 ι

419 4802 422 4806 ,
448 4747 565 4800 lloc
589 4755 696 4812 est,
725 4753 1052 4820 congregari
1091 4755 1430 4821 permittam,
1459 4763 1514 4809 et
1536 4757 1776 4822 primum
1828 4773 2019 4813 eorum

450 4838 744 4896 consilium
773 4849 828 4895 et
855 4843 1119 4913 impetum
1179 4861 1288 4900 non
1348 4846 1688 4914 prohibebo;
1723 4847 1825 4901 hoc
1873 4850 2019 4906 enim

449 4928 588 4986 dicit
640 4936 966 5002 congregatio
1008 4952 1027 4989 :
1063 4952 1173 4991 non
1234 4940 1380 4991 enim
1422 4939 1632 4994 invitos
1686 4940 1862 5003 duxit,
1924 4945 2018 4999 sed

450 5016 697 5074 volentes
723 5021 909 5078 venire
939 5039 1050 5079 non
1086 5026 1369 5094 prohibuit
1391 5037 1438 5077 ι.

525 5126 543 5156 ι
579 5107 643 5163 Ει
664 5109 931 5168 deducam
961 5130 1063 5171 eas
1094 5116 1148 5170 in
1174 5118 1368 5173 valiem
1409 5117 1620 5190 1M3
1645 5119 1931 5193 Josapbat,
1963 5136 2016 5180 et

2131 4580 2297 4642 λῶνος
2325 4580 2604 4644 ἐπάνοδον,

2202 4672 2270 4740 β’.
2307 4689 2323 4722 ι
2371 4670 2612 4735 Συνάξω,
2659 4670 2814 4740 φησὶ,
2848 4671 3028 4725 πάντα
3065 4672 3131 4727 τὰ
3166 4671 3312 4742 ἔθνη.
3357 4691 3375 4723 ι
3417 4672 3558 4725 Ἀντὶ
3586 4671 3710 4735 τοῦ,

2131 4760 2470 4830 Συναχθῆναι
2527 4763 2888 4833 συγχωρήσω,
2956 4764 3051 4816 καὶ
3109 4763 3208 4833 τὴν
3257 4765 3480 4834 πρώτην
3527 4763 3713 4814 αὐτῶν

2126 4851 2304 4921 όρμὴν
2333 4852 2392 4902 ού
2434 4851 2700 4905 κωλύσωο
2757 4851 2915 4906 τοῦτο
2965 4853 3070 4922 γάρ
3121 4854 3268 4922 λέγει
3313 4853 3592 4916 συνάξω·
3641 4855 3710 4905 οὐ

2127 4941 2235 5009 γὰρ
2281 4939 2511 5002 ἄκοντας
2548 4936 2683 5011 ἦγεν
2711 4983 2724 5006 ,
2777 4941 2912 4995 ἀλλὰ
2971 4941 3332 5011 βουλομένους
3384 4941 3557 4994 ἐλθεῖν
3605 4941 3711 4993 οὐκ

2126 5030 2395 5084 ἐκώλυσεν
2419 5070 2434 5094 ,

2203 5141 2222 5173 ι
2253 5120 2362 5174 Καὶ
2392 5121 2608 5186 κατάξω
2637 5123 2776 5176 αὐτὰ
2804 5124 2884 5186 εἰς
2921 5124 3022 5194 τὴν
3057 5123 3278 5177 κοιλάδα
3313 5123 3467 5177 τοῦδε
3516 5124 3712 5177 Ἰωσα-

519 5349 544 5377 ιι
581 5338 816 5408 Philipp.
849 5353 909 5403 ιι,
946 5293 1032 5391 li).
1139 5345 1167 5371 '
1195 5335 1350 5393 Rom.
1381 5356 1434 5407 ιι,
1478 5343 1561 5396 Η.
1643 5348 1667 5374 κ
1705 5338 1890 5393 Matth.
1928 5355 2006 5404 ιιι,

2125 5350 2160 5395 at
2185 5342 2314 5397 alibi
2341 5344 2566 5412 passim.
2639 5351 2724 5391 γα
2759 5341 2776 5396 1
2806 5343 2966 5397 Esdr.
2997 5360 3011 5398 ι
3045 5358 3166 5415 sqq.

1737 5517 1967 5572 νΑιιιΑΞ
2005 5518 2406 5576 LECTIONES.

453 5733 496 5766 ⁸³
528 5741 638 5793 τοῦ.
671 5733 809 5796 ὐελε.
846 5743 985 5810 apud
1031 5738 1174 5794 LXX
1208 5753 1258 5798 et
1287 5733 1469 5814 supra,
1505 5733 1563 5817 μ’
1601 5749 1751 5804 1009.

547 5670 722 5757 “ﬁtP-1
755 5671 886 5726 “ec-
920 5622 1220 5757 ίεςιῖονθέι.
1243 5667 1727 5757 ,προσκέκλητᾳιηᾼ
1776 5677 1821 5711 ⁸⁵
1851 5683 1971 5750 βας.
2012 5681 2088 5736 lta
2122 5682 2176 5736 in
2227 5684 2269 5739 ί]
2295 5649 2744 5757 Ιοεὶιιιιιελδιιιιιι.
2779 5683 3074 5756 βασιλείας.
3187 5687 3230 5720 ⁸⁷
3252 5687 3301 5740 ό.
3327 5685 3368 5742 C
3403 5699 3590 5756 praem.
3616 5683 3701 5740 δέ.
