4088 6412
340 382 476 448 1657

1626 384 1709 446 IN
1737 384 1993 446 JOELIS
2024 386 2184 449 CAP.
2219 389 2333 449 III.

3475 389 3606 456 1658

339 507 472 571 φὰτ,
508 501 603 555 καὶ
639 499 1068 570 διακριθήσομαι
1103 498 1241 571 πρὸς
1274 498 1471 564 αὐτοὺς
1508 503 1626 556 ἐκεῖ
1655 501 1794 574 ὑπὲρ
1821 503 1916 556 τοῦ

2027 504 2354 575 disceptabo
2387 520 2514 562 cum
2546 506 2631 563 eis
2671 506 2746 562 ibi
2776 523 2877 579 pro
2910 510 3114 581 popqu
3147 526 3289 575 meo,
3332 521 3385 565 et
3427 512 3604 567 luere-

342 594 476 648 λαοῦ
516 610 660 665 μου,
708 594 936 664 καὶτῆς
988 590 1353 663 κληρονομίας
1408 610 1510 663 μου
1566 595 1813 667 Ἰσραήλ’
1874 596 1923 650 οἳ

341 687 713 757 διεσπάρησαν
743 687 800 739 ὲν
827 686 941 748 τοῖς
970 682 1169 747 ἔθνεσι,
1201 684 1295 738 καὶ
1337 683 1437 755 τὴν
1465 686 1568 755 γῆν
1612 703 1718 756 μου
1754 703 1925 741 κατα-

341 777 609 831 διείλαντο
624 776 691 831 ⁸⁸.
726 776 846 847 (γ’.)
879 776 991 830 Καὶ
1029 776 1123 829 ἐπὶ
1145 775 1237 828 τὸν
1265 775 1393 830 λαόν
1422 794 1532 847 μου
1562 776 1754 831 ἔϐαλον
1791 778 1925 850 κλή-

346 884 473 939 ρους
501 908 516 932 ,
556 867 653 920 καὶ
696 864 905 920 ἔδωκαν
941 863 1011 917 τά
1066 864 1329 938 παιδάρια
1385 865 1653 937 πόρναις,
1716 867 1811 922 καὶ
1855 868 1926 922 τά

340 961 577 1032 κοράσια
603 956 848 1012 ἐπώλουν
876 955 996 1011 ἀντὶ
1025 956 1194 1020 οῐνου,
1222 958 1318 1012 καὶ
1346 956 1549 1014 ἔπινον.
1584 976 1604 1011 ι
1643 960 1925 1014 Ἐντεῦθεν

340 1052 502 1123 δῆλον
527 1091 541 1118 ,
586 1049 664 1114 ὼς
714 1048 826 1102 τῶν
868 1049 1084 1119 ὁμόρων
1126 1049 1454 1120 ἡγουμένων
1493 1049 1823 1121 ἠκολούθουν
1872 1052 1924 1106 oi

340 1141 496 1196 ἄλλοι
522 1157 536 1171 ’
579 1139 737 1194 αὐτοὶ
765 1138 897 1211 γὰρ,
940 1137 1083 1193 κατά
1119 1138 1213 1193 τὸν
1248 1138 1350 1211 τῆς
1381 1141 1758 1212 αἰχμαλωσίας
1810 1160 1927 1199 και-

344 1235 458 1307 ρὸν,
484 1233 578 1287 καὶ
602 1233 702 1303 τὴν
728 1232 829 1305 γῆν
855 1232 1275 1299 καταδιείλαντο,
1299 1232 1376 1296 ὡς
1398 1234 1623 1305 μηδενὸς
1647 1235 1727 1289 έτι
1748 1236 1922 1303 ὄντος,

343 1330 485 1399 μήτε
517 1324 610 1379 τοῦ
642 1325 994 1389 δεσπόζοντος
1015 1366 1031 1393 ,
1083 1326 1220 1397 μήτε
1252 1325 1347 1379 τοῦ
1382 1325 1791 1398 γεωργοῦντας,
1829 1329 1926 1382 καὶ

338 1421 431 1475 τὸν
465 1419 666 1490 κλῆρον
691 1417 749 1471 δὲ
778 1416 989 1483 έδαλον,
1018 1417 1118 1480 τάς
1141 1418 1437 1490 διαιρέσεις
1459 1418 1804 1491 ποιούμενον
1828 1420 1925 1475 καὶ

337 1511 468 1573 τοὺς
508 1509 871 1579 διαφυγόντας
913 1508 1245 1573 ἀπεδίδοντο,
1278 1512 1360 1573 είς
1399 1510 1639 1566 ἀσωτίαν
1675 1511 1772 1566 καὶ
1797 1528 1925 1582 τρυ-

338 1601 448 1671 φὴν
499 1601 601 1669 τὴν
657 1601 799 1671 ὑπὲρ
849 1599 1032 1654 αὐτῶν
1074 1600 1559 1672 καταϐαλλομένην
1607 1601 1924 1656 καταδαπα-

336 1690 539 1752 νῶντες
558 1690 603 1723 ⁸⁸
640 1691 832 1761 τιμήν.
868 1690 943 1744 Τὸ
989 1688 1070 1755 δὲ,
1112 1709 1131 1741 ι
1171 1689 1605 1763 Διακριθήσομαι
1645 1692 1787 1764 ὑπὲρ
1826 1691 1921 1746 τοῦ

335 1777 470 1832 λαοῦ
506 1795 630 1848 μου,
666 1797 686 1830 ι
715 1777 949 1841 τέθεικε,
970 1777 1253 1846 διδάσκων,
1288 1778 1365 1843 ὼς
1397 1780 1690 1853 ἀπαιτήσει
1723 1782 1921 1847 αὐτοὺς

2029 596 2207 653 ditate
2234 613 2355 653 mea
2387 596 2614 666 lsraele,
2644 601 2740 671 qui
2767 601 3007 670 dispersi
3039 613 3170 659 sunt
3202 619 3299 674 per
3322 612 3533 674 gentes,
3552 611 3608 659 et

2026 693 2231 741 terram
2264 702 2439 742 meam
2488 685 2822 745 diviserunt.
2856 690 3049 761 (Vens.
3082 691 3164 758 5.)
3204 690 3271 747 Et
3300 707 3466 762 super
3506 708 3607 762 po-

2029 778 2219 848 pulum
2262 793 2444 834 meum
2485 779 2742 849 iecerunt
2779 789 2982 849 sortes,
3013 790 3068 838 et
3097 782 3367 839 dederunt
3404 799 3607 853 pueros

2026 868 2438 932 meretricibus.
2484 878 2539 926 et
2568 872 2780 942 puellas
2812 872 3183 929 vendiderunt
3230 889 3331 944 pro
3367 875 3519 938 vino,
3551 885 3607 931 et

2027 955 2308 1011 biberunt.
2343 977 2363 1009 ι
2410 955 2551 1015 illnc
2606 959 2829 1029 planum
2870 959 2950 1024 ﬁt,
2984 968 3294 1028 praeeuntes
3337 961 3605 1018 finitimos

2026 1049 2261 1118 populos
2315 1056 2544 1104 secutos
2582 1065 2706 1106 esse
2745 1050 2908 1106 alios.
2966 1052 3045 1106 Illi
3076 1054 3222 1107 enim
3262 1053 3604 1124 captivitatis

2026 1144 2292 1207 tempore,
2324 1146 2382 1192 et
2427 1144 2635 1193 terram
2686 1139 3017 1204 diviserunt,
3051 1150 3112 1195 ut
3150 1141 3392 1197 dominis
3418 1151 3475 1196 et
3501 1156 3601 1197 co-

2025 1227 2170 1282 lonis
2223 1238 2524 1295 carentem,
2580 1236 2636 1284 et
2695 1238 2879 1287 sortes
2934 1232 3243 1300 miserunt,
3301 1232 3603 1288 divisiones

2024 1319 2278 1375 videlicet
2316 1320 2626 1393 (agrorum)
2671 1322 2975 1390 facientes;
3010 1337 3106 1379 eos
3139 1332 3320 1379 autem
3371 1324 3464 1394 qui
3499 1338 3605 1378 caa-

2025 1410 2150 1465 dem
2178 1411 2512 1483 eﬂ'ugerant,
2559 1414 2947 1483 vendiderunt,
2999 1415 3067 1469 ad
3116 1416 3377 1471 libidines
3416 1422 3471 1470 et
3505 1416 3603 1469 de-

2025 1504 2183 1560 licias
2228 1504 2541 1576 pecuniam,
2600 1521 2725 1576 qua:
2783 1506 2839 1561 in
2879 1508 3112 1576 pretium
3176 1508 3355 1562 soluta
3402 1509 3601 1573 fuerat,

2024 1605 2431 1652 couvertentes.
2462 1595 2598 1651 Illud
2627 1605 2833 1661 autem,
2869 1615 2889 1648 ι
2917 1597 3243 1667 Disceptabo
3271 1612 3369 1666 pro
3404 1596 3606 1667 populo

2025 1701 2168 1752 meo,
2200 1705 2218 1737 ι
2256 1688 2461 1757 posuit,
2501 1694 2562 1742 ut
2599 1688 2848 1753 doceret,
2907 1703 2967 1743 se
2989 1688 3059 1743 ab
3097 1688 3180 1744 eis
3234 1690 3602 1758 repetiturum

2024 1793 2150 1834 esse
2179 1792 2373 1849 poenas
2406 1780 2680 1835 scelerum
2711 1780 2766 1836 in
2815 1780 3076 1851 populum
3133 1794 3293 1835 suum
3342 1781 3605 1836 commis-

336 1871 533 1938 ποινὴν
563 1869 664 1941 τῆς
698 1871 779 1935 είς
823 1871 916 1924 τὸν
957 1870 1085 1927 λαὸν
1130 1871 1499 1944 τολμηθείσης
1546 1874 1913 1944 παρανομίας.

2024 1885 2232 1925 sorum.
2296 1869 2375 1942 [4]
2427 1870 2633 1926 Deinde
2679 1879 2906 1927 accusat
2944 1869 3150 1943 Tyrum
3207 1879 3262 1927 et
3320 1871 3598 1927 Galilaeam

347 1958 630 2014 Ἐντεῦθεν
674 1959 898 2029 ἐγκαλεῖ
938 1963 1005 2031 τῇ
1051 1961 1214 2033 Τύρῳ
1264 1964 1359 2016 καὶ⁵
1384 1967 1450 2035 τῇ
1498 1963 1761 2036 Γαλιλαίᾳ
1810 1966 1919 2018 τῶν

332 2050 650 2119 ἀλλοφύλων
698 2050 872 2124 (χώρα
935 2053 993 2106 δὲ
1041 2052 1181 2123 αὕτη
1238 2055 1337 2124 τῆς
1409 2055 1631 2127 Τύρου),
1690 2058 1772 2110 ὅτι
1827 2057 1921 2110 καὶ

332 2140 476 2211 αὐτὴ
495 2142 539 2173 ’ί
566 2141 676 2197 τῶν
715 2142 891 2196 ταῦτα
933 2142 1249 2213 δρασάντων
1282 2144 1501 2212 ἐγένετο
1522 2185 1538 2211 ,
1585 2146 1921 2218 μνησικακίᾳ

333 2231 481 2285 κατά
508 2228 604 2285 τοῦ
641 2226 772 2288 λαοῦ
819 2232 1165 2306 χρησαμένη.
1216 2234 1603 2305 Οίκειούμενος
1634 2235 1691 2288 δὲ
1731 2236 1801 2290 τά
1838 2238 1919 2300 είς

329 2322 428 2377 τὸν
450 2321 581 2376 λαὸν
611 2323 971 2396 τολμηθέντα,
1004 2325 1109 2398 ἔφη
1143 2342 1158 2358 ο
1197 2345 1217 2379 ι
1250 2328 1342 2397 Μὴ
1385 2328 1740 2399 ἀνταπόδομα
1760 2330 1919 2399 ὑμεῖς

329 2413 713 2468 ἀνταποδίδοτέ
746 2432 877 2485 μοι,
908 2417 942 2487 ἢ
974 2420 1364 2488 μνησικακεῖτε
1394 2419 1551 2489 ὑμεῖς
1580 2423 1667 2473 ἐπ’
1700 2423 1824 2493 ἐμοί
1848 2441 1861 2489 ;
1893 2443 1911 2475 ι

330 2504 548 2577 Ὥσπερ
601 2507 710 2578 γάρ
752 2505 863 2560 τῶν
917 2508 1233 2563 ἀποστόλων
1262 2511 1609 2582 διωκομένων
1660 2515 1767 2568 ὑπὸ
1818 2514 1916 2569 τοῦ

318 2594 562 2664 Σαύλου,
590 2596 797 2652 ἀνωθεν
828 2598 981 2669 ἔλεγε
1001 2616 1014 2630 ⁸
1050 2619 1069 2653 ι
1102 2602 1273 2655 Σαοὺλ
1294 2642 1310 2668 ,
1352 2603 1527 2656 Σαοὺλ
1551 2642 1568 2668 ,
1601 2604 1655 2658 τί
1687 2623 1754 2675 με
1789 2605 1916 2659 διώ-

331 2704 486 2756 κιιςς
524 2709 545 2743 ι
586 2692 764 2746 οίκετα
804 2692 953 2763 πάθη
989 2693 1172 2749 καλῶν
1203 2694 1272 2749 τὰ
1304 2697 1425 2750 κατ’
1453 2698 1678 2753 ἐκείνων
1706 2698 1914 2768 τολμώ-

330 2797 472 2850 μενα
493 2797 509 2810 ⁸
532 2780 707 2844 οὕτως
724 2782 985 2850 ἐνταῦθα,
1020 2784 1156 2855 πρὸς
1184 2784 1282 2856 τὴν
1306 2785 1480 2857 Τύρον
1510 2789 1913 2861 διαλεγόμενος,

324 2871 392 2924 τὸ
443 2873 735 2942 πρόσωπον
784 2876 1045 2948 ἀνείληφε
1096 2878 1190 2932 τοῦ
1234 2878 1366 2932 λαοῦ
1394 2920 1409 2945 ,
1441 2881 1536 2935 καὶ
1585 2884 1667 2944 είς
1717 2885 1913 2937 ἑαυτὸν

325 2963 599 3033 ἀνήνεγκε
630 2964 700 3018 τά
726 2968 845 3020 κατ’
877 2969 1089 3022 ἐκείνου
1130 2972 1413 3042 γινόμενα.
1458 2972 1696 3027 Ἀπειλεῖ
1725 2976 1782 3030 δὲ
1812 2977 1911 3029 αύ-

325 3054 444 3114 τοῖς
463 3052 560 3123 τὴν
578 3054 839 3125 ταχίστην
863 3056 1119 3110 ἀπόδοσιν
1141 3059 1208 3123 ⁹²,
1234 3063 1333 3131 τῆς
1360 3063 1439 3126 είς
1459 3061 1550 3116 τὸν
1574 3063 1702 3117 λαὸν
1732 3083 1912 3135 παρα-

322 3145 521 3260 vitalia;
563 3147 660 3260 τὴῖ
706 3147 923 3260 δικαίαν
970 3150 1263 3206 ἀντίδοσιν.
1313 3150 1449 3209 Είτα
1486 3156 1637 3225 λέγει
1689 3158 1908 3229 καὶτῆς
1941 3202 1984 3260 c

323 3236 539 3295 ἀδικίας
578 3238 648 3293 τά
681 3240 819 3311 εἴδη.
853 3242 1128 3306 Λαὸόντες
1153 3244 1259 3316 γὰρ
1281 3284 1298 3310 ,
1334 3247 1471 3316 φησὶ
1494 3287 1510 3312 ,
1537 3247 1598 3300 τὸ
1623 3248 1909 3320 ἀργύριον,

326 3329 426 3381 καὶ
460 3328 520 3382 τὸ
544 3329 765 3400 χρυσίον
803 3348 929 3400 μου,
962 3332 1053 3386 καὶ
1073 3334 1143 3388 τά
1172 3334 1307 3388 ἀλλα
1334 3337 1406 3390 τά
1440 3338 1775 3409 ἀνακείμενά
1799 3358 1911 3406 μοι,

325 3422 411 3482 είς
439 3420 564 3483 τοὺς
588 3419 696 3473 τῶν
724 3421 958 3475 εἰδώλων
986 3422 1139 3493 ὑμῶν
1168 3424 1529 3494 είσηνέγκατε
1560 3426 1722 3488 ναούς
1742 3444 1756 3458 ·
1786 3429 1914 3489 τοὺς

324 3511 385 3565 δὲ
412 3510 775 3579 διαφυγόντας
822 3513 930 3567 τῶν
980 3514 1341 3570 Βαϐυλωνίων
1390 3517 1489 3588 τὴν
1542 3517 1728 3588 ἔφοδον
1784 3521 1915 3572 ’1ου-

323 3601 511 3665 δαίούς
551 3606 663 3666 τοῖς
697 3606 831 3667 υἱοῖς
861 3605 971 3658 τῶν
1012 3606 1279 3677 Ἑλλήνων
1318 3609 1610 3675 ἀπέδοσθε,
1648 3610 1745 3663 ένα
1792 3629 1914 3665 σκο-

326 3691 431 3745 πὸν
464 3691 699 3762 ἔχοντες,
725 3692 868 3747 ὥστε
895 3695 1087 3767 πόρρω
1110 3697 1308 3762 αὐτοὺς
1337 3698 1436 3770 τῆς
1465 3700 1557 3753 ὑπ’
1585 3700 1718 3771 ἐμοῦ
1744 3701 1915 3755 δοθεί-

330 3798 433 3851 σης
473 3784 655 3847 αὐτοῖς
714 3787 1057 3856 καταστῆσαι
1121 3788 1243 3859 γῆς.
1306 3791 1443 3844 Ἀλλ’
1494 3792 1605 3860 ἐγὼ
1650 3793 1915 3846 πάντοθεν

329 3872 531 3938 αὐτοὺς
580 3877 981 3947 συναθροίσας,
1040 3875 1198 3945 αὖθις
1245 3884 1444 3947 αὐτοὺς
1495 3887 1913 3955 ἀνακτήσασθαι

327 3963 430 4036 τὴν
457 3966 662 4021 οίκείαν
690 3970 1101 4041 παρασκευάσω
1131 3973 1380 4044 δύναμιν,
1421 3974 1562 4029 ὥστε
1588 3977 1732 4047 ὑμᾶς
1762 3978 1913 4031 ὲνδέ-

325 4074 442 4122 κως
467 4059 802 4129 ἀμύνασθαι,
837 4064 933 4116 καὶ⁵
960 4063 1259 4117 καταλῦσαι
1283 4064 1381 4135 τὴν
1413 4066 1687 4137 ὑμετέραν
1715 4068 1909 4138 ὀφρὺν,

325 4150 426 4205 καὶ
455 4150 942 4225 ὲξανδραποδίσαι,
999 4157 1094 4210 καὶ
1147 4159 1227 4220 εἰς
1282 4158 1381 4223 τὰς
1424 4159 1526 4227 τῆς
1585 4160 1912 4229 οἰκουμένης

323 4244 585 4312 ἐσχατιὰς
645 4244 958 4312 ἀναγκάσαι
1012 4246 1304 4302 δουλεύειν.
1390 4248 1523 4301 ’Λπδ
1576 4250 1676 4319 τῆς
1730 4248 1910 4320 Τύρου

324 4332 492 4387 πάλιν
540 4336 620 4398 είς
668 4336 736 4389 τὰ
768 4336 1011 4389 Σκυθικά
1054 4336 1153 4408 τὴν
1202 4340 1541 4409 προφητείαν
1585 4342 1908 4411 μετήνεγκε,

2023 1961 2457 2034 alienigenarum
2494 1964 2632 2029 (lucc
2684 1980 2813 2019 vero
2839 1962 2964 2034 Tyri
3013 1970 3098 2019 est
3137 1964 3335 2033 regio),
3370 1961 3517 2033 quod
3546 1974 3601 2019 et

2024 2054 2142 2123 ipsa
2202 2069 2392 2109 eorum
2437 2053 2491 2109 in
2546 2070 2778 2110 numero
2826 2062 2974 2110 esset
3033 2055 3127 2126 qui
3173 2054 3290 2109 haec
3342 2056 3595 2124 agebant,

2022 2145 2162 2198 iram
2195 2144 2249 2199 in
2278 2144 2445 2199 corde
2472 2144 2717 2200 retinens
2765 2144 3032 2201 adversus
3069 2146 3354 2217 pepulum.
3379 2146 3458 2201 Ac
3489 2148 3598 2202 sibi

2021 2234 2333 2291 attribuens
2360 2251 2422 2291 ea
2445 2251 2568 2307 quae
2606 2236 2660 2290 in
2704 2235 2963 2308 populum
3000 2236 3221 2291 fuerant
3273 2237 3597 2304 commissa,

2021 2326 2103 2382 sic
2139 2326 2259 2380 ait:
2309 2344 2329 2377 ι
2391 2325 2655 2395 Nunquid
2718 2326 3142 2382 retributionem
3182 2342 3282 2383 vos
3364 2327 3600 2385 redditis

2018 2417 2176 2483 mihi,
2214 2424 2311 2471 aut
2338 2417 2474 2471 iram
2520 2419 2575 2471 in
2602 2418 2769 2473 corde
2800 2418 3053 2473 retinetis
3102 2419 3372 2475 adversus
3403 2420 3534 2475 me?
3572 2437 3593 2472 ι

2019 2508 2495 2574 Quemadmodum
2550 2508 2720 2573 enim,
2752 2523 2879 2562 cum
2921 2508 3131 2565 Saulus
3156 2511 3441 2580 apostolos
3476 2525 3598 2580 per-

2018 2604 2368 2666 sequeretur,
2412 2597 2651 2666 desuper
2712 2597 2894 2653 dixit:
2928 2616 2947 2649 ι
2980 2598 3169 2665 Saule,
3219 2598 3410 2666 Saule,
3462 2598 3597 2669 quid

2016 2703 2104 2743 me
2131 2688 2527 2758 persequeris!
2556 2688 2582 2741 ?
2619 2708 2637 2740 ›
2677 2703 2809 2744 suas
2841 2687 3027 2745 clades
3047 2704 3254 2745 vocans
3298 2705 3363 2745 ea
3397 2704 3521 2760 quae
3543 2691 3597 2743 in

2016 2780 2143 2834 illos
2192 2779 2605 2834 attentabantur
2638 2798 2654 2836 :
2686 2780 2767 2836 sic
2793 2780 2861 2835 ad
2921 2779 3127 2851 Tyrum
3191 2781 3282 2836 bic
3315 2782 3486 2836 verba
3519 2781 3601 2834 fa-

2015 2872 2189 2935 ciens,
2225 2885 2517 2941 personam
2554 2870 2746 2942 populi
2798 2872 3028 2941 recepit,
3076 2879 3133 2927 et
3184 2871 3253 2926 ad
3298 2886 3358 2928 se
3411 2872 3601 2927 retulit

2015 2978 2140 3034 qua:
2163 2964 2219 3018 in
2261 2963 2525 3034 populum
2556 2963 3076 3019 committebantur.
3129 2963 3370 3019 Minatur
3412 2972 3596 3018 autem

2017 3057 2151 3120 illis,
2212 3071 2274 3112 se
2334 3056 2742 3126 quamprimum
2797 3055 3094 3111 admissam
3134 3057 3205 3112 ab
3253 3056 3335 3111 eis
3398 3064 3597 3110 contra

2020 3146 2230 3222 1503
2279 3148 2541 3218 populum
2607 3146 2953 3218 iniquitatem
3020 3147 3172 3217 ju5la
3236 3147 3602 3203 retributione

2018 3247 2504 3309 compensaturum
2554 3254 2700 3293 esse.
2760 3238 2962 3293 Postea
3018 3239 3330 3308 iniquitatis
3377 3252 3600 3308 quoque

2018 3329 2232 3398 species
2281 3328 2524 3397 exponit.
2561 3326 2708 3399 [5-8]
2765 3327 3118 3396 Accipientes
3164 3326 3351 3391 enim,
3392 3327 3595 3396 inquit,

2017 3427 2306 3489 argentum
2338 3426 2392 3473 et
2421 3433 2620 3473 aurum
2655 3434 2857 3485 meum,
2887 3418 3107 3487 aliaque
3150 3418 3285 3472 mibi
3316 3417 3595 3481 dedicata,

2016 3511 2072 3565 in
2109 3509 2382 3564 idolorum
2436 3519 2745 3565 vestrorum
2796 3510 3003 3579 templa
3051 3509 3416 3564 transtulistis
3454 3507 3597 3563 :Ju-

2015 3602 2166 3658 datos
2195 3618 2348 3666 vero,
2391 3603 2484 3673 qui
2514 3601 2948 3674 Babyloniorum
2978 3602 3241 3672 impetqu
3263 3600 3590 3673 eﬂ'ugerant,

2020 3694 2145 3750 liliis
2178 3690 2493 3748 Graecorum
2525 3691 2879 3757 vendidistis,
2906 3690 3011 3745 hoc
3056 3706 3225 3745 unum
3252 3697 3591 3760 spectantes,

2018 3795 2077 3840 ut
2110 3785 2306 3856 procul
2343 3802 2375 3840 a
2416 3793 2565 3841 terra
2602 3784 2741 3855 ipsis
2768 3790 2781 3804 '
2810 3798 2839 3839 a
2871 3799 2958 3838 me
2990 3783 3118 3838 data
3148 3797 3245 3838 eos
3301 3782 3597 3838 submove-

2018 3879 2169 3934 retis.
2218 3876 2422 3934 Verum
2470 3893 2571 3949 ego
2629 3878 2873 3948 undique
2938 3877 3063 3932 illos
3116 3889 3489 3947 congregans,
3541 3879 3599 3927 ut

2016 3970 2160 4025 vires
2195 3984 2328 4024 suas
2355 3968 2535 4024 denuo
2558 3979 2887 4038 recuperent
2920 3967 3174 4033 etliciam,
3205 3954 3465 4036 atque'ut
3495 3978 3594 4019 vos

2010 4060 2136 4131 jure
2184 4060 2551 4122 ulciscantur,
2604 4069 2661 4113 et
2695 4059 3053 4130 supercilium
3111 4065 3357 4113 vestrum
3408 4056 3594 4126 depri-

2015 4161 2189 4215 mant,
2230 4151 2592 4221 captivosque
2637 4166 2734 4205 vos
2789 4150 3014 4216 faciant,
3062 4157 3229 4218 atque
3280 4150 3333 4202 in
3382 4147 3593 4202 ultimis

2015 4253 2173 4298 terra:
2208 4243 2410 4299 finibus
2440 4242 2648 4297 servire
2676 4250 2899 4312 cogant.
2937 4238 3016 4313 [9]
3051 4242 3091 4293 Δ
3124 4238 3271 4312 Tyro
3295 4254 3491 4294 rursus
3522 4236 3591 4293 ad

2012 4343 2206 4404 gentes
2262 4331 2553 4404 Scythicas
2606 4329 2951 4402 prephetiam
3007 4330 3407 4391 convertitget
3438 4327 3596 4397 jubet

323 4424 425 4477 καὶ
462 4424 674 4479 κελεύει
706 4425 944 4496 κηρῦξαι
970 4430 1084 4492 τοῖς
1118 4429 1319 4492 ἔθνεσι,
1357 4431 1450 4484 καὶ
1483 4432 1750 4502 διεγεῖραι
1782 4432 1910 4496 τοὺς

2020 4426 2320 4496 praedicare
2342 4424 2623 4496 gentibus,
2660 4430 2719 4476 ut
2745 4422 2988 4477 excitent
3018 4429 3373 4493 pugnatores,
3407 4428 3462 4474 et
3503 4436 3593 4476 sc-

322 4515 620 4586 μαχητὰς,
670 4517 765 4569 καὶ
820 4517 1079 4587 ἀφορίσαι
1136 4519 1217 4582 είς
1263 4519 1500 4589 πόλεμον
1525 4537 1539 4552 ⁸
1590 4521 1750 4575 τοῦτο
1808 4520 1911 4591 γάρ

2020 4526 2246 4590 gregeut
2278 4517 2330 4570 in
2362 4515 2567 4571 bellum
2606 4534 2619 4568 :
2655 4516 2760 4570 hoc
2804 4515 2954 4570 enim
2986 4513 3202 4567 vocavit
3233 4511 3590 4579 sancti/imre.

326 4606 588 4659 ἐκάλεσεν
618 4607 882 4677 ἁγιάσαι.
914 4608 1133 4680 Ἐπειδὴ
1167 4610 1277 4680 γὰρ
1316 4610 1344 4662 ὁ
1381 4611 1535 4679 ἅγιος
1565 4611 1674 4664 τῶν
1699 4612 1911 4679 ἐναγῶν

2020 4611 2157 4678 Quia
2187 4607 2335 4663 enim
2392 4614 2621 4661 sanctus
2672 4605 2913 4676 seipsum
2947 4620 2977 4658 a
3024 4603 3192 4659 rebus
3238 4601 3470 4673 impuris
3506 4614 3597 4654 se-

324 4697 518 4752 έαυτὸν
558 4698 810 4770 ἀφορίζει
849 4702 1228 4772 πραγμάτων,
1260 4705 1369 4756 πᾶν
1403 4703 1464 4755 τὸ
1497 4703 1579 4767 εἷς
1617 4721 1669 4757 τι
1715 4705 1910 4774 ἀφορι-

2020 4712 2196 4777 parat,
2252 4717 2414 4757 omne
2468 4700 2616 4771 quod
2677 4699 2753 4754 rei
2810 4698 3047 4768 cuipiam
3104 4695 3437 4750 destinatum
3487 4702 3597 4756 est,

326 4790 554 4860 ζόμενον
588 4792 830 4863 ἁγιάσαι
860 4795 1047 4848 καλεῖν
1085 4793 1258 4857 οὓτως
1286 4797 1375 4849 καὶ
1400 4795 1534 4858 ἄνω,
1566 4795 1907 4866 Ἃγιὰσατε,

2020 4795 2412 4865 sanctiﬁcatum
2438 4803 2616 4847 vocat.
2648 4790 2739 4846 Sic
2765 4805 2955 4860 supra,
2988 4788 3354 4856 Sanctiﬁcate,
3391 4786 3593 4855 inquit,

324 4881 455 4953 ἔφη,
472 4888 783 4951 νηστείαν,
799 4886 1096 4952 τουτέστιν,
1123 4887 1470 4958 Ἀφορίσατε.
1496 4887 1604 4939 Καὶ
1627 4888 1655 4939 ὁ
1688 4886 1912 4949 Ἡσαΐας

2020 4890 2300 4959 iejunium,
2333 4886 2437 4940 hoc
2483 4891 2592 4950 est,
2627 4881 2967 4938 constituite.
3022 4879 3088 4933 Et
3120 4878 3290 4934 Isaias
3322 4876 3391 4932 de
3420 4875 3595 4948 Baby~

325 4976 458 5043 περὶ
482 4976 593 5029 τῶν
624 4978 986 5032 Βαὸυλωνίων
1011 4994 1023 5006 ⁸
1058 4997 1076 5029 ι
1119 4978 1472 5047 Ἥγιασμένοι
1500 4978 1634 5040 είσὶ,
1676 4981 1768 5032 καὶ
1797 4978 1910 5047 ἐγὼ

2020 4981 2184 5034 Ioniis
2226 4978 2393 5033 verba
2442 4975 2694 5031 faciens:
2727 4992 2745 5024 ι
2790 4971 3134 5027 Sanctificati
3180 4979 3334 5034 sunt,
3389 4970 3591 5038 inquit,

319 5066 448 5134 ἄγω
494 5068 730 5131 αὐτούς’
773 5087 791 5121 ι
821 5068 944 5124 ἀντὶ
990 5068 1086 5121 τοῦ
1112 5109 1128 5133 ,
1178 5069 1258 5131 είς
1304 5068 1465 5123 τοῦτο
1510 5070 1907 5141 ἀφωρισμένοι.

2020 5083 2069 5126 et
2099 5087 2201 5140 ego
2240 5070 2382 5124 duco
2410 5068 2552 5125 eosh
2584 5085 2597 5120 :
2635 5086 2652 5118 ι
2692 5067 2795 5120 hoc
2827 5073 2934 5127 est,
2972 5065 3037 5119 ad
3069 5064 3120 5117 id
3154 5062 3393 5134 separati
3443 5072 3593 5116 sunt.

323 5153 465 5213 Εἶτα
517 5159 731 5214 κελεύει
787 5159 857 5215 τά
913 5158 1199 5233 γεωργικά
1243 5158 1452 5229 ὄργανα
1502 5163 1583 5225 εἰς
1638 5162 1910 5233 πολεμικά

2020 5162 2247 5238 [10,Η]
2278 5161 2443 5218 Jubet
2494 5160 2727 5221 deinde.
2767 5166 2827 5213 ut
2875 5157 3247 5212 instrumenta
3298 5156 3507 5210 rustica
3546 5155 3599 5207 in

328 5251 783 5317 μετασκευάσαι,
840 5252 935 5306 καὶ
972 5252 1069 5306 τὸν
1113 5250 1356 5315 ἀσθενῶς
1406 5250 1783 5323 διακείμενον,
1832 5256 1908 5322 ὡς

2020 5257 2275 5312 bellicum
2319 5268 2478 5309 usum
2523 5248 2884 5316 transferant,
2934 5255 2991 5303 ct
3038 5254 3097 5301 ut
3142 5246 3399 5302 infirmus
3455 5245 3601 5299 sicut

398 5441 426 5471 II
461 5429 581 5484 Act.
616 5447 690 5495 Ix,
720 5429 775 5484 ι.
852 5430 881 5470 δ
909 5428 1012 5485 lsa.
1049 5430 1243 5496 xm,5.

1607 5585 1849 5641 VAKIE
1892 5585 2304 5642 LECTIONES.

424 5697 470 5729 ”
501 5695 644 5774 Edit_.
683 5700 837 5774 prior
873 5698 1020 5774 hab_._
1053 5700 1469 5774 καταδιείλοντο.
1523 5703 1597 5757 Ita
1639 5719 1858 5774 quoque
1888 5712 2011 5774 post
2043 5718 2235 5773 pauca.
2334 5702 2439 5760 ὀὒ
2473 5701 2843 5766 δαπανῶντες.

327 5767 409 5823 ita
448 5784 574 5826 cum
602 5768 646 5824 (ἶ.
679 5770 933 5840 legimus.
966 5768 1134 5827 Sirm.
1179 5771 1498 5843 ἀποδώσειν,
1534 5767 1806 5831 commate
1839 5767 1908 5831 ad
1933 5767 2115 5840 αὐτοῖς
2144 5775 2346 5845 posito.

2956 5701 2998 5736 "
3053 5699 3127 5756 Ib.
3160 5697 3318 5769 αὕτη.
3420 5694 3465 5729 ⁵⁸
3491 5693 3590 5749 ἀπ.
