4088 6410
591 343 726 410 1659

1566 344 2056 405 THEODORETI
2078 342 2418 402 EPISCOPI
2441 341 2806 403 CYRENSIS

3689 341 3804 408 1660

585 459 848 512 robustus
899 456 966 512 ad
1012 457 1214 513 bellum
1274 457 1601 520 instruatur,
1645 469 1699 512 et
1753 458 2164 513 mansuetudini

2273 457 2556 526 ῥωμαλέον
2583 459 2662 520 εἰς
2691 457 2789 528 τὴν
2819 453 3124 528 παράταξιν
3163 454 3595 527 εύτρεπίσασθαι,
3621 457 3806 515 καὶτὸν

584 560 864 615 assuetus,
882 552 1132 620 protinus
1152 550 1494 614 immutatus,
1517 564 1578 604 se
1599 558 1885 605 strenuum
1916 557 2162 620 praestet,

583 656 887 710 omnesque
917 640 984 693 ad
1022 641 1216 694 vallem
1253 638 1518 709 Josapbat
1557 649 1984 712 congregemur.

659 815 826 869 Vens.
855 816 940 870 12.
981 833 1000 866 ι
1032 815 1170 882 Quia
1204 816 1300 877 ibi,
1333 817 1536 886 inquit,
1576 818 1802 882 sedebo,
1837 827 1896 873 ut
1921 819 2162 889 judiccm

585 922 776 960 omnes
805 915 994 975 gentes
1019 905 1073 959 in
1115 907 1373 962 circuitu.
1405 927 1423 959 ι
1472 907 1584 963 Hoc
1629 918 1736 973 est,
1767 910 1918 967 circa
1963 911 2164 965 Hiero-

585 998 851 1067 solymam
890 997 1228 1063 habitantes,
1267 997 1560 1062 Idumaeos,
1591 999 1958 1067 Ammanitas,
2017 1001 2167 1057 Moa-

585 1089 750 1150 llilﬂs,
795 1087 1010 1160 1404
1049 1089 1404 1155 Amaleeitas,
1435 1088 1785 1162 Allophylos,
1815 1091 2034 1163 Tyrios,
2071 1091 2164 1146 Si-

583 1177 802 1233 donios.
847 1179 910 1233 lli
953 1184 1100 1234 enim
1159 1179 1445 1252 Scythicas
1501 1183 1666 1237 etiam
1726 1193 1918 1253 gentes
1971 1194 2164 1239 contra

583 1265 1023 1339 Hierosolymam
1048 1279 1482 1339 congregarunt.
1522 1270 1637 1343 [ίό]
1690 1271 1896 1328 Deinde
1929 1273 2165 1344 ﬁgurate

583 1359 782 1414 horum
815 1363 1249 1417 internecionem
1289 1363 1568 1429 deridcns,
1602 1363 1806 1417 caedem
1843 1365 2164 1419 vindemiam

585 1457 778 1516 vocat;
814 1450 978 1518 [alces
999 1465 1150 1514 vero,
1177 1451 1366 1506 hastas
1399 1461 1452 1506 et
1481 1451 1717 1522 gladios,
1747 1454 1950 1522 quibus
1978 1455 2165 1509 necati

586 1539 850 1607 fuerunt;
882 1542 1120 1595 torcular
1147 1550 1328 1596 autem
1356 1550 1412 1596 et
1437 1542 1633 1604 lacum,
1680 1544 1875 1600 vallem
1937 1544 2162 1598 illorum

588 1632 862 1700 sanguine
911 1631 1148 1700 plenam.
1211 1630 1277 1683 Et
1326 1647 1549 1686 causam
1614 1634 1877 1698 ultionis,
1937 1653 1956 1686 ‹
2021 1634 2162 1701 Quia

585 1722 861 1789 completa
906 1731 1057 1783 sunt,
1093 1722 1295 1790 inquit,
1351 1724 1492 1776 mala
1528 1739 1742 1780 eorum.
1786 1745 1804 1776 ι
1835 1724 2042 1782 Deinde
2070 1734 2164 1780 tu-

585 1813 817 1864 multum
849 1825 973 1864 cum
1001 1810 1244 1867 caedibus
1289 1813 1649 1881 conjunctum
1684 1815 1948 1884 depingit.

654 1901 820 1957 Vens.
849 1903 935 1958 14.
963 1923 980 1954 ι
1006 1903 1233 1957 Sonitus
1252 1905 1493 1958 exauditi
1523 1914 1654 1961 sunt
1686 1906 1740 1960 in
1771 1906 2118 1976 vallejudicii
2146 1927 2157 1961 :

583 1995 713 2062 quia
746 1994 1090 2064 propinquus
1130 2003 1215 2052 est
1239 1996 1359 2051 dies
1390 1996 1633 2062 Domini,
1657 1997 1712 2052 in
1736 1999 1875 2054 valle
1905 1999 2157 2069 iudicii.»

598 2084 802 2140 Vallem
838 2103 968 2142 vero
1019 2087 1216 2156 iudicii
1247 2088 1472 2143 vocavit
1511 2090 1709 2145 vallem
1763 2089 2055 2160 Josaphat,
2104 2098 2164 2145 ut

585 2191 711 2241 quae
773 2175 1044 2245 judicium
1109 2185 1162 2233 et
1184 2178 1518 2234 sententiam
1589 2178 1646 2234 in
1702 2178 1827 2235 illos
1892 2183 2160 2250 suscepit.

587 2263 705 2337 [l5]
755 2267 937 2321 Solem
997 2282 1164 2337 porro
1227 2267 1385 2333 dicit,
1437 2277 1493 2324 et
1548 2270 1757 2333 lunam,
1809 2271 2165 2340 reliquasque

584 2357 794 2420 Stellas,
826 2357 1031 2414 lumine
1064 2359 1337 2429 privatum
1382 2361 1474 2414 iri.
1503 2361 1582 2416 Ac
1606 2361 1910 2418 verisimile
1941 2363 2160 2432 quidem

581 2456 666 2501 est
703 2447 807 2502 hoc
843 2449 1026 2520 reipsa
1058 2449 1331 2517 futurum,
1363 2449 1476 2508 Deo
1523 2451 1578 2506 in
1610 2467 1706 2508 eos
1744 2467 1962 2509 omnem
2005 2469 2164 2508 crea-

583 2547 762 2593 turam
797 2552 1200 2597 commovente.
1253 2540 1442 2598 Potest
1492 2552 1672 2600 tamen
1699 2553 1754 2601 et
1787 2545 1898 2600 alia
1946 2548 2165 2602 ratione

584 2629 837 2702 intelligi.
873 2633 994 2686 Vita
1017 2633 1166 2688 enim
1189 2631 1471 2691 defunctis
1502 2643 1558 2691 et
1587 2637 1820 2705 occisis,
1849 2653 2027 2708 neque
2056 2639 2163 2703 sol,

582 2737 762 2792 neque
821 2723 972 2786 luna,
1036 2739 1215 2794 neque
1270 2724 1381 2779 ulla
1431 2740 1498 2782 ex
1549 2727 1730 2784 stellis
1777 2729 1921 2784 lucis
1977 2729 2163 2784 radios

582 2813 848 2866 innuittit.
892 2814 957 2866 Et
982 2828 1118 2868 vero
1142 2814 1450 2884 repentinis
1492 2817 1657 2871 malis
1691 2819 1945 2888 oppressi
1993 2819 2052 2875 in
2079 2828 2163 2875 te-

584 2903 775 2960 nebris
807 2903 1103 2975 degebant,
1134 2904 1281 2961 diem
1327 2913 1547 2962 noctem
1575 2908 1986 2965 existimantes.

659 3171 822 3226 Vens.
859 3169 944 3225 16.
985 3189 1004 3223 ι
1040 3169 1305 3229 Dominus
1341 3181 1522 3228 autem
1563 3174 1632 3231 de
1666 3174 1836 3232 Sione
1879 3176 2163 3243 clamabit,

585 3273 724 3319 etcx
778 3263 1155 3336 Hierosolyma
1193 3266 1346 3321 dabit
1398 3283 1587 3321 vocem
1623 3283 1783 3322 suam
1824 3288 1837 3323 :
1875 3279 1930 3324 et
1982 3286 2166 3326 move-

586 3353 734 3409 bitur
763 3356 967 3411 caelum
1000 3365 1058 3411 et
1096 3364 1242 3411 terra
1269 3375 1284 3422 ;
1308 3364 1362 3412 et
1387 3359 1403 3376 ‘
1444 3357 1712 3415 Dominus
1744 3369 1932 3430 parcet
1959 3363 2165 3433 p0pulo

584 3461 709 3501 suo.
750 3465 769 3498 ι
802 3445 898 3501 llis
946 3448 1114 3504 etiam
1178 3448 1559 3514 demonstrat,
1613 3451 1704 3504 illa
1762 3467 1954 3507 revera
2019 3453 2165 3508 facta

587 3535 795 3602 fuisse;
831 3553 954 3590 nam
989 3553 1166 3591 vocem
1204 3548 1366 3592 vocat
1400 3541 1606 3593 tonitru
1641 3559 1655 3595 :
1691 3541 1774 3596 sic
1805 3543 1952 3596 enim
2003 3559 2166 3597 voca-

584 3631 703 3678 tum
740 3626 794 3679 in
840 3627 1000 3682 libris
1050 3625 1366 3696 Regnorum
1408 3629 1720 3686 invenimus
1753 3647 1767 3685 :
1797 3650 1816 3682 ι
1859 3631 2031 3696 Fecit,
2078 3634 2164 3688 in~

585 3719 729 3786 quit,
761 3716 1031 3773 Dominus
1058 3733 1226 3774 voces
1251 3727 1305 3773 et
1335 3721 1576 3789 pluviam
1609 3733 1656 3777 ο.
1710 3741 1727 3774 ι
1769 3723 1934 3779 Docet
1958 3725 2164 3796 itaque,

589 3807 834 3861 futurum
875 3817 931 3862 ut
962 3809 1259 3866 tonitribus
1299 3811 1418 3867 suis
1459 3811 1671 3883 1405
1705 3813 2158 3886 circumstrepet,

587 3907 644 3954 et
669 3908 829 3954 terra:
865 3901 1108 3956 motibus
1135 3903 1441 3969 concutiat,
1475 3905 1760 3976 plagisque
1793 3908 2010 3962 caelitus
2046 3910 2166 3965 illa-

587 3992 661 4046 tis
694 3991 941 4047 funditus
974 3993 1186 4063 perdat.
1219 3994 1346 4050 Haec
1378 4006 1560 4050 autem
1599 3998 1849 4052 omnium
1899 3998 2167 4058 Dominus

589 4082 843 4139 facturus
864 4092 970 4146 est,
993 4086 1377 4142 misericordia
1403 4086 1460 4141 in
1493 4089 1755 4158 populum
1781 4106 1942 4144 suum
1970 4101 2164 4148 utens:

590 4181 651 4228 ut
685 4175 790 4230 hac
826 4175 1015 4234 fruens
1064 4180 1431 4248 providentia,
1461 4192 1784 4254 cognoscat,
1819 4185 2018 4257 inquit,

662 4349 826 4407 Vens.
870 4353 958 4408 l7.
1001 4373 1018 4406 ι
1055 4354 1215 4422 Quod
1250 4373 1353 4429 ego
1393 4361 1498 4413 sim
1553 4358 1820 4416 Dominus
1869 4361 2032 4430 Deus,
2068 4363 2159 4418 ha-

2267 546 2535 617 πραὸτήτι
2572 545 2838 612 συζῶντα,
2883 544 3292 616 μεταθληθέντα
3339 545 3622 616 προθύμως
3667 549 3805 619 ἀνδρ-

2265 637 2656 706 αγαθίζεσθαι·
2692 637 2900 702 πάντας
2940 637 2996 692 δὲ
3034 639 3114 701 εἰς
3135 641 3234 705 τὴν
3261 635 3478 690 κοιλάδα
3513 637 3600 690 τοῦ
3641 639 3806 694 Ἰωσα-

2266 729 2374 797 φάτ
2401 728 2866 797 συναθροίζεσθαι.
2968 799 2973 804 Ξ

2341 817 2426 886 ιβ’.
2467 837 2484 870 ι
2511 818 2634 870 Ὅτι
2663 819 2779 870 ἐκεῖ
2798 857 2814 881 ,
2848 817 3002 886 φησὶ,
3035 815 3244 869 καθίσω
3263 816 3333 882 ’³,
3365 815 3627 888 διακρῖναι
3651 817 3807 871 πάντα

2265 906 2333 958 τά
2373 905 2498 976 ἔθνη
2527 905 2809 959 κυκλόθεν.
2841 925 2859 956 ι
2887 905 3168 971 Τουτέστι,
3201 904 3270 959 τά
3291 904 3478 974 κύκλῳ
3497 905 3593 974 τῆς
3628 906 3805 974 Ἰερου-

2269 995 2451 1066 σαλὴμ.
2481 995 2756 1061 οίκοῦντα,
2811 996 3163 1066 Ἰδουμαίους,
3215 996 3573 1066 Ἀμμανίτας,
3611 999 3810 1052 Μωαϐί-

2267 1107 2384 1152 τας,
2423 1088 2815 1159 ’Λμαληκίτας,
2851 1088 3230 1157 Ἀλλοφύλους,
3253 1088 3505 1158 Τυρίους,
3532 1089 3807 1154 Σιδωνίους·

2265 1174 2414 1232 οὗτοι
2450 1181 2561 1250 γὰρ
2590 1181 2658 1236 τὰ
2691 1180 2932 1234 Σκυθικὰ
2974 1181 3114 1234 κατὰ
3143 1179 3251 1232 τῶν
3289 1179 3668 1250 Ἱεροσολύμων
3699 1179 3810 1252 ἔθνη

2269 1272 2648 1342 συνήθροισαν.
2693 1268 2826 1326 Εἶτα
2857 1271 3134 1342 τροπικῶς
3173 1270 3381 1325 τούτων
3419 1271 3518 1340 τὴν
3557 1271 3814 1342 ἀναίρεσιν

2265 1360 2554 1430 κωμῳδῶν
2574 1401 2588 1425 ,
2637 1362 2934 1432 τρυγητὸν
2974 1361 3072 1432 μὲν
3110 1360 3265 1414 καλεῖ
3304 1360 3402 1428 τὴν
3434 1361 3672 1430 σφαγὴν,
3704 1361 3816 1430 δρέ-

2265 1471 2427 1507 πανα
2459 1453 2516 1507 δὲ
2540 1455 2608 1507 τὰ
2639 1453 2857 1522 δόρατα,
2881 1453 2976 1506 καὶ
2999 1451 3069 1505 τὰ
3097 1451 3244 1520 ξίφη,
3275 1451 3341 1504 δι’
3366 1446 3440 1503 ὧν
3468 1451 3814 1523 ἀνῃρέθησαν

2263 1546 2458 1611 ληνὸν
2488 1545 2543 1598 δὲ
2587 1545 2682 1598 καλ⁵
2713 1544 3050 1610 ὑπολήνιον
3070 1583 3084 1607 ,
3113 1544 3211 1614 τὴν
3256 1543 3516 1613 φάραγγα
3541 1543 3643 1594 τῶν
3673 1543 3817 1612 αἱμά-

2263 1652 2374 1688 των
2428 1636 2652 1702 ἐκείνων
2701 1634 3164 1707 πεπληρωμένην.
3211 1634 3322 1686 Καὶ
3370 1633 3468 1703 τὴν
3523 1632 3692 1688 αἰτίαν
3736 1633 3817 1701 τῆς

2265 1726 2532 1796 τιμωρίας
2553 1743 2567 1757 ο
2599 1747 2616 1778 ι
2642 1728 2762 1780 Ὀτι
2787 1725 3119 1796 ἐπληθύνθη,
3151 1725 3310 1794 φησὶ,
3336 1725 3405 1779 τὰ
3433 1725 3572 1778 κακὰ
3595 1724 3774 1778 αὐτῶν.
3797 1743 3812 1776 ι

2195 1792 2238 1847 Β
2266 1792 2398 1870 Είτα
2415 1792 2518 1872 -τδν
2549 1817 2607 1869 έν
2639 1819 2756 1879 ταῖς
2784 1792 3017 1884 σφαγαῖς
3043 1792 3292 1886 θύρυόον.

2341 1909 2422 1964 ιδ’.
2470 1928 2489 1961 ι
2525 1904 2689 1979 *Ηχοι
2725 1909 2999 1979 ἐξήχησαν
3046 1909 3104 1960 ὲν
3139 1910 3206 1979 τῇ
3261 1906 3472 1960 κοιλάδι
3523 1906 3617 1977 τῆς
3647 1906 3814 1976 δίκης⁶

2264 2000 2346 2053 ὅτι
2376 2001 2545 2068 ἐγγὺς
2579 1999 2762 2069 ἡμέρα
2783 2001 2830 2032 ’⁵
2873 2000 2967 2053 τοῦ
3007 2000 3212 2070 Κυρίου
3259 1999 3319 2050 ἐν
3370 2000 3437 2070 τῇ
3497 1998 3694 2052 κοιλάδι
3737 1997 3817 2068 τῆς

2264 2089 2439 2158 δίκης.
2478 2109 2496 2141 ι
2531 2088 2793 2143 Κοιλάδιι
2829 2089 2886 2142 δὲ
2930 2089 3105 2156 δίκης
3131 2089 3229 2158 τὴν
3285 2089 3557 2158 Ἰωσαφάτ
3595 2088 3816 2159 ὠνόμασε

2267 2181 2548 2250 φάραγγα.
2577 2181 2653 2242 ὼς
2681 2180 2740 2231 τὸ
2769 2181 3050 2250 κριτήριον
3085 2179 3178 2232 καὶ
3211 2177 3314 2248 τὴν
3344 2179 3463 2232 κατ’
3487 2178 3658 2232 αὐτῶν
3687 2177 3816 2244 δεξα-

2269 2272 2438 2342 μένην
2468 2270 2667 2340 ψῆφον.
2698 2269 2859 2337 Λέγει
2892 2269 2948 2322 δὲ
2989 2269 3082 2322 καὶ
3116 2269 3206 2321 τὸν
3229 2270 3406 2340 ἥλιον,
3438 2269 3532 2322 καί¹
3561 2267 3654 2340 τὴν
3683 2267 3818 2338 σελήο

2265 2377 2384 2430 νην,
2419 2360 2513 2412 καὶ
2544 2361 2667 2421 τοὺς
2703 2358 2922 2421 λοιποὺς
2956 2359 3210 2428 ἀστέρας,
3244 2357 3343 2411 τοῦ
3373 2358 3546 2426 φωτὸς
3582 2357 3816 2428 στερηθή-

2266 2450 2544 2505 σεσθαιθδ.
2597 2449 2706 2503 Καὶ
2758 2447 2905 2511 εἰκὸς
2943 2447 3042 2518 μὲν
3084 2447 3163 2516 τῷ
3197 2449 3313 2501 ὄντι
3357 2447 3529 2502 ταῦτα
3573 2446 3813 2516 γενέσθαι,

2264 2537 2358 2592 τοῦ
2385 2538 2522 2592 Θεοῦ
2567 2539 2677 2591 τῶν
2729 2538 2867 2590 ὅλων
2916 2538 3099 2590 πᾶσαν
3153 2536 3273 2589 κατ’
3323 2537 3503 2590 αὐτῶν
3542 2537 3637 2608 τὴν
3667 2535 3816 2588 κτίσιν

2266 2631 2604 2701 κινήσαντος.
2642 2630 2797 2682 Ἔστι
2832 2628 2888 2682 δὲ
2930 2627 3080 2696 ὅμως
3114 2629 3206 2682 καὶ
3244 2628 3456 2699 ἑτέρως
3483 2629 3682 2698 νοῆσαι.
3712 2627 3816 2688 τοῖς

2265 2720 2372 2792 γάρ
2417 2719 2520 2785 ἔξω
2553 2722 2652 2789 τῆς
2687 2721 2832 2790 ζωῆς
2875 2719 3225 2788 γενομένοις,
3275 2721 3374 2774 καὶ
3422 2720 3631 2790 θανάτῳ
3667 2736 3813 2788 παρα·

2263 2809 2493 2864 δοθεῖσιν
2518 2847 2535 2872 ,
2588 2807 2713 2862 οὕτε
2749 2809 2934 2880 ἥλιος,
2974 2809 3099 2862 οὔτε
3131 2809 3332 2880 σελήνη
3361 2849 3376 2874 ,
3417 2807 3538 2862 οὕτε
3574 2826 3654 2870 τις
3678 2805 3811 2859 ἀστέ-

2269 2917 2398 2972 ρων,
2429 2901 2524 2956 τοῦ
2556 2901 2732 2970 φωτὸς
2757 2901 3112 2972 καταπέμπει
3149 2902 3249 2973 τὴν
3283 2901 3500 2971 αῖγλην.
3531 2901 3637 2955 Καὶ
3661 2899 3812 2969 μέντοι

2265 2992 2360 3045 καὶ
2380 2991 2483 3045 ὑπὸ
2507 2993 2617 3045 τῶν
2645 2991 2923 3062 ἀδοκήτων
2947 2993 3306 3063 κατεχόμενοι
3339 2992 3546 3059 κακῶν,
3579 2993 3634 3046 ὲν
3665 2989 3811 3057 σκότῳ

2266 3082 2470 3152 διῆγον,
2505 3083 2674 3137 νύκτα
2697 3085 2794 3154 τὴν
2831 3083 3044 3154 ἡμέραν
3077 3083 3414 3153 νομίζοντες.

2343 3180 2436 3240 ις’.
2478 3193 2496 3227 ι
2545 3174 2604 3228 Ὀ
2634 3175 2689 3227 δὲ
2720 3175 2924 3246 Κύριος
2957 3176 3022 3229 ἐκ
3062 3173 3200 3228 Σιὼν
3244 3175 3636 3247 άνακράξεται,
3665 3169 3810 3234 καὶὲξ

2276 3263 2634 3336 Ἰερουσαλὴμ
2662 3263 2823 3318 δώσει
2863 3265 3046 3336 φωνὴν
3076 3264 3241 3318 αὑτοῦ
3265 3282 3278 3294 ·
3332 3268 3430 3320 καὶ
3457 3261 3810 3335 σεισθήσεταιδ

2265 3355 2492 3427 οὐρανὸς
2518 3356 2672 3426 καίή
2719 3357 2826 3426 γῆ·
2869 3355 2898 3408 ὁ
2947 3355 3004 3409 δὲ
3053 3355 3258 3428 Κύριος
3306 3357 3558 3426 φείσεται
3599 3355 3685 3409 τοῦ
3709 3351 3815 3406 λαοῦ

2267 3447 2455 3504 αὑτοῦ.
2498 3467 2516 3500 ι
2552 3448 2713 3516 Δηλοῖ
2742 3446 2800 3500 δὲ
2846 3446 2933 3499 διὰ
2967 3447 3172 3500 τούτων
3195 3485 3212 3512 ,
3241 3447 3316 3511 ὡς
3377 3449 3596 3502 κάκεῖνα
3622 3445 3692 3515 τῷ
3727 3445 3815 3497 ὄντι

2266 3537 2598 3607 γεγένηται⁶
2643 3534 2855 3605 φωνὴν
2885 3536 2992 3608 γάρ
3040 3537 3198 3589 καλεῖ
3247 3537 3357 3607 τὴν
3394 3538 3646 3609 βροντήν·
3676 3535 3817 3595 οὕτως

2266 3629 2374 3698 γάρ
2405 3628 2575 3697 αὐτὴν
2599 3628 3150 3699 προσαγορευομένην
3175 3629 3268 3681 καὶ
3297 3630 3366 3682 ὲν
3397 3633 3519 3692 ταῖς
3548 3625 3817 3686 Βασιλείαις

2267 3719 2612 3790 εὑρίσκομεν.
2651 3739 2669 3771 ι
2718 3719 2971 3789 Ἐποίησε
3006 3719 3151 3790 γάρ,
3193 3720 3331 3790 φησὶ
3362 3762 3375 3784 ,
3431 3723 3628 3792 Κύριος
3661 3718 3816 3788 φωνὰς

2268 3812 2362 3864 καὶ
2388 3811 2560 3864 ὑετόν.
2597 3831 2613 3861 ι
2647 3810 2897 3864 Διδάσκει
2927 3810 3128 3872 τοίνυν,
3158 3813 3234 3874 ὡς
3256 3812 3358 3865 καὶ
3383 3813 3625 3883 βρονταῖς
3653 3809 3816 3864 αὐτοὺς

2269 3905 2680 3974 κατακτυπήσει
2706 3943 2722 3968 ,
2791 3901 2888 3957 καὶ
2967 3905 3209 3972 σεισμοῖς
3277 3903 3691 3975 κατακλονήσει,
3741 3898 3816 3952 καὶ

2269 3993 2554 4064 θεηλάτοις
2609 3995 2848 4065 πληγαῖς
2891 3994 3064 4066 ἄρδην
3115 3995 3519 4052 καταναλώσει.
3567 3995 3734 4048 Ταῦτα
3772 3989 3815 4041 δὲ

2267 4087 2456 4158 δράσει
2486 4086 2596 4140 τῶν
2633 4087 2770 4140 ὅλων
2810 4089 2839 4140 ὁ
2869 4085 3074 4155 Κύριος
3097 4126 3112 4148 ,
3159 4088 3328 4156 οἴκτῳ
3364 4089 3492 4159 περὶ
3533 4087 3621 4141 τὸν
3648 4086 3815 4139 οἰκεῖον

2270 4177 2612 4247 κεχρημένος
2649 4176 2798 4241 λαὸν,
2835 4177 2923 4229 ἵνα
2971 4173 3177 4246 ταύτης
3231 4176 3555 4241 ἀπολαύσας
3584 4177 3676 4246 τῆς
3704 4190 3815 4244 προσ

2269 4268 2437 4333 νοίας,
2472 4268 2605 4338 γνῷ,
2643 4268 2828 4338 φησιν,

2344 4358 2428 4423 ιζ’.
2467 4379 2485 4410 ι
2523 4358 2647 4411 ’Ότι
2694 4357 2804 4427 ἐγὼ
2853 4355 3058 4428 Κύριος
3100 4359 3129 4411 ὁ
3182 4358 3313 4422 Θεὸς
3385 4355 3730 4428 κατασκηνῶν
3772 4355 3816 4406 ὲν

587 4441 774 4500 bitans
807 4445 864 4500 in
925 4455 1112 4503 monte
1161 4458 1356 4504 sancto
1389 4466 1532 4506 meo.
1579 4451 1720 4508 »ΙΙὶε
1779 4469 1910 4508 vero
1967 4456 2161 4525 gestis,

2270 4452 2385 4523 ὄρει
2406 4452 2486 4483 ⁹⁸⁹
2511 4450 2650 4520 ἁγίῳ
2687 4467 2808 4520 μου.
2841 4468 2858 4500 ι
2899 4447 3117 4502 Τούτων
3145 4449 3206 4519 δὴ
3240 4452 3571 4521 γενομένων,
3601 4445 3816 4519 περίϐλε-

586 4535 826 4592 illustris
857 4538 965 4591 erit
1021 4537 1421 4612 Hierosolyma,
1466 4543 1668 4613 quippe
1701 4561 1824 4614 qua:
1859 4561 1993 4600 cura
2051 4561 2168 4600 mea

588 4637 818 4698 regatur
847 4643 860 4680 :
898 4639 1190 4700 metusque
1222 4648 1416 4688 mimos
1444 4642 1663 4689 exteras
1708 4637 1964 4690 nationes
2009 4637 2170 4690 inva-

589 4717 702 4783 det,
733 4721 807 4772 ita
841 4727 900 4772 ut
932 4737 999 4775 ne
1031 4722 1210 4776 viator
1237 4724 1458 4794 quidem
1489 4740 1554 4779 ex
1591 4726 1705 4778 illis
1781 4725 2026 4780 transire
2076 4742 2175 4796 per

589 4827 710 4865 eam
735 4811 957 4875 audeat,
1003 4816 1146 4882 quod
1177 4832 1306 4886 erga
1342 4817 1466 4870 illos
1497 4816 1640 4869 facta
1674 4817 2022 4873 extimescat.
2057 4817 2171 4875 Hoc

589 4904 736 4956 enim
785 4905 1051 4969 ostendit,
1105 4923 1229 4960 cum
1277 4906 1412 4961 dicit
1458 4921 1472 4958 :
1517 4923 1536 4956 ι
1590 4905 1655 4958 Ει
1691 4907 1997 4977 alienigena
2059 4925 2168 4965 non

591 4992 852 5048 transibit
884 5009 979 5062 per
1008 5010 1128 5049 eam
1191 4995 1450 5064 amplius.
1485 5013 1502 5046 ι
1541 4995 1608 5048 At
1653 4995 2040 5063 pradictiones
2078 4999 2168 5054 di-

590 5083 752 5138 vinas
781 5082 850 5137 ad
882 5086 1040 5140 tinem
1071 5088 1362 5156 pervenire
1411 5086 1578 5156 impia
1631 5101 1822 5140 eorum
1864 5085 2005 5144 facta
2057 5106 2166 5147 non

591 5177 805 5232 sinunt.
839 5175 974 5232 Nam
1018 5180 1264 5233 omnium
1301 5178 1445 5234 Deus
1485 5183 1630 5250 leges
1661 5177 1866 5244 terens,
1928 5188 1984 5235 et
2019 5181 2166 5236 bona

589 5269 945 5338 promittens,
1003 5285 1129 5325 cum
1189 5270 1514 5341 exceptione
1583 5270 1750 5325 verba
1821 5268 1953 5325 facit
1987 5289 2000 5326 :
2035 5291 2053 5322 σ
2101 5271 2162 5326 Si

666 5409 689 5438 ε
727 5399 748 5454 l
781 5399 914 5468 Reg.
943 5416 1045 5466 xtl,
1079 5402 1167 5466 l7,
1192 5401 1278 5468 l8,
1308 5416 1422 5458 sec.
1459 5401 1623 5457 LXX.

2271 4560 2404 4602 πτος
2433 4541 2584 4594 ἔσται
2635 4539 3008 4610 Ἰερουσαλὴμ,
3045 4540 3140 4594 άτε
3179 4540 3241 4611 δὴ
3273 4541 3371 4611 τῆς
3425 4541 3566 4612 ὲμῆς
3605 4533 3813 4593 άπολαύ·

2272 4651 2412 4688 σασα
2452 4631 2778 4703 κηδεμονίας
2805 4648 2820 4662 ο
2855 4631 2947 4684 καὶ
2974 4631 3092 4694 δέος
3121 4631 3338 4696 καθέξει
3364 4635 3490 4696 τοὺς
3521 4629 3815 4700 ἀλλοφύλους

2271 4723 2536 4786 ἅπαντας,
2565 4721 2708 4774 ὥστε
2739 4720 2876 4791 μηδὲ
2914 4720 3098 4790 ὁδίτην
3130 4720 3374 4773 τοιοῦτον
3414 4721 3483 4773 δι’
3513 4719 3674 4789 αὐτῆς
3707 4729 3816 4784 παρ-

2271 4814 2508 4875 οδεύειν,
2561 4811 2628 4864 τὰ
2672 4813 2756 4876 εἰς
2811 4810 3055 4874 ἐκείνους
3098 4812 3444 4880 γεγενημένα
3485 4809 3814 4880 δειμαίνοντα.

2273 4905 2443 4958 Τοῦτο
2476 4904 2584 4974 γὰρ
2632 4903 3041 4972 παρεδήλωσεν,
3087 4901 3363 4973 εἰρηκώς·
3408 4921 3427 4954 ι
3478 4903 3585 4956 Καὶ
3627 4899 3816 4964 ἀλλογε-

2271 4997 2368 5066 νὴς
2387 4998 2433 5027 ⁹⁶
2471 4995 2532 5048 ού
2567 4993 2898 5047 διελεύσεται
2935 4993 3002 5046 δι’
3044 4993 3216 5063 αὐτῆς
3244 4993 3450 5048 οὐκέτι.
3493 5013 3511 5045 ι
3563 4991 3710 5045 Ἀλλὰ
3736 4988 3814 5047 τὰς

2271 5087 2423 5150 θείας
2457 5085 2792 5157 προρρήσεις
2837 5085 2935 5138 οὐκ
2969 5085 3032 5154 ἐᾷ
3074 5084 3388 5154 προϐαίνειν
3434 5085 3515 5146 είς
3549 5083 3710 5153 πέρας
3737 5075 3813 5130 ὑπ’

2269 5177 2452 5234 αύτῶν
2483 5177 2550 5229 τά
2571 5176 2614 5208 ⁸⁷
2653 5174 2988 5245 παρανόμως
3027 5174 3344 5245 γιγνόμενα.
3400 5175 3508 5227 Καὶ
3541 5173 3645 5242 γάρ
3680 5173 3705 5223 ὁ
3728 5166 3814 5219 τῶν

2267 5270 2406 5324 ὅλων
2438 5266 2570 5330 Θεὸς
2605 5263 2933 5334 νομοθετῶν,
2963 5264 3057 5318 καὶ
3083 5265 3152 5320 τὰ
3182 5265 3362 5334 ἀγαθά
3397 5261 3811 5335 ὑπισχνούμενος,

1928 5512 1966 5564 ιτ
1979 5512 2164 5568 Ale
2201 5509 2608 5569 LECTIONES.

691 5651 737 5682 ⁵³
772 5648 900 5721 ηερ.
927 5649 1092 5705 lectio
1114 5655 1218 5721 est,
1250 5646 1423 5721 καθιῶ
1458 5646 1760 5721 τοῦμδιακρ.
1834 5649 1878 5721 Ῡδ
1907 5651 2004 5718 ήμ.
2035 5650 2075 5704 C
2107 5667 2290 5720 pnem.
2323 5653 2377 5721 ἡ.
2453 5653 2496 5685 ⁸³
2527 5651 2568 5707 C
2612 5648 2989 5721 στερήσεσθαι.
3037 5649 3131 5721 _”'
3159 5648 3241 5719 ὄρ.
3293 5649 3333 5702 Α
3361 5662 3540 5718 pt‘tetu.
3576 5643 3718 5705 Σιὼν,

599 5718 704 5774 “C
732 5719 1058 5788 άλλογενεῖς,
1098 5732 1152 5776 ct
1177 5718 1373 5775 deinde
1393 5716 1774 5774 ὃιελεύσονται.
1823 5719 1863 5773 Α
1899 5716 1999 5774 ούκ
2037 5716 2454 5777 εἰσελεύσονται.

2553 5722 2599 5753 ³⁷
2638 5719 2720 5776 τά.
2763 5719 2870 5775 “es
2919 5721 2971 5774 in
3011 5719 3071 5774 C.
