4088 6440
349 432 498 500 1665

899 547 1298 602 ΚΕΦΑΛΑΙΟΝ
1332 546 1409 601 A'.

433 651 502 699 α’.
539 662 558 696 ι
594 642 758 711 Λόγοι
792 640 996 711 Ἀμὼς,
1019 639 1069 692 οἳ
1101 639 1351 707 ἐγένοντο
1375 640 1434 692 ἐν
1462 635 1905 708 Καριαθιαρεὶμ⁵
1924 637 1938 653 ‘

358 738 428 790 ἐκ
461 734 665 788 Θεκουὲ
687 772 704 793 ,
738 732 834 794 οὓς
859 727 999 783 εἶδεν
1034 730 1129 783 ἐπὶ
1152 730 1173 761 ⁸
1217 728 1573 801 Ἰερουσαλὴμ
1616 730 1674 781 ἐν
1707 727 1943 797 ἡμέραις

373 825 556 889 Ὀζίου
589 821 852 893 βασιλέως
896 819 1097 884 Ἰούδα,
1135 819 1230 872 καὶ
1261 821 1320 872 ἐν
1347 818 1585 889 ἡμέραις
1620 815 1939 886 Ἱεροϐοάμ⁷

367 913 632 984 βασιλέως
680 910 934 981 Ἰσραὴλ,
985 910 1094 980 πρὸ
1138 908 1235 962 δύο
1285 908 1431 963 ἐτῶν
1473 906 1573 961 τοῦ
1629 905 1875 976 σεισμοῦ.
1917 924 1934 956 ι

379 1001 649 1066 Ἐδίδαξεν
681 1001 830 1070 ἡμᾶς
879 1002 908 1053 ὁ
951 999 1261 1070 προφήτης,
1300 999 1376 1061 ὡς
1401 1001 1466 1052 ἐκ
1505 997 1726 1051 Θεκουὲ
1755 993 1942 1066 ὁρμώ-

369 1108 531 1162 μενος
559 1091 617 1142 ἐν
658 1088 733 1158 τῇ
765 1088 1183 1157 Καριαθιαρεὶμ
1215 1088 1315 1157 τῆς
1351 1087 1502 1150 θείας
1549 1085 1943 1154 ἀποκαλύψεως

367 1182 561 1250 ἔτυχε,
600 1180 694 1232 καὶ
737 1179 820 1231 ὅτι
853 1177 1202 1249 προσετάχθη
1256 1177 1385 1246 περὶ
1429 1176 1530 1246 τῆς
1590 1173 1943 1246 Ἰερουσαλὴμ

366 1273 494 1334 τοὺς
537 1271 729 1339 λόγους
761 1268 1062 1322 ποιεῖσθαι·
1095 1268 1334 1321 διδάσκει
1373 1268 1432 1320 δὲ
1476 1267 1696 1335 καὶτῆς
1726 1283 1941 1335 προφη-

366 1362 520 1425 τείας
545 1362 638 1414 τὸν
677 1360 866 1430 χρόνον
892 1374 906 1389 °
938 1357 1128 1412 τούτου
1164 1357 1274 1428 γὰρ
1309 1357 1474 1427 χάριν
1518 1358 1614 1410 καὶ
1653 1357 1762 1409 τῶν
1792 1356 1944 1426 βασι-

367 1455 504 1507 λέων
524 1454 622 1523 τὴν
648 1452 868 1522 μνήμην
893 1449 1208 1518 πεποίηται,
1243 1446 1418 1510 Ὀζίου
1451 1446 1711 1516 βασιλέως
1753 1446 1943 1508 Ἰούδα,

369 1545 465 1597 καὶ
498 1541 780 1612 Ἱεροϐοάμ
812 1539 1074 1608 βασιλέως
1129 1537 1366 1607 Ἰσραήλ.
1406 1538 1571 1606 Δῆλος
1610 1537 1667 1588 δέ
1705 1538 1852 1589 ἐστιν
1881 1537 1943 1589 ού

370 1635 502 1704 περὶ
541 1634 640 1702 τῆς
684 1631 1043 1701 Ἰερουσαλὴμ
1094 1629 1263 1700 μόνης
1288 1669 1302 1694 ,
1353 1627 1490 1681 ἀλλὰ
1530 1629 1625 1680 καὶ
1671 1629 1801 1698 περὶ
1837 1628 1944 1680 τῶν

366 1725 503 1778 δέκα
561 1722 743 1790 φυλῶν
794 1721 896 1782 τὰς
955 1720 1290 1790 προρρήσεις
1359 1718 1720 1787 ποιούμενοςο
1773 1712 1946 1787 οὗπερ

366 1814 556 1867 εἵνεκα
585 1813 678 1864 καὶ
705 1810 802 1864 τοῦ
856 1809 1144 1878 Ἰεροϐοάμ
1175 1811 1602 1880 ἐμνημόνευσεν,
1633 1809 1691 1871 ὃς
1719 1807 1945 1861 ἐκείνων

1715 431 1796 492 IN
1827 429 2023 490 AMOS
2057 431 2212 491 CAP.
2257 432 2306 491 I.

3478 436 3616 502 1666

2653 546 2670 567 ⁶
2699 543 2931 600 CAPUT
2971 543 3012 601 Ι.

2115 633 2277 688 Vens.
2324 635 2374 690 t.
2411 653 2427 684 ι
2469 633 2763 691 Sermones
2800 635 3013 700 AII'IOSi,
3053 635 3146 706 qui
3191 634 3322 691 facti
3381 645 3512 693 sunt
3560 641 3614 694 in

2039 722 2450 789 Cariatbiarim,
2488 725 2555 780 de
2599 724 2821 780 Thccua
2847 767 2861 790 ,
2888 740 3032 794 quos
3059 727 3195 780 vidit
3223 744 3324 797 pro
3358 728 3618 785 Hieroso-

2043 815 2184 885 lyma
2217 816 2271 870 in
2301 816 2498 871 diebus
2531 817 2677 872 Oziae
2713 820 2858 889 regis
2886 819 3061 883 Iudae,
3093 830 3148 874 et
3191 822 3247 874 in
3281 821 3478 876 diebus
3524 821 3618 878 Je-

2040 907 2290 962 roboami
2319 909 2463 978 regis
2494 908 2735 966 lsraelis.
2768 919 2896 964 ante
2937 912 3077 967 duos
3109 927 3284 967 annos
3312 921 3471 967 terrae
3500 930 3618 966 mo-

2041 1010 2164 1055 tus.
2214 1021 2233 1052 ι
2298 1000 2573 1070 Propheta
2628 1004 2789 1057 uobis
2837 1005 3058 1073 planum
3127 1006 3277 1072 fecit,
3332 1006 3479 1076 quod
3547 1021 3616 1060 ex

2045 1093 2259 1146 Thecua
2291 1095 2568 1146 oriundus
2601 1094 2653 1146 in
2687 1092 3071 1148 Cariathiarim
3111 1097 3350 1150 divinam
3402 1098 3612 1150 revela-

2043 1185 2247 1238 tionem
2291 1184 2364 1238 sit
2405 1194 2772 1248 consecutus,
2798 1186 3054 1256 quodque
3101 1189 3293 1257 jussus
3328 1189 3492 1241 fuerit
3547 1187 3616 1242 de

2044 1270 2421 1342 Hierosolyma
2469 1272 2634 1327 verba
2665 1272 2872 1328 facere.
2909 1273 3077 1328 Docet
3109 1277 3273 1329 etiam
3317 1276 3616 1346 prophetiae

2044 1370 2260 1428 tempus
2293 1377 2307 1414 :
2337 1360 2464 1413 ideo
2487 1361 2633 1412 enim
2685 1375 2874 1430 regum
2917 1361 3255 1415 mentionem
3292 1360 3438 1425 fecit,
3472 1361 3618 1416 Oziae

2043 1451 2266 1520 quidem
2307 1451 2451 1520 regis
2492 1448 2666 1515 Judze,
2700 1457 2755 1504 et
2813 1448 3128 1504 Jeroboami
3180 1451 3325 1520 regis
3377 1451 3615 1504 lsraelis.

2044 1541 2161 1596 Non
2196 1542 2494 1596 obscurum
2526 1549 2609 1596 est
2633 1551 2838 1605 autem,
2875 1557 2987 1596 non
3014 1542 3081 1596 de
3124 1543 3245 1596 sola
3301 1541 3620 1614 Hierosoly-

2048 1649 2134 1687 ma
2165 1648 2290 1687 eum
2338 1633 2723 1702 pnedictiones
2784 1633 3048 1696 edidisse,
3079 1649 3270 1688 verum
3330 1634 3494 1688 etiam
3551 1635 3620 1688 de

2047 1723 2302 1777 tribubus
2328 1723 2518 1776 decem
2546 1739 2560 1775 :
2601 1730 2937 1791 quapropter
2976 1721 3369 1776 Jeroboamum
3400 1739 3620 1792 quoque

2048 1813 2523 1876 commemoravit,
2556 1813 2648 1879 qui
2677 1812 2895 1866 illarum
2945 1813 3192 1866 tribuum
3248 1827 3316 1867 co
3377 1822 3620 1882 tempore

365 1907 493 1958 κατ’
548 1904 754 1955 ἐκεῖνον
809 1901 1123 1954 ἐϐασίλευσε
1186 1900 1277 1952 τὸν
1334 1900 1544 1970 καιρόν.
1616 1899 1830 1967 Ἐπειδὴ
1887 1899 1944 1949 δὲ

2052 1921 2143 1958 rex
2173 1905 2294 1958 iuit.
2339 1904 2550 1974 1410
2586 1903 2654 1956 At
2682 1918 2808 1960 cum
2854 1903 3049 1957 horum
3090 1911 3322 1973 uterque
3377 1905 3614 1973 permul-

367 1996 538 2050 πολὺν
571 1995 831 2066 ἑκάτερος
879 1993 1058 2048 αὐτῶν
1103 1992 1418 2046 ἐϐασίλευσε
1476 1994 1668 2062 χρόνον
1727 1991 1942 2063 (Ὀζίας

366 2090 472 2160 μὲν
494 2087 602 2158 γὰρ
627 2087 720 2140 δύο
743 2088 838 2140 καὶ
866 2086 1204 2155 πεντήκοντα
1227 2085 1593 2155 ἡγεμόνευσεν
1621 2084 1740 2156 ἔτη,
1783 2085 1946 2156 Ἰερο-

362 2180 514 2250 6οάμ
545 2179 598 2232 δὲ
635 2177 693 2231 ἓν
724 2180 818 2232 καὶ
853 2178 1308 2248 τεσσαράκοντα),
1342 2177 1566 2239 εἰκότως
1594 2176 1688 2228 τοῦ
1721 2176 1944 2246 σεισμοῦ

358 2269 635 2341 δεδήλωκε
666 2267 757 2321 τὸν
789 2267 1000 2338 καιρὸν,
1051 2266 1146 2319 καὶ
1179 2265 1283 2336 ἔφη
1313 2264 1500 2319 τοῦτον
1548 2266 1687 2335 μετά
1715 2266 1808 2318 δύο
1844 2268 1945 2336 τῆς

361 2360 701 2432 προφητείας
723 2359 1005 2420 ἐνιαυτοὺς
1026 2357 1376 2426 γεγενῆσθαι,
1409 2357 1495 2408 ἵνα
1523 2357 1708 2428 διδάξῃ
1733 2357 1941 2425 σαφῶς,

359 2453 602 2524 ὁπηνίκα
623 2453 752 2512 τοὺς
775 2449 952 2512 θείους
977 2448 1170 2517 λόγους
1198 2448 1333 2519 πρὸς
1360 2447 1449 2502 τὸν
1474 2447 1603 2501 λαὸν
1625 2449 1940 2519 ἐποιήσατο.

362 2547 525 2608 Τινὲς
551 2543 608 2597 δὲ
637 2545 752 2605 τοῖς
799 2541 1014 2612 χρόνοις
1059 2541 1162 2593 ούκ
1196 2540 1443 2608 ἀκριϐῶς
1473 2539 1940 2611 προσεσχηκότες,

363 2636 558 2690 τοῦτον
623 2633 890 2688 ὑπέλαϐον
941 2631 1269 2701 γεγενῆσθαι
1322 2631 1412 2684 τὸν
1463 2631 1725 2700 σεισμὸν,
1781 2629 1945 2699 ἡνίκα

379 2726 608 2787 Ἡσαΐας
637 2725 665 2776 ὁ
711 2722 914 2794 μέγας,
969 2722 1110 2792 μετά
1156 2721 1256 2792 τὴν
1303 2719 1477 2785 Ὀζίου
1513 2719 1796 2790 τελευτὴν,
1833 2714 1942 2770 εἶδε

363 2817 460 2870 τὸν
492 2814 695 2886 Κύριον
742 2813 1050 2884 καθήμενον
1097 2812 1192 2865 ἐπὶ
1240 2810 1432 2882 θρόνου
1466 2810 1670 2881 ὑψηλοῦ
1701 2810 1796 2864 καὶ
1843 2812 1945 2862 ἐπ-

365 2907 608 2980 ηρμένου
633 2947 648 2973 ,
688 2906 776 2958 ὅτε
808 2905 866 2959 τὸ
908 2903 1216 2974 ὑπέρθυρον
1257 2903 1367 2957 ἀπὸ
1410 2905 1510 2973 τῆς
1555 2903 1662 2958 τῶν
1697 2905 1947 2975 Σεραφὶμ

367 3000 583 3070 ἐπήρθη
625 2999 809 3067 φωνῆς
839 3014 853 3028 ⁸
907 2997 1019 3065 ἐγὼ
1051 2997 1107 3049 δέ
1133 3036 1148 3060 ,
1198 2997 1325 3060 τοὺς
1369 3002 1595 3066 χρόνους
1621 2998 1942 3067 ἐρευνήσας,

367 3084 538 3162 ηὗρον
565 3089 723 3142 τοῦτο
750 3088 962 3158 ψευδές.
993 3089 1056 3141 Εἰ
1094 3087 1204 3158 γὰρ
1241 3088 1384 3158 μετά
1413 3088 1512 3158 τὴν
1555 3087 1734 3152 ὐζίου
1762 3089 1946 3141 τελευ-

365 3183 467 3252 τὴν
491 3183 520 3234 ό
544 3178 765 3250 σεισμὸς
795 3177 1013 3246 ἐγένετο
1037 3217 1052 3244 ,
1103 3177 1210 3246 πρὸ
1236 3177 1329 3230 δύο
1353 3177 1410 3231 δὲ
1437 3177 1574 3230 ἐτῶν
1600 3180 1700 3248 τῆς
1728 3195 1943 3250 προφη-

365 3273 522 3335 τείας
555 3270 848 3339 ἐποιήσατο
874 3268 976 3339 τὴν
1017 3267 1193 3340 ἀρχὴν
1235 3268 1263 3319 ὁ
1306 3267 1576 3338 μακάριος
1625 3266 1846 3338 Ἀμὼς,
1885 3269 1950 3321 τὸ

369 3360 739 3432 πεντηκοστὸν
769 3355 839 3431 ἧν
876 3359 996 3422 ἔτος
1027 3358 1126 3429 τῆς
1179 3357 1354 3422 Ὀζίου
1389 3358 1668 3428 βασιλείας
1695 3376 1709 3390 ο
1761 3362 1949 3432 πεντή.

367 3469 537 3507 κοντα
575 3450 687 3520 γάρ
718 3447 933 3502 καὶδύο
973 3446 1364 3518 βεϐασίλευκεν
1395 3447 1516 3516 ἔτη.
1550 3447 1689 3500 Ἀλλ’
1723 3449 1752 3500 ό
1790 3450 1950 3518 Ἱερο-

369 3541 519 3612 ϐοάμ
547 3540 689 3595 κατά
724 3539 914 3593 τοῦτον
941 3539 1002 3592 οὐ
1034 3537 1229 3608 περιῆν
1264 3538 1354 3591 τὸν
1385 3538 1574 3609 καιρόν
1597 3553 1614 3570 °
1643 3539 1703 3592 ἐν
1740 3538 1850 3610 γὰρ
1871 3539 1951 3610 τῷ

370 3631 588 3703 ἑϐδόμῳ
630 3629 727 3683 καὶ
781 3627 1012 3698 εἰκοστῷ
1063 3625 1173 3680 ἔτει
1246 3627 1344 3697 τῆς
1399 3625 1590 3680 τούτου
1651 3627 1949 3698 βασιλείας,

383 3721 566 3786 Ὀζίας
594 3719 695 3792 τὴν
723 3719 824 3789 τῆς
851 3717 1130 3788 βασιλείας
1155 3717 1492 3789 χειροτονίαν
1515 3717 1753 3785 ἐδέξατο.
1780 3721 1952 3790 Δῆλον

371 3812 551 3866 τοίνυν
584 3811 692 3864 ἀπὸ
730 3809 838 3863 τῶν
871 3808 1100 3880 χρόνων,
1153 3807 1232 3871 ὡς
1268 3807 1410 3862 κατά
1458 3808 1556 3880 τὴν
1605 3810 1780 3881 ἀρχὴν
1814 3812 1908 3865 τοῦ
1931 3813 1952 3844 ⁸

386 3903 567 3967 Ὀζίου
608 3900 884 3972 βασιλείας
923 3900 980 3954 αἱ
1014 3897 1106 3952 τοῦ
1147 3898 1434 3952 θεσπεσίου
1477 3900 1654 3970 Ἀμὼς
1702 3903 1951 3974 προῤῥή-

374 4009 493 4056 σεις
533 3993 816 4060 ἐγένοντο,
864 3990 1054 4059 ἐπειδὴ
1103 3990 1197 4044 τοῦ
1241 3990 1524 4062 Ἱεροϐοάμ
1554 3992 1635 4046 ἔτι
1671 3995 1952 4064 περιόντος

371 4082 473 4138 καὶ
529 4081 902 4152 βασιλεύοντος
963 4079 1066 4150 ἔφη
1120 4079 1376 4144 δέξασθαι
1440 4080 1539 4151 τῆς
1610 4083 1954 4152 προφητείας

367 4173 434 4226 τὸ
487 4173 756 4242 χάρισμα.
820 4169 1007 4231 Οὕτως
1069 4169 1355 4233 ὑποδείξας
1419 4169 1509 4224 τὸν
1578 4170 1678 4241 τῆς
1734 4186 1954 4241 προφη-

367 4263 526 4323 τείας
605 4261 833 4329 καιρὸν,
907 4259 1146 4314 διδάσκει
1207 4262 1300 4313 καὶ
1383 4261 1557 4324 ποίοις
1642 4263 1952 4332 προοιμίοις

368 4356 667 4427 ἐχρήσατο.

449 4447 516 4517 β’.
557 4455 578 4498 t
620 4445 730 4500 Καὶ
761 4439 916 4498 εἶπε·
952 4443 1157 4516 Κύριος
1195 4445 1260 4498 ἐκ
1294 4442 1433 4497 Σιὼν
1481 4443 1783 4516 ἐφθέγξατο
1806 4483 1822 4508 ,
1855 4447 1952 4500 καὶ

2050 2002 2164 2048 tnui
2193 1995 2458 2063 temporis
2491 1994 2805 2063 regnaverit
2842 1991 3028 2063 (Ozias
3058 1994 3206 2049 enim
3245 1993 3360 2047 duo
3379 2003 3426 2048 et
3463 1994 3622 2062 quin-

2049 2087 2310 2156 quaginta
2341 2099 2515 2139 annos
2547 2098 2735 2138 rerum
2775 2097 3046 2138 summam
3104 2083 3300 2146 tenuit,
3330 2083 3619 2138 Jeroboam

2050 2193 2179 2233 vero
2204 2191 2371 2231 unum
2399 2185 2452 2231 et
2477 2174 2900 2246 quadraginta),
2924 2175 3050 2244 jure
3077 2183 3240 2229 terrae
3270 2184 3452 2230 motus
3485 2185 3622 2228 tem-

2052 2283 2155 2337 pus
2183 2266 2446 2329 ostendit,
2473 2266 2658 2335 aitque
2684 2265 2833 2320 bunc
2865 2265 3081 2321 duobus
3132 2266 3294 2320 annis
3341 2275 3463 2336 post
3494 2281 3623 2336 pro-

2053 2360 2290 2429 phetiam
2316 2357 2618 2421 exstitisse,
2657 2364 2718 2412 ut
2755 2357 3052 2427 perspicue
3091 2357 3457 2423 demonstret,
3493 2359 3622 2428 qui-

2052 2451 2157 2504 bus
2191 2449 2535 2518 temporibus
2568 2448 2753 2502 divina
2786 2448 2948 2503 verba
2992 2448 3060 2502 ad
3090 2449 3354 2518 populum
3405 2449 3619 2505 fecerit.

2050 2540 2281 2606 Quidam
2317 2548 2498 2594 autem
2530 2553 2639 2593 non
2677 2539 2816 2594 satis
2844 2538 3137 2608 diligenter
3188 2538 3256 2592 ad
3307 2546 3619 2608 temporum

2049 2631 2324 2685 rationem
2369 2629 2738 2694 attendentes,
2785 2629 2935 2683 hunc
2982 2638 3144 2684 terrae
3175 2637 3382 2684 motum
3413 2631 3620 2699 opinati

2052 2729 2182 2776 sunt
2210 2721 2418 2775 factum
2449 2719 2641 2785 fuisse,
2669 2735 2794 2774 cum
2827 2718 3000 2774 Isaias
3038 2735 3293 2791 magnus,
3329 2730 3450 2791 post
3478 2721 3623 2776 Ozire

2054 2812 2361 2875 interitum,
2419 2811 2621 2866 viderit
2681 2811 2974 2866 Dominum
3027 2813 3308 2868 sedentem
3373 2815 3427 2867 in
3484 2815 3625 2867 solio

2051 2903 2270 2959 excelso
2307 2911 2362 2957 et
2386 2902 2554 2967 elato,
2581 2903 2804 2972 quando
2833 2914 3107 2958 commota
3139 2913 3270 2959 sunt
3319 2907 3626 2975 superlimi-

2053 2997 2210 3048 naria
2242 2994 2530 3048 cardinum
2564 3007 2698 3048 voce
2744 2993 3034 3062 Seraphim
3052 2997 3098 3050 ε.
3135 2994 3247 3066 Ego
3289 3009 3444 3063 vero,
3497 3011 3623 3050 cum

2054 3092 2302 3155 tempora
2334 3085 2745 3154 disquisissem,
2780 3087 2882 3141 hoc
2924 3086 3121 3140 falsum
3163 3102 3290 3142 esse
3314 3087 3625 3158 deprehen-

2053 3177 2130 3232 di.
2169 3177 2226 3230 Si
2255 3177 2404 3232 enim
2433 3185 2560 3246 post
2588 3177 2735 3232 Ozias
2763 3179 3049 3232 interitum
3074 3185 3233 3231 terrae
3257 3188 3438 3234 motus
3458 3181 3626 3234 exsti-

2051 3269 2139 3332 tit,
2173 3269 2389 3324 duobus
2435 3276 2615 3324 autem
2677 3277 2804 3324 ante
2829 3269 2987 3323 annis
3040 3267 3382 3339 prepbetiam
3429 3269 3627 3324 beatus

2048 3361 2220 3414 Amos
2276 3360 2508 3430 incepit,
2562 3360 3062 3430 quinquagesimus
3111 3374 3294 3414 annus
3358 3361 3625 3430 agebatur

2050 3453 2203 3522 regni
2257 3452 2425 3516 Oziaa,
2475 3453 2616 3508 duos
2674 3453 2820 3507 enim
2869 3459 2924 3508 et
2977 3451 3379 3522 quinquaginta
3447 3466 3628 3506 annos

2051 3544 2324 3613 regnavit.
2359 3545 2434 3598 At
2480 3543 2845 3598 Jeroboamus
2895 3544 2999 3598 hoc
3035 3551 3282 3613 tempore
3337 3552 3626 3614 superstes

2051 3650 2160 3690 non
2225 3645 2344 3690 erat
2391 3652 2405 3690 :
2446 3651 2572 3689 nam
2630 3634 2796 3705 hujus
2845 3635 3114 3690 vicesimo
3173 3635 3413 3704 septimo
3467 3637 3626 3706 regni

2052 3739 2201 3778 anno
2241 3724 2406 3780 Ozias
2448 3725 2825 3795 gubernacula
2875 3725 3030 3795 regni
3078 3725 3162 3780 sui
3224 3725 3488 3795 suscepit.
3547 3724 3628 3780 Ex

2053 3817 2392 3885 temporibus
2415 3815 2581 3884 igitur
2602 3817 2954 3885 perspicuum
2979 3823 3083 3879 est,
3107 3816 3160 3868 in
3189 3815 3458 3884 principio
3476 3817 3628 3885 regni

2053 3905 2198 3960 Ozia:
2223 3906 2394 3958 divini
2425 3905 2612 3958 Amosi
2639 3903 3028 3972 praedictiones
3054 3904 3231 3957 factas
3258 3902 3450 3968 fuisse,
3483 3919 3629 3972 quo-

2053 3995 2200 4048 niam
2236 3995 2444 4048 donum
2478 3994 2788 4063 prophetia:
2827 4009 2889 4049 se
2921 3995 3203 4062 accepisse
3232 3994 3372 4048 dicit
3399 3993 3630 4049 Jerobo-

2052 4099 2177 4138 amo
2215 4086 2393 4139 adhuc
2450 4085 2751 4153 superstite
2792 4091 2847 4138 et
2885 4093 3169 4153 regnante.
3193 4088 3206 4106 ‘
3238 4084 3476 4155 Tempus
3506 4101 3628 4156 pro-

2054 4175 2253 4246 phetiae
2292 4178 2372 4230 sic
2403 4176 2677 4242 elocutus,
2709 4175 2868 4230 docet
2902 4175 3066 4230 etiam
3099 4177 3302 4245 quibus
3343 4179 3629 4246 procemiis

2055 4282 2187 4320 usus
2215 4267 2304 4320 sit.

2128 4439 2290 4496 Vens.
2327 4441 2382 4494 2.
2423 4458 2441 4493 ι
2477 4442 2545 4496 Ει
2573 4440 2688 4495 ait:
2721 4439 2986 4502 Dominus
3019 4458 3050 4499 ο
3081 4441 3251 4498 Sione
3276 4443 3493 4499 locutus
3520 4453 3627 4510 est,

372 4536 440 4602 ἐξ
473 4534 830 4608 Ἰερουσαλὴμ
858 4535 1026 4590 ἔδωκε
1059 4536 1244 4608 φωνὴν
1279 4535 1447 4590 αὐτοῦ
1469 4575 1486 4601 ,
1517 4535 1612 4590 καὶ
1644 4537 1946 4608 ἐπένθησαν

2055 4542 2108 4589 et
2131 4549 2198 4589 ex
2222 4532 2601 4603 Hierosolyma
2632 4533 2784 4589 dedit
2807 4549 2999 4607 vocem
3049 4549 3228 4600 suam,
3273 4543 3326 4590 et
3365 4535 3626 4590 luxerunt

371 4631 433 4684 αἱ
481 4629 647 4698 νομαὶ
695 4626 803 4681 τῶν
861 4628 1174 4698 ποιμένων,
1224 4629 1318 4681 καὶ
1351 4626 1627 4699 ἐξηράνθη
1668 4629 1702 4698 ἡ
1733 4630 1948 4702 κορυφὴ

371 4718 469 4774 τοῦ
495 4717 817 4788 Καρμήλου.
854 4735 874 4769 ›
927 4717 1148 4790 Ἐπειδὴ
1192 4716 1302 4788 γὰρ
1350 4716 1535 4788 μέλλει
1569 4717 1686 4779 τοῖς
1724 4716 1950 4787 πλησιο-

374 4808 576 4880 χώροις
620 4806 830 4862 ἔθνεσιν
882 4807 1106 4874 ἀλγεινὰ
1170 4806 1596 4879 προαγορεύειν,
1641 4809 1952 4878 ἀναγκαίως

374 4897 642 4963 διδάσκει,
668 4895 832 4951 πόθεν
861 4898 918 4950 αἱ
964 4897 1104 4952 κατὰ
1144 4897 1348 4953 τούτων
1377 4898 1702 4970 ἐκφέρονται
1733 4899 1904 4972 ψῆφοι
1933 4917 1948 4932 ο

375 4989 490 5044 ἀπὸ
505 4988 616 5058 γάρ
638 4985 748 5057 τῆς
779 4987 1198 5057 Ἰερουσαλὴμ,
1218 4989 1374 5059 φησὶ,
1395 4991 1489 5044 καὶ
1513 4989 1608 5044 τοῦ
1624 4990 1762 5044 Σιὼν
1776 4991 1956 5063 όρους,

377 5080 475 5134 τοῦ
507 5079 646 5133 Θεοῦ
675 5079 782 5134 τῶν
815 5079 953 5134 ὅλων
984 5079 1381 5150 φθεγξαμένου,
1413 5083 1505 5135 καὶ
1537 5083 1646 5136 τῶν
1675 5082 1956 5155 τιμωριῶν

376 5171 481 5234 τὰς
530 5169 834 5241 ἀποφάσεις
904 5170 1312 5244 ποιησαμένου,
1366 5171 1698 5244 πενθήσουσι
1753 5174 1853 5244 μὲν
1906 5174 1955 5228 οἱ

377 5261 661 5330 ποιμένες,
691 5260 788 5316 ἅτε
826 5260 891 5333 δὴ
927 5261 1135 5333 τροφὴν
1163 5263 1279 5324 τοῖς
1322 5261 1416 5316 ὑπ’
1445 5261 1626 5317 αὐτῶν
1663 5278 1954 5333 ποιμαινο-

380 5351 567 5421 μένοις
595 5351 694 5422 ούχ
732 5351 1075 5421 εὑρίσκοντες
1108 5351 1451 5422 θρέμμασιν·
1481 5351 1629 5415 ἅπας
1654 5352 1711 5406 δὲ
1747 5354 1776 5406 ό
1800 5353 1953 5423 Κάρ-

453 5513 482 5552 ε
515 5503 618 5560 Isa.
645 5521 718 5570 γι,
748 5506 799 5572 l,
829 5505 886 5559 4.

2061 4639 2260 4694 pascua
2291 4631 2597 4694 pastorum,
2633 4632 2688 4678 et
2715 4624 2992 4682 arefactus
3013 4632 3098 4681 est
3127 4631 3310 4680 vertex
3333 4623 3582 4680 Carmeli.
3602 4645 3624 4676 ι

2062 4717 2273 4789 1411
2299 4717 2434 4772 Cum
2476 4716 2626 4773 enim
2662 4717 2916 4773 ﬁnitimis
2947 4717 3200 4789 gentibus
3247 4718 3428 4773 tristia
3483 4719 3626 4772 vati-

2057 4811 2349 4865 cinaturus
2388 4807 2482 4873 sit,
2522 4809 2772 4878 apposite
2809 4809 3069 4880 explicat.
3105 4809 3254 4864 unde
3295 4816 3492 4863 contra
3526 4808 3629 4864 bos

2059 4901 2311 4957 ferantur
2335 4901 2657 4970 [sententia
2692 4903 2769 4958 Ab
2797 4900 3174 4970 Hierosolyma
3211 4901 3382 4966 enim,
3422 4900 3624 4971 inquit.

2057 5000 2111 5046 et
2140 5006 2169 5044 a
2201 4999 2385 5046 monte
2417 4989 2550 5047 Sion
2581 4989 2696 5046 Deo
2736 4992 3120 5047 universorum
3171 4991 3340 5047 verba
3388 4989 3630 5047 faciente

2057 5082 2410 5136 etultionum
2463 5081 2768 5138 sententias
2819 5082 3158 5154 proferente,
3219 5082 3506 5154 lngebunt,
3545 5083 3629 5137 in-

2055 5173 2198 5243 quit,
2245 5183 2518 5243 pastores,
2553 5173 2816 5242 pabulum
2867 5173 3132 5230 nimirum
3171 5175 3468 5245 pecoribus
3509 5177 3631 5232 suis

2061 5263 2353 5333 pascendis
2376 5277 2484 5317 non
2515 5262 2860 5319 invenientes
2896 5281 2912 5320 :
2942 5264 3240 5322 universus
3264 5274 3447 5333 autem
3469 5282 3634 5322 mons

2059 5353 2350 5411 Carmelus
2379 5367 2554 5425 usque
2586 5353 2656 5408 ad
2699 5368 2974 5411 summum
3020 5358 3280 5416 verticem
3326 5358 3633 5430 privabitur

1689 5637 1923 5694 VARIE
1960 5639 2362 5698 LECTIONES.

454 5732 494 5823 ξ’
529 5731 1134 5823 [ἳσέθ-..ἓξεὶίυέοέίῗεὲἑέ
1158 5731 1610 5823 sitiemus“;
1650 5733 1915 5823 Ἐξιεοίξοις
1943 5737 2314 5823 inﬁmare.
2366 5739 2388 5770 ⁶
2419 5740 2601 5823 ent-5
2636 5743 2784 5823 περὶ·
2815 5744 2920 5800 Atii
2939 5743 3114 5823 ὑπέρο.
3136 5740 3631 5823 Ρ⁹⁰.’¹ερτζυσαλῆμ

385 5805 492 5872 lcg.
529 5817 652 5856 esse
669 5801 878 5859 videtur
914 5801 1321 5873 Ἰσραήλ,]ιιχιιι
1354 5801 1515 5857 Hebr.
1553 5801 1606 5835 ’⁷
1654 5805 1778 5874 Ὶερ.
1809 5806 1852 5860 A
1891 5806 2040 5863 addit
2067 5809 2162 5862 τοῦ
2202 5801 2373 5874 Ἰὼάς.

2486 5811 2508 5843 ⁸
2536 5811 2579 5868 C
2609 5810 2726 5867 τοῦζ
2756 5811 2884 5883 Leg.
2915 5828 3036 5868 esse
3051 5810 3177 5867 Vvid.
3201 5810 3301 5881 τῆς
3327 5810 3442 5863 τοῦ.
