4088 6412
636 342 790 412 ,1667
1609 371 2096 442 THEODORETI
2127 385 2467 453 EPISCOPI
2501 396 2864 467 CYRENSIS

650 458 869 532 frugum
901 467 1080 538 copia.
1135 469 1259 527 [haec
1298 489 1432 530 vero
1481 481 1658 550 reipsa
1711 487 1962 556 quidem,
1994 502 2054 548 ut
2104 511 2235 550 nar-

649 562 866 623 rantur,
897 560 1213 616 acciderunt
1246 580 1311 619 ex
1344 567 1539 636 pluviae
1572 571 1818 640 defectu,
1860 590 1915 635 et
1947 598 2045 653 per
2076 585 2230 640 locu-

649 651 790 698 stam
823 657 876 702 et
903 665 1145 718 erucam,
1178 655 1394 726 aliaque
1423 659 1654 732 ﬂagella,
1682 682 1805 736 quae
1839 651 2010 740 judex
2034 676 2228 745 justus

3757 430 3866 500 1668
3913 404 3918 409 ’

646 733 727 787 eis
761 736 1004 794 immisit.
1040 740 1144 797 Per
1178 745 1293 800 haec
1322 756 1506 806 tamen
1561 755 1671 810 alia
1698 733 1886 816 etiam
1931 768 2173 824 ostendit
2209 788 2224 826 :

646 833 698 877 et
735 825 988 884 lsraelem
1034 834 1252 901 quidem
1297 853 1458 896 vocat
1513 849 1754 903 verticem
1812 853 2072 926 Carmeli,
2131 863 2224 932 qui

645 917 800 964 terra:
832 917 1120 981 promissae
1166 939 1294 992 pars
1330 927 1455 985 fuit.
1499 951 1518 984 ι
1556 933 1839 996 lntroduxi
1894 949 2038 1002 enim
2100 966 2221 1019 vos,

640 1000 839 1070 inquit,
877 1006 930 1061 in
960 1019 1162 1067 terram
1189 1016 1450 1086 Carmeli,
1489 1034 1546 1079 ut
1583 1033 1952 1093 comederetis
2006 1039 2222 1098 fructus

636 1101 691 1144 et
720 1094 861 1150 bona
913 1099 1100 1168 ejush.
1137 1123 1156 1157 ι
1195 1107 1449 1168 Pastores
1507 1126 1693 1175 autem
1754 1127 2000 1194 appellat
2060 1147 2187 1203 rege

637 1182 994 1230 finitimarum
1051 1197 1292 1230 annulum
1326 1221 1338 1230 .
1374 1219 1574 1230 ....---._
1607 1227 1726 1230 μη-
1792 1215 1804 1230 ι
2091 1223 2106 1230 -
2147 1225 2182 1230 --

2328 1094 2426 1124 εσυ-ν
2450 1094 2772 1130 ιιωμμΙΙᾹυυ
2803 1094 2869 1122 το·

2323 1145 2430 1216 γῆς
2462 1151 2554 1204 καὶ
2601 1149 2755 1221 οὗτος
2800 1154 2869 1230 ἦν

635 1371 931 1436 quamdam
953 1377 1282 1446 pendebant,
1307 1387 1400 1440 sed
1433 1389 1598 1444 etiam
1627 1395 1771 1463 quod
1800 1398 1867 1453 ab
1900 1371 1983 1457 eis
2019 1419 2216 1476 perpe-

635 1467 730 1514 tuo
771 1466 1165 1531 pascebantur.
1220 1473 1287 1529 Et
1340 1476 1486 1536 Deus
1539 1485 1947 1557 universorum,
2009 1495 2209 1568 inquit,

631 1566 696 1603 ex
729 1566 910 1609 monte
939 1556 1091 1626 Sion,
1113 1571 1165 1616 et
1190 1565 1324 1620 urbe
1351 1567 1753 1646 Hierosolyma,
1805 1592 2026 1642 exteras
2075 1605 2212 1659 gen-

631 1649 714 1695 tes
759 1642 1023 1703 ﬁnitimas
1053 1652 1105 1704 in
1141 1642 1924 1740 calamitatesinﬁnitasjuxta
1955 1677 2207 1739 divinum

627 1747 787 1786 suum
823 1735 1102 1795 decretum
1137 1748 1416 1816 conjiciet.
1468 1753 1666 1814 Postea
1722 1735 1822 1832 per
1879 1777 2065 1836 partes
2113 1774 2210 1830 de-

627 1825 754 1879 licta
816 1831 1060 1898 gentium
1117 1852 1440 1910 enumerat,
1509 1851 1648 1907 etiis
1707 1825 1893 1912 illata.
1930 1866 2203 1936 supplicia
2237 1861 2279 1916 Β

619 2007 775 2068 (λείαν
833 2019 1126 2090 ἀπόφασιν.
1171 2025 1302 2083 Εἶτα
1370 2036 1512 2091 κατὰ

619 2121 718 2168 σας
744 2108 927 2175 αὐτοῖς
951 2117 1223 2188 τιμωρίας
1253 2122 1515 2183 διδάσκει.

690 2197 852 2256 Vens.
885 2204 938 2258 5.
976 2225 996 2260 ι
1056 2207 1120 2263 Ει
1175 2213 1314 2269 dixit
1372 2216 1639 2280 Dominus
1695 2244 1714 2282 :
1781 2227 1960 2302 Super
2020 2237 2200 2297 tribus

619 2287 994 2360 impietatibus
1019 2298 1293 2371 Damasci,
1330 2317 1386 2363 et
1415 2326 1584 2382 super
1610 2328 1868 2386 quatuor,
1901 2341 2008 2380 non
2037 2344 2197 2384 aver-

615 2381 783 2436 sabor
814 2401 930 2452 eos,
971 2405 1069 2458 pro
1102 2407 1170 2447 eo
1209 2399 1356 2465 quod
1405 2381 1705 2462 secuerunt
1751 2415 1924 2470 serris
1981 2417 2196 2490 1412

617 2469 714 2490 ρ--.
745 2475 778 2490 ν.
1257 2487 1279 2490 Α

1910 2469 1916 2470 κ
1981 2469 2195 2490 -τ-ε

614 2469 812 2530 ferreis
845 2493 1191 2550 praegnantes
1242 2487 1676 2556 Galaaditarum.
1715 2521 1734 2554 ι
1789 2506 2033 2565 Arersus
2086 2511 2195 2567 Do-

611 2563 796 2620 minus
825 2585 932 2624 non
965 2573 1180 2631 videtur
1210 2581 1394 2640 videre
1437 2586 1726 2647 hominum
1764 2597 1964 2653 delicta
1997 2620 2011 2656 :
2049 2605 2193 2660 unde

609 2665 665 2710 et
728 2659 920 2718 beatus
981 2666 1148 2725 David
1189 2687 1334 2744 orat,
1391 2681 1582 2740 dicens
1623 2705 1635 2740 :
1681 2707 1700 2739 ι
1740 2691 1941 2750 Averte
1993 2696 2190 2755 faciem

608 2755 757 2802 tuam
793 2766 823 2804 a
851 2759 1091 2822 peccatis
1136 2767 1340 2823 meisi.
1389 2791 1408 2823 ι
1449 2774 1582 2829 Dum
1628 2789 1811 2838 autem
1858 2790 2048 2855 punit,
2087 2791 2194 2846 Do-

606 2841 793 2896 minus
825 2845 943 2915 ipse
991 2853 1066 2904 ait
1109 2871 1124 2908 :
1162 2876 1181 2908 ι
1213 2856 1278 2912 Ει
1310 2859 1542 2920 ﬁrmabo
1577 2868 1771 2926 faciem
1806 2891 1982 2932 meam

602 3021 764 3088 sabor
807 3025 992 3097 itaque
1025 3033 1168 3090 idem
1200 3050 1282 3094 est
1305 3045 1474 3111 quod,
1504 3046 1626 3104 Non
1652 3056 1890 3124 amplius
1921 3062 2187 3130 patientia

601 3123 747 3180 utar,
781 3134 956 3188 neque
989 3136 1231 3185 avertam
1265 3133 1463 3193 faciem
1498 3157 1672 3199 meam
1722 3163 1751 3202 a
1812 3155 2054 3220 peccatis
2093 3173 2186 3214 ve-

600 3205 733 3259 stris
762 3227 774 3262 :
805 3211 899 3265 sed
936 3213 1215 3288 intuebar,
1240 3240 1364 3294 quae
1400 3231 1561 3298 prius
1593 3251 1692 3305 per
1723 3205 2041 3309 patientiam
2071 3263 2181 3303 non

598 3297 827 3355 videbar
879 3305 1084 3364 videre.
1129 3312 1287 3379 Quod
1341 3297 1472 3377 vero
1507 3326 1604 3392 ait,
1667 3328 1837 3401 Super
1886 3337 2077 3404 tribus,
2131 3351 2181 3396 et

595 3403 753 3457 super
788 3404 1040 3463 quatuor,
1100 3406 1508 3467 multitudinem
1571 3417 1866 3488 signiﬁcat.
1937 3427 2030 3482 Ait
2083 3431 2184 3501 igi-

596 3488 706 3546 tur,
737 3482 873 3540 Cum
912 3491 1090 3547 multa
1141 3493 1394 3556 Damasci
1435 3482 1648 3561 delicta
1674 3527 1816 3583 saepe
1869 3518 2182 3579 diutissime

594 3585 792 3639 passus
817 3576 945 3642 sim,
985 3596 1134 3636 nunc
1163 3601 1274 3641 non
1305 3593 1543 3661 amplius
1579 3602 1779 3667 patiar,
1813 3621 1991 3674 neque
2022 3625 2180 3666 aver-

593 3666 701 3725 tar,
763 3669 1062 3731 quominus
1101 3689 1292 3731 eorum
1349 3680 1650 3742 immensas
1709 3691 2030 3762 iniquitates
2099 3703 2178 3756 vi-

593 3749 802 3818 deam,‘
836 3759 1184 3826 potissimum
1223 3785 1361 3839 quas
1393 3783 1587 3830 contra
1632 3780 1949 3844 Galaaditas
2000 3793 2173 3849 moliti

590 3851 744 3911 sunt,
791 3849 1175 3910 crudelitatem
1229 3868 1283 3914 et
1327 3861 1600 3923 feritatem
1668 3874 1724 3928 in
1781 3876 1903 3933 illos
1964 3891 2171 3940 tantam

589 3949 936 4005 exercentes,
985 3953 1046 3999 ut
1085 3950 1248 4005 etiam
1306 3957 1566 4015 mulieres
1597 3979 1942 4036 praegnantes
1999 3981 2170 4036 serris

587 4033 890 4088 sccuerint.
923 4034 1037 4090 Hoc
1068 4041 1287 4109 planius
1324 4046 1693 4119 Symmachus
1711 4033 1920 4128 docuit,
1952 4066 2166 4137 dicens,

590 4137 608 4169 ι
646 4119 752 4176 Pro
777 4140 844 4180 eo
866 4128 1012 4197 quod
1046 4133 1450 4194 trituraverunt
1485 4145 1622 4202 rotis
1649 4147 1847 4208 terreis
1879 4154 2107 4214 Galaad.
2141 4183 2158 4214 ι

581 4208 641 4264 1n
688 4216 934 4272 eamdem
971 4236 1102 4277 vero
1141 4232 1473 4286 sententiam
1524 4248 1809 4296 verterunt
1857 4245 2054 4316 Aquila
2111 4262 2165 4307 et

584 4303 907 4364 Tbeodotio.
942 4309 1095 4367 Unde
1128 4321 1479 4389 perspicuum
1530 4339 1633 4394 est,
1686 4335 1832 4399 quod
1869 4303 1936 4392 ini
1977 4303 2160 4400 aream

579 4399 874 4464 quamdam
912 4404 1172 4463 mulieres
1229 4413 1523 4479 praedictas
1589 4423 1969 4495 projicientes,
2021 4437 2162 4493 rotis

579 4491 807 4546 serratis
863 4501 1123 4565 tanquam
1194 4502 1384 4570 spicas
1414 4509 1717 4567 crudeliter
1751 4519 2157 4583 trituraverint.

577 4580 787 4636 (fataad
821 4595 1003 4641 autem
1041 4597 1095 4644 et
1134 4591 1249 4661 ipsa
1303 4595 1440 4652 urbs
1485 4610 1602 4654 erat
1660 4604 1903 4675 lsraelis,
1961 4625 2154 4671 contra
2189 4627 2230 4680 ο

573 4690 738 4744 quam
778 4676 1028 4735 Damasci
1069 4683 1262 4741 incola:
1293 4687 1408 4746 haec
1446 4703 1667 4763 patrare
1695 4704 1816 4758 ausi
1863 4715 2014 4762 sunt.
2046 4709 2156 4764 lni-

571 4767 783 4833 quitate
812 4771 893 4824 sic
933 4773 1227 4845 patefacta,
1265 4782 1530 4842 ultionem
1564 4792 1834 4863 adjungit.

2329 778 2530 850 ἀκρίδα
2555 823 2568 847 ,
2602 789 2695 840 καὶ
2728 792 2829 862 τὴν
2861 796 3089 868 κάμπην
3114 841 3130 865 ,
3163 778 3261 854 και
3295 804 3394 868 τὰς
3430 778 3637 874 άλλας,
3669 814 3730 877 ἃς
3755 815 3780 866 ὁ
3803 778 3866 869 δί-

2331 886 2483 936 καιος
2509 876 2694 943 αὐτοῖς
2722 886 2916 956 κριτὴς
2943 889 3240 963 ἐπενήνοχε
3272 895 3560 966 μάστιγας.
3593 901 3867 977 Παραδηλοῖ

2327 960 2383 1014 δὲ
2415 963 2564 1034 ὅμως
2596 969 2684 1024 διὰ
2724 975 2929 1032 τούτων
2961 982 3054 1035 καὶ
3088 960 3284 1056 ἔτερα,⁷
3311 989 3408 1042 καὶ
3446 960 3599 1046 καλεί
3625 960 3866 1068 κόρυεόὴν

2328 1053 2429 1124 μὲν
2450 1061 2772 1130 Καρμήλου
2803 1069 2894 1122 τὸν
2931 1073 3146 1146 Ἰσραήλ
3172 1053 3193 1106 ί
3213 1079 3315 1148 τῆς
3345 1081 3455 1153 γὰρ
3486 1053 3864 1164 ἐπηγγελμένης

2912 1164 3118 1235 μόριον.
3156 1188 3175 1219 ι
3206 1171 3516 1241 Εἱσήγαγον
3557 1177 3680 1247 γὰρ,
3705 1183 3860 1253 φησιν,

2171 1225 2216 1278 ί·
2324 1235 2470 1307 ὑμᾶς
2501 1242 2582 1304 εἰς
2605 1243 2698 1297 τὸν
2740 1225 3072 1322 Κάρμηλον,
3126 1261 3220 1312 τοῦ
3271 1225 3468 1330 φαγεῖν
3501 1225 3861 1340 τοῦςΓκαρποῦἐ

2319 1335 2485 1384 αὑτοῦ
2519 1335 2615 1388 καὶ
2645 1337 2716 1391 τά
2751 1341 2934 1409 ἀγαθὰ
2961 1347 3152 1405 αὑτοῦ.
3188 1370 3208 1402 ι
3241 1354 3536 1422 Ποιμέγιις
3560 1357 3613 1409 δὲ
3642 1335 3859 1429 ὀνομάζει

2318 1420 2428 1475 τῶν
2473 1426 2691 1497 ὁμόρων
2731 1431 2904 1488 ἐθνῶν
2935 1439 3062 1504 τοὺς
3115 1420 3407 1511 βασιλέαςο
3443 1449 3628 1516 νομὰς
3668 1420 3856 1516 δὲ’τόὺς

2315 1513 2521 1570 τούτων
2556 1519 2834 1592 ὑπηκόους
2859 1570 2872 1592 ,
2925 1529 2986 1582 οὐ
3039 1532 3200 1602 μόνον
3229 1535 3313 1589 ὅτι
3344 1513 3550 1607 δασμδν
3581 1513 3750 1605 αὐτοῖς
3783 1513 3857 1598 καῖ

2316 1602 2482 1674 φόρον
2527 1600 2639 1662 οἷόν
2680 1627 2802 1664 τινα
2856 1600 3050 1688 νομὴν-
3082 1600 3507 1694 προσεκόμιζον,
3541 1629 3653 1682 ἀλλ’
3682 1600 3756 1684 δτί
3781 1636 3857 1686 καὶ

2314 1691 2407 1746 ὑπ’
2439 1695 2620 1751 αὐτῶν
2654 1700 2924 1760 διετέλουν
2954 1711 3266 1782 νεμόμενοι.
3307 1691 3474 1785 Ᾰέγει
3504 1719 3676 1774 τοίνυν
3699 1761 3712 1784 ,
3739 1725 3807 1777 ὅτι
3834 1727 3855 1776 6

2315 1783 2414 1852 μὲν
2459 1786 2569 1841 τῶν
2613 1791 2750 1846 ὅλων
2782 1795 2915 1862 Θεὸς
2961 1801 3070 1854 ἀπὸ
3119 1803 3214 1858 τοῦ
3253 1783 3618 1880 Σιὼνήδρους,
3651 1783 3737 1865 καὶ
3776 1817 3855 1883 τῆς

2320 1873 2677 1953 Ἰερουσαλὴμ
2705 1887 2932 1952 πόλεως,
2976 1895 3070 1946 καὶ
3106 1896 3176 1950 τὰ
3198 1897 3356 1952 ’ἄλλα
3399 1873 3524 1973 ἔθνη
3665 1873 3854 1975 πλησιόλ

2312 1985 2468 2041 χωρα
2499 1978 2866 2045 παντοδαποῖς
2897 1986 3367 2062 περιϐληθήσεται
3401 1998 3588 2059 κακοῖς
3630 1997 3756 2051 κατὰ
3776 1998 3852 2068 τὴν

1559 2040 1726 2113 μέρος
1781 2047 1875 2100 καὶ
1936 2050 2038 2117 τὰς
2097 2040 2483 2134 πλημμελείας
2526 2071 2634 2126 τῶν
2669 2040 2860 2132 ἐθνῶν*
2899 2040 3200 2153 ἐξηγεῖται,
3261 2088 3361 2142 καὶ
3412 2090 3512 2156 τὰς
3578 2040 3850 2164 ἐπενεχθείο

2375 2253 2444 2316 γ’.
2485 2268 2506 2300 ‹
2536 2251 2648 2305 Καὶ
2677 2249 2798 2308 εἶπε
2816 2258 3023 2330 Κύριος
3043 2277 3060 2292 ο
3111 2261 3236 2318 Ἐπὶ
3264 2267 3392 2330 ταῖς
3413 2268 3587 2340 τρισὶν
3612 2269 3847 2338 ἀσεϐείαις

2302 2338 2617 2408 Δαμασκοῦ,
2656 2348 2750 2400 καὶ
2783 2350 2877 2402 ἐπὶ
2904 2354 3026 2416 ταῖς
3059 2353 3357 2426 τέσσαρσιν
3401 2338 3499 2413 οῦκ
3531 2362 3845 2437 ἀποστραφή·

2303 2443 2463 2498 σομαι
2501 2433 2698 2497 αὐτοὺς
2717 2439 2758 2500 ³,
2795 2438 2910 2492 ἀνθ’
2941 2433 3016 2494 ὧν
3051 2442 3271 2514 ἔπριξον
3307 2448 3493 2515 πρίοσι
3524 2433 3744 2523 σιδηροῖς
3766 2433 3844 2518 τάς

2299 2517 2358 2570 ἐν
2399 2523 2597 2593 γαστρὶ
2643 2527 2875 2597 ἐχούσας
2906 2533 3016 2585 τῶν
3054 2534 3481 2595 Γαλααδιτῶνίο.
3521 2561 3539 2593 ι
3586 2517 3839 2616 Ἀποστρεο

2299 2608 2532 2677 φόμενος
2581 2615 2610 2666 ὁ
2640 2616 2772 2680 Θεὸς
2820 2619 2881 2672 οὐ
2929 2621 3080 2675 δοκεῖ
3123 2627 3256 2696 ὀρᾷν
3309 2629 3420 2682 τῶν
3469 2608 3839 2705 ἀνθρώπωνΙτὰ

2298 2698 2748 2774 πλημμελήματα
2775 2724 2790 2740 ⁶
2827 2704 2998 2784 οὗπερ
3041 2715 3224 2768 εἵνεκα
3268 2719 3366 2772 καὶ
3409 2719 3437 2770 ὁ
3474 2698 3725 2792 μακάριος
3756 2727 3837 2776 Δα-

2295 2789 2380 2842 6ὶδ
2405 2795 2785 2866 προσεύχεται,
2810 2801 2984 2870 λέγων
3009 2820 3024 2834 ·
3051 2824 3069 2856 ι
3111 2789 3486 2879 Ἀπόστρεψον
3506 2811 3565 2864 τὸ
3589 2789 3835 2884 πρόσωπόν

2027 2897 2194 2952 super
2294 2896 2389 2932 σου
2431 2883 2541 2936 ἁπδ
2573 2885 2683 2938 τῶν
2725 2888 3009 2960 ἁμαρτιῶν
3057 2911 3180 2963 μου.
3232 2915 3251 2947 ι
3301 2898 3494 2953 Ἡνίκα
3543 2902 3596 2956 δὲ
3632 2883 3832 2968 κολάζει,

605 2944 726 2992 vos,
753 2950 771 2983 ι
799 2945 852 2987 et
871 2939 1160 3008 respiciam
1190 2947 1256 3001 ad
1282 2949 1604 3020 iniquitates
1631 2971 1862 3019 vestras;
1897 2965 2020 3021 Non
2043 2987 2190 3026 aver-

2291 2973 2454 3036 αὐτὸς
2504 2978 2532 3028 ὁ
2574 2977 2707 3042 Θεὸς
2765 2980 2911 3049 λέγει
2938 2999 2952 3014 ·
2991 3004 3010 3036 ι
3053 2987 3164 3039 Καὶ
3221 2993 3435 3060 στηριῶ
3478 2993 3538 3046 τὸ
3585 2997 3832 3066 πρόσωπόν

2297 3081 2400 3134 μου
2443 3069 2530 3137 ἐφ’
2572 3070 2757 3138 ὑμᾶς,
2814 3074 2909 3128 καὶ
2950 3076 3319 3152 ἐπιϐλέψομαι
3376 3086 3468 3138 ἐπὶ
3515 3085 3611 3149 τὰς
3658 3087 3832 3149 ἀδικίας

2291 3157 2466 3227 ὑμῶν.
2501 3179 2520 3212 ι
2555 3161 2629 3215 Τὸ
2659 3159 2772 3231 οῦν,
2809 3168 2931 3222 Οὐκ
2973 3169 3553 3246 ἀποστραφήσομαι,
3589 3179 3698 3232 ἀντὶ
3739 3178 3827 3238 τοῦ.

2289 3250 2488 3304 Οὐκέτι
2520 3255 2953 3328 μακροθυμήσω,
2986 3261 3106 3315 οὐδὲ
3135 3263 3470 3338 ἀποστρέψαι
3503 3269 3562 3322 τδ
3583 3267 3833 3337 πρόσωπόν

2293 3359 2396 3413 μου
2428 3343 2536 3397 ἀπὸ
2577 3345 2688 3401 τῶν
2721 3349 3003 3421 ἁμαρτιῶν
3044 3354 3200 3424 ὑμῶν
3225 3372 3240 3387 ·
3281 3358 3318 3411 ἀ
3361 3360 3407 3412 λ’
3447 3358 3642 3431 δψομαι
3673 3359 3705 3414 ἃ.
3728 3358 3835 3428 πρό-

2283 3451 2441 3506 τερον
2485 3436 2573 3490 διὰ
2621 3441 3006 3512 μακροθυμίαν
3053 3446 3153 3500 οὐκ
3202 3447 3437 3503 ἐδόκουν
3490 3453 3637 3522 ὀρᾷν.
3688 3450 3750 3504 Τὸ
3789 3447 3832 3501 δὲ

2279 3526 2379 3580 ἐπὶ
2410 3529 2542 3594 ταῖς
2565 3531 2744 3598 τρισὶ,
2789 3535 2887 3587 κα)
2915 3535 3015 3588 ἐπὶ
3048 3538 3180 3604 ταῖς
3213 3538 3540 3610 τέσσαρσι,
3571 3543 3626 3596 τὸ
3663 3539 3830 3612 πλῆθος

2281 3619 2560 3688 σημαίνει.
2611 3623 2774 3690 Λέγει
2832 3627 3040 3694 τοίνυν,
3083 3629 3166 3683 ὅτι
3220 3632 3410 3687 Πολλὰ
3469 3634 3715 3697 πολλάκις
3751 3629 3832 3701 τῆς

2277 3711 2572 3780 Δαμασκοῦ
2619 3715 3154 3790 πεπλημμεληκυίας
3202 3723 3296 3776 ἐπὶ
3353 3725 3607 3780 πλεῖστον
3633 3723 3826 3793 ἀνασχόο

2279 3819 2458 3871 μενος,
2497 3805 2592 3860 νῦν
2629 3809 2813 3862 οὐκέτι
2858 3814 3296 3887 μακροθυμήσω,
3341 3820 3468 3873 οὐδὲ
3513 3818 3827 3890 ἀποστραφή-

2276 3911 2458 3965 σομαι,
2493 3896 2634 3953 ὥστε
2678 3902 2858 3956 αὐτῶν
2892 3904 2968 3974 μὴ
3019 3905 3148 3959 ίδεῖν
3179 3908 3278 3970 τὰς
3318 3909 3594 3984 ἀρρήτους
3621 3924 3826 3982 παρανο-

2277 3989 2438 4011 -.!_--
2483 3990 2706 4011 §__UA,I
2909 3997 2950 4011 ..ι
3030 3997 3051 4011 ι
3273 3999 3285 4011 ι
3396 4003 3423 4011 -
3519 4004 3558 4011 ..-
3595 4003 3610 4011 -
3698 4002 3718 4011 λ
3773 3999 3794 4011 ο

2276 3989 2438 4058 μίαςο
2478 3990 2849 4062 διαφερόντως
2904 3997 2961 4050 δὲ
3027 3997 3095 4061 ἃς
3153 3999 3298 4053 κατὰ
3348 4003 3465 4058 τῶν
3519 3999 3824 4056 Γαλααδιτῶν

2269 4081 2692 4153 τετολμήκασιν,
2749 4086 2997 4158 ὠμότητι
3039 4092 3161 4144 κατ’
3212 4091 3396 4146 αὐτῶν
3449 4096 3543 4148 καὶ
3597 4089 3822 4164 θηριωδίᾳ

2269 4171 2647 4241 χρησάμενοι.
2700 4175 2776 4238 ὡς
2825 4177 2920 4229 καὶ
2977 4178 3077 4242 τὰς
3131 4183 3510 4252 κυοφορούσας
3573 4184 3820 4252 διαπρῖσαι

2267 4265 2553 4328 γυναῖκας.
2587 4264 2758 4318 Τοῦτο
2802 4269 3140 4342 σαφέστερον
3179 4273 3208 4325 ὁ
3255 4272 3554 4346 Σύμμαχος
3601 4269 3815 4334 ἐδίδαξεν.

2266 4349 2505 4420 είρηκὼς
2529 4365 2545 4381 '
2583 4369 2602 4404 ι
2651 4353 2790 4408 Ἀνθ’
2819 4348 2895 4408 ὧν
2937 4357 3194 4429 ἡλώησαν
3241 4367 3455 4432 τροχοῖς
3485 4362 3711 4433 σιδηροῖς
3737 4355 3818 4426 τὴν

2264 4439 2496 4497 Γαλαάδ.
2533 4461 2551 4494 ι
2581 4442 2691 4514 Τὴν
2721 4447 2894 4516 αὐτὴν
2919 4447 2975 4501 δὲ
3003 4449 3245 4505 διάνοιαν
3291 4455 3389 4507 καὶ
3431 4456 3459 4507 ὁ
3495 4451 3712 4554 ’Λκὺλας
3741 4445 3816 4554 uel

2263 4533 2292 4585 ὁ
2317 4532 2612 4590 Θεοδοτίων
2657 4537 2954 4596 τεθείκασι.
3012 4541 3375 4614 Μανθάνομεν
3412 4547 3608 4606 τοίνυν,
3644 4544 3713 4605 ὡς
3751 4538 3815 4599 εἰς

2261 4622 2372 4677 ἅλω
2416 4627 2538 4681 τινὰ
2604 4627 2894 4698 βάλλοντες
2946 4631 3048 4694 τὰς
3105 4638 3510 4736 προειρημένας
3560 4636 3812 4736 γυναῖκρς.

2264 4718 2378 4780 τοῖς
2427 4721 2788 4789 πριονοειδέσι
2847 4725 3064 4793 τροχοῖς
3126 4724 3282 4795 δίκην
3334 4729 3522 4828 αὑτὰς.
3561 4722 3812 4828 (Ξιιτθξαχύιιιῖί

2262 4806 2429 4877 ὠμῶς
2478 4811 2863 4883 κατηλώησαν.
2911 4815 2973 4870 Ἡ
3021 4814 3078 4868 δὲ
3133 4818 3384 4873 Γαλαὰδ
3437 4819 3590 4881 πόλις
3632 4814 3694 4888 ἦν
3735 4812 3811 4866 καὶ

1635 4858 1644 4860 -
1740 4858 1764 4863 ν
2269 4858 2426 4877 "r-"v
2479 4858 2863 4883 ----ν-ι----ιν---
2918 4858 2969 4870 -υ-
3024 4858 3078 4868 v-
3133 4858 3377 4873 --vvwwv
3443 4858 3588 4881 μνη-ν
3635 4858 3691 4931 :t'
3736 4858 3810 4918 ’ΐ-

571 4858 708 4930 αὕτη
741 4861 836 4913 τοῦ
873 4865 1112 4940 Ἰσραὴλ,
1143 4874 1222 4934 εἰς
1253 4875 1320 4945 ἢν
1347 4878 1396 4929 οἱ
1424 4881 1523 4950 τὴν
1552 4886 1845 4956 Δαμασκὸν
1874 4895 2153 4964 οἰκοῦντες
2191 4903 2568 4976 τετολμήκασι
2612 4907 2805 4962 ταῦτα.
2859 4908 3017 4963 Οὕτω
3073 4910 3172 4983 τὴν
3225 4915 3572 4986 παρανομίαν
3627 4909 3810 4966 υποδει·

572 4948 667 4986 βαρ
719 4951 910 4986 inleve-
947 4959 1045 4986 —.‘...
1074 4965 1347 4986 -..----ιιη,

571 4948 688 5012 ξας,
719 4951 914 5020 ἐπάγει
947 4959 1045 5026 τὴν
1074 4965 1369 5034 τιμωρίαν.

646 5036 808 5098 Vsas.
843 5047 896 5099 4.
919 5066 938 5098 ι
975 5049 1043 5104 Ει
1063 5055 1272 5111 mittam
1314 5061 1494 5131 ignem
1525 5067 1581 5122 in
1616 5068 1841 5129 domum
1872 5077 2144 5139 Azaelis.»

569 5129 684 5188 Rex
721 5143 901 5192 autem
939 5139 1042 5196 fuit
1080 5147 1171 5201 ille
1216 5129 1498 5210 Damasci.
1537 5179 1554 5210 ι
1597 5162 1663 5216 Ει
1699 5164 1984 5226 devorabit
2024 5173 2150 5232 fun-

565 5223 824 5281 damenta
878 5231 971 5286 ﬁlii
1014 5235 1226 5309 1413
1258 5242 1423 5300 Ader.
1474 5267 1492 5299 ι
1533 5251 1673 5306 Ader
1730 5223 1983 5319 nonnulli

2033 5316 2113 5338 Ὗ.

567 5316 681 5369 nati
713 5327 843 5372 sunt
884 5320 1057 5379 fuisse
1111 5341 1320 5396 patrem
1356 5336 1596 5409 Azaelis,
1632 5344 1888 5405 bifariam
1944 5370 2142 5413 nomen

564 5407 896 5479 dividentes,
924 5423 979 5469 et
1014 5422 1247 5477 seorsim
1283 5425 1478 5498 ﬁlium,
1515 5440 1747 5495 seorsim
1796 5443 1944 5501 Ader
1975 5449 2141 5506 intel-

627 5543 658 5584 ιι
687 5543 893 5604 Jerem.
927 5567 985 5615 ll,
1019 5555 1068 5609 7.
1156 5559 1169 5597 ί
1209 5556 1353 5613 Psal.
1391 5578 1442 5627 ι,
1471 5565 1523 5619 9.

2327 5089 2390 5144 δ’.
2422 5109 2441 5142 ι
2481 5091 2593 5145 Καὶ
2637 5093 2922 5148 ἀποστελῶ
2965 5095 3078 5168 πῦρ
3111 5099 3192 5162 είς
3220 5098 3312 5154 τὸν
3365 5095 3512 5153 οἷκον
3553 5094 3753 5198 ’λὲζαήλί

2256 5181 2522 5248 Βασιλεὺς
2569 5185 2629 5238 δὲ
2679 5181 2834 5252 οὗτος
2881 5190 3125 5258 ἐγεγόνει
3169 5192 3268 5261 τῆς
3315 5189 3622 5262 Δαμασκοῦ.
3663 5207 3680 5239 ι
3717 5185 3805 5238 Καὶ

2254 5275 2634 5344 καταφάγεται
2682 5279 2910 5351 θεμέλια
2962 5281 3080 5334 υἱοῦ
3120 5283 3308 5354 Ἀδερ.
3359 5304 3377 5337 ι
3441 5281 3634 5392 Τοῦτόὲ
3681 5290 3803 5392 τινες

2254 5364 2521 5392 .⁹.-.η..ε-..
2576 5369 2783 5392 _.__1-_
2853 5371 2940 5392 __!
2993 5373 3182 5392 91v,\\
3291 5376 3315 5392 ι
3372 5377 3428 5392 ιι
3635 5373 3708 5392 ιν...
3753 5382 3780 5392 -

2253 5364 2521 5419 ὑπέλαϐον
2574 5369 2788 5441 πατέρα
2849 5371 2943 5425 τοῦ
2993 5373 3228 5446 agam,
3286 5376 3551 5438 διελόντες
3599 5373 3711 5440 δίχα
3753 5365 3803 5419 τδ

2248 5453 2438 5526 δνομα,
2473 5460 2568 5513 καὶ
2612 5462 2780 5533 χωρὶς
2817 5463 2915 5533 μὲν
2948 5465 3038 5520 τὸν
3075 5466 3189 5520 υίὸν
3211 5508 3225 5536 ,
3260 5468 3426 5540 χωρὶς
3459 5466 3513 5521 δὲ
3541 5465 3628 5519 τὸν
3659 5457 3800 5524 Ἄδερ

1839 5649 2072 5747 πω
2114 5694 2516 5757 ιΕΟΤΙΟΝΕΒ.

666 5746 981 5808 ’.Rec.lect.
1014 5767 1096 5814 est
1128 5763 1313 5822 αὐτόν.
1397 5771 1438 5801 ¹⁰
1464 5774 1509 5824 Α
1535 5774 1766 5831 Γαλαὰδ.
