4088 6412
437 409 579 476 1669

1762 414 1843 475 IN
1866 412 2066 475 AMOS
2096 412 2254 475 CAP.
2289 415 2340 476 Ι.

3555 421 3690 489 1670

434 527 738 597 νοήσαντες
767 540 781 554 ·
818 525 935 578 ἔστι
967 524 1023 578 δὲ
1057 525 1115 578 ἒν
1149 526 1322 597 ὄνομα
1344 543 1357 556 ·
1399 526 1646 600 Βαραδὰδ
1687 529 1795 598 γάρ
1837 526 2008 596 κέκλη

2135 527 2387 597 ligentes,
2429 543 2553 584 cum
2587 537 2770 584 tamen
2807 547 2975 587 unum
3004 532 3074 588 sit
3111 548 3310 589 nomen
3340 553 3353 590 :
3391 549 3517 589 nam
3540 534 3710 588 Barac

431 636 528 672 ται
557 619 624 686 τῇ
685 616 953 686 Ἐϐραίων
1006 617 1100 669 καὶ
1153 619 1220 686 τῇ
1268 617 1459 688 Σύρων
1511 622 1693 690 φωνῇ,
1741 621 1836 672 καὶ
1877 619 2024 670 ἐστιν

435 711 498 763 οὐ
529 709 734 778 πατὴρ,
766 707 881 760 ἀλλ’
914 707 1032 770 υἱὸς
1072 707 1166 782 τοῦ
1219 706 1438 778 Ἀζαὴλ,
1480 709 1555 773 ώς
1587 712 1620 781 ἡ
1653 711 1890 781 τετάρτη
1916 709 2025 762 τῶν

437 799 738 854 Βασιλειῶν
790 797 997 867 ἱστορία
1039 797 1303 852 διδάσκει.
1349 800 1468 852 Ἐπ’
1504 800 1668 853 αὑτοῦ
1709 800 1766 854 δέ
1814 801 1908 853 καὶ
1933 801 2024 853 τὸν

435 889 656 959 ὄλεθρον
684 891 716 959 ή
749 886 1040 957 Δαμασκδς
1073 887 1334 956 ὑπέμεινε
1362 905 1376 917 ⁶
1400 889 1480 942 διὸ
1511 889 1606 942 καὶ
1647 891 1679 960 ή
1713 889 2024 960 προφητεία

436 981 613 1051 φησί’
660 999 678 1030 ι
735 979 843 1031 Kal.
897 977 1280 1047 καταφάγεται
1330 979 1558 1049 θεμέλια
1629 979 1749 1033 υἱοῦ
1810 981 1973 1053 Ἀδερ
2003 998 2019 1013 ο

433 1071 722 1137 τουτέστι,
777 1069 1083 1140 Πρόρῤιζον
1138 1071 1308 1142 αὐτῆς
1358 1071 1662 1126 ἀνασπάσω
1706 1072 1806 1144 τήν
1863 1072 2020 1142 βασι-

433 1165 611 1221 λείαν.

505 1265 547 1311 ε’
579 1278 596 1309 ι
625 1259 734 1312 Καὶ
757 1259 1034 1330 συντρίψω
1063 1257 1296 1329 μοχλοὺς
1329 1259 1642 1328 Δαμασκοῦ.
1680 1277 1698 1309 ι
1739 1259 1852 1329 Τὴν
1881 1275 2020 1328 προ-

431 1350 598 1422 τέραν
635 1350 806 1420 αὐτῆς
835 1350 1138 1418 ἀσφάλειαν
1169 1350 1480 1403 καταλύσω.
1522 1369 1539 1401 ι
1568 1351 1680 1404 Καὶ
1715 1349 2020 1420 ἐξολοθρεύο

433 1460 514 1496 σω
541 1439 930 1503 κατοικοῦντας
959 1444 1023 1494 ἐκ
1044 1441 1227 1494 πεδίου
1259 1442 1434 1503 “Ων¹¹,
1469 1442 1563 1494 καὶ
1596 1441 1891 1510 κατακόψω
1917 1459 2020 1511 φυ-

431 1532 532 1604 λὴν
560 1533 617 1599 ἐξ
647 1533 855 1602 ἀνδρῶν
883 1531 1129 1604 Χαρράν,
1169 1533 1262 1584 καὶ
1290 1531 1865 1602 αίχμαλωτευθήσεται
1893 1530 2020 1592 λαὸς

430 1625 636 1696 Συρίας
660 1624 970 1693 ἐπίκλητος,
1003 1623 1152 1692 λέγει
1193 1623 1415 1695 Κύριος.
1452 1642 1470 1675 ι
1515 1625 1588 1677 Ού
1627 1624 1784 1694 μόνον
1816 1625 1873 1677 δὲ
1919 1624 2018 1694 τὴν

433 1716 791 1787 μητρόπολιν,
823 1715 959 1770 ἀλλὰ
990 1715 1237 1778 καὶτοὺς
1271 1716 1584 1787 περιοίκους
1615 1717 1884 1778 ἅπαντας,
1925 1715 2020 1769 καὶ

430 1810 560 1870 τοὺς
589 1809 649 1859 ἐκ
684 1807 782 1878 τῆς
811 1807 908 1876 μὲν
951 1806 1179 1877 Χαρρἀ
1223 1807 1666 1870 ἀποικισθέντας,
1695 1808 1811 1859 ἐκεῖ
1847 1809 1903 1860 δὲ
1936 1809 2009 1861 οἰ-

430 1898 684 1963 κοῦντας,
743 1899 835 1950 καὶ
881 1898 1008 1960 τοὺς
1062 1897 1142 1968 τῷ
1191 1898 1287 1950 Ὢν
1340 1897 1545 1967 εἰδώλῳ
1592 1897 2010 1967 παροικοῦντας,

429 1989 803 2061 δορυαλώτους
837 1988 1087 2057 γενέσθαι
1123 1988 1554 2058 παρασκευάσω,
1599 1987 1695 2041 καὶ
1724 1987 1821 2057 τὴν
1847 1988 2013 2040 πάλαι

430 2079 793 2149 περίϐλεπτον
822 2079 919 2149 τῆς
957 2078 1156 2148 Συρίας
1199 2077 1478 2148 βασιλείαν
1523 2077 1801 2142 παντελῶς
1845 2096 2014 2132 κατα-

427 2170 598 2224 λύσω.
641 2159 1003 2238 Ἑπίκλητον
1027 2169 1137 2240 γὰρ
1167 2169 1230 2222 τὸ
1267 2168 1629 2239 περίϐλεπτον
1659 2170 1868 2240 εἴρηκε.
1902 2171 2014 2224 Καὶ

427 2261 679 2331 περὶτῆς
703 2260 881 2330 Γάζης
907 2260 964 2313 δὲ
997 2259 1168 2328 λέγει,
1203 2260 1286 2313 ὅτι
1323 2259 1432 2312 Καὶ
1460 2259 1602 2330 τρὶς,
1639 2260 1733 2313 καὶ
1755 2261 2013 2331 τετράκις

429 2352 884 2423 μακροθυμήσας,
927 2351 1020 2404 ἐπὶ
1080 2351 1331 2404 πλεῖστον
1367 2349 1547 2404 αὐτῶν
1599 2349 1699 2402 οὐκ
1747 2350 2011 2420 ἀνέξομαι

423 2445 914 2516 παρανομούντων.
943 2445 1111 2497 Πλέον
1135 2443 1192 2497 δέ
1223 2461 1291 2514 με
1317 2443 1663 2514 χαλεπαίνειν
1687 2445 1806 2497 κατ’
1831 2443 2010 2497 αὐτῶν

422 2535 728 2602 ἀναγκάζει
752 2534 820 2586 τά
843 2532 985 2586 κατὰ
1006 2531 1099 2585 τοῦ
1128 2532 1259 2586 λαοῦ
1282 2532 1374 2586 τοῦ
1406 2530 1542 2603 ἐμοῦ
1566 2533 1658 2586 ὑπ’
1679 2531 1858 2585 αὐτῶν
1885 2531 2009 2584 τολ-

427 2627 678 2696 μώμενα.
736 2644 754 2676 ι
795 2626 1022 2679 Ἕνεκεν
1056 2625 1185 2698 γὰρ,
1235 2625 1387 2694 φησὶ,
1427 2624 1522 2678 τοῦ
1563 2623 2008 2694 αἰχμαλωτεῦσαι

422 2718 623 2780 αὐτοὺς
656 2717 1031 2786 αἰχμαλωσίαν
1065 2715 1158 2768 τοῦ
1193 2715 1444 2785 Σολομὼν
1468 2717 1536 2780 ¹¹,
1571 2715 1664 2767 τοῦ
1693 2712 2008 2782 συγκλεῖσαι

423 2812 506 2874 εἰς
525 2809 623 2880 τὴν
667 2808 991 2879 Ἰδουμαίαν.
1034 2827 1051 2858 ι
1088 2806 1259 2860 Τοῦτο
1283 2805 1340 2860 δέ
1363 2823 1505 2868 τινες
1537 2805 1636 2874 μὲν
1660 2804 1802 2858 οὕτω
1822 2805 2010 2877 νενοή-

421 2917 606 2966 κασιν,
629 2901 710 2952 ὅτι
736 2899 829 2952 τοῦ
855 2898 1197 2966 Σολομῶντος
1223 2897 1602 2968 αἰχμαλώτους
1633 2896 1802 2950 πάλαι
1846 2896 2008 2949 Ἰδου-

426 2991 680 3062 μαίους¹³
707 2989 982 3054 λαϐόντος,
1017 2990 1110 3043 καὶ
1133 2991 1212 3052 εἰς
1243 2989 1342 3060 τὴν
1397 2988 1654 3042 Ἰουδαίαν
1676 2987 1739 3019 ’³⁸
1780 2987 2007 3057 καθείρ-

424 3085 635 3148 ξαντος,
674 3076 822 3135 οὗτοι
857 3080 1221 3151 πολεμοῦντες
1257 3080 1549 3144 Ἰουδαίοις,
1598 3079 1819 3142 τούτους
1860 3079 2010 3132 ἐλευ-

2129 618 2233 672 dad
2266 628 2493 678 vocatus
2524 623 2630 674 fuit
2681 621 3037 677 llebrzeorum
3073 633 3126 679 et
3176 625 3440 696 Syrorum
3501 626 3707 695 lingua,

2127 719 2181 763 et
2211 726 2320 764 non
2354 720 2528 782 pater,
2555 712 2650 768 sed
2685 712 2831 768 ﬁlius
2873 712 2977 768 fuit
3016 715 3254 781 Azaelis,
3293 725 3352 768 ut
3397 715 3556 770 docet
3606 715 3709 770 Re-

2127 816 2358 869 gnorum
2415 803 2555 858 liber
2607 813 2872 874 quartus,
2942 806 3055 861 Sub
3091 824 3156 863 eo
3216 824 3345 862 vero
3403 807 3708 864 Damascus

2126 908 2319 948 eversa
2345 895 2509 963 periit
2541 913 2555 949 :
2591 896 2740 950 u'nde
2769 899 2846 951 ait
2880 899 3169 968 prophetia
3205 917 3218 953 :
3253 917 3271 950 ι
3304 899 3368 952 Ει
3419 899 3708 954 devorabit

2125 985 2485 1040 fundamenta
2544 986 2639 1040 filii
2692 987 2858 1054 Ader,
2897 1007 2914 1040 ι
2953 991 3058 1044 hoc
3103 999 3222 1058 est,
3256 989 3540 1046 Radicitus
3582 990 3706 1059 ejus

2125 1093 2357 1148 regnum
2393 1079 2645 1133 evellam.

2194 1277 2363 1333 Vens.
2396 1279 2450 1332 5.
2490 1299 2506 1330 ι
2531 1278 2596 1332 Ει
2628 1289 2908 1334 conteram
2948 1289 3135 1337 vectes
3164 1279 3432 1337 Damasci.
3458 1300 3475 1332 ι
3511 1280 3704 1336 Pristi-

2123 1386 2252 1424 nunt
2287 1369 2407 1439 ejus
2440 1371 2609 1425 robur
2659 1371 2981 1426 dissolvam.
3015 1392 3033 1424 ι
3075 1371 3137 1425 Et
3181 1373 3494 1442 disperdam
3553 1373 3706 1427 babi-

2121 1470 2328 1517 tatores
2362 1463 2429 1518 de
2467 1479 2662 1534 campo
2696 1464 2798 1528 On,
2831 1475 2884 1520 et
2915 1465 3206 1520 concidam
3242 1466 3441 1521 tribum
3469 1481 3534 1520 ex
3570 1467 3704 1522 viris

2122 1549 2390 1603 Cltarran.
2422 1549 2486 1602 Et
2517 1553 2768 1621 captivus
2785 1553 3018 1608 ducetur
3041 1557 3277 1624 populus
3316 1554 3488 1627 Syriae
3529 1557 3704 1610 nomi-

2123 1651 2308 1703 natus,
2352 1641 2488 1695 dicit
2511 1640 2792 1698 Dominus.
2838 1662 2856 1693 ι
2887 1645 2965 1697 Ae
2997 1660 3102 1698 non
3134 1646 3309 1698 solum
3349 1647 3701 1715 tnetropolin.

2123 1731 2294 1786 sedet
2324 1732 2542 1784 accolas
2586 1746 2797 1794 omnes,
2832 1741 2885 1786 et
2935 1748 3032 1787 eos
3091 1732 3184 1801 qui
3233 1748 3299 1787 ex
3331 1731 3580 1785 Cltarran
3637 1749 3704 1786 eo

2121 1822 2574 1891 commigrarunt,
2600 1821 2788 1892 ibique
2819 1822 3158 1885 habitarunt,
3209 1831 3262 1877 et
3308 1823 3524 1876 vicinos
3571 1823 3702 1877 idoli

2123 1911 2227 1975 On,
2261 1914 2508 1982 captivos
2568 1912 2762 1967 faciam
2800 1923 2891 1968 :et
2947 1913 3091 1983 quod
3140 1915 3268 1968 olim
3331 1915 3545 1969 illustre
3599 1915 3704 1968 fuit

2125 2004 2296 2075 Syria:
2359 2019 2624 2074 regnum,
2695 2003 2940 2060 funditus
3000 2006 3284 2058 demoliar.
3349 2005 3702 2059 Nominatum

2119 2098 2264 2152 enim
2290 2098 2589 2167 spectabile
2612 2097 2771 2152 dixit.
2807 2095 2886 2168 [6]
2924 2096 2994 2152 Dc
3022 2097 3165 2152 Gaza
3195 2101 3423 2168 insuper
3454 2099 3551 2165 ait,
3584 2098 3702 2152 fore

2123 2197 2178 2242 ιιι
2205 2187 2320 2258 jam
2351 2189 2512 2242 tertio
2561 2196 2615 2242 et
2669 2197 2867 2257 quarto
2909 2188 3068 2258 longa
3131 2189 3392 2258 patientia
3455 2189 3508 2242 in
3576 2189 3702 2246 illos

2121 2295 2276 2342 usus,
2307 2280 2514 2358 diutius
2550 2296 2658 2334 non
2690 2281 2827 2336 ferat
2857 2280 3044 2350 inique
3066 2290 3313 2351 agentes.
3351 2281 3696 2336 Infestiorem

2120 2380 2325 2436 autem,
2348 2372 2546 2442 inquit.
2575 2372 2629 2425 in
2659 2387 2754 2427 eos
2781 2388 2904 2427 esse
2938 2388 3023 2426 me
3063 2372 3292 2443 adigunt
3323 2387 3408 2434 ea,
3439 2388 3560 2442 quae
3593 2373 3698 2442 ipsi

2119 2474 2311 2518 contra
2352 2465 2612 2534 populum
2664 2480 2844 2517 meutn
2895 2465 3312 2519 commiserunt.
3360 2481 3378 2514 ι
3413 2463 3490 2518 Eo
3529 2465 3698 2532 quod,

2120 2555 2322 2624 inquit,
2357 2555 2630 2624 captivam
2684 2555 2961 2610 duxerunt
3014 2554 3384 2624 captivitatem
3448 2555 3699 2608 Salomo‘-

2116 2646 2224 2712 nis,
2271 2657 2329 2700 ut
2362 2646 2706 2701 includerent
2747 2662 2869 2701 eam
2906 2647 2962 2701 in
2998 2644 3314 2700 Idumaeatn.
3356 2666 3373 2698 ι
3419 2645 3532 2701 lloc
3567 2662 3700 2701 vero

2116 2737 2341 2808 quidam
2376 2738 2457 2792 sic
2481 2737 2893 2801 intellexerunt,
2928 2738 3074 2808 quod
3106 2753 3232 2792 cum
3284 2737 3544 2792 Salomon
3598 2754 3697 2792 ca.-

2115 2828 2298 2898 ptivos
2347 2827 2478 2882 olim
2513 2827 2778 2883 ldumaeos
2834 2827 3074 2891 fecisset,
3116 2837 3279 2900 atque
3337 2829 3392 2883 in
3453 2827 3697 2883 Judzeam

2116 2917 2504 2982 conclusisset,
2540 2917 2630 2971 isti
2671 2915 2884 2988 1414.
2915 2917 3116 2972 bellum
3151 2925 3404 2987 gerentes
3439 2933 3563 2971 cum
3597 2915 3698 2969 Ju-

2116 3009 2272 3075 daais,
2311 3009 2568 3066 libertate
2622 3025 2720 3064 eos
2754 3011 3051 3074 donarunt,
3085 3007 3463 3080 ldumaaosque
3511 3010 3699 3065 reddi-

2116 3099 2333 3156 derunt.
2363 3098 2561 3155 Verum
2594 3101 2729 3155 mihi
2769 3100 2872 3155 hoc
2912 3101 3103 3170 procul
3143 3101 3340 3157 abesse
3382 3116 3410 3154 a
3466 3100 3698 3156 veritate

421 3175 610 3245 θερίας
639 3174 899 3244 ἠξίωσαν,
930 3173 1024 3226 καὶ
1073 3173 1407 3242 Ἰδουμαίους
1431 3171 1723 3224 ἀπέδοσαν.
1767 3170 1924 3241 Ἐμοὶ
1951 3171 2008 3224 δὲ

2116 3191 2333 3246 videtur
2371 3209 2384 3247 :
2414 3206 2539 3246 nam
2572 3190 2760 3246 decem
2789 3197 2803 3214 '
2833 3179 2989 3262 reges
3019 3207 3049 3245 a
3081 3191 3378 3247 Salomone
3417 3207 3592 3261 usque
3627 3194 3694 3245 ad

421 3264 618 3335 πόρρω
647 3263 745 3332 τῆς
779 3261 1033 3331 ἀληθείας
1061 3257 1199 3313 εἶναι
1225 3259 1382 3312 τοῦτο
1409 3258 1586 3312 δοκεῖ’
1615 3259 1746 3311 δέκα
1771 3258 1880 3328 γὰρ
1911 3257 2010 3327 βα-

423 3353 593 3417 σιλεῖς
640 3355 748 3407 ἀπὸ
798 3353 890 3405 τοῦ
939 3351 1284 3423 Σολομῶντος
1345 3350 1508 3420 μέχρι
1555 3349 1658 3419 τῆς
1725 3349 2011 3420 παρούσης

421 3445 769 3518 προφητείας
810 3445 1078 3512 ἐγένοντο,
1129 3442 1224 3495 καὶ
1270 3442 1460 3512 χρόνος
1510 3439 1761 3502 πλεῖστος
1805 3437 2008 3509 μεταξὺ

421 3535 752 3606 διελήλυθεν.
812 3534 950 3585 Ἀλλ’
991 3530 1228 3602 ἠγοῦμαι
1291 3529 1352 3583 τὸ
1407 3530 1768 3600 προκείμενον
1811 3528 2010 3598 χωρίον

422 3628 628 3700 ταύτην
663 3627 806 3697 ἔχειν
837 3625 933 3696 τὴν
961 3626 1230 3679 διάνοιαν·
1264 3626 1324 3678 Oi
1355 3622 1638 3692 ἀλλόφυλοι
1670 3625 1738 3694 τῇ
1779 3621 2010 3693 Ἰουδαίᾳ

425 3719 567 3788 φυλῇ
617 3717 1030 3788 πλησιάζοντες,
1077 3716 1172 3769 καὶ
1228 3714 1440 3785 συχνῶς
1482 3715 1696 3778 τούτοις
1745 3717 2008 3785 ἐπιστρα-

425 3810 693 3873 τεύοντες,
748 3809 842 3873 οὒς
893 3808 1196 3878 ἐλάμϐανον
1239 3805 1639 3878 αἰχμαλώτους,
1693 3807 1794 3860 οὐκ
1831 3807 2011 3870 ἄλλοις

426 3903 589 3968 τισὶν,
642 3902 755 3955 ἀλλ’
800 3901 1116 3970 Ἰδουμαίοις
1168 3897 1496 3963 ἀπεδίδοντο,
1540 3897 1809 3968 ἐχθίστοις
1857 3894 2010 3952 οὖσιν

426 3992 604 4046 αὐτῶν
646 3995 728 4047 ὅτι
766 3993 1023 4063 μάλιστα,
1080 3992 1176 4044 καὶ
1230 3989 1684 4059 πολεμιωτάτοις.
1739 3989 1861 4043 Τῶν
1895 3989 2009 4044 άλι-

425 4084 706 4153 σκομένων
756 4083 935 4136 τοίνυν
1009 4082 1278 4135 Ἰουδαίων
1335 4080 1432 4150 τὴν
1488 4079 1872 4150 αἰχμαλωσίαν
1901 4080 2006 4134 τοῦ

424 4173 816 4243 Σολομῶντος
831 4173 1253 4242 αἰχμαλωσίαν
1278 4171 1580 4240 ὠνόμασεν,
1603 4169 1709 4221 ἀπὸ
1726 4168 1819 4222 τοῦ
1856 4187 2009 4240 περι-

423 4266 628 4338 φανοῦς
675 4265 767 4318 καὶ
806 4263 1170 4334 περιϐλέπτου
1209 4260 1472 4331 βασιλέως
1513 4261 1576 4313 τὺ
1621 4260 1874 4330 λαμπρὸν
1914 4259 2009 4312 καὶ

422 4358 696 4427 ἐπίσημον
746 4355 1050 4416 ἐπιδεικνὺς
1102 4353 1194 4408 τοῦ
1238 4349 1390 4406 λαοῦ.
1427 4350 1642 4421 Ταύτης
1680 4351 1861 4404 τοίνυν
1909 4352 2009 4421 τῆς

419 4445 704 4516 ὠμότητος
769 4444 928 4513 χάριν
978 4441 1302 4508 ἀγανακτῶν
1351 4441 1379 4492 6
1412 4439 1564 4502 Θεὸς,
1611 4439 1826 4493 ἀπειλεῖ
1875 4437 2008 4510 πυρὶ

2118 3291 2439 3350 praesentem
2496 3280 2842 3350 prophetiam
2890 3281 3244 3346 exstiterunt,
3286 3281 3697 3351 plurimumque

2113 3371 2376 3440 temporis
2431 3371 2765 3426 intercessit.
2826 3371 2932 3426 Sed
2988 3371 3136 3424 hunc
3185 3371 3367 3424 locum
3405 3370 3481 3425 ita
3519 3371 3697 3440 expli-

2112 3459 2348 3514 candum
2381 3458 2643 3514 existimo
2674 3477 2687 3512 :
2721 3457 2994 3529 All0phyli
3034 3456 3236 3512 Iudaea:
3280 3457 3446 3511 tribui
3500 3457 3694 3521 vicini,

2112 3559 2167 3605 et
2192 3550 2542 3603 continenter
2572 3563 2698 3602 cum
2733 3549 2842 3604 illis
2869 3550 3073 3604 bellum
3103 3555 3378 3619 gerentes,
3429 3563 3570 3618 quos
3601 3561 3695 3601 ca-

2112 3639 2355 3708 piebant,
2397 3652 2507 3692 non
2563 3637 2689 3694 aliis
2722 3635 3029 3692 vendebant
3081 3651 3247 3706 quam
3288 3637 3563 3699 ldumaais,
3598 3635 3694 3704 qui

2113 3732 2330 3787 illorum
2358 3727 2565 3782 inimici
2600 3735 2656 3782 et
2693 3727 2880 3782 hostes
2918 3738 3078 3782 erant
3112 3727 3395 3782 acerrimi.
3431 3726 3692 3796 Captivo-

2113 3840 2232 3879 rum
2269 3836 2398 3891 ergo
2440 3817 2756 3874 Iudaeorum
2808 3821 3206 3889 captivitatem,
3263 3817 3568 3873 Salomonis
3605 3834 3696 3872 ca-

2111 3916 2406 3986 ptivitatem
2444 3913 2764 3982 appellavit,
2793 3911 2862 3966 ab
2897 3911 3098 3966 illustri
3157 3918 3211 3965 et
3253 3913 3518 3982 praeclaro
3568 3926 3696 3980 rege

2113 4005 2460 4075 splendorem
2524 4013 2580 4058 et
2653 4004 2956 4058 claritatem
3016 4003 3201 4073 populi
3281 4002 3691 4059 demonstrans.

2113 4095 2250 4168 [7,8]
2274 4093 2358 4148 Ob
2389 4093 2530 4147 hanc
2560 4093 2748 4163 itaque
2781 4093 3162 4148 crudelitatem
3199 4094 3372 4149 iratus
3404 4093 3690 4158 Dominus,

2111 4188 2351 4242 tninatur
2386 4185 2493 4254 igni
2529 4199 2588 4239 se
2610 4181 2812 4238 Gazam
2857 4184 3188 4238 traditurum
3237 4200 3384 4252 esse,
3431 4200 3495 4241 ac
3527 4186 3690 4240 simul

2111 4293 2234 4332 cum
2267 4292 2329 4331 ea
2377 4275 2515 4331 alias
2571 4275 2737 4331 urbes
2795 4274 3232 4346 Allopltylorum.
3295 4275 3373 4349 [9]
3431 4277 3690 4345 Ejusdem

2112 4370 2188 4424 rei
2219 4377 2444 4421 accusat
2490 4365 2650 4419 etiam
2682 4362 2912 4434 Tyrum,
2950 4371 3004 4418 et
3047 4366 3256 4420 crimen
3291 4379 3518 4435 augens,
3560 4365 3694 4418 sub-

2107 4457 2291 4528 junxit
2333 4475 2347 4510 :
2387 4475 2404 4508 ‹
2447 4456 2509 4510 Et
2541 4472 2648 4510 non
2679 4469 2806 4511 sunt
2837 4455 3108 4510 recordati
3147 4457 3370 4512 foederis
3396 4455 3686 4510 fratrum.»

420 4537 770 4608 παραδώσειν
795 4536 893 4604 τὴν
924 4534 1125 4598 Γάζαν,
1155 4533 1251 4586 καὶ
1280 4533 1378 4586 σὺν
1408 4533 1545 4601 αὐτῇ
1573 4532 1674 4596 τὰς
1707 4531 1874 4596 ἄλλας
1899 4531 2008 4584 τῶν

2116 4552 2247 4604 Cum
2272 4548 2415 4604 enim
2455 4546 2716 4602 Salomon
2753 4557 2806 4602 et
2837 4547 3060 4603 Chiram
3099 4563 3194 4603 rex
3221 4546 3350 4619 Tyri
3382 4547 3690 4602 fraternum

420 4628 737 4697 ἀλλοφύλων
772 4628 974 4689 πόλεις.
1009 4625 1120 4696 Τήν
1148 4623 1316 4694 αὐτὴν
1350 4626 1580 4678 ποιεῖται
1628 4623 1722 4677 καὶ
1767 4623 1864 4696 τῆς
1903 4623 2007 4676 Τύ-

425 4738 520 4794 ρου
556 4718 910 4789 κατηγορίαν,
959 4718 1054 4770 καὶ
1102 4717 1163 4769 τὸ
1201 4715 1453 4786 ἔγκλημα
1492 4714 1669 4779 αὔξων
1715 4717 1963 4788 ἐπήγαγε
1993 4734 2006 4747 ·

427 4832 447 4865 ι
486 4813 596 4866 Καὶ
626 4813 725 4866 οὐκ
753 4810 1101 4881 ἐμνήσθησαν
1130 4807 1394 4880 διαθήκης
1428 4805 1693 4875 ἀδελφῶν.
1723 4826 1740 4859 ι
1787 4807 2004 4880 Ἐπειδὴ

422 4897 528 4975 γάρ
580 4903 832 4972 Σολομὼν
889 4901 984 4954 καὶ
1032 4898 1250 4970 Χειράμ
1299 4900 1328 4952 6
1359 4898 1457 4968 τῆς
1501 4897 1680 4968 Τύρου
1727 4897 2000 4968 βασιλεὺς,

422 4994 717 5063 ἀδελφικὴν
749 4994 886 5063 πρὸς
916 4991 1179 5062 ἀλλήλους
1206 4988 1463 5058 λδιάθεσιν
1486 4989 1879 5053 ἐπεδείκνυντο,
1907 4991 2003 5043 καὶ

422 5088 452 5140 6
486 5087 586 5158 μὲν
612 5088 696 5148 εἰς
724 5084 820 5154 τὴν
845 5083 1158 5153 οἰκοδομίαν
1185 5081 1280 5135 τοῦ
1311 5081 1456 5135 θείου
1480 5081 1585 5134 νεὼ
1623 5081 1753 5147 ξύλα
1783 5082 2003 5152 κέδρινα

421 5173 698 5244 ἐχορήγει,
729 5171 758 5221 6
787 5171 842 5224 δὲ
873 5174 1017 5222 σῖτον
1044 5169 1320 5224 ἀντεδίδου
1339 5186 1352 5199 °
1380 5169 1584 5240 ταύτης
1614 5170 1671 5223 δὲ
1692 5171 1793 5240 τῆς
1820 5171 2004 5241 φιλίας

423 5267 503 5328 εἰς
529 5265 697 5336 λήθην
727 5259 890 5335 ἦλθον
931 5264 980 5315 οἱ
1013 5261 1222 5332 Τύριοι,
1266 5263 1362 5316 καὶ
1392 5261 1568 5315 ταύτά
1598 5264 1712 5325 τοῖς
1748 5262 2004 5328 Γαζαίοις

425 5354 505 5415 εἰς
532 5355 624 5407 τὸν
678 5352 895 5426 Ἰσραὴλ
942 5351 1339 5422 ἐξημάρτανον,
1373 5351 1472 5422 τὴν
1509 5353 1682 5424 αὐτὴν
1721 5355 1817 5408 καὶ
1863 5355 2006 5410 κατὰ

423 5447 629 5501 τούτων
644 5447 870 5511 εἰκότως
897 5445 1178 5517 ἐξενήνοχε
1204 5444 1400 5516 ψῆφον.
1426 5447 1536 5500 Καὶ
1556 5448 1808 5519 περὶτῶν
1845 5451 2007 5506 Ἰδου-

2116 4655 2356 4696 amorem
2388 4639 2530 4693 inter
2581 4655 2640 4694 se
2682 4639 3092 4709 profiterentur,
3129 4647 3184 4694 et
3219 4639 3310 4693 hic
3339 4639 3405 4693 ad
3439 4639 3693 4694 substru-

2113 4735 2354 4787 ctionem
2385 4729 2557 4784 divini
2584 4731 2771 4801 templi
2815 4731 2963 4800 ligna
3017 4731 3236 4785 cedrina
3289 4730 3689 4801 suppeditaret,

2111 4825 2201 4878 ille
2233 4836 2364 4876 vero
2406 4819 2652 4876 vicissim
2715 4820 3052 4875 frumentum
3094 4820 3367 4882 redderet,
3419 4831 3584 4891 atque
3635 4822 3692 4877 in

2110 4914 2277 4983 hujus
2311 4912 2567 4965 amicitiae
2600 4911 2932 4966 oblivionem
2983 4912 3266 4967 venissent
3319 4910 3490 4983 Tyrii,
3519 4922 3571 4966 et
3601 4927 3694 4966 ea-

2110 5001 2256 5064 dem,
2315 5015 2436 5070 quae
2466 4998 2667 5065 Gazzei,
2707 5000 2761 5052 in
2823 4998 3078 5054 lsraelem
3133 5000 3511 5066 admitterent,
3566 5001 3694 5072 jure

2109 5102 2304 5147 contra
2334 5107 2431 5146 eos
2462 5090 2708 5146 eamdem
2754 5090 3086 5146 sententiam
3142 5093 3288 5147 tulit.
3329 5092 3396 5148 Et
3441 5098 3570 5165 quia
3623 5095 3693 5149 de

2108 5186 2360 5240 ldumaeis
2413 5185 2649 5247 dixerat,
2679 5180 2865 5236 Tertio
2900 5191 2956 5238 et
3002 5192 3223 5254 quarto,
3268 5193 3322 5239 et
3352 5188 3552 5256 saepius
3591 5202 3693 5257 pa-

2110 5277 2300 5331 tientia
2333 5277 2388 5330 in
2441 5287 2538 5329 eos
2590 5288 2747 5336 usus,
2791 5288 2902 5328 non
2954 5276 3193 5344 amplius
3256 5277 3504 5331 tolerabo
3570 5293 3688 5342 eos,

2113 5369 2350 5424 furorem
2387 5363 2687 5436 przesertim
2720 5363 2841 5434 ejus
2877 5365 2931 5419 in
2970 5366 3194 5422 fratrem
3231 5383 3392 5423 suum
3432 5369 3692 5422 conside-

2114 5475 2244 5515 rans
2281 5462 2412 5528 (non
2473 5455 2621 5511 enim
2676 5464 2928 5511 naturam
2986 5473 3109 5514 esse
3154 5459 3401 5514 eamdem
3450 5457 3691 5528 cogitare

1702 5583 1938 5640 VAlil/E
1967 5589 2263 5648 LECTION
2273 5592 2354 5646 ES

507 5674 548 5758 ξ’
579 5679 662 5758 ἐκἐ
698 5677 831 5758 τιεζζ
865 5677 980 5758 ςὨν.
1017 5675 1205 5758 -Ιζείιικ
1254 5676 1491 5758 ειενιιίιε
1512 5677 1684 5758 Aren,
1720 5695 1766 5736 s.
1803 5681 2131 5758 iniquitatis.
2167 5686 2290 5741 \‘id.
2317 5702 2504 5756 supra,
2549 5703 2602 5758 p.
2659 5687 2821 5754 1330,
2855 5689 2973 5745 sch.
3003 5688 3092 5741 22.
3128 5687 3215 5758 _‘_?
3249 5684 3376 5758 nec.
3413 5685 3574 5740 lectio
3603 5696 3686 5741 est

425 5746 723 5816 Σαλωμών.
779 5747 938 5801 Hebr.
985 5747 1141 5800 turba
1195 5747 1408 5817 captiva
1464 5749 1707 5816 pacilica.

427 5817 549 5873 loco
584 5817 887 5883 Ἰουδαίους,
919 5819 1212 5888 posteriori
1244 5817 1577 5889 Ἰδουμαίαν.

1815 5753 1951 5788 ¹²·¹³’
1982 5754 2228 5830 Uterque
2276 5753 2434 5815 locus
2463 5774 2528 5814 ex
2549 5753 2598 5816 Ὁ
2625 5753 2950 5818 emendatus
2979 5767 3084 5816 est.
3123 5755 3268 5812 Edit.
3308 5756 3475 5812 Sirm.
3513 5757 3688 5829 priori
