4088 6464
512 422 645 486 16⁵11

1533 419 2026 481 THEODORETI
2063 421 2404 485 EPISCOPI
2439 426 2807 489 CYRENSIS

3664 433 3788 498 1672

507 540 706 606 voluit,
739 553 916 610 neque
939 536 1086 608 quod
1126 535 1334 605 pariter
1360 535 1414 588 in
1444 533 1638 588 eodem
1686 540 1880 590 ventre
1931 534 2083 588 habi-

2200 537 2369 604 μαίων
2389 538 2445 591 δὲ
2474 541 2732 611 εἰρηκὼς,
2784 543 2868 595 ὅτι
2898 541 3008 596 Καὶ
3039 543 3179 612 τρὶς,
3237 542 3341 596 καὶ
3385 544 3670 611 τετράκις,
3704 550 3791 601 καὶ

509 641 783 698 taverant,
811 629 1024 702 1415
1057 627 1152 683 sed
1179 625 1457 681 homicidii
1489 625 1709 695 plenum
1743 633 1937 678 contra
1959 639 2084 678 eum

510 739 703 794 gerere
741 723 983 776 animum
1016 717 1446 790 perseveravit):
1488 717 1614 771 illos
1663 731 1884 786 quoque
1910 716 2088 770 mina-

513 823 621 881 tur,
655 829 736 878 se,
765 813 909 868 sicut
945 809 1141 881 Syros,
1177 816 1233 863 et
1258 807 1605 879 Allophylos,
1633 817 1689 862 et
1719 807 1944 879 Tyrios,
1971 807 2086 878 igni

511 906 841 960 traditurum
872 918 1015 959 esse.
1055 900 1171 974 [l0]
1204 901 1388 970 Ignem
1425 906 1610 955 autem
1633 908 1798 955 vocat
1829 899 2090 971 Assyrio-

512 1012 631 1052 rum
654 997 982 1059 exercitum,
1013 993 1162 1064 ignis
1191 1007 1346 1046 more
1384 991 1572 1046 omnia
1605 1002 1938 1046 vastantem.
1979 992 2086 1048 Sed

510 1097 564 1141 et
601 1087 722 1156 igne
755 1093 994 1150 utentes,
1031 1092 1090 1137 ut
1112 1081 1413 1137 verisimile
1456 1087 1565 1143 est,
1599 1096 1766 1151 pagos
1798 1081 2091 1135 combure-

509 1177 661 1239 bant,
698 1177 864 1230 urbes
893 1174 1288 1235 incendebant,
1318 1187 1383 1226 ac
1439 1171 1686 1226 funditus
1716 1171 1904 1225 omnia
1943 1171 2092 1225 dele-

509 1269 665 1324 bant.
694 1267 810 1340 [ll]
835 1267 968 1320 Illud
997 1273 1204 1328 autem,
1230 1262 1294 1315 Et
1314 1263 1591 1315 violaverit
1614 1271 1842 1324 uterum,
1879 1267 2091 1314 natura:

509 1358 788 1413 inimicam
824 1356 1033 1409 rabiem
1057 1352 1303 1409 ostendit
1335 1368 1348 1404 :
1383 1350 1530 1421 quod
1557 1366 1680 1404 cum
1716 1351 1887 1404 frater
1917 1359 2086 1412 esset,

510 1447 863 1507 eluterinus,
905 1444 998 1513 qui
1052 1444 1107 1497 in
1167 1440 1358 1496 eodem
1399 1448 1557 1494 utero
1602 1438 1765 1494 simul
1823 1437 2090 1492 habitavit

515 1537 803 1608 (gemellus
830 1535 974 1590 enim
1011 1536 1175 1601 erat),
1209 1529 1393 1584 furere
1423 1530 1478 1582 in
1533 1543 1659 1583 eum
1711 1543 1822 1581 non
1884 1535 2086 1591 cessat,

516 1630 619 1698 ipsi
643 1624 1035 1699 propemodum
1088 1623 1234 1685 alvo,
1277 1636 1443 1689 quam
1507 1619 1670 1675 simul
1716 1618 2087 1682 incoluerant,

515 1719 812 1790 perniciem
846 1716 1112 1770 inferens.
1148 1711 1288 1767 Illud
1337 1725 1529 1780 porro,
1561 1727 1580 1761 ι
1623 1709 1690 1764 Εῑ
1723 1711 1908 1781 rapuit
1961 1709 2092 1763 hor-

513 1825 694 1865 rorem
746 1808 799 1862 in
830 1805 1210 1863 testimonium
1242 1819 1424 1867 suum,
1463 1822 1482 1854 ι
1526 1803 1631 1857 hoc
1676 1810 1780 1865 est,
1830 1800 2090 1856 Horroris

2189 627 2446 691 πολλάκις
2496 632 2576 693 είς
2625 632 2822 695 αὐτοὺς
2863 633 3312 703 μακροθυμήσας
3362 633 3556 688 οὐκέτι
3613 636 3793 691 λοιπον

2188 716 2470 788 ἀνέξομαι,
2525 721 2625 790 τὴν
2676 722 2818 775 κατὰ
2849 722 2946 775 τοῦ
3003 722 3244 792 ἀδελφοῦ
3298 723 3550 793 μάλιστα
3603 728 3794 794 μανίαν

2190 809 2459 879 θεώμενος
2483 827 2498 840 ·
2528 811 2647 864 οὐδὲ
2679 812 2788 881 γὰρ
2816 812 2916 883 τὴν
2941 813 3104 882 φύσιν
3133 813 3319 884 αὐτὴν
3345 815 3431 877 είς
3460 813 3590 868 νοῦν
3612 815 3792 871 λαϐεῖν

2188 900 2486 970 ἠϐουλήθη,
2509 902 2629 955 οὐδὲ
2654 904 2737 955 ὅτι
2762 903 2904 956 κατὰ
2933 904 3132 957 ταύτὺν
3160 905 3300 975 μίαν
3331 903 3568 974 ᾤκησαν
3597 910 3793 973 γαστέ-

2191 1010 2282 1063 ρα,
2339 992 2475 1046 ἀλλὰ
2535 993 2801 1046 διετέλεσε
2852 997 3134 1064 μιαιφόνον
3180 996 3314 1049 κατ’
3364 995 3540 1048 αὑτοῦ
3575 998 3793 1068 γνώμην

2191 1082 2666 1153 ὲπιδεικνύμενος’
2706 1084 2921 1136 ἀπειλεῖ
2953 1085 3048 1138 καὶ
3077 1085 3314 1148 τούτους
3351 1087 3497 1155 πυρὶ
3541 1089 3793 1157 παραδώ-

2191 1191 2326 1238 σειν,
2349 1174 2424 1237 ὡς
2462 1175 2559 1228 καὶ
2582 1177 2708 1238 τοὺς
2735 1174 2960 1246 Σύρους,
2993 1177 3086 1229 καὶ
3131 1177 3263 1238 τοὺς
3301 1175 3669 1245 ἀλλοφύλους,
3707 1181 3793 1233 καὶ

2188 1266 2313 1328 τοὺς
2341 1265 2590 1334 Τυρίους.
2615 1266 2743 1333 Πῦρ
2766 1265 2822 1318 δὲ
2845 1266 2998 1318 καλεῖ
3018 1265 3127 1320 τῶν
3158 1267 3484 1338 Ἀσσυρίων
3504 1267 3608 1338 τὴν
3635 1284 3792 1338 στρα-

2189 1355 2332 1420 τιὰν,
2364 1355 2536 1425 πυρὸς
2559 1355 2715 1426 δίκην
2749 1355 2964 1409 ἅπαντα
3010 1356 3452 1427 διαφθείρουσαν
3480 1375 3496 1388 ο
3531 1359 3630 1412 καὶ
3662 1363 3790 1428 πυρὶ

2191 1447 2272 1511 δὲ,
2307 1448 2384 1510 ὡς
2410 1446 2576 1511 εἰκὸς,
2596 1447 2889 1518 χρώμενοι,
2927 1448 3023 1500 καὶ
3051 1447 3250 1517 κώμας
3275 1449 3672 1519 ἐνεπίμπρων,
3705 1452 3791 1502 καὶ

2193 1539 2379 1602 πόλεις
2408 1539 2768 1610 ἐπυρπόλουν,
2803 1540 2896 1591 καὶ
2938 1539 3108 1609 ἄρδην
3138 1539 3423 1608 ἠφάνιζον
3450 1539 3693 1592 ᾶπαντα.
3723 1541 3788 1593 Τὸ

2191 1630 2270 1693 δὲ,
2287 1628 2659 1698 Ἐλυμήνατο
2677 1629 2990 1698 μήτραν¹δ,
3016 1616 3115 1700 τῆν
3145 1631 3291 1684 κατὰ
3317 1632 3423 1699 τῆς
3453 1632 3675 1698 φύσεως
3696 1650 3789 1702 μα-

2191 1721 2310 1774 νίαν
2335 1720 2658 1790 παραδηλοῖ,
2689 1722 2770 1773 ὅτι
2798 1720 3024 1786 ἁδελφὸς
3045 1719 3120 1774 ῶν
3151 1721 3249 1774 καὶ
3273 1721 3676 1793 ὁμογάστριος,
3700 1725 3785 1774 καὶ

2191 1810 2288 1880 τὴν
2313 1810 2482 1880 αὐτὴν
2504 1811 2642 1863 κατὰ
2665 1812 2856 1864 ταύτὸν
2881 1813 3109 1882 οἰκήσας
3130 1813 3388 1883 γαστέρα
3421 1813 3666 1884 (δίδυμος
3686 1813 3786 1882 γὰρ

513 1902 672 1971 plena
720 1899 1020 1961 commisit,
1078 1896 1189 1949 tale
1225 1903 1421 1950 contra
1478 1910 1538 1948 se
1584 1893 1968 1948 testimonium
2003 1908 2090 1947 re-

2200 1896 2311 1970 ἦν),
2341 1899 2548 1953 λυττῶν
2581 1902 2698 1953 κατ’
2714 1900 2878 1953 αὐτοῦ
2911 1901 3162 1966 διατελεῖ,
3202 1901 3506 1971 μονονουχὶ
3537 1900 3631 1952 καὶ
3659 1900 3783 1971 αὐτῇ

513 1993 788 2062 linquens.
812 1989 931 2061 [15]
967 1987 1168 2042 Eadem
1209 2001 1433 2056 quoque
1457 1986 1649 2040 dicens
1696 1984 1764 2039 de
1806 1985 2093 2039 Ammani-

513 2086 610 2148 tis,
660 2097 854 2152 nempe
893 2100 903 2133 :
940 2080 1102 2134 Multa
1154 2078 1422 2148 patientia
1455 2093 1589 2132 usus
1632 2077 1701 2132 ob
1742 2077 1911 2132 multa
1955 2078 2094 2133 deli-

515 2183 625 2236 cta,
656 2188 776 2242 qua!
800 2187 942 2241 szepe
975 2170 1336 2232 admiserunt,
1356 2171 1528 2222 nunc‘
1558 2168 1821 2222 ultionem
1853 2184 2090 2236 sumam,

516 2267 846 2320 mentionem
875 2263 1001 2318 facit
1036 2262 1374 2332 iniquitatis,
1405 2275 1567 2330 quam
1609 2259 1876 2314 adversus
1920 2261 2094 2315 lsrae-

517 2354 622 2410 lcm
636 2353 1027 2423 commiserunt
1047 2371 1089 2404 ει
1105 2353 1180 2405 Eo
1195 2350 1565 2420 quod,iuquil,
1579 2349 1946 2404 dissecuerint
1961 2365 2101 2419 prae-

517 2452 748 2515 gnantes
763 2444 1193 2507 Galaaditarum,
1221 2449 1280 2495 ut
1295 2443 1596 2495 dilatarent
1613 2440 1878 2493 terminos
1903 2454 2056 2495 suos.
2071 2460 2090 2492 ι

521 2535 735 2592 Etenim
771 2537 826 2591 hi
848 2550 1069 2606 quoque
1091 2533 1395 2589 Galaaditis
1426 2531 1664 2595 ﬁnitimi,
1713 2530 2094 2586 crudelitatem

519 2638 574 2684 et
610 2629 1008 2683 immanitatem
1045 2627 1100 2680 in
1130 2643 1224 2681 eos
1265 2634 1612 2694 exercentes,
1655 2643 1764 2680 non
1799 2626 1948 2681 viros
2001 2640 2095 2680 so-

522 2719 632 2773 lum
666 2719 1030 2782 sustulerunt,
1068 2717 1165 2772 sed
1197 2716 1361 2772 etiam
1401 2717 1644 2771 nondum
1701 2724 1862 2769 natos
1897 2729 2095 2770 eneca-

520 2818 670 2874 runt,
725 2809 987 2864 mulieres
1020 2818 1241 2863 uterum
1294 2816 1572 2878 gestantes
1630 2806 1939 2861 interficere
1986 2821 2096 2860 non

521 2900 679 2954 veriti
721 2918 736 2954 :
781 2908 838 2952 ut
895 2898 1276 2953 lsraelitarum
1329 2899 1622 2951 imminuto
1688 2911 1918 2951 numero
1990 2895 2095 2965 ipsi

518 3004 711 3044 eorum
743 3003 904 3058 agros
948 2988 1315 3058 possiderent.
1349 2986 1672 3056 Propterea,

2197 1994 2265 2061 τῇ
2295 1990 2500 2061 μήτρᾳ,
2526 1992 2591 2060 ἦν
2619 1991 2784 2060 ἄμφω
2806 1991 3161 2060 κατῴκησαν,
3191 1991 3298 2061 τὴν
3327 1989 3519 2060 λώϐην
3550 1990 3782 2057 ἐπάγων.

2199 2081 2272 2134 Τὸ
2300 2082 2380 2144 δὲ,
2421 2101 2440 2133 ι
2474 2082 2786 2151 ’Ἠρπασεη
2831 2081 3033 2153 φρίκην
3063 2083 3144 2145 εἰς
3190 2081 3509 2153 μαρτύριον
3552 2080 3734 2146 αὑτοῦ,
3761 2098 3778 2132 ι

2199 2175 2320 2229 ἀντὶ
2345 2173 2462 2236 τοῦ,
2489 2174 2694 2244 Φρίκης
2727 2175 2900 2244 μεστὰ
2943 2175 3271 2246 τετόλμηκε,
3317 2174 3634 2256 μαρτυρίαν
3672 2171 3781 2225 καθ’

2200 2263 2394 2319 ἑαυτοῦ
2425 2263 2679 2332 τοιαύτην
2703 2265 3038 2318 καταλιπών.
3063 2265 3254 2319 Ταῦτα
3281 2265 3380 2318 καὶ
3411 2265 3547 2334 περὶ
3581 2265 3781 2332 Ἀμμα-

2197 2356 2359 2408 νιτῶν
2417 2354 2652 2424 εἰρηκὼς
2687 2357 2768 2408 ὅτι
2815 2355 2988 2427 Πολλῇ
3044 2356 3411 2426 μακροθυμίᾳ
3450 2354 3781 2426 χρησάμενος

2197 2443 2283 2511 ἐφ’
2309 2437 2391 2505 οἷς
2415 2443 2585 2495 πολλὰ
2618 2443 2876 2507 πολλάκις
2906 2445 3444 2516 πεπλημμελήκασι,
3479 2443 3576 2496 νῦν
3609 2443 3780 2507 ἐπάξω

2201 2532 2298 2603 τὴν
2324 2533 2616 2603 τιμωρίαν,
2650 2534 2808 2604 τῆς¹⁶
2840 2537 2920 2598 είς
2951 2535 3043 2588 τὸν
3093 2535 3314 2608 Ἰσραὴλ
3345 2535 3650 2604 γενομένης
3685 2551 3779 2587 πα-

2202 2625 2466 2696 ρανομίας
2514 2628 2748 2679 ποιεῖται
2792 2627 2891 2695 τὴν
2925 2628 3164 2698 μνήμην·
3215 2647 3236 2679 ι
3297 2628 3446 2681 ‘Av0’
3473 2621 3572 2690 ὧν,
3606 2625 3776 2695 φησὶν,

2203 2717 2480 2786 ἀνέσχιζον
2511 2718 2609 2780 τὰς
2651 2721 2709 2772 ὲν
2751 2719 2950 2790 γαστρὶ
2994 2721 3226 2788 ἐχούσας
3274 2719 3391 2773 τῶν
3421 2717 3775 2782 Γαλααδιτῶν,

2202 2807 2348 2870 ὅπως
2394 2808 2778 2878 ὲμπληθύνωσι
2815 2811 2858 2841 ¹⁷
2898 2809 2969 2862 τὰ
3022 2812 3144 2881 ὅρια
3201 2810 3411 2866 αὐτῶν.
3453 2830 3472 2861 ι
3522 2811 3631 2864 Καὶ
3680 2806 3776 2876 γὰρ

2203 2891 2349 2950 οὗτοι
2388 2902 2498 2961 τοῖς
2565 2900 2923 2964 Γαλααδίταις
2977 2901 3340 2966 πελάζοντες,
3409 2902 3651 2971 ὠμότητι
3693 2898 3775 2951 καὶ

2205 2989 2441 3060 ὸπηνείᾳ
2475 2990 2594 3043 κατ’
2629 2992 2810 3045 αὐτῶν
2831 2990 3125 3062 χρώμενοι,
3147 2993 3208 3045 οὺ
3240 2993 3408 3063 μόνον
3439 2991 3566 3054 τοὺς
3596 2989 3775 3058 ἄνδρας

521 3077 792 3148 ἀνῄρουν,
867 3077 1006 3131 ἀλλὰ
1075 3077 1169 3129 καὶ
1235 3077 1363 3139 τοὺς
1437 3075 1664 3147 μηδέπω
1738 3075 2100 3145 γεννηθέντας
2143 3077 2473 3149 διέφθειρον,
2532 3081 2628 3144 τὰς
2660 3083 3034 3152 κυοφορούσας
3076 3084 3490 3152 κατασφάττειν
3550 3077 3767 3149 τολμῶν-

520 3191 643 3236 τες·
675 3176 760 3226 ἵνα
791 3173 899 3226 τῶν
944 3172 1296 3244 Ἰσραηλιτῶν
1331 3170 1760 3242 ἐλαττουμένων,
1814 3172 1969 3224 αὐτοὶ
2007 3173 2118 3244 ,τὴν
2175 3175 2265 3226 ὑπ’
2307 3176 2529 3229 ἐκείνων
2591 3177 3012 3248 γεωργουμένην
3054 3178 3470 3247 καρπώσωνται
3515 3177 3638 3246 γῆν.
3689 3169 3774 3225 Διὰ

521 3265 701 3332 τοῦτο,

595 3360 765 3415 Vens.
797 3359 978 3427 ΗΑΒ.
1011 3377 1031 3411 ι
1070 3358 1438 3424 Succeudam,
1477 3359 1681 3428 inquit,
1706 3357 1888 3428 ignem
1933 3372 2097 3427 super

2275 3356 2359 3419 ιδ’,
2387 3358 2468 3408 ιε’.
2498 3374 2516 3406 ι
2555 3353 2769 3424 ’Λνάψω
2803 3354 2914 3425 πῦρ
2945 3354 3035 3408 ἐπὶ
3058 3355 3127 3408 τὰ
3154 3355 3308 3426 τείχη
3339 3353 3580 3408 Ῥασαὰθ
3602 3354 3663 3419 ¹⁸,
3693 3353 3772 3406 καὶ

525 3468 711 3508 muros
746 3451 1020 3517 Rabaath,
1052 3460 1104 3505 et
1153 3451 1438 3506 devorabit
1483 3449 1697 3521 1416
1746 3449 2099 3504 fundamenta

524 3545 645 3614 ejus
674 3558 800 3597 cum
827 3543 1069 3597 clamore
1097 3541 1187 3596 die
1216 3541 1345 3596 belli
1391 3559 1404 3594 :
1439 3551 1494 3596 et
1533 3541 1974 3595 commovebitur
2012 3539 2102 3594 die

528 3633 1025 3690 consummationis
1058 3647 1192 3688 suae.
1231 3631 1295 3685 Et
1324 3633 1431 3686 ibit
1455 3631 1726 3686 Melchom
1778 3631 1833 3684 in
1873 3631 2104 3700 captivi-

531 3734 724 3789 tatem,
772 3725 1092 3780 sacerdotes
1137 3723 1282 3792 ejus,
1320 3732 1375 3778 et
1425 3723 1706 3792 principes
1738 3723 1861 3790 ejus
1915 3723 2102 3786 simul,

528 3819 662 3873 dicit
692 3816 982 3871 Dominus.
1021 3833 1040 3866 ι
1070 3813 1371 3885 Perspicue
1412 3815 1501 3869 hic
1531 3813 1744 3877 docuit,
1767 3814 1927 3882 cujus
1958 3813 2104 3867 modi

529 3911 708 3980 ignem
738 3908 795 3962 in
842 3907 964 3962 aliis
997 3907 1295 3964 vocaverit.
1354 3906 1582 3959 Addidit
1631 3906 1801 3969 enim,
1840 3906 1934 3959 Die
1959 3905 2101 3960 belli.

531 4000 773 4054 Minatur
806 4005 991 4052 autem
1030 3996 1148 4051 fore
1205 4005 1266 4050 ut
1314 3997 1478 4051 simul
1543 4012 1667 4051 cum
1704 3997 1824 4067 ipso
1875 3997 2102 4062 idolum,

529 4090 672 4159 quod
731 4088 983 4152 colebat,
1046 4087 1324 4157 captivum
1372 4085 1758 4142 abduceretur.
1789 4085 1919 4139 Erat
1955 4087 2102 4140 enim

531 4177 792 4233 Melchom
821 4177 993 4232 falsus
1027 4176 1472 4229 Ammanitarum
1499 4175 1656 4241 deus,
1689 4175 1782 4245 qui
1809 4192 1915 4229 non
1942 4175 2104 4229 modo

532 4268 847 4324 sacerdotes
876 4275 931 4322 et
975 4267 1276 4338 principes,
1320 4267 1417 4322 sed
1459 4283 1525 4320 ne
1573 4265 1816 4336 seipsum
1883 4265 2104 4336 quidem

530 4360 806 4429 captivum
864 4357 1124 4426 adjuvare
1167 4357 1367 4427 potuit.
1430 4356 1676 4410 Rabaath
1735 4371 1899 4426 porro
1949 4365 2107 4411 vocat

533 4451 966 4502 Ammanitarum
1016 4448 1367 4517 metropolin,
1408 4463 1530 4516 qua:
1564 4462 1713 4500 nunc
1785 4447 1838 4501 in
1901 4445 2107 4501 Arabia

533 4540 907 4610 Philadelphia
963 4540 1188 4610 quidem
1244 4555 1378 4594 voce
1410 4537 1623 4606 Grzeca,
1657 4538 1924 4610 Syrorum
1978 4553 2109 4594 vero

534 4632 714 4702 lingua
757 4630 989 4683 Amman
1024 4629 1353 4700 appellatur.

1181 4717 1332 4774 CAP.
1367 4716 1428 4771 ΙΙ.

605 4805 750 4880 [1-5]
763 4807 1000 4862 Minatur
1030 4817 1215 4864 autem
1243 4809 1409 4863 etiam
1435 4805 1628 4862 Moabo
1649 4808 1903 4862 eumdem
1930 4805 2111 4878 ignem

2144 4704 2194 4764 ι)

2204 3445 2582 3514 καταφάγεται
2645 3445 2715 3497 τὰ
2771 3443 2995 3514 θεμέλια
3044 3445 3217 3514 αὐτῆς
3254 3446 3400 3516 μετὰ
3445 3444 3688 3517 κραυγῆς
3722 3444 3769 3494 ὲν

2202 3538 2387 3608 ἡμέρα
2414 3535 2674 3604 πολέμου,
2694 3535 2790 3588 καὶ
2811 3535 3157 3601 σεισθήσεται
3183 3537 3241 3590 έν
3263 3538 3456 3608 ἡμέρᾳ
3486 3534 3773 3596 συντελείας

2204 3627 2393 3694 αὐτῆς.
2445 3624 2557 3678 Καὶ
2592 3625 2632 3656 ¹⁹
2680 3623 3008 3695 πορεύσεται
3044 3623 3270 3696 Μελχὸμ
3329 3627 3388 3678 ὲν
3421 3621 3770 3694 αἰχμαλωσίᾳ,

2205 3715 2254 3766 oi
2288 3716 2452 3783 ἱερεῖς
2477 3712 2641 3766 αὐτοῦ
2663 3714 2731 3778 ²⁰,
2765 3713 2862 3766 καὶ
2897 3716 2944 3766 οἱ
2980 3713 3237 3784 ἄρχοντες
3265 3713 3440 3768 αὐτοῦ
3479 3714 3572 3766 ἐπὶ
3603 3712 3660 3764 τὸ
3685 3711 3771 3764 αύ-

2205 3807 2285 3872 τὸ,
2319 3806 2464 3872 λέγει
2507 3805 2732 3876 Κύριος.
2767 3825 2787 3857 ι
2834 3806 3099 3859 Ἐνταῦθα
3145 3805 3337 3874 σαφῶς
3377 3803 3604 3868 ἐδίδαξε,
3635 3804 3768 3854 ποῖον

2208 3897 2300 3951 καὶ
2329 3896 2535 3949 ἐπὶτῶν
2557 3896 2730 3950 ἄλλων
2756 3897 3162 3968 προσηγόρευσε
3193 3895 3328 3966 πῦρ.
3358 3897 3632 3966 Ἐπίῖγαγε
3654 3891 3765 3958 γάρ’

2223 3991 2319 4043 Ἑν
2353 3986 2542 4059 ἡμέρᾳ
2573 3987 2860 4058 πολέμου.
2911 3988 3149 4040 Ἀπειλεῖ
3183 3987 3259 4053 δὲ,
3293 3989 3395 4040 σὺν
3428 3987 3564 4055 αὐτῇ
3603 3982 3687 4036 καὶ
3716 3977 3767 4030 τὸ

2211 4083 2300 4135 ὑπ’
2330 4081 2500 4151 αὐτῆς
2532 4077 2840 4150 τιμώμενον
2878 4078 3094 4132 είδωλον
3143 4077 3494 4146 αἰχμάλωτον
3540 4069 3766 4140 ἀπαχθῆ-

2211 4172 2418 4226 σεσθαι.
2448 4170 2693 4240 Μελχὸμ
2717 4170 2826 4240 γὰρ
2847 4171 2875 4221 ὁ
2891 4167 3089 4238 ψευδὴς
3127 4168 3233 4221 τῶν
3270 4163 3617 4237 Ἀμμανιτῶν
3639 4158 3760 4220 θεὸς.

2208 4267 2267 4331 ὃς
2303 4265 2364 4318 ού
2409 4261 2568 4333 μόνον
2601 4262 2710 4322 τοῖς
2744 4257 2948 4329 ἱερεῦσι
2980 4257 3076 4310 καὶ
3101 4259 3211 4319 τοῖς
3241 4255 3522 4326 ἄρχουσιν,
3559 4248 3666 4303 ἀλλ’
3688 4245 3764 4297 οὐ·

2208 4353 2442 4423 δὲαύτῷ
2477 4349 2800 4422 δορυαλώτῳ
2845 4347 3112 4419 γινομένῳ
3132 4349 3174 4378 ¹¹
3219 4347 3440 4415 ἴσχυσεν
3487 4338 3761 4423 ἐπαμῦναιι

2221 4422 2468 4498 Ῥαϐαέιθ
2507 4442 2564 4494 δὲ
2597 4441 2754 4493 καλεῖ
2780 4439 2874 4492 τοῦ
2898 4441 2942 4471 ’³
2985 4438 3202 4508 Ἀμμὰν
3231 4437 3330 4505 τὴν
3372 4422 3761 4505 μητρόπολιν,ἦ

2210 4535 2304 4590 νῦν
2330 4537 2387 4587 ὲν
2416 4535 2481 4604 τῇ
2517 4531 2749 4604 Ἀραϐίᾳ
2781 4529 3132 4598 Φιλαδέλφεια
3160 4528 3257 4598 μὲν
3278 4531 3344 4597 τῇ
3384 4522 3588 4580 Ἐλλάδι
3611 4516 3757 4587 φωνῇ,

2225 4625 2438 4698 ’Δμμὰν
2471 4625 2527 4677 δὲ
2554 4626 2623 4694 τῇ
2655 4622 2841 4694 Σύρων
2870 4617 3362 4691 προσαγορεύεται.

2811 4712 3062 4765 ΚΕΦΑΛ.
3111 4710 3186 4765 B’.

2296 4806 2533 4859 Ἀπειλεῖ
2583 4805 2641 4858 δὲ
2663 4807 2710 4838 ⁸⁸
2739 4807 2837 4859 καὶ
2872 4807 2938 4874 τῇ
2968 4803 3140 4858 Μωὰὸ
3187 4803 3248 4854 τὸ
3288 4796 3576 4870 πολεμικὸν
3606 4788 3758 4843 έκεῖνο

533 4897 792 4954 bellicum
832 4917 846 4952 :
880 4900 1092 4969 aitque,
1135 4915 1195 4954 se
1245 4915 1354 4954 una
1389 4914 1514 4953 cum
1578 4899 1781 4969 populo
1832 4897 2097 4969 principe:

2213 4897 2346 4968 πῦρ,
2380 4897 2474 4950 καὶ
2498 4897 2645 4966 λέγει
2681 4898 2778 4951 σὺν
2799 4895 2877 4967 τῷ
2906 4894 3022 4966 λαῷ
3049 4895 3140 4948 καὶ
3165 4893 3292 4956 τοὺς
3315 4891 3578 4963 ἄρχοντας
3603 4892 3757 4948 παραο

534 4986 706 5041 exitio
731 4988 986 5043 daturum
1021 5004 1176 5054 esse;
1201 4987 1348 5059 quod
1375 4995 1572 5058 praeter
1596 4987 1701 5040 alia
1729 4986 1900 5040 multa
1921 4987 2112 5056 impie-

535 5079 671 5132 tatis
696 5093 888 5133 eorum
921 5079 1189 5149 exempla,
1224 5093 1495 5134 summam
1551 5075 1950 5130 immanitatem
2013 5077 2109 5132 ad-

536 5166 823 5222 misissent
849 5168 902 5221 in
931 5183 1112 5237 regem
1141 5167 1525 5222 ldumaaorum.
1573 5164 1730 5220 Hunc
1753 5167 1921 5229 enim,
1981 5181 2106 5221 cum

537 5259 839 5328 aliquando
897 5259 1156 5316 subsidio
1216 5262 1455 5316 venisset
1532 5259 1832 5323 lsraelitis,
1892 5259 2112 5314 insidiis

537 5349 738 5422 positis
763 5359 986 5421 captum
1018 5352 1179 5410 idolis
1202 5353 1318 5409 suis
1353 5353 1796 5417 immolaverunt,
1827 5359 1881 5406 et
1905 5350 2111 5404 tamdiu

2210 4989 2403 5043 δώσειν
2425 4988 2654 5060 ὀλέθρῳ,
2684 4988 2872 5058 ἐπειδὴ
2905 4987 3041 5058 πρὸς
3065 4988 3184 5049 ταῖς
3207 4985 3430 5046 πολλαῖς
3452 4974 3624 5034 αὐτῶν
3649 4971 3755 5060 ἀσε-

2210 5080 2384 5144 ϐείαις
2409 5058 2613 5148 πολλὴν
2630 5079 2771 5133 κατὰ
2800 5078 2894 5132 τοῦ
2936 5076 3250 5147 Ἰδουμαίων
3283 5071 3540 5145 βασιλέως
3573 5058 3754 5122 ἔδειξαν

2211 5171 2527 5243 θηριωδίαν.
2579 5170 2780 5223 Τοῦτον
2829 5169 2938 5241 γὰρ
2983 5166 3277 5238 ὲπίκουρόν
3321 5179 3450 5218 ποτε
3496 5154 3751 5243 γενόμενογ

2208 5235 2306 5316 τοῦ
2340 5261 2692 5334 Ἰσραηλιτῶν
2723 5235 3009 5332 βασιλέως,
3043 5235 3272 5329 ὕστερον
3310 5255 3639 5334 λοχήσαντες,
3673 5235 3752 5334 fdi

2209 5327 2462 5430 λαϐόντες
2489 5327 2856 5424 αἰχμάλωτον,
2882 5354 2995 5416 τοῖς
3019 5327 3300 5421 σφετέροις
3335 5343 3560 5400 εἰδώλοις
3586 5327 3749 5386 θυσίαν

1840 5505 2071 5563 νΑΒΙιΕ
2112 5507 2514 5567 LECTIONES.

610 5596 654 5627 “
695 5598 858 5681 μήτρ.
884 5599 1010 5666 Alii,
1045 5599 1180 5681 μῃτέ
1221 5617 1285 5679 α.⁹
1351 5598 1392 5632 ⁸⁵
1415 5600 1547 5670 ἧρπ.
1577 5627 1647 5638 -
1683 5599 1808 5654 αὗτ.
1836 5601 2189 5671 Λήτοίμασεν
2213 5603 2293 5667 είς
2324 5621 2490 5674 μαρτ.
2525 5604 2660 5675 φρίκ
2701 5622 2729 5656 ν
2759 5602 2881 5655 αύτ.
2954 5601 2998 5632 ³⁸
3030 5599 3150 5669 τῆς.
3179 5597 3220 5652 C
3249 5607 3435 5666 praem.
3457 5581 3563 5641 καί.

610 5666 944 5723 .πλατυνωσι.
996 5679 1057 5723 ut
1085 5686 1140 5723 in
1169 5617 1344 5722 Veatic.
1446 5669 1490 5700 ¹⁸
1523 5669 1652 5723 Bec.
1686 5671 1810 5723 lect.
1846 5679 1930 5723 est
1969 5671 2228 5723 Ῥα66άθ.
2258 5676 2302 5723 Α
2344 5673 2571 5723 Ῥαϐὁά.
2664 5622 2716 5707 τίε
2771 5673 2896 5723 Alii.
2952 5671 3048 5723 καὶ
3083 5667 3440 5723 πορεύσονται
3467 5658 3512 5709 οἱ
3544 5651 3563 5721 β

540 5671 944 5736 ὲμπλατύνωσι,
996 5671 1057 5725 ut
1085 5671 1140 5723 in
1169 5671 1344 5722 Vatic.
1446 5671 1490 5700 “'
1523 5671 1652 5724 Bec.
1686 5671 1810 5723 lect.
1846 5679 1930 5725 est
1969 5671 2228 5725 Ῥα66άθ.
2258 5676 2302 5725 Α
2328 5671 2584 5726 Ῥαϐὁάξ
2677 5676 2680 5702 τ

540 5737 710 5814 apri];
737 5739 1003 5814 E3_aiXp..,_
1034 5757 1088 5792 κ.
1113 5739 1292 5814 τελε.
1327 5739 1386 5814 ’ξ
1404 5737 1535 5814 nec.
1569 5740 1728 5814 lectio
1760 5739 1812 5792 h.
1845 5739 1882 5796 l.
1910 5746 1964 5796 et
1994 5752 2117 5810 post
2144 5758 2339 5814 pauca,
2371 5753 2456 5799 est
2481 5743 2680 5798 αὐτῶν.

539 5666 944 5736 ὲμπλατύνωσι,
996 5666 1058 5725 ut
1085 5666 1140 5723 in
1169 5666 1344 5722 Vatic.

544 5806 589 5857 (ὲ
623 5806 725 5871 leg.
753 5805 929 5861 ειωιϊ
947 5809 1068 5874 τήν.
1160 5808 1208 5839 ³³
1240 5807 1317 5861 δέ.
1351 5805 1476 5862 Des.
1502 5808 1556 5860 in
1588 5809 1653 5862 υ.

3625 5573 3661 5605 ¹⁷
3681 5567 3745 5620 id.

2771 5635 2881 5682 sui...
3041 5635 3150 5669 ην..
3181 5635 3435 5680 “In...”
3657 5635 3750 5691 λά,

2771 5673 2896 5734 Alu,
2952 5671 3048 5724 καὶ
3083 5679 3440 5738 πορευσονται
3467 5651 3668 5738 01.94::
3690 5665 3745 5738 'i;

2791 5705 2926 5794 ii"’(;
2954 5705 3048 5724 ’Μ
3091 5705 3442 5774 ””¹ἑ“””“’”ῗί
3470 5705 3578 5779 ὲρὗ
3604 5713 3668 5767 lta
3696 5705 3744 5758 ia

2958 5755 3287 5808 ytyvopwtp.
