4088 6404
470 430 607 492 2675

1461 428 1948 490 THEODORETI
1989 426 2328 490 EPISCOPI
2367 432 2733 494 CYRENSIS

3589 428 3730 491 1676

467 551 520 594 et
561 541 720 594 fortis
749 540 907 610 quasi
953 554 1211 608 quercus,
1260 547 1313 591 et
1369 539 1569 591 abstuli
1626 537 1863 591 fructum
1920 536 2040 604 ejus

2173 539 2368 608 σχυρδς
2392 536 2460 610 ἦν
2488 541 2564 618 ὡς
2591 541 2740 612 δρῦς,
2773 539 2866 594 καὶ
2911 540 3081 612 ἐξῆρα
3101 539 3146 573 ⁸³
3195 539 3288 595 τὸν
3312 540 3525 613 καρπὸν
3558 542 3728 596 αὑτοῦ

467 635 734 702 desuper,
761 640 814 686 et
869 632 1084 685 radices
1136 630 1258 698 ejus
1302 630 1584 684 deorsum.
1625 647 1643 681 ι
1677 629 1800 683 llam
1863 637 2044 683 autem

470 725 706 790 ﬁgurate
749 721 912 780 dixit.
962 720 1348 790 proceritatem
1384 718 1693 783 hominum,
1759 717 1856 787 qui
1915 727 2046 771 tunc

467 824 647 877 erant,
708 821 761 866 et
785 813 954 866 robur
997 810 1320 865 ostendens.
1381 809 1770 878 Exploratores
1825 808 1972 862 enim
2017 823 2048 862 a

472 905 622 960 Mose
679 919 877 972 magno
940 919 1008 956 eo
1039 903 1218 964 missi,
1285 901 1743 960 renuntiaverunt
1796 900 1870 955 ibi
1928 915 2052 955 esse

470 993 655 1048 Enach
703 1001 757 1048 et
811 1000 1062 1062 posteros
1125 992 1430 1060 gigantum,
1494 988 1737 1058 adeoque
1795 1001 2051 1057 proceros

469 1103 592 1144 esse
615 1087 790 1148 viros,
834 1097 893 1139 ut
941 1099 1062 1138 eum
1117 1084 1198 1138 eis
1248 1081 1554 1151 comparati
1613 1079 1772 1151 quasi
1825 1080 2053 1132 locusta:

469 1177 859 1235 viderenturi.
893 1177 1196 1244 Aititaque
1244 1173 1628 1228 universorum
1688 1172 1833 1225 Deus
1864 1171 2054 1225 :Adeo

470 1269 760 1326 excelsos‘
789 1277 843 1322 et
884 1266 1060 1320 fortes
1120 1266 1271 1319 viros
1306 1279 1416 1317 non
1479 1271 1662 1316 vestro
1722 1264 1919 1316 robore
1968 1261 2053 1316 usi

471 1363 710 1417 vicistis.
751 1358 1042 1426 Quomodo
1069 1358 1214 1413 enim
1244 1355 1548 1417 vicissetis,
1577 1354 1670 1424 qui
1719 1355 1802 1407 vel
1837 1353 1954 1423 ipsa
1987 1353 2055 1408 de

473 1453 584 1508 illis
613 1454 757 1506 fama
792 1449 1196 1522 perterrefacti,
1229 1449 1282 1502 in
1318 1446 1620 1517 Egyptum
1656 1447 1837 1500 redire
1871 1446 2051 1500 conati

473 1544 648 1600 estis?
679 1543 782 1598 Sed
815 1557 914 1612 ego
950 1541 1101 1595 illum
1148 1541 1416 1593 radicitus
1447 1539 1770 1606 exstirpavi.
1829 1538 2054 1591 Radices

477 1643 660 1690 autem
701 1641 862 1687 vocat
894 1640 1100 1702 patres,
1149 1629 1363 1701 1419
1397 1629 1632 1698 fructum
1665 1635 1846 1683 autem
1891 1629 2053 1682 ﬁlios.

476 1725 592 1800 [10]
625 1725 938 1790 Enimvero,
981 1723 1183 1792 inquit,
1239 1736 1467 1776 necesse
1501 1728 1584 1775 est
1619 1733 1716 1774 vos
1760 1718 2055 1773 beneﬁcio-

476 1834 598 1874 rum
657 1817 824 1872 etiam
866 1815 1027 1870 vobis
1075 1813 1311 1868 antehac
1355 1811 1687 1866 collatorum
1739 1824 2058 1864 commone-

476 1908 677 1964 facere.
710 1905 824 1977 Ego
853 1907 997 1960 enim
1029 1918 1129 1959 vos
1165 1903 1236 1956 ab
1267 1901 1595 1972 Egyptiaca
1627 1901 1890 1956 servitute
1918 1898 2050 1952 libe-
2089 1878 2131 1933 Β

477 1999 616 2064 ravi,
654 2004 710 2054 et
739 2013 838 2068 per
865 2011 1040 2052 annos
1069 1994 1438 2065 quadraginta
1463 1992 1517 2046 in
1567 1991 1785 2047 deserto
1828 1990 1960 2055 alui,
2008 1996 2062 2043 et

462 2089 747 2165 quosdam
781 2104 848 2144 ex
885 2089 1041 2144 vobis
1069 2087 1390 2158 prophetica
1417 2085 1593 2155 gratia
1625 2083 1849 2146 donavi,
1895 2096 2062 2154 quos-

467 2180 602 2236 dam
636 2177 955 2234 sacerdotes
993 2175 1286 2231 constitui.

547 2294 716 2352 Vens.
751 2295 839 2348 ll.
881 2312 900 2347 ‹
936 2293 1162 2364 Sumpsi
1193 2291 1361 2356 enim,
1419 2290 1520 2355 ait,
1561 2288 1630 2344 de
1659 2287 1799 2343 [iliis
1837 2285 2060 2348 vestris,

469 2385 574 2456 qui
604 2393 792 2440 essent
827 2383 1128 2454 prophetae,
1164 2389 1219 2436 et
1246 2381 1315 2436 de
1369 2379 1665 2450 juvenibus
1717 2377 1940 2441 vestris,
1968 2375 2065 2447 qui

479 2485 668 2534 essent
689 2475 1082 2533 sanctiﬁcatio.
1113 2493 1132 2528 ι
1164 2473 1376 2528 Deinde
1408 2487 1506 2543 per
1540 2468 2064 2541 interrogationem,

482 2578 674 2642 utpote
711 2569 858 2641 quod
898 2577 1049 2624 certa
1083 2576 1138 2622 et
1170 2565 1482 2621 indubitata
1519 2563 1633 2618 sint
1661 2577 1725 2617 ea
1768 2577 1892 2632 quas
1917 2561 2066 2616 dicta

471 2671 652 2719 sunt:
678 2681 696 2714 ι
726 2662 885 2717 Anne
915 2662 988 2715 ita
1029 2668 1135 2726 est,
1171 2659 1266 2714 lilii
1302 2656 1558 2713 lsraelis?
1582 2656 1716 2710 dicit
1744 2653 2062 2710 Dominus.»

471 2755 838 2826 'ltedarguite,
863 2753 1066 2822 inquit,
1092 2751 1140 2805 si
1176 2749 1398 2819 aliquod
1428 2747 1778 2802 mendacium
1803 2745 1857 2798 in
1884 2745 2068 2800 verbis

472 2850 621 2904 'meis
657 2847 1002 2902 inveneritis.
1036 2844 1203 2914 Atqui
1231 2844 1338 2897 hoc
1367 2857 1475 2896 non
1498 2840 1761 2911 potestis:
1793 2853 1903 2893 non
1921 2840 2068 2892 enim

477 2938 776 3010 ignoratis,
805 2951 969 3006 quam
1029 2949 1156 2987 vera
1220 2934 1292 2986 sit
1344 2933 1458 2985 haec
1499 2928 1894 2984 beneﬁciorum
1934 2942 2072 2982 cnu-

485 3031 754 3095 meratio,
807 3041 1041 3099 quorum
1098 3023 1377 3079 contraria
1435 3037 1536 3078 vos
1584 3035 1808 3091 semper
1856 3019 2067 3089 egistis.

488 3120 604 3197 [12]
638 3122 774 3175 Nam
817 3135 925 3175 non
966 3118 1128 3173 modo
1153 3131 1249 3171 vos
1273 3116 1417 3186 leges
1449 3129 1604 3170 meas
1641 3113 1908 3168 audacter
1950 3111 2071 3166 vio-

2149 632 2448 696 ἐπάνωθεν,
2478 635 2692 697 καὶτὰς
2723 634 2878 705 ῥίζας
2902 633 3066 688 αὑτοῦ
3091 633 3460 686 ὑποκάτωθεν.
3495 653 3514 684 ι
3541 633 3731 687 Ταῦτα

2147 724 2205 778 δὲ
2233 725 2510 796 τροπικῶς
2534 726 2744 797 εἴρηκε,
2771 726 2831 778 τό
2851 743 2909 778 τε
2949 725 3176 796 μέγεθος
3199 723 3313 776 τῶν
3338 724 3589 794 τηνικάδε
3626 725 3730 777 ἀν-

2149 815 2311 885 δρῶν,
2343 817 2436 870 καὶ
2463 815 2561 888 τήν
2588 817 2746 887 ίσχὺν
2769 815 3052 870 διδάσκων.
3093 815 3206 869 Καὶ
3243 817 3292 868 οἰ
3334 815 3735 877 ἀποσταλέντες

2150 907 2208 961 δὲ
2237 907 2341 961 ὑπὸ
2367 906 2460 960 τοῦ
2488 908 2723 978 μεγάλου
2757 907 3001 971 Μωσέως
3030 906 3370 961 κατάσκοποι
3411 906 3618 973 ἔλεγον,
3646 907 3734 959 ὅτι

2169 999 2321 1052 Ἐκεῖ
2364 998 2546 1063 Ἐνάκ,
2563 1000 2657 1052 καὶ
2677 1001 2724 1052 οῖ
2746 999 3000 1067 ἀπόγονοι
3025 998 3133 1052 τῶν
3154 999 3446 1068 γιγάντων,
3476 998 3574 1051 καὶ
3590 997 3736 1066 ὑψη-

2152 1090 2234 1144 λοὶ
2281 1092 2473 1161 ἄνδρες
2521 1090 2745 1161 σφόδρα,
2789 1091 2884 1144 καὶ
2931 1086 3074 1161 ἦμεν
3116 1089 3348 1144 ἐνώπιον
3380 1088 3560 1142 αὑτῶν
3596 1088 3734 1141 ὡσεὶ

2157 1181 2394 1252 ἀκρίδες.
2417 1181 2580 1249 Λέγει
2599 1181 2777 1234 τοίνυν
2797 1182 2824 1233 6
2844 1179 2951 1233 τῶν
2971 1180 3108 1233 ὅλων
3132 1179 3284 1245 Θεὸς,
3307 1180 3391 1232 ὅτι
3415 1177 3536 1231 Τῶν
3585 1176 3738 1230 οὑτω

2159 1272 2407 1343 μεγάλων
2428 1273 2521 1324 καὶ
2551 1271 2788 1342 ἰσχυρῶν
2808 1270 3108 1342 ἀνθρώπων
3130 1269 3192 1322 οὑ
3222 1273 3288 1340 τῇ
3321 1269 3559 1340 σφετέρα
3587 1269 3739 1338 ἰσχύῖ

2155 1364 2493 1434 χρησάμενοι
2541 1362 2988 1434 περιγεγένησθε.
3024 1361 3150 1424 Πῶς
3185 1361 3294 1433 γάρ
3338 1361 3392 1414 οἴ
3426 1377 3489 1429 γε
3529 1361 3625 1413 καὶ
3675 1355 3740 1427 ἐξ

2156 1455 2325 1523 αὐτῆς
2355 1452 2847 1522 ἐκδειματωθέντες
2866 1451 2968 1521 τῆς
2997 1453 3186 1523 φήμης
3218 1454 3296 1516 είς
3326 1453 3424 1523 τὴν
3457 1454 3744 1521 Αἴγυπτον

2155 1543 2471 1598 ἐπανελθεῖν
2506 1543 2870 1614 ἐπειράθητε;
2900 1542 3017 1595 ἀλλ’
3063 1541 3173 1611 ἐγὼ
3204 1545 3410 1596 ἐκεῖνον
3451 1543 3742 1596 άνέσπασα

2158 1636 2476 1706 πρόρριζον.
2518 1633 2708 1698 Ῥίζας
2743 1633 2797 1687 δέ
2835 1633 2991 1687 καλεῖ
3035 1634 3161 1698 τοὺς
3210 1633 3471 1706 πατέρας,
3503 1636 3744 1703 καρπὸν

2156 1732 2212 1785 δὲ
2240 1732 2366 1794 τοὺς
2397 1729 2613 1792 παῖδας.
2665 1728 2826 1784 Ἀλλά
2851 1730 2960 1801 γάρ
2990 1730 3084 1784 καὶ
3111 1729 3219 1782 τῶν
3246 1730 3351 1799 πρὸ
3389 1729 3600 1794 τούτου,
3632 1747 3744 1800 φη-

2160 1825 2265 1888 σὶν,
2297 1819 2622 1892 εὐεργεσιῶν
2643 1821 2941 1889 ἀναγκαῖον
2961 1822 3104 1891 ὑμᾶς
3131 1822 3463 1892 ἀναμνῆσαι.
3490 1822 3598 1874 Καί
3626 1822 3744 1892 γὰρ

2160 1915 2259 1986 τῆς
2303 1913 2680 1981 Αἰγυπτιακῆς
2737 1913 2881 1983 ὑμᾶς
2935 1913 3288 1984 ἠλευθέρωσα
3335 1913 3597 1975 δουλείας,
3642 1915 3746 1966 καὶ

2160 2007 2254 2060 ἐπὶ
2286 2005 2694 2076 τεσσαράκοντα
2722 2003 2898 2058 ἐτεσιν
2926 2006 2983 2058 ἐν
3013 2007 3079 2076 τῇ
3107 2005 3298 2076 ἐρήμῳ
3321 2003 3598 2074 διέθρεψα,
3639 2004 3746 2057 καὶ

2161 2098 2335 2161 ἐνίους
2373 2097 2468 2167 μὲν
2497 2097 2648 2166 ὑμῶν
2686 2096 3033 2166 προφητικῆς
3065 2095 3273 2166 ἠξίωσα
3298 2095 3538 2168 χάριτος,
3562 2095 3745 2159 ἐνίους

2161 2183 2218 2238 δέ
2251 2185 2428 2255 ίερέας
2466 2185 2742 2256 ἀπέφηνα.

2236 2303 2325 2350 ια’.
2359 2315 2377 2348 ι
2403 2294 2635 2350 Ἐλαὸον
2657 2295 2786 2368 γὰρ,
2829 2294 3015 2367 φησιν,
3048 2295 3113 2349 ἐκ
3152 2293 3261 2348 τῶν
3295 2293 3426 2348 υῖῶν
3458 2294 3616 2365 ὑμῶν
3659 2295 3753 2358 εἰς

2165 2389 2474 2461 προφήτας,
2531 2390 2626 2442 καὶ
2665 2389 2729 2440 ἐκ
2781 2388 2890 2440 τῶν
2940 2387 3239 2440 νεανίσκων
3270 2385 3423 2458 ὑμῶν
3469 2389 3546 2451 είς
3580 2387 3755 2455 ἁγια-

2167 2478 2322 2550 σμόν.
2358 2496 2376 2531 ι
2416 2474 2550 2532 Εἶτα
2576 2477 2694 2531 κατ’
2725 2476 3016 2548 ἐρώτησιν,
3059 2477 3134 2540 ὡς
3161 2476 3547 2548 ἀναμφιϐόλων
3572 2476 3756 2529 ὄντων

2163 2571 2275 2625 τῶν
2306 2570 2612 2641 εἰρημένων
2632 2586 2646 2599 ⁸
2693 2588 2712 2626 t
2742 2568 2833 2639 Μὴ
2857 2569 2957 2621 οὑκ
2987 2568 3102 2621 ἔστι
3133 2569 3328 2634 ταῦτα,
3354 2568 3461 2621 υίοὶ
3499 2568 3752 2638 Ἰσραήλς

2166 2661 2316 2730 λέγει
2356 2661 2580 2732 Κύριος.
2621 2679 2639 2713 ι
2691 2659 3000 2728 Ἐλέγξατε,
3046 2658 3233 2728 φησὶν,
3283 2659 3337 2713 εἴ
3365 2677 3416 2713 τι
3444 2657 3640 2727 ψευδὲς
3687 2661 3757 2711 ἐν

2166 2755 2276 2816 τοῖς
2310 2751 2620 2824 εἰρημένοις
2657 2750 2940 2822 εὑρίσκετε
2989 2767 3004 2782 ·
3048 2749 3186 2803 άλλά
3221 2749 3380 2803 τοῦτο
3413 2749 3522 2803 τῶν
3548 2749 3759 2803 ἀδυνά-

2167 2862 2274 2899 των
2299 2861 2313 2874 ·
2348 2845 2461 2896 ῖστε
2489 2843 2597 2916 γάρ
2625 2844 2719 2896 καὶ
2745 2844 2920 2914 ὑμεῖς,
2947 2842 3021 2906 ὡς
3052 2842 3257 2912 ἀληθὴς
3288 2841 3396 2895 τῶν
3417 2840 3758 2912 εὐεργεσιῶν

2167 2935 2197 2988 6
2221 2934 2536 3003 κατάλογος,
2579 2926 2653 2986 ὧν
2684 2933 2901 2987 ἐναντία
2934 2932 3169 3002 δρῶντες
3203 2931 3617 2985 διατετελέκατε
3640 2948 3654 2961 υ
3687 2931 3757 2984 οὗ

2168 3025 2278 3097 γάρ
2310 3025 2468 3097 μόνον
2503 3026 2660 3096 ὑμεῖς
2705 3024 2878 3088 ἀδεῶς
2916 3022 3041 3085 τοὺς
3075 3023 3239 3094 ἐμοὺς
3266 3022 3634 3094 παραϐαίνετε
3661 3023 3761 3075 v6-

2174 3134 2327 3189 μους,
2357 3115 2494 3170 ἀλλά
2526 3115 2621 3168 καὶ
2659 3114 2787 3178 τοὺς
2819 3116 3185 3186 ήγιασμένους
3234 3130 3324 3183 μοι
3364 3111 3643 3177 ὲποτίζετε
3677 3112 3763 3166 οἷ-

487 3214 705 3278 labatis,
740 3211 835 3268 sed
869 3211 997 3265 vino
1022 3224 1244 3280 quoque
1275 3207 1548 3278 potabatis
1595 3204 1730 3259 mihi
1775 3217 2068 3260 consecra-

2173 3226 2262 3265 νον
2306 3207 2477 3278 (λέγει
2506 3207 2564 3260 δέ
2593 3207 2718 3270 τοὺς
2745 3205 3126 3278 Ναζιραίους),
3157 3206 3412 3277 ἀνόνητον
3441 3199 3580 3258 εἶναι
3605 3204 3759 3258 διδά-

489 3314 576 3363 tos
632 3305 748 3376 (sic
805 3311 986 3357 autem
1047 3308 1206 3356 vocat
1259 3297 1599 3368 Nasirmos),
1650 3295 1902 3352 inutilem
1949 3310 2072 3352 esse

488 3397 752 3453 docentes
825 3395 1044 3450 illorum
1093 3406 1226 3462 erga
1280 3405 1368 3446 me
1396 3389 1814 3444 observantiam
1855 3408 1866 3442 :
1903 3397 2073 3459 atque

488 3490 791 3562 prophetas
835 3501 865 3539 a
923 3500 1009 3540 me
1054 3484 1280 3548 missos,
1339 3496 1408 3535 ne
1463 3478 1960 3550 praesigniﬁcarent
2007 3491 2073 3533 ea

488 3595 612 3651 qua;
643 3582 1030 3649 imperassem,
1062 3571 1473 3644 prohibebatis,
1505 3585 1705 3640 meam,
1733 3578 1794 3626 ut
1821 3576 2072 3642 apparet,

492 3683 681 3723 vocem
711 3667 955 3737 graviter
975 3675 1030 3719 et
1061 3663 1305 3717 moleste
1332 3659 1592 3716 ferentes.

561 3797 732 3855 Vsus.
771 3795 955 3852 15-14.
995 3814 1014 3848 ι
1051 3794 1397 3864 Quapropter
1421 3806 1550 3848 ecce
1579 3807 1679 3863 ego
1700 3792 1861 3846 volvo
1889 3789 2078 3846 subter

491 3905 614 3957 vos,
661 3891 807 3946 sicut
842 3888 1082 3945 volvitur
1117 3887 1430 3956 plaustrum
1468 3884 1691 3954 plenum
1740 3882 1974 3952 stipula,
2022 3888 2078 3937 et

491 3982 693 4056 peribit
719 3983 847 4052 fuga
895 3995 925 4034 a
954 3993 1210 4034 cursore.
1252 3996 1269 4028 ι
1315 3974 1507 4030 Tantis
1538 3974 1708 4039 enim,
1747 3973 1948 4043 inquit,
1977 3988 2077 4029 vos

493 4075 737 4131 onerabo
778 4070 1090 4143 suppliciis,
1153 4077 1214 4124 ut
1265 4069 1500 4138 lugeatis
1529 4073 1584 4121 et
1621 4067 1874 4137 gematis,
1934 4065 2080 4121 sicut

488 4157 804 4241 plaustrum
840 4166 994 4237 gravi
1030 4180 1200 4220 onere
1244 4178 1497 4234 pressum
1527 4160 1745 4224 stridet,
1787 4159 1918 4214 dum
1969 4169 2081 4215 tra-

493 4261 662 4317 hitur.
696 4257 908 4331 [l5,16]
935 4257 1076 4312 Cum
1113 4256 1230 4310 lucc
1259 4263 1443 4309 autem
1495 4253 1638 4306 mala
1671 4251 1728 4305 in
1779 4267 1878 4306 vos
1933 4250 2081 4307 infe-

489 4359 708 4415 rentur,
743 4365 925 4411 nemo,
959 4366 1025 4403 ne
1065 4347 1451 4402 velocissimus
1488 4343 1734 4414 quidem,
1769 4342 1894 4415 fuga
1929 4344 2082 4401 salu-

495 4453 608 4500 tem
638 4451 986 4513 assequetur,
1018 4456 1198 4509 neque
1225 4451 1529 4506 generosus
1562 4437 1748 4490 animo
1781 4436 1930 4490 virili
1953 4437 2076 4501 erit,

497 4548 678 4604 neque
710 4531 1031 4602 sagittarius
1067 4537 1184 4581 arte
1237 4541 1337 4580 sua
1395 4525 1623 4587 nitetur,
1680 4539 1858 4594 neque
1911 4539 2080 4592 eques

495 4624 705 4679 velocis
754 4621 882 4692 equi
937 4635 1039 4690 ope
1093 4619 1327 4673 salutem
1383 4626 1755 4686 consequetur
1799 4629 1864 4667 τι
1918 4611 2082 4666 Solus

500 4725 682 4771 autem
728 4714 914 4769 nudus
955 4710 1180 4780 cﬁ'ugiet
1240 4707 1331 4763 die
1389 4709 1506 4775 illo,
1548 4708 1684 4761 dicit
1724 4706 2014 4759 Dominus.
2059 4722 2077 4756 ι

504 4805 718 4877 1420
744 4805 1014 4859 Erudiens
1044 4802 1192 4857 enim
1210 4816 1329 4866 vos,
1363 4799 1508 4854 hanc
1536 4798 1693 4853 vobis
1718 4797 2083 4850 calamitatem

499 4899 711 4963 infero;
743 4913 838 4953 eos
867 4895 1089 4967 quidem
1122 4893 1214 4964 qui
1272 4901 1486 4947 natura:
1531 4893 1848 4962 praestantia
1901 4888 2084 4944 excel-

501 4989 644 5051 lunt,
677 4989 760 5043 vel
785 4991 901 5042 arti
929 4986 1244 5050 conﬁdunt,
1301 4984 1668 5042 trucidandos
1701 4981 1939 5048 tradam,
1988 4977 2083 5034 sed

503 5079 729 5133 eﬁiciam
771 5086 852 5141 ut,
906 5079 991 5133 bis
1027 5079 1285 5132 omnibus
1341 5075 1589 5132 destituti
1637 5075 1730 5145 qui
1775 5088 1951 5144 neque
1995 5072 2076 5126 di-

505 5170 670 5225 vitias
695 5211 709 5234 ,
749 5185 926 5240 neque
960 5178 1158 5235 artem,
1191 5183 1371 5237 neque
1416 5168 1589 5223 robur
1613 5166 1840 5232 habent,
1868 5164 1962 5221 sed
1996 5165 2085 5219 bis

540 5261 764 5316 mnibus
804 5261 996 5316 nudati
1027 5269 1180 5324 sunt,
1214 5258 1356 5314 salvi
1383 5268 1436 5313 et
1465 5257 1777 5315 incolumes
1816 5257 2072 5313 evadant.

631 5500 794 5556 Num.
825 5515 944 5565 xm,
977 5499 1169 5554 29-34.

2173 3316 2393 3363 σκοντες
2418 3297 2515 3370 τήν
2539 3298 2620 3361 εἰς
2653 3297 2752 3366 ἐμὲ
2780 3295 3076 3366 θεραπείαν
3093 3311 3108 3327 ο
3144 3294 3239 3348 καὶ
3266 3295 3392 3358 τοὺς
3422 3293 3515 3347 ὑπ’
3542 3293 3677 3363 ἐμοῦ
3699 3294 3764 3350 δι

2173 3389 2559 3464 πεμπομένους
2621 3389 2906 3460 προφήτας
2960 3386 3247 3460 προλέγειν
3297 3385 3334 3440 ἃ,
3387 3384 3765 3455 προσέταττον

2172 3483 2461 3551 ἐκωλύετε,
2482 3479 2576 3537 καὶ
2600 3481 2772 3552 αὑτήν
2793 3497 2894 3552 μου
2922 3479 3033 3552 τῆν’
3048 3477 3250 3551 φωνὴν,
3266 3475 3342 3543 ὡς
3364 3477 3534 3546 εἰκὸς,
3559 3477 3764 3548 δυσχε-

2177 3575 2474 3648 ραίνοντες.

2247 3804 2339 3866 ιγ’.
2377 3814 2400 3849 ι
2426 3794 2525 3850 Διά
2549 3789 2708 3849 τοῦτο
2742 3792 2851 3848 ίδοὺ
2877 3791 2989 3864 ἐγὼ
3009 3793 3180 3848 κυλίω
3211 3792 3470 3852 ὑποκάτω
3496 3794 3672 3867 ὑμῶν,
3699 3796 3765 3851 ὃν

2175 3889 2378 3962 τρόπον
2405 3888 2652 3942 κυλίεται
2681 3888 2715 3958 ἡ
2749 3885 2936 3956 ἅμαξα
2981 3887 3015 3956 ἡ
3059 3886 3308 3956 γέμουσα
3348 3887 3625 3962 καλάμης.
3662 3890 3765 3942 καὶ

2179 3954 2458 4034 ἀπολεῖται
2493 3978 2641 4047 φυγὴ
2676 3954 2742 4030 ἐκ
2772 3954 3039 4048 δρομέως.
3074 3954 3096 4028 ί»
3133 3954 3407 4031 Τοσοῦτον
3450 3954 3567 4048 γάρ’
3588 3954 3763 4049 ὑμῖν,

2178 4071 2367 4143 φησὶν,
2386 4068 2630 4140 ἐπιθήσω
2650 4067 2923 4138 τιμωρίας
2943 4066 3276 4138 φορτίον,’ώς
3297 4067 3584 4138 ὀδύρεσθαι
3605 4068 3649 4099 ³⁸
3665 4069 3767 4122 καὶ

2181 4161 2408 4226 στένειν,
2443 4157 2696 4229 καθάπερ
2727 4157 2913 4228 ἅμαξα
2952 4156 3346 4228 πεφορτωμένη
3387 4158 3481 4210 καὶ
3521 4156 3768 4228 βεϐαρη-

2183 4252 2317 4323 μένη
2348 4249 2523 4322 τρίζει
2567 4248 2863 4320 συρομένη.
2904 4248 3120 4302 Τούτων
3144 4247 3201 4301 δὲ
3243 4249 3353 4303 τῶν
3393 4250 3583 4304 κακῶν
3630 4252 3768 4322 ὑμῖν

2180 4343 2610 4414 ἐπιφερομένων,
2640 4341 2766 4394 οὔτε
2807 4343 2834 4393 6
2875 4339 3281 4410 δρομικώτατος
3324 4341 3414 4394 διὰ
3447 4343 3627 4412 φυγῆς
3660 4360 3768 4396 πο-

2183 4436 2377 4506 ριεῖται
2403 4433 2502 4503 τήν
2533 4431 2805 4502 σωτηρίαν
2827 4473 2844 4496 ,
2879 4429 3000 4482 οὑτε
3030 4431 3059 4484 ὁ
3090 4432 3336 4498 γενναῖος
3371 4431 3616 4502 ἀνδρεῖον
3648 4431 3766 4497 ἕξει

2113 4569 2157 4625 Β
2184 4525 2244 4578 τὸ
2273 4524 2546 4625 φρόνημα,
2572 4522 2695 4576 οὕτε
2724 4525 2752 4576 6
2777 4521 3307 4625 .roﬁd'rqcﬁappqcet
3348 4525 3414 4594 τῇ
3452 4523 3637 4597 τέχνῃ.
3670 4524 3767 4578 καὶ

2185 4619 2212 4670 6
2245 4617 2442 4678 ίππεὺς
2466 4615 2524 4669 δέ
2559 4617 2628 4686 τῇ
2657 4613 2918 4685 ταχύτητι
2947 4611 3040 4665 τοῦ
3076 4613 3242 4666 ἵππου
3263 4613 3544 4685 χρώμενος
3568 4631 3768 4685 συνερ-

2185 4705 2288 4776 γῷ,
2313 4705 2410 4776 τῆς
2443 4705 2715 4775 σωτηρίας
2740 4702 2839 4756 οὒκ
2880 4701 3250 4756 ἀπολαύσεται
3280 4720 3292 4734 ο
3335 4721 3353 4754 t
3376 4703 3552 4767 Μόνος
3575 4703 3622 4734 ³³
3659 4705 3720 4758 δὲ
3743 4706 3771 4757 6

2187 4795 2392 4866 γυμνὸς
2419 4794 2673 4864 φεύξεται
2704 4795 2762 4848 ἐν
2791 4792 2972 4864 ἐκείνῃ
2995 4795 3061 4863 τῇ
3085 4793 3292 4865 ἡμέρᾳ,
3317 4793 3463 4858 λέγει
3490 4793 3721 4865 Κύριος.
3747 4815 3765 4847 ι

2189 4883 2464 4938 Διδάσκων
2499 4884 2608 4955 γὰρ
2662 4883 2807 4955 ὑμᾶς
2849 4882 2959 4950 ἐγὼ
2977 4883 3021 4914 ³⁸
3052 4882 3241 4937 τοῦτον
3276 4885 3404 4954 ὑμῖν
3445 4885 3637 4953 ἐπάγω
3680 4888 3777 4940 τὸν

2189 4976 2449 5048 ὀλεθρον,
2512 4977 2639 5039 τοὺς
2696 4976 2797 5046 μὲν
2865 4976 3149 5048 πλεονεξίᾳ
3211 4975 3425 5046 φύσεως
3455 5016 3470 5040 ,
3525 4978 3558 5048 ἢ
3606 4979 3779 5052 τέχνῃ

2193 5065 2553 5139 θαρροῦντας,
2578 5065 2883 5137 παραδώσω
2911 5060 3114 5137 σφαγῇ,
3144 5066 3272 5130 τοὺς
3287 5065 3345 5120 δὲ
3370 5065 3576 5120 τούτων
3606 5069 3781 5122 άπάν·

2191 5176 2300 5212 των
2335 5158 2756 5230 ἐστερημένους,
2801 5157 2891 5210 καὶ
2931 5157 3067 5227 μήτε
3098 5155 3348 5222 πλοῦτον,
3385 5158 3522 5228 μήτε
3555 5157 3778 5230 ῥώμην,

2195 5251 2330 5321 μήτε
2371 5249 2566 5319 τέχνην
2595 5249 2839 5318 ἔχοντας,
2869 5248 3004 5302 ἀλλὰ
3039 5248 3257 5302 πάντων
3287 5248 3781 5319 γεγυμνωμένους,

2195 5340 2368 5404 σώους
2395 5342 2488 5394 καὶ
2519 5341 2741 5410 ἀρτίους
2773 5339 3181 5411 παρασκευάσω
3215 5340 3502 5410 διαφυγεῖν

1827 5646 2064 5702 VAle
2091 5645 2497 5702 LECTIONES.

610 5788 656 5819 ⁸³
685 5789 727 5841 Δ
760 5786 1020 5851 ἐξήρανα.
1091 5787 1134 5820 ³⁸
1163 5785 1204 5840 G
1256 5778 1557 5840 ὀδὺνεσθαι.
1630 5788 1674 5818 ³⁸
1716 5788 1832 5858 μόν.
1865 5818 1933 5829 -—
1962 5787 2118 5859 φεύξ.
2139 5787 2183 5841 Α
2209 5790 2237 5841 6
2257 5787 2461 5859 γυμνὸς
2497 5786 2769 5851 διώξεται.
2815 5781 3040 5860 ,πί-ἐγώ.
3072 5781 3115 5839 C
3152 5782 3252 5847 ὡς.
