4088 6408
447 380 589 446 1677

983 485 1378 540 ΚΕΦΔΛΑΙΟΝ
1423 485 1498 542 1".

509 582 578 644 α’,
601 577 667 650 β’.
701 595 719 629 ι
752 575 1050 632 Ἀκούσατε
1083 578 1265 631 τοίνυν
1283 577 1375 632 τὸν
1400 576 1558 644 λόγον
1587 573 1798 641 τοῦτον,
1828 575 1888 628 ὃν
1910 574 2028 628 έλάο

439 667 574 740 λησε
601 669 808 740 Κύριος
839 671 924 737 ἐφ’
959 670 1125 740 ὑμᾶς,
1152 666 1303 733 οἶκος
1345 667 1582 740 Ἰσραὴλ,
1615 667 1711 722 καὶ
1754 668 1898 721 κατὰ
1924 668 2028 720 πά·-

442 780 544 834 σης
578 762 771 834 φυλῆς,
808 758 876 833 ἧς
910 763 1187 832 ἀνήγαγον
1221 763 1287 814 ὲκ
1322 761 1428 832 γῆς
1459 759 1762 829 Αἰγύπτου,
1802 758 1976 826 λέγων
2009 773 2022 787 ⁸

441 856 589 925 Πλὴν
636 855 781 925 ὑμᾶς
831 853 1002 922 ἔγνων
1045 855 1109 906 ἐκ
1156 853 1346 906 πασῶν
1396 851 1578 922 φυλῶν
1615 851 1716 920 τῆς
1751 849 1890 920 γῆς·
1943 848 2029 902 διά

440 946 600 1001 τοῦτο
643 946 916 1016 ἐκδικήσω
967 946 1053 1015 ἐφ’
1101 945 1247 1016 ὑμᾶς
1298 944 1478 1008 πάσας
1528 943 1630 1008 τάς
1687 941 1960 1014 ἁμαρτίας
1983 941 2026 973 ³⁷

443 1033 622 1103 ὑμῶν.
657 1052 677 1085 ι
747 1034 1045 1104 Προσήκει,
1085 1033 1241 1104 φησί,
1298 1034 1578 1104 συντόμως
1625 1033 1769 1104 ὑμᾶς
1810 1031 2028 1087 ἀκούειν

439 1124 550 1177 τῶν
584 1124 914 1194 λεγομένων,
957 1128 1056 1196 τῆς
1097 1125 1416 1196 εὐεργεσίας
1463 1125 1848 1196 μεμνημένους
1885 1123 2030 1177 ὲκεί-

440 1232 558 1286 νης,
595 1216 676 1268 ὅτι
713 1215 932 1268 πάντων
955 1215 1031 1268 ὢν
1053 1216 1285 1288 ποιητὴς
1310 1217 1404 1271 καὶ
1426 1217 1722 1288 Δεσπότης,
1755 1215 2030 1286 ἐξαίρετόν

438 1324 561 1360 τινα
585 1307 908 1378 ποιούμενος
940 1308 1095 1380 ὑμῶν
1118 1308 1393 1362 διετέλεσα
1427 1311 1688 1380 πρόνοιαν
1713 1324 1726 1338 ·
1765 1302 1826 1362 οὗ
1871 1308 2030 1379 χάριν

439 1400 535 1451 καὶ
563 1399 660 1468 τῆς
687 1398 999 1466 Αἰγυπτίων
1037 1400 1182 1470 ὑμᾶς
1210 1400 1456 1465 δουλείας
1490 1399 1797 1471 ἀπήλλαξα.
1826 1398 2020 1464 Τὺ⁹δὲ,

444 1507 464 1540 ι
527 1489 670 1542 κατὰ
712 1489 894 1561 πάσης
922 1490 1122 1561 φυλῆς,
1166 1487 1235 1564 ἦς
1283 1492 1554 1562 ἀνήγαγον
1609 1492 1672 1545 ὲκ
1706 1491 1812 1560 γῆς
1862 1489 2030 1557 Αἰγύ-

438 1594 600 1643 πτου,
638 1597 657 1628 ι
714 1579 814 1631 οὐκ
859 1578 1051 1641 ἀλλους
1088 1579 1241 1642 τινὰς
1291 1579 1588 1632 αἰνίττεται
1615 1593 1628 1607 °
1676 1577 1794 1632 ἀλλ’
1843 1575 2031 1646 ἐπειδὴ

435 1667 535 1720 τοῦ
596 1668 815 1740 Ἰσραὴλ
849 1669 1246 1740 ἐμνημόνευσε,
1309 1667 1450 1739 μετά
1489 1667 1546 1722 δὲ
1588 1666 1688 1738 τὴν
1733 1665 2024 1737 διαίρεσιν,

452 1758 706 1827 Ἰσραὴλ
756 1761 812 1812 αἰ
866 1759 998 1814 δέκα
1040 1760 1207 1830 φυλαὶ
1257 1758 1757 1832 προσηγορεύοντο,
1801 1761 1882 1823 εἰς
1931 1758 2032 1830 τὴν

1750 378 1831 438 ΙΝ
1870 373 2071 437 AMOS
2107 371 2266 431 CAP.
2309 366 2426 432 IlI.

2061 487 2108 542 Δ

2721 479 2738 498 ⁹
2765 475 2997 534 CAPUT
3040 476 3130 534 lli.

2205 564 2371 622 Vsus.
2403 566 2532 630 1,2.
2569 584 2587 618 ι
2621 567 2820 624 Audite
2877 569 3048 640 igitur
3109 571 3341 627 verbum
3394 575 3524 638 hoc,
3566 574 3716 644 quod

2131 659 2355 714 locutus
2383 669 2469 716 est
2511 659 2774 716 Dominus
2803 677 2973 732 super
2999 679 3129 728 vos,
3163 664 3362 722 domus
3407 664 3576 722 Israel
3602 705 3618 731 ,
3663 675 3720 721 et

2129 757 2324 804 contra
2343 764 2562 806 omnem
2587 751 2814 815 tribum,
2846 767 3008 822 quam
3031 754 3197 809 eduxi
3225 769 3254 810 e
3283 763 3430 810 terra
3465 754 3714 827 Egypti,

2129 840 2376 894 dicens:
2432 839 2824 898 Verumtamen
2869 858 2968 900 vos
3029 845 3262 914 cognovi
3316 846 3385 902 de
3437 846 3716 902 universis

2131 930 2390 986 tribubus
2427 937 2590 984 terrae
2622 948 2635 984 :
2665 932 2872 987 idcirco
2913 933 3152 988 ulciscar
3190 950 3357 1005 super
3379 950 3478 992 vos
3527 936 3714 990 omnia

2131 1028 2365 1091 peccata
2412 1030 2618 1076 vestra.
2665 1041 2682 1072 ι
2717 1021 3005 1088 Convenit,
3053 1024 3254 1096 inquit,
3316 1041 3412 1080 vos
3473 1026 3715 1081 breviter

2129 1128 2192 1170 ea
2217 1127 2341 1183 qua:
2371 1110 2632 1166 dicuntur
2659 1113 2875 1180 audire,
2902 1115 3036 1169 illud
3077 1115 3406 1171 beneficium
3446 1119 3714 1172 memoria

2132 1203 2462 1268 recolentes,
2497 1202 2643 1273 quod
2671 1219 2796 1275 ego,
2831 1206 2922 1275 qui
2956 1206 3203 1260 omnium
3255 1207 3432 1262 factor
3485 1224 3607 1264 sum
3657 1218 3712 1264 et

2131 1293 2423 1359 Dominus,
2453 1295 2722 1367 singulari
2764 1298 2999 1368 quadam
3050 1299 3396 1368 providentia
3421 1317 3520 1357 vos
3563 1316 3710 1358 sem-

2131 1401 2229 1456 per
2267 1393 2599 1456 prosecutus
2625 1386 2730 1441 sim
2761 1406 2773 1442 :
2815 1387 2964 1443 unde
2990 1395 3041 1444 et
3073 1389 3141 1444 ab
3169 1389 3550 1460 Egyptiorum
3599 1408 3717 1447 scr-

2131 1478 2304 1533 vitute
2351 1492 2450 1532 vos
2498 1477 2748 1533 liberavi.
2805 1477 2923 1533 lloc
2975 1495 3128 1545 vero,
3183 1499 3201 1532 ι
3242 1491 3434 1536 contra
3493 1498 3718 1537 omnem

2132 1566 2362 1629 tribum,
2415 1581 2580 1638 quam
2603 1565 2766 1621 eduxi
2796 1582 2826 1622 e
2861 1577 3004 1622 terra
3063 1568 3308 1640 IEgypti,
3349 1588 3368 1621 ι
3414 1585 3526 1626 non
3576 1572 3719 1627 alios

2131 1658 2403 1729 quosdam
2453 1658 2877 1729 dcsignat:scd
2930 1663 3192 1731 quoniam
3254 1661 3512 1719 lsraelem
3569 1679 3722 1718 com-

2133 1750 2481 1814 memoravit,
2524 1759 2650 1820 post
2681 1750 3014 1808 divisionem
3061 1761 3269 1818 autem,
3317 1755 3505 1810 decem
3539 1754 3719 1810 tribus

438 1824 704 1922 ἀκρόασιν
733 1849 894 1903 καλεί
915 1848 1024 1902 τῶν
1052 1824 1365 1920 εἰρημένων
1420 1824 1519 1904 καί
1542 1849 1634 1902 τὸν
1676 1824 1898 1913 Ἰούδαν,
1929 1824 2026 1901 καί

2146 1843 2317 1898 Israel
2346 1843 2643 1899 nominata:
2675 1852 2824 1909 sunt,
2854 1845 2920 1900 ad
2953 1845 3227 1900 audienda
3254 1861 3319 1901 ea
3362 1861 3489 1917 qua:
3523 1846 3720 1900 dicun-

438 1941 534 1996 τὸν
565 1941 842 2013 Βενιαμίν.
881 1937 1016 1995 Εἶτα
1048 1941 1286 2007 δεικνὺς,
1341 1941 1420 2004 ὡς
1467 1939 1635 1995 αὑτοῦ
1679 1939 2025 2011 συγχωροῦν-

438 2051 573 2099 τος,
610 2034 786 2088 ἔπεισι
819 2033 927 2088 τῶν
965 2033 1237 2105 πολεμίων
1285 2034 1320 2106 ἡ
1368 2033 1596 2105 στρατιά
1615 2031 1683 2102 ³⁸,
1728 2033 1818 2088 διά
1861 2049 2025 2086 τινων

439 2125 668 2180 εἰκόνων
699 2123 987 2180 πιστοῦται
1015 2123 1108 2178 τὸν
1145 2125 1324 2194 λόγον.

515 2309 680 2374 γὀς’.
715 2323 737 2356 ι
781 2305 844 2358 Εἰ
871 2302 1232 2376 πορεύσονται
1261 2302 1354 2358 δύο
1389 2303 1482 2357 ἐπὶ
1503 2303 1561 2357 τὸ
1594 2303 1727 2357 αὐτὸ
1768 2301 2021 2368 καθόλου,

438 2396 540 2448 ἐὰν
594 2394 668 2465 μὴ
709 2392 1050 2464 γνωρίσωσιν
1111 2393 1326 2457 ἑαυτοῖς
1342 2392 1424 2458 ³⁹;
1478 2394 1542 2446 Εἰ
1576 2391 1856 2465 ὲρεύξεται
1888 2392 2025 2447 λέων

437 2490 509 2542 ἐκ
558 2485 656 2540 τοῦ
707 2485 916 2558 δρυμοῦ
961 2484 1133 2540 αὐτοῦ
1186 2484 1361 2556 θήραν
1404 2485 1504 2538 οὐκ
1547 2485 1724 2556 ἔχωνς
1765 2486 1827 2539 Εἰ
1862 2483 2024 2538 δώσει

443 2579 685 2650 σκύμνος
720 2577 906 2649 φωνὴν
947 2577 1117 2632 αὑτοῦ
1165 2577 1232 2630 ἑκ
1272 2577 1374 2648 τῆς
1406 2575 1646 2648 μάνδρας
1685 2575 1851 2631 αὑτοῦ
1889 2576 2024 2630 καθ-

437 2669 586 2734 όλου,
621 2669 717 2723 ὲάν
752 2669 829 2742 μὴ
855 2670 1080 2740 ἁρπάσῃ
1105 2685 1189 2734 τι;
1220 2669 1284 2722 Εἰ
1314 2671 1563 2722 πεσεῖται
1593 2668 1780 2740 ὄρνεον
1810 2668 1901 2722 ἐπὶ
1922 2667 2025 2738 τὴν

436 2758 546 2829 γῆν
563 2759 610 2792 ⁸ο
637 2759 764 2814 ἄνευ
796 2758 1042 2824 ἰξευτοῦς
1081 2759 1144 2814 Εἰ
1177 2758 1546 2832 σχασθήσεται
1576 2761 1744 2829 παγὶς
1790 2761 1884 2812 ἐπὶ
1926 2759 2025 2830 τῆς

439 2848 548 2920 γῆς
576 2850 705 2904 ἄνευ
746 2849 839 2903 τοῦ
871 2849 1154 2903 συλλαϐεῖν
1181 2866 1264 2916 τι;
1302 2851 1366 2904 Εἰ
1407 2851 1649 2921 φωνήσει
1695 2849 1934 2919 σάλπιγξ
1967 2850 2028 2902 ὲν

451 2946 630 3010 πόλει,
679 2946 775 2999 καὶ
809 2944 936 3008 λαὸς
963 2944 1022 2998 ού
1060 2943 1462 3016 πτοηθήσεται;
1505 2945 1569 2996 Εἰ
1597 2943 1713 2997 ἔστι
1748 2943 1922 2996 κακία
1966 2945 2026 2996 ὲν

441 3037 617 3102 πόλει,
647 3037 713 3109 ῆν
735 3037 939 3110 Κύριος
956 3038 1058 3091 οὐκ
1081 3037 1372 3108 έποίησεν;
1408 3055 1426 3089 ι
1459 3037 1694 3108 Ὥσπερ,
1730 3036 1886 3106 φησὶ,
1917 3034 2028 3090 τῶν

439 3131 718 3186 ἀδυνάτων
740 3132 856 3184 έστί
880 3130 974 3184 δύο
1001 3131 1143 3186 κατὰ
1162 3129 1358 3185 ταύτὸν
1380 3129 1500 3184 ὁδοῦ
1513 3145 1663 3193 τινος
1680 3129 2023 3200 κοινωνῆσαι,

443 3184 521 3294 μὴ
549 3219 896 3293 δηλώσαντας
951 3184 1202 3290 ἀλλήλοις
1241 3221 1376 3274 ὅπου
1424 3236 1486 3273 τε
1542 3184 1659 3274 καὶ,
1677 3219 1821 3283 τίνος
1863 3184 2028 3289 χάριν
2055 3184 2098 3243 C

441 3312 790 3385 ἀπαίρουσιν,
811 3310 934 3365 οὕτε
966 3311 1074 3382 μὴν
1099 3310 1475 3382 βρυχήσασθαι
1509 3311 1698 3364 λέοντα
1735 3311 1908 3381 θήρας
1926 3309 2028 3362 οὐκ

440 3403 632 3474 οὔσης,
655 3403 688 3475 ἢ
717 3403 836 3474 δίχα
861 3403 955 3456 τοῦ
982 3401 1304 3474 θηρεύοντος
1323 3403 1508 3474 ὄρνεον
1530 3405 1736 3467 πεσεῖν,
1762 3403 1794 3473 ἢ
1821 3402 1868 3454 τ’
1891 3400 2028 3455 ἀλλα

441 3495 622 3550 πάντα
665 3495 918 3564 γενέσθαι
967 3492 1040 3548 τά
1077 3492 1375 3563 εἰρημένα⁹
1421 3491 1596 3555 οὕτως
1642 3491 1904 3546 ἀδύνατον
1949 3491 2024 3562 μὴ

445 3587 772 3660 βουλομένου
796 3585 934 3641 Θεοῦ
962 3587 1236 3658 τιμωρίαν
1263 3585 1619 3657 ἐπενεχθῆναι
1657 3601 1778 3639 τινα
1800 3584 1868 3638 δ’.
1911 3587 2028 3639 Ka-

443 3682 585 3734 κίαν
617 3678 727 3752 γὰρ
753 3679 852 3748 τὴν
880 3677 1148 3749 τιμωρίαν
1172 3677 1408 3748 κέκληκε
1448 3676 1528 3747 τῷ
1559 3676 1725 3748 κοινῷ
1749 3677 1860 3731 ἔθει
1891 3694 2028 3748 χρη-

447 3769 709 3840 σάμενος.
730 3769 898 3824 Κακά
921 3768 1029 3838 γὰρ
1055 3769 1242 3822 καλεῖν
1267 3767 1538 3840 εἰώθαμεν
1563 3769 1779 3833 καὶτὰς
1815 3768 2025 3834 νόσους,

446 3861 541 3915 καὶ
567 3861 665 3926 τὰς
693 3860 960 3924 παιδείας,
987 3861 1083 3914 καὶ
1115 3860 1244 3923 τοὺς
1267 3859 1482 3932 ἀώρους
1511 3861 1800 3927 θανάτους,
1823 3862 1919 3915 καὶ
1939 3861 2023 3914 λιο

450 3952 606 4024 μοὺς,
628 3954 726 4007 καὶ
746 3953 1037 4023 πολέμους,
1061 3952 1156 4006 καὶ
1180 3953 1249 4006 τὰ
1287 3952 1499 4016 τούτοις
1521 3953 1897 4025 παραπλήσια,
1925 3955 2028 4008 οὐκ

447 4042 636 4114 ἐπειδὴ
670 4043 831 4113 φύσει
860 4041 1036 4098 ταῦτα
1070 4043 1237 4109 κακὰ,
1285 4044 1400 4098 ἀλλ’
1428 4043 1621 4115 ἐπειδὴ
1660 4043 1771 4097 τῶν
1808 4042 2024 4115 ἀνθρώο

442 4148 563 4188 πων
590 4135 896 4200 κακωικά,
942 4136 1037 4190 καὶ
1064 4135 1244 4206 λύπην
1275 4133 1638 4206 προξενοῦντα
1680 4136 1776 4188 καὶ
1805 4134 2020 4198 πένθος.

443 4226 617 4280 Τοῦτο
642 4227 736 4281 καὶ
761 4228 790 4280 ό
823 4229 1114 4298 προφήτης
1163 4228 1314 4298 ἡμᾶς
1368 4227 1552 4290 Ἰωνᾶς
1582 4226 1822 4280 διδάσκει
1854 4225 2022 4296 σαφέ-

445 4337 658 4391 στερον.
699 4339 718 4372 ι
749 4321 1057 4392 Μετενόησε
1086 4319 1222 4389 γὰρ,
1254 4321 1409 4390 φησὶ,
1440 4319 1644 4392 Κύριος
1671 4319 1778 4372 ἀπὸ
1802 4319 1902 4388 τῆς
1929 4335 2026 4371 κα-

445 4412 572 4475 κίας
603 4413 767 4466 αὐτοῦ
798 4408 868 4485 ἧς
902 4413 1135 4478 έλάλησε
1156 4431 1172 4449 ο
1191 4433 1209 4466 ι
1240 4413 1538 4476 τουτέστιν,
1571 4413 1678 4467 ἀπὸ
1707 4413 1806 4485 τῆς
1838 4430 2023 4467 κακω-

2138 1945 2229 1991 tur
2263 1935 2465 1990 invitat
2508 1943 2623 1990 tum
2668 1935 2864 1991 Judam
2913 1945 3026 1991 tum
3077 1937 3472 2007 Benjaminem.
3523 1937 3718 1994 Postea

2131 2027 2435 2084 ostendens
2458 2027 2628 2099 quod,
2667 2041 2734 2083 eo
2757 2028 3136 2098 permittente,
3169 2028 3412 2084 hostium
3436 2029 3718 2085 exercitus

2132 2118 2406 2185 adveniat,
2471 2118 2805 2191 quibusdam
2867 2118 3332 2176 similitudinibus
3394 2120 3562 2176 verbo
3617 2134 3720 2176 suo

2135 2210 2293 2266 fidem
2325 2209 2460 2266 facit
2495 2229 2510 2267 :

2201 2301 2370 2360 Vens.
2395 2303 2514 2360 6-8.
2553 2321 2574 2357 ι
2611 2305 2692 2359 An
2725 2303 3093 2360 ambulabunt
3121 2303 3234 2358 duo
3257 2303 3426 2360 simul
3463 2303 3718 2367 omnino,

2131 2395 2263 2468 quin
2332 2396 2439 2452 sibi
2487 2397 2887 2453 indicaverint?
2940 2397 3024 2451 An
3094 2397 3274 2468 rugiet
3321 2395 3406 2452 leo
3453 2397 3522 2452 de
3575 2396 3718 2452 saltu

2131 2504 2232 2544 suo
2255 2489 2494 2562 praedam
2525 2504 2634 2545 non
2666 2489 2914 2546 habens?
2934 2491 3016 2545 An
3053 2490 3265 2545 attollet
3292 2489 3507 2544 catulus
3541 2489 3720 2544 leonis

2131 2593 2321 2634 vocem
2358 2593 2516 2634 suam
2542 2578 2612 2635 de
2658 2579 2830 2635 cubili
2876 2595 2979 2635 suo
3024 2580 3274 2646 omnino,
3327 2580 3436 2637 nisi
3500 2579 3718 2650 aliquid

2130 2670 2408 2741 rapuerit?
2430 2673 2512 2724 An
2545 2670 2709 2726 cadet
2747 2670 2865 2727 avis
2897 2686 3063 2742 super
3082 2677 3285 2726 terram
3309 2671 3430 2726 sine
3461 2671 3720 2740 aucupe?

2131 2761 2213 2815 An
2249 2759 2522 2814 lambitur
2549 2760 2804 2832 decipula
2837 2761 2890 2815 in
2917 2768 3085 2826 terra,
3118 2761 3226 2816 nisi
3261 2760 3471 2833 1421
3505 2760 3717 2832 aliquid

2133 2851 2598 2922 apprehenderit?
2648 2853 2730 2907 An
2773 2853 2990 2923 clanget
3055 2853 3187 2908 tuba
3240 2853 3296 2908 in
3355 2854 3620 2920 civitate,
3662 2862 3720 2909 et

2133 2942 2368 3013 populus
2392 2957 2502 2997 non
2527 2943 2782 2999 timebit?
2817 2959 2886 2998 an
2911 2944 3018 3000 erit
3057 2944 3259 2999 malum
3292 2946 3350 2999 in
3381 2945 3539 3008 urbe,
3570 2944 3717 3015 quod

2133 3035 2402 3090 Dominus
2453 3050 2562 3090 non
2619 3035 2857 3092 fecerit?
2900 3056 2920 3090 ›
2959 3034 3456 3104 Quemadmodum,
3508 3037 3716 3107 inquit.

2134 3126 2250 3182 fieri
2288 3141 2398 3180 non
2437 3134 2639 3196 potest,
2688 3135 2748 3182 ut
2797 3127 2910 3182 duo
2949 3128 3116 3182 simul
3154 3128 3405 3183 eamdem
3441 3128 3584 3183 viam
3635 3138 3719 3183 te-

2132 3226 2324 3284 neant,
2358 3219 2492 3289 quin
2521 3221 2670 3275 inter
2701 3235 2763 3276 se
2813 3220 3260 3287 communicent,
3289 3235 3399 3291 quo
3433 3228 3486 3276 et
3523 3235 3718 3291 quam-

2127 3311 2317 3366 obrem
2344 3311 2769 3382 proficiscantur
2791 3328 2806 3365 :
2827 3319 2944 3374 aut,
2977 3319 3036 3366 ut
3061 3312 3145 3367 leo
3167 3311 3348 3383 rugiat
3373 3326 3498 3366 cum
3534 3312 3716 3381 pratda

2127 3418 2237 3458 non
2274 3402 2372 3468 sit,
2407 3409 2506 3456 aut
2529 3401 2654 3456 sine
2705 3411 2973 3457 venatore
3022 3403 3140 3458 avis
3197 3402 3387 3469 cadat,
3450 3413 3544 3455 aut
3602 3402 3715 3456 alia

2127 3494 2316 3550 omnia
2355 3497 2677 3565 supradicta
2730 3489 2905 3551 fiant:
2934 3499 3018 3554 sic
3083 3498 3200 3554 fieri
3252 3513 3363 3553 non
3406 3505 3591 3567 potest
3626 3507 3712 3562 ut,

2126 3588 2348 3645 nolente
2388 3589 2518 3655 Deo,
2555 3589 2693 3645 ultio
2728 3589 2913 3660 aliqua
2949 3589 3256 3661 inﬂigatur.
3307 3588 3515 3644 Malum
3565 3589 3715 3644 enim

2130 3679 2397 3736 ultionem
2431 3682 2680 3750 vocavit,
2737 3681 3059 3753 pervulgata
3089 3689 3254 3738 utens
3287 3679 3710 3737 consuetudine.

2127 3770 2283 3827 Mala
2309 3773 2460 3828 enim
2495 3788 2700 3829 vocare
2743 3774 2988 3829 solemus
3024 3773 3270 3834 morbos.
3309 3779 3365 3828 et
3397 3769 3716 3840 castigatio-

2128 3881 2229 3922 nes
2259 3873 2315 3921 et
2350 3867 2706 3920 immaturam
2741 3875 3015 3932 mortem,
3066 3873 3122 3920 et
3169 3873 3376 3935 pestes,
3437 3872 3494 3918 et
3547 3861 3709 3926 bella,

2127 3967 2292 4028 atque
2318 3957 2408 4013 bis
2437 3957 2640 4012 similia
2677 3974 2690 4011 :
2717 3973 2830 4012 non
2859 3958 2990 4027 quia
3036 3965 3235 4011 natura
3264 3955 3378 4010 haec
3405 3953 3549 4008 mala
3574 3951 3710 4014 sint,

2127 4047 2223 4103 sed
2254 4047 2401 4117 quod
2435 4048 2691 4103 homines
2729 4049 2888 4104 malis
2910 4047 3176 4111 alliciunt,
3217 4046 3612 4115 tristitiamque
3652 4049 3709 4096 et

2125 4137 2335 4192 luctum
2395 4136 2696 4193 advehunt.
2737 4137 2856 4194 Hoc
2904 4153 3008 4194 nos
3063 4139 3230 4193 etiam
3275 4137 3494 4208 planius
3547 4135 3709 4190 docet

2124 4229 2296 4285 Jonas
2331 4229 2624 4299 propheta.
2663 4248 2682 4282 ι
2715 4229 2987 4286 Poenituit
3011 4232 3180 4296 enim,
3213 4229 3312 4296 ait,
3352 4228 3521 4284 Deum
3555 4228 3707 4289 mali,

2124 4321 2273 4392 quod
2307 4321 2529 4377 loculus
2564 4320 2745 4378 fuerat
2771 4322 2798 4363 κ
2825 4363 2840 4382 ,
2888 4341 2908 4374 ιν
2938 4324 3043 4379 hoc
3063 4329 3168 4389 cst,
3196 4323 3471 4376 minarum
3502 4319 3708 4372 malum

2126 4412 2798 4470 atfcrentiumzmalum‘
2858 4416 3006 4470 enim
3068 4415 3142 4471 ibi
3216 4415 3386 4470 etiam
3437 4411 3701 4482 supplicii

439 4504 598 4575 τικῆς
623 4504 850 4576 ἀπειλῆς
871 4521 886 4538 ’
921 4506 1121 4560 κακίαν
1157 4507 1266 4578 γὰρ
1305 4507 1468 4560 κάκεῖ
1499 4504 1597 4576 τὴν
1625 4507 1723 4576 τῆς
1751 4505 2023 4577 τιμωρίας

2131 4505 2310 4562 minas
2332 4505 2492 4560 dixit.
2523 4505 2680 4573 Quod
2703 4522 2834 4563 vero
2861 4507 3002 4573 haec,
3027 4507 3228 4578 inquit,
3259 4506 3336 4560 ita
3364 4520 3424 4560 se
3444 4503 3704 4564 habeant.

443 4597 704 4651 ἐκάλεσεν
731 4598 986 4670 ἀπειλήν.
1013 4600 1135 4653 Ὅτι
1163 4599 1240 4662 δὲ,
1277 4598 1434 4670 φησί,
1475 4597 1648 4652 ταῦτα
1689 4595 1880 4651 τοῦτον
1907 4597 2021 4668 ἔχει

439 4688 536 4744 τὸν
556 4690 777 4762 τρόπον,
805 4692 900 4745 καὶ
925 4691 1038 4745 τῶν
1060 4691 1337 4746 ἀδυνάτων
1365 4692 1511 4746 ἐστιν
1541 4689 1895 4761 ὲπενεχθῆναί
1914 4707 2020 4743 τινι

443 4781 694 4835 παιδείαν
727 4783 800 4852 μὴ
829 4781 1152 4853 βουλομένου
1178 4781 1336 4847 Θεοῦ,
1364 4781 1659 4836 ἀπἀὐτῶν
1687 4781 1884 4852 μάθετε
1911 4780 2021 4834 τῶν

444 4871 806 4940 πραγμάτων.
855 4873 1120 4944 Προλέγει
1162 4871 1272 4942 γὰρ
1309 4871 1401 4926 διά
1453 4872 1562 4926 τῶν
1617 4871 1932 4944 προφητῶν,
1985 4872 2022 4924 ἀ

444 4961 672 5031 ἐπάγειν
703 4961 884 5033 μέλλει
915 4965 1028 5028 τοῖς
1059 4965 1463 5036 ἁμαρτάνουσιν
1493 4963 1737 5032 ἀλγεινά.

523 5049 591 5116 ζ’,
619 5051 689 5122 η’.
726 5071 744 5104 ι
784 5054 858 5107 Ob
879 5055 988 5124 γὰρ
1012 5055 1088 5124 μὴ
1109 5055 1324 5125 ποιήσει
1343 5053 1546 5124 Κύριος
1571 5053 1601 5106 ό
1619 5053 1752 5118 Θεὸς
1767 5055 2018 5126 πρᾶγμα,

445 5141 514 5195 ἃν
549 5143 624 5212 μὴ
657 5143 984 5217 ἀποκαλύψῃ
1011 5143 1262 5198 παιδείαν
1291 5144 1458 5198 αὑτοῦ
1489 5145 1625 5216 πρὸς
1648 5146 1775 5208 τοὺς
1801 5145 2022 5210 δούλους

444 5232 616 5286 αὐτοῦ
646 5235 774 5298 τοὺς
807 5236 1114 5305 προφήτας.
1160 5235 1313 5288 Λέων
1355 5235 1654 5307 έρεύξεται,
1701 5235 1794 5290 καὶ
1833 5233 1916 5298 τίς
1956 5235 2019 5290 ού

445 5323 850 5397 φοϐηθήσεται;
889 5344 908 5378 ι
975 5326 1147 5381 Τοῦτο
1189 5327 1371 5382 τοίνυν
1421 5327 1607 5398 σαφῶς
1667 5326 1890 5397 εἰδότες,
1943 5327 2020 5392 ὡς

516 5475 545 5516 ιι
567 5476 688 5536 Jon.
717 5496 802 5542 Ill,
835 5481 926 5536 lo.

445 5757 780 5818 «magno.
849 5760 891 5792 δ’
963 5758 1163 5814 Cervi.

2121 4599 2380 4669 quodque
2408 4597 2528 4654 fieri
2559 4614 2669 4654 non
2702 4600 2901 4670 possit,
2935 4608 2997 4654 ut
3031 4599 3142 4655 Deo
3179 4599 3404 4654 nolente
3453 4596 3521 4650 de
3568 4609 3706 4665 quo-

2118 4692 2265 4759 piam
2305 4691 2638 4760 supplicium
2674 4698 2951 4755 sumatur,
2984 4689 3186 4748 discite
3223 4704 3287 4744 ex
3323 4689 3490 4744 rebus
3540 4686 3700 4757 ipsis.

2121 4781 2226 4837 Per
2257 4783 2551 4852 prophetas
2587 4782 2734 4839 enim
2773 4782 3024 4852 praedicit
3063 4795 3186 4853 qua:
3217 4779 3361 4835 mala
3402 4779 3694 4852 peccatorio

2122 4871 2227 4928 bus
2255 4873 2520 4930 illaturus
2545 4872 2619 4928 sit

2199 5052 2364 5109 Vens.
2398 5052 2529 5120 7,8.
2573 5069 2594 5104 ι
2640 5050 2781 5118 Quia
2840 5065 2952 5106 non
3000 5049 3165 5106 faciet
3229 5050 3500 5106 Dominus
3559 5050 3705 5107 Deus

2127 5145 2360 5217 aliquid,
2382 5145 2492 5201 nisi
2525 5143 2855 5201 revelaverit
2893 5143 3299 5214 correptionem
3343 5158 3500 5200 suam
3527 5143 3705 5200 servis

2128 5241 2248 5297 suis
2268 5240 2577 5313 prophetis.
2612 5237 2724 5293 Leo
2743 5239 2948 5310 rugiet,
2988 5247 3043 5295 et
3067 5238 3199 5310 quis
3242 5252 3354 5294 non
3398 5225 3647 5294 timebit?
3678 5255 3699 5291 ο

2128 5331 2244 5389 Hoc
2271 5335 2460 5403 itaque
2499 5345 2608 5388 non
2638 5329 2980 5402 ignorantes,
3018 5340 3285 5404 tanquam
3311 5345 3472 5388 veras
3500 5329 3704 5384 admit-

1749 5567 1989 5624 νΑΒΙᾸΞ
2026 5569 2365 5628 LECTIONE
2381 5571 2436 5628 S.

536 5689 579 5766 ξτ
611 5692 705 5766 ape,
728 5689 782 5766 ρ
807 5679 1050 5766 natat?
1085 5687 1200 5766 “_C
1228 5684 1510 5761 στρατεία.
1591 5687 1634 5719 ν
1665 5687 1743 5742 lta
1777 5687 1840 5753 C,
1867 5689 2014 5758 quod

2129 5692 2190 5760 ἴε·
2216 5691 2442 5755 ἑαυτούς
2475 5696 2838 5766 pnetulimus.
2888 5696 3045 5753 Enn.
3090 5695 3327 5750 ΡΑτιιοι..

3423 5694 3468 5725 ⁸ο
3495 5693 3618 5762 γῆν.
3651 5692 3699 5747 Δ
