4088 6408
504 415 638 478 1679

1559 405 2045 468 THEODORETI
2073 403 2414 468 EPlSCOPI
2443 405 2809 470 CYRENSIS

3606 405 3725 473 1680

501 526 600 579 tite
627 521 1044 593 prmdietiones.
1073 533 1212 590 quas
1240 524 1295 574 et
1324 531 1426 572 nos
1447 516 1604 574 vobis
1633 532 1745 572 non
1781 518 1900 571 sine
1931 524 2081 572 metu

2191 517 2406 586 ἀληθεῖς
2434 517 2654 587 δέχεσθε
2669 517 2770 581 τὰς
2797 514 3130 588 προῤῥήσεις
3145 528 3160 546 ⁸
3185 512 3276 570 καὶ
3293 512 3400 587 γὰρ
3421 514 3509 572 καὶ
3524 518 3564 549 ⁸⁸
3586 520 3728 590 ἡμεῖς

504 614 812 668 aﬁ‘erimus.
848 611 905 666 Si
956 609 1100 665 enim
1153 608 1239 662 leo
1280 605 1507 679 rugiens
1547 620 1744 661 omnes
1795 604 2084 659 audientes

2191 611 2416 675 δεδιότες
2461 610 2668 676 ταύτας
2718 611 2847 681 ὑμῖν
2901 609 3306 680 προσφέρομεν.
3357 608 3417 661 Εἰ
3461 609 3564 680 γὰρ
3608 608 3729 664 λέων

509 703 723 776 1522
748 701 1150 775 perterrefacit,
1175 700 1351 753 multo
1383 697 1557 768 magis
1587 713 1710 762 nos,
1744 713 1870 752 cum
1913 703 2083 762 metu,

508 797 620 852 Deo
663 797 916 865 jubente,
967 791 1385 864 prephetamus.
1444 787 1551 844 Hoc
1614 787 1757 843 enim
1819 786 2080 850 ostendit,

507 900 628 939 cum
650 885 727 937 ait
755 900 768 936 :

579 995 598 1027 ι
630 974 898 1028 Dominus
952 972 1099 1029 Deus
1130 972 1355 1027 locutus
1384 980 1494 1033 est,
1543 971 1756 1040 etquis
1793 986 1902 1024 non
1962 983 2089 1039 pro-

507 1065 792 1136 phetabit?
852 1063 1043 1134 (Vsus.
1101 1064 1182 1134 9.)
1240 1063 1579 1118 Anuuntiate
1651 1061 1972 1130 regionibus
2033 1059 2088 1114 in

506 1157 777 1229 Assyriis,
806 1166 863 1212 et
893 1157 946 1211 in
983 1156 1304 1227 regionibus
1339 1163 1499 1210 terrm
1527 1152 1772 1224 Egypti,
1801 1162 1856 1208 et
1876 1152 2044 1207 dicite
2073 1168 2087 1204 :

506 1248 928 1320 Congregamini
960 1264 1130 1318 super
1161 1255 1407 1302 montem
1437 1244 1724 1300 Samarize.
1767 1264 1785 1297 ι
1816 1243 2088 1310 Quoniam

508 1347 690 1394 autem
747 1338 1146 1410 prophetarum
1194 1336 1381 1392 verbis
1445 1334 1603 1390 ﬁdem
1666 1349 1775 1389 non
1836 1331 2086 1395 habetis,

508 1431 751 1502 Assyriis
777 1427 1129 1500 etEgyptiis
1153 1437 1500 1498 perpetratas
1520 1427 1572 1480 in
1597 1424 1863 1479 Samaria:
1891 1423 2090 1478 ﬁnibus

512 1524 832 1592 iniquitates
873 1519 1160 1590 propalam
1202 1518 1512 1572 ostendam.
1555 1515 1691 1570 Illud
1731 1517 1877 1570 enim
1918 1530 1932 1568 :
1971 1533 1989 1564 ι
2027 1513 2091 1568 Et

510 1615 694 1671 videte
722 1614 1000 1668 mirabilia
1053 1612 1223 1666 multa
1264 1611 1317 1664 in
1373 1610 1557 1664 medio
1613 1609 1752 1678 ejus,
1790 1625 1808 1658 ι
1838 1622 1934 1678 per
1979 1607 2089 1659 iro-

511 1705 657 1759 niam
687 1703 825 1757 dixit
852 1718 864 1752 ε
901 1701 1046 1756 unde
1079 1709 1138 1756 ut
1165 1700 1496 1771 apertiorem
1520 1711 1831 1754 sermonem
1859 1696 2090 1761 faceret,

513 1796 799 1866 subjunxit
829 1813 841 1848 :

585 2027 606 2060 ε
645 2005 948 2077 Oppressio
1007 2005 1063 2058 in
1107 2017 1194 2058 ea.
1235 1999 1430 2072 (Vsus.
1467 1998 1582 2070 10.)
1623 1996 1908 2070 lgnoravit
1966 2009 2091 2065 quae

513 2101 696 2156 futura
717 2101 830 2155 sint
851 2113 1039 2152 coram
1075 2110 1162 2161 ea,
1198 2094 1332 2149 dicit
1380 2092 1693 2148 Dominus:
1723 2089 1818 2160 qui
1867 2089 2092 2144 thesau-

510 2193 690 2247 rizant
715 2190 1067 2258 iniquitatem
1101 2194 1157 2241 et
1179 2199 1482 2240 aerumnam
1533 2183 1587 2238 in
1641 2180 1967 2248 regionibus
1997 2193 2092 2236 eo-

507 2297 657 2336 rum.
697 2297 719 2332 »
754 2276 1206 2348 Quamplurimas
1236 2273 1382 2330 enim
1412 2271 1720 2342 injustitias
1738 2269 2091 2324 committen-

495 2378 618 2436 tes,
669 2378 725 2426 et
763 2381 1034 2440 pauperes
1093 2365 1360 2421 servitute
1423 2363 1831 2433 opprimentes,
1888 2373 2093 2430 cogno-

507 2477 665 2520 scere
708 2462 1008 2516 noluerunt
1047 2457 1237 2529 quales
1283 2456 1500 2512 fructus
1532 2453 1729 2509 aﬂerat
1779 2451 2088 2522 iniquitas;

508 2555 604 2614 sed
635 2554 811 2609 instar
838 2552 1087 2607 thesauri
1135 2550 1240 2605 sibi
1296 2555 1674 2620 reposuerunt
1713 2545 2088 2615 iniquitatem,

507 2649 791 2704 miseriam
841 2653 897 2700 et
940 2644 1319 2716 captivitatem
1372 2640 1499 2695 inde
1538 2644 1835 2694 metentes.
1877 2635 2092 2691 Conve-

507 2739 859 2796 nientissime
906 2743 1091 2792 autem
1141 2735 1317 2788 instar
1374 2730 1609 2786 thesauri
1666 2729 1765 2783 sibi
1839 2741 2083 2795 reposue-

497 2840 632 2885 runt
662 2827 969 2894 dixit,illud
1002 2840 1196 2894 nempe
1230 2821 1544 2894 signiﬁcans
1573 2839 1584 2873 :
1618 2821 1842 2874 Niltilex
1873 2819 1942 2873 iis
1971 2831 2094 2888 quae

507 2925 691 2981 facitis
731 2920 994 2977 oblivioni
1032 2917 1342 2979 mandatur,
1377 2916 1470 2971 sed
1493 2915 1640 2970 velut
1663 2913 1924 2968 thesauro
1947 2926 2091 2981 quo-

505 3015 658 3082 dam,
685 3012 782 3068 Dei
819 3009 1105 3075 memoria,
1134 3018 1186 3064 et
1203 3015 1353 3064 recte
1374 3006 1544 3074 facta,
1571 3013 1628 3061 et
1662 3019 1783 3075 quze
1814 3000 2091 3058 contraria

507 3115 660 3172 sunt,
717 3112 1140 3161 conservantur.

2117 1861 2166 1918 Β

2190 701 2538 773 βρυχώμενος
2592 701 2838 763 ἅπαντας
2902 698 3200 752 δεδίττεται
3263 698 3388 760 τοὺς
3441 697 3727 764 ἀκούοντας,

2189 793 2366 864 πολλῷ
2393 793 2604 863 ’,μᾶλλον
2649 794 2810 862 ἡμεῖς
2860 789 2997 863 μετά
3039 790 3211 852 δέους,
3257 788 3393 843 Θεοῦ
3427 788 3731 856 κελεύοντος,

2189 883 2623 956 προφητεύομεν.
2661 883 2830 937 Τοῦτο
2867 881 2975 954 γὰρ
3022 880 3375 951 παρεδήλωσε
3397 896 3411 910 ·

2265 997 2283 1029 ι
2307 977 2511 1048 Κύριος
2543 977 2571 1029 ό
2599 973 2731 1038 Θεὸς
2760 974 3010 1045 ὲλὰλησε,
3033 974 3126 1027 καὶ
3157 972 3240 1035 τίς
3272 972 3330 1024 οὐ
3362 970 3734 1042 προφητεύσεις

2191 1070 2307 1139 (θ’.)
2352 1067 2734 1136 ’Δναγγεὶλατε
2759 1067 2806 1099 ⁸³
2835 1067 3040 1136 χώραις
3079 1065 3136 1117 ὲν
3177 1063 3496 1134 Ἀσσυρίοις,
3530 1064 3617 1116 κα¹ι
3657 1064 3738 1116 ἐπὶ

2191 1164 2288 1226 τὰς
2331 1160 2516 1232 χώρας
2554 1161 2614 1213 ὲν
2641 1162 2711 1230 γῇ
2741 1157 3034 1228 Αἰγύπτῳ·
3067 1156 3162 1210 καὶ
3194 1155 3384 1209 εἴπατε
3406 1164 3421 1186 ⁸
3459 1155 3737 1226 Συνάχθητε

2191 1253 2285 1308 ἐπὶ
2330 1252 2390 1306 τὸ
2423 1251 2546 1321 ὅρος
2591 1248 2923 1320 Σαμαρείας.
2959 1266 2978 1300 ι
3035 1247 3252 1316 Ἐπειδὴ
3278 1247 3332 1300 δὲ
3362 1249 3470 1310 τοῖς
3500 1264 3742 1318 προφητι-

2191 1349 2308 1408 κοῖς
2328 1347 2605 1399 ἀπιστεῖτε
2633 1340 2832 1410 λόγοις,
2875 1339 3184 1412 Ἀσσυρίοις
3209 1339 3301 1392 καὶ
3327 1338 3632 1407 Αἰγυπτίοις
3653 1338 3742 1402 τὰς

2191 1435 2544 1506 τολμωμένας
2568 1431 2910 1502 παρανομίας
2937 1431 2994 1482 ἐν
3016 1431 3126 1491 τοῖς
3155 1427 3256 1499 τῆς
3284 1427 3585 1498 Σαμαρείας
3611 1427 3740 1497 ὅροις

2191 1526 2450 1596 ἄντικρυς
2482 1521 2766 1587 ὑποδείξω.
2819 1519 2892 1572 Τὸ
2937 1519 3047 1590 γὰρ
3070 1555 3089 1582 ,
3125 1535 3147 1570 ι
3201 1517 3312 1570 Καὶ
3339 1517 3383 1556 δι
3416 1516 3548 1568 ῖδετε
3588 1514 3741 1568 πολλὰ

2193 1618 2482 1689 Θαυμαστὰ
2513 1616 2571 1669 ὲν
2612 1615 2762 1686 μέσῳ
2796 1608 2988 1681 αὐτῆς,
3028 1627 3046 1662 ι
3082 1610 3206 1663 κατ’
3232 1607 3513 1678 εἰρωνείαν
3543 1608 3739 1678 εἴρηκε·

2190 1709 2276 1762 διὸ
2308 1707 2642 1777 σαφέστερον
2670 1705 2760 1758 τὸν
2785 1703 2938 1771 λόγον
2967 1699 3157 1766 ποιῶν,
3190 1701 3437 1770 ἐπήγαγε
3456 1715 3470 1730 ο

2267 2022 2286 2053 ι
2313 1991 2757 2056 Καταδυναστεία
2786 1993 2842 2046 ὲν
2872 1990 3008 2060 αὐτῇ
3033 1987 3099 2042 ³³.
3145 1983 3244 2058 (ι’.)
3292 1987 3402 2040 Καὶ
3426 1985 3524 2038 ούκ
3563 1982 3694 2054 ἳγνω
3714 1979 3746 2039 ἃ

2192 2095 2343 2149 ἔσται
2378 2089 2619 2146 ἐναντίον
2649 2086 2841 2157 αὐτῆς,
2879 2084 3028 2154 λέγει
3059 2081 3294 2154 Κύριος·
3341 2081 3391 2134 οἰ
3413 2079 3458 2113 ⁸⁵
3504 2076 3746 2150 θησαυρί-

2193 2187 2380 2252 ζοντες
2407 2181 2623 2237 ἀδικίαν
2652 2180 2748 2234 καὶ
2778 2173 3156 2248 ταλαιπωρίαν
3189 2174 3246 2226 ἐν
3283 2172 3486 2245 χώραις
3514 2169 3697 2225 αὐτῶν.
3724 2184 3742 2220 ι

2203 2276 2444 2334 Ἀδικίαν
2471 2274 2579 2346 γὰρ
2597 2275 2680 2327 ὅτι
2705 2271 2963 2340 πλείστην
2991 2267 3302 2338 τολμῶντες
3337 2265 3432 2319 καὶ
3457 2263 3578 2326 τοὺς
3604 2277 3746 2314 πενε-

2193 2371 2418 2442 στέρους
2473 2363 2996 2434 καταδουλούμενοι,
3053 2357 3287 2412 συνιδεῖν
3335 2357 3434 2411 οὑκ
3477 2354 3744 2427 ἠθέλησαν,

2192 2464 2338 2528 οἴους
2358 2465 2392 2533 ή
2416 2458 2731 2533 παρανομία
2765 2455 2891 2527 φύει
2916 2455 2959 2488 ⁸⁷
3001 2451 3250 2527 καρπούς
3269 2467 3284 2482 ⁶
3333 2449 3449 2505 ἀλλ’
3479 2447 3745 2519 ἐθησαύρι-

2194 2555 2286 2620 ζον
2316 2552 2550 2616 ἀδικίαν,
2580 2548 2956 2620 ταλαιπωρίαν
2988 2547 3084 2601 καὶ
3113 2541 3490 2615 αἰχμαλωσίαν
3525 2538 3746 2594 ἐντεῦθεν

2194 2647 2522 2718 θερίζοντες.
2569 2642 2872 2714 ’Λρμοδίως
2920 2640 2978 2693 δὲ
3029 2637 3233 2708 σφόδρα
3283 2636 3345 2688 τὸ
3387 2631 3748 2702 ἐθησαύριᾷν

2192 2736 2424 2800 τέθεικε,
2453 2733 2742 2798 διδάσκων,
2772 2731 2848 2794 ὡς
2883 2729 3050 2784 Οὐδὲν
3081 2726 3190 2780 τῶν
3218 2727 3309 2796 ὑφ’
3340 2724 3491 2797 ὑμῶν
3515 2723 3744 2793 γιγνομὲ-

2193 2844 2299 2882 νων
2334 2825 2685 2898 παραδίδοται
2725 2821 2888 2894 λήθῃ,
2927 2819 3045 2874 ἀλλ’
3077 2809 3190 2872 οἶόν
3220 2835 3329 2873 τινι
3362 2812 3612 2888 θησαυρῷ
3632 2854 3646 2877 .
3688 2815 3744 2884 τῇ

2191 2918 2286 2972 τοῦ
2310 2916 2446 2971 Θεοῦ
2478 2917 2670 2988 μνήμῃ
2697 2914 2792 2969 καὶ
2813 2911 2882 2966 τὰ
2906 2907 2966 2966 εὖ
2995 2911 3090 2965 καὶ
3118 2909 3301 2974 καλῶς
3333 2909 3589 2980 γινόμενα
3606 2907 3648 2939 ⁸⁸
3668 2900 3746 2959 καὶ

2193 3007 2453 3064 τάναντία
2487 3007 2833 3078 φυλάττεται.

579 3221 746 3277 Vens.
779 3219 868 3273 il.
905 3237 922 3270 ι
948 3215 1256 3288 Propterea
1279 3215 1396 3270 haec
1423 3213 1560 3269 dicit
1589 3211 1858 3267 Dominus
1918 3208 2089 3276 Deus,

2266 3217 2354 3266 ια’.
2385 3229 2402 3262 ι
2443 3211 2542 3263 Διὰ
2575 3225 2736 3263 τουτο
2759 3208 2887 3264 τάδε
2919 3210 3066 3278 λέγει
3099 3206 3304 3278 Κύριος
3342 3208 3371 3260 ό
3401 3206 3562 3270 Θεόςι
3596 3203 3748 3272 Τύρος

509 3313 691 3387 Tyrus
709 3321 771 3370 et
813 3313 868 3367 in
899 3309 1144 3366 circuitu
1178 3321 1271 3364 tuo
1293 3315 1441 3364 terra
1475 3307 1698 3362 deserta
1740 3305 1872 3369 erit,
1906 3312 1960 3358 et
1994 3302 2092 3358 de-

509 3408 694 3462 trahet
746 3405 814 3461 de
871 3411 925 3459 te
974 3400 1356 3456 fortitudinem
1419 3407 1607 3465 tuam,
1663 3405 1720 3453 et
1761 3395 2092 3466 diripientur

507 3501 762 3571 regiones
793 3506 920 3554 tum.
957 3514 976 3549 ι
1004 3495 1086 3549 Ab
1110 3493 1197 3548 his
1219 3506 1341 3562 quae
1365 3492 1419 3546 in
1452 3489 1656 3546 vicinis
1689 3488 1850 3550 ﬁunt,
1885 3501 2093 3557 cogno-

511 3607 604 3647 sce
631 3605 758 3660 qua:
797 3596 996 3643 contra
1058 3593 1114 3640 te
1169 3583 1360 3638 futura
1421 3582 1556 3638 sint.
1610 3579 1746 3634 Nam
1811 3593 1919 3634 non
1973 3577 2093 3634 sola

511 3682 714 3754 Tyrus,
755 3682 852 3736 sed
903 3677 1101 3732 vicinae
1157 3676 1321 3731 etiam
1372 3683 1562 3747 gentes
1621 3689 1729 3728 una
1779 3682 1960 3728 tecum
1997 3686 2094 3728 va-

513 3774 688 3829 stitati
716 3772 1024 3826 tradentur.

581 3883 752 3940 Vens.
778 3882 864 3938 1‘3.
888 3902 906 3933 ι
929 3880 1053 3936 Hmc
1070 3879 1204 3934 dicit
1217 3877 1482 3932 Dominus
1500 3895 1515 3931 :
1533 3876 1820 3943 Quomodo
1835 3877 1878 3931 si
1897 3877 2095 3932 avellat

517 3975 728 4050 1423
762 3983 948 4045 pastor
972 3974 1039 4026 de
1076 3987 1172 4026 ore
1193 3969 1372 4026 leonis
1410 3969 1521 4024 duo
1549 3984 1734 4033 crura,
1773 3977 1867 4024 aut
1911 3978 2093 4026 extre-

511 4083 660 4122 mum
695 4063 973 4127 auriculae,
1005 4063 1084 4116 sie
1117 4061 1418 4115 avellentur
1457 4059 1548 4114 ﬁlii
1599 4058 1833 4126 lsraelis,
1859 4061 1950 4131 qui
1995 4061 2093 4117 ha-

510 4154 687 4210 bitant
730 4154 784 4207 in
835 4149 1085 4206 Samaria
1125 4155 1319 4204 contra
1356 4149 1584 4216 tribum,
1631 4159 1686 4204 et
1736 4150 1790 4204 in
1829 4149 2094 4208 Damasco

513 4243 818 4300 inclinabit.
850 4261 869 4293 θ
902 4239 1370 4305 Quemadmodum
1419 4239 1565 4294 enim
1599 4239 1708 4305 leo,
1741 4239 1938 4311 inquit,
1964 4258 2089 4298 cum

511 4352 668 4392 ovem
716 4335 920 4406 rapuit,
969 4342 1025 4388 et
1070 4342 1242 4387 totam
1284 4333 1434 4387 illam
1465 4333 1772 4399 devoravit,
1824 4335 2033 4391 relictis
2072 4338 2090 4358 '

510 4438 720 4484 tantum
774 4429 860 4483 his
909 4441 1032 4496 qua;
1075 4424 1142 4478 ad
1175 4439 1330 4480 esum
1371 4424 1584 4478 inutilia
1630 4435 1778 4491 sunt,
1819 4427 2087 4484 discedit:

2199 3302 2296 3356 καὶ
2320 3301 2363 3334 δ’
2395 3299 2658 3355 κυκλόθεν
2708 3301 2741 3370 ἡ
2780 3300 2851 3370 γῆ
2888 3315 2983 3353 σου
3023 3298 3473 3370 ἐρημωθήσεται,
3507 3296 3596 3350 καὶ
3636 3311 3748 3348 κατ-

2192 3393 2310 3459 άξει
2338 3395 2402 3447 ὲκ
2432 3393 2526 3446 σοῦ
2554 3393 2653 3463 τὴν
2684 3393 2836 3462 ἰσχύν
2866 3408 2983 3456 σου,
3011 3391 3109 3446 καὶ
3131 3389 3679 3463 διαρπασθήσονται⁸⁶
3700 3387 3750 3440 ai

2193 3484 2370 3558 χῶραί
2395 3501 2511 3540 σου.
2545 3503 2564 3536 ι
2611 3483 2744 3537 Ἀπὸ
2771 3483 2880 3537 τῶν
2910 3483 2992 3548 εἰς
3018 3482 3147 3546 τοὺς
3174 3483 3489 3554 περιοίκους
3515 3478 3746 3550 γιγνομέ-

2191 3592 2300 3630 νων
2331 3575 2469 3646 μάθε
2497 3574 2566 3628 τὰ
2594 3574 2736 3628 κατὰ
2771 3573 2866 3630 σοῦ
2907 3575 3284 3646 γενησόμενα·
3317 3575 3381 3627 οὐ
3423 3573 3554 3645 μόνη
3595 3573 3690 3640 γὰρ
3718 3568 3748 3639 ἠ

2194 3669 2394 3742 Τύρος,
2430 3669 2566 3724 ἀλλὰ
2596 3671 2691 3725 καὶ
2720 3669 2788 3724 τὰ
2823 3668 3010 3740 κύκλῳ
3043 3685 3136 3722 σου
3165 3666 3295 3738 ἔθνη
3331 3667 3440 3725 σὺν,
3465 3667 3546 3720 σοὶ
3568 3663 3748 3736 ἐρημίᾳ

2196 3761 2686 3832 παραδοθήσονται.

2265 3873 2354 3938 ιβ’.
2403 3892 2422 3924 ι
2480 3873 2618 3927 Τάδε
2656 3871 2804 3942 λέγει
2851 3871 3090 3944 Κύριος·
3135 3873 3232 3925 ’ον
3275 3871 3482 3944 τρόπον
3516 3871 3638 3924 ὅταν
3677 3867 3748 3919 ἐν

2195 3962 2379 4034 σπάσῃ
2414 3964 2443 4016 ὁ
2470 3962 2676 4034 ποιμὴν
2713 3963 2778 4016 ἐκ
2806 3962 3070 4033 στόματος
3096 3960 3189 4015 τοῦ
3218 3961 3433 4026 λέοντος
3457 3961 3547 4015 δύο
3579 3957 3747 4025 σκέλην

2193 4053 2226 4124 ἢ
2253 4053 2409 4109 λοϐὸν
2429 4053 2590 4108 ὠτίου
2609 4071 2622 4084 ν
2649 4053 2822 4118 οὕτως
2841 4052 3312 4125 έκσπασθήσονται
3336 4054 3385 4107 οἰ
3403 4055 3510 4107 υίοὶ
3534 4047 3746 4120 Ἰσραὴλ,

2193 4147 2244 4198 οἰ
2289 4143 2674 4206 κατοικοῦντες
2707 4142 2766 4196 ὲν
2799 4143 3080 4214 Σαμαρείᾳ
3126 4143 3414 4198 κατέναντι
3445 4141 3630 4212 φυλῆς,
3663 4136 3747 4190 καὶ

2193 4237 2251 4289 ἐν
2300 4235 2580 4307 Δαμασκῷ
2613 4237 2785 4290 κλινεί
2809 4234 2873 4287 ⁸³.
2916 4251 2936 4287 ι
2995 4234 3204 4306 Ὠσπερ
3248 4235 3380 4306 γὰρ,
3429 4236 3576 4306 φησὶ,
3625 4231 3745 4284 λέων

2196 4328 2451 4399 ἀρπάσας
2497 4328 2793 4398 πρόϐατον,
2842 4328 2934 4382 καὶ
2966 4329 3088 4382 ὅλον
3131 4332 3484 4399 καταφαγὼν,
3532 4327 3660 4397 μόνα
3685 4321 3747 4374 τὰ

2194 4421 2275 4483 εἰς
2303 4419 2508 4490 βρῶσιν
2549 4419 2798 4492 ἀχρηστα
2825 4419 3140 4476 καταλιπὼν
3170 4421 3483 4490 ἀφίσταται,
3521 4420 3556 4474 ἀ
3583 4415 3746 4470 λαόεῑν

511 4537 632 4590 quae
655 4520 912 4589 colligere
941 4527 1128 4587 pastor
1159 4517 1398 4585 cogitur,
1436 4524 1494 4571 ut
1527 4517 1711 4572 ovium
1735 4518 1974 4574 dominis
1993 4521 2089 4576 de-

2195 4515 2223 4566 ό
2260 4514 2464 4584 ποιμὴν
2489 4514 2862 4580 ἀναγκάζεται
2882 4518 2993 4580 τοῖς
3017 4515 3124 4569 τῶν
3152 4516 3442 4586 προϐάτων
3465 4508 3743 4566 ἐπιδεικνὺς

512 4617 802 4673 monstret,
851 4623 1010 4663 ovem
1049 4607 1198 4660 illam
1233 4621 1262 4660 a
1297 4606 1430 4661 feris
1468 4607 1828 4677 interceptam
1879 4609 2088 4665 fuisse:

513 4705 595 4759 sic
626 4703 813 4757 decem
847 4701 1021 4754 tribus
1051 4697 1292 4769 Assyriis
1319 4697 1629 4752 tradentur.
1663 4697 1740 4751 Illi
1770 4708 1953 4754 autem
1987 4700 2089 4754 soli

513 4793 885 4864 captivitatem
922 4790 1206 4860 effugient,
1244 4788 1338 4858 qui
1371 4797 1599 4859 propter
1641 4788 1868 4844 nimiam
1909 4792 2092 4845 vilita-

512 4893 618 4937 tem
673 4893 728 4937 et
756 4881 1127 4934 inﬁrmitatem
1174 4893 1352 4942 suam,
1390 4877 1586 4932 abillis
1645 4884 2088 4934 contemnemur.

512 4973 637 5028 Haec
665 4982 868 5034 autem,
903 4972 1102 5040 inquit,
1135 4971 1301 5025 etiam
1326 4968 1596 5024 Damasco
1622 4969 1906 5037 evenient;
1937 4986 2088 5027 eam-

510 5065 633 5118 dem
664 5063 808 5116 enim
844 5069 897 5114 et
924 5061 1042 5130 ipsa
1087 5059 1386 5129 perniciem
1417 5058 1736 5114 sustinebit.
1780 5056 1912 5115 lllud
1938 5073 2089 5126 vero,

513 5161 698 5207 contra
719 5151 947 5226 .tribum,
989 5151 1044 5202 in
1087 5151 1266 5205 medio
1299 5150 1556 5221 positum,
1604 5152 1846 5206 ostendit
1891 5153 2090 5209 tribum

513 5240 668 5294 ludat
698 5239 891 5292 horum
926 5238 1195 5292 malorum
1223 5247 1502 5310 expertem
1562 5241 1768 5295 interea
1823 5240 2068 5295 futuram

2151 4595 2165 4619 ⁷
2195 4604 2424 4673 κυρίοις,
2456 4603 2532 4668 ὡς
2565 4604 2902 4676 θήριάλωτον
2942 4607 3118 4660 έκεῖνο
3142 4607 3468 4676 γεγένηται·
3498 4604 3658 4663 οὕτως
3693 4595 3742 4650 αἱ

2193 4695 2324 4748 δέκα
2342 4695 2504 4764 φυλαὶ
2527 4699 2641 4760 τοῖς
2676 4697 2983 4766 Ἀσσυρίοις
3002 4699 3490 4769 παραδοθήσονται.
3541 4693 3743 4748 Ἐκεῖνοι

2192 4785 2247 4838 δὲ
2288 4787 2437 4854 μόνοι
2471 4788 2561 4840 τὸν
2593 4789 3025 4860 ἀνδραποδισμὸν
3052 4789 3448 4858 διαφεύξονται,
3481 4787 3636 4842 οἶδιά
3657 4781 3742 4846 τὴν

2194 4876 2392 4946 πολλὴν
2417 4878 2746 4950 εὐτέλειανῆ
2771 4881 3058 4935 ἀσθένειαν
3080 4883 3209 4954 παρ’
3226 4882 3448 4935 ἐκείνων
3470 4874 3740 4952 περιοφθή-

2195 4983 2399 5020 σονται.
2439 4967 2621 5022 Ταῦτα
2636 4969 2713 5034 δὲ,
2744 4973 2902 5039 φησι,
2934 4973 3220 5042 γενήσεται
3246 4973 3340 5028 καὶ
3373 4975 3436 5042 τῇ
3463 4965 3735 5042 Δαμασκιξν

2191 5056 2381 5112 τοῦτον
2408 5058 2515 5132 γὰρ
2539 5059 2763 5131 κάκείνη
2783 5062 2875 5115 τὸν
2893 5062 3114 5133 ὄλεθρον
3140 5063 3405 5118 πείσεται.
3438 5063 3509 5117 Τὸ
3537 5061 3592 5115 δὲ
3618 5073 3738 5112 κατ·

2193 5151 2396 5205 ἐναντι
2427 5147 2629 5218 φυλῆς
2643 5151 2702 5205 ὲν
2735 5151 2886 5223 μέσῳ
2906 5154 3174 5224 κείμενον,
3203 5156 3501 5226 παραδηλοῖ
3526 5153 3596 5216 ὡς
3612 5153 3642 5221 ή
3657 5143 3739 5202 τοῦ

2189 5243 2360 5299 Ἰούδα
2378 5244 2520 5314 φυλὴ
2540 5244 2676 5308 τέως
2695 5245 2989 5317 ἀπείρατος
3009 5251 3160 5318 μενεῖ
3177 5249 3404 5304 τουτωνὶ
3428 5248 3533 5304 τῶν
3551 5242 3735 5301 κακῶν.

1803 5425 2039 5481 VARI/13
2077 5424 2485 5488 LECTIONES.

619 5557 666 5589 ⁸⁸
689 5556 800 5610 καί.
834 5555 958 5613 Des.
996 5556 1050 5612 in
1080 5556 1142 5614 C.

514 5629 571 5684 ὲν
601 5629 760 5698 αὐτῇ.

514 5783 678 5836 quam
713 5767 996 5823 lectionem
1031 5787 1096 5825 ex
1141 5770 1379 5824 Luciano
1413 5768 1566 5824 aﬂ‘ert
1597 5767 1718 5825 coll.
1754 5767 1978 5826 Rai'bcr.

863 5557 1050 5660 {$3.3m
1080 5557 1174 5642 Ο..
1249 5557 1294 5590 ⁵³
1313 5559 1508 5640 ἀν.--
1549 5561 1874 5642 Σαμαρείας.
1915 5561 2041 5616 Des.
2083 5562 2217 5617 Ibid.

939 5646 966 5660 Α
1107 5645 1223 5660 υι.ιη
1298 5629 1476 5660 κε’-οι.ιιι
1531 5628 1653 5660 “mn
1708 5648 1760 5660 In
1794 5633 1832 5660 ι’
1859 5632 1927 5660 ..ιι
1965 5633 2067 5660 ..ΗΑ
2115 5648 2217 5660 mn.

401 5710 405 5714 _
514 5629 571 5684 ὲν
593 5629 760 5714 αὐτῇ.
853 5628 904 5714 ξς
939 5629 988 5682 οἱ
1005 5628 1653 5714 τ-Αιῦμῃᾳύτιξμβίεὸ
1708 5628 1760 5684 iu
1857 5632 1928 5686 ab
1963 5633 2070 5686 alia
2115 5648 2278 5714 manu
2302 5636 2353 5690 in
2389 5653 2559 5706 marg.
2602 5637 2782 5692 addita
2815 5648 2962 5692 sunt.

512 5698 901 5786 γνόμεναζηξξ
922 5702 1038 5786 καί.
1071 5698 1203 5786 Des.
1419 5699 2054 5786 A-6tagnanyﬁc'rovtat.
2127 5703 2170 5735 "
2196 5707 2280 5762 κλ.
2315 5709 2393 5762 Ita
2427 5698 2643 5779 quoque
2673 5711 2722 5764 A-
2744 5717 2798 5786 et
2821 5710 2884 5765 C.
2911 5709 3016 5766 Sed
3042 5709 3147 5782 leg.
3175 5698 3298 5768 esse
3330 5707 3537 5765 videtur
3569 5699 3726 5764 κλίνη,

2320 5567 2365 5597 ⁸⁸
2382 5579 2493 5619 και.
2523 5566 2646 5622 Des.
2684 5568 2817 5624 ibid.
2893 5569 2938 5600 "
2970 5569 3016 5623 Α
3043 5570 3140 5623 καὶ
3176 5563 3621 5623 καταδυναστείαν
3647 5555 3734 5624 τὴν

3074 5639 3118 5670 ’⁵⁷
3147 5638 3190 5693 C
3221 5638 3411 5708 gaudet.
3477 5634 3521 5666 ⁸⁸
3560 5630 3733 5708 Μητι-
