4088 6406
521 437 655 505 1681'

1830 432 2134 493 IN‘AMOS
2168 431 2325 490 CAP.
2365 430 2454 491 IV;

3656 419 3788 486 1682

528 553 801 608 Ἐπελθὼν
847 551 952 624 γὰρ
996 554 1060 623 τῇ
1104 551 1460 623 Ἰερουσαλὴμ
1497 553 1524 606 ὁ
1559 550 1931 621 Σενναχηρεὶμ
1979 543 2095 617 μετ’

2209 561 2351 602 esse.
2377 543 2510 600 Nam
2550 542 2947 609 Sennacherib,
2973 555 3095 596 cum
3116 548 3307 595 contra
3348 536 3783 606 Hierosolymam

515 649 778 717 αἰσχύνης
808 645 1080 714 ἐπανῆλθε
1114 645 1213 715 τὴν
1246 643 1506 714 στρατιὰν
1546 644 1835 705 ἀπολέσας.
1879 639 2095 693 Τούτων

515 739 715 805 τοίνυν,
753 738 940 810 φησὶν,
969 732 1014 790 ὧ
1044 737 1210 809 ἱερεῖς
1229 737 1272 768 ⁸³
1309 736 1640 800 ἀκούσαντες
1663 775 1680 802 ,

596 930 624 964 ιΔ
658 912 962 984 Ἑπιμαρτύ
973 911 1139 985 ρασθε
1159 912 1238 984 τῷ
1257 912 1390 984 οἴκῳ
1405 911 1621 986 Ἰσραὴλ
1641 914 1708 978 ⁵³,
1731 911 1878 980 λέγει
1894 911 2100 982 Κύριος

516 1005 546 1056 ὁ
571 1003 703 1067 Θεὸς
727 1003 756 1056 ὁ
785 1004 1203 1076 παντοκράτωρ.
1253 1005 1358 1074 (ιδ’,
1389 1007 1494 1074 ιε’.)
1527 1004 1669 1056 Διότι
1695 1004 1753 1056 ἐν
1788 1005 1854 1074 τῇ
1888 1002 2098 1074 ἡμέρᾳ,

518 1096 648 1148 ὅταν
696 1095 966 1167 ἐκδικήσω
1001 1096 1259 1159 ἀσεϐείας
1289 1096 1384 1150 τοῦ
1423 1096 1641 1168 Ἰσραὴλ
1673 1097 1757 1148 ἐπ’
1783 1095 1967 1162 αὐτὸν,
2005 1095 2101 1149 καλ⁵

520 1187 794 1258 ἐκδικήσω
823 1188 916 1240 ἐπὶ
943 1186 1014 1242 τά
1045 1187 1408 1260 θυσιαστήρια
1438 1188 1660 1260 Βαιθὴλ,
1697 1187 1792 1242 καὶ
1825 1204 2103 1242 κατασκα-

521 1279 754 1348 φήσεται
784 1279 851 1334 τὰ
893 1279 1099 1351 κέρατα
1144 1279 1236 1334 τοῦ
1281 1280 1688 1352 θυσιαστηρίου.
1726 1281 1818 1334 καὶ
1852 1283 2100 1335 πεσεῖται

522 1369 616 1424 ἰπὶ
655 1369 752 1442 τὴν
797 1371 919 1444 γῆν.
955 1372 1067 1426 Kal.
1103 1371 1377 1444 συντρίψω
1421 1374 1516 1426 καὶ
1546 1371 1770 1438 πατάξω
1818 1372 1910 1426 τὸν
1953 1368 2102 1426 οἷκον

520 1464 613 1518 τὸν
646 1466 975 1536 περίπτερον
1009 1466 1098 1519 ἐπὶ
1135 1466 1227 1518 τὸν
1256 1461 1403 1519 οἶκον
1439 1465 1532 1518 τὸν
1567 1465 1799 1536 θερινὸν,
1843 1466 1937 1519 κοιλ¹
1968 1467 2102 1518 ἀπο-

520 1554 736 1610 λοῦνται
763 1557 814 1610 οί
835 1554 974 1610 οἴκοι
995 1559 1044 1611 οί
1076 1557 1430 1628 ἐλεφάντινοι,
1455 1557 1550 1612 καὶ
1572 1557 2036 1629 ἀφανισθήσονται
2056 1557 2103 1588 ⁸⁵

521 1645 659 1702 οἶκοι
687 1649 862 1721 ἕτεροι
885 1651 931 1683 ⁵⁸
960 1651 1166 1722 πολλοὶ,
1191 1651 1337 1717 λέγει
1367 1649 1589 1720 Κύριος.
1623 1669 1641 1702 ι
1670 1651 1744 1704 Οὐ
1772 1650 1882 1720 γὰρ
1919 1650 2100 1720 μόνον,

523 1741 680 1810 φησὶ,
711 1742 836 1806 τοὺς
873 1742 1162 1812 λαμπροὺς
1184 1743 1385 1807 οἴκους,
1421 1741 1558 1796 ἀλλὰ
1589 1741 1685 1797 καὶ
1710 1743 1838 1806 τοὺς
1867 1741 2105 1804 εὐτελεῖς

524 1831 818 1886 καταλύσω
857 1833 954 1886 καὶ
978 1832 1286 1905 παραδώσω
1322 1833 1478 1904 πυρὶ,
1525 1835 1621 1888 καὶ
1671 1835 1768 1888 σὺν
1811 1835 1924 1898 τοῖς
1966 1833 2104 1902 πρὸς

524 1923 769 1993 χειμῶνα
819 1923 1372 1995 κατεσκευασμένοις,
1405 1925 1502 1980 καὶ
1544 1925 1674 1988 τοὺς
1715 1925 2104 1995 ἀναπεπταμέ-
2135 1893 2178 1948 Β

524 2033 650 2080 νους
676 2016 769 2070 καὶ
804 2017 938 2088 πρὸς
965 2017 1124 2088 θέρος
1167 2017 1570 2090 πεποιημένους
1609 2019 1900 2090 ἐμπρήσω.
1935 2019 2104 2085 Περί-

525 2124 744 2177 πτερον
769 2108 880 2179 γὰρ
912 2109 1020 2162 τὸν
1048 2110 1384 2178 χειμερινὸν
1409 2111 1504 2164 καὶ
1544 2110 1800 2176 Ἀκύλας,
1831 2109 1926 2164 καὶ
1957 2109 2104 2178 Σύμ-

527 2215 723 2269 μαχος,
770 2200 865 2252 καὶ
911 2199 1204 2253 Θεοδοτίων
1249 2202 1637 2273 ἡρμήνευσαν·
1673 2195 1786 2254 οἷον
1833 2201 1940 2272 γάρ
1990 2217 2104 2254 τισι

524 2289 777 2361 πτεροῖς,
844 2292 956 2354 τοῖς
1022 2290 1288 2346 πάντοθεν
1342 2293 1752 2364 περικειμένοις
1807 2291 2008 2363 τοίχοις
2054 2293 2106 2347 οἱ

524 2379 756 2434 τοιοῦτοι
790 2381 917 2445 τοὺς
940 2383 1235 2455 οἰκήτορας
1281 2383 1699 2457 περιθάλπουσι.
1751 2383 2107 2454 Κατασκάψω

523 2470 601 2533 δὲ,
629 2471 782 2540 φησὶ,
819 2471 914 2524 καὶ
939 2471 1010 2524 τὰ
1038 2473 1139 2544 τῆς
1182 2456 1386 2543 Βαιθὴλ
1423 2473 1809 2544 θυσιαστήρια,
1849 2473 1950 2544 τῆς
1981 2456 2132 2526 ὰσεέ

525 2561 677 2623 ϐείας
703 2561 770 2614 τά
794 2560 1030 2632 πρόξενα
1050 2581 1065 2596 ⁸
1098 2565 1191 2617 καὶ
1217 2565 1404 2636 ἐπειδὴ
1426 2565 1525 2619 οὐκ
1545 2564 1737 2633 ἄνδρες
1761 2565 1940 2635 μόνον,
1972 2564 2110 2619 ἀλλὰ

523 2653 619 2707 καὶ
662 2656 921 2723 γυναῖκες
945 2654 1185 2726 ἐχρῶντο
1228 2656 1456 2728 πλείστῃ
1495 2656 1835 2727 παρανομίᾳ,
1880 2655 2109 2721 εἰκότως

524 2742 619 2800 καὶ
649 2743 856 2799 τούτων
890 2747 1207 2817 κατηγορεῖ,
1247 2745 1342 2800 καὶ
1367 2745 1460 2800 τὸν
1489 2745 1711 2817 ὄλεθρον
1747 2746 1978 2801 ἀπειλεῖ.

1062 2837 1461 2891 ΚΕΦᾹΛΑῙΟΝ
1502 2839 1575 2891 Δ’.

596 2931 666 2982 α’,
722 2943 742 2977 ι
792 2926 1088 2982 Ἀκούσατε
1120 2928 1213 2982 τὸν
1242 2927 1400 2997 λόγον
1445 2928 1669 2994 τοῦτον,
1702 2927 1966 2999 δαμάλεις
2008 2929 2109 3000 τῆς

527 3016 880 3081 Βασανίτιδος
900 3017 968 3085 ⁵⁸,
1016 3021 1072 3072 ai
1112 3020 1171 3073 ἐν
1199 3019 1278 3091 τῷ
1306 3019 1424 3090 ὄρει
1457 3020 1792 3092 Σαμαρείας,
1837 3021 1892 3074 αἱ
1937 3038 2108 3074 κατα-

525 3109 952 3168 δυναστεύουσαι
975 3113 1244 3183 πτωχοὺς,
1271 3114 1367 3167 καὶ
1395 3113 1809 3167 καταπατοῦσαι
1844 3113 2106 3183 πένητας,

2200 637 2597 708 expeditionem
2616 635 2973 706 suscepisset,
2992 635 3236 690 exercitu
3259 633 3482 695 amisso,
3499 645 3622 684 cum
3639 630 3790 698 igno-

2204 727 2370 782 minia
2407 727 2585 782 rediit.
2616 726 2729 797 (l5)
2754 724 2881 780 Haec
2926 723 3094 794 igitur
3123 721 3435 785 audientes,
3464 719 3666 790 inquit,
3695 734 3786 773 sa-

2203 821 2455 876 cerdotes
2475 838 2488 875 :

2281 931 2300 964 ι
2347 911 2752 968 Contestamini
2795 911 3018 966 domum
3061 907 3308 972 lsraclis,
3351 905 3487 960 dicit
3522 903 3790 959 Dominus

2203 1003 2350 1060 Deus
2396 1004 2772 1074 omnipotens.
2817 1001 3120 1072 (Vsule,
3163 999 3276 1068 15.)
3322 999 3461 1064 Quia
3511 997 3621 1058 die,
3681 1010 3792 1064 quo

2206 1097 2446 1153 ulciscar
2479 1096 2799 1168 iniquitates
2824 1095 3047 1150 lsraelis
3077 1107 3244 1162 super
3284 1107 3434 1155 eum,
3466 1089 3703 1145 ulciscar
3739 1095 3793 1140 et

2205 1205 2375 1262 super
2399 1189 2596 1244 altaria
2626 1187 2888 1254 Betbelis,
2923 1197 2978 1243 et
3023 1185 3388 1241 sullodientur
3413 1197 3619 1237 cornua
3646 1181 3788 1234 alta-

2205 1282 2306 1348 ris,
2341 1292 2394 1338 et
2417 1281 2618 1337 cadent
2651 1297 2818 1352 super
2846 1290 3073 1336 terram.
3104 1277 3171 1331 Et
3204 1285 3482 1332 conteram
3511 1284 3564 1332 et
3585 1289 3788 1346 percu-

2207 1374 2338 1428 tiam
2385 1373 2608 1428 domum
2649 1373 2929 1443 pinnatam
2975 1385 3144 1441 super
3180 1369 3400 1424 domum
3437 1367 3702 1432 :cstivam,
3731 1373 3790 1420 et

2205 1469 2467 1540 peribunt.
2510 1467 2709 1521 domus
2754 1467 3036 1530 eburneae,
3068 1472 3124 1520 et
3188 1464 3546 1519 destruentur
3590 1460 3797 1516 domus

2207 1561 2326 1615 alia:
2375 1559 2578 1624 multm,
2633 1557 2768 1613 dicit
2806 1556 3095 1612 Dominus.
3141 1575 3160 1608 ›
3205 1553 3323 1610 Non
3357 1555 3502 1614 enim
3545 1552 3790 1624 splendi-

2207 1654 2308 1709 das
2340 1653 2524 1718 modo,
2549 1650 2750 1722 inquit,
2785 1650 2999 1714 domos,
3032 1648 3128 1705 sed
3152 1649 3430 1705 tenuiores
3453 1662 3670 1719 quoque
3691 1645 3789 1702 de-

2207 1745 2406 1801 moliar
2435 1745 2660 1816 ignique
2697 1741 2912 1815 1524
2945 1741 3180 1806 tradam,
3233 1740 3510 1811 simulque
3537 1755 3664 1794 cum
3692 1740 3792 1794 do-

2209 1837 2388 1892 mibus
2407 1836 2472 1891 ad
2497 1834 2850 1890 liiemaudum
2873 1833 3208 1903 comparatis
3233 1832 3429 1887 domos
3452 1839 3700 1902 patentes
3722 1831 3799 1885 ad

2204 1935 2449 1983 aestatem
2491 1925 2940 1982 accommodatas
2984 1924 3297 1979 incendam.
3340 1923 3612 1978 Caeterum
3668 1923 3792 1992 pin-

2205 2027 2412 2082 natam,
2449 2017 2728 2072 hiemalem
2759 2025 3041 2072 verterunt
3076 2015 3295 2086 Aquila,
3338 2013 3701 2087 Symmachus
3739 2022 3794 2069 et

2203 2109 2533 2166 Tlteodotio.
2585 2107 2722 2163 Nam
2769 2117 3034 2178 tanquam
3093 2108 3195 2163 alis
3231 2107 3586 2177 quibusdam,
3622 2107 3794 2162 unde-

2203 2215 2424 2271 quaque
2457 2197 2931 2254 circumdautibus
2956 2197 3128 2252 muris
3167 2196 3437 2266 ejusmodi
3468 2197 3670 2252 domus
3699 2196 3799 2250 lia-

2204 2292 2720 2352 bitatores,l‘0vent.
2777 2289 3053 2346 Dcmoliar
3093 2297 3277 2344 autem
3317 2303 3555 2362 quoque,
3593 2288 3793 2359 inquit,

2206 2385 2403 2439 altaria
2447 2383 2716 2446 Bethclis,
2760 2381 3122 2436 incitamenta
3173 2379 3513 2450 impietatis:
3560 2388 3616 2436 et
3663 2381 3811 2450 quia

2206 2493 2316 2532 non
2347 2477 2449 2531 viri
2492 2473 2694 2540 solum,
2739 2473 2836 2528 sed
2862 2473 3122 2529 mulieres
3153 2472 3316 2528 etiam
3347 2473 3642 2528 maximam
3688 2472 3798 2527 im-

2209 2570 2473 2641 pietatem
2518 2567 2876 2630 exercebant,
2902 2566 3031 2636 jure
3060 2565 3162 2622 bas
3191 2580 3412 2636 quoque
3446 2564 3650 2636 arguit,
3680 2579 3798 2637 per-

2209 2663 2518 2734 niciemque
2538 2662 2927 2718 comminatur.

2822 2835 3056 2894 CAPUT
3096 2835 3187 2890 ιν.

2280 2927 2450 2986 Vens.
2498 2929 2550 2983 l.
2591 2946 2610 2981 ι
2647 2925 2848 2984 Audite
2875 2927 3106 2984 verbum
3145 2925 3536 2990 istud,.vaccae
3566 2923 3798 2979 Basani-
3837 2965 3842 2976 .

2209 3023 2362 3088 tidis,
2393 3039 2517 3094 qua:
2549 3022 2689 3078 estis
2718 3021 2774 3076 in
2818 3029 3009 3076 monte
3047 3020 3332 3085 Samarim,
3373 3035 3496 3090 qua:
3543 3017 3806 3088 opprimi~

2211 3118 2285 3174 tis
2339 3132 2632 3188 pauperes,
2681 3124 2736 3172 et
2772 3115 3114 3171 conculcatis
3159 3129 3384 3184 egenos,
3443 3126 3565 3183 qua:
3613 3109 3801 3164 dicitis
3846 3159 3851 3164 .

527 3203 586 3256 al.
633 3201 888 3271 λέγουσαι
942 3205 1057 3267 τοῖς
1111 3204 1322 3275 κυρίοις
1373 3205 1616 3259 ἑαυτῶν
1679 3205 1920 3258 Ἐπίδοτε
1976 3209 2109 3277 ἡμῖν

2213 3210 2453 3265 dominis
2485 3209 2726 3264 vestris:
2767 3207 2901 3263 Date
2923 3207 3084 3263 nobis
3126 3212 3187 3261 ut
3216 3205 3491 3260 bibamus.
3533 3220 3552 3254 ο
3598 3201 3798 3256 Vacca:

525 3293 675 3357 ὅπως
706 3293 937 3364 πίωμεν.
970 3311 991 3348 ι
1027 3294 1320 3365 Δαμάλεις
1351 3296 1407 3350 δὲ
1433 3296 1604 3360 αὐτὰς
1637 3295 1747 3366 τῆς
1785 3297 2109 3351 Βασανίτι-

528 3384 631 3450 δος
659 3385 939 3456 ὀνομάζει,
967 3386 1042 3449 ὡς
1071 3385 1449 3457 ἁϐροδιαίτους
1475 3389 1569 3442 καὶ
1597 3388 1748 3459 χλιδῇ
1782 3387 2098 3460 παντοδαπῇ

529 3479 876 3551 κεκρημένας
897 3492 911 3507 ⁸
954 3475 1207 3531 τοιαῦται
1264 3478 1375 3548 γὰρ
1405 3481 1500 3533 καὶ
1532 3479 1630 3549 τῆς
1661 3477 2010 3540 Βασανίτιδος
2053 3479 2111 3531 αἱ

527 3570 812 3640 δαμάλεις,
848 3569 938 3624 διὸ.
977 3571 1149 3642 νομῆς
1177 3570 1436 3638 ἀφθονίαν
1468 3571 1790 3643 σκιρτῶσαι.
1821 3569 2026 3624 Τούτου
2055 3571 2112 3624 δὲ

528 3661 708 3731 χάριν,
748 3660 820 3714 τά
855 3679 916 3714 τε
953 3659 1063 3714 τῶν
1108 3659 1512 3731 ὑποδεεστέρων
1553 3657 1988 3730 ἐσφετερίζοντο,
2015 3660 2113 3714 καὶ

527 3754 642 3815 τοῖς
669 3751 948 3824 ἀνδράσιν,
979 3746 1059 3815 οἷς
1083 3751 1223 3806 κατὰ
1249 3752 1343 3806 τὸν
1379 3751 1520 3806 θεῖον
1543 3751 1898 3823 ὑπετάγησαν
1923 3753 2110 3823 νόμον,

529 3844 836 3902 ἐπιτάττειν
875 3844 936 3898 οὐ
968 3844 1331 3918 παρῃτοῦντο,
1367 3845 1463 3899 καὶ⁹
1496 3845 1650 3910 τάξιν
1679 3844 1972 3916 ὑπηρετῶν
2005 3845 2111 3898 ὐπ-

529 3937 674 4006 έχειν
701 3936 973 3990 ἐκέλευον.
1009 3935 1246 4008 Τοιαύτη
1283 3932 1352 4008 ἦν
1389 3937 1484 3990 καὶ
1523 3935 1781 4002 Ἰεζάϐελ,
1809 3937 1886 4001 ὡς
1917 3936 2113 4006 ἀνδρα-

528 4027 674 4099 πόδῳ
719 4026 798 4097 τῷ
831 4027 986 4100 ἀνδρὶ
1035 4026 1374 4100 κεχρημένη.
1413 4027 1515 4080 Διὰ
1563 4025 1767 4098 ταύτην
1809 4026 1962 4097 ὑμῶν
2010 4025 2126 4097 τὴν.

529 4120 899 4193 παρανομίαν,

600 4206 666 4277 β’.
707 4225 726 4260 ι
775 4209 994 4278 Ὀμνύει
1019 4207 1223 4278 Κύριος
1251 4208 1392 4263 κατὰ
1421 4206 1531 4262 τῶν
1560 4207 1733 4277 ἁγίων
1759 4208 1950 4278 αὐτοῦ,
1975 4210 2114 4265 διότι

529 4300 639 4356 ιδοὺ
683 4300 888 4373 ἡμέραι
927 4300 1178 4374 ἔρχονται
1211 4299 1299 4370 ἐφ’
1327 4301 1492 4372 ὑμᾶς,
1524 4301 1618 4356 καὶ
1648 4301 1912 4373 λήψονται
1964 4304 2110 4373 ὑμᾶς

523 4393 587 4450 ἐν
629 4392 838 4457 ὅπλοις,
877 4394 972 4446 καὶ
1002 4393 1129 4456 τοὺς
1161 4392 1278 4463 μεθ’
1303 4391 1457 4464 ὑμῶν
1481 4395 1560 4456 εἰς
1589 4390 1823 4466 λέϐητας
1849 4395 2128 4450 ὑποκαιοο-

529 4483 728 4555 μένους
776 4485 1108 4556 ἐμϐαλοῦσιν
1145 4485 1380 4558 ἔμπυροι
1426 4485 1605 4556 λοιμοί
1627 4486 1696 4542 ⁵⁷.
1725 4505 1746 4539 ι
1779 4487 1894 4542 Καὶ
1933 4489 2112 4561 έρμη-

527 4575 700 4630 νεύων
727 4576 789 4630 τὸ
813 4577 1127 4648 εἰρημένον,
1154 4579 1434 4648 ἑπήγαγε’

601 4673 670 4736 γ’.
719 4686 738 4722 ι
778 4669 888 4723 Καὶ
925 4669 1349 4742 ἐξενεχθήσεσθε
1379 4671 1576 4742 γυμνοὶ
1600 4670 1646 4703 ⁸⁸
1675 4671 1815 4744 γυνὴ
1849 4674 1943 4728 καὶ
1967 4675 2109 4748 ἀνὴρ

2216 3311 2398 3357 autem
2430 3301 2773 3357 Basanitidis
2804 3315 2899 3357 eas
2928 3306 3109 3362 vocat,
3143 3307 3405 3367 tanquam
3437 3295 3567 3348 luxu
3599 3300 3654 3348 et
3682 3307 3802 3347 om-

2178 3402 2186 3411 '
2214 3394 2271 3448 ιὶ
2291 3393 2567 3464 voluptate
2584 3393 2896 3448 difﬂuentes
2915 3409 2929 3446 :
2950 3389 3226 3461 ejusmodi
3268 3388 3416 3444 enim
3445 3395 3601 3443 erant
3620 3399 3802 3440 vaccae

2213 3484 2566 3550 Basanitidis,
2617 3485 2688 3539 ob
2719 3482 2905 3554 pabuli
2956 3482 3170 3552 copiam
3219 3479 3594 3535 exsultantes.
3643 3475 3811 3531 Unde

2217 3576 2378 3632 ﬁebat
2409 3584 2471 3630 ut
2501 3577 2646 3632 bona
2685 3576 3002 3631 tenuiorum
3028 3572 3132 3629 sibi
3163 3569 3527 3636 vindicarent,
3559 3575 3614 3623 et
3643 3566 3800 3632 viris,

2215 3667 2419 3740 quibus
2458 3684 2526 3724 ex
2556 3668 2741 3724 divina
2773 3668 2892 3740 lege
2918 3665 3156 3724 subdita:
3183 3671 3367 3731 erant,
3396 3661 3667 3731 imperare
3690 3672 3801 3713 non

2214 3762 2232 3781 ‘
2266 3769 2618 3826 vererentur,
2652 3770 2706 3817 et
2735 3761 3068 3815 famulorum
3101 3758 3223 3813 loco
3243 3770 3368 3812 esse
3393 3754 3670 3824 juberent.
3692 3747 3803 3802 'l‘a-

2216 3852 2286 3910 lis
2314 3862 2368 3910 et
2400 3853 2620 3910 Iezabel
2652 3852 2780 3916 fuit,
2829 3867 2952 3922 qua:
2976 3851 3098 3908 viro
3133 3862 3236 3904 usa
3289 3855 3376 3904 est
3401 3853 3463 3901 ut
3503 3840 3830 3911 mancipio._

2216 3947 2448 4018 Propter
2479 3948 2621 4004 hanc
2644 3944 2994 4016 iniquitatem
3026 3946 3268 3997 vestram
3295 3955 3308 3991 :

2288 4209 2458 4266 Vsus.
2509 4209 2567 4264 2.
2623 4207 2828 4262 «Iurat
2867 4206 3136 4263 Dominus
3185 4219 3283 4276 per
3332 4213 3556 4259 sanctos
3615 4218 3797 4258 suos:

2215 4302 2488 4371 Quoniam
2515 4314 2644 4356 ecce
2667 4299 2788 4356 dies
2819 4299 3039 4355 venient
3068 4313 3236 4369 super
3260 4313 3381 4361 vos,
3408 4305 3462 4352 et
3488 4296 3680 4351 tollent
3702 4311 3800 4352 vos
3829 4345 3833 4349 .

2217 4395 2409 4461 armis,
2443 4401 2500 4452 et
2525 4409 2622 4451 eos
2660 4392 2754 4465 qui
2787 4392 3074 4448 vobiscum
3097 4399 3224 4449 sunt
3250 4391 3304 4446 in
3335 4390 3473 4446 ollas
3503 4403 3801 4446 succensas

2216 4487 2471 4558 injicient
2545 4485 2700 4557 ignes
2759 4484 3106 4556 pestilentes.
3147 4503 3166 4536 ι
3224 4480 3364 4536 Tum
3425 4481 3801 4550 interpretans

2141 4591 2198 4648 ι),
2215 4578 2362 4652 quod
2387 4579 2594 4634 dictum
2623 4583 2734 4642 est,
2764 4575 2964 4646 adjecit
2993 4593 3007 4630 :

2291 4670 2460 4728 Vsus.
2499 4672 2553 4727 3.
2585 4689 2605 4723 ι
2643 4668 2710 4724 Ει
2743 4668 3052 4725 educemini
3079 4665 3296 4740 ,1425
3330 4664 3484 4732 nudi,
3519 4665 3804 4719 virctmu-

527 4757 818 4817 κατέναντι
845 4759 1112 4834 ἀλλήλων,
1138 4759 1233 4813 καὶ⁵
1253 4759 1702 4832 ἀπορῤιφήσεσθε
1724 4762 1769 4795 ⁸⁸
1792 4764 1873 4828 είς
1904 4763 1965 4817 τὸ
1985 4763 2109 4836 ὄρος

2213 4765 2336 4830 lier,
2364 4770 2558 4819 contra
2612 4777 2712 4818 vos
2754 4761 3010 4824 invicem,
3040 4767 3096 4814 et
3143 4755 3511 4829 projiciemini
3549 4754 3603 4808 in
3645 4769 3804 4809 mon-

524 4849 588 4904 τὸ
646 4849 896 4922 Ἀρμανὰ
915 4851 985 4917 ⁸ο,
1031 4851 1180 4923 λέγει
1232 4851 1458 4923 Κύριος.
1498 4871 1517 4906 ι
1581 4854 1918 4926 Ἀραρότως,
1953 4857 2109 4929 φησὶ,

2213 4865 2326 4913 tem
2378 4857 2676 4918 Harmana,
2726 4852 2863 4908 dicit
2884 4850 3170 4906 Dominus.
3211 4869 3230 4902 ι
3278 4847 3470 4916 Vobis,
3509 4847 3605 4913 ait,
3665 4861 3802 4902 con-

524 4938 626 5010 τὴν
664 4939 788 4993 καθ’
817 4939 974 5011 ὑμῶν
1000 4941 1081 5004 είς
1110 4941 1300 5013 καιρὸν
1332 4940 1602 5014 τιμωρίαν
1640 4943 1855 5015 ἐπάξω,
1886 4946 1982 4998 καὶ
2009 4964 2109 5000 παι

2214 4947 2503 5005 venienter-
2531 4953 2586 5002 et
2616 4944 2853 5015 tempori
2888 4957 3082 5015 poenas
3116 4940 3381 5014 inﬂigam,
3413 4939 3666 5010 daboque
3702 4953 3802 4994 vos

528 5030 757 5101 ραδώσω
782 5035 895 5096 τοῖς
912 5031 1192 5104 πολεμίοις
1210 5033 1377 5103 ὑμᾶς,
1405 5032 1549 5088 ὥστε
1570 5034 1697 5098 τοὺς
1733 5033 1933 5105 ἄνδρας
1957 5037 2109 5106 ὑμῶν

2217 5037 2492 5102 hostibus,
2529 5036 2604 5090 ita
2635 5041 2696 5090 ut
2728 5033 2831 5088 viri
2857 5033 3045 5099 vestri,
3067 5031 3171 5088 hos
3191 5031 3338 5087 enim
3363 5029 3602 5100 dicitqui
3631 5029 3805 5083 vobis-

527 5121 774 5192 (τούτους
804 5124 912 5196 γὰρ
945 5124 1094 5192 λέγει
1129 5124 1274 5190 τοὺς
1301 5125 1431 5194 μεθ’
1453 5125 1643 5196 ὑμῶν)
1665 5165 1680 5191 ,
1733 5126 1954 5198 λέϐησιν
1979 5129 2109 5183 ὐπο-

2219 5145 2338 5183 cum
2360 5135 2505 5195 sunt,
2543 5125 2690 5190 ollis,
2721 5123 2923 5196 quibus
2953 5121 3096 5194 ignis
3135 5121 3418 5192 subjectus
3454 5129 3560 5187 est,
3592 5119 3803 5176 similes

529 5213 844 5285 καιομένοις
871 5214 1108 5268 ἐοικέναι
1133 5212 1592 5285 ζηλοτυποῦντας,
1618 5215 1712 5269 καὶ
1735 5216 1834 5286 τὴν
1861 5219 1942 5282 είς
1966 5218 2109 5288 ὑμᾶς

2220 5223 2332 5277 sint
2359 5236 2428 5274 ex
2461 5215 2728 5289 zelotypia
2755 5222 2810 5271 et
2855 5225 3155 5286 conspectu
3205 5213 3384 5286 stupri
3432 5213 3592 5269 vobis
3639 5211 3800 5267 illati.

528 5305 858 5380 γιγνομένην
918 5304 1260 5378 θεωροῦντας
1317 5305 1626 5376 ἀσέλγειαν.
1678 5301 1804 5362 Οἷον
1853 5308 1962 5380 γάρ
2005 5311 2109 5366 ὑπό

2219 5310 2358 5366 Nam
2386 5312 2534 5367 velut
2570 5308 2789 5365 ﬂamma
2819 5309 3054 5378 quadam
3096 5306 3414 5378 ﬂagrantes,
3446 5303 3632 5360 furore
3683 5301 3778 5372 qui

1766 5487 1999 5547 VARIIE
2035 5493 2445 5553 LECTIONES.

615 5625 664 5657 ⁵²
697 5626 803 5704 ipp.
842 5623 920 5680 Ita
955 5623 1178 5704 quidem
1235 5623 1378 5694 apud
1426 5622 1606 5688 LXX,
1644 5623 1714 5680 ab
1757 5625 1913 5704 initio
1955 5645 2111 5704 vers.
2139 5633 2236 5701 15,
2277 5632 2385 5704 legi
2443 5631 2620 5697 solet,
2669 5633 2764 5688 sed
2815 5635 2964 5686 recte
3007 5626 3243 5704 Grabius
3284 5621 3472 5704 'lspel;
3515 5618 3800 5704 adulincm

528 5711 675 5781 vers.
701 5689 1019 5781 ιᾷριωειξξὲ,ι
1047 5689 1442 5781 llieropy'mum
1474 5705 1720 5781 secutus,
1752 5698 2066 5781 qui__v9cem
2100 5689 2263 5759 iStam
2296 5689 2362 5759 εἰ
2388 5710 2522 5781 trp:
2551 5689 3044 5781 corruptam_es.se,
3067 5699 3205 5781 bene
3235 5689 3465 5781 mo‘n'uit.
3550 5689 3624 5781 "’
3664 5690 3795 5781 ’ἔρρε

529 5767 577 5822 Α
611 5757 827 5844 ἰακῲϐξ
919 5766 966 5844 ξι
995 5757 1159 5834 ἆφαν.
1199 5757 1806 5844 Α’προστεθήσονταιί.
1847 5769 1891 5844 ⁵ξ⁵
1926 5757 2176 5828 'é‘c.ExﬂA
2204 5757 2563 5844 Sttppl._"°'A
2586 5757 2814 5844 Busa-va
2870 5757 3081 5844 δῖ-έμπε
3113 5763 3423 5844 λοιμκῡθε.
3451 5757 3616 5844 ἱιιΛΔ..
3679 5757 3801 5810 ⁸⁸ᾎὶ

530 5835 758 5910 γυμναί.
793 5829 1618 5910 Ιι).--(1ιεξ.ιιίιιεοιιιιςειὶ-ιίιι,γυνῇ⁸
1650 5837 1754 5910 καὶΔ
1785 5837 1947 5909 ἀνήρ,
1989 5859 2108 5910 qua:
2134 5829 2326 5898 tamen.
2353 5852 2578 5900 exstant
2606 5845 2771 5902 etiam
2803 5842 2859 5896 in
2897 5840 2939 5895 C
2975 5829 3032 5896 et
3065 5837 3123 5893 in
3160 5829 3375 5892 duobus
3410 5847 3442 5888 a
3491 5829 3659 5886 Grab.
3701 5844 3800 5885 no-

534 5907 755 5962 minatis
785 5905 1090 5981 codicibus.
1166 5908 1211 5939 ⁸⁸
1247 5907 1288 5963 C
1317 5905 1813 5978 ἁπορῤιφθήσεσθε.
1873 5905 1936 5943 ’⁸ο
1973 5905 2132 5984 Ἅρμ.
2161 5915 2212 5971 Λ
2246 5915 2523 5984 Ἑρμωνά.
