4088 6404
528 371 668 472 1683

1563 401 2055 464 THEODORETI
2082 396 2423 463 EPISCOPI
2449 400 2816 464 CYRENSIS

3635 407 3746 472 16M

523 521 644 572 thlll
695 519 750 573 in
801 519 953 575 viros
988 524 1224 584 vestros,
1268 516 1323 571 in
1363 522 1471 571 vos
1496 531 1626 572 vero
1663 515 1895 572 libidine
1945 513 2110 570 arde-

2214 528 2356 576 τινος
2408 511 2605 582 φλογὸς
2654 530 2727 566 πυ
2740 511 3130 585 ρπολούμενοι,
3169 511 3324 585 θυμῷ
3365 512 3459 584 μὲν
3501 513 3628 568 κατὰ
3657 515 3748 571 τῶν

524 614 686 676 bunt,
717 609 867 663 omni
901 608 1108 662 amictu
1160 605 1471 663 denudatos
1497 606 1650 663 viros
1678 605 1845 662 simul
1877 619 1943 660 ac
1993 619 2116 659 mu-

524 701 688 755 lieres
719 700 1028 772 abigentes,
1052 707 1107 754 et
1136 699 1192 753 in
1224 696 1504 753 Harmana
1560 706 1804 753 montem
1839 696 2117 754 abducen—

523 801 628 848 tes.
669 791 1040 863 Symmachus
1076 799 1262 847 autem
1288 790 1572 846 Ilarmana
1588 791 1751 847 vertit
1785 792 2114 858 Armeniam,

525 882 860 948 Thcodotio,
916 882 1185 937 excelsum
1243 893 1494 938 montem.
1543 882 1678 938 Illud
1722 898 1872 949 vero,
1901 881 2117 936 Juravit

523 975 788 1029 Dominus
827 990 920 1044 per
953 985 1171 1029 sanctos
1204 990 1364 1039 suos,
1397 973 1763 1046 Symmachus
1793 990 1886 1044 per
1917 975 2118 1028 sancti-

525 1075 689 1122 tatem
757 1083 912 1120 suam
970 1066 1179 1135 posuit.
1231 1064 1408 1121 Dictis
1465 1075 1653 1121 autem
1725 1065 2116 1135 jusjurandum

523 1160 846 1231 praeposuit,
885 1168 944 1214 ut
973 1175 1162 1215 veram
1198 1175 1324 1216 esse
1362 1158 1710 1229 pr0phetiam
1739 1158 2114 1215 conﬁrmaret.

526 1250 602 1323 (ὁ)
637 1249 764 1305 llaec
789 1266 943 1314 vero,
981 1250 1182 1320 inquit,
1223 1251 1592 1315 sustinebitis,
1642 1259 1935 1320 propterea
1968 1249 2115 1320 quod

521 1345 582 1400 in
631 1344 822 1400 Bethel
855 1352 911 1399 et
943 1344 998 1398 in
1029 1343 1275 1414 Galgalis
1318 1343 1648 1413 impietatem
1683 1341 2008 1408 admisistis,
2063 1349 2118 1397 et

527 1434 696 1490 trium
723 1434 938 1489 dierum
963 1434 1102 1488 festa
1138 1435 1191 1487 in
1239 1433 1500 1486 honorem
1533 1431 1802 1486 idolorum
1840 1431 2118 1487 celebrare

526 1527 673 1590 ausi,
725 1533 780 1581 et
827 1541 967 1596 quas
1019 1524 1262 1580 decimas
1318 1524 1498 1579 aﬂ‘erri
1546 1525 1684 1580 meis
1734 1525 2118 1581 sacerdotibus

525 1617 814 1682 constitui,
865 1633 959 1673 eas
993 1617 1292 1688 impietatis
1346 1618 1615 1674 ministris
1685 1617 2003 1682 atterentes,
2063 1626 2119 1673 et

525 1710 736 1766 foedera
779 1710 1031 1781 quaedam
1059 1711 1456 1782 pactionesque
1481 1725 1607 1766 cum
1640 1711 1805 1767 idolis
1833 1711 2114 1775 ineuntes,

526 1811 588 1857 ut
637 1817 827 1858 eorum
885 1802 1030 1875 leges
1089 1803 1482 1874 sequeremini.
1519 1802 1633 1860 Hoc
1663 1806 1807 1860 enim
1831 1804 2115 1869 indicavit,

529 1909 658 1949 cum
694 1894 874 1951 dixit:

596 2163 766 2221 Vsus.
800 2165 853 2219 5.
895 2181 914 2217 ι
952 2162 1228 2236 Legerunt
1255 2162 1390 2221 foris
1417 2163 1614 2234 legem,
1640 2172 1694 2220 et
1721 2164 2118 2219 invocaverunt

523 2256 955 2328 professionem.
994 2274 1012 2307 ι
1043 2253 1229 2326 Legem
1255 2270 1366 2310 non
1389 2254 1633 2310 divinam
1665 2268 1896 2319 vocans,
1920 2253 2012 2309 sed
2047 2253 2116 2308 ab

525 2350 636 2416 his,
685 2347 778 2420 qui
821 2347 983 2404 idolis
1013 2347 1228 2419 1426
1258 2345 1600 2412 serviebant,
1641 2339 1979 2417 impositam.
2014 2345 2116 2402 De-

525 2440 656 2497 inde
715 2439 996 2512 propbeta:
1043 2440 1309 2510 praecipit,
1342 2445 1402 2493 ut
1437 2439 1632 2494 dicat:
1681 2457 1700 2490 ι
1753 2437 2112 2502 Annuntiate,

523 2532 656 2604 quia
701 2531 818 2588 haec
851 2531 1165 2588 dilexerunt
1218 2529 1315 2586 lilii
1368 2528 1609 2598 lsraelis,
1662 2529 1798 2587 dicit
1847 2527 2114 2586 Dominus

523 2619 694 2681 Deus.
722 2643 742 2678 ι
800 2622 920 2680 Non
962 2623 1108 2679 enim
1139 2623 1320 2679 obiter
1355 2622 1518 2680 talem
1555 2623 1894 2694 impietatem
1955 2638 2112 2679 com-

524 2717 822 2784 miserunt,
877 2715 976 2773 sed
1004 2715 1220 2772 ardenti
1253 2715 1438 2771 studio
1471 2724 1526 2771 et
1556 2714 1755 2771 affectu
1785 2715 1841 2770 in
1873 2715 1979 2772 ista
2034 2714 2115 2771 fe-

523 2808 812 2864 rebantur.

595 2898 766 2954 νεεδ.
799 2897 854 2954 6.
897 2917 916 2952 t
956 2899 1020 2952 Et
1050 2913 1154 2969 ego
1180 2897 1323 2953 dabo
1346 2898 1509 2955 vobis
1541 2906 1826 2970 stuporem
1857 2898 2110 2955 dentium

525 2991 584 3046 in
617 2991 840 3046 cunctis
892 2990 1126 3046 urbibus
1159 2988 1386 3057 vestris,
1422 2996 1478 3045 et
1507 2989 1871 3062 indigentiam
1906 3005 2111 3061 panum

525 3084 583 3138 in
634 3082 896 3139 omnibus
930 3081 1071 3138 locis
1105 3082 1325 3150 vestris,
1373 3091 1430 3138 et
1461 3098 1570 3138 non
1611 3084 1747 3139 estis
1797 3083 2002 3140 reversi
2041 3081 2111 3138 ad

2220 602 2510 673 ὑμετέρων
2539 603 2777 674 ἀνδρῶν,
2810 604 3036 677 λαγνείᾳ
3065 605 3123 659 δέ
3149 605 3270 659 καθ’
3305 604 3452 675 ὑμῶν
3474 606 3749 678 χρήσονται,

2219 693 2406 765 πάσης
2431 711 2498 746 πε
2510 695 2729 766 ριῦολῆς
2763 698 3164 769 ἐστερημένους
3192 695 3390 767 ἀνδρας
3413 699 3502 751 καὶ
3525 701 3753 766 γυναῖκας

2218 784 2364 838 κατά
2395 787 2595 840 ταύτὸν
2624 786 2869 856 ἄγοντες,
2903 789 2999 842 καὶ
3029 790 3110 852 είς
3156 788 3218 842 τὸ
3259 788 3503 860 Ἀρμανά
3531 789 3640 860 ὅρος
3672 792 3756 845 ὰπ-

2220 876 2471 945 ἀγοντες.
2508 877 2568 930 ὐ
2604 878 2661 932 δέ
2690 879 2988 952 Σύμμαχος
3007 880 3068 933 τὺ
3099 880 3372 950 Ἀρμανὰ,
3416 881 3697 950 Ἀρμενίαν
3717 885 3753 916 ⁶¹

2221 971 2610 1041 ήρμήνευσεν·
2644 975 2672 1026 ό
2705 972 2764 1026 δέ
2809 973 3104 1027 Θεοδοτίων
3137 973 3384 1042 ὑψηλὸν
3420 973 3566 1042 ὄρος.
3599 975 3664 1028 Τδ
3689 977 3756 1040 δέ,

2223 1061 2445 1126 "Quove
2475 1063 2691 1132 Κύριος
2721 1064 2872 1118 κατὰ
2897 1062 3018 1117 τῶν
3047 1064 3235 1134 ἁγίων
3258 1064 3462 1128 αὑτοῦ,
3494 1066 3522 1118 6
3561 1065 3759 1138 Σύμμα-

2218 1170 2312 1224 χος
2362 1155 2509 1209 κατὰ
2543 1152 2648 1222 τῆς
2694 1155 3037 1224 ἁγιωσύνης
3079 1154 3270 1212 αὐτοῦ
3319 1155 3542 1209 τέθεικε·
3583 1159 3675 1212 Τὸν
3712 1159 3760 1212 δέ

2217 1245 2380 1316 ὅρκον
2405 1245 2515 1299 τῶν
2552 1247 2858 1318 εἰρημένων
2887 1245 3266 1318 προτέθεικεν,
3305 1248 3507 1320 ἀψευδῆ
3533 1249 3623 1319 τὴν
3650 1269 3763 1322 προ-

2219 1338 2450 1408 φητείαν
2495 1338 2726 1403 δεικνύς.
2774 1339 3128 1410 Ὺπομενείτε
3174 1340 3254 1406 δέ,
3292 1341 3448 1411 φησι,
3489 1341 3668 1409 ταῦτα,
3699 1343 3763 1408 ὡς

2219 1431 2314 1484 καὶ
2337 1431 2396 1483 ἐν
2426 1430 2648 1502 Βαιθὴλ,
2678 1432 2772 1484 καὶ
2800 1433 2856 1484 ἐν
2891 1431 3217 1500 Γαλγάλοις,
3255 1435 3319 1503 τῇ
3352 1432 3628 1505 δυσσεϐείᾳ
3651 1451 3764 1506 χρη-

2222 1524 2466 1593 σάμενοι,
2497 1525 2593 1577 καὶ
2632 1525 2968 1596 τριημέρους
3006 1525 3202 1599 ἑορτὰς
3241 1529 3352 1591 τοῖς
3388 1526 3616 1592 εἰδώλοις
3641 1545 3761 1582 παν-

2219 1615 2506 1688 ηγυρίξειν
2530 1617 2951 1688 τετολμηκὸτες,
2999 1619 3094 1672 καὶ
3123 1617 3224 1682 τὰς
3257 1619 3348 1672 ὑπ’
3397 1618 3527 1688 ἐμοῦ
3557 1637 3762 1691 προστε-

2218 1709 2498 1779 ταγμένας
2544 1709 2776 1773 δεκάτας
2807 1711 2920 1772 τοῖς
2962 1712 3117 1781 ἐμοῖς
3152 1710 3360 1782 ἱερεῦσι
3393 1712 3762 1783 προσφέρεσθαι

2218 1803 2332 1864 τοῖς
2375 1800 2475 1871 τῆς
2528 1801 2782 1866 ἀσεϐείας
2833 1803 3130 1874 ὑπουργοῖς
3177 1803 3650 1875 προσενεγκόντες,
3685 1804 3762 1857 καὶ

2147 1865 2190 1920 Β
2217 1865 2507 1963 ὁμολογίας
2535 1894 2685 1957 τινὰς
2709 1865 2806 1947 καὶ
2820 1865 3091 1967 συνθήκας
3116 1865 3254 1966 πρὸς
3277 1895 3346 1950 τά
3363 1865 3549 1950 εἴδωλα
3565 1865 3762 1966 πεποιη-

2219 1985 2399 2048 κότες,
2442 1984 2519 2048 ὡς
2556 1987 2670 2050 τοῖς
2695 1986 2926 2040 ἐκείνων
2961 1987 3146 2058 νόμοις
3181 1987 3590 2058 ἀκολουθήσετε.
3618 1986 3763 2040 Τοῦτο

2217 2076 2326 2148 γὰρ
2362 2076 2652 2148 ἐδήλωσεν,
2685 2078 2924 2149 εἰρηκώς
2938 2095 2954 2111 ·

2287 2177 2352 2226 ε’.
2391 2189 2409 2222 ι
2461 2171 2803 2240 ’Δνέγνωσαν
2856 2172 2962 2238 ἔξω
2999 2173 3186 2244 νόμον,
3255 2172 3351 2227 καὶ
3401 2172 3764 2228 ἐπεκαλέσαντο

2216 2263 2508 2334 ὁμολογίαν
2529 2265 2597 2319 ⁸³.
2629 2282 2648 2317 t
2688 2265 2894 2334 Νόμον
2928 2266 2989 2318 οὐ
3018 2265 3112 2319 τὸν
3157 2264 3304 2321 θεῖον
3345 2264 3763 2338 προσαγορεύων,

2215 2353 2354 2408 ἀλλά
2382 2355 2473 2409 τὸν
2511 2355 2618 2410 ὑπὸ
2647 2355 2757 2409 τῶν
2785 2355 2857 2409 τὰ
2888 2356 3085 2410 εἴδωλα
3107 2355 3523 2428 θεραπευόντων
3546 2356 3763 2410 τεθέντα.

2213 2442 2350 2500 Εἶτα
2387 2445 2563 2516 λέγειν
2580 2448 2626 2480 ⁸³
2662 2447 2740 2519 τῷ
2768 2449 3022 2520 προφήτῃ
3073 2449 3534 2520 παρακελεύεται,
3563 2447 3718 2515 λέγων
3740 2463 3752 2476 ³

2223 2555 2240 2588 ι
2264 2537 2661 2607 Ἀπαγγείλατε
2689 2539 2771 2592 ὅτι
2796 2539 2971 2593 ταῦτα
3003 2539 3306 2610 ἠγάπησαν
3330 2541 3382 2593 oi
3409 2541 3514 2594 υἱοὶ
3556 2536 3764 2610 Ἰσραὴλ,

2213 2628 2360 2699 λέγει
2408 2630 2615 2702 Κύριος
2657 2633 2686 2684 6
2719 2630 2853 2695 Θεός
2877 2633 2943 2685 ⁸⁵.
2976 2650 2994 2683 ι
3025 2631 3100 2686 Οὐ
3141 2632 3255 2704 γὰρ
3303 2635 3360 2686 ἐν
3395 2633 3642 2704 παρέργῳ
3681 2631 3765 2699 τὴν

2211 2723 2469 2794 τοιαύτην
2504 2724 2750 2795 ἐτόλμων
2803 2723 3082 2791 ἀσέϐειαν,
3135 2724 3278 2779 ἀλλά
3336 2724 3570 2779 διαθέσει
3614 2724 3765 2795 θερμῇ

2213 2815 2308 2868 καὶ
2334 2818 2536 2887 στοργῇ
2569 2816 2696 2888 περὶ
2732 2817 2873 2871 αὐτὰ
2908 2817 3269 2888 κεχρημένοι.

2286 2914 2360 2972 ς’.
2411 2925 2429 2959 t
2456 2908 2566 2961 Καὶ
2589 2907 2702 2978 ἐγὼ
2729 2907 2887 2964 δώσω
2935 2909 3068 2980 ὑμῖν
3099 2911 3455 2982 γομφιασμὺν
3487 2910 3695 2965 ὀδόντων
3718 2911 3765 2962 έν

2212 2997 2415 3063 πάσαις
2449 3001 2569 3063 ταῖς
2620 2999 2842 3054 πόλεσιν
2883 3001 3060 3073 ὑμῶν,
3103 3003 3198 3059 καὶ
3248 3003 3458 3058 ἔνδειαν
3512 3003 3677 3074 ἄρτων
3717 3003 3766 3054 ἐν

2212 3094 2348 3148 πᾶσι
2378 3096 2490 3158 τοῖς
2521 3093 2708 3159 τόποις
2736 3095 2914 3167 ὑμῶν,
2965 3097 3062 3151 καὶ
3107 3099 3210 3152 οὐκ
3244 3097 3610 3170 ἐπεστρέψατε
3649 3094 3764 3166 πρός

523 3191 636 3239 me,
677 3174 812 3231 dicit
838 3174 1125 3263 Dominus.
1167 3194 1186 3229 ι
1232 3175 1516 3245 Stupet-em
1565 3175 1801 3230 dentium
1856 3173 2109 3248 Symma-

2217 3204 2306 3258 με,
2345 3187 2495 3256 λέγει
2515 3187 2742 3260 Κύριος.
2782 3209 2799 3239 ι
2845 3189 2956 3244 Τὸν
2980 3189 3038 3244 δέ
3064 3192 3452 3262 γομφιασμὸν
3476 3192 3556 3244 ό⁶⁸
3569 3189 3764 3260 Σύμμαο

524 3266 667 3320 chus
735 3273 789 3320 et
832 3250 1140 3321 Theodotio
1191 3264 1516 3319 munditiam
1560 3263 1909 3336 interpretati
1955 3273 2105 3321 sunt.

525 3353 812 3428 Signiﬁcat
851 3371 984 3412 vero
1051 3355 1251 3413 famem
1307 3377 1320 3414 :
1384 3372 1579 3412 eorum
1632 3357 1782 3412 enim
1823 3357 1917 3428 qui
1973 3357 2111 3412 nihil

523 3451 718 3516 edunt,
745 3453 763 3473 ⁶
820 3451 1002 3508 nullas
1034 3450 1298 3522 reliquias
1343 3451 1456 3506 cibi
1501 3453 1694 3507 dentes
1745 3451 1952 3507 habent
2005 3451 2110 3508 sibi

525 3543 885 3599 inhaerentes.
963 3542 1154 3615 Itaque
1228 3560 1354 3600 cum
1408 3545 1582 3601 fames
1641 3551 1697 3599 ct
1760 3544 1946 3614 inopia
2013 3559 2111 3600 vos

525 3635 1030 3706 comprehenderit,
1083 3638 1345 3708 quoniam
1374 3638 1446 3694 ob
1479 3639 1758 3694 bonorum
1791 3637 2006 3706 copiam
2053 3635 2110 3692 in

526 3726 840 3794 largitorem
872 3726 1143 3782 donorum
1202 3727 1530 3796 insultastis,
1581 3728 1771 3784 dentes
1800 3728 1965 3784 etiam
2019 3741 2115 3782 ve-

525 3814 626 3870 stri
661 3825 940 3886 stuporem
973 3817 1369 3888 perpetientur,
1407 3834 1515 3874 non
1541 3817 1781 3889 amplius
1820 3817 1945 3872 cibo
1963 3815 2112 3874 vesci

528 3908 798 3974 valentes,
832 3907 926 3964 sed
955 3908 1166 3966 similes
1216 3909 1350 3966 facti
1386 3911 1473 3967 his
1506 3927 1646 3982 quos
1676 3919 1770 3967 aut
1809 3925 1914 3968 uva
1959 3925 2115 3968 acer-

526 4003 596 4059 ba
635 4008 730 4057 aut
765 4001 913 4058 aliud
943 4002 1226 4075 quidpiam
1261 4005 1547 4061 austerius
1600 4003 2014 4075 perstrinxerit,
2057 4011 2113 4060 et

485 4092 710 4149 .cibum
757 4093 1032 4151 coniicere
1085 4103 1388 4165 nequeunt.
1450 4096 1526 4166 (7,
1585 4094 1664 4168 8.)
1711 4096 1782 4150 At
1829 4111 1949 4161 vos,
2005 4096 2112 4152 hac

524 4183 694 4239 etiam
722 4185 882 4244 vobis
904 4185 1149 4244 adhibita
1182 4188 1553 4255 correctione,
1584 4189 1640 4245 in
1669 4189 1922 4261 pristinis
1950 4191 2111 4246 malis

524 4279 881 4348 permanetis.
913 4278 1303 4336 Verumtamen
1354 4298 1423 4338 ne
1473 4282 1555 4338 sic
1599 4282 1819 4352 quidem
1847 4283 2108 4338 desistam

525 4385 723 4427 curare
763 4386 863 4428 vos
896 4390 909 4426 :
949 4372 1081 4443 quin
1116 4372 1348 4429 alteram
1385 4373 1544 4429 vobis
1610 4373 1868 4429 inducam
1920 4389 2111 4428 corre-

524 4464 786 4531 ctionem,
834 4464 1213 4520 etserotinam
1244 4464 1500 4521 inhibens
1539 4465 1775 4536 pluviam
1835 4465 1914 4537 (id
1961 4464 2108 4521 enim

525 4554 822 4627 signiﬁcat,
854 4569 979 4611 cum
1020 4555 1177 4620 dicit,
1202 4556 1369 4610 tribus
1397 4557 1661 4610 mensibus
1686 4566 1808 4611 ante
1841 4557 2109 4623 messem),
2141 4547 2187 4604 D

522 4656 728 4702 terram
764 4646 1010 4702 sterilem
1044 4647 1287 4702 reddam.
1323 4647 1461 4703 Tum
1493 4647 1760 4703 exhibens
1789 4647 2106 4704 misericor-

524 4735 695 4800 diam,
746 4735 1164 4807 ostendensque
1194 4752 1303 4791 non
1337 4751 1468 4792 casu
1502 4734 1619 4790 haec
1655 4735 1795 4800 ﬁeri,
1827 4735 1944 4791 sed
1970 4744 2109 4790 nutu

524 4842 670 4894 meo,
706 4827 835 4884 huic
866 4827 1089 4899 quidem
1119 4827 1242 4885 urbi
1271 4828 1512 4898 pluviam
1537 4825 1703 4893 dabo,
1729 4825 1807 4882 illi
1829 4841 1961 4883 vero
1993 4826 2112 4882 irri-

524 4920 801 4989 gationem
857 4919 1097 4976 similem
1143 4935 1254 4975 non
1288 4919 1623 4992 impertiar:
1667 4922 1740 4976 ita
1773 4928 1835 4976 ut
1863 4920 1979 4978 haec
2009 4930 2109 4979 ter-

524 5027 588 5067 ra
633 5027 865 5082 prorsus
926 5019 1236 5078 exarescat,
1290 5011 1381 5066 illa
1441 5027 1577 5068 vero
1621 5012 1879 5084 privatim
1925 5016 2109 5086 pluvia

524 5103 766 5159 madeat.
793 5105 966 5158 Tanta
1002 5104 1214 5176 1427
1259 5113 1441 5162 autem
1482 5107 1589 5162 erit
1620 5123 1884 5178 aquarum
1933 5125 2107 5180 penu-

524 5197 631 5260 ria,
667 5203 727 5250 ut
760 5195 881 5250 dua:
917 5203 1141 5267 tresque
1174 5198 1339 5254 urbes
1361 5198 1566 5269 pariter
1583 5199 1656 5255 ad
1687 5199 1876 5256 urbem
1907 5201 2109 5258 haben-

525 5291 633 5340 tem
685 5299 885 5354 aquam
916 5295 1273 5351 concurrant,
1307 5295 1496 5358 potum
1536 5296 1875 5360 expetentes,
1930 5306 2108 5361 neque

526 5373 632 5430 hoc
677 5376 839 5430 modo
862 5374 928 5429 ad
955 5377 1304 5432 saturitatem
1339 5379 1461 5434 sitis
1501 5381 1898 5452 restinguatur.
1933 5381 2001 5437 Et
2029 5392 2109 5437 ta-

527 5482 650 5524 men
675 5467 758 5524 sic
781 5468 946 5525 etiam
992 5469 1230 5540 pergetis
1255 5471 1545 5528 insanabili
1577 5475 1771 5532 morbo
1807 5475 2102 5534 laborare:

2213 3295 2306 3347 χος
2335 3277 2427 3331 καὶ
2457 3279 2485 3332 6
2509 3277 2802 3332 Θεοδοτίων
2842 3280 3218 3351 καθαρισμὸν
3257 3280 3658 3352 ἡρμηνεύκασι·
3690 3277 3764 3346 δη-

2212 3369 2295 3422 λοῖ
2319 3369 2376 3424 δέ
2417 3371 2507 3423 τὸν
2533 3369 2710 3442 λιμόν.
2739 3371 2862 3425 Τῶν
2907 3371 3016 3444 γὰρ
3045 3372 3316 3444 μηδαμῶς
3344 3374 3626 3428 ἐσθιόντων
3666 3370 3764 3424 οὐδὲ

2213 3461 2463 3532 λείψανον
2505 3463 2559 3516 oi
2614 3462 2828 3527 ὀδόντες
2874 3464 2934 3516 ἐν
2977 3464 3166 3528 αὐτοῖς
3207 3468 3419 3539 τροφῆς
3453 3467 3764 3538 ἐνισχόμενον

2213 3553 2415 3624 ἔχουσι.
2452 3553 2558 3607 Τοῦ
2595 3553 2755 3618 λιμοῦ
2793 3554 2976 3608 τοίνυν
3017 3557 3112 3609 καὶ
3151 3557 3253 3628 τῆς
3298 3559 3506 3623 ἐνδείας
3562 3555 3764 3613 καταλα-

2214 3644 2416 3717 ϐούσης
2445 3647 2611 3716 ὑμᾶς,
2650 3647 2838 3718 ἐπειδὴ
2864 3646 2952 3700 διά
2993 3646 3092 3719 τὴν
3118 3648 3227 3702 τῶν
3273 3649 3496 3719 ἀγαθῶν
3539 3649 3764 3719 ἀφθονίαν

2213 3734 2358 3790 κατά
2385 3734 2480 3789 τοῦ
2506 3736 2740 3808 χορηγοῦ
2769 3737 2877 3791 τῶν
2911 3737 3131 3809 δωρεῶν
3174 3740 3562 3813 ἐσκιρτήσατε,
3605 3738 3688 3792 καὶ
3725 3736 3763 3786 oi

2212 3828 2424 3893 ὀδόντες
2457 3828 2612 3898 ὑμῶν
2637 3829 2989 3901 γομφιασμὸν
3019 3831 3407 3903 ὑπομενοῦσιν,
3449 3831 3624 3887 οὐκέτι
3657 3846 3764 3903 τρο-

2215 3920 2320 3992 φῆς
2352 3920 2646 3976 ἀπολαύειν
2676 3921 2983 3993 δυνάμενοι,
3015 3924 3131 3978 ἀλλ’
3154 3927 3399 3991 ἐοικότες
3427 3929 3536 3990 τοῖς
3559 3923 3655 3979 ὑπὸ
3679 3921 3766 3991 δμ-

2215 4028 2408 4080 φακος,
2443 4013 2476 4084 ἦ
2500 4030 2645 4076 τινος
2675 4013 2784 4067 τῶν
2817 4016 3162 4087 στυφοτέρων
3188 4017 3601 4088 πληττομένοις,
3622 4014 3704 4070 καὶ
3725 4011 3764 4043 ⁸⁸

2213 4105 2420 4176 τροφὴν
2443 4105 2728 4160 λεπτύνειν
2764 4107 2825 4160 ού
2861 4107 3206 4179 δυναμένοις.
3248 4111 3412 4166 Ἀλλά
3451 4113 3544 4166 καὶ
3589 4107 3766 4177 ταύτης

2215 4196 2346 4266 ὑμῖν
2387 4197 2486 4267 τῆς
2519 4197 2768 4263 παιδείας
2808 4201 3160 4275 ἐπαγομένης
3185 4206 3300 4269 τοῖς
3345 4205 3626 4278 προτέροις
3665 4203 3766 4253 ἐπι-

2217 4291 2431 4359 μενεῖτε
2455 4292 2667 4353 κακοῖς.
2708 4291 2848 4344 Ἀλλ’
2861 4293 2983 4346 οὺδέ
3014 4293 3189 4358 οὕτως
3212 4296 3317 4367 τῆς
3348 4297 3615 4368 ὑμετέρας
3645 4288 3766 4344 παύει

2217 4397 2382 4449 σομαι
2413 4380 2712 4452 θεραπείας
2743 4397 2756 4413 ⁸
2793 4381 2890 4436 καὶ
2920 4383 3115 4455 ἑτέραν
3151 4384 3260 4458 γὰρ
3301 4385 3430 4456 ὑμῖν
3458 4385 3636 4451 ἐπάξω
3663 4397 3768 4434 παι-

2213 4471 2383 4536 δείαν,
2439 4473 2534 4526 καὶ
2583 4472 2677 4526 τὸν
2729 4473 2925 4546 ὄψιμον
2963 4475 3210 4547 ἐπισχὼν
3261 4479 3419 4532 ὑετὸν
3470 4477 3637 4549 (τοῦτο
3677 4471 3767 4541 γὰρ

2217 4559 2359 4634 εἷπε)
2407 4563 2528 4632 Πρὸ
2560 4562 2740 4631 τριῶν
2764 4564 2980 4634 μηνῶν
3010 4567 3119 4621 τοῦ
3158 4569 3499 4638 θερισμοῦ),
3540 4561 3768 4637 ἀκαρπίᾳ

2216 4653 2528 4724 παραδώσω
2565 4655 2665 4726 τὴν
2695 4656 2820 4727 γῆν.
2851 4657 3237 4732 Φιλανθρωπίᾳ
3265 4660 3325 4714 δέ
3357 4661 3652 4732 χρώμενος,
3691 4653 3769 4708 καὶ

2217 4742 2449 4810 δεικνὺς,
2483 4745 2558 4810 ὡς
2583 4745 2685 4800 οὐκ
2721 4747 2830 4801 ἀπὸ
2877 4751 3221 4821 ταυτομάτου
3267 4753 3441 4806 ταῦτα
3488 4747 3766 4822 συμϐαίνει,

2217 4834 2334 4888 ἀλλ’
2368 4835 2503 4907 ἐμοῦ
2531 4839 2777 4904 νεύοντος
2800 4840 3030 4910 γίνεται,
3054 4843 3228 4918 ταύτῃ
3254 4845 3354 4915 μὲν
3382 4848 3449 4918 τῇ
3475 4845 3622 4899 πόλει
3649 4855 3769 4910 παρ·

2215 4925 2323 4992 έξω
2346 4927 2437 4980 τὸν
2481 4928 2658 4994 ὑετὸν,
2705 4931 2890 5004 ἐκείνῃ
2924 4932 2981 4985 δὲ
3019 4935 3120 5005 τῆς
3157 4936 3417 5006 τοιαύτης
3461 4936 3671 5006 ἀρδείας
3714 4929 3764 4983 οὗ

2220 5017 2540 5088 μεταδώσω,
2581 5019 2656 5084 ώς
2693 5021 2793 5094 τὴν
2845 5024 2944 5094 μὲν
2976 5026 3257 5090 παντελῶς
3285 5027 3630 5099 διαυανθῆναι
3659 5021 3765 5093 γῆν,

2213 5108 2312 5180 τὴν
2340 5109 2398 5164 δὲ
2448 5110 2689 5182 μερικῶς
2753 5114 3006 5185 ὑσθῆναι.
3037 5117 3272 5192 Τοιαύτη
3312 5119 3372 5174 δέ
3404 5122 3554 5175 ἐσται
3599 5115 3768 5174 σπάνις

2215 5200 2446 5268 ὑδάτων,
2477 5201 2554 5265 ὡς
2588 5203 2683 5257 δύο
2727 5206 2823 5259 καὶ
2853 5209 3002 5277 τρεῖς
3031 5209 3218 5276 πόλεις
3248 5212 3392 5266 κατά
3444 5212 3632 5266 ταύτὸν
3660 5204 3765 5276 τρέο

2213 5310 2330 5364 χειν
2354 5295 2433 5357 εἰς
2479 5293 2578 5366 τὴν
2607 5294 2836 5366 ἔχουσαν
2863 5299 3018 5354 πόλιν
3051 5301 3216 5374 ὔδωρ,
3253 5305 3463 5370 πόσεως
3501 5299 3765 5373 ἐφιεμένας

2217 5383 2314 5436 καὶ
2344 5385 2480 5456 μηδὲ
2502 5385 2645 5440 οὕτω
2674 5387 2824 5460 κόρῳ
2847 5390 3174 5463 θεραπεύειν
3200 5396 3262 5450 τὸ
3291 5395 3462 5466 δίψος.
3482 5394 3614 5449 Ἀλλ’
3636 5393 3764 5460 ὅμως

2213 5475 2524 5546 ἐπιμενεῖτε
2552 5480 2648 5534 καὶ
2673 5479 2818 5536 οὕτω
2843 5483 3129 5551 νοσοῦντες
3165 5487 3460 5558 ἀνήκεστα,
3500 5485 3587 5540 καὶ
3613 5479 3762 5536 ταῦτα

1805 5635 2044 5693 VARI/13
2085 5639 2490 5702 LECTIONES.

631 5779 674 5813 ⁸⁸
714 5780 820 5854 Alii
848 5785 1199 5854 W'Eppqviav.

1307 5785 1425 5864 ξ’,Ᾱ
1457 5788 1778 5864 ἐμολοῖίαςε
1813 5863 1822 5864 ί
1851 5796 1900 5827 ⁸³
1938 5795 2053 5864 λέγ.
2085 5799 2204 5854 Des.
2252 5799 2304 5854 in
2345 5801 2408 5855 C.

2505 5804 2552 5835 ⁸³
2590 5807 2619 5858 6
2657 5805 2809 5881 ρεός.
2835 5808 2896 5881 ⁸Α
2923 5807 3172 5881 Ῠ-Κύριος.
3251 5809 3294 5840 (⁵⁵
3321 5809 3349 5860 ὁ
3377 5836 3444 5848 —-—
3469 5803 3611 5858 Θεοδ.
3659 5798 3754 5853 11ηο

535 5849 697 5904 etiam
721 5849 1112 5925 Aquilajinxta
1141 5854 1333 5911 Montf.
1371 5856 1426 5913 in
1455 5849 1684 5928 ll'exap'l.
1714 5849 1783 5917 ad
1811 5863 1866 5920 ιι.
1901 5865 1935 5920 l.
2009 5849 2060 5900 ἐξ
2086 5849 2638 5945 καῖ’-Ϊδυῖιιαμένοιξ
2661 5849 2809 5932 Des.-
2830 5849 2896 5932 ίὶἷ
