4088 6438
478 372 617 440 1685

1810 378 1890 439 ΙΝ
1926 379 2127 441 AMOS
2156 380 2315 442 CAP.
2352 382 2451 444 IV.

3624 388 3762 452 1686

473 491 571 546 καί
600 489 810 563 ἑτέροις
836 489 936 562 ἤδη
980 492 1371 564 περιπεσόντες
1414 497 1605 557 κακοῖς
1630 510 1645 524 ο
1667 493 1779 562 ἐγὼ
1806 494 1936 565 γὰρ,
1964 493 2059 547 ἅτε

2186 495 2332 565 dque
2372 513 2498 552 cum
2541 499 2667 556 aliis
2689 500 2806 570 jam
2845 500 3032 556 amicti
3069 501 3287 558 fueritis
3318 503 3501 559 malis.
3540 503 3616 577 (9)
3650 507 3763 577 Ego

471 577 539 650 δὴ
568 577 760 648 ψυχῶν
788 580 992 651 ἰατρὸς,
1033 579 1129 635 καί
1155 581 1315 636 ἀλλον
1343 582 1596 654 καυτῆρα
1613 582 1658 615 ⁸⁷
1689 586 2062 655 προσήνεγκα,

472 668 665 733 νόσους
696 669 827 740 ὑμῖν
862 670 1154 743 διαφόρους
1182 672 1500 743 ἐπαγαγὼν,
1522 674 1617 729 νῦν
1640 675 1741 745 μὲν
1767 675 2065 747 πυρώσεις,

472 758 571 815 νῦν
607 761 667 814 δὲ
700 760 948 833 ἰκτέρους
972 760 1185 834 (ὑμεῖς
1228 763 1287 817 δὲ
1319 766 1417 835 τῆς
1456 766 1712 830 ἀσεϐείας
1735 767 1838 820 οὐκ
1869 766 2066 833 ἐπελή-

473 852 663 924 σθητε.
693 853 805 907 Καὶ
850 855 989 925 μετά
1016 857 1221 928 ταύτην
1258 856 1315 909 δὲ
1347 858 1447 930 τὴν
1481 859 1731 913 παιδείαν
1767 859 1934 927 ἐδέξω
1972 860 2066 915 καὶ

455 932 579 1015 ,τὴν
607 943 837 1015 κάμπην
866 946 974 1001 πᾶν
993 947 1022 1001 ὃ
1040 965 1092 1001 τι
1119 949 1353 1020 τερπνὸν
1382 951 1439 1003 ὲν
1468 950 1807 1021 ἀμπελῶσιν,
1827 952 1860 1023 ἢ
1879 952 2069 1007 ἐλαιῶ-

483 1034 648 1106 σιν,ἢ
689 1036 888 1108 κήποις
927 1037 1136 1109 οἴχεται
1170 1041 1253 1073 ⁸⁸⁸
1294 1043 1391 1095 καὶ
1451 1043 1571 1096 οὐδὲ
1611 1041 1770 1097 τοῦτο
1804 1044 2066 1098 πέπεικεν

475 1127 626 1197 ὑμᾶς
650 1129 951 1196 ἐπιγνῶναι
972 1130 1065 1184 τὸν
1090 1130 1191 1195 τὰς
1225 1134 1473 1198 παιδείας
1512 1135 1808 1204 ἐπάγοντα.
1840 1136 2068 1201 Τούτοις

478 1218 858 1290 προστίθησιν,
884 1221 967 1275 ὅτι
1005 1222 1100 1276 καὶ
1132 1223 1224 1277 τὸν
1262 1225 1551 1296 ’Δσσύριον
1598 1227 1923 1297 φεύγοντας,
1968 1230 2064 1284 καὶ

476 1310 581 1378 τὴν
609 1311 883 1380 Αιγυπτον
909 1315 1239 1371 καταλαϐεῖν
1268 1317 1617 1387 σπεύδοντας,
1635 1323 1703 1391 τῇ
1726 1319 1823 1374 τοῦ
1867 1321 2066 1375 Ἀσσυ-

483 1404 601 1473 ρίου
640 1406 998 1477 παραδέδωκα
1047 1409 1314 1481 ῥομφαίᾳ,
1373 1410 1627 1483 καθάπερ
1660 1411 1771 1466 τινὶ
1816 1413 1950 1482 πυρὶ
1996 1414 2063 1485 τῇ

480 1496 618 1568 ὀργῇ
657 1506 994 1570 κεχρημένος
1020 1520 1035 1534 ο
1054 1503 1148 1555 καὶ
1173 1503 1296 1558 οὐδὲ
1322 1503 1572 1558 ἐντεῦθεν
1591 1505 1653 1559 τὸ
1678 1505 1800 1562 δέον
1826 1506 2071 1560 συνιδεῖν

476 1587 874 1663 ἠϐουλήθησαν.
902 1592 993 1645 Διό
1020 1607 1176 1663 φησι·

554 1766 643 1823 ια’.
684 1785 704 1819 ι
729 1768 1091 1842 Κατέστρεψα
1111 1771 1257 1843 ὑμᾶς
1280 1771 1462 1838 καθὼς
1490 1774 1861 1845 κατέστρεψεν
1884 1777 1914 1830 ό
1935 1775 2066 1841 Θεὸς

2172 589 2343 655 enim,
2390 598 2650 663 tanquam
2704 593 3015 648 animarum
3068 594 3337 658 medicus,
3391 594 3538 649 aliud
3590 598 3758 651 etiam

2172 684 2482 739 cauterium
2534 685 2691 741 vobis
2724 686 2963 751 admovi,
3002 688 3231 742 morbos
3268 687 3525 743 videlicet
3574 691 3764 746 varios

2172 771 2332 828 vobis
2390 772 2657 840 inferens,
2688 774 2852 829 modo
2890 774 3378 839 inflammationes,
3412 776 3577 832 modo
3629 777 3763 833 icte-

2173 878 2306 919 ros:
2348 865 2648 935 impietatis
2679 874 2861 921 tamen
2893 882 3003 921 non
3054 867 3189 923 estis
3225 868 3404 923 obliti.
3446 868 3568 922 Jam
3606 885 3762 933 vero,

2172 963 2299 1025 post
2324 957 2723 1014 correctionem
2743 959 2907 1025 hanc,
2927 974 3150 1015 erucam
3175 962 3318 1031 passi
3351 963 3510 1028 estis,
3548 968 3604 1015 et
3636 976 3765 1031 per-

2172 1045 2239 1100 iit
2267 1046 2533 1117 quidquid
2570 1051 2625 1104 in
2657 1050 2835 1106 vineis
2884 1051 3110 1117 vestris,
3137 1052 3222 1106 vel
3280 1053 3333 1106 in
3366 1052 3585 1108 olivetis
3631 1052 3764 1107 hor—

2174 1139 2314 1195 tisve
2343 1141 2668 1198 delectabile
2701 1143 3025 1200 habebatis:
3067 1152 3124 1200 et
3167 1162 3236 1200 ne
3267 1146 3375 1203 hee
3401 1147 3623 1216 quidem
3646 1160 3765 1202 ,νο-

2172 1230 2259 1287 bis
2280 1235 2574 1303 persuasit,
2603 1241 2663 1290 ut
2683 1237 3095 1307 cognosceretis
3120 1238 3314 1291 barum
3350 1240 3758 1295 correctionum

2173 1330 2479 1378 auctorem.
2535 1325 2646 1395 (10)
2680 1324 2776 1381 His
2810 1327 3081 1398 adjungit,
3134 1343 3195 1384 se
3229 1336 3285 1383 et
3336 1328 3608 1398 fugientes
3658 1343 3761 1399 pro

2172 1415 2400 1486 Assyrio
2438 1426 2494 1471 et
2534 1419 2588 1471 in
2629 1418 2925 1490 Ailgyptnm
2974 1421 3264 1490 pervenire
3301 1420 3608 1484 studentes,
3651 1421 3759 1477 As-

2173 1510 2446 1581 syriorum
2498 1511 2678 1581 gladio
2719 1512 3036 1579 tradidisse,
3071 1525 3330 1584 tanquam
3366 1514 3490 1584 igne
3523 1514 3761 1584 quodam

2146 1602 2255 1656 ira
2290 1617 2475 1665 usum,
2504 1617 2569 1657 ac
2599 1619 2667 1657 ne
2716 1604 2842 1659 inde
2894 1604 3118 1676 quidem
3173 1606 3319 1676 quod
3378 1606 3761 1672 conveniebat,

2177 1707 2488 1765 agnoscere
2510 1695 2770 1750 voluisse.
2803 1695 2929 1751 Ideo
2969 1696 3079 1750 ait:

2250 1784 2418 1839 Vens.
2472 1785 2561 1839 11.
2605 1804 2624 1836 ι
2663 1785 2924 1842 Subverti
2959 1802 3081 1852 vos,
3113 1786 3260 1843 sicut
3288 1788 3561 1844 subvertit
3617 1785 3764 1843 Deus

480 1859 692 1930 Σόδομα
720 1862 816 1915 καλ⁸
850 1862 1124 1936 Γόμορρα.
1159 1884 1178 1917 ι
1230 1865 1346 1919 Οὐκ
1390 1865 1548 1920 ἄλλον
1599 1866 1931 1939 παραδηλῶν
1975 1869 2065 1923 τὸν

2180 1874 2464 1932 Sodomam
2510 1885 2565 1932 et
2613 1875 2997 1934 Gomorrbam.
3047 1897 3067 1931 ι
3131 1878 3250 1934 Non
3298 1879 3466 1935 alium
3522 1880 3615 1951 qui
3672 1880 3766 1934 illa

477 1953 667 2006 ἐκεῖνα
693 1955 1051 2023 πεποιηκότα,
1076 1955 1190 2009 ἀλλ’
1215 1957 1290 2020 ὡς
1316 1958 1446 2029 περὶ
1472 1958 1638 2012 αὐτοῦ
1666 1958 2065 2031 διαλεγόμενος.
2108 1979 2113 1985 '

485 2058 505 2091 ι
537 2041 647 2096 Καὶ
685 2042 959 2111 ἐγένεσθε,
1016 2046 1201 2118 φησὶν,
1246 2046 1323 2111 ὡς
1369 2047 1528 2113 δαλὸς
1571 2049 1975 2122 ὲξεσπασμένος
2003 2053 2072 2105 ὲκ

480 2133 679 2203 πυρὸς,
712 2135 807 2188 καὶ
835 2136 943 2190 οὐδ’
981 2136 1171 2202 οὕτως,
1192 2140 1566 2212 ἐπεστρέψατε
1597 2143 1736 2215 πρός
1772 2161 1868 2215 με,
1919 2143 2068 2214 λέγει

479 2225 705 2299 Κύριος.
733 2246 753 2281 ι
779 2229 1046 2303 Καθάπερ
1068 2232 1177 2305 γὰρ
1200 2236 1229 2288 ὁ
1247 2234 1404 2299 δαλὸς
1424 2237 1734 2310 ήμιφλεγὴς
1755 2239 2065 2311 γενόμενος,

478 2319 719 2375 δείκνυσι
752 2321 853 2393 μὲν
874 2323 969 2377 τοῦ
1004 2325 1173 2397 πυρὸς
1202 2328 1302 2400 τήν
1346 2328 1646 2401 ἐνέργειαν,
1691 2331 1965 2404 ἄχρηστον
2009 2333 2070 2388 δέ

478 2413 630 2467 εστιν
661 2415 743 2479 εἰς
772 2417 881 2469 πᾶν
905 2417 1103 2486 ὁτιοῦν,
1135 2420 1282 2493 μόνῳ
1307 2421 1365 2475 δὲ
1393 2422 1528 2494 πυρὶ
1556 2424 1828 2497 χρήσιμος
1847 2442 1862 2457 ’
1893 2425 2069 2493 οὕτως

480 2506 642 2577 ὑμεῖς
671 2507 780 2562 τῶν
807 2509 1076 2565 πλείστων
1119 2513 1518 2586 ἀναιρεθέντων
1563 2517 1645 2582 εἰς
1682 2518 2069 2590 αἰχμαλωσίαν

480 2599 838 2670 ἐπαγόμενοι,
869 2603 1054 2675 πάσης
1099 2605 1198 2673 μὲν
1214 2605 1260 2638 ⁸⁸
1292 2606 1576 2680 δυνάμεως
1613 2610 2068 2685 γυμνωθήσεσθε,

480 2690 563 2755 εἰς
591 2691 840 2747 δουλείαν
877 2694 934 2748 δὲ
976 2697 1147 2768 μόνην
1183 2698 1476 2771 ἐπιτήδειοι
1504 2703 1781 2772 φανεῖσθε.

557 2781 647 2853 ιβ’.
696 2803 716 2836 ι
745 2785 1048 2853 Διά,τοῦτο
1072 2788 1215 2843 οὕτω
1248 2793 1461 2861 ποιήσω
1489 2811 1593 2860 σοι,
1632 2795 1852 2868 Ἰσραήλ
1879 2813 1894 2830 ν
1929 2797 2070 2871 πλὴν

446 2908 452 2914 -
481 2874 626 2930 οὕτω
653 2879 864 2948 ποιήσω
894 2897 996 2934 σοι.
1029 2900 1049 2933 ι
1086 2882 1226 2935 Ἀλλ’
1254 2884 1404 2953 ὅμως
1424 2885 1518 2939 καὶ
1545 2888 1827 2958 ἀνήκεστα
1851 2892 2070 2948 νοσοῦσι

480 2964 584 3036 τὴν
614 2969 1003 3041 προσήκουσαν
1028 2973 1160 3043 ὑμῖν
1195 2972 1493 3046 θεραπείαν
1522 2981 1821 3051 προσοίσω.

2171 1967 2365 2024 fecerit
2417 1968 2740 2041 designans,
2797 1971 2895 2026 sed
2935 1972 3093 2042 quasi
3131 1971 3199 2027 de
3230 1972 3328 2027 illo
3380 1972 3452 2027 ita
3508 1973 3762 2043 loquens.

2176 2079 2196 2113 ι
2234 2059 2301 2114 Et
2334 2060 2465 2116 facti
2500 2062 2657 2127 estis,
2686 2063 2885 2134 inquit,
2912 2063 3058 2119 sicut
3088 2063 3258 2119 torris
3280 2073 3474 2119 erutus
3498 2078 3565 2119 ex
3599 2064 3762 2134 igne:

2169 2157 2226 2206 et
2261 2140 2441 2206 nesic
2470 2153 2699 2223 quidem
2723 2153 2979 2209 conversi
3011 2154 3148 2208 estis
3182 2154 3249 2209 ad
3289 2171 3397 2220 me,
3418 2154 3554 2209 dicit
3581 2153 3767 2209 Domi.

2169 2258 2296 2298 nus.
2323 2243 2836 2309 rQuemadmodum
2869 2246 3016 2299 enim
3056 2246 3224 2301 torris
3255 2247 3580 2313 semiustus,
3618 2244 3764 2315 ignis

2168 2334 2388 2407 quidem
2425 2335 2722 2393 efﬁcaciam
2751 2339 3013 2403 ostendit,
3052 2338 3147 2395 sed
3176 2341 3243 2395 ad
3296 2341 3404 2394 alia
3460 2339 3645 2393 omnia
3682 2339 3769 2392 in-

2171 2426 2349 2493 utilis,
2368 2427 2436 2481 ad
2456 2428 2634 2483 solum
2667 2428 2849 2498 ignem
2881 2430 3038 2486 utilis
3069 2439 3154 2487 est
3185 2445 3201 2485 :
3251 2431 3335 2488 sic
3365 2447 3484 2497 vos,
3516 2430 3769 2502 plurimis

2168 2516 2351 2579 caesis,
2378 2516 2432 2570 in
2455 2518 2831 2587 captivitatem
2860 2519 3109 2586 abducti,
3135 2521 3286 2575 omni
3320 2525 3335 2541 '
3368 2521 3615 2591 potentia
3638 2536 3769 2590 spo-

2169 2606 2462 2674 liabimini,
2485 2621 2539 2664 et
2565 2609 2634 2665 ad
2665 2612 2843 2666 solam
2871 2613 3198 2669 servitutem
3223 2614 3335 2684 apti
3370 2612 3553 2669 eritis.

2245 2783 2410 2840 Vens.
2448 2784 2536 2839 12.
2573 2802 2590 2836 ι
2618 2784 2914 2855 Pronterea
2948 2787 3030 2842 sic
3063 2786 3261 2841 faciam
3293 2787 3415 2851 tibi,
3448 2786 3651 2852 Israel;
3679 2802 3771 2840 ve-

2172 2885 2485 2932 rumtamen
2515 2878 2597 2932 sic
2622 2875 2821 2931 faciam
2851 2878 2971 2933 tibi.
3006 2897 3023 2930 ι
3056 2877 3176 2933 Etsi
3207 2877 3596 2933 immedicabili
3621 2891 3770 2930 mor-

2173 2968 2247 3023 bo
2298 2968 2585 3034 laboratis,
2632 2968 2850 3041 1428
2902 2979 3085 3026 tamen
3136 2984 3438 3040 congruam
3472 2969 3631 3024 vobis
3676 2984 3772 3022 cu-

2176 3059 2452 3115 rationem
2485 3060 2733 3116 afferam.

2254 3194 2272 3228 ι
2314 3174 2658 3244 Ρηεριιτετε,
2714 3182 2775 3228 ut
2830 3174 3056 3230 invoces
3118 3173 3289 3229 Deum
3357 3179 3537 3239 tuum,
3578 3169 3770 3227 Israel.

446 3250 453 3253 1
562 3187 582 3221 ι
621 3169 942 3241 Ἑτοιμάζου
971 3171 1351 3227 ἐπικαλεῖσθαι
1385 3175 1477 3229 τὸν
1504 3175 1635 3229 Θεόν
1664 3193 1786 3255 σου,
1829 3179 2071 3252 Ἰσραήλ.
2101 3209 2147 3268 c

488 3264 654 3334 (ιγ’.)
692 3264 836 3319 Διότι
864 3266 911 3298 "°
958 3265 1068 3321 ἱδοὸ
1121 3269 1358 3340 στερεῶν
1410 3268 1675 3341 βροντὴν,
1727 3272 1821 3325 καὶ
1874 3272 2075 3338 κτίζων

2183 3267 2379 3338 (Vens;
2413 3267 2520 3331 l5.)
2558 3266 2697 3332 Quia
2732 3282 2863 3322 ecce
2906 3266 3131 3323 ﬁrmans
3168 3264 3405 3331 tonitru,
3464 3274 3518 3319 et
3574 3278 3773 3318 creans

487 3353 731 3426 πνεῦμα,
765 3357 857 3412 καὶ
883 3358 1247 3427 ἀπαγγέλλων
1276 3362 1357 3424 εἰς
1384 3361 1706 3433 ἀνθρώπους
1725 3363 1819 3418 τὸν
1841 3365 2077 3435 Χριστὸν

2182 3370 2431 3424 ventum,
2472 3367 2531 3414 et
2583 3358 2927 3414 annuntians
2978 3356 3124 3412 inter
3183 3356 3437 3412 homines
3488 3354 3772 3409 Christum

488 3445 697 3500 αὖτοῦο
750 3448 921 3503 ποιῶν
967 3449 1164 3522 ὄρθρον
1193 3453 1288 3506 καὶ
1334 3451 1588 3525 ὁμίχλην,
1640 3453 1736 3507 καὶ
1783 3456 2077 3512 ἐπιϐαίνων

2182 3464 2369 3516 suum,
2418 3447 2629 3504 faciens
2679 3462 2842 3502 mane
2886 3453 2942 3502 et
2985 3445 3310 3518 caliginem,
3356 3451 3413 3500 et
3465 3445 3775 3499 ascendens

489 3537 674 3610 ὑψηλά
695 3541 739 3572 ⁷⁸
773 3541 876 3613 τῆς
904 3540 1028 3613 γῆς,
1075 3542 1281 3615 Κύριος
1305 3544 1334 3597 ό
1361 3544 1514 3612 Θεὸς,
1549 3548 1578 3600 ὁ
1596 3546 1643 3579 η
1676 3545 2079 3622 Παντοκράτωρ

485 3629 663 3701 ὄνομα
694 3631 865 3704 αὐτῷ.
900 3651 919 3684 ι
959 3633 1177 3708 Ταύτης
1205 3636 1387 3691 τοίνυν
1416 3636 1752 3707 ἀπαλλαγεὶς
1780 3637 1883 3705 τῆς
1909 3640 2080 3695 ἀναλ-

489 3720 709 3792 γησίας,
744 3716 790 3777 ὧ
832 3722 1069 3797 Ἰσραὴλ,
1103 3726 1196 3780 τὸν
1225 3726 1592 3799 ἐπικληθέντα
1635 3745 1729 3781 σου
1789 3728 1922 3784 Θεὸν
1960 3731 2084 3784 ἐπι-

494 3812 748 3885 ζήτησον,
792 3814 850 3879 ὃς
883 3814 980 3869 τοῦ
1023 3816 1186 3890 ἀέρος
1215 3817 1282 3879 τὸ,
1305 3818 1474 3889 μανὸν
1515 3819 1608 3872 καὶ
1650 3817 1851 3890 χαῦνον
1880 3821 1963 3886 εἰς
1994 3821 2086 3876 τὸν

498 3906 742 3978 φρικώδη
779 3908 880 3978 τῆς
923 3907 1154 3981 βροντῆς
1203 3910 1534 3982 μεταϐάλλει
1584 3911 1815 3981 κτύπον,
1860 3912 1950 3967 διὰ
1976 3912 2088 3967 τῶν

497 3996 590 4052 ὑπ’
618 3998 784 4054 αὑτοῦ
817 4000 1202 4072 γεγενημένων
1231 4003 1449 4074 ἀνέμων
1474 4003 1663 4058 τοῦτον
1692 4004 1965 4059 ἀνακινῶν
1990 4005 2087 4060 καὶ

499 4091 838 4163 συστρέφων.
862 4084 1032 4157 Οὗτός
1057 4110 1139 4147 σοι
1171 4093 1265 4148 καὶ
1290 4093 1383 4147 τὸν
1411 4095 1491 4159 εἰς
1518 4094 1618 4165 τὴν
1645 4094 1745 4165 σὴν
1771 4093 2088 4167 ἐλευθερίαν

496 4182 882 4254 ἀφωρισμένον
926 4185 1122 4258 μηνύει
1161 4184 1387 4255 βασιλέα
1413 4200 1426 4215 ·
1468 4186 1620 4256 λέγει
1648 4187 1706 4240 δὲ
1748 4185 1848 4258 τὸν
1872 4185 2087 4258 Κύρον.

505 4276 715 4350 Ῥᾴδιον
738 4277 796 4332 δὲ
825 4276 992 4351 αύτῷ,
1027 4277 1123 4332 καὶ
1146 4276 1286 4349 μετά
1318 4276 1489 4332 νύκτα
1512 4276 1731 4349 βαθεῖαν
1752 4278 1980 4348 ἀγαγεῖν
1998 4278 2090 4334 τὸν

495 4367 713 4441 ὄρθρον,
755 4369 852 4425 καίΙ
903 4369 1023 4441 μεθ’
1066 4368 1283 4440 ἡμέραν
1329 4369 1528 4441 ὁμίχλῃ
1581 4368 1788 4441 κρῠψαι
1835 4368 1898 4423 τὸ
1950 4369 2088 4439 φῶς.

2181 3560 2351 3615 super
2392 3544 2610 3600 excelsa
2664 3549 2857 3606 terrae,
2902 3538 3169 3594 Dominus
3217 3536 3385 3604 Deus,
3412 3534 3775 3606 Omnipotens

2188 3652 2391 3693 nomen
2421 3636 2562 3706 ejus.
2605 3654 2624 3688 ι
2658 3634 2742 3689 Ab
2773 3633 2879 3688 hoc
2912 3633 3101 3702 itaque
3121 3638 3345 3702 stupore
3378 3638 3434 3684 et
3469 3626 3777 3683 indolentia

2188 3727 2482 3791 liberatus,
2539 3740 2573 3780 ο
2602 3722 2795 3791 Israel,
2829 3721 3001 3778 Deum
3033 3721 3127 3793 qui
3158 3729 3289 3776 tuus
3335 3718 3646 3791 appellatur
3685 3732 3775 3772 re—

2190 3820 2371 3892 quire,
2401 3818 2499 3892 qui
2533 3832 2721 3874 aerem
2748 3831 2943 3872 rarum
2966 3824 3019 3870 et
3046 3813 3270 3871 mollem
3295 3811 3350 3867 in
3380 3811 3622 3867 sonitum
3648 3808 3780 3865 bor-

2188 3913 2375 3970 ribilis
2411 3911 2625 3966 tonitru
2665 3909 2967 3976 convertit,
2992 3921 3058 3962 ac
3092 3904 3278 3961 ventis
3311 3905 3406 3975 qui
3459 3919 3526 3959 ex
3559 3917 3625 3957 eo
3676 3917 3778 3958 ex-

2188 4004 2394 4061 sistunt
2426 4003 2608 4072 ipsum
2632 4006 2945 4056 commovet
2969 4006 3025 4055 et
3056 4004 3261 4054 versat.
3284 3995 3336 4052 ls
3365 3996 3463 4051 tibi
3497 3993 3780 4066 regemad

2189 4104 2245 4152 te
2295 4093 2645 4151 liberandum
2690 4091 2965 4148 delectum
3012 4089 3274 4145 ostendit.
3329 4086 3535 4159 Cyrum
3592 4094 3777 4142 autem

2190 4186 2469 4256 intelligit.
2501 4183 2601 4240 Est
2630 4191 2815 4238 autem
2844 4182 2923 4237 illi
2959 4180 3244 4253 perfacile,
3290 4187 3346 4235 et
3385 4187 3511 4251 post
3556 4185 3779 4234 noctem

2192 4281 2493 4336 obscuram
2542 4275 2853 4332 diluculum
2883 4274 3215 4347 producere,
3255 4281 3310 4328 et
3347 4287 3445 4343 per
3467 4271 3613 4326 diem
3645 4269 3781 4326 cali—

2193 4373 2320 4445 gine
2358 4371 2539 4427 lucem
2573 4369 2854 4440 obtegere.
2884 4365 3366 4435 Quemadmodum
3410 4363 3676 4437 ergotibi
3725 4362 3782 4417 in

495 4460 765 4534 Καθάπερ
807 4456 902 4515 οὖν
941 4463 1000 4515 ὲν
1030 4460 1271 4533 σταθερᾷ
1329 4478 1411 4515 σοι
1442 4462 1764 4534 μεσημϐρίᾳ
1799 4460 2077 4533 καθημένη

2197 4465 2380 4522 medio
2432 4462 2523 4520 die
2550 4462 2865 4519 constituto
2920 4460 3074 4535 (huic
3104 4460 3256 4518 enim
3296 4459 3497 4517 similis
3527 4467 3626 4514 est.
3648 4467 3780 4531 pax)

497 4550 694 4626 (ταύτῃ
740 4552 851 4624 γάρ
895 4551 1071 4609 ἔοικεν
1101 4555 1136 4626 ή
1161 4553 1403 4626 εἰρήνη),
1442 4553 1544 4625 τὴν
1575 4552 1677 4624 τῆς
1707 4552 2077 4625 αἰχμαλωσίας

2193 4557 2533 4632 captivitatis
2577 4555 2872 4628 caliginem
2903 4554 3158 4612 invexit:
3196 4554 3280 4609 sic
3329 4551 3618 4609 servitutis
3682 4566 3783 4606 no-

496 4644 730 4717 ἇμίχλην
767 4646 1049 4719 ἐπήγαγεν
1076 4662 1091 4677 ⁶
1138 4645 1282 4700 οὕτω
1312 4648 1411 4719 τῆς
1453 4644 1695 4710 δουλείας
1725 4644 2086 4712 καταπαύσας

496 4734 596 4808 τὴν
629 4736 822 4802 νύκτα,
866 4738 958 4792 τὸν
987 4738 1205 4810 ἥδιστον
1233 4738 1333 4809 τῆς
1371 4735 1684 4808 ἐλευθερίας
1711 4728 1909 4809 ὄρθρον
1949 4739 2087 4792 ἀνα-

497 4828 671 4884 τεῖλαι
702 4829 998 4887 κελεύει⁷⁸.
1047 4849 1066 4883 ι
1103 4829 1408 4887 Ἐπιϐαίνει
1434 4830 1545 4903 γὰρ
1573 4832 1669 4884 ἐπὶ
1695 4832 1766 4885 τὰ
1787 4829 1967 4905 ὑψηλά
1987 4831 2089 4901 τῆς

499 4923 605 4995 γῆς
625 4942 640 4957 ο
683 4942 704 4977 ι
773 4925 1057 4992 τουτέστι,
1106 4925 1326 4980 πάντων
1367 4924 1516 4980 ἐστὶν
1573 4924 1940 4997 ὑψηλότατος,
1992 4924 2091 4980 καί⁵

502 5016 686 5070 πᾶσαν
711 5015 813 5089 τὴν
844 5015 1172 5088 οἰκουμένην
1198 5016 1417 5088 πληροῖ,
1451 5016 1548 5070 ἅτε
1575 5015 1641 5087 δὴ
1663 5015 1869 5086 Κύριος
1892 5014 1969 5069 ῶν
1993 5016 2092 5069 καὶ

500 5106 657 5173 Θεὸς,
684 5108 830 5164 κατά
854 5109 1074 5164 πάντων
1095 5107 1235 5179 ἔχων
1253 5109 1315 5163 τὸ
1343 5108 1566 5180 κράτος.
1601 5109 1758 5162 Οὕτω
1780 5108 1849 5161 τὰ
1870 5106 2090 5189 θυμήρη

507 5199 775 5272 μηνύσας,
809 5201 893 5266 εἰς
921 5200 1180 5255 τάναντία
1217 5200 1518 5273 μεταφέρει
1548 5200 1641 5255 τὸν
1674 5198 1855 5268 λόγον,
1885 5198 2094 5263 τούτοις

2195 4660 2338 4708 ctem
2364 4663 2590 4706 cessare
2623 4647 2861 4717 faciens,
2889 4646 3237 4704 laetissimum
3264 4644 3539 4701 libertatis
3562 4644 3784 4700 dilucu-

2198 4745 2312 4799 lum
2355 4739 2563 4798 exoriri
2606 4739 2782 4812 jubet.
2812 4758 2833 4792 ι
2873 4737 3139 4796 Ascendit
3171 4740 3320 4794 enim
3357 4751 3526 4808 super
3567 4737 3785 4792 excelsa

2199 4841 2397 4892 teme:
2434 4852 2453 4886 ι
2503 4832 2608 4888 hoc
2639 4839 2746 4897 est,
2777 4830 3024 4887 omnium
3052 4840 3136 4887 est
3172 4829 3612 4897 excelsissimus,
3662 4845 3786 4883 om-

2198 4937 2439 4994 nemque
2477 4921 2671 4977 orbem
2723 4930 2997 4975 terrarum
3028 4920 3237 4990 implet,
3275 4926 3467 4990 utpote
3518 4916 3788 4973 Dominus

2198 5020 2255 5070 et
2293 5012 2463 5080 Deus,
2494 5011 2744 5067 omnium
2776 5025 2964 5067 rerum
3016 5010 3308 5081 imperium
3341 5018 3557 5066 tenens.
3583 5009 3785 5080 Atque,

2199 5107 2277 5162 ita
2302 5104 2596 5177 explicatis
2624 5102 2908 5176 prosperis
2937 5111 2993 5159 et
3030 5102 3294 5159 secundis
3321 5102 3510 5167 rebus,
3548 5102 3616 5156 ad
3660 5118 3792 5157 con-

2202 5197 2374 5255 traria
2408 5195 2681 5251 convertit
2709 5209 3046 5261 sermonem,
3095 5194 3180 5250 bis
3217 5193 3706 5266 perterrefaciens,
3736 5198 3793 5247 et

508 5290 611 5361 μὲν
639 5291 843 5361 φοϐῶν,
880 5290 1228 5362 ψυχαγωγῶν
1272 5289 1333 5345 δὴ
1370 5289 1623 5357 ἐκείνοις,
1670 5288 1769 5343 καλ⁵
1804 5288 2077 5360 προσέχειι

2204 5290 2316 5347 illis
2365 5286 2687 5355 consolans,
2717 5286 3072 5359 eﬂiciensque
3120 5297 3183 5343 ut
3216 5285 3556 5360 pcenitentiae
3582 5300 3650 5341 ex
3673 5285 3793 5339 ani-

506 5381 764 5457 ὲκθύμως
802 5385 872 5455 τῇ
908 5384 1167 5456 μετανοίᾳ
1199 5380 1665 5456 παρασκευάζων.

2204 5396 2297 5437 mo
2335 5383 2467 5436 dent
2495 5393 2743 5450 operam.

1823 5564 2060 5622 VARUE
2118 5561 2531 5622 LECTIONES.

585 5724 633 5760 "
659 5741 824 5780 καυτ.
876 5725 1011 5783 ibid.

1097 5739 1250 5802 rgum.
1284 5723 1439 5802 om,
1462 5726 1492 5802 ‘_
1538 5719 1596 5802 ‘1
1621 5718 1728 5802 οἰχ.
1760 5719 2023 5802 (λειίχείιτεἰ
2048 5790 2063 5802 1
2095 5722 2142 5753 ⁸¹
2174 5718 2293 5802 μέν.
2336 5719 2461 5778 Des.
2493 5722 2551 5777 in
2580 5719 2642 5778 C.

2744 5720 2790 5752 '°
2814 5716 2969 5773 διότι.
2999 5713 3177 5781 Infra,
3213 5708 3439 5783 in‘dial.
3472 5711 3526 5767 3.
3577 5724 3631 5781 p.
3667 5709 3794 5765 330°

514 5791 688 5854 σιω.
718 5796 827 5868 leg.
1038 5780 1081 5829 ’ἶ
1114 5794 1157 5851 C
1185 5780 1336 5866 ὕψι-ιδ
1393 5793 1439 5828 ⁷⁵
1471 5791 1520 5848 6.
1558 5780 1763 5850 Desilit
1796 5780 1897 5849 C."
1937 5792 1984 5826 ⁷⁸
2005 5790 2084 5849 ω.
2118 5780 2387 5847 κελεύσει.
