4088 6438
514 360 643 424 Ῑίέ87

1139 472 1366 529 CAPUT
1405 472 1467 529 V.

588 559 760 617 Vsus.
832 564 897 628 l,
937 564 991 619 ‘2.
1044 583 1062 615 ‹
1133 566 1335 622 Audite
1389 567 1619 622 verbum
1685 565 1821 621 illud
1880 565 2097 621 Domini

517 652 804 723 planctum
849 671 1008 724 quem
1055 671 1157 726 ego
1188 657 1479 712 instituam
1521 674 1689 727 super
1726 673 1859 714 vos:
1894 656 2098 712 Domus

516 745 737 802 lsraelis
767 747 989 812 cecidit,
1025 763 1135 802 non
1172 748 1386 823 1429
1403 751 1645 822 amplius
1674 760 1948 821 resurget.
1980 750 2100 804 Vir-

515 851 584 906 go
621 844 800 892 autem
832 835 1053 892 lsraelis
1094 839 1339 908 proiecta
1362 851 1447 896 est
1476 857 1648 911 super
1676 853 1880 898 terram
1911 856 2096 906 suam,
2123 838 2132 845 ”

517 943 626 982 non
669 937 752 983 est
802 928 898 998 qui
941 928 1173 985 suscitet
1221 946 1365 986 eam.
1407 951 1426 984 ι
1474 931 1793 988 Misericors
1832 933 2100 988 Dominus

515 1018 657 1073 male
699 1017 932 1076 affectos
970 1027 1137 1091 atque
1177 1023 1450 1091 paenitere
1499 1025 1755 1080 nolentes
1783 1038 1894 1078 non
1948 1023 2102 1079 dedi-

513 1117 715 1179 gnatur
742 1110 1056 1166 lamentari.
1090 1114 1208 1169 Hoc
1226 1129 1357 1169 vero
1382 1132 1402 1173 :
1431 1113 1810 1181 Non-amplius
1831 1124 2099 1185 resurget,

517 1201 661 1256 felici
690 1203 888 1256 nuntio
935 1203 1206 1259 libertatis
1244 1221 1355 1260 non
1397 1215 1483 1260 est
1513 1208 1880 1262 etmtrarium.
1919 1206 2101 1277 Signi-

518 1292 650 1347 ficat
684 1295 831 1348 enim
879 1293 998 1349 fore
1029 1303 1088 1350 ut
1126 1312 1236 1351 non
1268 1297 1505 1367 amplius
1530 1314 1626 1369 per
1653 1314 1785 1355 suos
1813 1309 2098 1368 regantur,

515 1401 695 1454 neque
731 1387 1016 1457 proprium
1046 1403 1230 1462 regem
1258 1389 1514 1445 habeant.
1565 1389 1620 1444 Si
1657 1391 1785 1460 quis
1816 1406 1946 1446 vero
1976 1391 2103 1444 dili-

515 1483 713 1547 genter
753 1477 1024 1544 attendat,
1071 1479 1321 1534 inveniet
1347 1480 1464 1535 haec
1495 1482 1749 1537 evenisse
1783 1492 1910 1552 post
1951 1483 2100 1537 insa-

512 1568 684 1632 niam,
718 1583 882 1638 quam
930 1570 986 1625 in
1022 1570 1364 1627 Salvatorem
1400 1582 1655 1627 nostrum
1693 1584 2096 1629 exercuerunt:

513 1653 532 1672 "
560 1668 692 1715 tunc
714 1663 861 1716 enim
893 1662 1233 1724 ceciderunt,
1259 1677 1323 1717 ac
1355 1663 1408 1717 in
1440 1664 1534 1719 illo
1567 1679 1699 1719 casu
1732 1665 1797 1719 ad
1829 1665 1975 1719 hunc
2006 1680 2102 1720 us-

514 1767 622 1822 que
652 1752 794 1807 diem
826 1755 1268 1824 permanserunt.
1325 1754 1594 1826 Virginem
1638 1765 1819 1810 autem
1852 1772 1972 1812 eam
2007 1772 2102 1812 vo-

512 1853 624 1911 cat,
667 1855 889 1917 propter
916 1847 1155 1917 priorem
1187 1849 1443 1918 pietatem
1473 1868 1485 1904 :
1526 1852 1824 1918 projectum
1857 1864 1990 1904 vero
2038 1861 2094 1906 et

511 1944 849 2006 corruptam,
915 1949 1136 2008 propter
1193 1939 1430 2007 cultum,
1489 1956 1648 2011 quem
1705 1939 1866 1996 idolis
1901 1949 2092 2011 postea

509 2029 725 2083 detulit.
751 2029 889 2084 Illud
913 2045 1078 2100 porro
1103 2048 1118 2088 :
1147 2029 1271 2086 Non
1295 2043 1372 2088 est
1393 2034 1483 2104 qui
1504 2034 1722 2088 suscitet
1747 2051 1884 2098 eant,
1908 2042 2093 2088 osten-

509 2120 609 2185 dit,
663 2121 817 2176 nullo
864 2122 1014 2177 illam
1057 2125 1306 2180 subsidio
1358 2125 1604 2181 humano
1655 2125 1771 2180 fore
1823 2126 2088 2196 adjutam.

513 2211 626 2265 Deo
657 2212 804 2267 enim
829 2214 1220 2272 universorum
1257 2225 1629 2288 repugnante,
1671 2233 1769 2272 nec
1803 2216 2092 2290 Egyptia-

511 2318 634 2356 rum
691 2319 806 2368 rex,
841 2321 942 2361 nec
988 2308 1133 2362 alius
1164 2308 1440 2378 quispiam
1467 2308 1545 2364 eis
1578 2309 1833 2363 auxiliari
1886 2310 2084 2380 potuit.

513 2390 848 2448 t‘rzenuutiat
878 2395 1040 2450 etiam
1068 2413 1258 2452 eorum
1293 2397 1537 2453 futuram
1555 2398 1912 2468 paucitatem.

582 2564 747 2621 Vens.
778 2566 914 2621 3.1n
946 2568 1081 2624 urbe
1113 2571 1281 2635 enim,
1324 2573 1424 2636 ait,
1461 2587 1493 2628 e
1518 2589 1624 2644 qua
1664 2574 2089 2647 egrediebantur

509 2659 679 2723 mille,
717 2660 1089 2730 relinquentur
1117 2672 1338 2719 centum
1368 2683 1380 2719 :
1411 2674 1466 2720 et
1504 2681 1534 2721 e
1579 2682 1687 2736 qua
1728 2667 2089 2739 egredieban-

509 2757 598 2802 tur
627 2758 881 2817 centum,_
907 2751 960 2805 in
992 2767 1056 2806 ea
1091 2754 1471 2824 relinquentur
1499 2756 1710 2812 decem.
1738 2777 1757 2810 ι
1805 2757 1883 2830 [4,
1911 2758 1982 2830 5]
2017 2759 2087 2814 At

507 2839 726 2894 tandem
759 2841 1076 2909 aliquando,
1119 2843 1307 2900 Betth
1341 2853 1395 2900 et
1427 2846 1650 2916 Galgala
1691 2848 2084 2918 relinquentes,

507 2930 1119 3001 cultumqueidolorum
1140 2951 1306 3005 prope
1328 2939 1882 3008 puteumjuramenti,
1907 2956 2082 2996 meam

505 3022 732 3089 quaerite
759 3023 1180 3090 providentiam.
1218 3026 1349 3080 lnde
1378 3028 1523 3082 enim
1559 3028 1723 3084 vitam
1777 3045 2082 3101 conseque-

507 3112 638 3216 mini
673 3131 686 3167 ε
716 3111 902 3216 Βειίιει
951 3122 1132 3216 autem
1166 3125 1220 3216 et
1258 3117 1479 3216 Ga‘lgala
1519 3120 1682 3174 simul
1737 3137 1862 3176 cum
1923 3122 2088 3179 idolis
2115 3156 2160 3216 ο

507 3200 791 3256 tradentur
843 3202 1114 3258 hostibus.
1173 3205 1458 3260 Manifesta
1504 3224 1635 3263 vero
1675 3210 1897 3264 insania
1949 3220 2087 3275 erat,

505 3309 614 3347 non
647 3294 826 3350 solum
857 3311 924 3351 ex
955 3303 1117 3364 puteo
1142 3297 1235 3352 illo
1285 3299 1504 3369 pietatis
1558 3300 1790 3356 Abrahae
1841 3319 1948 3358 non
1997 3319 2085 3358 re-

504 3385 747 3452 cordari,
780 3384 876 3442 sed
911 3387 1077 3443 etiam
1114 3388 1258 3459 apud
1306 3407 1430 3445 eum
1463 3391 1801 3462 impietatem
1835 3394 2089 3450 commit-

504 3485 638 3531 tere.

576 3565 953 3638 1&30Vsns.
976 3566 1030 3622 6.
1064 3587 1082 3619 ι
1112 3568 1352 3635 Quaerite
1370 3570 1684 3647 Dominum,
1710 3580 1764 3628 et
1785 3576 2000 3642 vivetis,
2023 3591 2094 3632 ne

504 3657 644 3712 forte
661 3658 901 3713 reluceat
916 3665 976 3712 ut
991 3658 1134 3727 ignis
1157 3659 1354 3715 domus
1375 3659 1620 3730 Josephi,
1638 3670 1694 3717 et
1709 3662 1930 3719 devoret
1945 3680 2087 3731 eam,

503 3758 557 3802 et
595 3763 706 3802 non
753 3748 824 3802 sit
851 3749 944 3818 qui
987 3749 1301 3818 exstinguat
1335 3751 1523 3805 domui
1553 3752 1796 3809 Israelis.
1836 3774 1853 3806 ι
1894 3754 1968 3809 Ex
2003 3756 2090 3812 his

505 3849 692 3909 aperte
724 3840 1112 3908 cognoscimus
1143 3842 1290 3909 quod
1337 3851 1620 3912 peccatum
1647 3846 1806 3901 nobis
1832 3847 2088 3902 incendat

505 3934 778 3987 ﬂanimam
803 3933 1096 3997 malorum,
1129 3948 1285 3988 amor
1322 3949 1453 3991 vero
1485 3944 1540 3992 et
1572 3935 1802 3995 affectus
1831 3939 1885 3993 in
1918 3938 2089 3994 Deum

505 4023 670 4076 vitam
713 4023 870 4079 nobis
909 4023 1184 4078 conciliet.

574 4111 741 4169 Vsus.
768 4111 823 4168 7.
855 4131 874 4164 ι
901 4112 1163 4168 Dominus
1192 4113 1442 4184 quifacit
1464 4114 1519 4170 in
1542 4116 1763 4172 excelso
1788 4117 2084 4187 judicium,

503 4205 845 4276 etjustitiam
877 4207 932 4260 in
975 4213 1124 4264 terra
1173 4208 1377 4279 posuit.
1421 4226 1442 4260 ι
1497 4207 1653 4274 Quod
1697 4209 1800 4264 sibi
1840 4210 2084 4274 videtur,

503 4297 697 4368 inquit,
729 4298 977 4352 decernit
1015 4313 1140 4353 cum
1175 4300 1247 4355 sit
1279 4300 1484 4371 justus,
1533 4310 1585 4356 et
1625 4301 1831 4370 judicia
1861 4303 1981 4372 ejus
2029 4302 2086 4359 in

503 4399 648 4444 terra
691 4390 1017 4458 perficiuntu
1027 4406 1071 4445 r.

1523 359 2005 426 TIIEODORETI
2042 357 2378 420 EPISCOPI
2403 363 2765 425 CYRENSIS

2121 471 2172 529 Δ

3635 365 3750 430 1688

2759 474 2937 527 ΚΕΦΑ
2945 473 3154 528 AAION
3183 474 3260 528 E'.

2269 567 2340 625 α’,
2370 561 2436 632 β’.
2487 581 2506 614 ι
2549 563 2843 618 Ἀκούσατε
2885 565 2978 620 τὸν
3027 565 3183 634 λόγον
3223 565 3435 637 Κυρίου
3474 569 3668 632 τοῦτον,
3702 572 3750 625 ὃν

2201 652 2311 722 ἐγὼ
2351 653 2612 724 λαμϐάνω
2652 657 2738 724 ἐφ’
2777 657 2922 726 ὑμᾶς
2958 657 3190 728 θρῆνονο
3245 653 3410 720 Οἶκος
3435 657 3523 712 τοῦ
3562 662 3752 733 Ἰσραὴλ

2201 743 2416 810 ἔπεσεν,
2449 746 2634 800 οὐκέτι
2657 749 2720 801 οὐ
2754 748 2829 818 μὴ
2861 749 3075 819 προσθῇ
3116 747 3209 800 τοῦ
3255 749 3570 820 ἀναστῆναι.
3619 752 3754 824 Παρ-

2201 835 2351 899 θένος
2399 837 2457 891 δὲ
2505 837 2598 890 τοῦ
2638 840 2853 910 Ἰσραὴλ
2899 839 3128 908 ἔσφαλεν
3160 839 3256 892 ἐπὶ
3285 839 3388 910 τῆς
3433 839 3534 910 γῆς
3561 841 3750 910 αύτῆςο

2199 927 2299 982 οὐκ
2328 925 2475 982 ἐστιν
2507 929 2535 980 6
2559 928 2797 982 ἀνιστῶν.
2815 930 3004 1000 αὐτήν.
3033 948 3052 982 ι
3089 929 3476 1000 Φιλανθρωπίᾳ
3502 929 3756 1002 χρώμενος

2199 1019 2229 1070 6
2256 1018 2535 1087 Δεσπότης
2574 1019 2695 1073 ούδέ
2740 1019 2934 1091 θρῆνον
2976 1021 3224 1090 ὑφαίνειν
3272 1025 3614 1090 παραιτεῖται
3657 1026 3756 1088 τοῖς

2201 1109 2390 1171 κακῶς
2419 1108 2801 1180 διακειμένοις,
2831 1111 2928 1165 καὶ
2962 1115 3245 1182 μετανοεῖν
3281 1113 3385 1166 οὐκ
3408 1112 3658 1168 ἐθέλουσι.
3691 1115 3755 1168 Τὸ

2200 1198 2293 1265 δὲ,
2339 1199 2550 1254 Οὐκέτι
2594 1202 2666 1256 οὐ
2713 1201 2798 1271 μὴ
2843 1201 3080 1270 προσθῇ
3132 1201 3241 1256 τοῦ
3291 1201 3642 1271 ἀναστῆναι,
3667 1204 3755 1258 ούκ

2201 1291 2442 1346 ἐναντίον
2472 1295 2584 1356 τοίς
2619 1292 2720 1362 τῆς
2755 1293 3069 1364 ἐλευθερίας
3100 1293 3467 1365 εραγγελίοις.
3515 1295 3754 1365 Σημαίνει

2201 1381 2310 1452 γὰρ
2344 1381 2419 1444 ὡς
2441 1383 2622 1437 οὐκέτι
2648 1384 2767 1438 καθ’
2797 1385 3022 1448 ἑαυτοὺς
3047 1381 3483 1451 πολιτεύσονται,
3504 1386 3620 1441 ούδέ
3641 1388 3763 1440 ἴδιον.

2203 1474 2460 1543 σχήσουσι
2482 1472 2724 1543 βασιλέα.
2761 1475 2823 1528 Et
2849 1475 2907 1528 δέ
2932 1493 3014 1539 τις
3031 1476 3279 1546 ἀκριϐῶς
3310 1481 3566 1549 προσχεῖν
3585 1479 3754 1543 ἐθελή-

2203 1578 2368 1627 σειεν,
2405 1565 2628 1635 εὑρήσει
2677 1566 2882 1618 τούτων
2926 1568 3026 1637 τὴν
3071 1567 3297 1623 ἔκϐασιν
3336 1571 3475 1640 μετὰ
3501 1571 3592 1641 τὴν
3633 1572 3755 1626 κατὰ

2201 1653 2295 1707 τοῦ
2328 1655 2582 1726 Σωτῆρος
2605 1656 2761 1726 ἡμῶν
2797 1657 2993 1728 μανίαν
3018 1675 3032 1688 '
3060 1660 3365 1728 τηνικαῦτα
3391 1661 3498 1732 γὰρ
3522 1662 3754 1727 πεσόντες

2206 1748 2541 1817 μεμενήκασι
2589 1750 2749 1819 μέχρι
2785 1749 2881 1803 καὶ
2912 1752 3149 1820 τήμερον
3195 1752 3291 1804 ἐπὶ
3334 1752 3431 1805 τοῦ
3469 1753 3757 1824 πτώματος,

2203 1838 2508 1905 Παρθένον
2535 1840 2592 1894 δὲ
2619 1841 2795 1909 αὐτὴν
2833 1841 3005 1906 καλεῖ,
3040 1842 3129 1896 διὰ
3166 1844 3268 1914 τὴν
3303 1845 3573 1915 προτέραν
3614 1845 3752 1898 εὐσέ-

2198 1929 2352 1982 ϐειαν
2379 1946 2392 1960 ·
2425 1930 2716 2000 σφαλεῖσαν
2741 1932 2798 1986 δὲ
2830 1934 2925 1987 καὶ
2955 1933 3370 2006 διαφθαρεῖσαν,
3399 1935 3484 1989 διὰ
3511 1935 3605 2004 τὴν
3633 1935 3752 2005 μετὰ

2195 2019 2370 2074 ταῦτα
2401 2021 2511 2076 τῶν
2548 2022 2780 2079 εἰδώλων
2823 2024 3125 2096 λατρείαν.⁸
3146 2025 3219 2078 Τὸ
3251 2025 3342 2090 δὲ,
3374 2027 3496 2079 Οὐκ
3542 2025 3700 2080 ἐστιν
3723 2029 3751 2080 ό

2196 2109 2462 2165 ἀνιστῶν
2512 2111 2741 2181 αὐτὴν,
2790 2113 2849 2166 τὸ
2895 2113 3166 2184 μηδεμιᾶς
3208 2113 3381 2183 αὐτὴν
3431 2113 3750 2183 ἀνθρωπίνης

2197 2203 2517 2274 ἐπικουρίας
2543 2204 2848 2259 ἀπολαῦσαι
2884 2206 3140 2274 σημαίνει
3165 2221 3178 2236 ·
3237 2204 3334 2258 τοῦ
3359 2203 3494 2258 Θεοῦ
3521 2203 3626 2274 γὰρ
3655 2204 3750 2257 τῶν

2195 2293 2333 2348 ὅλων
2359 2296 2775 2366 ἁνθισταμένου,
2803 2296 2928 2351 οὕτε
2957 2299 2985 2350 ὁ
3027 2298 3344 2366 Αεγυπτίων
3386 2297 3568 2360 αὐτοῖς
3611 2295 3749 2365 βασι-

2193 2384 2339 2449 λεὺς,
2370 2384 2481 2439 οὒτ’
2511 2386 2669 2451 ἄλλος
2696 2405 2779 2451 τις
2811 2388 3031 2458 ἴσχυσεν
3071 2387 3374 2458 ἐπαμῦναι.
3408 2384 3750 2457 Προαγορεύει

2192 2475 2250 2530 δὲ
2280 2476 2371 2530 καὶ
2400 2476 2498 2548 τὴν
2530 2477 2797 2549 ἐσομένην
2825 2477 3002 2531 αὐτῶν
3028 2477 3337 2547 ὀλιγότητα.

2263 2572 2328 2634 γ’.
2389 2583 2408 2618 ‹
2447 2565 2514 2620 Ἠ
2558 2567 2709 2629 πόλις
2759 2567 2887 2638 γὰρ,
2929 2566 3116 2637 φησὶν,
3153 2567 3277 2618 ὅθεν
3307 2566 3356 2598 ’⁷⁸
3394 2562 3756 2635 ἐξεπορεύοντο-

2195 2658 2377 2729 χί).ιοι,
2414 2658 2903 2730 ὑπολειφθήσονται
2951 2659 3175 2722 ἑκατὸν,
3228 2659 3326 2711 καὶ
3373 2656 3434 2722 ἐξ
3475 2651 3542 2728 ἧς
3583 2655 3748 2719 ἐξεπο-

2197 2747 2414 2820 ρεύοντο
2458 2750 2675 2813 ἑκατὸν,
2713 2749 3195 2820 ύπολειφθήσονται
3243 2748 3398 2804 δέκα.
3429 2765 3449 2798 ›
3500 2745 3632 2801 Ἀλλ’
3662 2743 3746 2814 ὀψὲ

2192 2839 2322 2908 γοῦν
2345 2857 2473 2893 ποτε
2493 2842 2592 2911 τὴν
2617 2841 2819 2912 Βαιοὴλ
2842 2841 2934 2894 καὶ
2960 2841 3056 2911 τὴν
3086 2839 3337 2908 Γάλγαλα
3361 2837 3752 2901 καταλιπόντες,

2192 2933 2290 2986 καὶ
2312 2932 2411 3003 τὴν
2443 2933 2596 3005 παρὰ
2628 2934 2688 2987 τὸ
2713 2935 2886 3007 φρέαρ
2914 2933 3008 2987 σοῦ
3044 2935 3206 3004 ὅρκου
3253 2932 3364 2987 τῶν
3405 2931 3629 2986 εἰδώλων
3659 2929 3742 2984 λα·-

2192 3024 2400 3094 τρείαν,
2434 3024 2532 3096 τὴν
2567 3026 2706 3096 ἐμὴν
2731 3025 3097 3096 ἐπιζητήσατε
3126 3025 3384 3096 πρόνοιαν
3420 3041 3436 3057 ⁸
3491 3023 3628 3092 ζωὴν
3653 3021 3745 3088 γὰρ

2193 3115 2442 3172 ἐντεῦθεν
2471 3117 2762 3186 ποριεῖσθε.
2817 3116 3016 3188 Βαιθὴλ
3045 3117 3101 3170 δὲ
3129 3117 3222 3170 καὶ
3253 3115 3504 3185 Γάλγαλα
3533 3114 3622 3166 σὺν
3649 3112 3742 3171 τοῖς

2191 3207 2428 3271 εἰδώλοις
2465 3211 2576 3270 τοῖς
2623 3209 2900 3279 πολεμίοις
2945 3208 3434 3279 παραδοθήσονται.
3484 3203 3656 3259 Μανία
3695 3200 3741 3254 δὲ

2193 3298 2390 3369 σαφὴς,
2418 3298 2479 3350 τὸ
2507 3299 2580 3368 μὴ
2623 3300 2782 3369 μόνον
2826 3302 2924 3368 τῆς
2966 3299 3062 3352 τοῦ
3101 3298 3354 3370 Ἀϐραὰμ
3386 3293 3655 3356 εὐσεϐείας
3686 3291 3741 3342 ὲκ

2189 3389 2284 3444 τοῦ
2318 3391 2549 3462 φρέατος
2598 3391 2807 3444 ἐκείνου
2857 3390 2931 3461 μὴ
2967 3389 3421 3462 παραλαμϐάνειν
3446 3387 3490 3419 ⁷⁸
3520 3384 3736 3456 μνήμην,

2193 3482 2330 3536 ἀλλὰ
2358 3484 2453 3537 καὶ
2483 3483 2611 3554 παρ’
2640 3485 2818 3537 ἐκεῖνο
2845 3482 3050 3553 τολμᾷν
3077 3483 3176 3554 τὴν
3202 3482 3479 3536 ἀσέϐειαν.

2277 3579 2350 3637 ς’.
2412 3592 2430 3624 ι
2473 3573 2842 3644 Ἐκζητήσατε
2892 3574 2982 3626 τὸν
3029 3573 3255 3645 Κύριον,
3313 3575 3410 3627 καὶ
3458 3566 3736 3642 ζήσεσθετβ,

2191 3665 2338 3728 ὅπως
2367 3664 2442 3736 μὴ
2465 3665 2760 3737 ἀναλάμψει
2783 3665 2859 3730 ὡς
2883 3665 2995 3736 πῦρ.
3013 3668 3040 3719 ὁ
3058 3659 3206 3729 οἶκος
3241 3665 3461 3736 Ἰωσὴφ,
3486 3662 3576 3716 καὶ
3597 3674 3737 3725 κατα-

2194 3754 2344 3826 φάγῃ
2373 3755 2556 3818 αὑτὸν,
2603 3757 2695 3810 καὶ
2722 3756 2820 3810 οὐκ
2853 3756 3002 3808 ἔσται
3035 3758 3063 3809 ὁ
3114 3755 3322 3810 σϐἐσων
3357 3755 3434 3824 τῷ
3481 3754 3606 3821 οἴκῳ
3655 3749 3738 3800 Ίσ-

2196 3847 2352 3918 ραήλ.
2389 3867 2407 3898 ι
2438 3846 2626 3915 Σαφῶς
2655 3849 2717 3900 ἐκ
2739 3847 2942 3903 τούτων
2978 3847 3341 3919 μανθάνομεν,
3368 3847 3442 3910 ὠς
3467 3847 3498 3916 ή
3523 3839 3745 3913 ἁμαρτία

2192 3937 2322 4007 ἡμῖν
2359 3937 2580 4004 ἐξάπτει
2607 3937 2703 4010 τὴν
2739 3938 2913 4007 φλόγα
2946 3938 3056 3994 τῶν
3083 3939 3271 3993 κακῶν
3296 3955 3310 3969 °
3360 3940 3394 4008 ἡ
3425 3937 3480 3990 δὲ
3507 3933 3628 4004 περὶ
3661 3929 3738 3982 τὸν

2191 4027 2324 4081 Θεὸν
2350 4029 2572 4100 στοργὴ,
2613 4030 2705 4083 καὶ
2737 4029 2996 4094 διάθεσις,
3027 4029 3167 4100 ζωὴν
3184 4031 3224 4100 ’ἡ
3235 4031 3325 4100 μῖν
3357 4023 3612 4100 προξενεῖ.

2261 4118 2326 4183 ζ’.
2375 4139 2394 4172 ι
2420 4119 2682 4191 Κύριοςττ
2707 4122 2734 4173 6
2766 4120 2933 4176 ποιῶν
2959 4123 3039 4184 είς
3068 4119 3200 4190 ὕψος
3230 4123 3425 4192 κρῖμα,
3449 4118 3538 4172 καὶ
3560 4117 3736 4169 δικαιοτ

2193 4208 2358 4278 σύνην
2381 4209 2460 4273 εἰς
2482 4209 2589 4278 γῆν
2617 4208 2803 4279 ἔθηκε.
2838 4227 2858 4259 ›
2887 4208 3218 4279 Ψηφίζεται,
3252 4207 3436 4279 φησὶν,
3467 4205 3494 4258 ὃ
3517 4201 3734 4274 βούλεται

2189 4299 2397 4364 δίκαιος
2427 4299 2527 4368 ὢν,
2560 4299 2658 4353 καὶ
2687 4301 2861 4370 πέρας
2910 4301 2968 4353 ἐν
3000 4303 3067 4373 τῇ
3106 4303 3182 4376 γῇ
3226 4300 3296 4353 τὰ
3336 4297 3618 4372 κρινόμενα
3657 4287 3734 4341 δέ·

2191 4407 2366 4461 χεται.

574 4479 741 4536 Vsns.
774 4480 828 4535 8.
866 4500 884 4534 ι
912 4482 1015 4548 Qui
1047 4482 1176 4537 facit
1213 4484 1422 4548 omnia,
1475 4493 1528 4538 et
1579 4485 1963 4551 transformat,
2023 4495 2079 4542 et

2257 4491 2326 4554 η’.
2373 4502 2393 4535 ‹
2427 4483 2487 4536 '0
2521 4482 2688 4537 ποιῶν
2725 4483 2921 4549 πάντα,
2956 4484 3048 4537 καὶ
3080 4480 3515 4554 μετασκευὰζων,
3545 4474 3630 4529 καὶ
3654 4472 3732 4574 ἐκ·

503 4571 772 4626 convertit
807 4572 862 4626 in
897 4588 1057 4628 mane
1085 4573 1336 4628 umbram
1367 4575 1582 4640 mortis,
1634 4585 1687 4630 et
1729 4576 1873 4632 diem
1922 4579 2083 4646 quasi

2195 4575 2406 4645 τρέπων
2435 4576 2516 4637 είς
2555 4575 2616 4627 τὸ
2649 4573 2792 4644 πρωῒ
2827 4574 2985 4630 σκιὰν
3016 4575 3270 4638 θανάτου,
3318 4572 3411 4626 καὶ
3436 4567 3637 4638 ἡμέραν
3665 4567 3732 4617 εἰς

504 4673 720 4721 noctem
767 4666 1090 4722 obtenebrat
1125 4687 1138 4724 :
1188 4669 1283 4738 qui
1327 4678 1517 4724 evocat
1561 4683 1757 4740 aquam
1807 4673 1998 4735 maris,
2030 4679 2084 4727 et

503 4756 736 4811 effundit
783 4773 905 4812 eam
960 4773 1130 4830 super
1175 4758 1368 4815 faciem
1415 4761 1902 4825 terrae;Dominus
1940 4761 2086 4818 Deus

505 4847 852 4917 omnipotens
881 4864 1082 4906 nomen
1111 4853 1251 4920 ejus.
1283 4869 1301 4902 ι
1324 4850 1613 4918 Confidite,
1638 4853 1835 4922 inquit,
1867 4853 1956 4910 Dei
1987 4871 2088 4926 po-

507 4939 711 5004 testati,
739 4950 793 4994 et
817 4940 960 4996 hanc
994 4955 1146 5011 spem
1179 4942 1593 5012 amplectimini.
1629 4942 1810 5000 Facile
1837 4945 1984 5001 enim
2032 4955 2090 5003 et

507 5029 637 5085 facit
665 5039 719 5085 et
749 5033 1103 5089 transformat
1129 5037 1272 5105 quod
1308 5037 1442 5103 vult,
1484 5037 1752 5108 facileque
1797 5047 1880 5095 est
1921 5041 1970 5095 ei
2001 5043 2088 5097 vel

509 5119 748 5172 maxima
791 5121 1035 5188 pericula
1079 5123 1133 5176 in
1174 5125 1416 5179 lzetitiam
1455 5127 1775 5182 transferre.
1839 5128 2092 5185 Umbram

511 5206 657 5260 enim
689 5208 872 5261 mortis
907 5224 1100 5279 magna
1135 5211 1394 5283 :pericula
1439 5217 1760 5272 nominavit.
1812 5215 2088 5276 Felicl‘ous

510 5296 676 5350 etiam
707 5293 868 5352 facile
889 5297 1135 5356 miserias
1161 5302 1361 5360 inferre
1393 5315 1589 5374 potest.
1625 5306 1768 5373 Quin
1795 5315 1848 5362 et
1893 5323 2092 5377 aquam

513 5385 682 5440 maris
707 5394 845 5440 nutu
873 5399 974 5441 suo
997 5385 1051 5438 in
1093 5404 1270 5444 aerem
1319 5393 1653 5462 subvehens,
1687 5395 1929 5452 nubibus
1963 5399 2091 5453 irri-

2191 4665 2362 4719 νύκτα
2396 4665 2740 4730 συσκοτάζων
2763 4682 2776 4696 ·
2823 4667 2852 4718 6
2894 4662 3369 4736 προσκαλούμενος
3400 4659 3459 4712 τὸ
3492 4656 3625 4722 ὕδωρ
3649 4647 3732 4714 τῆς

2195 4756 2492 4827 θαλάσσης,
2527 4758 2622 4815 καὶ
2645 4755 2850 4826 ἐκχὲων
2882 4755 3012 4809 αὐτὸ
3035 4755 3126 4807 ἐπὶ
3156 4755 3442 4825 πρόσωπον
3461 4747 3553 4816 τῆς
3571 4737 3728 4812 γῆς⁷⁸ν

2195 4847 2400 4918 Κύριος
2445 4850 2474 4901 6
2525 4848 2657 4912 Θεὸς
2709 4849 2738 4901 6
2786 4846 3183 4917 παντοκράτωρ
3241 4845 3409 4915 ὄνομα
3453 4829 3676 4894 aurati".
3711 4845 3726 4875 ι

2193 4939 2537 5011 Θαρῤήσατε,
2573 4940 2727 5010 φησὶ,
2759 4941 2826 5011 τῇ
2855 4939 2947 4992 τοῦ
2987 4936 3121 4991 Θεοῦ
3151 4937 3394 5006 δυνάμει,
3439 4929 3528 4984 καὶ
3553 4922 3729 4986 ταύτης

2191 5030 2380 5102 ἔχεσθε
2413 5029 2514 5107 τῆς
2561 5030 2795 5094 ἐλπίδος.
2826 5029 3086 5092 Εὑπετιῖιξ
3118 5028 3226 5097 γὰρ
3254 5027 3347 5081 καὶ
3375 5022 3514 5114 Mter
3540 5015 3623 5114 ,φὶ

2191 5105 2517 5186 τασκευάζει
2566 5121 2596 5174 ὃ
2634 5121 2901 5192 βούλεται,
2953 5121 3049 5174 καὶ
3097 5119 3275 5191 ῥᾴδιον
3324 5112 3466 5183 αὐτῷ
3496 5107 3582 5162 καὶ
3619 5105 3725 5192 τοξδς

2196 5216 2484 5286 μεγίστους
2506 5187 2783 5276 κινδύνους
2805 5215 2886 5276 εις
2912 5187 3176 5283 εὐθυμίαν
3205 5204 3534 5280 μεταϐαλεῖν.
3566 5187 3726 5250 Σκιὰν

2189 5306 2298 5377 γὰρ
2339 5304 2599 5362 θανάτου
2642 5305 2770 5367 τοὺς
2817 5304 3087 5374 μεγάλους
3135 5300 3411 5361 κινδύνους
3450 5289 3718 5377 ὠνόμασεν.

2189 5374 2462 5470 Εὐμαρῶς
2513 5398 2569 5451 δὲ
2611 5400 2845 5462 καὶτοῖς
2883 5399 2942 5452 ἐν
2981 5396 3249 5468 εὐημερίᾳ
3289 5383 3606 5458 δυσπραξίαν
3642 5374 3723 5424 ἐπ’

1673 5563 1677 5569 ’
1785 5551 2020 5608 VARle
2057 5551 2464 5612 LECTIONES.

613 5654 659 5685 ﬂ
691 5651 771 5705 ὅθ.
795 5651 847 5724 -Λ
966 5646 1051 5724 ἧς.

1154 5655 1201 5726 ⁷²ξ
1229 5655 1282 5726 (ἶῇ
1315 5653 1378 5706 λα
1389 5656 1628 5726 μϐάνειν.

516 5739 700 5794 praem.
737 5721 934 5793 πάσης.

1009 5726 1051 5756 ⁷³
1072 5726 1116 5778 Λ
1146 5723 1311 5795 αὐτῷ.

1737 5663 1782 5694 ⁷⁸
1814 5663 1859 5718 Α
1898 5662 2120 5735 ζήσατε.

2218 5663 2424 5736 ",de.
2457 5665 2584 5722 Des.
2616 5663 2772 5741 i_n_A.
2849 5665 2895 5698 τε
2931 5681 2975 5718 τ,
3009 5664 3130 5736 γῆς,
3179 5661 3354 5733 supra
3395 5663 3432 5710 ι,
3469 5651 3509 5718 ι,
3541 5661 3589 5716 ρ,
3629 5633 3714 5691 809
