4088 6406
331 365 477 431 1689

1685 372 1766 432 ΙΝ
1800 373 2002 432 AMOS
2043 374 2202 435 CAP.
2243 375 2312 436 ν.

3483 331 3618 432 ιθθῡ

327 485 514 555 άγειν.
570 486 681 540 Καὶ
728 485 914 555 μέντοι
963 486 1057 540 καὶ
1084 487 1145 539 τὸ
1179 486 1465 542 θαλάττιον
1513 486 1655 559 ὓδωρ
1707 487 1928 560 νεύματι

2034 499 2124 565 gat
2157 498 2381 546 terram.
2419 491 2563 548 Deus
2593 490 2738 546 enim
2781 497 2866 549 est
2895 499 2948 548 et
2998 487 3244 547 omnium
3279 502 3475 544 rerum.
3517 486 3621 538 Βυ-

325 578 577 632 ἁνέλκων
604 580 682 642 είς
703 578 795 632 τὸν
827 579 986 650 ἀέρα,
1021 579 1172 649 ἄρδει
1202 579 1300 652 τὴν
1334 580 1440 650 γῆν
1469 580 1558 634 διὰ
1581 580 1692 634 τῶν
1715 580 1888 650 νεφῶν
1907 598 1921 611 ο

324 669 468 735 Θεὸς
501 671 610 743 γάρ
649 673 788 735 ἐστι,
825 671 922 724 καὶ
949 671 1059 726 τῶν
1089 671 1346 725 ἀπάντων
1373 672 1673 742 Δεσπότης.

405 783 473 836 θ’.
518 803 536 835 ι
571 783 629 837 Ὁ
662 782 886 852 διαιρῶν
920 782 1259 854 συντριμμὺν
1287 785 1381 838 ἐπὶ
1409 786 1585 855 ἰσχὺν,
1617 786 1712 840 καὶ
1737 785 1925 842 ταλαι-

322 873 552 946 πωρίαν
579 874 671 926 ἐπὶ
703 873 969 944 ὀχύρωμα
1001 875 1243 943 ἐπάγων.
1276 894 1296 928 ι
1329 877 1486 930 Μετά
1517 876 1717 948 πολλῆς
1741 877 1799 932 δὲ
1825 878 1926 949 τῆς

323 964 607 1029 εὐκολίας,
655 964 750 1018 καὶ
797 965 926 1029 τοὺς
968 963 1341 1036 ἠσθενηκότας
1387 966 1482 1018 ἐπὶ
1514 967 1614 1038 τὴν
1651 967 1925 1039 προτέραν

327 1056 494 1126 ἰσχὺν
520 1053 806 1125 ἐπανάγει,
832 1053 925 1112 καὶ
944 1054 1290 1127 ταλαιπωρίᾳ
1315 1056 1442 1122 τοὺς
1468 1057 1720 1128 ἰσχυροὺς
1745 1074 1925 1127 παρα-

319 1146 546 1202 δίδωσι.

406 1264 462 1314 t'.
503 1278 524 1310 ι
559 1254 863 1328 Ἐμίσησαν
892 1257 951 1310 ὲν
989 1254 1190 1320 πύλαις
1217 1256 1591 1328 ὲλέγχονταδο,
1631 1257 1727 1312 καὶ
1766 1257 1924 1328 λόγον

317 1353 480 1408 ὅσιον
506 1350 874 1414 έδδελύξαντο.
905 1368 924 1401 ι
959 1351 1120 1414 Ἐθος
1144 1345 1213 1422 ἦν
1240 1353 1352 1414 τοῖς
1383 1350 1653 1418 παλαιοῖς,
1681 1351 1757 1416 ὥς
1779 1353 1924 1416 τινές

319 1453 494 1506 φασι,
524 1436 654 1508 περί
683 1437 782 1499 τὰς
815 1436 988 1500 πύλας
1021 1439 1150 1502 τοὺς
1188 1438 1480 1507 συλλόγους
1506 1441 1801 1506 ποιεῖσθαι,
1830 1441 1924 1495 καὶ

317 1530 401 1583 τά
433 1529 711 1600 συνέδρια.
768 1528 938 1585 Ἔνθα
971 1528 1153 1583 τοίνυν
1202 1529 1639 1602 συνηθροίζοντο,
1686 1535 1802 1586 ἐκεῖ
1831 1535 1925 1586 καὶ

318 1623 460 1686 τοὺς
494 1621 750 1692 ἐλέγχους
802 1623 851 1674 οἱ
891 1622 1168 1692 προφῆται
1219 1622 1559 1695 προσέφερον
1587 1640 1601 1654 ο
1651 1623 1768 1678 ἀλλ’
1807 1625 1922 1678 ἀδι-

319 1713 484 1776 κίαις
518 1713 612 1766 καὶ
638 1713 1008 1784 παρανομίαις
1043 1711 1341 1777 συζῶντες,
1373 1711 1496 1768 οὔτε
1523 1716 1634 1777 τοῖς
1660 1715 1761 1786 τῆς
1787 1715 1921 1785 ἀληο

321 1806 488 1869 θείας
541 1809 831 1876 προσεῖχον
891 1806 1166 1876 ἐλέγχοις,
1225 1804 1349 1860 οὔτε
1419 1806 1512 1860 τὸν
1567 1807 1662 1862 τοῦ
1711 1807 1920 1862 δικαίου

321 1899 728 1969 προσεδέχοντο
769 1897 946 1966 λόγον.
1007 1897 1225 1970 Ἐπειδὴ
1269 1897 1450 1953 τοίνυν
1478 1899 1574 1955 καὶ
1602 1899 1776 1955 ταῦτα
1806 1903 1921 1973 εἰρ-

319 1989 592 2058 γάζεσθε,
623 1992 716 2044 καὶ
744 1989 881 2062 πρὸς
905 1989 1136 2054 τούτοις,
1169 1990 1296 2054 τοὺς
1326 1991 1488 2064 πενία
1522 1993 1920 2064 κατεχομένους

323 2081 435 2136 καὶ
480 2082 621 2152 χειρὶ
651 2083 744 2135 καὶ
776 2080 990 2154 γλώττῃ
1041 2083 1429 2153 παροινοῦντες
1466 2084 1776 2151 διετελεῖτε,
1822 2084 1921 2139 καὶ

321 2173 632 2244 δωροδοκίᾳ
664 2174 943 2244 χαίροντες
991 2174 1353 2237 ἑσπουδάζετε
1394 2176 1581 2253 κακῶς
1614 2175 1799 2241 αὔξειν
1830 2177 1924 2230 τὸν

323 2265 588 2328 πλοῦτον.
617 2265 937 2334 γινώσκετε,
973 2266 1047 2330 ὡς
1077 2265 1201 2322 οὔτε
1237 2269 1295 2320 ἐν
1339 2270 1462 2332 ταῖς
1505 2263 1563 2322 εὖ
1615 2269 1709 2322 καὶ
1741 2269 1924 2333 καλῶς

323 2356 427 2426 ὑφ’
466 2355 622 2426 ὑμῶν
665 2355 1007 2425 ἡσκημέναις
1060 2355 1154 2408 καὶ
1199 2354 1640 2425 κεκοσμημέναις
1672 2356 1922 2425 οἰκήσετε

321 2449 558 2514 οἰκίαις,
589 2447 712 2505 οὔτε
739 2449 865 2510 τοὺς
905 2447 994 2516 ὑφ’
1029 2446 1183 2518 ὑμῶν
1218 2446 1356 2517 μετά
1381 2446 1581 2517 πολλῆς
1604 2447 1923 2517 ἐπιμελείας

322 2540 702 2612 φυτευθέντας
730 2538 1062 2611 ἀμπελῶνας
1089 2539 1395 2609 τρυγήσετε
1418 2555 1434 2571 ο
1467 2539 1784 2608 ἀφαιρεῖται
1813 2536 1921 2607 γάρ

324 2633 481 2701 ὑμεῖς
527 2629 627 2702 τὴν
672 2629 879 2683 τούτων
936 2628 1238 2683 ἀπόλαυσιν
1296 2630 1330 2698 ή
1379 2626 1482 2694 τῆς
1527 2626 1780 2690 ἀσεϐείας
1826 2627 1922 2681 καὶ

321 2722 687 2793 παρανομίας
736 2720 1010 2793 ὑπερϐολή
1045 2736 1058 2751 °
1120 2721 1374 2772 ἐπατεῖτε
1421 2719 1531 2790 γὰρ
1578 2718 1640 2773 τὸ
1689 2718 1918 2784 δίκαιον,

319 2815 483 2886 δῶρα
519 2814 620 2885 μὲν
663 2813 815 2884 παρὰ
846 2813 954 2868 τῶν
998 2813 1386 2884 δυνατωτέρων
1425 2811 1819 2882 λαμϐάνοντες,
1865 2812 1924 2863 ὲν

319 2910 389 2963 δὲ
420 2906 503 2978 τῷ
534 2905 776 2972 δικάζειν
813 2906 938 2969 τοὺς
972 2906 1213 2976 πένητας
1237 2903 1680 2974 κατακρίνοντες.

406 3027 500 3087 ιγ’.
531 3038 550 3072 ι
575 3019 672 3073 Διά
701 3020 860 3073 τοῦτο
881 3021 908 3073 ὁ
940 3017 1140 3073 συνιὼν
1157 3019 1216 3070 ὲν
1248 3017 1326 3088 τῷ
1357 3016 1536 3089 καιρῷ
1565 3015 1762 3087 ἐκείνῳ
1795 3031 1927 3068 σιω-

323 3113 594 3184 πήσεται,
623 3113 705 3165 ὅτι
735 3114 763 3165 ό
794 3111 986 3182 καιρὸς
1023 3110 1259 3181 πονηρός
1297 3111 1433 3163 ἐστι.
1472 3127 1491 3161 ι
1521 3107 1771 3178 Πᾶςῖγάρ
1805 3105 1928 3177 ὲχέ-

2028 585 2234 640 minus.

2097 783 2264 840 Vens.
2295 785 2349 841 9.
2385 801 2403 836 ι
2429 781 2532 850 Qui
2564 779 2758 837 dividit
2799 777 3186 835 contritionem
3230 789 3397 848 super
3449 773 3617 826 robur

2025 880 2082 934 et
2129 875 2408 932 miseriam
2452 890 2621 945 super
2666 873 3028 928 munitionem
3084 869 3330 926 adducit.
3369 885 3387 917 ι
3453 863 3622 919 Nullo

2027 979 2210 1026 autem
2238 969 2460 1040 negotio
2480 969 2789 1024 inﬁrmatos
2811 967 2877 1021 ad
2899 965 3191 1036 pristinum
3217 963 3385 1016 robur
3405 957 3629 1023 educit,~

2024 1073 2080 1119 et
2110 1061 2368 1118 robustos
2395 1061 2451 1116 in
2479 1073 2753 1116 aerumnas
2790 1057 2998 1128 dejicit.

2096 1285 2264 1342 Vens.
2285 1285 2374 1340 10.
2403 1304 2421 1337 ‹
2446 1285 2581 1340 Odio
2608 1283 2924 1340 habuerunt
2945 1280 3001 1335 in
3025 1282 3044 1304 θ
3069 1278 3243 1350 portis
3270 1284 3610 1348 arguentem,

2023 1388 2078 1435 et
2097 1379 2323 1436 verbum
2352 1385 2603 1433 sanctum
2640 1373 2940 1432 abominati
2975 1384 3124 1428 sunt.
3159 1389 3176 1422 ι
3221 1370 3283 1424 in
3313 1382 3464 1422 more
3493 1374 3614 1426 erat

2024 1472 2287 1543 antiquis,
2321 1479 2382 1526 ut
2433 1469 2688 1525 nonnulli
2733 1467 2938 1531 ferunt,
2977 1471 3281 1520 conventus
3320 1459 3386 1513 ad
3429 1464 3632 1528 portas.

2024 1562 2227 1618 habere
2266 1560 2474 1632 15.31
2515 1566 2568 1615 et
2600 1558 2854 1613 concilia.
2900 1555 3004 1612 Ubi
3047 1568 3177 1624 ergo
3210 1547 3617 1620 congregaban-

2023 1661 2136 1720 tur,
2188 1653 2262 1708 ibi
2305 1664 2358 1708 et
2395 1651 2672 1722 propheta:
2714 1647 3176 1718 reprehensiones
3226 1640 3605 1713 proferebant.

2025 1747 2130 1802 Sed
2167 1745 2262 1816 qui
2290 1743 2492 1813 injuste
2517 1757 2580 1797 ac
2611 1741 2779 1812 impie
2811 1738 3090 1802 vivebant,
3117 1749 3219 1790 nec
3255 1733 3403 1788 veris
3424 1730 3612 1800 objur-

1953 1862 1994 1916 Β
2023 1838 2334 1910 gationihus
2359 1834 2832 1905 obtemperabant,
2865 1846 2966 1887 nec
2993 1829 3128 1900 justi
3170 1825 3342 1883 verba
3379 1822 3611 1892 recipie-

2022 1932 2176 1987 bant.
2246 1930 2360 2002 [Η.
2397 1927 2514 2000 1‘2]
2558 1927 2697 1984 Cum
2752 1927 2938 1995 itaque
2988 1931 3042 1979 et
3067 1914 3193 1976 haec
3249 1917 3498 1990 egeritis,
3555 1919 3612 1970 et

2023 2037 2295 2095 pauperes
2343 2029 2609 2091 praeterea
2661 2031 2824 2072 manu
2867 2030 2933 2070 ae
2979 2015 3167 2085 lingua
3212 2007 3612 2066 contumeliose

2023 2112 2369 2184 acceperitis,
2408 2120 2522 2167 tum
2574 2123 2862 2165 munerum
2917 2104 3252 2176 corruptelis
3287 2101 3621 2172 gaudentes,

2024 2207 2314 2263 facultates
2338 2212 2553 2261 vestras
2577 2217 2858 2273 perperam
2897 2215 3099 2270 augere
3121 2195 3467 2258 studueritis,
3499 2193 3611 2248 sei-

2022 2306 2134 2354 tote
2161 2297 2278 2352 fore
2306 2303 2368 2351 ut
2395 2309 2503 2351 non
2535 2292 2793 2348 habitetis
2843 2291 2898 2346 in
2927 2289 3205 2353 domibus,
3228 2301 3369 2358 quas
3389 2283 3529 2339 belle
3559 2287 3614 2337 et

2023 2388 2614 2460 pulchreinstruxistis
2640 2395 2696 2441 et
2717 2385 2983 2450 ornastis,
3013 2397 3193 2453 neque
3223 2380 3437 2443 vineas,
3469 2389 3617 2447 quas

2024 2497 2223 2553 magno
2248 2480 2432 2536 studio
2455 2478 2764 2550 plantastis,
2787 2475 3132 2533 vindemietis
3160 2492 3173 2528 :
3206 2487 3328 2528 nam
3350 2471 3612 2526 immensa

2025 2575 2279 2646 impietas
2303 2583 2489 2629 vestra
2514 2580 2568 2627 et
2588 2571 2852 2641 iniquitas
2897 2569 3094 2623 borum
3115 2581 3216 2621 usu
3239 2577 3336 2625 vos
3355 2557 3610 2631 prirabit.

2024 2666 2406 2723 Conculcastis
2422 2665 2566 2720 enim
2586 2662 2880 2734 justitiam,
2911 2673 3139 2715 munera
3159 2672 3188 2710 a
3213 2649 3619 2726 potentioribus

2027 2758 2386 2828 accipientes,
2403 2771 2672 2827 pauperes
2690 2753 2917 2826 judiciis
2937 2751 3136 2807 vestris
3157 2746 3613 2805 condemnantes.

2103 3036 2271 3091 Vens.
2303 3036 2388 3090 1⁵5.
2431 3054 2450 3086 ι
2484 3034 2610 3089 Ideo
2637 3032 2730 3104 qui
2763 3027 3045 3100 intelligit,
3090 3033 3342 3094 tempore
3381 3020 3475 3074 illo
3547 3016 3621 3073 si-

2032 3129 2183 3192 lebit,
2219 3128 2349 3198 quia
2373 3134 2592 3195 tempus
2629 3123 2834 3178 malum
2872 3129 2978 3176 est.
3025 3139 3044 3172 ι
3079 3116 3272 3172 Omnis
3306 3113 3455 3170 enim
3489 3124 3620 3180 pru-

319 3222 512 3277 φρων,
549 3204 644 3257 καὶ
688 3203 750 3257 τὸ
795 3203 914 3257 δέον
973 3203 1205 3257 συνιδεῖν
1253 3201 1572 3271 δυνάμενος,
1628 3199 1772 3270 ὁρῶν
1817 3197 1928 3251 τῶν

2030 3221 2189 3287 dens,
2219 3197 2429 3290 quique
2458 3219 2756 3272 honestum
2784 3212 3127 3284 [intelligere
3176 3213 3380 3280 potest,
3438 3201 3617 3256 malo—

318 3297 696 3367 ἐπαγομένων
749 3298 877 3368 ὑμῖν
896 3298 941 3329 ⁸¹
992 3295 1180 3360 κακῶν
1207 3293 1270 3347 τὸ
1319 3294 1499 3363 νέφος,
1543 3291 1795 3364 τεθηπὼς
1836 3291 1930 3346 καὶ

319 3391 638 3462 θαυμάζων
661 3390 724 3443 τὸ
758 3390 858 3460 τῆς
892 3390 1255 3462 προρρήσεως
1300 3386 1552 3456 ἀψευδὲς,
1597 3384 1928 3455 φθέγξασθαι

317 3487 490 3544 οὐδὲν
521 3485 579 3552 ἐξ
601 3483 842 3554 ἀθυμίας
865 3484 1174 3554 δυνήσεται.

407 3579 492 3641 ιδ’,
527 3584 610 3632 ιε’.
643 3597 661 3629 ι
713 3576 1087 3648 Ἐκζητήσατε
1140 3569 1235 3629 οὖν
1275 3574 1338 3628 τδ
1390 3571 1581 3635 καλὸν,
1636 3570 1733 3624 καὶ
1766 3567 1932 3642 μὴτὸ

323 3671 601 3742 πονηρὸν,
633 3671 782 3733 ὅπως
819 3669 1046 3740 ζήσητε,
1075 3669 1169 3722 κα)⁹
1203 3667 1358 3722 ἔσται
1393 3664 1538 3719 οὕτω
1568 3663 1684 3735 μεθ’
1719 3660 1934 3733 ύμῶν⁸²

324 3764 595 3833 Κύριοςὸ
637 3762 768 3824 Θεὸς
807 3761 836 3813 ὁ
887 3750 1310 3833 παντοκράτωρ,
1366 3758 1426 3813 ὃν
1457 3757 1660 3828 τρόπον
1713 3754 1931 3810 εἴπατε“

329 3857 741 3927 Μεμισήκαμεν
768 3854 838 3908 τὰ
865 3853 1096 3925 πονηρὰ,
1127 3854 1220 3906 καὶ
1249 3852 1624 3922 ἠγαπήκαμεν
1649 3849 1718 3903 τὰ
1748 3848 1890 3903 καλὰ
1917 3864 1932 3879 ⁸

331 3950 438 4004 καὶ
466 3949 953 4018 ἀποκαταστήσατε
981 3948 1043 3999 ἐν
1059 3945 1256 4008 πύλαις
1275 3946 1470 4015 κρῖμα,
1501 3943 1650 4004 ὅπως
1681 3941 1748 3993 ἂν
1778 3940 1934 4010 ὲλεή-

331 4057 411 4114 σῃ
465 4039 670 4110 Κύριος
703 4040 732 4093 ό
770 4038 904 4101 Θεὸς
961 4037 990 4089 ό
1044 4035 1446 4105 παντοκράτωρ
1494 4031 1622 4095 τοὺς
1686 4029 1938 4083 καταλοίο

324 4147 478 4192 πους
506 4128 601 4182 τοῦ
644 4129 864 4198 Ἰωσήφ.
899 4147 918 4179 ι
969 4123 1386 4186 Ἀκολουθείτω,
1415 4123 1571 4192 φησι,
1610 4122 1726 4182 τοῖς
1757 4117 1937 4186 λόγοις

322 4222 406 4278 ’τά
458 4220 620 4291 ἔργα,
663 4219 758 4274 καὶ
783 4220 1038 4290 λέγοντες
1071 4219 1205 4288 ὲρᾷν
1252 4215 1354 4287 μὲν
1398 4214 1508 4267 τῶν
1539 4211 1779 4281 ἀγαθῶν,
1820 4210 1936 4281 βδε-

324 4313 630 4372 λύττεσθαι
661 4314 844 4384 δὲτὴν
887 4312 1178 4384 πονηρίαν,
1228 4309 1376 4382 ἔργῳ
1427 4305 1635 4373 δείξατε
1679 4304 1780 4373 τὴν
1824 4301 1936 4356 τῶν

327 4410 527 4478 λόγων
578 4383 859 4478 ἀλήθειαν.
914 4383 1098 4458 Τοῦτο
1151 4402 1262 4474 γὰρ
1308 4383 1630 4462 ποιοῦντες,
1679 4393 1936 4462 τεύξεσθε

325 4499 497 4569 παρά
531 4497 628 4551 τοῦ
671 4495 810 4551 Θεοῦ
839 4496 948 4550 τῶν
1003 4496 1142 4549 ὅλων
1189 4493 1334 4562 ζωῆς
1360 4493 1428 4544 ⁸³.
1465 4489 1669 4542 Τούτου
1699 4487 1757 4539 δὲ
1804 4484 1934 4556 παρ’

327 4590 503 4662 ὑμῶν
554 4589 628 4660 μὴ
674 4587 1022 4659 γιγνομένου,
1067 4585 1256 4658 θρῆνοι
1299 4583 1395 4637 καὶ
1445 4579 1788 4650 ὀλοφύρσεις,
1843 4576 1940 4630 καὶ

326 4687 444 4747 τὰς
479 4682 763 4748 πλατείας,
797 4682 893 4737 καὶ
919 4681 1021 4746 τὰς
1051 4679 1204 4742 ὁδοὺς
1244 4675 1650 4746 καταλήψονται
1677 4690 1692 4704 ο
1734 4673 1813 4735 ὡς
1841 4671 1936 4725 καὶ

325 4779 473 4838 τοὺς
510 4773 785 4846 γηπόνους
835 4772 957 4827 ἀντὶ
1007 4771 1284 4842 γεωργίας
1337 4773 1404 4840 τῇ
1458 4766 1730 4839 θρηνῳδία
1763 4781 1936 4836 προσ-

329 4871 511 4940 ἐχειν.
551 4865 750 4923 Ἔσται
777 4866 834 4919 δὲ
872 4865 1042 4919 ταῦτα
1089 4863 1224 4936 ἐμοῦ
1264 4862 1552 4934 παρόντος,
1589 4857 1685 4915 κσίι
1714 4857 1814 4922 τὰς
1852 4874 1938 4915 τι·

335 4959 562 5034 μωρίας
594 4959 913 5028 ἐπάγοντος.

417 5058 512 5120 ιη’.
551 5071 569 5103 ι
597 5052 735 5106 Οὐαὶ
783 5053 830 5104 oi
880 5049 1274 5120 ἐπιθυμοῦντες
1313 5049 1415 5121 τὴν
1441 5047 1656 5118 ἡμέραν
1689 5043 1896 5114 Κυρίου
1917 5043 1940 5096 2·

337 5140 442 5198 καὶ⁵
461 5141 510 5173 ⁸⁸
534 5141 673 5196 ἱνατί
707 5143 835 5214 ὑμῖν
851 5141 896 5173 ⁸⁸
922 5140 1061 5210 αὕτη
1101 5141 1134 5210 ή
1170 5139 1354 5211 ἡμέρα
1384 5137 1592 5207 Κυρίου
1622 5155 1636 5202 ;
1674 5135 1768 5188 καὶ
1795 5134 1937 5203 αῦτη

333 5232 467 5288 ἐστὶ
497 5232 709 5297 σκότος,
745 5232 842 5285 καὶ
878 5233 938 5284 οὐ
979 5230 1119 5299 φῶς.
1158 5248 1177 5281 ι
1229 5227 1450 5299 Ἐπειδὴ
1476 5226 1586 5296 γὰρ
1616 5221 1757 5295 ἦσάν
1793 5240 1940 5286 τινες

337 5320 654 5392 θρασύτητι
718 5321 815 5374 καὶ
866 5320 1130 5390 αὐθαδείᾳ
1191 5315 1687 5388 συντεθραμμένοι,
1738 5313 1788 5366 οἳ
1827 5314 1941 5375 τοῖς

335 5415 714 5486 προφητικοῖς
740 5413 1106 5483 θεσπίσμασιν
1133 5410 1442 5481 ἀντέλεγον,
1467 5406 1871 5483 φρυαττόμενοι
1893 5405 1938 5436 ⁸⁸

2033 3329 2154 3368 rum
2206 3326 2327 3382 quae
2381 3310 2540 3366 vobis
2600 3308 2753 3362 illata
2812 3311 2963 3369 sunt,
3024 3301 3227 3356 nubem
3291 3308 3345 3352 et
3402 3294 3622 3363 cepiam

2031 3404 2248 3471 videns,
2282 3419 2408 3457 eum
2446 3409 2676 3470 stupore
2711 3397 2990 3453 admirans
3031 3389 3414 3464 przedictionis
3469 3385 3619 3440 veri-
3649 3381 3652 3384 ί

2034 3502 2227 3557 tatem,
2262 3508 2375 3564 pra:
2400 3490 2626 3546 tristitia
2662 3486 2816 3558 loqui
2850 3483 2988 3540 nihil
3014 3480 3234 3554 poterit.

2107 3586 2277 3643 Vens.
2317 3584 2521 3649 ΗΑΒ.
2571 3602 2590 3634 ‹
2623 3579 2866 3648 Quaerite
2921 3576 3090 3646 igitur
3137 3573 3343 3628 bonum
3399 3573 3455 3622 et
3510 3577 3622 3618 non

2037 3681 2263 3745 malum,
2295 3677 2594 3741 ulvivatis,
2629 3682 2683 3730 et
2717 3672 2798 3728 sic
2837 3670 2945 3726 erit
2976 3666 3243 3723 Dominus
3275 3663 3422 3717 Deus
3446 3658 3625 3713 onmi—

2036 3785 2233 3843 potens
2286 3771 2570 3826 vobiscum
2594 3811 2608 3834 ,
2637 3751 2789 3824 sicut
2840 3762 3062 3818 dixistis
3095 3776 3110 3813 :
3147 3757 3286 3813 Odio
3329 3752 3628 3809 habuimus

2037 3840 2205 3928 mala,
2237 3873 2292 3920 et
2313 3861 2794 3928 dileximusjbona
2851 3875 2865 3910 :
2905 3862 2960 3910 et
3007 3849 3285 3907 restituite
3335 3847 3393 3900 in
3448 3840 3624 3913 portis

2033 3954 2328 4024 judicium,
2357 3961 2420 4006 ut
2453 3952 2784 4006 misereatur
2813 3945 3084 4001 Dominus
3119 3942 3265 3996 Deus
3305 3950 3499 3992 eorum
3529 3931 3622 4002 qui

2038 4046 2234 4115 reliqui
2273 4051 2405 4100 sunt
2440 4042 2509 4097 de
2565 4039 2830 4108 Josepho.
2881 4056 2900 4089 ι
2967 4033 3184 4096 Verbis,
3224 4029 3424 4098 inquit,
3480 4024 3626 4079 facta

2037 4135 2431 4207 respondeant,
2457 4140 2512 4188 et
2532 4133 2626 4201 qui
2661 4126 2992 4201 proﬁtemini
3021 4139 3119 4180 vos
3144 4135 3332 4176 amare
3367 4121 3624 4180 honesta,

2035 4237 2092 4285 et
2124 4243 2156 4282 a
2181 4226 2332 4282 vitiis
2364 4224 2687 4286 abhorrere,
2725 4221 2909 4290 reipsa
2939 4216 3227 4272 veritatem
3263 4209 3478 4284 15.32
3504 4223 3628 4264 ver-

2038 4321 2233 4376 borum
2269 4315 2568 4372 ostendite.
2626 4312 2742 4369 Hoc
2773 4312 2922 4368 enim
2967 4308 3014 4365 si
3052 4305 3296 4370 faciatis,
3345 4304 3412 4357 ab
3447 4299 3628 4355 omni-

2039 4417 2266 4483 potente
2297 4409 2412 4462 Deo
2454 4407 2628 4460 vitam
2664 4401 3103 4474 consequcmini.
3158 4397 3272 4471 [l6,
3297 4395 3391 4468 l7]
3446 4394 3517 4447 At
3578 4393 3629 4448 si

2041 4517 2154 4557 non
2188 4499 2453 4563 feceritis,
2496 4498 2688 4566 platem
2731 4504 2786 4552 et
2813 4497 2918 4550 via:
2961 4492 3217 4549 lamentis
3249 4497 3304 4545 et
3332 4486 3635 4560 gemitibus.

1968 4560 2016 4618 Β
2043 4592 2420 4664 personabunt
2450 4608 2464 4644 :
2494 4589 2570 4644 ita
2603 4598 2664 4642 ut
2694 4587 2859 4642 etiam
2892 4584 3168 4657 agricolae,
3197 4593 3453 4650 agrorum
3476 4577 3632 4633 cultu

2044 4684 2283 4755 abjeeto,
2315 4681 2633 4752 planctibus
2667 4679 2781 4734 sint
2809 4677 3079 4731 vacaturi.
3115 4673 3243 4728 Haec
3277 4679 3460 4727 autem
3484 4683 3629 4742 pra:-

2044 4783 2202 4832 sente
2239 4788 2327 4829 me
2366 4772 2521 4840 ﬁent,
2551 4781 2609 4827 et
2639 4769 2914 4840 supplicia
2946 4767 3250 4837 inﬂigente.

2115 5032 2283 5090 Vens.
2325 5031 2414 5088 i8.
2453 5050 2474 5083 ‹
2507 5030 2600 5086 Vae
2664 5026 3112 5084 desiderantibus
3159 5023 3306 5078 diem
3362 5016 3634 5076 Domini!

2043 5127 2177 5198 quid
2216 5141 2351 5181 sane
2377 5124 2534 5180 vobis
2569 5122 2661 5178 hie
2700 5121 2823 5176 dies
2852 5117 3119 5174 Domini?
3147 5127 3204 5172 et
3245 5115 3294 5170 is
3346 5121 3433 5168 est
3478 5119 3632 5165 tene-

2044 5220 2188 5284 brae,
2250 5225 2306 5274 et
2364 5232 2475 5272 non
2546 5215 2662 5268 lux.
2701 5231 2720 5265 ι
2757 5212 2898 5268 Cum
2955 5213 3100 5266 enim
3158 5206 3385 5279 quidam
3443 5204 3632 5259 essent

2047 5311 2357 5367 temeritate
2386 5317 2441 5365 et
2477 5305 2822 5363 contumacia
2853 5303 3134 5369 innutriti,
3188 5301 3285 5373 qui
3332 5298 3633 5371 propheta-

2047 5417 2175 5458 rum
2237 5397 2732 5457 vaticinationibus
2785 5401 3182 5466 repugnarent,
3225 5393 3518 5448 frementes
3569 5383 3631 5440 in

1641 5560 1870 5617 VARUE
1910 5555 2324 5616 LECTIONES.

397 5681 472 5764 _“
498 5681 916 5764 C_tl§'7xov3a;.
950 5751 962 5764 _
991 5681 1312 5764 εξὶὑμκῡορ.
1347 5677 1502 5764 inﬁt}.
1564 5676 1745 5764 "tua?
1772 5676 1888 5764 ΔύᾼμΣ
1925 5675 1984 5762 In
2017 5677 2062 5728 Α
2085 5674 2311 5764 ponitur
2340 5679 2463 5764 post
2489 5670 2930 5764 ατιαντιοκρόιτωρ.ι
2985 5667 3034 5701 ⁸³
3059 5666 3224 5736 ζωῇς.
3251 5661 3332 5717 Ita
3359 5659 3414 5715 in
3438 5655 3482 5713 C
3516 5656 3622 5727 leg.

347 5741 529 5810 Simb-
549 5741 735 5828 ξωήῧΪ
791 5753 838 5787 ⁸⁸
870 5741 984 5808 καί.
1019 5741 1145 5811 θεὲ.
1167 5751 1225 5810 in
1255 5752 1326 5809 Α.
1401 5750 1445 5782 ³⁸
1481 5749 1580 5822 ὑμ.
1604 5741 1664 5805 [ti
1696 5745 1741 5803 A
1771 5741 1894 5818 post
1919 5744 2060 5820 αὕτη
2089 5741 2359 5817 ροιιὶιυικ⁷
2393 5744 2456 5818 ,³⁸
2485 5759 2583 5816 φρ.
2613 5743 2654 5800 C
2679 5741 2868 5814 praem.
2899 5741 3180 5806 ἀντικρυς.
