4088 6410
543 413 672 481 1691

1536 417 2024 481 THEODORETI
2045 417 2382 478 EPISCOPI
2413 420 2780 478 CYRENSIS

3673 413 3820 480 1692

541 550 657 601 eos,
686 543 742 590 et
788 535 929 591 falsa
960 535 1148 592 divina
1200 536 1425 592 oracula
1467 538 1799 605 vocitantes,
1860 547 1914 594 et
1981 554 2117 610 pne-

2236 529 2343 583 ιατ’
2378 530 2579 597 αὐτῶν,
2630 532 2723 583 καὶ
2756 529 2972 600 ψευδεῖς
3014 529 3416 592 ἀποκαλοῦντες
3447 529 3573 592 τοὺς
3632 529 3819 593 θείους

542 625 849 682 dictionum
880 636 1136 683 eventum
1167 630 1477 699 exigentes,
1508 645 1605 686 eos
1635 629 1902 686 Dominus
1939 632 2120 703 lacry-

543 719 648 773 mis
677 718 875 790 dignos
922 720 1018 782 ait,
1059 719 1155 790 qui
1208 721 1467 776 nimirum
1533 723 1793 780 tenebras
1852 741 1948 792 pro
1999 727 2124 782 luce

542 809 860 867 desiderent
893 811 1098 868 videre.
1125 815 1145 833 ‘
1174 812 1404 887 [19,20]
1440 815 1543 882 Qui
1586 817 1890 887 praphetizn
1931 817 2120 882 finem,

543 902 742 973 inquit,
767 904 953 960 videre
980 906 1234 976 cupiunt,
1271 908 1408 962 nihil
1447 908 1709 964 diﬂ'erunt
1767 911 1836 964 ab
1874 911 2120 973 homine,

541 995 637 1063 qui
695 1009 823 1049 cum
879 996 1092 1052 leonem
1145 999 1509 1054 insectantem
1571 999 1846 1070 ell'ugerit,
1903 1017 2032 1056 mox
2067 1002 2121 1055 iu

543 1099 736 1139 ursum
789 1085 1051 1154 incurrit,
1106 1102 1171 1141 ac
1229 1089 1452 1143 domum
1484 1089 1682 1144 deinde
1727 1099 1873 1146 metu
1928 1093 2126 1162 plenus

543 1177 897 1244 perveniens,
932 1186 988 1232 et
1019 1177 1431 1236 inconsiderate
1483 1180 1557 1236 ob
1611 1181 1780 1236 animi
1834 1182 2127 1252 perturba-

544 1265 752 1322 tionem
792 1282 1017 1323 manum
1069 1269 1136 1324 ad
1173 1271 1447 1338 parietem
1501 1271 1750 1326 innixam
1811 1273 2124 1344 applicans,

550 1358 623 1413 ab
655 1361 1016 1416 acerbissimo
1043 1363 1276 1418 colubro
1319 1364 1624 1420 mordetur.
1677 1364 1811 1419 Nam
1861 1368 2126 1436 quemad-

550 1451 778 1506 modum
812 1453 903 1508 ille
934 1455 1187 1509 tenebras
1213 1463 1269 1510 et
1299 1471 1410 1510 non
1455 1457 1598 1512 lucis
1630 1457 1979 1527 splendorem
2036 1460 2128 1513 illo

551 1542 643 1596 die
678 1543 823 1598 videt
855 1562 869 1598 :
903 1544 985 1603 sic
1015 1545 1108 1600 isti
1143 1547 1431 1604 altissimis
1479 1549 1727 1606 tenebris
1759 1551 1849 1607 die
1899 1552 2130 1607 ultionis

551 1633 856 1691 tradentur.

625 1816 788 1873 Vens.
815 1817 1006 1874 2l-23.
1043 1838 1062 1872 r
1096 1821 1235 1878 Oalio
1261 1823 1429 1880 habui
1461 1831 1516 1881 et
1566 1828 1746 1897 repuli
1800 1829 2130 1887 festivitates

551 1916 789 1977 vestras,
825 1927 925 1966 nec
961 1913 1238 1970 odorahor
1289 1917 1346 1971 in
1376 1920 1740 1975 conventibus
1789 1923 2009 1979 vestris.
2065 1925 2132 1979 Et

551 1999 596 2051 si
626 2000 939 2058 obtuleritis
977 2005 1108 2059 mihi
1149 2007 1468 2066 holocausta
1501 2021 1554 2065 et
1586 2012 1871 2068 sacrificia
1922 2027 2125 2083 vestra,

553 2107 664 2146 non
701 2095 1026 2166 suscipiam,
1063 2106 1118 2153 et
1141 2101 1389 2158 salutare
1443 2109 1751 2175 praesentia:
1784 2120 1984 2165 vestrae
2023 2128 2132 2166 non

553 2183 870 2251 respiciam.
903 2186 1114 2260 15,33
1151 2191 1422 2250 Transfer
1444 2210 1473 2248 a
1501 2213 1587 2253 me
1642 2200 1884 2255 sonitum
1931 2205 2134 2258 carmi-

559 2288 689 2327 num
722 2283 966 2343 tuorum,
1001 2288 1055 2335 et
1080 2283 1352 2351 psalmum
1389 2301 1729 2359 organorum
1769 2299 1989 2349 tuorum
2023 2311 2132 2351 non

552 2369 796 2421 audiam.
843 2391 861 2422 ›
893 2370 1096 2428 Eadem
1131 2377 1297 2431 etiam
1333 2395 1430 2449 per
1485 2381 1685 2438 Isaiam
1731 2384 1814 2440 eis
1844 2386 1984 2441 dixit
2028 2388 2136 2443 Do-

553 2457 737 2514 minus
759 2459 919 2540 Deus
949 2481 964 2517 :
996 2481 1016 2515 ι
1061 2463 1336 2531 Quorsum
1369 2470 1504 2526 mihi
1539 2474 1842 2530 multitudo
1881 2477 2134 2533 victima-

552 2565 674 2604 rum
704 2557 1058 2613 vestrarum?
1085 2557 1225 2614 dicit
1257 2559 1547 2620 Dominus.
1583 2565 1786 2625 Plenus
1815 2585 1936 2624 sum
1975 2571 2135 2628 holo-

550 2644 762 2701 caustis
793 2647 1049 2715 arietum,
1073 2659 1127 2705 et
1151 2651 1368 2723 adipem
1395 2671 1690 2726 agnorum,
1726 2670 1782 2715 et
1814 2663 2134 2734 sanguinem

549 2734 849 2790 vitulorum
885 2745 939 2792 et
966 2739 1248 2797 hircorum
1291 2745 1418 2801 nolo
1445 2745 1488 2801 ι.
1520 2767 1538 2800 ι
1573 2747 1639 2804 Ει
1663 2750 1924 2822 deinceps
1952 2755 2136 2812 omnia

551 2836 866 2891 enumerat,
936 2846 1058 2900 quae
1119 2847 1184 2888 ex
1243 2834 1360 2906 lege
1423 2839 1472 2893 ei
1507 2838 1901 2906 oﬂ'erehantur,
1953 2846 2138 2900 omnia

551 2917 751 2976 dicens
802 2923 1014 2991 pariter
1050 2941 1111 2982 se
1163 2931 1470 2987 exsecrari.
1516 2931 1609 2988 Sic
1642 2935 1807 2990 etiam
1865 2938 1969 2992 hoc
2016 2939 2138 2995 loco

553 3011 690 3066 dicit
723 3027 785 3067 se
833 3014 963 3070 odio
1013 3015 1218 3074 habere
1274 3021 1393 3077 dies
1447 3023 1640 3091 festos,
1669 3037 1722 3081 et
1754 3029 2029 3084 sacriﬁcia
2082 3033 2136 3086 in

554 3103 797 3171 publicis
859 3107 1272 3168 celebritatibus
1330 3115 1514 3171 oblata
1583 3135 1691 3174 non
1750 3131 2136 3193 suscepturum

2225 625 2526 694 χρησμοὺς,
2557 623 2651 676 καὶ
2681 621 2744 675 τὸ
2776 622 2931 687 τέλος
2967 622 3076 676 τῶν
3123 623 3482 694 προρρήσεων
3515 621 3819 676 ἀπαιτοῦν-

2223 732 2336 778 τες,
2386 714 2584 786 θρήνου
2634 715 2858 778 τούτους
2903 713 3085 778 ἀξίους
3115 713 3143 765 ὁ
3195 713 3474 783 Δεσπότης
3516 711 3814 774 ἀποκαλεῖ,

2223 807 2300 870 ὡς
2339 807 2531 870 σκότος
2572 806 2696 859 ἀντὶ
2751 804 2932 874 φωτὸς
2988 803 3388 874 ἐπιθυμοῦντας
3439 804 3588 858 ίδεῖν,
3644 804 3819 856 Οὐδὲν

2224 897 2540 968 διαφέρουσι
2563 898 2641 962 ⁸⁷,
2693 898 2878 966 φησὶν,
2921 896 2970 949 oi
3013 895 3075 948 τὺ
3119 896 3296 965 πέρας
3338 895 3440 964 τῆς
3473 897 3820 966 προφητείας

2226 989 2620 1060 ἐπιθυμοῦντες
2674 991 2825 1056 ίδεῖν,
2885 989 3079 1059 ἀνδρὸς
3139 988 3402 1059 φυγόντος
3468 990 3567 1059 μὲν
3621 989 3820 1043 λέοντα

2227 1081 2468 1144 ἐπιόντα,
2505 1083 2622 1152 μετ’
2679 1082 2888 1134 ἐκεῖνον
2939 1081 2995 1134 δὲ
3029 1082 3185 1152 ἄρκῳ
3237 1083 3649 1150 περιπεσόντος,
3695 1077 3821 1135 εἶτα

2227 1172 2328 1242 τὴν
2355 1173 2532 1226 οἰκίαν
2563 1172 2703 1243 μετὰ
2729 1171 2882 1236 δέους
2912 1172 3316 1241 κατειληφότος,
3357 1173 3452 1225 καί
3485 1174 3822 1242 ἀπροόπτως

2229 1265 2338 1319 ἀπὸ
2371 1264 2468 1318 τοῦ
2496 1264 2593 1335 τὴν
2621 1263 2800 1335 ψυχὴν
2841 1264 3161 1333 κατέχοντος
3201 1263 3453 1335 θορύὸου,
3500 1266 3594 1318 ἐπε
3607 1265 3825 1335 ρείσαν-

2231 1374 2322 1420 τος
2349 1355 2429 1426 τῷ
2466 1355 2632 1427 τοίχῳ
2661 1356 2760 1426 τὴν
2788 1358 2969 1426 χεῖρα,
3000 1357 3094 1410 καὶ
3127 1356 3233 1409 ὑπὸ
3271 1356 3447 1425 ὄφεως
3475 1357 3821 1426 πικροτάτου

2229 1450 2542 1520 δηχθέντος.
2574 1450 2788 1520 Ὠσπερ
2829 1449 2939 1519 γὰρ
2984 1449 3194 1512 ἐκεῖνος
3220 1449 3405 1517 ζόφον,
3443 1449 3556 1502 ἀλλ’
3590 1450 3654 1502 ού
3706 1467 3826 1518 φωρ

2230 1542 2322 1604 τὸς
2368 1541 2586 1612 αἰγλην,
2618 1541 2739 1594 κατ’
2795 1540 3010 1609 ἐκείνην
3069 1542 3172 1611 δρᾷ
3206 1540 3306 1611 τὴν
3350 1539 3603 1612 ἡμέραν
3647 1539 3830 1604 οὕτως

2230 1627 2378 1687 οὗτοι
2423 1633 2602 1704 σκότῳ
2631 1631 2786 1703 βαθεῖ
2833 1632 2978 1686 κατὰ
3023 1631 3123 1704 τὴν
3169 1632 3268 1702 τῆς
3297 1632 3565 1704 τιμωρίας
3607 1632 3830 1703 ἡμέραν

2232 1727 2722 1797 παραδοθήσονται.

2311 1825 2537 1888 καὐκγ’.
2591 1819 2911 1888 Μεμίσηκα,
2956 1818 3216 1888 ἀπῶσμαι
3266 1816 3367 1880 τὰς
3402 1816 3597 1887 έορτὰς
3638 1816 3831 1886 ὑμῶν,

2237 1912 2334 1967 καὶ
2356 1912 2417 1966 ού
2449 1912 2524 1984 μὴ
2569 1910 2862 1985 όσφρανθῶ
2877 1912 2923 1943 ⁸⁸
2957 1911 3016 1964 ἐν
3064 1913 3186 1974 ταῖς
3235 1909 3610 1980 πανηγύρεσιν
3642 1909 3830 1978 ὑμῶν,

2237 2003 2382 2058 Διότι
2429 2002 2525 2056 ἐὰν
2569 2001 2831 2072 ἐνέγκητέ
2891 2019 2982 2073 μοι
3035 2000 3463 2072 ὁλοκαυτώματα
3501 1999 3596 2054 καὶ
3634 2000 3838 2064 θυσίας

2237 2093 2415 2165 ὑμῶν,
2472 2093 2532 2147 ού
2587 2092 2974 2166 προσδέξομαι,
3028 2093 3123 2147 xui.
3175 2092 3444 2164 σωτηρίου
3502 2091 3837 2160 ἐπιφανείας

2237 2188 2392 2259 ὑμῶν
2437 2188 2538 2240 οὐκ
2590 2185 2980 2257 ἐπιϐλέψομαι.
3033 2186 3394 2255 Μετάστησον
3431 2185 3478 2216 ⁸⁸
3537 2184 3635 2237 ἀπ’
3694 2183 3835 2251 ἐμοῦ

2234 2277 2370 2353 ἦχον
2393 2279 2544 2351 ᾠδῶν
2574 2297 2690 2344 σου,
2707 2280 2802 2332 καὶ
2829 2276 3041 2348 ψαλμὸν
3057 2278 3103 2311 θ’
3123 2276 3372 2347 ὀργάνων
3405 2291 3498 2328 σου
3527 2275 3630 2328 οὐκ
3657 2274 3837 2328 ἀκού-

2240 2390 2427 2443 σομαι.
2458 2391 2477 2424 ι
2517 2371 2756 2425 Τοιαῦτα
2807 2371 2903 2424 καὶ
2934 2370 3023 2423 διὰ
3067 2369 3290 2423 Ἦσαῖου
3349 2366 3485 2439 πρὸς
3514 2367 3721 2431 αὐτοὺς
3751 2366 3839 2419 εί-

2239 2480 2408 2535 ρηκεν
2435 2464 2464 2515 ό
2496 2463 2775 2539 Δεσπότης
2799 2461 2929 2525 Θεός
2949 2478 2963 2492 ·
2990 2479 3008 2513 ι
3037 2460 3102 2513 Τί
3134 2458 3461 2530 μοι,πλῆθος
3486 2458 3596 2512 τῶν
3624 2457 3837 2512 θυσιῶν

2238 2558 2392 2629 ὑμῶν
2421 2573 2434 2623 ;
2465 2556 2614 2625 λέγει
2667 2555 2889 2626 Κύριος.
2942 2554 3167 2624 Πλήρης
3213 2552 3331 2623 είμὶ
3354 2550 3838 2620 ὁλοκαυτωμάτων

2237 2650 2411 2723 κριῶν
2429 2666 2444 2682 ο
2475 2649 2572 2703 καὶ
2606 2648 2774 2719 στέαρ
2797 2645 3000 2717 ἀρνῶν,
3028 2646 3124 2699 καὶ
3153 2638 3295 2714 αἷμα
3315 2641 3536 2714 ταύρων
3565 2641 3664 2695 καὶ
3692 2640 3834 2711 τρά-

2240 2760 2356 2813 γων
2394 2743 2457 2796 οὐ
2493 2741 2774 2812 βούλομαι.
2813 2758 2832 2788 ι
2874 2738 2984 2792 Καὶ
3045 2736 3171 2805 ἐξῆς
3197 2735 3255 2789 δὲ
3305 2733 3596 2803 καταλέγει
3651 2734 3837 2788 πάντα

2238 2834 2307 2888 τὰ
2335 2831 2476 2888 κατὰ
2496 2833 2588 2884 τὸν
2611 2832 2775 2902 νόμον
2807 2829 2958 2900 αύτῷ
2982 2827 3423 2900 προσφερόμενα,
3443 2827 3625 2880 πάντα
3650 2824 3838 2894 λέγων

2239 2925 2440 2996 ὁμοίως
2469 2921 2866 2994 βδελύττεσθαι.
2905 2920 3061 2975 Οὕτω
3087 2919 3182 2972 καὶ
3226 2917 3462 2972 ἐνταῦθα
3503 2917 3691 2987 μισεῖν
3735 2915 3838 2985 μὲν

2242 3017 2345 3087 ἔφη
2374 3015 2472 3078 τὰς
2527 3015 2722 3084 ἑορτάς
2753 3030 2765 3042 ·
2803 3013 2864 3066 ού
2910 3009 3400 3083 προσδέχεσθαιδέ
3448 3008 3549 3071 τὰς
3603 3009 3664 3060 ἐν
3712 3009 3838 3069 ταῖς

2242 3106 2582 3179 πανηγύρεσι
2626 3103 3077 3177 προσφερομένας
3123 3101 3315 3165 θυσίας
3341 3117 3354 3130 ·
3395 3101 3458 3153 τὸ
3489 3099 3599 3170 γὰρ
3626 3100 3704 3152 οὐ
3745 3097 3837 3166 μὴ

555 3207 681 3248 esse
712 3211 874 3250 :uam
904 3214 1010 3252 non
1043 3199 1309 3257 odorabor
1333 3207 1516 3275 posuit
1548 3223 1647 3278 pro
1681 3227 1786 3264 non
1819 3191 2129 3282 suscipiam.

2246 3198 2590 3270 ὀσφρανθῶ,
2629 3199 2750 3252 ἀντὶ
2787 3196 2912 3261 τοῦ,
2970 3197 3044 3250 οὐ
3099 3192 3186 3263 μὴ
3251 3193 3533 3296 δέξομαι-
3563 3191 3838 3296 τέθεικεν.

558 3282 652 3338 Sic
682 3293 734 3340 et
777 3285 845 3342 de
894 3286 1123 3346 Noacho
1171 3291 1366 3349 beatus
1408 3295 1589 3354 Moses
1647 3301 1773 3356 ait:
1812 3322 1831 3354 ι
1864 3305 2133 3364 Udoratus

2245 3292 2402 3346 Οῦτω
2459 3290 2554 3344 καὶ
2599 3289 2692 3342 ἐπὶ
2716 3287 2810 3342 τοῦ
2844 3287 2969 3340 Νῶε
3000 3288 3027 3340 ὁ
3063 3286 3332 3357 μακάριος
3362 3284 3594 3354 Μωσῆς,
3652 3303 3671 3335 ι
3710 3284 3838 3336 Ὠσ-

552 3383 640 3430 est
672 3375 935 3435 Dominus
971 3381 1196 3439 odorem
1241 3387 1631 3460 suavitatism;
1678 3412 1698 3445 ι
1735 3393 1843 3450 hoc
1890 3405 1996 3462 est,
2048 3415 2144 3469 ap-

555 3469 810 3538 probavit
849 3488 1043 3528 eorum
1078 3477 1171 3547 qui
1215 3479 1532 3536 obtulerant
1564 3485 1924 3544 voluntatem.
1955 3489 2144 3562 Neque

553 3558 704 3650 enim
735 3561 826 3618 his
856 3563 1000 3621 Deus
1041 3577 1168 3638 eget
1202 3587 1216 3624 :
1250 3586 1314 3627 ac
1335 3588 1405 3628 ne
1433 3589 1534 3644 pro
1564 3577 1745 3634 salute
1783 3581 2004 3650 quidem
2041 3558 2142 3640 sua

555 3648 815 3706 victimas
861 3653 1245 3724 oﬂ'erentibus,
1293 3677 1492 3729 meam,
1533 3665 1732 3737 inquit,
1786 3648 2139 3740 praesentiam

557 3739 855 3806 praestabo.
894 3741 1093 3800 Desine
1123 3746 1288 3817 igitur
1320 3759 1545 3810 cantare
1577 3763 1632 3810 et
1666 3739 1895 3815 musicis
1937 3763 2145 3820 instru-

558 3831 759 3929 mentis
793 3833 904 3900 uti;
936 3835 1024 3892 his
1053 3839 1199 3894 enim
1237 3857 1347 3897 non
1373 3844 1642 3916 delector,
1682 3852 1788 3908 etsi
1823 3869 1851 3907 a
1873 3857 2144 3929 principio

557 3918 676 4065 gare
711 3921 827 3978 ﬁeri
885 3925 1056 3997 jussi.
1117 3939 1175 3986 ut
1210 3933 1378 3993 rebus
1439 3935 1709 4009 iucundis
1757 3945 1826 4001 ad
1873 3918 2024 4004 seria
2053 3918 2144 4008 ἰε

600 4028 842 4065 ucerem-

600 4028 842 4072 ucerem.

628 4193 795 4252 Vens.
833 4199 922 4254 24.
959 4219 978 4254 ‹
1028 4201 1294 4264 Volvetur
1342 4210 1487 4266 sicut
1547 4229 1688 4287 aqua
1740 4216 2035 4288 judicium,
2089 4233 2143 4282 et

551 4284 771 4355 iustitia
827 4290 972 4346 sicut
1011 4300 1228 4354 torrens
1291 4300 1494 4359 invius.
1559 4284 1879 4376 {Pro-lata,
1938 4284 2140 4386 inquit,

557 4387 754 4433 contra
787 4391 839 4435 te
865 4381 1018 4451 jnsta
1053 4393 1351 4459 sententia,
1391 4399 1658 4455 torrentis
1711 4402 1908 4468 instar,
1936 4413 1991 4461 et
2015 4381 2143 4462 ivio;

557 4467 717 4524 lenta:
771 4489 944 4544 aqure,
1000 4478 1097 4534 tibi
1135 4483 1470 4553 supplicium
1534 4488 1758 4561 inferet,
1815 4495 2136 4568 exitumque

2244 3383 2480 3456 φράνθη,
2518 3382 2644 3452 ἔφη,
2675 3381 2877 3453 Κύριος
2907 3381 2935 3432 ό
2961 3378 3094 3442 Θεὸς
3134 3376 3311 3448 ὀσμὴν
3351 3375 3616 3439 εὐωδίας’
3650 3395 3672 3428 ι
3716 3376 3841 3429 ἀντὶ

2242 3475 2360 3539 τοῦ,
2395 3474 2625 3545 ἐπῄνεσε
2658 3472 2747 3526 τὸν
2784 3469 2893 3525 τῶν
2922 3468 3399 3542 προσενηνοχότων
3436 3466 3669 3520 σκοπόν.
3696 3468 3840 3521 Οὐδὲ

2244 3567 2354 3638 γὰρ
2384 3566 2550 3621 δεῖται
2593 3563 2801 3618 τούτων
2833 3562 3021 3625 Θεός⁹⁸
3049 3576 3062 3590 ’
3096 3560 3210 3614 ἀλλ’
3245 3559 3366 3613 οὐδὲ
3406 3559 3521 3621 τοῖς
3551 3557 3696 3628 ὑπὲρ
3735 3560 3842 3627 τῆς

2246 3659 2396 3728 σφῶν
2445 3659 2626 3711 αὐτῶν
2680 3654 2953 3726 σωτηρίας
3006 3652 3379 3722 προσφέρουσι
3419 3649 3520 3721 τὴν
3565 3649 3840 3720 ἐμαυτοῦ,

2245 3753 2400 3822 φησι,
2448 3749 2757 3822 παρέξομαι
2811 3746 3160 3816 ἐπιφάνειαν.
3222 3742 3440 3798 Παῦσαι
3493 3741 3678 3795 τοίνυν
3743 3743 3843 3795 καὶ

2247 3843 2414 3916 ᾄδων,
2483 3843 2580 3895 καὶ
2635 3844 2748 3905 τοῖς
2797 3840 3079 3911 μουσικοῖς
3128 3834 3469 3908 κεχρημένος
3535 3833 3802 3904 ὀργάνοις
3827 3851 3842 3864 ·

2244 3935 2366 3988 οὐδὲ
2398 3933 2505 4006 γὰρ
2539 3932 2902 4005 ὲπιτέρπομαι
2932 3929 3162 3992 τούτοις,
3215 3925 3354 3980 ἀλλὰ
3381 3926 3476 3980 καὶ
3506 3925 3605 3996 τὴν
3662 3925 3844 3996 ἀρχὴν

2244 4027 2333 4082 διὰ
2394 4026 2502 4079 τῶν
2562 4024 2816 4097 τερπνῶν
2873 4039 2933 4075 σε
2987 4020 3252 4092 ποδηγῶν
3310 4019 3403 4072 ἐπὶ
3450 4018 3520 4073 τὰ
3570 4017 3842 4071 σπουδαῖα

2244 4119 2418 4175 ταῦτα
2447 4117 2759 4190 προσέταξα
2784 4114 3056 4185 γίνεσθαι.

2315 4214 2414 4267 κδ’.
2453 4231 2472 4265 ι
2503 4210 2907 4280 Κυλισθήσεται
2966 4208 3045 4270 ὡς
3104 4206 3248 4278 ὕδωρ
3301 4206 3497 4277 κρῖμα,
3539 4205 3634 4258 καὶ
3667 4205 3701 4275 ἡ
3757 4205 3845 4258 διο

2244 4307 2530 4377 καιοσύνη,
2566 4304 2641 4368 ὡς
2682 4303 3018 4374 χειμάρρους
3055 4299 3281 4364 ἄϐατος.
3305 4318 3323 4352 ι
3369 4299 3434 4353 Ἦ
3463 4297 3843 4368 ἐξενεχθεῖσα,

2245 4399 2398 4471 φησὶ,
2441 4397 2578 4452 κατὰ
2615 4395 2709 4449 σοῦ
2751 4393 2936 4448 δικαία
2965 4393 3145 4462 ψῆφος
3189 4390 3494 4462 χειμάρρου
3533 4405 3618 4441 σοι
3648 4389 3836 4460 δίκην,

2245 4493 2340 4547 καὶ
2365 4488 2596 4560 σφοδροῦ
2632 4486 2844 4552 ὓδατος,
2877 4484 2977 4555 τὴν
3004 4483 3279 4554 τιμωρίαν
3305 4480 3540 4543 ἐποίσει,
3574 4480 3671 4533 καὶ
3693 4481 3846 4544 διέξο

556 4562 804 4620 invenire
833 4583 940 4620 non
990 4573 1214 4638 poteris.
1243 4574 1356 4645 [‘25,
1377 4577 1472 4651 26]
1507 4579 1896 4640 Recordamini
1931 4562 2133 4650 autem.

2247 4583 2362 4638 οδον
2399 4583 2576 4652 εὑρεῖν
2623 4579 2684 4633 ού
2713 4578 2916 4648 δυνήσῃ
2949 4591 2962 4605 ·
3001 4574 3390 4646 ἀναμνήσθητε
3411 4574 3457 4605 ⁹¹
3485 4571 3565 4637 δὲ,
3604 4571 3686 4634 ὡς
3709 4589 3844 4625 τεσ-

553 4665 676 4718 vos,
731 4671 829 4725 per
889 4661 1257 4733 quadraginta
1298 4679 1475 4722 annos
1536 4669 1588 4723 in
1653 4671 1868 4744 1434
1916 4673 2138 4730 deserto

555 4755 799 4815 agentes,
834 4751 1123 4808 sacrificiis
1160 4771 1246 4810 me
1281 4773 1390 4811 non
1416 4759 1679 4825 coluisse,
1722 4763 1819 4819 sed
1863 4764 1938 4818 ibi
1981 4781 2135 4821 eam-

2241 4674 2552 4746 σαράκοντα
2580 4671 2674 4742 ἔτη
2707 4668 2852 4723 κατὰ
2895 4667 2996 4738 τὴν
3031 4666 3238 4737 ἔρημον
3273 4663 3630 4732 διαγαγόντες
3657 4663 3727 4727 ³³,
3778 4664 3844 4716 οὐ

2234 4767 2334 4838 τὴν
2359 4766 2467 4822 ἀπὸ
2501 4764 2758 4835 θυμάτων
2783 4778 2873 4833 μοι
2898 4758 3158 4828 λατρείαν
3189 4753 3650 4826 προσενηνόχατε,
3695 4753 3845 4806 ἀλλὰ

551 4835 676 4891 dem
735 4856 955 4911 quoque
1005 4844 1341 4915 impietatem
1398 4853 1742 4917 exercuisse,
1811 4857 2133 4928 omnigcnas

2236 4835 2395 4912 κόικεῖ
2421 4856 2519 4926 τὴν
2546 4855 2714 4925 αὐτὴν
2741 4851 2996 4906 ἀσέϐειαν
3018 4846 3392 4913 ἐπεδείξασθε,
3414 4844 3781 4908 παντοδαπὰς
3795 4845 3844 4877 9⁸

553 4927 825 4987 ido!orum
865 4933 1200 4994 fabricantes
1249 4949 1486 5007 statuas,
1521 4949 1634 4997 tum
1685 4944 1793 5012 his,
1832 4959 1945 5003 tum
1975 4927 2135 5006 iside-

551 5023 709 5078 ribus
739 5027 1070 5096 quihusdam
1099 5033 1314 5088 cultum
1346 5048 1568 5091 omnem
1603 5037 1950 5100 exhibentes.
2013 5042 2133 5099 Μο-

621 5200 644 5244 λ
677 5201 784 5262 lsa.
818 5208 867 5263 ί.
893 5211 980 5266 Η.
1057 5221 1094 5244 ’³
1121 5211 1336 5285 Gen.n,
1361 5215 1451 5272 2|.

2235 4950 2469 5004 εἰδώλων
2526 4945 2887 5017 πεποιηκότες
2950 4942 3208 5006 εἰκόνας,
3262 4939 3360 4993 κοιλ¹
3413 4936 3668 5000 τούτοις,
3740 4937 3843 4991 καὶ

2239 5043 2423 5116 μέντοι
2458 5041 2554 5096 καὶ
2598 5039 2821 5111 ἄστροις
2863 5035 2976 5089 τισὶ
3012 5036 3195 5087 πᾶσαν
3247 5031 3564 5102 θεροιπείοιν⁹
3589 5030 3844 5102 προσφέ-

1823 5307 1909 5361 VA
1919 5307 2062 5363 ΒΙΑΞ
2101 5307 2508 5368 LECTIONES.

615 5464 661 5497 ⁸⁷
694 5462 844 5530 διαφ.
873 5460 914 5517 C

951 5477 1149 5543 prtem:
1169 5464 1304 5543 γάρ2
1377 5467 1423 5543 3f
1446 5467 1611 5543 ἐσφρ.
1637 5466 1772 5522 Cod.
1809 5466 2024 5543 Vat._et_
2047 5464 2204 5543 Ales.
2237 5463 2445 5543 addunt
2471 5465 2686 5543 θυσίας,
2718 5463 2862 5543 quod
2888 5462 3095 5543 inA_et
3191 5463 3309 5543 des.
3382 5463 3433 5543 ξ’
3464 5478 3584 5543 μετ.
3623 5458 3835 5543 Supra,

542 5541 583 5608 t_._
621 5534 664 5608 ί,
694 5549 747 5608 p.
783 5532 944 5608 i585,
982 5541 1037 5588 et
1067 5533 1228 5608 infra,
1251 5532 1357 5608 'Gr.
1381 5537 1490 5606 ΑΙΤ.
1522 5532 1653 5592 (fur.
1704 5553 1871 5594 serm.
1925 5537 1979 5599 7,
2011 5537 2118 5606 leg.
2149 5537 2481 5608 ᾲπόστησον.

2585 5538 2632 5568 ’θ
2655 5538 2698 5588 Α
2723 5535 2979 5606 ψαλμῶν.
3011 5535 3173 5590 Locis
3203 5535 3314 5604 jam
3346 5534 3441 5588 cit.
3475 5533 3578 5600 leg.
3616 5536 3832 5606 φωνῆς.

542 5605 585 5678 ’ξ
626 5601 781 5678 Θεὸς.
815 5605 857 5660 C
899 5619 1065 5676 prazm
1104 5606 1149 5658 ὁ.
1189 5601 1469 5678 ⁹¹γάναμν.
1497 5609 1739 5678 itacum
1777 5608 1818 5664 C
1855 5601 2108 5678 legimus.
2144 5607 2311 5678 sirm.
2345 5601 2748 5678 ἆναμνήσθητιζ
2778 5601 3050 5678 γετετῖἒὶ,
3076 5606 3168 5673 26,
3204 5601 3448 5678 quorum
3478 5611 3662 5656 textus
3698 5601 3832 5678 h.;_l.

548 5675 914 5746 desideratur,
943 5691 1134 5746 supra,
1168 5684 1208 5729 t.
1241 5677 1282 5740 1,

1319 5672 1557 5746 p.'205a
1583 5677 1786 5734 Nostro
1844 5672 2058 5747 all'egati
2095 5674 2242 5732 sunt.
2274 5676 2348 5747 lis
2369 5672 2490 5745 quae
2517 5672 2583 5732 ad
2617 5672 2666 5730 1.’
2691 5693 2741 5730 c.
2770 5677 2885 5745 jam
2916 5672 3181 5747 diximus,
3212 5672 3522 5747 addendum
3547 5679 3634 5747 est
3665 5672 3836 5747 codi-

550 5741 1041 5816 cem_Aug._qnoad
1067 5761 1219 5816 vers.
1244 5741 1352 5816 7‘25,
1411 5748 1745 5816 respondere
1773 5741 1978 5804 codici'
1999 5745 2282 5809 Vaticano.
2330 5741 2436 5802 Sed
2495 5749 2718 5802 ineunte
2752 5741 2896 5816 vers.
2942 5746 3034 5811 9.6,
3067 5745 3111 5799 A
3145 5744 3350 5816 omittit
3381 5741 3510 5816 Καί,
3553 5741 3833 5816 in_me¢_1io

553 5812 813 5866 versiculi
846 5813 1013 5870 habet
1063 5815 1310 5886 'Pacha'w,
1328 5826 1380 5872 et
1412 5812 1629 5886 deinde,
1652 5819 1776 5882 τοὺς
1800 5818 2024 5885 τύπους,
2045 5816 2138 5880 οὓς
2162 5816 2456 5886 ἐποιήσατε
2485 5815 2702 5880 αὐτούς.

2777 5818 2823 5849 ⁸³
2846 5815 2886 5872 C
2918 5810 3216 5887 διάγοντες.
3294 5813 3339 5846 ⁸⁷⁵
3374 5813 3414 5868 (1
3441 5810 3827 5865 παντοδαπῶν.
