4088 6432
412 468 552 534 1693

1723 477 1804 538 ΙΝ
1833 477 2035 539 AMOS
2068 479 2225 539 CAP.
2250 480 2351 543 VI.

3551 480 3689 546 1694

412 600 622 657 ροντες.
660 586 872 657 Μολόχ
897 585 1006 658 γάρ
1046 589 1141 642 καὶ
1181 588 1400 658 Ῥεφὰν
1442 588 1678 644 εἰδώλων
1720 591 1992 661 ὀνόματαο

2107 594 2216 649 loch
2251 596 2398 650 enim
2432 605 2488 652 et
2514 597 2732 668 Rep/tan
2763 598 3043 656 idolorum
3078 601 3304 656 nomina
3337 606 3508 663 sunt;
3573 597 3690 651 Mo-

409 673 508 727 τοῦ
541 675 598 728 δὲ
625 675 808 747 Μολὺχ
835 679 931 730 καὶ
957 681 1015 732 ἐν
1051 682 1164 743 τοῖς
1191 681 1496 751 προοιμίοις
1527 681 1626 751 τῆς
1661 682 1998 755 προφητείας

413 767 819 837 ἐμνημόνευσε.
844 770 1065 824 Τούτων
1095 772 1204 847 γὰρ
1239 774 1419 845 χάριν,

486 857 592 922 κζ’.
631 878 650 910 ι
678 859 954 915 Μετοικιῶ
986 863 1130 933 ὑμᾶς
1171 865 1432 920 ἐπέκεινα
1480 866 1798 936 Δαμασκοῦ,
1851 865 2000 935 λέγει

411 948 624 1021 Κύριος
651 953 680 1005 δ
705 953 857 1019 θεὸς,
891 955 918 1007 ό
937 955 1341 1028 Παντοκράτωρ
1365 958 1536 1028 ὄνομα
1559 958 1759 1029 αὐτῷ.»
1781 959 2002 1032 Ἐπειδὴ

412 1041 526 1114 γὰρ
555 1043 649 1096 καὶ
669 1044 776 1098 τῶν
811 1045 1220 1117 πλησιαζόντων
1251 1049 1432 1114 αὐτοῖς
1459 1051 1647 1122 Σύρων
1683 1052 2002 1123 ἐδυσχέραιο

412 1152 508 1190 νον
545 1136 644 1208 τὴν
682 1138 949 1205 δουλείαν,
994 1139 1094 1212 τὴν
1129 1142 1467 1214 πορρωτέρω
1502 1143 1781 1216 προλέγει,
1832 1161 2004 1198 κατα-

413 1228 622 1299 πλῆξαι
663 1230 861 1296 αὐτοὺς
917 1235 982 1304 τῇ
1052 1236 1360 1306 προρρήσει
1441 1235 1806 1307 βουλόμενος·
1855 1237 2004 1305 λέγει

411 1319 476 1373 δὲ
514 1321 612 1392 τὴν
655 1321 978 1394 Ἀσσυρίων.
1013 1327 1123 1380 Καὶ
1173 1326 1330 1380 τοῦτο
1359 1329 1386 1382 ὁ
1428 1328 1696 1399 μακάριος
1734 1329 2005 1398 Στέφανος

413 1415 478 1466 ἐν
494 1417 614 1479 ταῖς
642 1415 913 1487 Πράξεσιν
939 1419 1279 1490 ἑρμηνεύων,
1303 1437 1321 1471 ι
1346 1419 1621 1474 Μετοικιῶ
1647 1421 1810 1491 ὑμᾶς,
1831 1418 2002 1489 εἶπεν,

412 1506 679 1562 ἐπέκεινα
700 1510 744 1541 ³⁸
790 1510 1129 1575 Βαϐυλῶνος.

959 1604 1358 1659 ΚΕΦΑΛΑΙΟΝ
1387 1609 1461 1662 Δ’.

489 1691 591 1746 α’.‹
612 1693 750 1748 Οὐαὶ
773 1696 886 1759 τοῖς
911 1694 1252 1761 ἐξουθενοῦσι
1268 1698 1430 1765 Σιὼν,
1451 1701 1542 1755 καὶ
1568 1699 1882 1755 πεποιθόσιν
1906 1699 2000 1752 ἐπὶ

413 1783 481 1837 τὸ
511 1783 635 1856 ὄρος
665 1784 1018 1858 Σαμαρείαςῐ
1057 1789 1449 1862 ἀπετρύγησαν
1479 1791 1654 1864 ἀρχὰς
1683 1791 1873 1855 ἐθνῶν,
1907 1792 2002 1846 καὶ

413 1877 670 1948 εἰσῆλθον
713 1880 1003 1943 ἐαυτοῖς⁹⁶.
1038 1900 1056 1933 ι
1097 1881 1328 1944 Ἀθλιοι,
1362 1884 1515 1954 φησὶ,
1563 1884 1658 1938 καὶ
1698 1882 2000 1954 τρισάθλιοι

415 1969 470 2022 οἱ
509 1968 608 2040 τῆς
651 1970 750 2040 μὲν
799 1969 939 2024 Σιὼν
991 1975 1478 2045 καταφρονοῦντες,
1510 1978 1577 2046 τῇ
1611 1975 1668 2029 δὲ
1719 1974 2002 2046 Σαμαρείᾳ

419 2061 773 2131 θαρροῦντες,
810 2063 904 2116 καὶ
949 2063 1024 2134 μὴ
1073 2065 1427 2132 σκοποῦντες,
1466 2068 1543 2130 ὡς
1575 2068 1603 2120 ὁ
1652 2068 1712 2122 ἐν
1744 2070 1810 2139 τῇ
1863 2066 2000 2121 Σιὼν

417 2151 859 2222 θεραπευόμενος
892 2155 1045 2220 Θεὸς,
1079 2159 1154 2220 εἰς
1185 2157 1284 2229 τὴν
1311 2159 1411 2230 τῆς
1437 2161 1771 2231 ἐπαγγελίας
1802 2161 2000 2225 αὐτοὺς

415 2245 672 2316 ἐπήγαγε
698 2246 744 2278 ’⁷
791 2248 916 2316 γῆν,
969 2251 1098 2314 τοὺς
1156 2251 1393 2321 πρόσθεν
1449 2255 1654 2325 ταύτην
1713 2256 2001 2320 οἰκοῦντας

416 2336 700 2400 παντελῶς
727 2337 1030 2406 ἀναλώσας,
1063 2341 1160 2394 καὶ
1183 2340 1303 2396 λίαν
1326 2344 1508 2409 αὐτοῖς
1541 2346 1759 2417 εὐρεῖαν
1797 2348 1896 2419 τήν
1921 2348 2002 2401 οτ-

414 2444 580 2497 κησιν
625 2428 1014 2500 χαρισάμενος.
1071 2432 1134 2486 Εί
1182 2433 1242 2487 δὲ
1282 2436 1380 2506 οὐχ
1429 2435 1572 2492 οὕτω
1627 2439 1801 2494 ταῦτα
1855 2440 1999 2511 ἔχειν

414 2517 852 2589 ὑπολαμϐάνετε,

489 2610 555 2680 β’.
597 2629 616 2663 ι
646 2613 879 2684 Διάϐητε
907 2615 987 2678 είς
1008 2616 1265 2689 Χαλάνην
1281 2619 1349 2686 ’⁸,
1383 2619 1478 2674 καὶ
1516 2621 1751 2676 διέλθετε
1790 2625 2000 2679 ἐκεῖθεν

411 2700 498 2762 είς
539 2698 712 2769 Ἐμάθ
766 2703 866 2773 τὴν
924 2705 1170 2776 μεγάλην
1192 2710 1261 2774 ’⁸,
1304 2711 1399 2764 καὶ
1455 2711 1730 2784 κατάϐητε
1764 2715 1845 2778 είς
1872 2715 1996 2780 Γέθ,

409 2793 524 2845 τῶν
553 2792 867 2862 ἀλλοφύλων
895 2795 994 2860 τὰς
1045 2799 1345 2869 κρατίστας
1370 2803 1435 2855 ἐκ
1463 2804 1650 2857 πασῶν
1679 2805 1788 2858 τῶν
1837 2806 1998 2876 βασι-

409 2883 576 2938 λειῶν
605 2884 832 2952 τούτων,
871 2889 919 2940 εἰ
948 2888 1169 2945 πλείονά
1197 2892 1314 2946 ἐστι
1345 2893 1361 2924 ¹
1393 2894 1461 2947 τὰ
1511 2896 1636 2966 ὅρια
1683 2897 1863 2952 αὐτῶν
1890 2900 2000 2953 τῶν

410 2975 700 3047 ὑμετέρων
737 2978 923 3050 ὁρίων.
985 2999 1004 3033 ι
1051 2981 1149 3045 Εἰς
1180 2981 1282 3047 τάς
1334 2988 1738 3058 προειρημένας
1791 2989 1997 3056 πόλεις,

409 3065 583 3138 αἴπερ
609 3069 716 3123 είσὶ
747 3069 1023 3141 μέγισται,
1069 3074 1166 3127 καὶ
1193 3075 1302 3128 τῶν
1338 3077 1740 3149 προλεχθεισῶν
1764 3082 1819 3134 δέ
1844 3083 2000 3152 βασι-

408 3156 573 3211 λειῶν
593 3159 650 3212 αἱ
679 3159 945 3232 ἐγκριτοι,
975 3162 1333 3234 πορευθέντες
1357 3168 1600 3238 ἀκριϐῶς
1623 3173 1997 3242 καταμάθετε,

409 3247 495 3312 ὡς
525 3250 628 3302 οὐκ
658 3250 896 3306 ἐλάττων
933 3253 1084 3308 ἐστὶν
1114 3256 1148 3326 ή
1179 3256 1270 3327 ὑφ’
1295 3257 1452 3330 ὑμῶν
1481 3263 1874 3332 γεωργουμένη
1896 3263 1998 3334 τῆς

409 3340 512 3394 ὐπ’
542 3341 766 3397 ἐκείνων
790 3345 1180 3418 κατεχομένης.

489 3439 558 3502 γ’.
592 3435 694 3488 «Oi
736 3435 1019 3506 ἐρχόμενοι
1043 3440 1123 3503 εἰς
1155 3440 1369 3512 ἡμέραν
1394 3445 1573 3516 κακήν
1599 3461 1612 3474 ·
1654 3465 1672 3497 ι
1707 3446 1783 3508 ὡς
1816 3445 2002 3512 ἀξίους

409 3526 642 3590 ἑαυτοὺς
664 3529 933 3598 τιμωρίας
959 3532 1337 3602 πεποιηκότες.
1357 3533 1614 3605 Ἦμέραν
1642 3539 1752 3611 γὰρ
1777 3541 1998 3609 κακὴν,

408 3619 516 3691 τὴν
540 3618 643 3689 τῆς
669 3620 940 3692 τιμωρίας
965 3622 1179 3696 ἡμέραν
1211 3625 1386 3682 καλεῖ.
1426 3647 1446 3681 ι
1475 3629 1539 3683 Οἱ
1573 3630 1885 3700 ἐγγίζοντες
1907 3634 2004 3688 καὶ

411 3710 785 3781 ἐφαπτόμενοι
835 3713 1130 3770 Σαϐϐάτων
1177 3718 1410 3788 ψευδῶν.
1436 3738 1454 3772 ι
1495 3722 1559 3776 Oi
1590 3723 1670 3793 τῷ
1699 3723 1878 3778 δοκεῖν
1925 3743 2006 3780 τι-

419 3798 632 3889 μῶντες
666 3801 735 3855 τά
772 3802 1048 3871 Σάϐϐατα,
1089 3807 1262 3877 μυρία
1292 3809 1349 3862 δὲ
1397 3812 1456 3864 ἐν
1488 3812 1673 3878 αὐτοῖς
1708 3817 2003 3889 παράνομα

415 3887 671 3960 δρῶντες.
737 3889 872 3947 Εἶτα
920 3893 1056 3966 πρὸς
1107 3897 1320 3962 τούτοις
1390 3901 1769 3972 ἐπιμέμφεται
1819 3887 2004 3971 αὐτοῖς

415 3984 648 4055 τρυφήν,
683 3984 872 4049 κλίνας
892 3982 1246 4057 ἐλεφαντίνας
1275 3990 1664 4066 ὑπεστρῶσθαι
1693 3995 1880 4061 αὐτοῖς
1910 3997 2004 4051 λέ-

415 4087 552 4140 γων,
581 4075 678 4128 καὶ
711 4076 894 4129 πᾶσαν
928 4077 1113 4142 αὐτοῖς
1142 4081 1466 4152 προκεῖσθαι
1494 4083 1516 4113 ²
1541 4081 1730 4155 χλιδήν
1751 4100 1765 4113 ·
1797 4086 2004 4157 ἐρίφων

418 4166 524 4237 μὲν
566 4169 631 4221 ἐκ
669 4169 960 4238 ποιμνίων,
1005 4171 1222 4243 μόσχων
1253 4173 1311 4227 δὲ
1350 4174 1414 4227 ἐκ
1446 4173 1740 4245 βουκολίων
1779 4180 2003 4250 κομιζο-

419 4258 604 4328 μένων
627 4277 641 4292 ·
671 4261 919 4331 ὁργάνων
939 4262 996 4316 δὲ
1022 4263 1122 4335 τὴν
1144 4264 1283 4336 ἠχὴν
1305 4265 1736 4322 ἀποτελούντων·
1772 4271 1968 4341 κρότου
1983 4273 2004 4305 ⁸

411 4351 473 4404 δὲ
514 4352 715 4424 χειρῶν
751 4355 887 4425 πρὸς
917 4359 1016 4428 τὴν
1044 4357 1185 4429 ήχήν
1223 4358 1514 4430 γινομένου
1536 4359 1592 4392 δ’
1621 4363 1764 4416 οῐνου
1790 4363 1847 4419 δέ
1877 4364 2007 4419 ἀνθ-

413 4442 632 4510 οσμίου,
683 4444 778 4499 καὶ
821 4444 1014 4500 τούτου
1068 4447 1471 4522 διηνθημένου⁸
1520 4457 2002 4527 προσφερομένου·

417 4531 595 4604 μύρου
610 4533 668 4587 δὲ
687 4535 919 4602 εὐώδους
942 4537 1040 4610 τήν
1064 4541 1305 4596 ἀσωτίαν
1327 4543 1796 4618 ἀποπληροῦντος.
1823 4548 2006 4616 Οὕτω,

2103 687 2248 743 locbi
2289 697 2470 743 autem
2502 689 2620 759 jam
2661 691 2733 745 ab
2788 691 2948 746 initio
2997 693 3298 763 prophetia:
3346 689 3689 746 mentionem

2101 778 2292 835 fecit.‘
2325 780 2534 834 Horum
2562 781 2708 836 enim
2746 782 2948 852 gratia,

2177 869 2340 926 Vens.
2369 871 2459 923 2⁵1.
2491 889 2511 922 ι
2555 870 2914 927 Transferam
2964 887 3063 926 vos
3121 879 3278 927 trans
3332 868 3684 930 Damascum,

2107 960 2247 1015 dicit
2287 961 2560 1016 Dominus
2607 961 2755 1018 Deus
2782 1003 2796 1027 ,
2836 961 3198 1032 Omnipotens
3233 976 3434 1016 nomen
3465 960 3608 1030 ejus.
3662 977 3680 1011 ι

2104 1054 2240 1108 Cum
2278 1053 2426 1108 enim
2485 1053 2652 1107 etiam
2713 1052 2977 1124 Syrorum
3032 1053 3391 1107 ﬁnitimorttm
3455 1067 3684 1107 suorum

2105 1145 2427 1200 servitutem
2467 1145 2707 1216 graviter
2761 1145 2992 1209 ferrent,
3062 1145 3496 1214 perterrefacere
3557 1144 3684 1200 illos

2106 1237 2468 1307 praedictione
2514 1253 2613 1294 sua
2662 1238 2877 1303 volens,
2923 1237 3100 1308 magis
3138 1237 3488 1307 longinquam
3540 1250 3684 1306 pra:-

2106 1331 2263 1386 dicit.
2300 1329 2563 1400 lntelligit
2591 1338 2774 1385 autem
2803 1331 3178 1401 Assyriacam.
3205 1330 3382 1398 Atque
3431 1327 3534 1381 hoc
3558 1327 3686 1382 hea-

2106 1433 2199 1480 tus
2235 1423 2552 1493 Stephanus
2575 1423 2632 1477 in
2671 1423 2830 1478 Actis
2864 1424 3170 1492 explanans
3203 1441 3216 1476 :
3247 1439 3266 1472 ι
3301 1419 3686 1484 Transferam,

2106 1516 2312 1588 inquit,
2347 1529 2448 1572 vos
2488 1522 2642 1571 trans
2692 1514 3097 1585 Babylonem".

2707 1603 2938 1660 CAPUT
2998 1603 3089 1659 Vl.

2175 1699 2343 1754 νεεδ.
2377 1699 2427 1753 1.
2475 1716 2494 1750 ι
2532 1697 2626 1753 Vae
2658 1697 2768 1753 illis
2821 1697 2916 1767 qui
2967 1695 3285 1766 despiciunt
3335 1693 3580 1760 Sionem,
3632 1699 3688 1747 et

2104 1790 2390 1849 conﬁdunt
2429 1791 2485 1844 in
2525 1799 2715 1844 monte
2760 1786 3067 1861 Samaria}!
3104 1785 3516 1840 vindemiarum
3573 1783 3688 1852 pri-

2105 1884 2292 1938 mitias
2346 1881 2615 1952 gentium,
2646 1888 2703 1935 et
2751 1878 2985 1950 ingressi
3052 1885 3184 1933 sunt
3246 1877 3374 1932 sibi.
3416 1894 3434 1926 »
3474 1874 3683 1941 Miseri,

2107 1975 2314 2045 inquit,
2353 1981 2408 2028 et
2437 1980 2522 2028 ter
2559 1970 2834 2037 infelices,
2869 1969 2965 2040 qui
2999 1968 3222 2023 Sionem
3262 1973 3684 2022 contemnentes

2109 2065 2375 2122 Samaria:
2463 2064 2808 2118 conﬁdunt:
2884 2069 3074 2117 etnon
3145 2058 3684 2122 animadverterunt,

2106 2156 2572 2231 quemadmodum
2606 2155 2753 2212 Deus
2785 2155 2878 2226 qui
2912 2155 3111 2208 colitur
3150 2151 3207 2206 in
3259 2151 3446 2216 Sione,
3487 2150 3541 2204 in
3577 2157 3688 2205 ter-

2109 2268 2224 2308 ram
2258 2249 2647 2322 promissionis
2677 2263 2774 2303 eos
2807 2247 3047 2310 induxit,
3085 2244 3333 2314 antiquis
3359 2243 3479 2313 ejus
3529 2243 3688 2298 babi-

2107 2343 2386 2398 tatoribus
2447 2340 2666 2412 penitus
2719 2337 2944 2400 deletis,
3005 2336 3257 2407 ipsisque
3307 2333 3465 2388 valde
3515 2333 3684 2387 latam

2106 2434 2506 2490 habitationem
2539 2431 2771 2502 largitus
2796 2437 2902 2485 est.
2933 2428 3031 2484 Sin
3079 2429 3193 2482 haec
3225 2441 3335 2481 non
3369 2427 3446 2480 ita
3495 2441 3554 2481 se
3588 2425 3686 2479 ha-

2105 2528 2236 2583 bere
2258 2525 2588 2597 opinamini,

2175 2619 2344 2674 Vens.
2387 2619 2440 2673 2.
2491 2638 2509 2670 ι
2563 2615 2824 2672 Transite
2884 2614 3206 2678 Chalanem,
3267 2622 3322 2668 et
3355 2610 3687 2682 pertransitc

2105 2708 2232 2765 inde
2260 2708 2546 2764 Ematham
2574 2721 2851 2778 magnam,
2887 2713 2941 2762 et
2967 2705 3292 2762 descendite
3327 2702 3540 2774 1435
3565 2717 3687 2758 ver-

2105 2817 2206 2858 sus
2261 2800 2422 2866 Geth,
2487 2799 2932 2870 alienigenarum
2988 2798 3225 2867 optimas
3290 2811 3358 2850 ex
3427 2794 3687 2848 omnibus

2108 2896 2295 2966 regnis
2325 2894 2461 2951 his:
2505 2908 2638 2948 num
2706 2890 3008 2962 ampliores
3068 2890 3179 2945 sint
3225 2886 3444 2943 termini
3493 2900 3688 2940 eorum

2109 2987 2363 3042 terminis
2407 2984 2656 3040 vestris?
2697 3002 2716 3035 ι
2765 2981 3189 3036 Proﬁciscentes
3244 2979 3299 3033 in
3335 2977 3692 3048 supradictas

2106 3080 2297 3142 urbes.
2345 3093 2468 3149 quae
2517 3083 2647 3132 sunt
2691 3074 2969 3139 maximaz,
3021 3079 3077 3127 et
3126 3077 3688 3126 commemoratornm

2106 3186 2404 3243 regnorum
2459 3167 2955 3239 praestantissimae,
2991 3165 3159 3234 plane
3207 3163 3530 3233 cognoscite
3578 3177 3690 3215 non

2105 3278 2232 3318 esse
2263 3263 2531 3315 minorem
2566 3267 2770 3313 terram
2815 3271 2983 3327 quam
3041 3257 3249 3320 colitis,
3286 3269 3350 3310 ea
3401 3268 3566 3324 quam
3609 3252 3693 3306 illi

2107 3361 2314 3411 tenent.

2173 3445 2340 3501 Vsus.
2371 3445 2427 3498 5.
2471 3463 2490 3496 ι
2527 3441 2630 3510 Qui
2669 3440 2869 3496 venitis
2905 3439 2975 3506 {in
3034 3437 3181 3494 diem
3214 3437 3419 3493 malum
3457 3455 3472 3493 :
3537 3453 3557 3488 ι
3602 3443 3692 3490 ut-

2102 3547 2234 3608 pote
2291 3535 2386 3607 qui
2420 3549 2520 3590 vos
2558 3533 2757 3604 dignos
2818 3528 3081 3586 effecistis
3126 3536 3185 3582 ut
3225 3543 3418 3598 poenas
3455 3526 3686 3581 daretis.

2104 3631 2256 3688 Diem
2306 3630 2452 3687 enim
2511 3627 2716 3684 malum
2771 3634 2936 3683 vocat
3002 3625 3234 3683 ultionis
3285 3629 3340 3678 et
3399 3635 3689 3693 poenarum

2105 3721 2274 3776 diem.
2319 3739 2337 3772 ι
2378 3719 2483 3786 Qui
2531 3717 3012 3789 appropinquatis,
3060 3725 3116 3771 et
3183 3712 3414 3785 tangitis
3461 3711 3692 3767 sabbata

2107 3813 2270 3870 falsa.
2307 3831 2326 3864 ι
2365 3812 2469 3879 Qui
2498 3812 2553 3866 in
2581 3810 2822 3881 speciem
2857 3808 3124 3866 videmini
3147 3807 3397 3863 venerari
3427 3803 3692 3869 Sahbata,

2105 3916 2162 3964 et
2197 3908 2252 3962 in
2287 3908 2367 3964 eis
2425 3907 2576 3962 mille
2606 3904 2810 3976 flagitia
2863 3901 3233 3960 committitis.
3275 3897 3430 3972 [4,5]
3483 3896 3692 3952 Deinde

2105 4001 2360 4072 increpat
2418 4014 2608 4056 eorum
2645 3997 2894 4060 delicias,
2947 3995 3140 4051 dicens
3192 4007 3289 4048 eos
3349 3990 3456 4046 sibi
3515 3989 3692 4043 lectos

2107 4101 2359 4148 sternere
2383 4091 2684 4152 eburneos,
2733 4087 2999 4157 omnique
3025 4086 3159 4139 luxu
3197 4082 3466 4146 dimuere,
3517 4079 3692 4137 haedis

2105 4197 2172 4236 ex
2208 4195 2371 4252 grege
2409 4189 2465 4234 et
2497 4177 2686 4232 vitulis
2716 4192 2784 4231 ex
2814 4182 3068 4230 armento
3108 4171 3323 4235 allatis,
3360 4169 3692 4222 instrumen-

2107 4271 2293 4342 tisque
2345 4267 2503 4326 suavi
2569 4265 2856 4322 harmonia
2909 4262 3342 4324 resonantibus,
3380 4259 3693 4331 plausuque

2108 4379 2371 4420 manuum
2414 4362 2481 4418 ad
2538 4375 2734 4418 sonum
2790 4356 3235 4421 accommodato,
3269 4354 3402 4409 vino
3458 4352 3692 4408 odorato

2107 4466 2163 4515 et
2222 4455 2478 4512 defecato
2550 4451 2819 4518 adhibito,
2862 4459 2917 4506 et
2989 4455 3274 4518 unguento
3349 4441 3691 4502 suaveolenti

2110 4551 2302 4606 luxum
2333 4547 2678 4604 cumulante.
2735 4545 2899 4609 Cum,
2933 4542 3137 4612 inquit,
3199 4540 3279 4594 sic
3340 4534 3600 4609 ageretis.
3637 4542 3694 4588 et

416 4625 606 4697 φησὶν,
635 4628 918 4705 ἐκδεδιῃτη
930 4631 1099 4703 μένοι,
1133 4634 1230 4688 καὶ
1257 4635 1318 4690 τὸ
1362 4637 1704 4710 ἁϐροδίαιτον
1747 4642 2002 4698 ἀσπασά-

2112 4641 2280 4696 molle
2319 4652 2386 4693 ac
2417 4635 2749 4692 dissolutum
2799 4632 2927 4688 vitae
2955 4645 3130 4703 genus
3181 4627 3380 4684 essetis
3429 4623 3690 4694 amplexi,

418 4733 596 4800 μενοι,
629 4719 721 4774 καὶ
748 4723 1068 4793 νομίσαντες
1089 4727 1290 4800 μόνιμα
1316 4728 1490 4784 ταῦτα
1513 4729 1652 4788 εἶναι
1672 4734 1767 4788 καὶ
1781 4734 2002 4808 διαρκῆ,

413 4808 481 4862 οὐ
524 4808 1005 4884 διαλογισάμενοι⁸
1050 4816 1107 4870 δὲ
1162 4819 1344 4875 αὐτῶν
1392 4821 1452 4875 τὸ
1511 4823 1783 4897 διαρρέον.
1833 4827 2007 4883 Τοῦτο

413 4902 530 4973 γὰρ
566 4905 863 4977 ἐσήμηνεν,
901 4909 1174 4980 εἰρηκώς·
1214 4933 1232 4965 ι
1284 4914 1373 4976 Ὠς
1423 4915 1652 4973 ἑστῶτα
1691 4917 2006 4990 ἐλογίσαντο

414 4993 517 5048 καὶ
546 4994 642 5064 οὐχ
664 4995 740 5060 ὡς
771 4997 1062 5068 φεύγοντα.
1093 5003 1208 5057 Οὐκ
1235 5004 1476 5078 ἔπασχον
1503 5009 1656 5064 οὐδὲν
1687 5012 1748 5066 ἐν
1779 5013 1846 5083 τῇ
1879 5028 2004 5066 συν-

413 5085 580 5158 τριϐῇ
613 5086 709 5140 τοῦ
744 5088 945 5162 Ἰωσήφ
969 5107 984 5122 ο
1032 5109 1050 5143 ι
1086 5093 1203 5148 ἀλλ’
1229 5096 1552 5170 ἀναλγήτως
1584 5100 1780 5173 ἔφερον
1812 5104 2006 5157 τοσαύ-

415 5193 520 5240 τας
572 5181 919 5252 παρανομίας
965 5183 1293 5256 τολμῶντες.
1339 5191 1564 5263 Ἰωσὴφ
1618 5193 1729 5267 γὰρ
1806 5196 2007 5262 αὐτοὺς

494 5341 520 5372 ο
547 5333 672 5393 Act.
698 5352 797 5407 vn,
827 5337 922 5396 45.

2113 4741 2282 4805 atque
2304 4733 2423 4787 haec
2461 4728 2684 4785 stabilia
2717 4736 2767 4781 et
2821 4732 3085 4795 perpetua
3124 4717 3546 4780 existimaretis,
3591 4729 3696 4769 nec

2112 4821 2433 4896 cogitaretis
2457 4833 2648 4876 eorum
2711 4825 2917 4872 statum
2973 4813 3204 4874 ﬂuxum,
3256 4818 3310 4866 et
3347 4823 3542 4880 parum
3599 4806 3696 4860 diu

2113 4919 2395 4975 stabilem.
2418 4913 2536 4969 Hoc
2559 4911 2708 4966 enim
2731 4907 3093 4980 signiﬁcavit,
3117 4918 3240 4958 cum
3271 4901 3432 4965 dixit,
3461 4917 3478 4950 ι
3501 4897 3695 4964 Quasi'

2113 5009 2315 5068 stantia
2345 5011 2712 5078 putaverant,
2747 5008 2803 5056 et
2859 5014 2970 5053 non
3011 4995 3169 5068 quasi
3199 4992 3489 5064 fugientia.
3549 4988 3698 5042 Nihil

2111 5101 2466 5174 patiebantur
2495 5110 2662 5166 super
2695 5089 3028 5147 contritione
3052 5085 3313 5156 Iosephi;
3355 5103 3372 5134 ι
3417 5081 3512 5139 sed
3543 5080 3700 5134 nullo

2115 5172 2282 5253 sensu
2316 5189 2530 5247 doloris
2581 5183 2960 5242 aﬁiciebantur
3009 5185 3162 5234 tanta
3227 5177 3439 5234 scelera
3497 5172 3703 5229 admit-

1713 5457 1950 5516 VARLE
2007 5455 2416 5516 LECTIONES.

491 5585 541 5620 ”
571 5585 662 5639 ἐπ.
695 5583 1132 5665 Expungendutn
1161 5585 1421 5665 _fuit__sic,
1467 5591 1612 5665 quod
1654 5591 1880 5665 incdit.
1921 5595 2098 5665 Sirm.
2133 5592 2495 5665 praecedebat.

2639 5591 2685 5623 "
2719 5588 2868 5644 ἐαυτ.
2901 5587 2943 5643 C
2987 5587 3048 5641 ἐν
3085 5585 3294 5649 αὑταῖς.
3404 5582 3449 5615 "’
3487 5580 3528 5635 C
3577 5581 3692 5633 εισ-

418 5659 620 5727 ήγαγε.
694 5655 741 5688 ’⁸
770 5651 852 5720 εἰς
876 5651 1012 5712 Χαλ.
1049 5656 1246 5713 Bosius
1276 5651 1696 5717 Nostro'tribuit
1718 5664 2006 5721 lectionem
2033 5651 2235 5730 πάντες
2263 5665 2343 5728 εἰς
2367 5662 2527 5725 Χαλι.
2551 5660 2648 5716 sed
2686 5660 2886 5722 πάντες
2914 5658 3032 5716 des.
3059 5659 3113 5712 ill
3138 5659 3182 5709 Α
3203 5665 3256 5709 οι
3284 5655 3346 5708 C-
3419 5651 3463 5684 ⁹’
3493 5651 3613 5718 Ἐμο
3641 5667 3692 5704 τ·

423 5743 554 5783 imr.
592 5725 640 5780 Α
677 5727 1048 5783 Ἐματοαϐϐά.
1129 5727 1142 5756 ¹
1172 5729 1306 5782 ἐστι.
1339 5731 1397 5783 In
1431 5730 1476 5783 A
1508 5740 1632 5783 nost
1660 5734 1782 5783 αὐτ.
1831 5737 2072 5783 nnnitnr.
2148 5739 2169 5768 ³
2201 5736 2244 5783 t‘.
2275 5731 2653 5783 προσκεῖσθαι.
2734 5731 2756 5763 ³
2786 5731 2981 5783 κοότου
3031 5757 3101 5768 -
3140 5741 3249 5783 γιν.
3294 5721 3433 5776 Hinc
3484 5721 3692 5783 comiti-

422 5721 557 5797 Ιλέγέ
592 5725 640 5780 Α
677 5727 1070 5812 Ἐματραδδάκ
1129 5727 1142 5756 ¹
1172 5729 1306 5811 ἐστε-
1339 5731 1397 5784 In
1431 5730 1476 5783 Α
1508 5740 1632 5813 post
1660 5734 1782 5789 αὐτ.
1831 5737 2072 5806 ponitur.
2148 5739 2169 5768 ³
2201 5721 2244 5791 ὁ
2275 5721 2653 5813 ﬂectant-60m.
2734 5731 2756 5763 ³
2786 5721 2981 5800 κρότου
2999 5757 3101 5810 _—
3140 5741 3249 5794 γιν.
3294 5721 3433 5776 llinc
3484 5721 3695 5789 colligi-

423 5806 538 5875 “!!‘v
583 5793 841 5875 N03,";“m
858 5813 1018 5875 νεΐεο,
1039 5797 1091 5854 5-
1123 5797 1385 5875 Ιιθιῖιιμέξθ
1418 5801 1712 5875 lqcllonem
1743 5806 2088 5863 emendatam
2141 5807 2561 5875 ἐπικροτουντες
2593 5817 2693 5874 pro
2729 5802 3172 5872 ἐπικρατοῦντες,
3215 5807 3335 5866 qua:
3357 5802 3442 5850 est
3463 5806 3577 5848 rec.
3612 5793 3689 5846 le-

430 5866 565 5938 ctio.
677 5867 694 5897 ⁸
723 5867 764 5922 C
793 5867 1136 5939 γιγνομένου,

1214 5870 1235 5902 ³
1261 5869 1302 5924 (3
1332 5870 1731 5944 διηνθισμένον.
1810 5877 1830 5908 ⁸
1854 5878 1896 5932 (Σ
1927 5869 2295 5946 λογισάμενοιζ
