4088 6420
558 447 699 513 1695

1523 448 2013 513 THEODORETI
2071 444 2410 513 EPISCOPI
2461 445 2845 506 CYRENSIS‘

3695 437 3838 507 1696

556 571 759 621 tentes.
786 557 983 629 Jouplr
1010 559 1158 615 enim
1201 573 1299 614 eos
1354 558 1671 628 appellavit,
1711 558 1979 628 quoniam
2037 552 2133 609 Jo-

2242 551 2656 623 προσηγόρευσε
2685 569 2701 584 θ
2756 549 2855 605 τοῦ
2904 548 3014 623 γὰρ
3064 545 3263 621 Ἰωσὴφ
3309 550 3338 602 6
3379 547 3625 621 Ἐφραῖμ
3672 550 3836 615 υἰ6ς⁸

558 651 720 721 sephi
762 649 911 709 filius
944 650 1051 705 fuit
1082 647 1369 720 Ephraim,
1400 646 1658 715 Epiri-aint
1682 653 1868 703 autem
1896 644 2140 717 appellat

556 742 747 796 decem
797 741 999 797 tribus.

630 831 795 887 Vens.
834 833 958 897 73.8.
995 851 1017 886 ι
1077 832 1377 905 Propterea
1434 846 1587 889 nunc
1640 830 1844 902 captivi
1908 837 2074 887 erunt
2106 844 2137 883 a

558 923 876 993 principatu
912 922 1162 991 fortium,
1196 934 1252 981 et
1280 925 1569 982 auferetur
1626 923 1881 980 hinnitus
1925 921 2139 994 1536

555 1031 827 1087 equorum
861 1033 928 1073 ex
966 1018 1291 1090 Ephraimo.
1324 1017 1470 1084 Quia
1506 1016 1721 1087 juravit
1743 1015 2011 1072 Dominus
2038 1028 2139 1085 per

556 1113 954 1186 semetipsum,
1015 1112 1243 1176 dicens,
1287 1109 1557 1167 Dominus
1614 1108 1760 1163 Deus
1819 1109 2086 1162 virtutum
2122 1123 2143 1165 ιη

554 1204 700 1271 Quia
738 1219 854 1275 ego.
872 1202 1399 1261 abominoromnem
1418 1199 1813 1257 contumeliam
1834 1196 2046 1265 Jacobi,
2083 1205 2139 1253 et

556 1297 813 1367 regiones
871 1295 995 1365 ejus
1048 1295 1176 1361 odi,
1234 1301 1291 1351 et
1354 1292 1600 1350 auferam
1658 1292 1938 1351 civitatem
2009 1306 2149 1346 cum

558 1386 974 1442 habitatoribus
1019 1385 1159 1443 suis.
1212 1403 1233 1437 ι
1284 1384 1605 1453 Principes,
1666 1382 1869 1452 inquit,
1922 1381 2138 1435 viribus

556 1486 886 1546 praestantes
952 1490 1049 1532 eos
1094 1478 1347 1546 captivos
1414 1475 1725 1540 abducent,
1782 1481 1838 1529 et
1915 1472 2134 1528 tandem

562 1566 849 1636 Ephraimi
875 1567 1117 1636 potentia
1156 1568 1428 1636 capietur.
1463 1564 1642 1622 Verax
1685 1566 1830 1622 enim
1864 1574 1919 1619 et
1976 1565 2141 1620 fortis

557 1669 664 1723 est,
688 1659 782 1729 qui
814 1659 958 1715 hanc
992 1660 1321 1715 sententiam
1377 1666 1574 1715 contra
1610 1673 1737 1714 eum
1788 1659 1934 1714 tulit.
1987 1658 2141 1712 Tulit-

557 1758 764 1813 autem,
795 1749 916 1821 ejus
946 1750 1325 1821 arrogantiam
1350 1750 1807 1823 impietatemque
1827 1751 2133 1808 detestans.

626 1926 794 1989 Vens.
827 1928 984 1987 9-H.
1010 1946 1031 1983 ι
1068 1929 1136 1988 Et
1158 1931 1288 1999 erit,
1321 1932 1366 1989 si
1403 1933 1777 1988 remanserint
1809 1932 2005 1991 decem
2030 1933 2138 1990 viri
2168 1900 2211 1956 Β

553 2020 610 2076 in
645 2021 810 2078 domo
840 2038 974 2087 una.
998 2030 1054 2080 et
1083 2024 1187 2094 ipsi
1214 2024 1520 2084 morientur
1545 2034 1600 2082 et
1632 2025 1999 2083 remanebunt
2046 2040 2139 2081 re-

555 2114 715 2181 liqui.
749 2115 816 2171 Et
849 2117 1043 2173 tollent
1081 2116 1381 2175 domestici
1427 2132 1656 2185 eorum,
1716 2125 1773 2174 et
1804 2126 2027 2190 cogent,
2079 2123 2146 2173 ut.

554 2206 787 2266 efferant
815 2222 942 2263 ossa
983 2223 1176 2267 eorum
1221 2209 1290 2265 de
1333 2209 1501 2266 domo
1540 2227 1555 2266 :
1589 2218 1647 2265 et
1704 2209 1853 2267 dicet
1901 2210 1989 2266 his
2040 2209 2138 2282 qui

557 2309 803 2367 presunt
827 2299 1015 2355 domui
1050 2321 1064 2358 :
1105 2303 1190 2358 An
1230 2302 1413 2361 adhuc
1435 2310 1521 2359 est
1557 2302 1704 2374 apud
1732 2304 1821 2360 te?
1843 2302 1911 2358 Et
1939 2303 2089 2360 dicet
2120 2320 2147 2358 τη

555 2389 952 2461 Nequaquam;
995 2400 1052 2449 et
1091 2393 1244 2449 dicet
1272 2412 1296 2448 τ·
1316 2393 1483 2460 Tace,
1519 2410 1609 2451 ne“
1634 2395 1888 2452 nomines
1930 2411 2138 2453 nomen

557 2479 796 2537 Domini.
834 2502 852 2535 ι
892 2481 1104 2553 Tanta;
1148 2484 1360 2556 inquit.
1413 2486 1724 2543 incolarum
1757 2487 1925 2545 urbis
1959 2488 2138 2545 inter-

452 2642 455 2645 _
554 2577 715 2631 necio
750 2575 862 2641 ﬁet,
911 2585 971 2631 ut
1000 2577 1248 2648 quaedam
1279 2580 1427 2637 ades
1476 2588 1729 2637 mortuos
1761 2581 2003 2639 habeant
2033 2581 2137 2639 ha-

553 2668 823 2726 bitatores
854 2686 1069 2733 omnes.
1104 2672 1408 2743 vicinique,
1450 2681 1547 2729 aut
1591 2675 1885 2746 propinqui
1937 2691 2137 2747 genere

552 2778 620 2816 ex
651 2762 781 2817 aliis
804 2762 1017 2818 aedibus
1049 2763 1307 2833 profecti,
1340 2775 1689 2822 mortuorum
1717 2767 1999 2825 cadavera
2027 2769 2135 2825 hu-

554 2853 763 2909 manda
791 2854 1010 2915 curent,
1039 2854 1609 2926 deindeinvestigent,
1657 2864 1713 2914 et
1762 2857 1906 2915 inter
1947 2876 2008 2917 se
2056 2861 2137 2916 in-

555 2952 861 3013 terrogent.
896 2946 1146 3016 nunquid
1182 2947 1256 3002 sit
1295 2946 1445 3003 aliud
1494 2948 1856 3019 insepultum.
1890 2950 2138 3023 Respon-

555 3035 818 3091 dentibus
862 3045 1044 3090 autem
1099 3037 1335 3107 illisqui
1368 3038 1519 3095 intus
1553 3048 1705 3105 sunt,
1768 3041 1906 3096 nihil
1960 3058 2133 3101 esse:

554 3126 799 3194 silentia,
835 3128 1037 3198 inquit,
1075 3131 1297 3187 attoniti
1358 3140 1600 3196 exeunt,
1634 3133 1739 3189 hoc
1771 3132 1958 3191 facere
2000 3137 2136 3193 invi-

2258 642 2501 714 Ἐφραῒμ
2535 644 2593 697 δὲ
2617 643 2716 708 τὰς
2740 643 2872 698 δέκα
2895 640 3067 714 φυλάς
3093 638 3367 713 ὀνομάζει.

2315 825 2381 889 ς’,
2402 827 2477 895 η’.
2497 839 2515 875 ι
2541 822 2640 877 Διὰ
2654 822 2812 878 τοῦτο
2822 821 2916 877 νῦν
2933 820 3271 894 αἰχμάλωτοι
3288 820 3505 878 ἔσονται
3532 822 3632 877 ἀπ’
3649 823 3841 895 ἀρχῆς

2239 913 2541 980 δυναστῶν,
2573 915 2667 967 καὶ
2700 912 3070 986 ὲξαρθήσεταιι
3107 914 3477 986 χρεμετισμὸς
3533 915 3724 971 ἵππων
3774 916 3840 980 ἐξ

2252 1006 2510 1078 Ἐφραῖμ.
2535 1006 2659 1060 Ὀτι
2696 1004 2879 1076 ὤμοσε
2912 1005 3118 1078 Κύριος
3173 1004 3296 1059 καθ’
3334 1005 3559 1071 ἑαυτοῦ,
3580 1006 3763 1075 λέγων
3782 1007 3837 1068 ',

2239 1094 2446 1167 Κύριος
2473 1098 2502 1150 6
2528 1095 2657 1159 Θεὸς
2682 1095 2789 1149 τῶν
2817 1096 3116 1167 δυνάμεων·
3154 1096 3309 1150 Διότι
3328 1096 3692 1167 βδελύσσομαι
3718 1096 3838 1169 ἐγὼ

2240 1189 2420 1243 πᾶσαν
2446 1186 2544 1259 τὴν
2582 1186 2740 1260 ὕϐριν
2787 1187 3002 1256 Ἰακὼϐ,
3036 1189 3130 1243 καὶ
3162 1188 3262 1252 τὰς
3298 1187 3485 1259 χώρας
3514 1188 3684 1243 αὐτοῦ
3730 1207 3836 1261 με-

2247 1277 2476 1351 μίσηκά,
2502 1280 2599 1333 καὶ
2638 1277 2822 1352 ἑξαρῶ
2853 1278 3006 1334 πόλιν
3033 1280 3143 1335 σὺν.
3162 1280 3276 1342 τοῖς
3301 1281 3323 1311 ⁸
3347 1278 3837 1335 κατοικοῦσιναύ-

2237 1370 2359 1442 τήν.
2394 1389 2414 1421 ι
2444 1370 2757 1441 ΙἌρχοντες,
2777 1370 2935 1441 φησι,
2972 1369 3187 1424 δυνατοὶ
3217 1369 3590 1442 δορυαλώτους
3626 1371 3837 1435 αὐτοὺς

2238 1460 2672 1532 παραλήψονται,
2720 1462 2815 1514 καὶ
2859 1460 3013 1523 τέλος
3047 1462 3081 1533 ἡ
3113 1459 3211 1514 τοῦ
3246 1460 3488 1532 Ἐφραῖμ
3534 1460 3837 1516 δυναστεία

2238 1551 2467 1629 λήψεται
2498 1567 2513 1581 °
2557 1551 2794 1631 ἀψευδὴς
2827 1552 2938 1629 γὰρ
2983 1553 3079 1606 καὶ
3122 1551 3347 1617 δυνατὸς
3387 1555 3417 1606 ό
3454 1554 3674 1625 ταύτην.
3708 1557 3851 1609 κατ”

2240 1645 2407 1701 αὐτοῦ
2435 1645 2534 1716 τὴν
2584 1645 2763 1716 ψῆφον
2798 1643 3120 1715 ἐξενεγκὼν.
3163 1644 3593 1717 Κατεψηφίσατο
3612 1646 3699 1712 δὲ,
3726 1648 3832 1700 αὐ-

2238 1737 2334 1795 τοῦ
2409 1739 2510 1810 τὴν
2570 1737 2891 1805 ἀλαζονείαν
2946 1739 3042 1796 καὶ
3092 1739 3193 1811 τὴν
3246 1740 3502 1798 ἀσέὸειαν
3564 1741 3847 1813 βδελυξά-.

2240 1846 2424 1905 μενοςο

2314 1921 2472 1980 θ’-ια’.
2507 1942 2525 1976 ι
2555 1922 2667 1979 Καὶ
2709 1922 2884 1989 ἔσται,
2924 1923 3021 1979 ἐὰν
3061 1923 3428 1996 ὑπολειφθῶσι
3465 1925 3597 1980 δέκα
3627 1926 3838 1998 ἄνδρες

2240 2013 2300 2067 ὲν
2330 2013 2475 2085 οἰκίᾳ.
2512 2015 2632 2090 μιᾷ,
2666 2012 3067 2068 ἀποθανοῦνται
3091 2016 3135 2076 ".
3196 2018 3293 2069 καὶ
3318 2016 3837 2088 ¹⁰’άπολειφθήσον-

2237 2120 2329 2157 ται
2358 2105 2407 2158 οί
2435 2105 2769 2161 κατάλοιποι.
2797 2107 2910 2161 Καὶ
2924 2105 3184 2178 λήψονται
3207 2109 3258 2160 ot
3280 2108 3704 2176 οἰκεῖοιαὺτῶν,
3734 2111 3837 2163 καὶ

2239 2198 2614 2267 παραὸιῶνται
2638 2197 2733 2251 τοῦ
2760 2198 3064 2269 ἐξενεγκεῖν
3096 2200 3137 2230 “
3163 2200 3232 2256 τά
3269 2200 3405 2255 όστᾶ
3423 2200 3606 2255 αὐτῶν
3632 2203 3704 2256 ἐκ
3732 2202 3851 2256 τοῦ.

2236 2288 2389 2342 οῖκου
2406 2288 2536 2343 ναοῦ
2564 2290 2627 2356 η,
2653 2291 2747 2344 καὶ
2766 2291 2882 2362 ἐρεῖ
2910 2293 3025 2356 τοῖς
3047 2291 3415 2364 προεστηκόσι
3450 2292 3547 2348 τοῦ
3583 2294 3740 2348 οῖκου
3758 2295 3835 2357 ⁸³,

2239 2379 2304 2434 Εἰ
2324 2379 2403 2434 ἔτι
2421 2381 2656 2453 ὑπάρχει
2685 2383 2835 2453 παρὰ
2858 2383 2941 2437 σοί
2961 2400 2976 2449 ;
3008 2384 3120 2438 Καὶ
3143 2386 3261 2459 ἐρεῖ
3279 2403 3291 2417 ·
3314 2386 3532 2440 Ούκέτυ
3566 2387 3664 2440 καὶ
3683 2389 3831 2459 ἐρεῖ·

2239 2470 2396 2541 Σίγα,
2412 2472 2598 2527 ἕνεκεν
2612 2472 2705 2527 τοῦ
2726 2474 2799 2547 μὴ
2826 2474 3093 2547 ὀνομάσαι
3115 2476 3176 2529 τὸ
3200 2475 3371 2547 ὄνομα
3395 2477 3626 2550 Κυρίου.
3642 2497 3665 2531 ο
3692 2478 3835 2533 Τοσ-

2238 2562 2409 2632 αύτη,
2439 2565 2591 2636 φησὶ,
2615 2564 2790 2636 φθορὰ
2815 2566 2924 2620 τῶν
2956 2566 3311 2622 ἐνοικούντων
3334 2568 3432 2639 τὴν
3467 2568 3622 2623 πόλιν
3659 2572 3837 2641 γενὴς

2238 2672 2413 2721 σεται,
2443 2656 2520 2721 ὠς
2547 2656 2695 2722 ἐνίας
2714 2656 2894 2722 οἰκίας
2917 2660 3127 2721 πάντας
3156 2658 3301 2730 ἒχειν
3325 2660 3463 2724 τοὺς
3474 2661 3834 2726 ἐνοικοῦντας

2242 2749 2494 2819 νεκροὺς,
2520 2750 2616 2803 καὶ
2649 2752 2778 2816 τοὺς
2802 2750 3209 2824 πελάζοντας,ἢ
3234 2752 3397 2822 γένει.
3416 2752 3827 2824 προσήκοντας,

2236 2840 2296 2907 ὲξ
2324 2840 2526 2910 ἑτέρων
2557 2842 2745 2894 οίκιῶν
2775 2841 3249 2913 παραγινομένους
3272 2841 3409 2896 τῶν.
3432 2843 3833 2917 τετελευτηκό-

2236 2948 2343 2986 των
2381 2932 2449 2985 τὰ
2490 2932 2721 3005 σώματα
2767 2924 3121 3006 παραδιδόναι
3156 2938 3304 3009 ταφῇ
3331 2952 3345 2966 ·
3400 2930 3521 2991 εἶτα
3568 2937 3829 3010 ὲρευνᾷν,

2237 3024 2332 3078 καὶ
2363 3023 2626 3095 ἀλλήλους
2654 3027 2968 3102 ,ἀνερωτᾷκ
3013 3026 3087 3097 μὴ
3119 3027 3226 3099 ἄρα
3255 3027 3344 3098 εἴη
3374 3029 3563 3101 ἕτερον
3592 3030 3847 3102 ἄταφοι,

2250 3116 2725 3187 ’Δποκρινομένων
2749 3117 2806 3172 δὲ
2827 3117 2938 3172 τῶν
2964 3118 3280 3190 ὲνδοτέρων,
3308 3119 3385 3184 ὡς
3406 3119 3507 3173 οὐκ
3524 3121 3610 3193 εἴη
3630 3137 3644 3151 ·
3672 3125 3841 3193 σιγῇ,

553 3231 674 3273 cem
707 3218 1021 3287 hortantes,
1051 3226 1111 3277 ut
1146 3220 1359 3291 prolata
1408 3236 1441 3279 a
1465 3220 1576 3280 Deo
1610 3221 1998 3282 universorum
2026 3224 2133 3282 hac

2241 3205 2391 3277 φησὶ,
2417 3204 2716 3277 τεθηπότες
2742 3207 2940 3276 ἐξίασι,
2964 3207 3125 3262 τοῦτο
3152 3211 3330 3263 ποιεῖν
3358 3209 3612 3282 ἀλλήλοις
3633 3228 3826 3283 παρα-

553 3310 850 3365 sententia.

625 3484 793 3543 Vens.
831 3487 917 3541 ιν.
944 3505 963 3539 ι
999 3486 1307 3560 Propterea
1325 3504 1457 3546 ecce
1499 3488 1767 3549 Dominus
1797 3493 2044 3562 mandat,
2075 3501 2132 3549 et

553 3579 829 3649 percutiet
864 3577 1092 3635 domum
1125 3596 1381 3651 magnam
1420 3581 1625 3647 ruinis,
1663 3593 1719 3639 et
1741 3584 1966 3640 domum
2002 3601 2131 3657 par-

552 3685 677 3724 vam
705 3670 1096 3728 scissionibus.
1128 3690 1147 3722 ι
1185 3671 1322 3726 Nam
1376 3687 1651 3744 pauperes
1698 3689 1854 3745 aeque
1885 3691 1955 3732 ac
2011 3692 2133 3731 ma-

551 3768 744 3830 gnetes
778 3760 1045 3816 destruet.

624 3850 792 3908 Vens.
850 3852 1058 3915 13,14.
1116 3872 1135 3907 ι
1192 3851 1279 3908 An
1324 3861 1733 3926 persequentur
1773 3856 2013 3931 .1537
2074 3859 2131 3915 in

550 3947 724 4015 petris
778 3946 941 4014 equi?
969 3960 1054 4002 atr
1082 3947 1395 4017 reticcbunt
1442 3946 1510 4001 ad
1564 3947 1837 4005 feminas?
1868 3932 2131 4021 quoniam

549 4036 904 4094 convertistis
930 4037 985 4092 in
1019 4035 1265 4094 furorem
1306 4037 1609 4105 judicium,
1644 4049 1699 4095 et
1735 4039 1981 4099 fructum
2033 4044 2128 4115 ju-

549 4128 715 4184 stitiae
749 4128 802 4183 in
831 4129 1285 4189 amaritudinem.
1327 4130 1431 4198 Qui
1457 4131 1720 4187 laetemini
1757 4135 1942 4205 super!
1975 4136 2130 4193 nullo

546 4222 712 4279 verbo
737 4221 906 4288 bono,
941 4222 1225 4278 dicentes:
1254 4220 1449 4279 Nonne
1475 4238 1575 4294 per
1603 4223 1990 4283 fortitudinem
2024 4242 2130 4284 no-

547 4319 720 4368 stram
760 4312 1055 4371 habuimus
1093 4316 1347 4370 cornua?
1380 4334 1399 4368 ›
1443 4315 1577 4389 Equi
1611 4318 1834 4390 quidem
1861 4361 1877 4386 ,
1910 4321 2127 4394 inquit,

2234 3296 2601 3368 κελευόμενοι,
2638 3297 2714 3362 ὡς
2759 3298 2852 3353 τοῦ
2880 3298 3016 3354 Θεοῦ
3042 3299 3151 3357 τῶν
3178 3299 3316 3356 ὅλων
3362 3302 3571 3374 ταύτην
3603 3302 3835 3374 ἐξενεγ-

2233 3389 2422 3453 κόντος
2470 3389 2571 3462 τὴν
2628 3389 2833 3461 ψῆφον.

2305 3482 2392 3554 ιβ’.
2452 3502 2471 3536 ι
2510 3482 2656 3537 Διότι
2685 3483 2794 3537 ίδοὺ
2847 3482 3053 3557 Κύριος
3101 3484 3431 3551 ἐντέλλεται,
3486 3485 3591 3540 καὶ⁵
3648 3489 3849 3543 πατάξ

2235 3573 2313 3642 εει
2370 3573 2475 3629 τὸν,
2513 3571 2660 3630 οἶκον
2709 3575 2803 3631 τὸν
2868 3576 3043 3649 μέγαν
3110 3578 3408 3652 θλάσμασι,
3462 3582 3560 3635 καὶ
3613 3582 3711 3637 τὸν
3750 3577 3839 3637 οἷς

2234 3684 2331 3722 κον
2370 3667 2463 3722 τὸν
2513 3669 2710 3739 μικρὸν
2759 3670 3058 3742 ρήγμασιν.
3091 3688 3110 3723 ι
3160 3671 3395 3741 Ὁμοίως
3429 3672 3539 3741 γὰο
3589 3677 3708 3738 τοῖς
3771 3675 3835 3729 ἐν

2246 3759 2429 3831 πενίᾳ,
2491 3760 2588 3814 καὶ
2636 3760 2763 3826 τοὺς
2821 3760 3079 3827 δυνατοὺς
3124 3762 3440 3818 καταλύσει.

2308 3853 2398 3922 ιγ’,
2419 3853 2503 3911 ιδ’.
2526 3853 2620 3907 «Εἰ
2641 3852 2921 3918 διώξονται
2939 3855 2997 3909 ὲν
3021 3853 3249 3926 πέτραις
3272 3854 3513 3923 ἵπποι,εἰ
3538 3875 3849 3931 παρασιωο,

2233 3945 2500 4016 στήσονται
2550 3945 2608 4002 ὲν
2651 3944 2935 4014 θηλείαις,
2970 3947 3054 4001 ὅτι
3103 3944 3469 4020 ὲξεστρέψατε
3517 3949 3597 4015 είς
3652 3950 3841 4023 θυμὸν

2232 4037 2449 4108 κρῖμα,
2519 4036 2614 4092 καὶ
2673 4036 2887 4111 καρπὸν
2936 4036 3284 4111 δικαιοσύνης
3336 4040 3417 4105 είς
3469 4042 3726 4113 πικρίαν.
3766 4046 3833 4099 οι

2231 4127 2644 4200 εὐφραινόμενοι
2669 4128 2953 4185 ἐπ’·ούδενὶ
2977 4128 3121 4202 λόγῳ
3145 4130 3336 4203 άγαθῷ
3357 4131 3421 4197 ³⁸,
3447 4134 3496 4188 οἱ
3529 4133 3796 4204 λέγοντες
3813 4154 3830 4169 ·

2234 4224 2349 4278 Οὐκ
2384 4224 2443 4278 ὲν
2487 4226 2555 4297 τῇ
2597 4223 2746 4297 ἰσχύϊ
2793 4223 2954 4297 ἡμῶν
3007 4225 3239 4299 ἔσχομεν
3283 4227 3489 4301 κέρατα
3524 4248 3539 4296 ;
3574 4249 3594 4283 ι
3635 4229 3844 4287 “farm

2234 4317 2355 4389 μὲν,
2409 4316 2565 4390 φησὶ,
2621 4318 2765 4375 κατά
2821 4318 3035 4390 πετρῶν
3084 4318 3228 4375 θέειν
3274 4321 3336 4375 οὐ
3369 4320 3651 4391 δύνανται,
3683 4325 3835 4379 οἶδὲ

546 4403 600 4460 in
634 4404 803 4474 petris
837 4420 1062 4461 currere
1088 4422 1195 4462 non
1222 4417 1458 4477 possunt
1490 4427 1506 4464 :
1540 4410 1730 4468 hostes
1760 4429 1893 4469 vero
1926 4427 2126 4473 contra

2241 4409 2480 4482 πολέμιοι
2506 4411 2815 4484 χωρήσουσι
2840 4411 2959 4466 καθ’
2980 4410 3154 4480 ὑμῶν,
3196 4412 3290 4467 τοῦ
3337 4415 3612 4488 προτέρου
3664 4417 3831 4489 ὑμῶν

544 4511 645 4552 vos
682 4497 1128 4566 proﬁciscentur,
1160 4500 1400 4569 priorem
1428 4509 1676 4579 vestram
1701 4506 2014 4563 celsitatcm
2053 4508 2127 4564 ob

2241 4502 2401 4577 ὕψους
2439 4502 2525 4559 διὰ
2572 4503 2672 4575 τὴν
2700 4505 2829 4575 παρ’
2862 4503 3015 4573 ὑμῶν
3046 4505 3411 4578 τολμηθεῖσαν
3456 4510 3827 4580 παρανομίαν

542 4587 749 4660 ﬂagitia
783 4604 813 4645 a
839 4590 999 4646 vobis
1036 4592 1278 4648 admissa
1313 4571 1616 4662 aspernati.
1658 4598 1724 4652 Et
1763 4599 2128 4668 quemadmo-

2241 4571 2927 4670 καταφρονήσαντες-Καὶ
2979 4571 3175 4669 ὥσπερ
3208 4571 3383 4653 ’ἵπποι
3434 4571 3843 4671 χρεμετίξουσιε

541 4682 672 4739 dum
700 4682 851 4752 equi,
872 4697 999 4737 cum
1027 4698 1200 4753 equas
1226 4685 1529 4756 conspicati
1563 4687 1793 4752 fuerint,
1819 4689 2088 4746 hinniunt
2108 4710 2131 4747 ε

2241 4686 2559 4761 θεασάμενοι
2605 4685 2827 4759 θηλείας
2853 4703 2868 4717 ·
2898 4686 3074 4753 οὕτως
3118 4689 3170 4743 οῖ
3214 4689 3467 4761 πολέμιοι
3518 4691 3831 4763 χρήσονται

540 4775 621 4831 sic
655 4776 842 4832 hostes
879 4784 1131 4846 prompto
1162 4776 1419 4837 animoin
1449 4795 1550 4837 vos
1570 4779 1804 4842 irruent,
1858 4783 2128 4851 quoniam

2241 4775 2529 4847 προθύμως
2560 4778 2629 4850 τῇ
2663 4775 2786 4832 καθ’
2812 4777 2967 4849 ὑμῶν
2993 4777 3190 4849 ἐφόδῳ,
3227 4780 3313 4835 ὅτι
3347 4779 3445 4834 τὸν
3499 4780 3696 4852 κριτὴν
3742 4786 3830 4850 εἰς

537 4867 1110 4939 judicisiracundiam
1136 4871 1191 4929 in
1226 4886 1327 4927 vos
1358 4873 1708 4938 concitastis,
1749 4875 2124 4949 acerbamque

2241 4867 2399 4938 θυμὸν
2427 4868 2549 4925 καθ’
2585 4870 2743 4943 ὑμῶν
2766 4870 3085 4941 ἑκινήσατε,
3133 4871 3234 4926 καὶ
3269 4870 3474 4943 πικρὰν
3525 4872 3665 4943 ὁμοῦ
3725 4877 3839 4929 καὶ

539 4965 596 5013 et
628 4958 834 5027 justam
882 4962 1255 5017 sententiam‘
1283 4962 1430 5018 ferre
1483 4963 1767 5033 coegiStis.
1813 4964 1950 5022 Nam
2010 4983 2120 5025 non

2241 4959 2437 5016 ῑικαίαν
2471 4960 2776 5032 ἐξενεγκεῖν
2808 4961 2907 5034 τὴν
2943 4962 3122 5033 ψῆφον
3177 4964 3659 5035 κατηναγκάσατε.
3701 4967 3841 5039 Τὴν.

543 5050 792 5106 honestis
821 5052 987 5109 rebus
1022 5070 1120 5110 vos
1147 5055 1481 5120 oblectatis,
1524 5054 1622 5112 sed
1659 5052 1804 5112 fastu
1840 5066 1894 5115 et
1923 5056 2135 5130 super;

2241 5054 2336 5127 γὰρ
2362 5054 2629 5127 εὐθυμίαν
2668 5056 2770 5110 οὐκ
2799 5055 2889 5109 ἐπ’
2927 5054 3154 5125 ἀγαθοῖς
3195 5057 3371 5131 ἔχετε,
3411 5058 3827 5132 ἀλαζονευόμε-

538 5141 630 5195 hia
681 5139 1035 5209 ferocientes.
1080 5149 1283 5206 vestris
1343 5147 1555 5205 viribus
1602 5147 1762 5218 prius
1825 5149 2118 5222 imperium

537 5239 789 5288 vestrum
843 5236 1147 5293 ascribitis.
1188 5237 1304 5311 [15]
1330 5239 1542 5295 Idcirco
1573 5253 1677 5309 ego
1700 5281 1715 5307 ,
1750 5242 1933 5298 omnis
1962 5257 2123 5299 exer-

2224 5164 2306 5202 νοι
2339 5146 2397 5201 δὲ
2425 5147 2519 5203 καὶ
2544 5147 2933 5220 βρενθυόμενοι
2954 5151 3020 5221 τῇ
3054 5149 3299 5224 σφετέραν
3322 5150 3553 5223 δυνάμει
3586 5151 3648 5206 τὸ
3679 5153 3826 5223 πρό;

2222 5254 2383 5309 τερον
2408 5236 2565 5309 ὑμῶν
2611 5239 2949 5310 ὲπιγράφετε
2992 5239 3211 5311 κράτος.
3253 5242 3459 5295 Τούτου
3507 5241 3671 5313 χάριν
3704 5244 3841 5313 ἐγὼ.

534 5325 681 5378 citus
707 5332 763 5378 et
783 5324 1008 5382 virtutis
1034 5326 1323 5397 Dominus,
1345 5331 1557 5401 potenti
1576 5347 1675 5389 vos
1702 5332 1851 5403 genti
1880 5333 2119 5391 tradam.

2241 5332 2250 5380 i
2302 5329 2483 5399 πάσης
2541 5331 2798 5401 στρατιᾶς
2824 5330 2866 5362 ¹⁵
2921 5330 3017 5384 καὶ
3067 5331 3352 5404 δυνάμεως
3406 5332 3615 5405 Κύριος
3668 5333 3825 5391 ἔθνει

538 5429 555 5462 ι
606 5408 678 5468 Ut
710 5428 824 5468 non
853 5413 1143 5471 introeatis
1171 5417 1223 5471 in
1252 5417 1474 5488 Emath,
1504 5427 1560 5477 et
1599 5436 1777 5493 usque
1797 5422 1867 5480 ad
1896 5431 2120 5481 torren-

2241 5423 2371 5492 lpic
2417 5419 2630 5491 δυνατῷ
2676 5420 3004 5494 παραδώσω.
3059 5442 3078 5475 ι
3116 5421 3223 5476 Τοῦ
3280 5423 3362 5495 μὴ
3414 5424 3681 5479 εἰσελθεῖν
3737 5428 3826 5492 εῑς

534 5512 646 5559 tem
686 5503 1042 5575 Occidentis;
1080 5526 1100 5561 ι
1133 5506 1237 5565 hoc
1269 5521 1376 5579 est,
1407 5512 1486 5570 Ex
1535 5515 1686 5571 omni
1738 5523 1889 5575 terra
1947 5531 2113 5587 quam

2241 5512 2414 5584 Ἠμὰθ
2444 5512 2508 5578 “,
2555 5512 2651 5567 καὶ
2697 5511 2803 5576 ἕως
2846 5510 2942 5568 τοῦ
2991 5514 3296 5587 χειμάρρου
3342 5514 3460 5573 τῶν
3509 5514 3765 5587 δυσμῶν.
3793 5534 3818 5570 s

1853 5625 2091 5687 VARUS
2124 5623 2530 5685 LECTIONES.

644 5717 732 5796 :A_
758 5718 930 5796 λέγει,
961 5790 975 5796 _
1025 5720 1049 5753 ³
1076 5720 1207 5796 τοῖς.
1239 5721 1286 5775 Α
1311 5737 1497 5796 praem.
1528 5727 1683 5780 πᾶσι.
1783 5725 1984 5781 ⁸άποθ.
2018 5723 2065 5781 Α
2100 5738 2289 5796 praem.
2322 5722 2438 5796 καῖ.
2516 5720 2560 5796 το
2585 5721 2780 5796 καῖ’-τ
2809 5721 3005 5796 κατάλ.
3036 5719 3164 5796 Des.
3195 5719 3325 5796 in}
3349 5729 3409 5796 et
3437 5721 3510 5796 in_
3525 5720 3659 5796 Ald.
3701 5720 3818 5796 sed

544 5786 603 5866 iu
635 5785 682 5866 ρ
717 5785 1344 5866 ιεε.⁷ὑπολειφθήσονιεαι
1367 5861 1410 5866 __
1438 5795 1478 5826 ”
1506 5795 1549 5849 C
1571 5796 1878 5866 ἐξενέγκαι.
1971 5798 2014 5831 ³³
2042 5785 2197 5852 ναοῦ.
2244 5793 2374 5851 Des.
2408 5794 2462 5849 in
2505 5789 2571 5846 A.
2668 5791 2714 5824 ¹³
2741 5793 2783 5848 Α
2822 5792 2921 5864 τῆς
2951 5792 3151 5857 οίκίας.
3255 5791 3301 5826 ⁸⁵
3336 5793 3432 5863 ἀγ.
3479 5791 3603 5849 Des.
3645 5792 3703 5847 in
3744 5792 3818 5852 Δ.

549 5851 594 5886 ¹⁵
631 5853 675 5908 C
698 5851 1000 5926 στρατείας.
1060 5851 1205 5930 ἾθέΑ
1245 5861 1441 5931 Ἐμάθ.
