4088 6444
371 415 514 484 1697

1677 408 1759 469 IN
1797 405 1998 467 AMOS
2030 406 2189 466 CAP.
2220 405 2353 468 VII.

3515 411 3657 475 1698

379 526 532 581 ’Λντὶ
551 521 671 590 τοῦ,
701 520 894 591 Heich
925 521 1070 592 ὑμᾶς
1096 523 1197 592 της
1223 519 1460 592 πρόσθεν
1489 517 1579 588 ὑφ’
1606 517 1760 589 ὑμῶν
1795 534 1955 588 γεωρ-

2067 525 2229 572 antea
2267 517 2560 583 colebatis,
2617 531 2717 574 vos
2773 520 3071 590 expellam.
3126 515 3418 578 Jeroboam
3474 525 3648 587 enim,

366 617 648 690 γουμένης
696 614 938 680 ὲξελάσω
975 613 1080 683 γῆς
1107 629 1120 642 ·
1165 611 1450 684 Ἰεροϐοὰμ
1487 611 1618 685 γὰρ,
1672 612 1760 681 ἐφ’
1813 603 1874 664 οὗ
1925 611 1959 681 ἡ

366 707 683 781 προφητεία
721 705 861 776 αὕτη
920 704 1157 773 ἐγένετο,
1208 694 1642 772 ἀποκατέστησε,
1694 703 1861 773 φησι,
1900 703 1962 754 τὸ

365 804 520 873 ὂριον
567 799 782 872 Ἰσραὴλ
819 798 930 852 ἀπὸ
970 795 1149 867 Ἠμάθ
1200 796 1305 858 ἓως
1357 795 1633 866 θαλάσσης
1677 796 1776 865 τῆς
1825 795 1962 867 πρὸς

367 892 636 964 ἑσπέραν,
665 891 741 955 ὥς
768 893 801 961 ἡ
836 889 946 943 τῶν
976 887 1279 942 Βασιλειῶν
1305 889 1516 960 ἱστορία
1539 888 1780 942 διδάσκει
1807 927 1820 940 .
1855 889 1961 942 Λέ-

367 1003 459 1054 γει
479 984 678 1047 τοίνυν,
730 983 812 1036 ὅτι
849 981 1034 1036 Πάντα
1064 981 1218 1052 ὑμῶν
1264 981 1331 1034 τά
1356 981 1479 1052 ὅρια
1507 979 1819 1052 παραδώσω
1847 981 1962 1044 τοῖς

367 1075 680 1147 πολεμίοις.

905 1167 1309 1222 ΚΕΦΑΛΑΙΟΝ
1354 1169 1428 1222 Z'.

445 1267 593 1332 α’-γ’.
625 1279 642 1314 ι
667 1257 1036 1332 Οὔτωςζέδειξέ
1063 1277 1153 1331 μοι
1175 1260 1378 1332 Κύριος
1394 1259 1458 1323 ¹⁷,
1484 1257 1578 1312 καὶ
1604 1257 1711 1310 ἰδοὺ
1735 1249 1960 1326 ἐπιγονὴ

361 1355 483 1410 τῶν
543 1355 588 1386 ³⁸
644 1354 883 1426 ἀκρίδων
906 1353 1177 1424 ἐρχομένη
1209 1352 1427 1423 ἑωθινὴ,
1457 1351 1550 1404 καὶ
1577 1350 1685 1404 ἰδοὺ
1734 1349 1960 1420 βροῦχος

362 1444 454 1512 εἷς
478 1447 603 1516 Γὼγ
633 1446 906 1518 βασιλεύς.
938 1447 1041 1499 Kal
1077 1446 1255 1509 ἔσται,
1285 1445 1379 1497 ἐὰν
1419 1443 1711 1515 συντελέσῃ
1738 1440 1832 1494 τοῦ
1857 1458 1963 1510 φα-

360 1544 491 1608 γεῖν
521 1541 564 1572 ¹⁰
588 1539 678 1592 τὸν
707 1539 898 1609 χόρτον
929 1539 1028 1605 τῆς
1064 1538 1186 1608 γῆς.
1241 1535 1352 1589 Καὶ
1397 1531 1526 1589 εἶπα
1565 1529 1611 1566 η
1632 1549 1646 1564 ⁸
1687 1533 1858 1606 Κύριε
1890 1535 1956 1598 ν,

362 1630 534 1694 ἵλεως
563 1629 756 1698 γενοῦ·
792 1629 877 1693 τίς
914 1630 1210 1701 ἀναστήσει
1268 1629 1358 1681 τὸν
1403 1626 1619 1695 Ἰακὼϐ,
1668 1627 1748 1680 ὅτι
1779 1626 1958 1694 ὀλιγο-

359 1726 499 1789 στὸς
521 1727 670 1790 ὲστι;
697 1723 1071 1794 Μετανόησον,
1112 1722 1304 1792 Κύριε,
1334 1721 1428 1774 ἐπὶ
1451 1720 1645 1791 τούτῳ.
1667 1721 1776 1774 Καὶ
1803 1719 1959 1773 τοῦτο

354 1817 430 1871 ού
467 1815 542 1888 μὴ
571 1818 794 1887 γένηται
823 1817 890 1880 ”,
920 1815 1067 1883 λέγει
1103 1813 1324 1885 Κύριος.
1354 1831 1372 1864 ι
1404 1813 1771 1882 Θεασάμενος,
1797 1811 1950 1882 φησὶ,

343 1912 470 1982 ’τὴν
510 1909 747 1982 φοϐερὰν
773 1910 989 1979 ἐκείνην
1021 1908 1172 1972 θέαν,
1218 1907 1475 1961 ἱκέτευσα
1503 1906 1595 1961 τὸν
1629 1905 1762 1959 θεὸν
1795 1905 1953 1958 ἵλεων

356 2002 648 2070 γενέσθαι,
673 2003 769 2055 καὶ
803 2000 1006 2056 παῦσαι
1027 2000 1119 2054 τὺν
1147 1999 1397 2066 δλεθρονο
1431 2000 1532 2052 οὐκ
1558 1999 1818 2052 ἐπένευσε
1873 1997 1950 2062 δὲ,

355 2092 446 2156 ὡς
469 2091 634 2156 εἰκὸς,
675 2091 763 2145 διὰ
789 2091 890 2164 τὴν
929 2094 1028 2156 τῆς
1055 2089 1401 2163 παρανομίας
1436 2088 1765 2162 ὑπερϐολήν.
1795 2088 1956 2142 Ἐπι-

357 2186 565 2256 γονὴν
591 2186 647 2239 δὲ
681 2185 942 2253 ἀκρίδων
968 2184 1194 2239 ἐκάλεσε
1213 2185 1305 2238 τὸν
1331 2183 1616 2255 Ἀσσύριον
1639 2200 1651 2212 ·
1681 2182 1956 2252 ,ϐροῦχον

352 2279 422 2332 δὲ
453 2277 546 2331 τὸν
596 2277 942 2332 Βαϐυλώνιον
965 2293 978 2307 ο
1033 2279 1094 2330 τὸ
1130 2277 1208 2339 δὲ,
1239 2273 1328 2343 εἷς
1367 2275 1506 2345 Γὼγ
1541 2273 1864 2341 βασιλεὺς,
1895 2271 1956 2327 τδ

355 2372 466 2441 τῆς
499 2372 759 2442 στρατιᾶς
806 2370 1036 2441 μέγεθος
1082 2370 1403 2442 παραδηλοῖ·
1439 2369 1650 2439 Ὥσπερ
1683 2367 1812 2439 γὰρ’
1849 2385 1956 2438 (ΡΨ

359 2464 476 2529 σὶν,
506 2464 534 2516 6
551 2463 695 2530 Γὼγ,
713 2463 742 2514 ὁ
767 2461 875 2515 τῶν
900 2461 1182 2515 Σκυθικῶν
1213 2461 1382 2515 ἐθνῶν
1404 2459 1674 2531 βασιλεὺς,
1697 2460 1835 2514 κατά
1855 2460 1957 2530 τῆς

375 2555 738 2627 Ἰερουσαλὴμ
797 2555 999 2625 πλῆθος
1050 2556 1134 2609 ὅτι
1189 2554 1441 2607 πλεῖστον
1484 2552 1748 2623 ἀθροίσει·
1782 2549 1956 2616 οὕτως

376 2648 658 2721 Ἀσσύριοι
681 2649 775 2703 καί
815 2646 1141 2701 Βαϐυλώνιοι
1170 2647 1308 2718 μετὰ
1325 2645 1526 2716 πολλῆς
1550 2645 1956 2716 παραγενήσον-

360 2758 457 2794 ται
485 2741 796 2812 στρατείας.
829 2740 942 2794 Καὶ
970 2738 1152 2811 ἀκρίδι
1184 2739 1240 2793 δὲ
1263 2739 1357 2794 καὶ
1396 2738 1611 2811 βρούχῳ
1641 2737 1955 2807 παρέδωκεν

360 2831 550 2885 αὐτῶν
577 2835 846 2904 καρποὺς,
901 2831 1162 2896 ὡσαύτως
1202 2831 1258 2886 δὲ
1313 2833 1410 2886 καὶ
1445 2834 1510 2902 τῇ
1537 2830 1766 2904 κάμπῃ·
1798 2828 1956 2883 τοῦτο

361 2924 478 2994 γὰρ
503 2923 614 2976 ἄνω
641 2922 997 2994 προείρηκεν.

436 3017 500 3071 δ’.
532 3035 550 3069 ι
589 3015 778 3081 Οὕτως
805 3015 974 3080 ἔδειξέ
995 3033 1084 3087 μοι
1105 3013 1311 3086 Κύριος
1341 3013 1386 3045 ’³
1414 3029 1429 3044 ·
1460 3012 1557 3066 καὶ
1591 3011 1700 3065 ἰδοὺ
1728 3010 1955 3064 ἐκάλεσε

353 3109 469 3180 ’τὴν
492 3108 650 3179 δίκην
679 3109 736 3161 ὲν
768 3107 904 3180 πυρὶ
946 3106 1150 3178 Κύριος
1203 3107 1232 3159 ὁ
1284 3105 1416 3168 Θεὸς
1447 3103 1513 3172 ³⁸,
1551 3104 1646 3157 καὶ
1670 3101 1952 3170 κατέφαγε

2064 609 2170 664 sub
2209 624 2322 678 quo
2357 608 2474 663 hazc
2514 611 2804 680 prophetia
2842 611 2989 667 edita
3042 621 3149 678 est,
3180 614 3524 686 propagavit,
3569 615 3656 668 in-

2064 702 2206 770 quit,
2237 701 2373 756 lines
2421 701 2640 757 lsraelis
2676 703 2744 756 ab
2768 702 2964 776 Emath
2998 722 3178 776 usque
3205 708 3270 761 ad
3309 722 3463 762 mare
3499 706 3655 760 occi-

2064 794 2307 858 dentale,
2343 804 2403 848 ιιι
2453 793 2770 864 Regnorum
2821 795 2982 851 docet
3032 797 3290 853 historia.
3342 799 3433 853 Ait
3475 814 3657 870 ergo:

2069 883 2307 941 Vestros
2341 888 2480 941 ﬁncs
2509 901 2703 942 omnes
2736 887 2994 944 hostibus
3030 889 3261 944 tradam.

2667 1178 2896 1246 CAPUT
2939 1190 3056 1246 VII.

2131 1269 2305 1332 Vsus.
2334 1267 2446 1332 1-3.
2481 1295 2498 1328 ι
2531 1277 2621 1333 Sic
2653 1279 2897 1334 ostendit
2928 1281 3060 1335 mihi
3090 1280 3354 1337 Dominus
3383 1294 3395 1336 ε
3425 1282 3491 1336 Ει
3518 1299 3646 1339 ecce

2066 1367 2209 1424 fetus
2245 1369 2588 1424 locustarum
2623 1371 3096 1427 venitmatutinus
3129 1391 3143 1426 :
3175 1382 3229 1427 et
3248 1387 3379 1428 ecce
3401 1374 3647 1430 bruchus

2063 1477 2211 1516 unus
2240 1459 2358 1530 Gog
2424 1475 2545 1515 rex.
2602 1459 2667 1514 Et
2699 1461 2804 1514 erit
2833 1461 2879 1516 si
2921 1463 3302 1530 compleverit,
3337 1471 3396 1516 ut
3423 1465 3648 1518 devoret

2063 1552 2248 1608 fenum
2292 1561 2474 1606 terrm.
2546 1550 2762 1624 1438
2804 1553 2873 1606 Et
2911 1553 3023 1606 dixi
3054 1571 3066 1609 :
3104 1554 3350 1617 Domine,
3375 1556 3648 1626 prapitius

2062 1657 2219 1715 esto;
2263 1650 2390 1719 quis
2422 1649 2714 1703 suscitabit
2755 1646 3048 1713 Jacobum,
3082 1650 3342 1720 quoniam
3394 1650 3648 1704 modicus

2061 1739 2190 1796 est?
2217 1740 2487 1795 Pmnileat
2513 1747 2589 1804 te,
2623 1738 2874 1804 Domine,
2909 1739 3098 1808 hujus.
3151 1739 3212 1792 Et
3234 1739 3340 1793 hoc
3382 1757 3490 1794 non
3532 1742 3645 1803 ﬂat,

2064 1834 2197 1888 dicit
2227 1832 2517 1887 Dominus.
2559 1849 2578 1883 ι
2605 1829 2743 1886 Cum
2769 1831 3058 1894 horribile,
3101 1831 3303 1900 inquit,
3356 1839 3645 1901 spectacu-

2057 1923 2172 1978 lum
2201 1923 2335 1978 illud
2359 1922 2502 1985 vidi,
2537 1919 2706 1975 Deum
2742 1921 2929 1991 rogavi
2959 1930 3020 1974 ut
3053 1921 3434 1987 misereretur,
3469 1930 3644 1991 utque

2058 2018 2372 2074 internecio
2426 2023 2696 2071 cessaret.
2731 2013 2852 2068 Non
2902 2013 3099 2067 annuit
3122 2014 3216 2068 ille
3252 2019 3434 2067 tamen
3456 2051 3471 2074 .
3507 2029 3642 2083 pro-

2056 2117 2178 2180 pter
2218 2107 2555 2178 iniquitatis,
2585 2112 2646 2162 ut
2676 2104 2984 2161 verisimile
3012 2113 3126 2166 est.
3167 2103 3637 2174 magnitudinem.

2058 2200 2251 2255 Fctum
2330 2207 2512 2254 autem
2571 2198 2900 2252 locustarum
2947 2197 3240 2266 appellavit
3313 2195 3636 2266 Assyrium,

2057 2289 2313 2345 bruchum
2368 2302 2502 2344 vero
2554 2287 2954 2358 Babylonium;
3011 2301 3144 2338 unus
3174 2299 3340 2354 porro
3403 2282 3513 2353 Cog
3549 2298 3642 2336 rex

2057 2377 2497 2449 magnitudinem
2553 2376 2833 2432 exercitus
2885 2376 3113 2430 indicat.
3167 2373 3640 2440 Quemadmodum

2055 2469 2225 2536 enim,
2262 2469 2460 2539 inquit,
2487 2466 2624 2538 Gog,
2659 2465 3047 2538 Scythicarum
3079 2465 3324 2536 gentium
3358 2479 3475 2527 rex,
3504 2479 3642 2518 cou-

2055 2566 2140 2614 tra
2191 2544 2630 2629 Hierosolymam
2680 2558 2980 2611 maximam
3042 2555 3450 2610 multitudinem
3505 2570 3641 2609 con-

2054 2651 2439 2722 gregabihsie
2484 2649 2696 2721 Assyrii
2749 2658 2802 2705 et
2871 2649 3154 2721 Babylonii
3216 2649 3458 2702 maximo
3512 2663 3638 2701 cum

2053 2745 2303 2799 exercitu
2347 2741 2666 2797 advenient.
2702 2739 2850 2807 Quin
2895 2741 3059 2796 etiam
3089 2749 3144 2794 et
3187 2739 3420 2802 brucho,
3465 2747 3520 2793 et
3566 2739 3641 2791 lo-

2055 2844 2231 2891 custae
2266 2835 2486 2891 fructus
2513 2845 2707 2892 eorum
2739 2833 3002 2900 tradidit,
3032 2841 3086 2888 et
3127 2833 3382 2887 similiter
3410 2846 3592 2886 crura:
3622 2847 3637 2882 :

2055 2927 2161 2981 hoc
2190 2925 2337 2981 enim
2374 2926 2633 2996 superius
2663 2923 2938 2995 praedixit.

2127 3017 2296 3074 Vens.
2321 3019 2378 3072 4.
2410 3037 2428 3069 ι
2468 3018 2562 3072 Sic
2594 3015 2839 3072 ostendit
2887 3015 3020 3068 mihi
3073 3013 3380 3069 Dominus:
3410 3021 3464 3068 et
3511 3025 3642 3066 ecce

2055 3111 2276 3166 vocavit
2299 3109 2573 3179 judicium
2602 3109 2824 3178 insigne
2856 3106 3125 3162 Dominus
3158 3104 3328 3169 Deus,
3383 3114 3436 3158 et
3475 3104 3642 3158 devo-

357 3204 466 3274 τὴν
487 3202 724 3257 ἄϐυσσον
753 3203 852 3273 τὴν
878 3200 1100 3272 πολλὴν,
1127 3198 1226 3254 καὶ
1257 3199 1531 3267 κατέφαγε
1551 3196 1650 3269 τὴν
1681 3196 1895 3268 μερίδα.
1926 3214 1943 3244 ι

2057 3202 2202 3257 ravit
2248 3202 2508 3272 abyssum
2545 3199 2795 3264 multam,
2831 3205 2887 3254 et
2921 3197 3163 3252 comedit
3207 3206 3445 3266 partem.
3493 3214 3510 3246 ι
3539 3193 3642 3247 Ja-

354 3297 554 3362 Δίκην
588 3293 688 3365 μὲν
723 3292 880 3346 καλεῖ
924 3292 1022 3364 τὴν
1047 3291 1260 3344 δικαίαν
1287 3288 1382 3343 τοῦ
1427 3287 1562 3341 Θεοῦ
1591 3287 1770 3357 ψῆφον
1791 3302 1804 3316 ·
1832 3285 1952 3353 πῦρ

356 3386 424 3440 δὲ
476 3385 655 3451 καλεῖ,
704 3387 828 3449 τοὺς
890 3383 1218 3456 πολεμίους·
1281 3381 1560 3437 ἄϐυσσον
1591 3380 1647 3433 δὲ
1687 3379 1950 3444 πολλὴν,

354 3480 436 3532 τὰ
467 3479 638 3550 μυρία
670 3476 800 3548 ἔθνη
829 3476 898 3531 τὰ
928 3477 1022 3531 ὑπ’
1079 3474 1306 3530 ἐκείνων
1333 3472 1675 3528 δουλωθέντα
1696 3489 1709 3501 ·
1737 3469 1952 3540 μερίδα

355 3573 423 3627 δὲ
455 3572 546 3626 τὸν
586 3573 822 3644 Ἰσραήλ.
857 3571 1013 3626 Οὕτω
1058 3570 1167 3644 γὰρ
1191 3569 1285 3625 καὶ
1321 3571 1350 3623 ὁ
1381 3567 1648 3640 μακάριος
1672 3565 1775 3636 ἔφη
1820 3564 1952 3618 Μω-

359 3662 490 3733 σῆς·
520 3680 540 3713 ι
563 3663 674 3716 Καὶ
695 3663 930 3735 ἐγενήθη
967 3663 1123 3733 μερὶς
1146 3661 1349 3733 Κυρίου
1371 3653 1498 3724 λαὸς
1527 3657 1692 3712 αὐτοῦ
1730 3656 1944 3710 Ἰακώϐ.

373 3752 543 3807 ’Δλλὰ
579 3753 675 3807 καὶ
704 3751 898 3818 ταῦτα,
936 3753 1090 3825 φησι,
1128 3751 1465 3824 θεασάμενος
1497 3751 1597 3822 τὴν
1629 3749 1801 3820 αὐτὴν
1835 3751 1952 3802 ἱκε-

358 3846 520 3899 τείαν
545 3844 622 3918 τῷ
670 3846 918 3920 Δεσπότῃ
960 3839 1338 3924 προσενήνοχα
1365 3845 1487 3917 μὲν,
1519 3843 1618 3898 οὐκ
1651 3843 1844 3898 ἔπεισα
1869 3841 1948 3897 δέ.

437 4019 506 4089 ζ’,
547 4027 620 4092 η’.
663 4041 681 4075 ι
713 4020 901 4088 Οὕτως
932 4021 1102 4087 ἔδειξέ
1148 4039 1238 4093 μοι
1280 4021 1507 4093 Κύριος,
1538 4021 1633 4074 καὶ
1669 4021 1779 4074 ίδοὺ
1812 4020 1948 4090 ἀνὴρ

354 4113 612 4184 ἑστηκὼς
641 4113 735 4167 ἐπὶ
751 4114 966 4186 τείχους
1009 4113 1391 4186 ἀδαμαντίνου,
1429 4113 1526 4166 καὶ
1556 4110 1601 4145 ³⁵
1621 4113 1678 4164 ὲν
1710 4114 1778 4183 τῇ
1801 4110 1950 4181 χειρὶ

352 4205 530 4261 αὐτοῦ
559 4205 794 4277 ἀδάμας.
818 4208 930 4263 Καὶ
954 4201 1075 4260 εἷπε
1091 4205 1294 4277 Κύριος
1325 4205 1461 4277 πρός
1488 4221 1577 4277 με’
1607 4204 1675 4257 Τί
1701 4205 1765 4258 σὺ
1794 4205 1947 4274 ὁρᾷς,

368 4300 560 4370 Ἀμώς
588 4299 669 4366 ²⁸;
705 4301 816 4354 Καὶ
843 4295 996 4354 εἷπον
1016 4316 1031 4332 ⁸
1084 4299 1415 4371 Ἀδάμαντα.
1459 4298 1569 4352 Καὶ
1600 4293 1723 4350 εἷπε
1745 4297 1950 4369 Κύριος

355 4390 504 4462 πρός
530 4407 599 4462 με
618 4408 633 4424 ο
663 4391 818 4457 Ἰδοὺ,
847 4388 958 4461 ἐγὼ
986 4392 1228 4448 ὲντάσσω
1252 4387 1538 4462 ἀδάμαντα
1559 4391 1618 4444 ὲν
1653 4389 1804 4460 μέσῳ
1818 4387 1950 4442 λαοῦ

359 4501 474 4556 μου
516 4483 754 4556 Ἰσραήλ.
793 4504 811 4537 ι
853 4484 1102 4558 ’ἰσχυρὰν
1154 4485 1357 4549 αὐτοῖς,
1413 4481 1565 4554 φησι,
1601 4483 1696 4536 καὶ
1719 4479 1948 4551 στερεὰν

2058 3295 2255 3348 dicium
2311 3293 2535 3363 quidem
2593 3301 2752 3346 vocat
2822 3290 3028 3360 justam
3103 3289 3192 3344 Dei
3269 3288 3638 3352 sententiam,

2058 3385 2230 3457 ignem
2253 3400 2386 3440 vero
2409 3385 2620 3450 hostes,
2648 3382 2898 3452 abyssum
2925 3382 3153 3434 multam
3181 3387 3362 3434 autem
3397 3378 3641 3435 inﬁnitas

2057 3487 2249 3550 gentes
2271 3478 2338 3531 ab
2370 3477 2482 3532 illis
2504 3476 2559 3530 in
2591 3475 2914 3531 servitutem
2946 3472 3202 3527 redactas
3230 3489 3244 3525 :
3273 3482 3477 3542 partem
3511 3485 3640 3524 vero

2058 3571 2304 3642 appellat
2336 3555 2616 3624 Israelem.
2655 3565 2748 3621 Sic
2805 3567 2951 3622 enim
3002 3566 3167 3621 etiam
3224 3565 3421 3620 beatus
3461 3564 3640 3619 Moses

2059 3668 2136 3722 ait
2167 3686 2181 3722 :
2217 3685 2235 3718 ι
2276 3665 2339 3720 Et
2361 3664 2504 3719 facta
2539 3669 2626 3719 est
2661 3676 2794 3732 pars
2825 3659 3043 3715 Domini
3087 3658 3329 3730 populus
3382 3658 3502 3728 ejus
3547 3657 3640 3710 Ja.

2058 3759 2228 3813 (ιοὶιυ.
2271 3776 2289 3809 ›
2326 3754 2469 3829 [5,6]
2509 3753 2652 3808 Tum
2705 3768 2926 3816 rursus,
2970 3760 3030 3806 ut
3083 3751 3200 3806 haec
3245 3749 3381 3815 vidi,
3438 3750 3641 3822 inquit,

2057 3845 2305 3900 eamdem
2365 3843 2585 3914 quidem
2635 3842 2944 3898 orationem
3001 3840 3232 3896 Domino
3286 3839 3482 3908 obtuli,
3543 3841 3641 3896 sed

2057 3951 2166 3991 non
2197 3937 2470 4006 persuasi.

2129 4027 2298 4082 Vens.
2335 4028 2464 4092 7,8.
2502 4045 2522 4078 ι
2555 4025 2648 4082 Sic
2678 4023 2924 4082 ostendit
2949 4019 3392 4088 miliiDominus,
3424 4030 3477 4078 et
3505 4037 3635 4078 ecce

2055 4119 2142 4176 vir
2175 4119 2357 4173 stabat
2377 4132 2544 4187 super
2571 4131 2792 4170 murum
2832 4114 3271 4180 adamantinum,
3303 4122 3357 4168 et
3386 4113 3438 4168 in
3473 4128 3639 4167 iuanu

2055 4209 2180 4278 ejus
2213 4206 2462 4262 adamas.
2496 4205 2563 4260 Et
2591 4205 2734 4261 dixit
2779 4204 3053 4262 Dominus
3090 4205 3158 4260 ad
3217 4219 3348 4260 me:
3395 4203 3538 4269 Quid
3579 4213 3636 4258 tu

2057 4301 2236 4367 vides,
2267 4299 2475 4356 Amos?
2503 4305 2560 4354 et
2585 4297 2700 4353 dixi
2732 4315 2747 4353 :
2776 4297 3163 4353 Adamantem.
3184 4296 3250 4350 Et
3279 4297 3419 4352 dixit
3453 4296 3638 4350 Domi-

2055 4407 2164 4447 nus
2191 4390 2260 4445 ad
2292 4405 2379 4445 me
2413 4409 2427 4444 :
2465 4388 2608 4444 Ecce
2634 4401 2738 4458 ego
2779 4386 2996 4458 1439
3053 4386 3244 4457 injicio
3290 4387 3638 4442 adamantem

2056 4483 2113 4538 in
2141 4483 2324 4538 medio
2348 4481 2535 4552 populi
2571 4479 2678 4535 mei
2708 4477 2950 4535 lsraelis.
2983 4497 3002 4531 ι
3035 4478 3312 4546 Validam,
3351 4477 3548 4548 inquit,
3583 4485 3638 4531 et

355 4576 486 4629 λίαν
514 4576 701 4643 ἐπάξω
723 4575 966 4648 πληγὴν,
1013 4578 1107 4631 καὶ
1152 4577 1422 4647 ἀδάμαντι
1463 4575 1727 4640 ἐοικυῖαν,
1755 4574 1814 4638 ὃς
1842 4572 1953 4627 τῶν

2057 4573 2214 4629 valde
2263 4572 2458 4627 duram
2523 4570 2739 4642 plagam
2799 4570 2915 4628 illis
2972 4570 3228 4634 inferam,
3287 4573 3641 4637 similemque

357 4665 508 4720 ὑλῶν
529 4667 677 4721 ἐστιν
711 4665 944 4722 ἀπασῶν
967 4684 1058 4722 στε
1068 4667 1231 4738 ρεώτε
1241 4667 1333 4738 ρός
1359 4683 1420 4720 τε
1440 4666 1536 4722 καὶ
1563 4667 1682 4738 ίσχυ
1692 4665 1952 4738 ρώτατος.

357 4759 440 4813 Οὐ
473 4758 583 4831 γὰρ
641 4759 902 4833 ἀνέξομαι
929 4760 1116 4814 λοιπὸν
1178 4759 1448 4832 περιιδεῖν
1493 4759 1594 4830 τὴν
1645 4760 1739 4813 ὑπ’
1771 4760 1955 4814 αὐτῶν

357 4849 722 4921 τολμωμένην
748 4849 1022 4918 ἀσέϐειαν,
1061 4851 1197 4904 ἀλλὰ
1229 4852 1326 4904 σὺν
1347 4851 1529 4913 αὐτοῖς
1557 4850 1651 4904 καὶ
1677 4851 1805 4914 τοὺς
1843 4850 1953 4904 τῶν

359 4939 600 4995 εἰδώλων
627 4942 840 5012 ἀφανιῶ
896 4942 1139 5014 βωμοὺς,
1196 4945 1290 4999 καὶ
1347 4943 1447 5009 τὰς
1505 4943 1712 4998 τούτων
1757 4943 1988 5016 ἑορτὰς

361 5035 728 5104 καταπαύσω,
752 5037 847 5089 καὶ
870 5035 1209 5103 ἁπαξαπλῶς
1233 5037 1414 5092 πᾶσαν
1447 5038 1630 5093 αὐτῶν
1660 5035 1955 5092 καταλύσω

360 5125 467 5196 τὴν
503 5125 782 5196 βασιλείαν
806 5144 820 5158 ο
858 5128 950 5182 τὸν
975 5125 1084 5198 γὰρ
1116 5124 1290 5182 οἶκον
1328 5127 1630 5199 Ἰεροόοὰμ
1672 5127 1774 5199 τὴν
1799 5127 1954 5198 βασι-

357 5215 520 5270 λείαν
546 5217 854 5290 ὠνόμασεν.
897 5220 972 5272 Οὐ
1003 5219 1110 5290 γὰρ
1150 5219 1242 5272 ἐπὶ
1265 5219 1480 5285 τούτου,
1521 5219 1656 5274 ἀλλὰ
1687 5221 1785 5273 καὶ
1814 5219 1952 5290 μετά

357 5306 576 5378 τοῦτον,
615 5311 710 5364 καὶ
741 5310 934 5375 ἄλλους
990 5307 1051 5376 ἒξ
1082 5310 1343 5380 βασιλεῖς,
1382 5311 1534 5376 τέλος
1578 5313 1612 5383 ή
1649 5313 1952 5383 πρόρρησις

455 5461 658 5519 'Deut.
688 5480 866 5530 χχιιι,
901 5465 956 5520 9.

2054 4664 2360 4732 adamanti,
2385 4667 2480 4737 qui
2508 4680 2574 4722 ex
2600 4665 2862 4721 omnibus
2899 4665 3159 4721 materiis
3183 4665 3521 4722 durissimus
3553 4674 3636 4721 est

2055 4771 2111 4818 et
2137 4761 2548 4817 validissimus.
2583 4757 2664 4832 [9]
2690 4757 2809 4813 Non
2834 4759 2980 4814 enim
3027 4758 3210 4830 patiar
3244 4757 3298 4812 in
3329 4767 3636 4828 posterum,

2058 4864 2117 4909 nt
2159 4855 2229 4908 ab
2290 4853 2376 4909 his
2437 4852 2682 4908 admissa
2741 4850 2996 4921 impietas
3040 4858 3260 4905 maneat
3312 4850 3636 4921 impunita:

2055 4945 2190 5018 quin
2224 4957 2339 4999 una
2371 4958 2499 5000 cum
2551 4943 2688 5014 ipsis
2736 4941 2933 4998 altaria
2982 4941 3258 4998 idolorum
3302 4941 3517 5005 delebo.
3546 4957 3638 4997 eo-

2055 5051 2293 5107 rumque
2321 5033 2498 5092 festos
2526 5036 2642 5091 dies
2677 5048 2895 5091 cessare
2929 5033 3129 5090 faciam
3167 5052 3180 5089 :
3213 5047 3376 5089 omne
3399 5036 3639 5106 denique

2055 5143 2248 5183 eorum
2275 5141 2508 5200 regnum
2541 5127 2760 5197 penitus
2786 5134 3027 5182 evertam
3051 5146 3067 5196 ;
3095 5127 3366 5198 siquidem
3417 5128 3634 5182 domum

2055 5219 2365 5277 Jerob‘oami
2421 5233 2652 5291 regnum
2703 5220 2946 5280 vocavit.
3004 5219 3126 5276 Non
3193 5221 3338 5275 enim
3393 5229 3639 5292 tempore

2056 5313 2376 5372 Jeroboami
2435 5318 2678 5376 tantum,
2712 5312 2808 5366 sed
2836 5321 2962 5382 post
3002 5313 3152 5368 hunc
3174 5328 3398 5387 quoque
3429 5321 3484 5371 et
3513 5322 3638 5386 post

1681 5557 1918 5612 VARUE
1951 5555 2357 5614 LECTIONES.

451 5697 505 5779 ‘1
526 5695 670 5776 Κύρ.
708 5695 1068 5779 Bepetiturin
1215 5765 1226 5779 ‘
1262 5695 1337 5779 η,
1361 5694 1488 5779 τῶν.
1523 5693 1722 5779 βρέμει
1752 5697 1795 5749 Α
1821 5695 1980 5779 et_
2006 5767 2018 5779 .
2074 5694 2196 5779 "_A
2227 5701 2584 5779 καταφαγεῖν.
2641 5700 2710 5779 _’°
2733 5702 2825 5759 Sic
2858 5658 2925 5771 A',
2949 5705 3020 5759 al.
3055 5700 3198 5759 εἷπε.
3275 5705 3317 5735 ’³
3341 5703 3480 5773 Κύρ.
3528 5702 3630 5760 Re-

367 5765 668 5846 periturjn
777 5765 831 5823 et
1002 5768 1047 5799 ³³
1076 5765 1244 5846 ούῠμὴ
1267 5765 1460 5846 ,γένηρ
1485 5766 1584 5818 οὐκ
1609 5766 1796 5846 ἔσταξε
1835 5765 1912 5846 ’ξ’
1939 5767 2079 5846 Κύιρ.
2117 5767 2312 5846 Repet.
2349 5765 2403 5824 in
2428 5765 2474 5824 Α
2508 5777 2567 5826 ιιι
2605 5765 2926 5846 plerumque
2960 5776 3038 5832 ﬁt.
3142 5776 3187 5806 ”
3209 5765 3492 5840 ὁΘεόςίΛ
3519 5775 3630 5840 Κύ-

368 5835 507 5900 ὂιος.
582 5837 630 5869 ²¹¹
651 5836 748 5892 καὶ
777 5866 858 5910 ⁴ο-
879 5837 1115 5904 ἀδάμας.
1144 5835 1296 5894 ΕίΛ
1317 5842 1372 5893 et
1390 5835 1432 5891 C
1464 5837 1645 5907 suppl.

1749 5837 1796 5870 ³⁸
1835 5838 1958 5908 Ἄρ..
1997 5837 2122 5895 Des.
2151 5841 2207 5894 in
2237 5838 2300 5894 Ο.
