4088 6404
619 384 755 449 1699

1606 376 2093 446 THEODORETI
2132 371 2470 434 EPISCOPI
2508 371 2874 437 CYRENSIS

3688 388 3792 457 1700

617 511 718 551 sex
754 494 892 551 alios
931 510 1110 567 reges,
1144 494 1432 566 praedictio
1467 494 1628 549 linem
1655 493 1870 548 habuit.
1907 487 2025 561 [10]
2055 485 2192 541 Cum
2225 527 2231 542 .

2182 502 2192 538 ι
2225 485 2271 542 Α
2299 480 2480 536 ἔλασε.
2513 485 2732 538 Τούτων
2762 486 2869 540 ἀπὸ
2893 485 2986 540 τοῦ
3018 487 3296 557 προφήτου
3327 487 3629 561 λεγομένων,
3662 499 3796 571 Ἀμα-

618 594 804 641 autem
848 587 964 642 haec
1017 602 1048 641 a
1079 587 1344 657 propheta
1403 586 1743 652 dicerentur,
1805 591 1861 639 et
1912 581 2192 645 Amasias,

2301 574 2423 637 σίας
2443 573 2473 624 6
2500 577 2600 645 τῆς
2619 575 2822 648 Βαιθὴλ
2849 579 3049 650 ίερεὺς,
3075 577 3257 641 δείσας
3299 579 3371 650 μὴ
3399 582 3488 646 τὰς
3513 583 3644 650 θείας
3671 589 3799 646 ἀπει-

618 679 840 733 Bethele
874 678 1154 740 sacerdos.
1211 684 1500 741 metueret,
1557 693 1626 732 ne
1668 675 2197 732 comminationibus

2185 688 2197 727 ι
2297 666 2395 730 λάς
2425 667 2795 736 καταπλαγεὶς
2812 669 3002 734 ὁλαὸς,
3030 671 3126 724 καὶ
3145 671 3466 743 μεταμελείᾳ
3492 679 3799 752 χρησάμενος,

623 769 820 821 divinis
853 769 1291 837 perterrefactus
1323 767 1585 836 populus,
1615 774 1670 821 et
1707 766 1774 819 ad
1811 765 2198 836 pmnitentiam

2187 777 2198 816 ι
2296 760 2397 830 τῆς
2444 759 2554 813 τῶν
2610 760 2843 815 είδὼλων
2885 762 3093 833 ἀποστῇ
3147 762 3455 834 θεραπείας,
3508 769 3593 822 καὶ
3621 772 3704 835 τὰς
3723 776 3801 844 τῆς

620 873 940 919 conversus,
967 857 1246 912 desineret
1282 858 1427 911 idola
1455 858 1659 924 colere,
1689 867 1743 912 et
1771 856 2006 911 faciendi
2046 869 2199 924 qna:-

619 960 736 1002 stus
771 949 1098 1003 occasiones
1147 949 1266 1018 ipse
1320 951 1621 1010 amitteret,
1655 949 1722 1002 ad
1778 963 1959 1018 regem
2022 946 2200 1000 defert

618 1039 959 1108 prophetam,
996 1039 1135 1092 falsa
1180 1042 1326 1094 veris
1365 1047 1620 1094 astruens
1653 1041 1706 1092 in
1748 1039 1892 1092 hunc
1925 1036 2145 1092 modum
2183 1052 2196 1089 :

687 1128 852 1181 Vens.
886 1130 971 1183 Η.
1029 1147 1046 1180 ι
1072 1129 1213 1182 Dicit
1251 1131 1398 1184 enim
1437 1133 1604 1185 Amos
1636 1149 1651 1185 :
1680 1129 1878 1183 Gladio
1939 1129 2203 1181 morietur

617 1219 930 1286 Jerohoam,
962 1224 1196 1292 populus
1218 1231 1399 1277 autem
1431 1224 1686 1292 captivus
1721 1223 1950 1278 ducetur
1979 1238 2010 1276 e
2044 1229 2198 1276 terra

621 1326 739 1364 sua.
785 1311 958 1376 iQuze
984 1313 1131 1366 enim
1182 1313 1247 1366 de
1305 1314 1509 1382 populo
1557 1322 1611 1368 et
1662 1313 1729 1368 de
1775 1329 1942 1384 regno
1997 1312 2198 1377 retulit,

621 1418 749 1456 vera
775 1411 933 1456 erant
963 1424 974 1458 :
1003 1405 1153 1473 quod
1189 1419 1314 1457 vero
1339 1405 1405 1458 de
1437 1420 1561 1474 rege
1584 1403 1740 1467 dixit,
1773 1420 1879 1458 non
1907 1404 2200 1458 obscurum

625 1502 743 1546 erat
777 1495 1140 1548 mendacium.
1180 1494 1285 1549 Sed
1316 1496 1417 1549 hoc
1447 1504 1644 1550 .tamen
1695 1495 2081 1550 Jeroboamum
2136 1493 2202 1548 ad

629 1585 932 1638 vexandum
966 1587 1281 1656 prophetam
1308 1587 1531 1641 minime
1559 1587 1851 1641 commovit
1879 1603 1892 1638 :
1920 1602 2018 1641 nec
2040 1588 2204 1640 Ama-

629 1676 723 1728 sfze
758 1678 1051 1744 persuasit,
1093 1689 1149 1732 ut
1198 1677 1507 1733 desisteret.
1568 1677 1796 1750 [12,1ὖ]
1827 1679 1890 1731 At
1926 1679 2042 1750 ipse
2082 1694 2206 1750 pro-

627 1767 841 1836 phetam
882 1768 1037 1835 jubet
1065 1771 1348 1830 excedere,
1394 1779 1450 1825 et
1483 1771 1539 1824 in
1595 1769 1781 1826 Iudaea
1816 1771 1982 1824 vitam
2023 1786 2204 1842 agere,

626 1859 811 1928 ibique
848 1859 1028 1912 futura
1059 1859 1377 1929 prwdicere,
1415 1860 1564 1930 quod
1611 1860 1798 1916 Bethel
1839 1861 2117 1932 assignato
2154 1870 2208 1916 et

624 1948 839 2002 addicta
872 1961 1019 2004 esset
1041 1965 1206 2019 regno
1235 1949 1474 2006 lsraelis.
1511 1949 1724 2023 1m
1746 1952 1814 2004 At
1845 1952 2010 2007 Amos
2039 1951 2208 2008 libere

622 2048 676 2095 et
704 2041 1014 2094 institutum
1051 2057 1212 2095 suum
1247 2041 1560 2109 proﬁtetur,
1591 2051 1645 2098 et
1672 2041 1942 2099 divinitus
1975 2042 2082 2098 sibi
2111 2041 2209 2097 do-

624 2139 809 2186 natam
838 2132 1083 2202 gratiam
1121 2133 1320 2202 aperit.

695 2306 862 2363 Vens.
899 2309 980 2362 H.
1017 2328 1036 2361 ι
1069 2308 1187 2365 Non
1223 2311 1370 2366 enim
1409 2327 1556 2368 eram
1575 2315 1843 2393 prepheta
1869 2332 1991 2386 ego,
2009 2316 2204 2387 inquit,

626 2414 802 2468 neque
827 2399 970 2454 [ilius
996 2401 1297 2470 prophetae,
1325 2403 1422 2458 sed
1460 2405 1748 2475 caprarius
1773 2422 1920 2462 eram
1947 2408 2208 2464 vellicans

625 2505 963 2560 sycomoros.
995 2490 1193 2557 »Ωιιοά
1238 2509 1367 2548 vero
1422 2496 1520 2561 ait,
1578 2497 1824 2552 vellicari:
1883 2515 2206 2570 sycomoros,

622 2581 817 2649 Aquila
866 2581 1261 2652 interpretatus
1299 2592 1422 2651 est,
1468 2597 1718 2642 mulam
1763 2606 2096 2659 sycomoros,
2153 2600 2208 2648 et

500 2727 510 2736 _
624 2669 947 2734 'l‘heodotio,
972 2670 1118 2740 {ossa
1142 2675 1388 2727 muniens
1423 2677 1720 2746 sycamina,
1741 2688 1796 2733 et
1823 2677 2205 2750 Symmachus,

623 2761 819 2815 habens
842 2779 1169 2832 sycomoros.
1195 2765 1432 2820 Arboris
1457 2782 1591 2822 vero
1624 2771 1841 2838 species
1867 2779 1950 2825 est
1971 2789 2210 2842 sycomo-

626 2868 740 2917 rus,
770 2854 824 2905 in
860 2852 1145 2907 Palaestina
1195 2869 1208 2906 :
1247 2855 1405 2923 cujus
1462 2861 1791 2914 mentionem
1843 2861 1972 2916 facit
2015 2863 2208 2919 beatus

628 2941 806 2996 Lucas
846 2943 1202 3012 evangelista,
1238 2959 1364 2997 cum
1400 2945 1536 3000 dixit
1563 2958 1611 3011 P,
1656 2949 1708 3001 in
1753 2951 2002 3005 arborem
2051 2968 2210 3023 syco-

627 3048 840 3086 morum
865 3034 1183 3090 ascendisse
1210 3033 1557 3091 Zacchaeum.
1587 3038 1782 3094 Audivi
1806 3056 1970 3112 porro
1991 3058 2053 3097 ex
2079 3060 2211 3113 quo-

2300 851 2569 921 ὲμπορίας
2631 852 2886 922 ἀφορμὰς
2923 854 2968 884 ³⁷
2996 853 3159 917 αὐτὸς
3215 854 3467 928 ἀπολέσῃ,
3521 860 3804 930 εἰσαγγέλλει

2301 943 2452 1013 παρὰ
2487 943 2566 1013 τῷ
2623 943 2835 1013 βασιλεῖ
2877 943 2968 998 τὸν
3024 947 3328 1016 προφήτην,
3374 951 3700 1017 συκοφαντίας
3719 957 3806 1019 τοῖς

2301 1033 2526 1106 ἀληθέσι
2548 1034 2727 1102 λόγοις
2764 1037 3070 1107 συρράψας.
3525 1058 3528 1062 '
3813 1077 3817 1080 -

2374 1124 2464 1180 ια’.
2492 1146 2510 1177 ι
2558 1126 2721 1195 Λέγει
2759 1129 2866 1199 γὰρ
2910 1129 3090 1200 Ἀμὼς
3135 1132 3203 1196 ’⁸,
3257 1131 3331 1194 ὡς
3363 1134 3407 1164 ²⁹
3454 1133 3722 1204 ¹Ἰεροϐοᾶιμ
3764 1137 3806 1188 ἐν

2305 1217 2548 1289 ῥομφαίᾳ
2582 1221 2848 1284 πεσεῖται,
2882 1220 2974 1273 καὶ
3001 1222 3029 1272 6
3053 1221 3180 1284 λαὸς
3214 1223 3542 1292 αἰχμάλωτος
3564 1225 3808 1295 ἀχθήσεται

2303 1309 2410 1363 ἀπὸ
2433 1311 2530 1379 τῆς
2557 1309 2661 1379 γῆς
2698 1310 2862 1364 αὑτοῦ
2895 1311 2961 1365 ³⁸.
2999 1331 3018 1364 ι
3060 1311 3219 1366 Ἀλλὰ
3243 1313 3310 1366 τὰ
3341 1315 3437 1384 μὲν
3459 1317 3579 1386 περὶ
3603 1316 3684 1368 τοῦ
3707 1317 3808 1371 λαοῦ

2305 1401 2527 1471 καὶτῆς
2567 1399 2843 1470 βασιλείας
2888 1401 3131 1473 ὑπῆρχεν
3177 1404 3380 1474 ἀληθῆ·
3420 1406 3476 1458 τδ
3522 1405 3574 1458 δὲ
3596 1409 3707 1476 περὶ
3739 1408 3809 1461 τοῦ

2307 1492 2570 1562 βασιλέως
2588 1494 2876 1565 είρημένον
2904 1495 3094 1564 ψεῦδος
3121 1491 3188 1566 ἦν
3233 1497 3543 1567 προφανῶς·
3572 1497 3673 1549 ἀλλ’
3697 1498 3810 1567 ὅμως

2305 1584 2503 1654 ἥκιστα
2524 1585 2681 1639 τοῦτο
2733 1586 2823 1639 τὸν
2858 1586 3146 1657 ἰεροϐοὰμ
3204 1588 3284 1650 είς
3307 1587 3402 1658 τὴν
3439 1587 3571 1640 κατά
3598 1587 3682 1640 τοῦ
3707 1605 3811 1658 προ-

2309 1676 2480 1744 φήτου
2529 1677 2816 1747 παροινίαν
2865 1678 3131 1749 ἐξέμηνε·
3194 1680 3285 1732 τὸν
3325 1679 3382 1733 δὲ
3442 1679 3683 1748 Ἀμασίαν
3722 1679 3812 1732 οὐδὲ

2309 1765 2466 1819 τοῦτο
2527 1765 2787 1822 πέπεικεν
2841 1769 3064 1837 ἀγαγεῖν
3113 1769 3364 1840 ἡσυχίαν.
3407 1769 3539 1823 Ἀλλ’
3594 1769 3731 1831 αὐτὸς
3779 1769 3810 1800 ³³

2309 1857 2660 1928 ὑποχωρῆσαι
2688 1857 2765 1929 τῷ
2797 1860 3050 1932 προφήτῃ
3075 1859 3527 1930 παρεκελεύσατο,
3549 1859 3634 1912 καὶ
3653 1860 3719 1922 εἰς
3738 1859 3812 1928 τὴν

2321 1950 2576 2004 Ἰουδαίαν
2614 1951 2895 2022 βιοτεύειν,
2941 1954 3037 2005 καὶ
3079 1952 3365 2026 προλέγειν
3402 1952 3468 2006 τὰ
3492 1947 3814 2022 μέλλοντα,ὡς

2307 2042 2406 2112 τῆς
2439 2041 2644 2113 Βαιθὴλ
2676 2044 3062 2114 ἀφωρισμένης
3091 2049 3158 2117 τῇ
3183 2045 3448 2116 βασιλείᾳ.
3506 2045 3559 2096 ’0
3589 2043 3639 2096 δὲ
3677 2040 3814 2111 ’Δμὼς

2311 2134 2450 2204 μετὰ
2470 2135 2800 2207 παρρησίας,
2836 2137 2931 2191 καὶ
2957 2136 3018 2190 τὸ
3046 2137 3384 2209 ἐπιτήδευμα
3403 2137 3461 2190 τὺ
3485 2138 3665 2189 οἰκεῖον
3685 2133 3814 2201 λέγει,

2309 2229 2402 2283 καὶ
2433 2229 2532 2301 τὴν
2555 2228 2736 2283 θεόθεν
2753 2229 2899 2302 αύτῷ
2918 2229 3163 2286 δοθεῖσαν
3190 2233 3354 2303 χάριν
3379 2229 3736 2286 ἀποκαλύπτει.

2381 2321 2461 2375 ιδ’.
2503 2339 2522 2374 ι
2560 2319 2694 2374 Οὔτε
2712 2321 2842 2394 γάρ,
2879 2321 3038 2392 φησὶ,
3067 2323 3356 2392 προφήτης
3407 2321 3569 2392 ήμην,
3596 2317 3702 2371 οὕτε
3734 2314 3816 2377 υίὸς

2309 2413 2611 2482 προφήτου,
2682 2413 2798 2467 ἀλλ’
2839 2413 3059 2476 αίπόλος
3091 2414 3240 2484 ήμην
3304 2411 3568 2481 συκάμινα
3589 2406 3812 2470 κνίζων.»

2310 2504 2384 2557 Τὸ
2409 2503 2467 2558 δὲ
2491 2504 2796 2574 συκάμινα
2827 2504 3058 2568 κνίζων,
3089 2506 3117 2557 ὁ
3143 2504 3243 2572 μὲν
3284 2502 3508 2565 Ἀκύλας
3524 2495 3751 2569 ἐρευνῶν
3765 2497 3815 2557 ³¹,

2308 2594 2689 2664 συκομόρους
2717 2594 3058 2666 ἡρμήνευσεν
3085 2610 3098 2623 ·
3127 2595 3156 2647 6
3181 2593 3238 2647 δὲ
3259 2593 3563 2655 Θεοδοτίων,
3596 2584 3817 2658 χαροπῶν

2308 2685 2687 2755 συκαμίνους
2708 2703 2722 2717 ο
2769 2687 2798 2738 6
2840 2685 2898 2739 δὲ
2933 2685 3252 2756 Σύμμαχος,
3299 2687 3454 2754 ἔχων
3478 2681 3816 2749 συκομόρους.

2309 2777 2538 2846 Δένδρου
2598 2776 2657 2830 δὲ
2722 2770 2860 2837 εἶδός
2899 2776 3046 2828 εστιν
3086 2778 3122 2848 η
3167 2776 3468 2846 συκόμορος
3491 2773 3545 2826 ὲν
3575 2774 3633 2841 τῇ
3663 2767 3817 2821 Παλαι-

2313 2866 2500 2938 στίνῃο
2533 2864 2804 2936 μέμνηται
2834 2864 2892 2918 δὲ
2938 2865 3030 2917 καὶ
3057 2866 3086 2918 6
3121 2865 3393 2935 μακάριος
3433 2860 3634 2920 Λουκᾶς
3657 2859 3681 2909 6
3703 2855 3817 2920 εῦαγ·

2310 2955 2582 3024 γελιστὴς,
2624 2958 2702 3019 εἰς
2726 2955 3091 3025 συκομοραίαν
3121 2955 3166 2987 ³³
3197 2956 3290 3008 τὸν
3322 2953 3582 3026 μακάριον
3608 2946 3818 3014 Ζακχαὶον

2311 3046 2576 3117 ἀναὸἦναι
2605 3047 2802 3116 φήσας.
2827 3049 3073 3101 Ἤκουσα
3109 3048 3166 3100 δέ
3209 3065 3356 3111 τινος
3387 3045 3455 3100 τά
3485 3044 3527 3077 ³⁸
3563 3040 3740 3096 ἐκεῖθεν
3760 3036 3818 3088 διο

621 3127 776 3190 dam,
805 3141 928 3180 cum
957 3143 1018 3180 ea
1049 3127 1117 3182 de
1145 3143 1202 3182 re
1227 3144 1535 3184 sermonem
1575 3130 1822 3197 haberet,
1856 3133 2047 3189 harum
2070 3135 2198 3205 (ar-
2229 3157 2235 3194 ι

2229 3145 2271 3203 C
2304 3140 2633 3212 ηγουμένου,
2664 3140 2740 3203 ὼς
2780 3141 2809 3192 6
2842 3139 3047 3193 τούτων
3096 3141 3310 3211 καρπὸς
3348 3139 3409 3194 ού
3441 3136 3730 3192 πεπαίνεται
3767 3127 3818 3197 μὴ

626 3217 854 3286 borum)
887 3217 1124 3272 fructum
1159 3235 1268 3272 non
1305 3227 1699 3288 maturescere,
1736 3224 1841 3279 nisi
1878 3225 2016 3280 facta
2049 3228 2203 3298 prius

625 3309 774 3362 brevi
823 3309 1056 3377 quadam
1093 3311 1382 3367 incisione.
1429 3311 1581 3368 llanc
1620 3315 1788 3386 igitur
1837 3333 1966 3373 vero
2019 3323 2208 3389 proxi-

625 3415 771 3452 mum
815 3408 899 3456 est
938 3401 1295 3473 Septuaginta
1347 3404 1704 3470 intellexisse,
1745 3419 1799 3464 et
1833 3411 2079 3467 vellicari:
2112 3429 2209 3484 pro

623 3491 770 3558 fossa
816 3493 1076 3556 muniens,
1125 3495 1204 3548 vel
1235 3497 1252 3517 ⁶
1295 3495 1568 3566 colligens,
1613 3501 1890 3568 posuisse.
1935 3501 2057 3573 [15,
2096 3504 2207 3577 lli]

625 3581 988 3650 Agricultura:
1033 3582 1221 3653 igitur,
1255 3578 1454 3656 inquit,
1494 3598 1550 3642 ct
1580 3590 1746 3644 ovillo
1790 3596 1973 3661 pecori
2009 3611 2209 3652 vacan-

626 3681 734 3727 tem
763 3675 1062 3742 assumpsit
1087 3690 1174 3730 me
1200 3675 1462 3732 Dominus
1503 3695 1569 3734 ex
1611 3682 1827 3748 ovibus,
1857 3692 1911 3739 et
1958 3689 2199 3757 prophe-

627 3773 746 3817 tare
785 3765 969 3833 jussit.
1024 3765 1258 3837 Suscipe
1311 3768 1496 3840 igitur,
1554 3771 1796 3840 Amasia,
1829 3785 1882 3830 et
1925 3787 2114 3833 contra
2159 3788 2212 3835 te

627 3855 1060 3923 praedictionem,
1114 3859 1377 3927 quoniam
1428 3877 1514 3916 me
1561 3864 1766 3934 p0pulo
1814 3863 2034 3924 lsraelis
2081 3886 2211 3938 pro-

627 3946 852 4015 phetare
882 3956 1054 4011 vetas,
1109 3965 1178 4003 ne
1216 3948 1404 4020 iniqua
1434 3953 1584 4008 lucra
1616 3965 1705 4010 tua
1742 3957 2052 4028 impediam.
2085 3959 2209 4035 [17]

627 4039 783 4092 Scito
826 4037 994 4108 igitur
1047 4039 1294 4096 visurum
1339 4049 1392 4098 te
1427 4057 1549 4100 esse
1589 4061 1836 4112 uxorem,
1869 4065 2032 4118 quam
2062 4068 2210 4108 nunc

625 4127 814 4193 habes,
848 4130 1022 4198 palam
1053 4138 1106 4185 et
1137 4133 1356 4202 publice
1388 4135 1458 4191 ab
1488 4135 1744 4194 hostibus
1775 4141 2045 4206 vitiatam,
2081 4147 2208 4215 quia

626 4227 686 4272 tn
716 4223 938 4289 q’uoq’ue
973 4225 1238 4291 populum
1271 4225 1339 4279 ad
1368 4225 1698 4301 idololatrizc
1728 4231 1998 4287 insaniam
2035 4237 2206 4304 pelle-

625 4312 775 4368 xisti.
805 4313 948 4378 Quin
979 4315 1142 4369 etiam
1175 4331 1366 4372 omnes
1395 4333 1427 4372 a
1469 4328 1522 4374 te
1550 4321 1764 4390 genitos
1795 4325 2011 4380 occisos
2057 4327 2208 4382 vide-

626 4403 711 4459 bis
742 4422 755 4458 :
786 4413 842 4458 tu
875 4420 1005 4459 vero
1035 4407 1090 4460 in
1121 4419 1303 4464 extera
1331 4399 1478 4465 terra
1511 4427 1542 4466 c
1571 4414 1681 4468 vita
1711 4418 1964 4481 excedes,
2002 4427 2056 4474 et
2087 4421 2209 4474 uni-

627 4507 824 4548 versus
869 4498 1102 4568 populus
1149 4499 1395 4567 easdem,
1441 4517 1580 4570 quas
1631 4512 1728 4570 tu,
1769 4521 1960 4575 pamas
2006 4508 2203 4566 dabit:

628 4584 782 4640 vobis
819 4595 999 4642 autem
1030 4590 1112 4644 sic
1141 4590 1374 4659 alfectis,
1408 4600 1555 4649 terra
1583 4584 1708 4651 aliis
1743 4601 1942 4654 tradita
1992 4601 2207 4656 divide-

629 4685 736 4730 tur.
1159 4697 1161 4701 ‘

1005 4771 1212 4844 14.41
1248 4773 1475 4830 CAPUT
1502 4774 1634 4831 vm.

701 4857 862 4913 Vens.
893 4861 944 4927 1,
975 4861 1030 4917 '2.
1071 4881 1088 4914 ι
1129 4862 1222 4916 Sic
1250 4864 1644 4919 ostenditmihi
1675 4865 1958 4936 Dominus,
1992 4880 2046 4929 et
2077 4889 2205 4932 ecce

629 4963 725 5001 vas
746 4952 994 5020 aucupis.
1022 4951 1088 5006 Et
1106 4952 1268 5019 dixit,
1301 4955 1367 5010 ad
1391 4971 1476 5011 me
1507 4957 1684 5022 :Quid
1705 4968 1760 5013 tu
1791 4961 1967 5029 vides,
1996 4965 2211 5022 Amos?

628 5045 684 5091 et
707 5037 818 5092 dixi
850 5055 865 5092 :
898 5039 1007 5096 Vas
1040 5045 1299 5114 aucupis.
1329 5065 1347 5098 ι
1388 5045 1544 5102 Visio
1572 5048 1688 5104 haec
1725 5051 1961 5109 celerem
1992 5055 2208 5114 lsraelis

631 5129 972 5186 venationem
1029 5134 1292 5207 designat.
1346 5137 1816 5205 Quemadmodum
1873 5147 2020 5202 enim
2080 5165 2208 5207 aves

702 5255 732 5296 Ρ
757 5245 891 5300 Luc.
919 5262 1032 5314 nx,
1051 5251 1108 5308 4.

2311 3230 2576 3301 πρότερον
2605 3232 2775 3300 τομήν
2802 3248 2923 3283 τινα
2950 3230 3211 3301 βραχεῖαν
3236 3231 3547 3301 δεξάμενος.
3575 3223 3721 3278 Τοῦτο
3743 3218 3821 3272 rol-

2309 3339 2402 3375 νυν
2452 3321 2601 3385 εἰκὸς
2648 3323 2961 3393 νενοηκέναι
3010 3324 3138 3386 τοὺς
3194 3323 3613 3394 Ἑϐδομήκοντα,
3667 3315 3744 3369 καὶ
3779 3309 3822 3363 τὺ

2310 3412 2542 3482 κνίζων,
2555 3415 2675 3468 ἀντὶ
2685 3415 2779 3468 τοῦ
2796 3413 3074 3485 χαρακῶν
3093 3415 3210 3487 ³⁵,ἥ
3232 3405 3820 3484 συλλέγωντεθεικέναιι

2311 3507 2446 3577 Περὶ
2503 3506 2773 3578 γεωργίαν
2825 3508 3039 3574 τοίνυν,
3083 3511 3217 3579 φησὶ
3270 3510 3340 3576 ³⁸,
3407 3508 3500 3562 καὶ
3553 3495 3822 3577 προῦατείαν

2310 3598 2502 3667 ἔχοντά
2535 3615 2602 3669 με
2620 3599 2855 3670 σπουδὴν
2876 3599 3104 3653 ἀνέλαϐε
3123 3599 3330 3671 Κύριος
3347 3601 3412 3653 ἐκ
3437 3598 3543 3652 τῶν
3571 3591 3821 3664 προσιὶτων.

2310 3687 2405 3740 καὶ
2429 3687 2792 3758 προφητεύειν
2825 3689 3098 3744 ἐκέλευσε.
3123 3690 3294 3760 Δέχου
3322 3690 3520 3753 τοίνυν,
3547 3681 3588 3740 ὦ
3621 3679 3822 3752 Ἀμασίαν

2311 3779 2406 3832 καὶ
2425 3777 2522 3849 τὴν
2551 3778 2690 3832 κατὰ
2723 3779 2817 3832 σοῦ
2843 3780 3167 3852 πρόρρησιν,
3218 3780 3410 3852 ἐπειδή
3448 3796 3514 3850 με
3542 3775 3616 3846 τῷ
3657 3764 3824 3840 Ἰσραὴλ

2311 3870 2671 3943 προφητεύειν
2693 3871 2942 3939 κωλύεις,
3000 3873 3088 3926 ἵνα
3137 3873 3213 3944 μή
3249 3890 3312 3926 σε
3340 3871 3524 3934 κακῶς
3547 3857 3823 3940 χρηματιζό-

2314 3981 2473 4036 μενον
2510 3963 2723 4018 παύσω.
2754 3964 2893 4018 ’ῐσθι
2915 3964 3224 4038 τοιγαροῦν,
3255 3965 3333 4029 ὡς
3363 3965 3482 4034 δψει
3508 3961 3600 4033 τὴν
3632 3956 3712 4011 νῦν
3737 3965 3828 4005 σνν-

2310 4054 2564 4108 οικοῦσάν
2591 4071 2675 4108 σοι
2720 4055 2954 4123 γυναῖκα
3000 4054 3234 4126 δημοσίᾳ
3292 4055 3388 4109 καὶ
3448 4049 3718 4122 προφανῶς
3751 4039 3826 4094 illi”

2301 4145 2418 4210 ,τῶν
2471 4144 2744 4214 πολεμίων
2803 4143 3204 4216 ὑϐριζομένην·
3251 4144 3548 4214 ἐπειδήπερ
3589 4137 3673 4192 καὶ
3698 4133 3751 4187 σὺ
3771 4129 3826 4186 εἰς

2309 4238 2408 4307 τὴν
2457 4236 2557 4306 τῆς
2610 4235 3054 4308 είδωλολατρείας
3114 4237 3414 4291 ἀκολασίαν
3474 4233 3720 4302 έξέμηνας
3761 4221 3828 4274 τὸν

2309 4327 2457 4382 λαόν.
2486 4328 2646 4398 Ὀψει
2674 4327 2733 4381 δὲ
2778 4329 2874 4382 καὶ
2918 4330 3043 4392 τοὺς
3090 4330 3155 4383 έκ
3188 4328 3283 4381 σοῦ
3316 4325 3522 4388 πάντας
3557 4309 3830 4390 ἀναιρουμέ⁶

2310 4437 2434 4482 νους
2455 4437 2468 4451 ⁸
2501 4420 2565 4472 σὺ
2592 4419 2650 4473 δὲ
2703 4421 2761 4473 ὲν
2782 4419 3063 4491 ἀλλοφύλῳ
3083 4423 3154 4493 γῇ
3177 4421 3304 4494 δέξῃ
3325 4420 3421 4474 τοῦ
3455 4419 3567 4488 βίου
3599 4412 3655 4508 τὸ
3674 4408 3828 4508 πέραξν

2311 4513 2403 4566 καὶ
2428 4514 2456 4566 6
2487 4511 2614 4574 λαὸς
2638 4512 2694 4564 δὲ
2723 4511 2869 4576 ἄπας
2889 4513 2987 4583 τὴν
3010 4512 3180 4582 αὐτήν
3205 4529 3285 4566 σοι
3308 4510 3574 4582 τιμωρίαν
3599 4506 3826 4571 ὑπομένει*

2313 4603 2468 4673 ὑμῶν
2487 4602 2543 4656 δὲ
2575 4602 2746 4655 ταῦτα
2785 4601 3085 4667 παθόντων,
3126 4601 3305 4664 ἀλλοις
3339 4603 3372 4672 ή
3417 4600 3488 4668 γῆ
3519 4585 3830 4667 παραδοθεῖσα

2310 4691 2786 4764 διανεμηθήσεται.

2837 4783 3234 4838 ΚΕΦΑΛΔΙΟΝ
3273 4783 3356 4839 Η’.

2379 4883 2449 4939 α’,
2476 4876 2542 4947 β’.
2582 4876 2768 4940 Οὕτως
2827 4874 2996 4940 ἔδειξέ
3039 4892 3128 4946 μοι
3163 4874 3398 4945 Κύριος,
3431 4871 3524 4926 καὶ
3561 4867 3661 4923 ἰδοὺ
3699 4859 3831 4928 ἄγγος

2314 4971 2522 5038 ίξευτοῦ
2552 4973 2617 5026 ³⁷.
2647 4973 2758 5025 Καὶ
2781 4971 2901 5032 εἷπε
2918 4971 3053 5043 πρός
3079 4988 3148 5042 με
3173 4987 3186 5000 ·
3221 4969 3286 5022 Τί
3317 4970 3382 5023 σὺ
3415 4967 3645 5038 βλέπεις,
3661 4951 3827 5026 Ἀμώς;

2311 5064 2420 5119 Καὶ
2449 5059 2601 5117 εἷπον
2629 5064 2674 5096 ³⁸
2699 5079 2712 5093 ·
2746 5063 2949 5130 Ἀγγος
3005 5060 3234 5127 ίξευτοῦ.
3264 5081 3282 5113 ι
3311 5059 3572 5131 Σημαίνει
3609 5053 3661 5108 δὲ

2307 5157 2406 5228 τὴν
2431 5157 2653 5225 ταχεῖαν
2715 5155 2890 5226 θήραν
2948 5153 3043 5208 τοῦ
3101 5154 3336 5227 Ἰσραήλ.
3395 5152 3600 5220 Ὠσπερ
3652 5141 3744 5213 γὰρ
3779 5141 3829 5186 τα

1865 5316 1890 5322 ”
1938 5333 2175 5391 unus:
2202 5332 2608 5393 LECTlONES.

716 5459 762 5490 ’⁷
787 5456 884 5545 ἐφ·
918 5455 995 5538 Ῑξι
1088 5461 1381 5545 ευρριοηξξ
1425 5467 1554 5545 ’ᾼμ.
1583 5466 1624 5520 C
1665 5485 1851 5545 prtem.
1882 5472 2064 5545 φησίν.
2090 5543 2102 5545 _
2123 5475 2185 5545 _'°
2213 5474 2371 5538 ώς-
2400 5475 2596 5545 ἁχθήσ.
2638 5477 2682 5530 Λ
2715 5474 2963 5544 sequitur
3002 5476 3127 5530 lect.
3165 5476 3286 5531 cod.
3329 5472 3455 5529 Vat.
3531 5473 3575 5506 ³ο
3608 5471 3698 5524 ἀπ.
3723 5476 3824 5545 ιτς

629 5529 751 5581 αύτ.
787 5527 914 5583 Des.
941 5528 994 5582 in
1024 5527 1087 5581 ϐ.
1159 5527 1207 5562 ῖί

1403 5531 1584 5616 αὐτὸς,
1617 5531 1748 5616 κξτί
1785 5539 1837 5595 λδ
1882 5531 2036 5616 Veis.
2057 5543 2148 5616 ΑΞ
2183 5552 2238 5598 et
2266 5531 2328 5616 ἰᾷ
2358 5531 2544 5616 supra,
2569 5615 2575 5616 ί
2600 5563 2652 5613 p.
2686 5531 2846 5616 13634,
2903 5546 3175 5616 leguntur,
3204 5546 3317 5616 sed_
3346 5545 3505 5599 aliter
3535 5556 3684 5613 quam
3712 5531 3824 5604 apud

631 5595 791 5695 “’5'
833 5598 910 5652 επ
933 5613 1082 5695 πῆξε·
1111 5599 1191 5682 5’
1253 5595 1636 5695 Esi-nmis“
1656 5609 1890 5695 "mw-
1921 5609 2012 5695 “’2
2055 5595 2243 5695 Erae}
2270 5595 3175 5695 diali3-1'3'1659ﬁliaiam?
3204 5595 3566 5695 ”έ³“ιδ.έ6’ἑέεῗ
3588 5595 3825 5695 estsi-{’53:

634 5666 854 5755 ξρρέαν-
933 5667 1031 5755 ’δίς
1060 5669 1197 5755 χῶν.
1276 5666 1723 5744 ’ῖαῇεαρόισσων⁸
1801 5666 1848 5710 ⁵⁸
1877 5666 2029 5751 φησί.
2063 5666 2452 5755 Εχξίίδυρρίζ
2499 5666 2797 5754 ⁸⁷·ἄγγῖ
2819 5666 3626 5742 ﬁdei—canistrumviructibus
3661 5666 3822 5735 zsliViS

633 5736 872 5800 plenum.
977 5737 1020 5770 ³⁸
1058 5737 1100 5792 C
1138 5737 1285 5795 εἶπα.
