4088 6440
368 407 504 473 1701

1615 410 1698 470 ΙΝ
1744 409 1946 470 AMOS
1985 408 2146 470 CAP.
2195 410 2340 470 VIII

3503 410 3653 476 1702

361 523 528 591 δρνεα
553 518 633 591 τῷ
669 516 766 591 ἰξῷ
801 518 1020 592 ῥᾳδίως
1050 516 1378 589 θηρεύσεται
1425 516 1492 582 ³⁸,
1520 515 1694 580 οῦτως
1718 515 1824 570 ὑπὸ
1847 516 1949 569 τῶν

2061 517 2214 571 visco
2239 516 2400 572 facile
2431 516 2748 588 capiuntur,
2781 517 2865 574 sic
2898 518 2970 576 ab
2997 517 3242 592 Assyriis
3289 521 3525 592 populus
3555 540 3625 596 ap

375 614 680 685 Ἀσσυρίων
709 616 737 668 ό
774 613 900 676 λαδς
927 611 1355 683 ἀγρευθήσεται.

441 723 461 758 ι
494 701 630 759 Eine
657 704 770 776 γὰρ
816 703 1020 775 Κύριος
1069 702 1207 774 πρός
1249 717 1348 774 με·
1380 701 1546 753 ’Ἢκει
1586 698 1648 751 τὸ
1670 697 1843 770 πέρας
1866 699 1960 752 ἐπὶ

359 797 456 852 τὸν
479 798 610 851 λαόν
647 816 747 868 μου
785 795 1035 868 Ἰσραήλο
1093 794 1280 870 οὐκέτι
1337 792 1399 845 οὑ
1453 791 1527 862 μὴ
1560 789 1782 861 προσθῶ
1814 807 1959 862 παρ-

359 889 540 941 ελθεῖν
571 888 736 942 αὐτόν
758 887 824 941 ⁸ο.
888 884 1006 957 (γ’.)
1038 883 1150 938 Καὶ
1176 879 1478 944 όλολύζιειΜ
1512 880 1582 933 τά
1615 878 1958 949 φατνώματα

360 979 458 1032 τοῦ
491 977 645 1033 ναοῦ.
700 979 789 1032 Ἐν
821 977 1005 1046 ἐκείνῃ
1019 977 1084 1046 τῇ
1111 974 1314 1045 ἡμέρα,
1342 971 1489 1040 λέγει
1520 970 1744 1041 Κύριος,
1785 969 1957 1031 πολὺς

358 1068 743 1132 ὁπεπτωκὼς.
790 1070 848 1121 ἐν
896 1067 1061 1120 παντὶ
1129 1065 1282 1134 τόπῳ
1337 1061 1612 1134 ἐπιρρίψω
1667 1062 1896 1133 σιωπήν.
1931 1080 1950 1114 ι

359 1162 565 1216 οὐκέτι
593 1159 1032 1230 μακροθυμήσω,
1064 1156 1202 1210 ἀλλὰ
1232 1154 1342 1208 τῶν
1374 1156 1733 1225 προρρήσεων
1770 1152 1956 1218 ἐπάξω

355 1256 425 1308 τὸ
451 1254 645 1325 πέρας.
700 1253 956 1323 Χωρήσει
987 1250 1043 1303 δέ
1101 1248 1242 1302 κατά
1263 1246 1357 1301 τοῦ
1391 1247 1521 1301 ναοῦ
1555 1245 1656 1328 ,τοῦ
1688 1244 1824 1316 ἐμοῦ
1849 1245 1956 1298 τῶν

359 1343 644 1414 πολεμίων
681 1342 742 1396 τὸ
803 1341 950 1413 πῦρ·
998 1339 1310 1408 ὀλολυγὴν
1345 1339 1402 1392 δέ
1462 1336 1583 1391 τῶν
1637 1336 1744 1390 τοῦ
1804 1338 1955 1391 ναοῦ

355 1433 770 1505 φατνωμάτωιν
815 1434 926 1488 τῶν
969 1432 1117 1486 ἔνδον
1167 1431 1574 1502 ἀναιρουμένων
1605 1430 1829 1481 ἐκάλεσε
1858 1429 1956 1500 τήν

362 1526 514 1596 βοήν,
552 1528 648 1579 καὶ
672 1524 780 1579 τῶν
808 1524 1244 1596 ἐμπιπραμένων
1280 1522 1451 1586 ξύλων
1472 1521 1562 1574 τὸν
1592 1516 1723 1590 ἦχον
1741 1537 1754 1551 ·
1785 1519 1846 1572 τὸ
1873 1519 1952 1583 δὲ,

369 1634 390 1667 r
427 1615 605 1678 Πολὺς
625 1616 652 1666 ὁ
685 1613 1023 1676 πεπτωκὼς,
1052 1611 1109 1663 ἐν
1139 1609 1301 1664 παντὶ
1332 1607 1481 1677 τόπῳ
1521 1605 1795 1677 aucupatum
1825 1622 1954 1658 σιω-

359 1704 492 1775 πήν,
530 1722 548 1755 ι
571 1704 794 1774 πλῆθος,
829 1702 986 1773 φησι,
1021 1701 1157 1753 πολὺ
1188 1698 1340 1751 ἔσται
1362 1696 1470 1749 τῶν
1499 1693 1914 1766 ἀναιρουμένων
1936 1708 1950 1723 ο

359 1796 536 1867 πολλὴ
564 1796 620 1850 δέ
655 1795 782 1867 σιγή
816 1796 910 1849 καὶ
935 1792 1116 1864 σιωπὴ
1141 1790 1241 1853 τὰς
1267 1788 1475 1851 πόλεις,
1526 1786 1620 1841 καὶ
1651 1785 1748 1848 τὰς
1779 1785 1951 1851 ὀδοὺς,

2062 607 2456 676 prehendetur.

2136 715 2154 748 ι
2192 696 2338 752 Dixit
2386 699 2530 753 enim
2587 697 2852 756 Dominus
2880 699 2949 756 ad
2978 717 3065 758 me
3096 721 3109 758 :
3143 701 3307 759 Venit
3336 704 3460 761 ﬁnis
3484 721 3655 777 super

2060 787 2326 857 populum
2362 803 2541 842 meum
2570 789 2763 856 Israel,
2790 806 2904 845 non
2937 793 3175 862 amplius
3207 795 3456 850 transibo
3483 812 3656 868 prope

2060 894 2203 934 eum.
2243 878 2414 948 (Vens
2447 879 2524 950 5.)
2558 878 2624 933 Et
2645 881 2859 936 ululant
2887 883 3164 952 laquearia
3184 886 3394 956 templi.
3422 885 3518 940 Die
3537 887 3653 948 illo.

2063 967 2198 1020 dicit
2229 967 2515 1031 Dominus.
2551 970 2708 1024 multi
2733 970 2951 1038 cadent,
2980 973 3036 1026 in
3079 974 3226 1026 omni
3254 974 3376 1029 loco
3407 973 3650 1044 injiciam

2073 1059 2378 1113 silentium.
2413 1079 2431 1110 ι
2472 1059 2587 1114 Νοη
2622 1062 2856 1131 amplius
2887 1065 3157 1131 patienter
3183 1064 3378 1131 feram,
3414 1067 3510 1121 sed
3536 1066 3653 1121 elli-

2060 1149 2203 1202 ciam
2235 1157 2293 1221 u_t
2319 1150 2703 1220 praedictiones
2736 1169 2890 1208 meas
2921 1163 3153 1211 eventus
3181 1165 3464 1225 sequatur.
3494 1156 3642 1228 Ignis

2061 1256 2189 1295 vero
2253 1241 2492 1295 hostium
2546 1243 2709 1297 etiam
2758 1245 2812 1298 in
2853 1247 3115 1315 templum
3159 1263 3337 1302 meum
3403 1249 3648 1303 invadet.

2062 1334 2268 1402 Templi
2316 1344 2498 1387 autem
2535 1335 2863 1405 laquearium
2898 1338 3162 1392 ululatum
3199 1340 3493 1410 appellavit
3535 1341 3650 1394 cla-

2059 1443 2265 1481 morem
2326 1429 2475 1482 intus
2527 1438 2882 1495 necatorum,
2942 1442 2996 1486 et
3046 1433 3316 1502 crepitum
3373 1432 3647 1502 lignorum

2059 1519 2431 1574 incensorum.
2475 1519 2631 1585 Quod
2687 1537 2816 1577 vero
2846 1522 2958 1586 ait,
3026 1541 3045 1573 ι
3107 1522 3261 1576 Multi
3323 1522 3649 1606 cadenthin

2056 1611 2204 1666 omni
2252 1611 2374 1666 loco
2428 1614 2671 1682 injiciam
2717 1614 3020 1678 silentium,
3055 1633 3073 1666 ›
3131 1630 3386 1685 magnam
3447 1614 3651 1668 indicat

2056 1717 2326 1756 caesorum
2365 1703 2806 1769 multitudinem,
2862 1704 3000 1759 adeo
3033 1715 3092 1758 ut
3138 1704 3307 1757 altum
3365 1703 3647 1758 silentium

2057 1796 2246 1859 urbes,
2271 1803 2325 1851 et
2373 1798 2521 1864 vias,
2568 1805 2620 1852 et
2660 1792 2815 1853 vicos
2855 1813 2919 1853 ex
2961 1796 3323 1850 habitantium
3373 1797 3651 1866 paucitate

358 1889 459 1943 καὶ
480 1865 579 1952 τάς
615 1865 810 1958 κώμας
834 1886 943 1941 ἀπὸ
972 1885 1074 1956 τῆς
1098 1885 1206 1938 τῶν
1220 1884 1520 1956 οἰκητόρων
1553 1880 1788 1952 ἐρημίας
1811 1879 1944 1933 καθ-

2053 1886 2124 1939 sit
2153 1896 2570 1958 occupaturum.
2607 1887 2753 1970 με
2774 1887 2841 1960 6]
2873 1887 2952 1942 Ad
2991 1888 3107 1944 haec
3129 1889 3313 1958 itaque
3358 1865 3645 1945 attendite.

361 1976 493 2041 έξει.
525 1977 826 2047 Προσέχετε
854 1975 1033 2028 τοίνυν
1061 1973 1293 2038 τούτοις.
1325 1976 1373 2026 οἰ
1407 1974 1533 2036 τοὺς
1581 1971 1825 2041 πτωχείᾳ⁸
1854 1971 1949 2023 καὶ

359 2069 530 2140 πενίᾳ
546 2068 823 2134 συζῶντας
853 2067 1157 2131 πιέζοντες,
1179 2066 1274 2120 καὶ
1294 2064 1392 2129 τάς
1421 2062 1740 2133 Νουμηνίας
1764 2062 1860 2116 καὶ
1881 2058 1949 2112 τά

357 2161 622 2216 Σάϐϐατα
642 2157 1125 2231 περισκοποῦντες,
1147 2156 1325 2210 καὶτὰ
1343 2154 1636 2227 παράνομα
1663 2151 1950 2222 συναθροί-

355 2254 549 2318 ζοντες
563 2254 625 2306 κέ
635 2252 752 2322 ρδη,
772 2250 1032 2320 σταθμοῖς
1049 2265 1109 2302 τε
1129 2248 1225 2302 καὶ
1242 2247 1430 2316 ζυγοῖς
1449 2245 1655 2308 ἀδίκοις
1674 2241 1948 2315 κεχρημέ-

353 2363 464 2411 νοι,
481 2347 574 2400 καὶ
605 2343 880 2416 διαφόρως
902 2343 1031 2405 τοὺς
1064 2338 1488 2408 ὑποδεεστέρους
1509 2333 1945 2404 καταδουλούμε-

355 2455 464 2503 νοι,
493 2437 592 2492 καὶ
615 2436 724 2490 ἀπὸ
745 2434 949 2498 παντὸς
971 2431 1147 2496 εἴδους
1169 2431 1440 2504 ἐμπορίας
1453 2426 1940 2500 χρηματιζόμενοι.

433 2551 498 2618 ζ’,
515 2558 586 2622 η’.
613 2569 632 2602 ‹
653 2548 874 2620 Ὀμνύει
888 2545 1098 2619 Κύριος
1123 2545 1250 2599 καθ’
1268 2542 1650 2616 ὑπερηφανίαν
1663 2541 1708 2573 ⁸³
1735 2536 1952 2594 Ἰακώϐ·

351 2645 424 2698 Εἰ
453 2640 875 2714 ἐπιλησθήσεται
907 2639 986 2701 εἰς
1014 2640 1162 2700 νῖκος
1179 2634 1360 2689 πάντα
1387 2633 1458 2687 τά
1485 2633 1622 2706 ἔργα
1646 2629 1822 2702 ὑμῶν.
1841 2626 1955 2682 Καὶ

355 2735 455 2788 ἐπὶ
483 2732 694 2795 τούτοις
723 2730 783 2784 ού
807 2728 1213 2802 ταραχθήσεται
1239 2729 1274 2797 ή
1297 2725 1391 2796 γῆ,
1420 2724 1515 2778 καὶ
1542 2721 1806 2791 πενθήσει
1842 2719 1952 2781 πᾶς

353 2826 391 2878 ὁ
418 2823 685 2877 κατοικῶν
715 2824 773 2876 ἐν
795 2821 955 2892 αὐτῇ,
983 2819 1076 2872 καὶ
1101 2816 1435 2886 ἀναϐήσεται
1478 2813 1554 2876 ὡς
1585 2810 1829 2881 ποταμὸς
1851 2809 1950 2861 Αἰ·-

348 2915 588 2984 γύπτου.
606 2933 622 2967 ι
642 2912 1095 2982 ’Υπερηφανίαν
1120 2907 1178 2962 δὲ
1199 2907 1357 2961 καλεῖ
1389 2905 1486 2976 τὴν
1513 2903 1632 2976 μετ’
1659 2898 1950 2962 αὐθαδείας

355 3004 688 3076 ἀδικίαν,“ήν
708 3003 850 3057 κατὰ
863 3002 972 3055 τῶν
991 3001 1242 3070 πενήτων
1259 2997 1523 3067 ἐτόλμων.
1541 2990 1836 3065 Ὀμόσαιδέ
1856 2989 1948 3044 τὸν

353 3097 566 3169 Κύριον
599 3095 724 3165 ἔφη,
747 3094 810 3146 τὸ
825 3091 1052 3163 ἀψευδὲς
1079 3090 1190 3144 τῶν
1206 3089 1512 3159 εἰρημένων
1541 3083 1774 3148 δεικνύς.
1806 3084 1947 3138 Οὐκ-

353 3190 465 3252 έτι,
517 3189 702 3260 φησὶν,
732 3183 844 3240 οἷόν
894 3203 1000 3239 τινι
1039 3183 1180 3257 λήθῃ
1220 3179 1526 3251 παραδώσω
1569 3177 1639 3231 τὰ
1663 3176 1752 3246 ὑφ’
1792 3175 1945 3246 ὑμῶν

352 3281 706 3352 τολμώμενα,
731 3276 868 3334 ἀλλά
885 3277 933 3310 ⁸³
947 3277 1148 3340 πᾶσαν,
1169 3275 1244 3337 ὡς
1261 3273 1390 3334 ἔπος
1407 3272 1604 3336 εἰπεῖν,
1638 3268 1760 3322 καθ’
1790 3267 1945 3337 ὑμῶν

352 3375 569 3444 κινήσω
588 3371 687 3444 τὴν
709 3371 837 3441 γῆν,
872 3368 968 3424 καὶ
996 3367 1046 3402 ⁸⁸
1071 3365 1301 3435 καλύψω
1330 3365 1472 3436 ὑμᾶς
1496 3361 1577 3432 τῷ
1607 3360 1807 3432 πλήθει
1837 3357 1945 3412 τῶν

355 3465 657 3537 πολεμίων,
694 3461 947 3532 καθάπερ
973 3461 1003 3514 ό
1041 3457 1319 3528 Αἰγύπτου
1374 3453 1620 3525 ποταμὸς
1675 3450 1943 3506 καλύπτει

353 3559 459 3631 τὴν
490 3556 618 3627 γῆν.
647 3553 920 3616 Λαϐόντες
967 3551 1024 3605 δὲ
1065 3551 1211 3621 ὑμᾶς
1257 3547 1583 3613 ἀπάξουσιν,
1614 3546 1820 3617 ἔρημον
1845 3543 1944 3616 τήν

353 3653 464 3720 γῆν
497 3648 597 3719 τὴν
645 3647 920 3717 ὑμετέραν
950 3643 1342 3704 καταλιπόντες
1361 3659 1375 3674 σ
1409 3639 1569 3694 τοῦτο
1595 3639 1704 3710 γὰρ
1722 3635 1945 3710 ᾐνίξατο

357 3737 632 3811 εἰρηκώς·
670 3755 690 3790 ι
730 3735 1121 3807 Καταϐήσεται
1167 3731 1244 3797 ὼς
1291 3730 1535 3801 ποταμὸς
1577 3728 1877 3798 Αἰγύπτου.
1920 3748 1939 3780 ι

356 3832 494 3884 Τότε
528 3830 622 3884 καὶ
649 3831 678 3883 ό
703 3827 854 3899 ήλιος
887 3824 1156 3898 μεσούσης
1186 3825 1402 3896 ἡμέρας
1439 3824 1519 3887 εἰς
1549 3822 1741 3886 σκότος
1782 3839 1946 3892 μεταο

356 3922 724 3995 ϐληθήσεσθαι
746 3920 886 3986 δόξει
913 3922 1027 3984 τοῖς
1051 3917 1439 3988 κατεχομένοις
1474 3914 1580 3967 ὑπὸ
1605 3914 1713 3968 τῶν
1740 3930 1948 3984 συμφο-

360 4013 490 4085 ρῶν,
515 4012 611 4065 καὶ
634 4012 734 4075 τὰς
769 4009 869 4081 μὲν
909 4008 1102 4081 ἑορτὰς
1130 4010 1211 4071 εἰς
1239 4002 1595 4068 πένθος,’τάς
1614 4004 1670 4057 δὲ
1693 4003 1836 4074 ᾠδὰς
1865 4003 1944 4066 εἰς

351 4105 556 4174 Θρῆνον
585 4101 873 4174 μεταϐαλῶ
894 4116 908 4133 ο
931 4098 1025 4153 καὶ
1053 4097 1114 4150 τὸ
1145 4097 1330 4168 σχῆμα
1346 4095 1404 4148 δὲ
1420 4093 1679 4165 πένθιμον
1708 4093 1947 4155 ἅπαντες

352 4195 558 4260 ἕξουσι,
588 4192 685 4263 τήν
744 4190 1080 4263 εὐπρέπειαν
1131 4187 1230 4257 τῆς
1273 4185 1452 4256 κόμης
1499 4183 1942 4254 ἀποκειρόμενοι,

351 4288 453 4340 καὶ
491 4285 698 4339 σάκκον
724 4281 1184 4355 περιϐαλλόμενοι
1207 4295 1222 4310 ’
1271 4279 1346 4342 ὡς
1373 4275 1610 4331 ἐοικέναι
1639 4278 1752 4339 τοῖς
1784 4289 1947 4346 μονο-

2049 1975 2142 2045 qui
2187 1976 2370 2047 inopia
2424 1985 2478 2033 et
2514 1988 2833 2049 paupertate
2882 1979 3113 2034 aﬂlictos
3163 1979 3499 2050 opprimitis,
3549 1979 3645 2047 qui

2047 2066 2320 2124 Kalendas
2358 2080 2410 2125 et
2437 2069 2670 2126 Sabbata
2717 2071 3106 2134 consideratis,
3147 2079 3200 2127 et
3246 2071 3464 2142 iniquos
3489 2087 3639 2144 qua:-

2048 2167 2168 2212 stus
2187 2157 2390 2227 facitis,
2406 2161 2742 2230 ponderibus
2756 2170 2810 2218 et
2835 2162 3107 2218 mensuris
3141 2162 3361 2231 injustis
3390 2170 3631 2227 utentes,

2046 2250 2351 2322 multisque
2395 2253 2575 2308 modis
2609 2254 2891 2309 tenuiores
2925 2254 2978 2308 in
3023 2257 3344 2310 servitutem
3372 2253 3642 2325 redigitis,

2053 2351 2219 2410 atque
2253 2359 2316 2399 ex
2353 2344 2501 2399 omni
2536 2359 2738 2416 genere
2781 2345 3174 2417 negotiationis
3216 2344 3483 2416 pecunias
3513 2360 3646 2400 con-

2051 2431 2236 2491 licitis.

2140 2548 2353 2621 luz
2389 2550 2554 2607 Vens.
2585 2549 2707 2617 7,8.
2743 2549 2928 2606 durat
2954 2549 3218 2606 Dominus
3237 2557 3428 2606 contra
3445 2565 3643 2621 super-

2057 2638 2204 2694 biam
2230 2639 2442 2697 Jacobi.
2481 2641 2622 2714 (Non
2664 2642 2867 2712 vivam)
2916 2643 2962 2698 si
2988 2642 3248 2714 oblivioni
3277 2641 3642 2696 tradenturin

2053 2739 2375 2801 perpetuum
2407 2735 2594 2789 omnia
2641 2749 2810 2805 opera
2855 2741 3060 2790 vestra.
3119 2733 3184 2788 Et
3215 2749 3378 2804 super
3407 2734 3492 2788 his
3531 2748 3643 2787 non

2053 2824 2474 2880 conturbabitur
2495 2832 2666 2887 terra,
2686 2836 2740 2882 et
2762 2826 2972 2897 lugebit
2994 2826 3178 2882 omnis
3198 2827 3476 2881 habitator
3493 2825 3638 2895 ejus,

2051 2919 2106 2967 et
2143 2914 2614 2986 ascendet'quasi
2642 2913 2843 2971 ﬂumen
2879 2916 3306 2978 consummatio,
3338 2927 3389 2969 et
3412 2917 3642 2970 descen-

2049 3005 2142 3059 det
2166 3006 2325 3076 quasi
2356 3006 2557 3062 ﬂuvius
2581 3007 2828 3078 Egypti.
2862 3025 2880 3058 ›
2923 3005 3239 3075 Superbiam
3267 3014 3445 3081 autem
3482 3015 3644 3059 vorat

2051 3095 2404 3164 conjunctam
2437 3112 2563 3151 cum
2612 3098 2928 3166 arrogantia
2966 3097 3322 3166 injustiliam,
3381 3111 3546 3165 quam
3585 3096 3640 3149 in

2047 3201 2318 3257 pauperes
2340 3189 2696 3244 exercebant.
2727 3187 3018 3243 Dominum
3042 3197 3222 3244 autem
3245 3189 3464 3257 jurasse
3480 3187 3639 3254 dixit,

2047 3286 2105 3331 ut
2133 3278 2402 3333 dictorum
2449 3279 2735 3334 veritatem
2769 3279 3041 3333 ostendat.
3089 3277 3209 3334 Non
3254 3278 3391 3347 jam,
3441 3277 3637 3346 inquit,

2045 3371 2100 3424 in
2131 3369 2458 3425 oblivionem
2489 3370 2656 3440 impia
2700 3379 2885 3425 vestra
2919 3370 3166 3424 facinora
3194 3369 3384 3424 venire
3437 3369 3637 3438 patiar,

2045 3459 2140 3516 sed
2164 3475 2379 3516 omnem
2407 3461 2795 3530 propemodum
2832 3461 2886 3515 in
2912 3475 3010 3516 vos
3036 3460 3391 3515 commovebo
3415 3468 3637 3523 terram,

2044 3559 2099 3608 et
2132 3552 2382 3620 obtegam
2409 3567 2508 3609 vos
2551 3552 2905 3609 multitudine
2951 3553 3215 3620 hostium,
3251 3552 3394 3608 sicut
3438 3551 3638 3607 ﬂuvius

2046 3643 2267 3715 Egypti
2293 3644 2499 3714 obtegit
2527 3652 2755 3700 terram.
2787 3643 3017 3699 Terram
3052 3651 3236 3698 autem
3263 3651 3504 3699 vestram
3539 3659 3639 3696 va-

2045 3751 2210 3792 cuam
2263 3735 2658 3807 relinquentes,
2711 3751 2810 3792 vos
2858 3737 3107 3806 captivos
3154 3735 3450 3791 abducent.
3522 3734 3639 3789 lloc

2045 3827 2192 3882 enim
2222 3826 2440 3893 innuit,
2478 3841 2602 3881 cum
2648 3815 2826 3880 dixit:
2857 3845 2876 3877 ι
2909 3824 3214 3880 Descendet
3259 3823 3416 3893 quasi
3440 3821 3640 3876 ﬂuvius

2047 3916 2290 3989 IEgypti.
2321 3935 2340 3969 ι
2379 3915 2458 3988 [9,
2484 3915 2583 3987 i0]
2625 3915 2760 3970 Tum
2795 3916 2958 3970 etiam
2992 3915 3077 3971 sol
3121 3915 3302 3970 medio
3350 3915 3441 3969 die
3476 3914 3528 3966 in
3559 3922 3641 3967 te-

2048 4010 2244 4064 nebras
2283 4023 2588 4063 conversus
2635 4007 2913 4062 videbitur
2965 4007 3035 4062 iis
3080 4005 3173 4075 qui
3221 4005 3638 4060 calamitatibus

2049 4099 2430 4169 urgebuntur:
2463 4105 2517 4152 et
2558 4096 2736 4150 festos
2783 4095 2902 4150 dies
2951 4097 3004 4149 in
3046 4096 3279 4158 luctum,
3319 4097 3536 4149 cantica
3577 4096 3638 4169 in

2048 4191 2351 4245 lamentum
2402 4185 2747 4241 transferam
2771 4225 2788 4249 ,
2823 4185 3184 4256 habitumque
3222 4186 3510 4257 lugubrem
3550 4185 3639 4240 in-

2047 4281 2216 4337 duent
2244 4294 2455 4346 omnes,
2483 4278 2684 4332 decora
2717 4291 2872 4331 coma
2902 4278 3122 4346 spoliati
3155 4285 3209 4332 et
3234 4293 3396 4333 sacco
3428 4278 3635 4342 vestiti,

351 4375 547 4447 γενοῦς
577 4375 768 4438 παιδὸς
795 4371 1146 4444 ὀδυρομένοις
1169 4368 1494 4441 μεταϐολήν.
1519 4367 1631 4422 Καὶ
1661 4364 1798 4438 πρὸς
1822 4365 1942 4419 τού-

2052 4381 2104 4428 ut
2131 4374 2403 4443 jacturam
2435 4366 2699 4438 unigeniti
2730 4365 2829 4420 lilii
2856 4365 3041 4436 lugere
3076 4367 3380 4422 videantur.
3415 4365 3524 4439 [11.
3545 4367 3634 4439 l2]

351 4485 470 4524 τοις
498 4467 542 4498 ⁸⁸
573 4465 757 4531 ἐπάξω
783 4463 961 4534 λιμὸν,
985 4463 1079 4515 καὶ
1113 4460 1324 4514 ἔνδειαν
1352 4459 1413 4512 οὐ
1442 4456 1654 4529 καρποῦ
1689 4457 1784 4511 καὶ
1815 4455 1945 4510 ὓδα-

2038 4467 2260 4523 Famem
2322 4467 2583 4532 praeterea
2611 4465 2668 4514 et
2698 4458 2984 4529 penuriam
3034 4457 3310 4519 inducam,
3365 4474 3476 4512 non
3515 4458 3636 4512 fru-

353 4576 469 4624 τος,
528 4557 664 4611 ἀλλά
720 4553 1060 4626 προφητείας
1105 4551 1203 4606 καὶ⁵
1235 4551 1386 4614 θείας
1434 4548 1799 4611 διδασκαλίας.
1833 4548 1946 4603 Καὶ

2052 4573 2191 4630 gum,
2223 4560 2316 4608 aut
2345 4567 2522 4622 aquae,
2561 4550 2656 4606 sed
2694 4549 2996 4621 prophetiae
3027 4557 3081 4604 et
3109 4549 3309 4604 divinae
3351 4549 3638 4606 doctrinae.

353 4651 485 4721 τῇδε
507 4649 734 4703 κάκεῖσε
758 4647 914 4717 δίκην
938 4645 1148 4698 ὑδάτων
1182 4643 1468 4714 ἁλλόμενοι
1511 4642 1606 4695 καὶ
1655 4640 1946 4712 πλανώμε-

2052 4649 2112 4703 Et
2143 4659 2412 4717 aquarum
2453 4657 2607 4699 more
2657 4641 2762 4698 hue
2813 4640 2946 4694 illuc
2976 4650 3239 4711 vagantes
3284 4651 3340 4697 et
3386 4651 3638 4698 errantes

354 4756 439 4794 νοι
473 4737 957 4810 περινοστήσουσι,
1011 4733 1102 4787 τὸν
1170 4730 1313 4787 θεῖον
1344 4731 1503 4800 λόγον
1539 4728 1945 4799 ἐπιζητοῦντες,

2052 4737 2442 4801 circumibunt,
2475 4733 2708 4788 verbum
2730 4730 2826 4787 Dei
2862 4730 3074 4805 1M3
3099 4733 3519 4802 conquirentes,
3541 4733 3636 4790 sed

354 4829 566 4886 καὶτοῦ
603 4827 940 4899 ποθουμένου
963 4825 1449 4898 διαμαρτήσοντες.
1504 4822 1668 4878 Ἀλλά
1712 4822 1818 4894 μήν
1851 4824 1948 4878 καὶ

2052 4829 2362 4886 desiderato
2393 4825 2836 4881 frustrabuntur.
2866 4821 2981 4896 [l3]
3014 4823 3117 4878 Sed
3150 4832 3205 4879 et
3241 4825 3484 4896 virgines
3516 4827 3630 4881 ele-

323 4930 328 4933 ’
354 4927 413 4979 αἰ
442 4923 538 4977 νῦν
580 4918 1062 4989 καλλωπιζόμεναι
1087 4916 1484 4990 παρθένοι,καὶ
1509 4916 1558 4969 οἰ
1585 4916 1725 4986 μετὰ
1740 4914 1945 4968 τούτων

2052 4929 2260 4994 gantes,
2313 4927 2367 4975 et
2398 4932 2522 4972 cum
2549 4916 2636 4973 his
2681 4915 2907 4972 enutriti
2937 4914 3173 4986 juvenes
3228 4915 3321 4970 siti
3375 4915 3636 4972 tabefacti

354 5015 746 5087 ἑκτρεφόμενοι
771 5009 980 5066 νεανίαι
1009 5007 1154 5080 δίψει
1194 5009 1489 5081 τηκόμενοι
1527 5007 1744 5079 θανάτῳ
1765 5024 1944 5079 παρα-

2052 5012 2332 5068 lradentur
2365 5008 2506 5064 neci.

354 5108 696 5180 δοθήσονται.
1339 5119 1344 5126 ·

425 5197 506 5253 ιδ’.
541 5217 561 5251 ι
591 5199 652 5252 Οἰ
679 5197 974 5269 ὀμνύοντες
1006 5192 1144 5249 κατὰ
1170 5191 1268 5249 τοῦ
1305 5191 1539 5263 ἱλασμοῦ
1571 5189 1939 5262 Σαμαρείας.»

2129 5189 2298 5245 Vens.
2360 5187 2450 5241 M.
2481 5205 2498 5236 ι
2546 5183 2652 5251 Qui
2680 5183 2871 5252 jurant
2903 5196 3001 5252 per
3031 5181 3485 5252 propitiationem
3535 5180 3640 5236 Sa-

351 5289 466 5347 Καὶ
491 5289 778 5356 διδάσκων,
810 5287 892 5353 τίς
915 5279 1090 5353 οὗτος,
1120 5283 1283 5348 εὐθὺς
1314 5285 1624 5355 ἐπήγαγεοι
1658 5284 1732 5354 Ζῇ
1757 5285 1785 5337 ὁ
1812 5283 1944 5347 Θεός

2061 5281 2269 5336 mariae.
2306 5298 2325 5332 ι
2363 5279 2430 5333 Et
2459 5277 2689 5342 docens,
2717 5272 2850 5345 quid
2881 5273 3018 5328 illud
3047 5274 3142 5336 sit,
3167 5275 3354 5329 statim
3393 5272 3596 5342 adjecit
3622 5317 3636 5330 .

1680 5409 1914 5466 ἾΑΒΙᾸΞ
1954 5408 2371 5465 LECTIONES.

455 5536 500 5568 ⁸⁹
527 5534 569 5607 C
600 5531 912 5607 θηρεύεται.
936 5599 950 5607 _
1009 5529 1136 5607 “ab
1173 5527 1235 5607 ob
1279 5527 1576 5607 προσθήσω
1619 5525 1703 5607 ἔτι
1753 5525 1847 5607 τοῦ
1890 5545 2025 5607 παρ.
2081 5524 2264 5607 αὑτόν.
2355 5521 2400 5554 ⁸¹
2435 5521 2487 5606 C'
2524 5518 2812 5607 bkoldﬁet.‘
2983 5518 3237 5607 saga.
3257 5508 3637 5607 ὑπερηφανίας

355 5609 405 5642 “
439 5587 816 5661 enixam.
854 5599 968 5655 καί.
1071 5598 1118 5631 ⁸⁸
1148 5599 1244 5652 καὶ
1271 5587 1342 5638 -ἶ
1377 5587 1627 5668 τῆν’γήν.
1663 5597 1802 5668 ExC
1829 5587 2011 5668 suppl.
2077 5667 2087 5668 ί
2117 5596 2238 5668 ἕξει.
2273 5610 2369 5668 πρ.
2396 5590 2694 5668 τούτη-κε-
2713 5608 2767 5668 τ.
2791 5588 2842 5643 λ.
2877 5587 2958 5643 Ex
3006 5587 3304 5668 vers.__jl_,
3337 5589 3476 5668 haec
3523 5587 3629 5668 leg.

357 5655 659 5748 suﬁi',_"aé
688 5655 1119 5748 Enecat-xyw,
1168 5668 1260 5734 29,
1307 5655 1652 5748 _nec'_rton'_t.
1684 5667 1729 5748 _l,
1765 5655 2204 5748 ρηὸἵξῆειλὸίξῖ
2236 5674 2288 5718 et
2317 5655 2496 5748 intra:
2648 5658 2865 5748 Hahae.
2895 5655 3524 5748 irra‘lz.,"lsoia\§7;d\€y

352 5725 703 5818 nam.
736 5725 846 5818 ,ἣν
884 5739 1080 5818 (utut
1105 5725 1162 5796 ιτ.
1204 5725 1260 5808 γ;
1291 5737 1410 5795 des.
1443 5736 1644 5796 Ezecb.
1682 5725 1726 5793 ι.
1756 5725 1836 5807 ὁ.)
1868 5738 1927 5792 οὑ
1947 5737 2109 5809 λιμὸν
2147 5736 2337 5807 ἄρτου,
2372 5731 2496 5787 οὐδὲ
2519 5731 2678 5802 δίψαν
2713 5729 2926 5797 ὕδατος,
2968 5727 3104 5782 ἀλλά
3135 5726 3198 5796 (Α
3230 5725 3345 5780 ἀλλ’
3386 5726 3445 5798 ἢ)
3475 5725 3633 5796 λιμὸν

359 5808 462 5874 τοῦ
486 5808 721 5872 ἀκοῦσαι
751 5808 911 5882 λόγον
937 5808 1166 5882 Κυρίου.
1286 5881 1289 5882 ν
1570 5869 1598 5882 _
2009 5808 2013 5809 '
2125 5852 2130 5856 _
3563 5869 3565 5872 ρ
