4088 6408
523 398 662 465 ίῖῡδ

1545 390 2032 462 ΤΙΙΕΟΠΟΠῈΤΙ
2070 395 2410 459 EPISCOPI
2441 397 2820 462 'CYRENSIS

3640 402 3786 466 1704

525 534 546 568 ι
579 513 738 569 Vivat
758 513 900 570 Deus
932 517 1080 576 tuus,
1120 509 1256 579 Dan,
1288 518 1352 568 ‘ct
1388 513 1531 566 vivat
1555 524 1696 568 Ueus
1724 521 1854 568 tuus
1907 509 2098 567 Bersa-

2208 527 2326 572 σου,
2359 511 2486 575 ΔΞιν,
2534 513 2630 565 καὶ
2659 514 2723 584 ζῇ
2775 515 2804 567 ό
2830 512 2960 576 Θεός
2993 531 3112 579 σου,
3143 513 3443 586 Βηρσαϐεέ.
3479 533 3498 568 ι
3541 517 3698 588 Ὅροι
3719 518 3786 571 δὲ

519 603 696 660 betur
755 605 916 660 Fines
976 613 1157 658 autem
1192 604 1246 656 hi
1301 612 1648 660 crantterrte
1699 604 2099 660 Israelitarum.

523 696 579 750 In
613 696 732 749 Dan
764 705 941 750 autem
980 695 1176 748 altaria
1211 697 1427 764 primus
1479 697 1741 751 excitavit
1771 694 2099 752 Jeroboam:

524 788 786 841 Bersabea
825 802 952 841 vero
1006 797 1200 857 puteus
1243 797 1329 842 est
1369 787 1690 856 juramenti,
1722 788 1883 857 cujus
1937 801 2102 857 supra

512 880 852 932 mentionem
891 876 1042 940 fecit,
1079 877 1266 947 ibique
1292 878 1436 933 idola
1465 879 1892 935 venerabantur.

1121 968 1361 1023 ‘CAPUT
1399 969 1488 1024 IX.

591 1060 666 1125 (i,
706 1059 782 1128 2).
813 1059 944 1112 Post
974 1061 1086 1114 hare
1124 1061 1200 1113 ait
1235 1062 1446 1116 vidisse
1495 1077 1555 1117 se
1591 1061 1880 1117 Dominum
1937 1079 2101 1134 super

508 1149 686 1202 altare
749 1156 1010 1212 stantem,
1041 1158 1095 1202 et
1141 1149 1423 1218 jnbentem
1457 1161 1516 1205 ut
1551 1161 1859 1221 percuteret
1915 1154 2102 1223 propi—

515 1240 823 1303 tiatorium,
853 1241 926 1294 ita
956 1248 1014 1293 ut
1046 1241 1154 1294 ictu
1181 1242 1452 1296 vestibula
1497 1252 1940 1298 concuterentur.
1999 1243 2102 1300 Per

519 1331 623 1384 hoc
682 1337 865 1384 autem
901 1331 1147 1384 ostendit
1203 1331 1321 1386 fore
1353 1340 1410 1385 ut
1442 1330 1532 1386 Dei
1555 1333 1736 1401 jussu,
1770 1343 1823 1388 et
1859 1349 1969 1387 non
2001 1349 2100 1389 sna

520 1423 741 1485 virtute,
777 1423 876 1477 hos
905 1420 1459 1494 vincatBabylonius.
1487 1444 1504 1476 ι
1539 1427 1603 1478 Et
1633 1425 1870 1492 disseca,
1901 1427 2097 1496 inquit,

516 1516 704 1584 capita
736 1515 1002 1568 omnium.
1041 1536 1057 1566 ι
1097 1513 1214 1570 iioc
1247 1517 1409 1570 etiam
1431 1507 1893 1574 beatus-Ezechiel
1922 1522 2098 1575 vidit:

527 1624 649 1660 nam
681 1621 734 1661 et
766 1607 836 1661 ibi
871 1607 1178 1662 invisibiles
1213 1608 1468 1672 virtutes,
1511 1612 1806 1664 securibus
1851 1621 2091 1675 utentes,

517 1699 714 1751 'trrbem
747 1713 962 1752 omnem
995 1699 1288 1753 circumire
1318 1701 1490 1769 iussae
1535 1711 1685 1766 sunt,
1715 1715 1878 1772 atque
1909 1715 2098 1758 omnes

517 1797 829 1857 percutere,
887 1796 1082 1858 praeter
1117 1805 1212 1844 eos
1242 1791 1334 1860 qui
1361 1792 1578 1862 signum
1615 1793 1908 1848 haberent.
1953 1794 2098 1849 Idem

516 1882 628 1935 hoc
667 1881 841 1935 etiam
893 1882 1015 1935 loco
1056 1883 1336 1952 praecipit,
1389 1903 1411 1935 ι
1461 1883 1682 1940 Disseca
1739 1887 1918 1956 capita
1982 1903 2100 1940 om-

515 1975 695 2032 nium.
728 1992 757 2025 τ
800 1973 865 2027 Et
887 1972 1124 2043 plurima
1155 1975 1302 2031 caede
1328 1976 1386 2030 in
1415 1977 1560 2032 hunc
1590 1978 1810 2034 modum
1843 1979 2100 2052 designa-

511 2071 596 2127 ‘ta,
624 2063 851 2120 subdit:
887 2083 905 2114 ι
942 2063 1008 2116 Et
1037 2064 1283 2133 reliquos
1317 2077 1508 2120 eorum
1542 2067 1723 2136 gladio
1743 2069 2094 2126 interficiant:

507 2163 572 2207 ct
602 2170 712 2208 non
746 2153 915 2223 fugiet
945 2168 1010 2207 ex
1041 2153 1122 2206 eis
1162 2154 1182 2175 ‘
1212 2152 1308 2222 qui
1357 2152 1564 2224 fugerit
1597 2173 1612 2212 :
1646 2164 1701 2209 et
1735 2169 1847 2211 non
1876 2159 2102 2214 salvahi-

509 2253 611 2299 tur
664 2260 731 2299 ex
783 2243 894 2297 illis
924 2243 1017 2312 qui
1073 2242 1241 2296 fuerit
1277 2243 1466 2299 salvus
1508 2244 1711 2300 factus.
1756 2265 1776 2298 ι
1805 2246 1878 2317 (2,
1914 2248 1966 2318 ’5)
2035 2248 2097 2303 Si

517 2328 692 2406 enim,
745 2339 944 2408 inquit,
979 2338 1032 2391 in
1065 2336 1342 2390 infernum
1373 2334 1790 2404 descenderint,
1825 2335 1952 2392 inde
2002 2352 2098 2392 eos

519 2433 746 2486 evellam
793 2446 995 2483 manu:
1045 2429 1088 2483 si
1132 2429 1184 2481 in
1223 2427 1425 2480 caelum
1461 2427 1832 2494 ascenderint,
1884 2428 2098 2502 1444

518 2523 666 2592 quod
693 2521 817 2576 fieri
853 2537 962 2575 non
991 2527 1190 2590 potest,
1230 2519 1360 2574 inde
1384 2519 1668 2573 detractos
1703 2518 1958 2575 hostibus
1984 2529 2097 2574 tra-

517 2615 666 2665 dam.
703 2611 859 2678 Quod
883 2611 928 2666 si
965 2610 1016 2662 in
1044 2609 1366 2664 Carmelum
1397 2607 1658 2678 fugerint,
1693 2609 1844 2663 nul-lo
1877 2610 2098 2680 negotio

512 2707 670 2759 illinc.
694 2720 798 2760 eos
821 2703 1248 2773 apprehendatn.
1283 2699 1350 2753 Et
1381 2702 1434 2754 in
1457 2699 1786 2770 proftmdum
1811 2703 1978 2758 maris
2004 2703 2097 2758 de-

510 2797 687 2864 anergi
733 2795 777 2849 si
812 2801 1103 2856 conentur,
1141 2791 1339 2845 belluis
1359 2807 1481 2861 quae
1514 2792 1587 2845 ibi
1617 2799 1748 2846 sunt
1793 2793 2095 2862 imperabo,

519 2896 579 2939 ut
610 2901 706 2938 eos
740 2885 1054 2938 absumant.
1093 2883 1168 2952 (ι)
1200 2881 1256 2936 Si
1283 2890 1466 2936 autem
1497 2883 1564 2935 ad
1595 2883 1782 2936 hostes
1809 2882 2098 2953 perfugere

518 2975 805 3038 tentarint,
851 2987 1031 3042 neque
1080 2973 1161 3027 sic
1197 2972 1265 3026 ab
1322 2971 1461 3042 ipsis
1505 2973 1849 3037 obtinebunt,
1904 2983 1964 3028 ut
2013 2975 2097 3029 eis

513 3072 803 3136 parcatur.
843 3083 860 3115 ι
899 3062 1217 3118 Obiirtnabo
1240 3063 1387 3117 enim
1422 3064 1616 3120 oculos
1647 3077 1799 3119 meos
1832 3080 2000 3135 super
2033 3067 2097 3121 ib-

517 3159 603 3213 los
640 3159 694 3212 in
736 3157 898 3221 mala,
924 3164 978 3212 et
1011 3170 1117 3210 non
1158 3157 1214 3210 in
1256 3155 1421 3210 bona.
1472 3173 1491 3206 ι
1521 3155 1600 3227 (5)
1642 3155 1753 3225 Ego
1780 3155 1924 3212 Deus
1975 3172 2096 3213 om-
2125 3185 2166 3241 ο

515 3251 670 3303 nium
715 3263 779 3302 ac
809 3247 1099 3312 Dominus,
1134 3247 1225 3317 qui
1277 3254 1432 3301 tactu
1485 3245 1604 3302 solo
1647 3246 1824 3302 cilicio
1846 3256 1907 3302 ut
1946 3254 2093 3304 terra

517 3351 826 3405 moveatur,
855 3350 910 3395 et
941 3339 1042 3394 hac
1068 3339 1332 3396 de-caus—a
1365 3337 1506 3394 facio
1535 3347 1595 3393 ut
1624 3338 1751 3409 ejus
1774 3337 1968 3396 incolae
2019 3340 2098 3394 lu-

512 3439 703 3502 gcant.

515 3528 628 3596 ἀφῇ
690 3524 824 3597 μόνῃ
873 3523 1046 3578 ποιῶν
1095 3522 1361 3576 κινεῖσθαι
1422 3523 1523 3593 τὴν
1561 3523 1667 3592 γῆν
1699 3561 1716 3587 ,
1763 3524 1866 3577 καὶ
1918 3523 2136 3579 πενθεῖν

517 3621 708 3688 αὐτήν.

587 3711 758 3765 Vsus.
809 3707 865 3763 6.
934 3723 955 3759 ι
992 3706 1098 3774 Qui
1131 3707 1371 3761 adificat
1415 3707 1473 3761 in
1518 3709 1664 3763 coelo
1713 3709 2099 3766 ascensionem

514 3815 702 3866 suam,
753 3805 809 3853 et
854 3796 1280 3869 promissionem
1315 3811 1472 3852 suam
1527 3811 1691 3867 super
1718 3805 1922 3854 terram
1975 3798 2102 3853 fun-

516 3894 634 3948 dat.
675 3909 695 3944 ι
751 3887 893 3945 iluic
941 3887 1122 3944 simile
1171 3897 1257 3944 est
1287 3889 1435 3959 quod
1479 3887 1672 3944 beatus
1719 3888 1890 3945 David
1943 3891 2099 3955 dicit,

518 4003 544 4036 ε
565 3974 686 4050 ’ρυὶ
713 3983 765 4038 in
798 3981 1036 4038 excelsis
1059 3979 1287 4045 habitat,
1320 3987 1376 4036 et
1398 3979 1627 4036 humilia
1653 3983 1883 4053 respicit
1903 3993 1952 4037 «ι.
1983 4001 2004 4035 ι
2032 4013 2102 4022 -

517 4077 668 4143 τοιιὶ
714 4081 872 4130 vocat
917 4088 1115 4145 aquam
1170 4072 1362 4140 maris,
1393 4079 1449 4127 et
1476 4069 1714 4128 effundit
1754 4088 1876 4129 eam
1933 4090 2098 4146 super

517 4168 713 4221 faciem
751 4174 934 4229 terrm,
975 4164 1242 4219 Dominus
1297 4163 1442 4219 Deus
1493 4165 1846 4235 omnipotens
1899 4181 2098 4224 nomen

510 4259 657 4332 ejus.
685 4279 704 4312 ›
737 4258 994 4315 Ostendit
1027 4256 1318 4328 potestatis
1345 4271 1536 4328 Opera,
1558 4267 1616 4313 ut
1642 4273 1740 4329 per
1768 4260 1868 4316 has
1893 4261 2098 4316 confir-

513 4359 627 4408 met
660 4355 864 4405 minas.

2204 598 2350 657 οὗτοι
2375 599 2516 674 ἦσαν
2537 608 2634 676 τῆς
2670 607 3017 677 Ἰσραηλιτῶν
3047 607 3174 678 γῆς.
3219 607 3310 662 Ἐν
3350 610 3409 662 δὲ
3436 611 3501 680 τῇ
3538 609 3660 663 Δὰθν
3681 609 3785 662 καὶ

2203 695 2231 747 6
2259 694 2474 765 πρῶτος
2497 695 2722 764 ἔστησεν
2765 696 3046 768 Ἱεροόοὰμ
3072 697 3468 769 θυσιαστήρια·
3492 701 3527 770 ή
3555 699 3612 752 δὲ
3635 701 3791 768 Βηρ-

2204 783 2386 836 σαϐεὲ
2411 783 2472 834 τὸ
2500 784 2680 853 φρέαρ
2704 783 2819 836 ἐστὶ
2839 783 2932 837 τοῦ
2961 785 3145 855 ὅρκου,
3176 785 3307 856 περὶ
3331 779 3392 838 οὗ
3423 786 3518 838 καὶ
3561 785 3677 838 ἄνω
3704 784 3790 837 εῖ-

2205 884 2342 945 ρηκε
2361 888 2377 903 °
2403 873 2566 928 κάκεῖ
2589 873 2645 928 δὲ
2667 873 2862 927 εἴδωλα
2893 870 3284 946 προσεκύνουν.

2799 964 3049 1017 ΚΕΦΑΛ.
3102 965 3180 1019 Θ¹.

2271 1053 2425 1106 Μετὰ
2453 1053 2626 1108 ταῦτα
2657 1055 2785 1108 ἰδεῖν
2833 1054 2934 1124 ἐτη
2976 1055 3064 1108 τδν
3110 1054 3318 1126 Κύριον
3373 1055 3654 1123 ἐφεστῶτα
3702 1053 3789 1125 τῷ

2203 1144 2591 1215 θυσιαστηρίῳ,
2614 1147 2708 1198 καὶ
2734 1145 3062 1198 κελεύσαντα
3107 1145 3341 1210 πατάξαι
3371 1145 3434 1198 τδ
3467 1146 3788 1218 ἱλαστήριον

2203 1236 2394 1300 οὕτως,
2417 1236 2559 1290 ὥστε
2583 1239 2654 1306 ,τῇ
2687 1237 2872 1306 πληγῇ
2909 1237 3002 1289 καὶ
3045 1237 3185 1289 αὐτὰ
3225 1238 3507 1308 σεισθῆναι
3537 1238 3608 1292 τὰ
3639 1255 3786 1309 προ-

2204 1327 2424 1381 πύλαια.
2446 1327 2608 1398 Δηλοϊ
2629 1327 2688 1380 δὲ
2704 1327 2797 1380 καὶ
2815 1328 2902 1381 διὰ
2928 1327 3150 1388 τούτων.
3173 1327 3249 1393 ώς
3276 1329 3440 1383 αὑτοῦ
3453 1331 3499 1362 ⁸⁸
3525 1331 3789 1384 κελεύον-

2200 1437 2313 1482 τος,
2351 1419 2466 1472 ἀλλ’
2493 1421 2599 1472 οὐκ
2637 1419 2813 1490 οἰκείᾳ
2862 1419 3089 1488 δυνάμει
3142 1419 3445 1490 χρώμενος,
3511 1422 3788 1494 κρατήσει

2199 1513 2404 1563 τούτων
2427 1513 2455 1564 6
2482 1509 2840 1572 Βαϐυλώνιος.
2867 1528 2890 1560 ι
2928 1510 3036 1563 Καὶ
3055 1509 3333 1580 διάκοψον,
3361 1514 3546 1582 φησὶν,
3578 1515 3660 1577 είς
3685 1529 3788 1568 κε-

2203 1603 2375 1670 φαλὰς
2429 1601 2663 1654 πάντων.
2709 1620 2728 1651 ι
2763 1600 2932 1653 Τοῦτο
2971 1601 3065 1653 καὶ
3107 1603 3136 1654 6
3184 1601 3454 1673 μακάριος
3517 1603 3786 1671 Ἰεζεκιὴλ

2201 1692 2496 1746 ἐθεάσατο·
2529 1693 2624 1746 καὶ
2669 1692 2777 1763 γὰρ
2811 1694 2928 1744 ἒκεῖ
2957 1692 3179 1763 ἀόρατοι
3210 1694 3469 1763 δυνάμεις
3521 1693 3788 1750 πελέκεσι

2203 1782 2502 1854 χρώμεναι,
2525 1782 2622 1852 τὴν
2645 1783 2795 1835 πόλιν
2824 1784 3044 1839 ἃπασαν
3068 1787 3425 1858 περιδραμεῖν
3454 1787 3788 1860 ἐκελεύσθη-

2205 1891 2323 1938 σαν,
2357 1874 2451 1928 καὶ
2473 1875 2714 1937 ἅπαντας
2734 1873 2871 1943 πλὴν
2895 1874 3000 1927 τῶν
3024 1876 3086 1929 τὸ
3116 1881 3340 1948 σημεῖον
3381 1879 3617 1949 ἐχόντων
3645 1891 3787 1934 κατ-

2203 1963 2502 2015 ακοντίσαι.
2535 1963 2706 2015 Τοῦτο
2760 1961 3034 2017 κάνταῦθα
3064 1966 3448 2037 παρηγγύησε,
3469 1987 3488 2019 ι
3513 1969 3790 2038 meum

2204 2055 2283 2118 είς
2308 2054 2550 2123 κεφαλὰς
2575 2041 2812 2108 πάντων.
2856 2074 2874 2107 ι
2901 2059 3012 2111 Καὶ
3035 2058 3127 2112 τὸν
3151 2057 3346 2129 ἀθρόον
3372 2059 3600 2114 θάνατον
3635 2061 3787 2115 οὕτω

2203 2144 2622 2217 παραδηλώσας,
2665 2147 2953 2217 ὲπήγαγεο
3000 2165 3025 2200 ν
3073 2149 3186 2203 Καὶ
3235 2150 3363 2214 τοὺς
3415 2152 3790 2217 καταλοίπους

2202 2235 2380 2289 αὐτῶν
2407 2237 2466 2289 ὲν
2501 2235 2744 2306 ῥομφαίᾳ
2771 2236 3086 2290 ἀποκτενῶ·
3118 2239 3180 2292 οὐ
3212 2239 3288 2310 μὴ
3312 2240 3552 2312 διαφύγῃ
3589 2241 3650 2306 ἐξ
3680 2243 3788 2295 αὐ-

2200 2325 2310 2380 τῶν
2339 2317 2577 2394 φεύγων.
2601 2328 2692 2378 καὶ
2722 2327 2784 2380 ob
2818 2328 2894 2398 μὴ
2919 2327 3158 2400 διασωθῇ
3190 2331 3248 2396 ἐξ
3288 2332 3469 2384 αὐτῶν
3497 2334 3792 2398 ἀνασωζό-

2204 2433 2384 2487 μενος.
2428 2435 2448 2471 ι
2492 2417 2618 2470 Ἐὰν
2656 2419 2766 2488 γὰρ
2790 2421 2870 2482 είς
2896 2419 3026 2490 ᾅδου
3053 2421 3406 2486 κατέλθωσιν,
3451 2425 3791 2496 ἀνασπάσω,

2202 2508 2388 2580 φησὶν,
2415 2507 2613 2571 αὐτοὺς
2641 2511 2706 2579 τῇ
2737 2509 2900 2579 χειρί·
2935 2510 3030 2564 ἐὰν
3050 2513 3131 2574 είς
3159 2511 3250 2565 τὸν
3273 2514 3502 2583 οὐρανὸν
3534 2515 3790 2570 ἀνέλθωδ

2203 2614 2313 2665 σιν,
2354 2603 2491 2671 ὅπερ
2516 2603 2632 2655 ἐστὶ
2669 2601 2779 2654 τ’ὦν
2827 2602 3127 2668 ἀδυνάτων,
3159 2605 3369 2660 ἐκεῖθεν
3401 2608 3598 2673 αὐτοὺς
3645 2628 3791 2665 κατ-

2203 2693 2427 2762 αγαγὼν
2447 2695 2558 2756 τοῖς
2582 2693 2626 2724 ⁸⁷
2654 2693 2872 2765 ἐχθροῖς
2899 2695 3231 2766 παραδώσων
3255 2701 3306 2751 εί
3347 2699 3402 2752 δὲ
3430 2701 3524 2753 καὶ
3565 2703 3648 2764 είς
3693 2703 3791 2757 τὸν

2204 2784 2500 2856 Κάρμηλον
2525 2784 2749 2853 φύγοιεν
2780 2787 2845 2848 ⁸⁸.
2876 2789 3049 2858 ῥᾷστα
3076 2790 3330 2844 κάκεῖθεν
3373 2792 3570 2856 αὐτοὺς
3601 2812 3791 2866 παρα-

2202 2875 2442 2946 λήψομαι
2465 2892 2478 2906 ⁸
2512 2876 2616 2930 κᾶν
2654 2877 2735 2940 είς
2766 2877 2926 2931 αὑτὸν
2950 2878 3008 2932 δὲ
3056 2881 3156 2952 τῆς
3185 2881 3454 2956 θαλάττης
3482 2887 3790 2942 καταδῦναι

2201 2968 2293 3020 τὸν
2343 2967 2502 3037 βυθὸν
2558 2969 2884 3040 παραθῶσι,
2913 2971 3025 3034 τοῖς
3060 2973 3178 3026 ἐκεῖ
3216 2975 3423 3046 θηρίοις
3456 2979 3790 3050 ὲντελοῦμαι

2202 3057 2584 3111 καταναλῶσαι
2623 3057 2840 3122 αὐτούς·
2877 3059 2973 3113 ἐὰν
2997 3060 3056 3114 δὲ
3103 3063 3198 3116 καὶ
3228 3066 3604 3136 αὐτομολῆσαι
3646 3071 3791 3137 πρὸς

2201 3157 2322 3221 τοὺς
2359 3153 2586 3228 ἐχθροὺς
2617 3157 2974 3229 πειραθῶσιν,
2995 3158 3117 3212 οὐδὲ
3145 3157 3291 3212 οὕτω
3318 3160 3414 3230 τῆς
3442 3160 3573 3231 παρ’
3601 3161 3791 3213 αὐτῶν

2201 3247 2413 3318 φειδοῦς
2440 3249 2806 3302 ἀπολαύσουσι
2843 3250 2910 3306 δ’.
2946 3268 2968 3301 ι
3020 3250 3236 3322 Στηριῶ
3281 3251 3390 3320 γὰρ
3419 3252 3549 3314 τοὺς
3577 3250 3790 3319 ὀφθαλ-

2200 3343 2338 3412 μούς
2363 3359 2463 3412 μου
2493 3341 2578 3394 ἐπ’
2611 3343 2809 3406 αὐτοὺς
2840 3343 2920 3406 εἰς
2942 3343 3113 3406 κακὰ,
3143 3343 3240 3397 καλ
3266 3344 3367 3396 οὐκ
3393 3344 3474 3405 είς
3512 3344 3721 3411 ἀγαθά.
3757 3362 3780 3396 ι

2209 3433 2352 3501 Ἐγὼ
2418 3433 2529 3488 τῶν
2589 3433 2849 3488 ἁπάντων
2914 3434 3053 3498 Θεὸς
3117 3436 3213 3490 καὶ
3260 3435 3539 3506 Δεσπότης
3569 3475 3585 3500 ,
3640 3438 3672 3488 ό
3714 3441 3786 3508 τῇ

2202 3528 2392 3580 τούτου
2458 3528 2621 3600 χάριν
2691 3529 3125 3600 παρασκευάζων
3189 3529 3316 3594 τοὺς
3389 3530 3788 3595 κατοικοῦντας

2265 3712 2340 3771 ς’.
2376 3723 2398 3756 ι
2446 3703 2508 3773 'O_
2523 3706 2820 3778 οἰκοδομιῶν
2852 3708 2934 3772 είς
2964 3708 3056 3763 τὸν
3073 3707 3304 3780 οὐρανὸν
3324 3711 3424 3783 τὴν
3452 3713 3714 3770 ἐπίϐασιν
3735 3711 3788 3742 ³⁸

2199 3796 2387 3863 αὑτοῦ,
2429 3799 2524 3852 καὶ
2549 3798 2648 3870 τήν
2697 3799 3030 3868 ἐπαγγελίαν
3060 3802 3106 3834 ⁸⁸
3136 3802 3306 3857 αὑτοῦ
3349 3803 3448 3857 ἐπὶ
3473 3805 3579 3875 γῆς
3610 3807 3659 3840 η
3686 3809 3787 3862 θε-

2201 3887 2421 3959 μελιῶν.
2463 3908 2482 3940 ι
2518 3889 2706 3960 Τούτῳ
2734 3889 2880 3944 ἔοικε
2932 3891 2993 3944 τὸ
3047 3891 3154 3946 ὑπὸ
3179 3893 3273 3947 τοῦ
3305 3896 3578 3967 μακαρίου
3607 3899 3786 3954 Δασϊδ

2197 3981 2319 4052 είρη
2328 3979 2488 4050 μένον
2501 3997 2516 4011 ·
2553 3998 2573 4032 ι
2621 3980 2680 4034 '0
2700 3983 2758 4034 ἐν
2777 3981 3000 4052 ὑψηλοῖς
3023 3981 3314 4050 κατοικῶν,
3336 3985 3431 4039 καὶ
3452 3985 3520 4040 τὰ
3541 3991 3784 4044 ταπεινὰ

2196 4070 2432 4140 ἐφορῶν.
2473 4090 2492 4124 ι
2521 4097 2590 4112 έ-
2616 4087 2636 4122 ι
2680 4071 2738 4124 ’0
2768 4072 3246 4143 προσκαλούμενος
3273 4073 3335 4128 τὸ
3366 4074 3512 4148 ὕδωρ
3537 4077 3639 4147 τῆς
3675 4078 3782 4133 θα-

2193 4162 2420 4233 λάσσης,
2449 4162 2544 4214 καὶ
2572 4161 2778 4232 ἑκχέων
2818 4162 2950 4216 αὐτό
2997 4163 3091 4217 ἐπὶ
3114 4165 3404 4236 προσώπου
3439 4168 3484 4200 ⁸³
3512 4170 3612 4239 τῆς
3643 4171 3780 4241 γῆς,

2193 4252 2449 4324 Κύριοςό
2469 4252 2600 4316 Θεὸς
2627 4255 2656 4306 ό
2676 4255 3069 4327 παντοκράτωρ
3087 4256 3257 4326 ὄνομα
3278 4258 3445 4329 αὐτῷ.
3460 4279 3479 4312 ι
3505 4261 3675 4330 Λέγει
3704 4266 3784 4318 τὰ

2193 4345 2294 4414 τῆς
2324 4343 2608 4415 δυνάμεως
2647 4343 2807 4415 ἔργα,
2837 4344 2926 4399 ἵνα
2976 4344 3067 4399 διὰ
3109 4345 3317 4402 τούτων
3366 4347 3648 4425 βεόαιώσῃ
3673 4353 3785 4417 τὰς

2194 4433 2445 4499 ἀπειλάς.

581 4520 753 4579 Vsus.
803 4520 856 4578 7.
919 4539 938 4573 ι
975 4521 1132 4577 Anne
1181 4531 1242 4575 ut
1287 4521 1384 4576 lilii
1438 4520 1758 4594 Ethiopum
1800 4540 1898 4582 vos
1949 4526 2087 4582 estis

2251 4526 2320 4592 ζ’.
2357 4543 2377 4578 t
2411 4525 2528 4597 Οὐχ
2557 4527 2633 4590 ὡς
2666 4539 2774 4579 υιοι
2821 4525 3094 4582 Αἰθιόπων
3140 4528 3300 4600 ὑμεῖς
3353 4531 3479 4586 ἐστέ
3521 4549 3636 4603 μοι,
3667 4536 3782 4590 υἱοὶ

511 4616 671 4680 mihi,
730 4615 826 4670 ﬁlii
883 4615 1140 4671 Israelis?
1181 4615 1316 4669 dicit
1373 4613 1663 4674 Dominus.
1719 4633 1739 4669 ι
1796 4617 1932 4672 Cum
1987 4633 2088 4673 ea-

507 4709 634 4762 dem
694 4709 818 4763 sitis
876 4715 1098 4772 natura,
1168 4722 1278 4778 qua
1317 4707 1607 4780 Ethiopes
1651 4711 1948 4782 caeterique
1990 4712 2093 4765 ho-

509 4800 710 4863 mines,
758 4798 954 4865 majori
1003 4808 1190 4853 tamen
1219 4811 1334 4870 prte
1394 4801 1653 4856 omnibus
1700 4801 1884 4857 studio
1937 4803 2092 4874 digni

511 4889 683 4944 habiti
725 4891 884 4945 estis.
925 4889 983 4943 ld
1013 4889 1161 4960 quod
1191 4889 1492 4960 explanans
1534 4891 1823 4961 subjunxit
1853 4911 1866 4948 :
1899 4914 1916 4947 ι
1939 4894 2090 4950 Non-

507 4997 575 5035 ne
601 4979 859 5037 israelem
907 4983 1070 5037 eduxi
1105 4990 1314 5038 eterra
1360 4981 1602 5053 Egypti,
1641 4991 1698 5038 et
1745 4983 2083 5056 alienigenas

505 5090 537 5126 e
562 5071 938 5142 Cappadocia,
968 5082 1021 5126 et
1056 5072 1228 5144 Syros
1251 5089 1282 5130 e
1313 5073 1501 5130 fovea?
1528 5093 1546 5126 ι
1579 5073 2079 5148 Migraruntenim,

509 5163 710 5234 inquit,
750 5162 917 5217 etiam
947 5164 1063 5229 alii,
1089 5165 1374 5236 priorique
1411 5165 1590 5237 patria
1624 5164 1836 5238 1445
1884 5169 2080 5223 relicta

505 5255 558 5309 in
591 5255 754 5309 aliam
780 5263 1172 5324 pervenerunt,
1197 5265 1254 5312 ut
1284 5255 1430 5330 Syri,
1453 5265 1508 5316 et
1530 5257 1823 5328 Aliophyli,
1850 5260 1942 5314 sed
1971 5260 2078 5315 alia

571 5438 603 5482 (ι
623 5427 771 5486 Psal.
799 5441 918 5493 cut,
947 5429 1002 5484 3.

2207 4617 2420 4691 Ἰσραήλ
2447 4636 2462 4684 ;
2496 4617 2643 4686 λέγει
2667 4617 2926 4689 Κύριος.»
2962 4618 3073 4690 Τὴν
3117 4621 3307 4692 αὐτὴν,
3336 4625 3524 4695 φησὶν,
3554 4625 3780 4698 Αἰθίοψι

2186 4710 2424 4774 καὶτοῖς
2451 4708 2633 4773 ἄλλοις
2681 4707 2990 4779 ἀνθρώποις
3039 4709 3256 4780 ἔχοντες
3286 4714 3468 4782 φύσιν,
3526 4715 3780 4783 πλείονος

2188 4801 2340 4871 παρὰ
2365 4802 2572 4864 πάντας
2599 4799 2867 4872 ήξιώθητε
2915 4802 3279 4873 προμηθείας.
3316 4806 3426 4860 Καὶ
3458 4807 3619 4861 τοῦτο
3661 4809 3781 4863 δει-

2187 4892 2319 4954 κνὺς
2367 4893 2647 4964 ἐπήγαγεν
2670 4908 2684 4922 ·
2722 4909 2741 4943 ι
2779 4892 2853 4945 Ub
2873 4891 2967 4944 τὸν
3005 4893 3224 4966 Ἰσραὴλ
3255 4894 3532 4966 ἀνήγαγον
3557 4899 3626 4951 ἐκ
3664 4900 3779 4970 γῆς

2189 4982 2487 5051 Αίγύπτου,
2532 4983 2628 5036 καὶ
2674 4982 2801 5046 τοὺς
2858 4982 3188 5052 ἀλλοφύλους
3229 4986 3295 5039 ὲκ
3347 4987 3773 5054 Καππαδοκίας,

2189 5077 2284 5129 καὶ
2314 5074 2440 5138 τοὺς
2472 5073 2676 5145 Σύρους
2709 5073 2756 5106 ⁸⁸
2800 5075 2865 5128 ἐκ
2895 5074 3089 5144 βόθρου
3121 5092 3135 5140 ;
3179 5095 3198 5127 ι
3229 5077 3589 5149 Μετέστησαν
3635 5083 3770 5153 γὰρ,

2185 5167 2345 5237 φησὶ,
2375 5167 2471 5221 καὶ
2499 5166 2700 5237 ἕτεροι,
2725 5166 2820 5220 καὶ
2841 5166 2938 5238 τὴν
2965 5167 3238 5242 προτέραν
3263 5171 3501 5240 πατρίδα
3536 5173 3773 5226 καταλιο

2188 5257 2380 5320 adv-:5;
2421 5258 2502 5320 εἰς
2535 5255 2706 5325 ἄλλην
2730 5255 2989 5328 ἀφίκοντο
3013 5275 3025 5288 ·
3081 5257 3250 5330 ὅνπερ
3293 5259 3358 5331 δὴ
3391 5261 3593 5331 τρόπον
3618 5262 3671 5316 οἵ
3706 5281 3772 5318 τε

1817 5579 2055 5639 VARUS
2089 5581 2486 5644 LECTIONES.

577 5721 623 5752 ³⁸⁸
652 5721 773 5773 αὐτ.
809 5718 851 5772 C
891 5731 1078 5784 prtem.
1153 5719 1199 5750 "
1230 5721 1360 5782 τοῖς.
1393 5718 1516 5774 Des.
1553 5719 1606 5772 in
1647 5719 1709 5775 C.

1805 5719 1852 5753 “
1887 5721 1927 5773 C
1956 5721 2289 5792 διαφύγοιεν.

3581 5723 3626 5756 ιι
3659 5722 3759 5781 επ.

2399 5725 2442 5757 ’⁸⁵
2477 5725 2517 5779 (Σ
2549 5725 2968 5779 ἀπολαύσονται.
3045 5725 3090 5756 ⁸⁸
3117 5727 3161 5778 Α
3189 5725 3475 5778 ἀνὰῧασιν.

506 5787 588 5842 Ex
621 5786 796 5844 Dosiii
824 5785 1140 5854 conjectura
1169 5788 1278 5859 leg.
1301 5797 1385 5847 est
1413 5792 1805 5859 στραγγαλιάν.
1883 5794 1927 5824 ³³
1948 5785 2072 5864 γῆς.
2098 5785 2146 5846 Α
2179 5809 2343 5864 praem
2363 5847 2372 5858 ,
2395 5797 2513 5862 τῆς.
2585 5797 2634 5829 ⁵³
2663 5799 2708 5850 Α
2741 5795 3051 5865 πρόσωπον.
3123 5796 3169 5827 ⁸⁸
3197 5795 3239 5850 C
3283 5793 3623 5866 Ἀσσυρίους.
