4088 6408
527 357 657 424 1707

1433 356 1917 418 THEODORETI
1951 358 2287 419 EPISCOPI
2329 359 2692 421 CYRENSIS

3639 353 3780 418 1708

527 466 936 538 praedestinavit
955 466 1167 540 144⁸1
1183 466 1345 524 etiam
1363 474 1422 521 ut
1437 467 1747 524 conformes
1765 467 1956 523 ﬁerent
1973 467 2103 522 ima-

2209 468 2348 538 ἐφ’ὃ.
2391 469 2744 539 ἐπικέκληται
2795 468 2855 522 τὸ
2902 466 3074 538 ὄνομά
3119 484 3242 536 μου.
3285 483 3304 517 t
3349 463 3458 527 Οὓς
3497 463 3608 534 γὰρ
3642 480 3783 531 προσ

527 561 640 631 gini
663 559 787 632 Filii
810 560 918 625 sui,
945 568 1004 615 ut
1025 562 1095 617 sit
1123 563 1241 632 ipse
1269 561 1669 632 primogenitus
1692 561 1749 616 in
1770 561 1962 618 multis
1991 561 2102 617 fra-

526 631 768 707 tribus“.
800 670 819 704 ι
848 650 908 705 Et
935 631 1323 709 demonstrans
1337 631 1613 707 dictorum
1633 653 1942 719 veritatem,
1970 654 2106 710 sub-

526 740 755 810 junxit:
804 757 823 792 ι
869 738 1011 796 Dicit
1052 741 1341 810 Dominus,
1406 742 1618 800 faciens
1663 743 1779 798 haec
1823 744 2043 802 omnia:
2081 763 2100 797 ι

529 847 728 902 nempe
757 829 850 902 qui
883 847 970 888 res
1008 831 1162 898 facit,
1190 835 1358 890 verba
1392 835 1664 906 praedixit.
1698 835 1810 907 (l5)
1837 835 2106 902 Quoniam

525 935 657 976 vero
682 936 792 976 non
823 937 1018 978 omnes
1054 923 1124 979 ad
1146 926 1469 995 spirituales
1491 926 1890 998 promissiones
1930 935 2109 982 atten-

524 1008 658 1064 dere
703 1015 979 1080 poterant,
1016 1011 1182 1067 etiam
1215 1014 1484 1070 bonorum
1521 1030 1916 1086 corporeorum
1945 1017 2110 1088 largi-

525 1096 734 1151 tionem
761 1097 1064 1167 promittit:
1097 1107 1420 1170 tantamque
1463 1105 1658 1159 horum
1690 1104 1807 1160 fore
1823 1106 2109 1160 abundan-

525 1189 658 1243 tiam
690 1191 962 1260 praedicit,
1001 1200 1062 1247 ut
1093 1207 1124 1247 a
1145 1194 1419 1250 vindemia
1439 1196 1944 1267 comprehendatur
1969 1213 2112 1255 mes-

525 1277 628 1344 sis,
669 1289 900 1351 propter
949 1281 1254 1349 fructuum,
1284 1293 1342 1340 ut
1381 1301 1481 1356 par
1509 1295 1614 1352 est,
1667 1287 2107 1354 multitudinem,

527 1373 548 1394 "
584 1386 698 1425 non
727 1371 1046 1431 valentibus
1081 1375 1341 1446 agricolis
1382 1387 1588 1433 metere
1620 1387 1674 1432 et
1702 1379 1963 1436 triturare
1994 1397 2112 1436 ma-

528 1461 776 1532 nipulos.
807 1462 1121 1529 Quinetiam
1150 1481 1277 1520 cum
1313 1466 1578 1533 nondum,
1614 1469 1813 1539 inquit,
1837 1479 2114 1527 sementes

527 1553 695 1608 faeta:
735 1564 916 1618 erunt,
959 1571 1238 1612 racemum
1292 1557 1409 1630 jam
1462 1569 1743 1616 maturum
1794 1562 2111 1634 decerpent,

526 1655 855 1718 montesque
893 1649 1140 1703 omnium
1173 1662 1436 1720 generum
1467 1650 1684 1709 fructus
1719 1649 1948 1721 dabunt,
1990 1655 2115 1711 nul-

2206 559 2347 628 έγνω
2370 560 2437 627 ⁸⁸,
2465 562 2560 614 καὶ
2593 561 2866 632 προώρισε
2896 559 3252 632 συμμόρφους
3300 557 3399 627 τῆς
3448 555 3660 619 εἰκόνος
3685 553 3784 607 τοῦ

2209 649 2340 703 Υἰοῦ
2369 650 2555 715 αὑτοῦ,
2574 652 2652 714 εἰς
2671 651 2733 704 τὸ
2757 646 2896 706 εἶναι
2924 650 3083 704 αὐτὸν
3111 649 3455 720 πρωτότοκον
3479 646 3539 700 ὲν
3566 645 3790 708 πολλοῖς

2207 740 2476 810 ἀδελφοῖς.
2519 761 2536 793 ι
2573 741 2684 794 Καὶ
2723 741 2769 774 ⁸⁵
2795 740 3009 804 δεικνὺς
3051 740 3160 794 τῶν
3203 739 3507 811 εἰρημένων
3529 738 3590 793 τὸ
3618 738 3792 808 ἀψευο

2207 832 2632 905 δὲς,έπήγαγε·ι
2665 833 2826 902 Λέγει
2858 832 3062 904 Κύριος
3100 835 3129 887 6
3159 832 3330 886 ποιῶν
3353 831 3523 885 ταῦτα
3544 832 3783 885 πάντα-ι

2208 925 2238 976 6
2255 923 2362 995 γὰρ
2384 925 2552 978 ποιῶν
2584 924 2653 978 τά
2676 925 2975 996 πράγματα
2993 926 3224 996 προεῖπε
3253 923 3321 976 τὰ
3343 924 3584 995 ῥήματα.
3603 924 3793 976 Ἐπει-

2207 1013 2272 1084 δὴ
2299 1013 2355 1067 δὲ
2388 1015 2486 1083 οὐχ
2516 1014 2752 1078 ἅπαντες
2797 1015 2917 1078 ταῖς
2975 1016 3374 1084 πνευματικαῖς
3421 1013 3789 1081 ἐπαγγελίαις

2211 1103 2500 1174 προσέχειν
2528 1103 2815 1173 ἠδύναντο,
2847 1098 3160 1171 ἀναγκαίως
3195 1103 3290 1155 καί
3318 1101 3427 1155 τῶν
3460 1101 3792 1172 σωματικῶν

2211 1195 2432 1263 ἀγαθῶν
2476 1195 2817 1265 ὑπισχνεῖται
2867 1197 2968 1267 τὴν
3013 1198 3321 1267 χορηγίαν,
3374 1195 3469 1248 καὶ
3521 1195 3795 1264 τοσαύτην

2213 1285 2433 1339 ἔσεσθαι
2461 1285 2666 1340 τούτων
2693 1287 2946 1356 προλέγει
2972 1287 3070 1356 τὴν
3096 1286 3377 1355 ἀφθονίαν,
3411 1284 3486 1350 ὡς
3534 1285 3640 1339 ὑπὸ
3695 1285 3796 1338 τοῦ

2212 1377 2484 1447 τρυγητοῦ
2529 1377 2935 1448 καταληφθῆναι
2962 1378 3052 1430 τὸν
3099 1378 3331 1448 ἀμητόν,
3360 1377 3446 1429 διά
3475 1377 3536 1428 τὸ
3563 1375 3796 1445 πλῆθος,

2211 1469 2287 1534 ὡς
2316 1468 2481 1535 εἰκὸς,
2511 1469 2620 1522 τῶν
2641 1467 2889 1540 καρπῶν,
2919 1468 2979 1520 οὐ
3007 1467 3342 1538 δυνηθέντων
3369 1466 3558 1535 τεμεῖν
3585 1466 3684 1518 καὶ
3709 1465 3800 1518 λεο

2214 1559 2414 1614 πτῦναι
2447 1561 2556 1613 τῶν
2585 1559 2838 1629 γηπόνων
2863 1558 2932 1612 τά
2964 1558 3272 1628 δράγματα.
3317 1555 3479 1609 Ἀλλά
3506 1557 3603 1610 καὶ
3629 1557 3690 1610 ἐν
3717 1555 3801 1626 τῷ

2217 1651 2423 1722 σπόρῳ,
2453 1651 2640 1722 φησὶν,
2671 1648 2750 1702 ἔτι
2782 1647 3162 1720 περκαζούσης
3191 1648 3237 1678 ⁸⁸
3267 1647 3495 1716 ἅψονται
3522 1646 3622 1715 τῆς
3664 1661 3803 1698 στα-

529 1736 727 1809 lusque
768 1737 1060 1796 colliculus
1096 1740 1304 1810 plantis
1337 1743 1520 1798 nudus
1586 1745 1951 1816 relinquetur.
2001 1747 2108 1819 (14)

2216 1743 2407 1814 φυλῆς,
2445 1742 2542 1796 καὶ
2569 1740 2640 1794 τά
2669 1740 2770 1810 ὅρη
2796 1739 2854 1792 δὲ
2891 1739 3018 1800 τοὺς
3047 1736 3424 1797 παντοδαποὺς
3469 1733 3578 1786 τῶν
3628 1733 3805 1802 ἀκρο-

525 1825 574 1883 A
627 1828 943 1898 captivitate
995 1837 1176 1885 autem
1239 1831 1508 1890 liberatus
1562 1811 1817 1906 populus,
1875 1811 2108 1893 vastatas

2216 1811 2392 1904 δρύων
2415 1832 2575 1886 δώσει
2600 1829 2864 1902 καρπούς
2898 1828 3072 1892 οὐδεὶς
3119 1827 3178 1882 δὲ
3213 1828 3321 1880 τῶν
3351 1824 3554 1898 βουνῶν
3576 1823 3806 1877 ἀπολειο

529 1916 699 2001 urhes
726 1913 1101 1984 reedillcabit,
1131 1927 1300 1990 atque
1335 1921 1392 1976 in
1410 1923 1492 1978 eis
1520 1923 1776 1981 habitans
1807 1934 1926 1984 tuto
1950 1941 2108 1996 agros

2221 1925 2488 1996 φθήσεται
2519 1920 2941 1992 γεγυμνωμένος
2963 1918 3164 1989 φυτῶν.
3193 1917 3307 1987 Τῆς
3335 1917 3390 1970 δὲ
3419 1913 3807 1985 αἰχμαλωσίας

523 2007 692 2071 colet,
731 2003 1006 2078 plantans,
1035 2018 1089 2065 et
1139 2011 1444 2078 seminans,
1481 2014 1842 2088 laborumque
1883 2034 2108 2074 suorum

2217 2014 2553 2082 ἀπαλλαγεὶς
2579 2016 2606 2066 6
2630 2009 2777 2076 λαδς,
2801 2010 2901 2074 τὰς
2935 2010 3271 2072 ἀναστάτους
3312 2007 3610 2077 γενομένας
3649 2007 3806 2058 ἀνοι-

524 2094 736 2152 fructus
783 2096 1118 2167 percipiens,
1166 2113 1230 2153 ac
1279 2101 1595 2158 diutissime
1642 2103 1828 2158 datam
1865 2105 1971 2161 sibi
2008 2122 2108 2178 pa-

2215 2105 2509 2176 κοδομήσει
2556 2103 2762 2166 πόλεις,
2813 2101 2908 2154 καὶ
2955 2101 3013 2152 ὲν
3058 2100 3250 2162 αὑταῖς
3305 2095 3576 2151 κατοικῶν
3625 2093 3808 2155 ἀδεῶς

524 2187 685 2242 triam
715 2187 1122 2244 inhabitabunt.
1157 2187 1273 2244 Hoc
1296 2192 1445 2245 enim
1476 2202 1562 2248 est
1591 2194 1738 2263 quod
1769 2195 1945 2250 dixit:

2211 2197 2518 2270 γεωργήσει
2543 2194 2642 2264 τὴν
2673 2191 2797 2263 γῆν,
2829 2190 2925 2244 καὶ
2957 2190 3227 2261 φυτεύων,
3279 2190 3376 2243 καὶ
3406 2187 3673 2258 σπείρων,
3706 2185 3810 2238 καὶ

521 2277 632 2332 τῶν
657 2278 834 2332 πόνων
864 2276 1197 2348 δρεπόμενος
1226 2279 1351 2344 τοὺς
1406 2283 1694 2354 καρπούς·
1757 2285 1854 2338 καὶ
1921 2287 2014 2339 ἐπὶ
2063 2287 2316 2342 πλεῖστον
2362 2289 2418 2342 δὲ
2471 2287 2568 2358 τὴν
2619 2281 2909 2353 δεδομένην
2956 2281 3140 2346 αὐτοῖς
3191 2281 3475 2351 οἰκήσουσι
3533 2276 3805 2347 πατρίδα.

521 2371 696 2426 Τοῦτο
719 2375 827 2444 γὰρ
851 2373 1242 2446 παρεδήλωσεν
1266 2373 1505 2447 εἰρηκώς
1529 2395 1544 2410 ⁸

601 2461 764 2519 Vsus.
800 2463 888 2518 15.
915 2483 932 2516 ι
972 2465 1039 2518 Et
1070 2466 1335 2537 plantabo
1358 2483 1454 2522 eos
1489 2484 1656 2538 super
1692 2476 1899 2525 terram
1930 2487 2108 2536 suam,

2285 2474 2366 2522 ιε’.
2407 2485 2423 2516 ι
2463 2464 2575 2519 Καὶ
2610 2459 3006 2530 καταφυτεύσω
3037 2457 3235 2522 αὐτοὺς
3266 2459 3324 2512 ὲν
3356 2459 3421 2530 τῇ
3473 2460 3542 2530 γῇ
3591 2459 3804 2524 αὐτῶν,

519 2561 578 2611 et
599 2570 709 2610 non
738 2555 1054 2610 avellentur
1097 2559 1336 2628 amplius
1365 2560 1432 2614 de
1460 2568 1608 2614 terra
1647 2575 1747 2615 sua
1774 2577 1940 2631 quam
1987 2563 2108 2618 dedi

2213 2559 2306 2613 καὶ
2328 2557 2391 2609 οὐ
2419 2554 2493 2626 μὴ
2517 2551 2899 2606 ὲκσπασθῶσιν
2918 2549 3100 2601 οὐκέτι
3137 2550 3200 2602 ἐκ
3231 2549 3276 2586 ⁸⁷
3308 2549 3408 2618 τῆς
3439 2549 3542 2619 γῆς
3590 2549 3803 2615 αὐτῶν,

516 2645 626 2712 eis,
661 2643 799 2699 dicit
849 2643 1118 2702 Dominus
1151 2647 1298 2702 Deus
1343 2649 1722 2719 omnipotens.
1768 2669 1786 2701 ι
1818 2650 1975 2716 Scire
2019 2667 2108 2705 au-

2213 2645 2281 2722 ἧς
2314 2649 2488 2701 ἔδωκα
2515 2645 2718 2707 αὐτοῖς,
2753 2641 2900 2710 λέγει
2933 2639 3136 2710 Κύριος
3178 2641 3208 2692 6
3258 2640 3389 2703 Θεὸς
3422 2642 3449 2694 6
3483 2643 3805 2712 παντοκρά-

524 2749 633 2800 gem
696 2742 916 2805 oportet
979 2736 1364 2792 universorum
1424 2739 1721 2796 Dominum
1770 2756 1913 2810 saepe
1977 2743 2108 2796 bona

2217 2756 2350 2809 τωρ.
2383 2755 2400 2788 ι
2430 2735 2640 2788 Εἰδέναι
2664 2729 2720 2785 δὲ
2743 2731 2870 2804 χρὴ,
2903 2729 2979 2794 ὡς
3009 2729 3348 2800 ὑπισχνεῖται
3400 2728 3500 2800 μὲν
3533 2727 3805 2795 πολλάκις

521 2825 816 2896 polliceri:
864 2827 962 2896 qui
993 2842 1140 2890 ,vero
1183 2828 1470 2898 excipiunt
1515 2831 1939 2900 promissiones,
1989 2845 2108 2886 cum

2220 2825 2400 2896 ἀγαθά
2451 2825 2560 2878 τῶν
2586 2821 2722 2877 ὅλων
2745 2825 2773 2875 6
2800 2819 3003 2891 Κύριος
3028 2835 3045 2852 ⁶
3075 2819 3123 2872 οἰ
3154 2820 3211 2873 δὲ
3239 2821 3334 2882 τὰς
3364 2819 3686 2890 ὑποσχέσεις
3713 2821 3804 2875 δε-

522 2913 916 2984 iniquitatibus
941 2915 1247 2986 gaudeant,
1277 2916 1344 2972 ad
1367 2917 1531 2973 linem
1566 2918 1956 2988 praedictiones
1992 2933 2108 2989 per-

2214 2913 2455 2990 χόμενοι,
2487 2911 2804 2986 παρανομία
2829 2911 3131 2982 χαίροντες,
3150 2910 3322 2980 πέρας
3335 2905 3517 2964 λαϐεῖν
3538 2911 3641 2970 τὰς
3661 2913 3800 2966 ὐπο-

523 3003 714 3058 vcnire
758 3020 872 3058 non
902 3005 1114 3060 sinunt.
1170 3005 1412 3062 Minatur
1443 3023 1575 3064 vero
1607 3007 1888 3062 interdum
1945 3009 2108 3062 etiam

2214 3008 2428 3080 σχέσεις
2467 3005 2793 3060 κωλύουσιν.
2841 3001 3081 3056 Ἀπειλεῖ
3105 2999 3163 3055 δὲ
3189 3001 3335 3056 ἔστιν
3377 3002 3466 3054 ὅτε
3512 3002 3610 3056 καὶ
3651 3003 3722 3055 τά
3753 3004 3802 3034 ⁸⁸

529 3091 747 3165 1m
769 3094 968 3149 acerba
1001 3110 1016 3160 ;
1050 3095 1324 3151 minarum
1350 3106 1533 3152 autem
1556 3105 1767 3153 terrore
1789 3097 1984 3151 mutati
2009 3095 2108 3162 illi,

2214 3098 2450 3169 χαλεπὰ,
2475 3097 2571 3150 καὶ
2598 3093 3056 3166 μεταϐαλλόμενοι
3086 3091 3167 3162 τῷ
3197 3091 3348 3164 φόϐῳ
3390 3092 3500 3145 τῶν
3554 3093 3802 3147 ἀπειλῶν

523 3183 730 3252 quibus
746 3183 817 3240 ob
840 3183 1090 3255 ipsorum
1112 3187 1322 3244 scelera
1343 3197 1474 3245 sunt
1492 3189 1797 3257 intentatae,
1815 3205 1910 3244 eas
1937 3189 2108 3258 reipsa

2214 3191 2264 3244 οἰ
2292 3189 2382 3244 διὰ
2416 3186 2515 3259 τὴν
2568 3184 2834 3256 σφετέραν
2866 3181 3210 3255 παρανομίαν
3242 3180 3444 3245 ταύτας
3481 3179 3796 3253 δεξάμενοι,

522 3288 637 3328 non
688 3275 1053 3344 experiuntur
1087 3277 1452 3335 calamitates.
1509 3279 1700 3350 Itaque
1733 3279 1930 3344 Judaei,
1985 3292 2108 3333 cum

2219 3286 2413 3352 πεῖραν
2443 3279 2550 3333 τῶν
2569 3277 2828 3349 λυπηρῶν
2849 3274 2928 3328 ού
2951 3274 3308 3346 λαμϐάνουσι.
3356 3274 3648 3344 Τοιγάρτοι
3698 3274 3798 3327 καὶ

521 3364 792 3421 adversus
815 3363 1111 3422 Dominum
1153 3368 1539 3436 insaniissent,
1571 3385 1696 3425 cum
1720 3370 1869 3424 venit
1890 3369 1943 3423 in
1964 3369 2108 3422 hunc

2223 3374 2465 3428 Ἰουδαῖοι
2494 3370 2632 3424 κατὰ
2672 3367 2765 3420 τοῦ
2796 3365 3066 3418 Δεσπότου
3109 3363 3553 3434 παραγενομένου
3589 3364 3798 3436 λυττή-

519 3451 816 3518 nundum,
863 3455 1079 3526 seipsos
1121 3455 1284 3512 bonis
1313 3459 1607 3528 promissis
1641 3459 1954 3528 privarunt.
1996 3454 2108 3511 Nos

2210 3479 2426 3525 σαντες,
2453 3459 2561 3513 τῶν
2588 3452 2809 3524 ἀγαθῶν
2839 3449 3184 3523 ἐπαγγελιῶν
3239 3453 3378 3521 σφᾶς
3427 3453 3624 3515 αὐτοὺς
3682 3455 3795 3507 ἀπ-

520 3559 657 3601 vero
693 3548 906 3601 utinam
951 3549 1215 3619 precibus
1256 3559 1579 3606 sanctorum
1615 3553 2008 3622 prophetarum
2058 3560 2114 3605 et

521 3636 902 3706 apostolorum
947 3641 1085 3706 nixi,
1112 3642 1279 3694 vitam
1321 3652 1566 3697 nostram
1622 3643 1923 3698 secundum
1962 3641 2110 3712 leges

523 3726 745 3782 divinas
773 3727 1104 3799 dirigamus,
1135 3731 1575 3802 poenitentiaque
1605 3741 1960 3803 peccatorum
1984 3745 2107 3786 sor-

522 3816 622 3873 des
656 3817 970 3887 ejiciamus,
1021 3827 1082 3875 ut
1111 3822 1381 3878 malorum
1414 3823 1555 3878 nihil
1587 3823 1962 3894 experiamur,
2012 3819 2109 3878 sed

519 3907 667 3962 bona
701 3909 979 3978 promissa
1038 3926 1462 3983 consequamur,
1514 3930 1612 3986 per
1642 3914 1871 3986 gratiam
1927 3911 2112 3968 Salva-

519 3999 661 4056 toris
681 3998 908 4068 Christi,
937 4016 1060 4058 cum
1087 4020 1198 4076 quo
1227 4004 1374 4062 Patri
1399 4008 1596 4078 gloria,
1630 4015 1686 4063 et
1719 4006 1949 4078 Spiritui
1980 4019 2110 4062 san-

2207 3551 2528 3622 εστέρησαν.
2567 3546 2743 3616 Ἦμᾶς
2780 3543 2836 3596 δὲ
2867 3545 2950 3604 εἴη
2977 3545 3098 3605 ταῖς
3123 3542 3232 3595 τῶν
3261 3543 3430 3611 ἁγίων
3491 3543 3798 3612 προφητῶν

2207 3643 2303 3696 καὶ
2349 3637 2663 3694 ἀποστόλων
2699 3635 2884 3706 εὐχαῖς
2927 3634 3019 3687 τὸν
3070 3632 3280 3686 ἑαυτῶν
3315 3633 3428 3701 βίον
3476 3633 3615 3685 κατὰ
3665 3635 3797 3697 τοὺς

2210 3732 2388 3794 θείους
2418 3730 2616 3800 νόμους
2660 3727 3002 3790 εὐθύνοντας,
3059 3725 3152 3776 καί
3198 3726 3266 3794 τῇ
3314 3723 3648 3793 μεταμελείᾳ
3697 3723 3797 3776 τὸν

2206 3824 2316 3878 τῶν
2373 3818 2784 3892 ἁμαρτημάτων
2829 3815 3267 3887 ἀπορῤίπτοντας
3322 3815 3529 3884 ῥύπον,
3587 3819 3794 3885 πεῖραν

2208 3914 2308 3984 μὲν
2357 3907 2605 3979 ἀλγεινοῦ
2639 3905 2865 3977 μηδενὸς
2899 3904 3082 3957 λαϐεῖν
3109 3920 3121 3932 ·
3155 3906 3339 3973 τυχεῖν
3371 3904 3428 3957 δὲ
3458 3903 3566 3956 τῶν
3611 3905 3795 3972 ἐπηγ-

2204 4003 2484 4074 γελμένων
2536 3997 2776 4068 ἀγαθῶν,
2829 3996 3012 4067 χάριτι
3067 3993 3162 4047 τοῦ
3207 3996 3463 4065 Σωτῆρος
3519 3995 3791 4065 Χριστοῦ,

2209 4095 2328 4168 μεθ’
2370 4089 2432 4147 οὗ
2488 4091 2564 4162 τῷ
2619 4088 2798 4160 Πατρὶ
2854 4089 2888 4159 ἡ
2938 4086 3096 4152 δόξα,
3158 4088 3256 4141 σὺν
3305 4087 3383 4158 τῷ
3430 4086 3570 4158 ἁγίῳ
3613 4088 3793 4140 [Iw-:23-

2209 4203 2361 4258 ματι,
2396 4182 2491 4235 νῦν
2520 4181 2616 4235 καὶ
2639 4179 2746 4244 ἀεὶ,
2785 4176 2881 4231 καὶ
2928 4177 3006 4240 εἰς
3029 4176 3156 4240 τοὺς
3181 4175 3381 4239 αἰῶνας
3405 4175 3514 4231 τῶν
3543 4177 3786 4231 αἰώνων.

2216 4277 2274 4331 ’Δ
2281 4277 2406 4349 μήν.

519 4098 632 4156 cto,
679 4107 828 4149 nunc
874 4102 930 4149 et
980 4110 1235 4169 semper,
1287 4106 1344 4155 et
1395 4100 1452 4156 in
1501 4100 1700 4158 saecula
1744 4098 2092 4156 saeculorum.

519 4175 714 4230 Amen.

571 4193 714 4237 men.

593 4436 809 4493 Il‘Rom.
839 4454 962 4503 vm.
998 4442 1090 4496 €29.

1788 4589 2027 4648 VARUI'.
2069 4583 2478 4644 LECTIONES.

521 4681 860 4804 επροέγνω.
894 4686 1018 4744 Des.
1041 4689 1094 4743 in
1114 4689 1176 4744 C.
1253 4687 1422 4743 υκαι,
1463 4687 1586 4744 Des.
1625 4687 1679 4740 in
1708 4684 1772 4739 C.
1850 4685 1896 4714 “
1926 4682 1969 4738 C
2005 4681 2322 4754 περκὼσης.
2400 4675 2442 4706 ⁸⁷
2470 4677 2553 4728 ἐκ.
2585 4674 2629 4726 Α
2652 4673 2780 4738 ἀπό,
2807 4674 3015 4730 omisso
3047 4673 3225 4729 αὐτῶν
3255 4681 3378 4744 post
3407 4673 3530 4743 γῆς.
3608 4675 3654 4706 ⁸⁸
3684 4675 3781 4728 τά.

569 4767 648 4808 es.
679 4755 734 4807 in
765 4755 824 4809 0.

569 4767 648 4808 es.
681 4769 734 4807 In
765 4767 824 4808 υ.
