4088 6412
505 387 641 456 1715

483 529 492 541 -
570 503 741 558 Vens.
773 502 860 558 M.
893 522 912 555 ι
941 501 1131 572 Neque
1175 500 1352 557 stabis
1398 501 1454 556 in
1500 501 1826 572 egressibus
1871 513 2064 556 eorum
2097 500 2143 558 Δ

501 603 559 646 ιιι
587 591 894 647 interflcias
931 605 1026 646 eos
1055 588 1150 660 qui
1181 588 1322 645 salvi
1366 588 1576 645 fuerint
1612 604 1680 644 ex
1725 588 1809 644 eis
1831 627 1848 651 ,
1891 601 2071 657 neque

497 682 798 737 concludes
830 680 1095 751 fugitivos
1123 693 1317 735 eorum
1343 679 1434 736 die
1462 679 1863 735 tribulationis.
1898 696 1916 731 ι
1951 677 2069 732 Non

498 772 715 828 insidiis
757 771 957 842 positis
998 772 1053 825 in
1085 769 1193 826 viis
1222 785 1324 826 eos
1351 769 1672 836 obsidebis,
1704 776 1767 824 ut
1803 767 1930 838 fuga
1975 782 2070 824 sa-

496 861 667 916 lutem
705 861 930 931 assequi
976 869 1290 932 nequeant,
1324 862 1418 920 sed
1451 861 1506 916 in
1547 869 1675 917 tuos
1715 861 1946 930 laqueos
1982 857 2069 913 in-

493 952 714 1019 cidant,
749 960 805 1008 et
841 953 900 1008 in
933 951 1181 1008 hostium
1213 967 1413 1008 manus
1439 953 1754 1010 tradantur.
1792 951 1932 1019 Quis
1963 967 2068 1006 un-

490 1059 656 1115 quam
686 1059 786 1115 pro
817 1043 1092 1116 dignitate
1118 1043 1351 1100 laudare
1377 1051 1568 1115 posset
1592 1043 1728 1114 justi
1752 1043 1960 1114 judicis
1987 1043 2070 1097 in-

491 1135 813 1192 credibilem
843 1135 1147 1191 bonitatem
1170 1175 1186 1201 ,
1216 1135 1312 1206 qui
1337 1151 1467 1190 cum
1497 1136 1660 1206 plane
1684 1135 1890 1200 sciret,
1922 1133 2069 1205 quod

491 1225 835 1298 propheticis
857 1226 1047 1283 verbis
1075 1226 1346 1283 credituri
1371 1243 1477 1282 non
1505 1236 1696 1284 essent
1715 1267 1731 1294 ,
1752 1226 2068 1297 propositas

490 1316 673 1380 minas
705 1314 996 1380 adhibuit,
1031 1324 1091 1369 ut
1121 1317 1324 1384 partim
1353 1317 1616 1373 terrendo
1640 1355 1655 1380 ,
1689 1315 1892 1386 partim
1938 1315 2068 1370 alli-

488 1406 700 1462 ciendo
725 1446 741 1473 ,
773 1405 1034 1462 eﬂeratos
1072 1405 1285 1480 1555
1320 1405 1608 1462 molliret?
1637 1403 1804 1468 Addit
1838 1411 2064 1460 autem:

563 1586 736 1645 Vens.
777 1585 866 1640 15.
911 1603 930 1636 ι
969 1583 1108 1651 Quia
1161 1584 1503 1655 propinquus
1553 1591 1640 1638 est
1685 1582 1808 1639 dies
1851 1581 2064 1639 Domini

491 1691 657 1746 super
689 1691 882 1730 omnes
913 1683 1130 1744 gentes.
1163 1693 1180 1725 ι
1216 1673 1290 1730 De
1321 1674 1579 1729 omnibus
1610 1674 1756 1729 enim
1809 1673 2066 1743 gentibus

489 1767 655 1836 impie
681 1767 996 1822 viventibus
1023 1781 1217 1836 poanas
1243 1781 1437 1822 sumo:
1467 1765 1690 1822 easdem
1719 1772 1773 1821 ct
1804 1765 1906 1820 tibi
1933 1766 2065 1821 obc-

487 1831 606 1914 dire
644 1858 852 1913 nolenti
887 1831 1176 1928 irrogabo.
1209 1876 1226 1909 ι
1264 1856 1421 1912 Sicut
1449 1856 1668 1920 fecisti,
1699 1857 1775 1911 ita
1810 1856 1930 1911 fiet:
1961 1856 2062 1911 tibi
2098 1831 2138 1887 Β

487 1951 780 2007 retributio
809 1959 900 2004 tua
930 1950 948 2022 (
973 1951 1201 2020 veniet)
1235 1950 1289 2004 in
1326 1957 1492 2020 caput
1522 1957 1702 2004 tuum.
1731 1967 1750 2000 ι
1774 1946 1934 2004 Justa
1969 1963 2064 2018 pa-

485 2046 638 2107 tieris
674 2042 946 2113 supplicio
975 2041 1268 2106 addictus:
1301 2051 1472 2096 metes
1504 2041 1652 2096 enim
1707 2039 1930 2096 fruetus
1966 2055 2062 2096 eo-

486 2153 608 2191 rum
642 2150 766 2206 qua‘.
795 2133 1106 2196 seminasti.
1141 2132 1298 2200 Ideo,

553 2311 721 2370 Vens.
761 2312 848 2369 16.
890 2331 908 2366 ι
939 2313 1229 2380 Quomodo
1256 2313 1446 2370 bibisti
1477 2327 1642 2384 super
1671 2321 1911 2369 montem
1929 2326 2060 2369 san-

483 2414 633 2468 ctum
665 2421 843 2463 meum
865 2447 882 2474 ,
911 2406 1103 2462 bibent
1135 2421 1332 2462 omnes
1360 2412 1552 2478 gentes
1594 2404 1781 2459 vinum
1826 2403 2060 2476 (mysti-

483 2499 645 2569 cum)
673 2515 686 2552 :
712 2497 902 2554 bibent
925 2504 978 2552 et
1016 2497 1422 2563 absorbebunt,
1480 2505 1536 2552 et
1561 2505 1727 2553 erunt
1757 2499 1917 2567 quasi
1949 2511 2061 2551 nou

482 2589 614 2646 sint.
646 2607 665 2640 ι
701 2588 1178 2657 Quemadmodum
1215 2588 1363 2644 enim
1396 2589 1496 2645 abs
1536 2596 1590 2646 te
1619 2603 1813 2660 pmnas
1843 2589 2060 2657 exigam

481 2696 673 2744 eorum
696 2721 711 2747 ,
751 2695 874 2751 qua:
910 2679 967 2734 in
1003 2680 1125 2735 loca
1158 2679 1293 2735 mihi
1342 2679 1594 2736 dedicata
1635 2688 1844 2738 temere
1887 2695 2061 2736 ausus

479 2787 538 2826 es
568 2789 581 2826 :
610 2771 693 2826 sic
724 2772 892 2826 etiam
927 2777 1154 2841 gentes,
1183 2786 1306 2840 qua:
1338 2770 1505 2841 hujus
1535 2771 1848 2842 iniquitatis
1879 2779 2061 2826 tecum

479 2862 781 2934 participes
814 2863 1076 2926 fuerunt,
1103 2861 1255 2932 justa
1286 2861 1531 2917 vindicta
1566 2863 1902 2932 plectentur.
1940 2861 2062 2916 Vini

478 2955 630 3008 enim
677 2954 942 3024 potionem
990 2961 1156 3008 vocat
1199 2954 1463 3008 ultionem
1504 2952 1692 3024 :quod
1727 2961 1918 3022 aperte
1956 2967 2060 3010 nos

478 3047 644 3103 ctiam
693 3045 856 3102 docet
908 3046 1110 3103 beatus
1154 3043 1453 3111 Jeremias,
1499 3045 1752 3116 accipere
1801 3047 2057 3116 poculum

1384 390 1867 452 THEOEDORTI
1907 387 2246 450 EPISCOPI
2283 389 2646 450 CYRENSIS

3595 389 3740 448 1716

2241 498 2323 553 ιδ’.
2368 516 2387 550 ι
2416 498 2568 568 Μηδὲ
2617 497 2844 567 ἐπιστῇς
2888 473 2980 549 ιτᾶ
3010 493 3108 558 τὰς
3151 493 3432 557 διεκϐολὰς
3475 492 3658 547 αὐτῶν
3675 493 3748 560 ⁸³,

2172 587 2548 658 ἐξολοθρεῦσαι
2597 587 2727 650 τοὺς
2775 584 3222 655 ἀνασωζομένους
3282 583 3462 637 αὐτῶν
3477 584 3546 650 ’⁸,
3611 584 3752 654 μηδὲ

2174 678 2498 751 συγκλείσῃς
2522 679 2650 740 τοὺς
2693 675 2993 747 φεύγοντας
3024 674 3212 729 αὐτῶν
3227 676 3275 708 ⁸⁵
3317 676 3376 729 ἐν
3404 675 3589 747 ἡμέρᾳ
3630 675 3750 729 θλί-

2169 771 2336 840 ψεως.
2365 788 2387 824 ι
2435 769 2526 842 Μή
2550 769 2785 840 λοχήσῃς
2820 766 3016 830 αὐτοὺς
3038 766 3097 820 ἐν
3122 768 3242 829 ταῖς
3265 765 3403 830 ὁδοῖς
3425 763 3747 837 ἐνεδρεύων,

2169 859 2313 914 ὥστε
2371 859 2504 931 μηδὲ
2553 861 2698 930 φυγῇ
2743 856 2844 928 τήν
2893 855 3169 928 σωτηρίαν
3217 854 3566 926 πορίσασθαι,
3607 854 3751 910 ἀλλά

2169 962 2290 1023 ταῖς
2333 961 2454 1022 σαῖς
2505 959 2712 1027 πάγαις
2749 959 3094 1030 περιπεσεῖν,
3133 954 3229 1010 καὶ
3257 957 3378 1019 ταῖς
3405 955 3518 1008 τῶν
3544 955 3752 1026 δυσμε-

2169 1049 2278 1106 νῶν
2308 1049 2678 1121 παραδοθῆναι
2702 1049 2911 1121 χερσίν.
2939 1048 3036 1112 Τίς
3064 1049 3131 1103 ἂν
3162 1047 3330 1114 ἀξίως
3356 1046 3620 1117 ὑμνήσειε
3646 1045 3752 1116 τὴν

2170 1141 2408 1215 ἄρρητον
2433 1139 2748 1210 ἀγαθότητα
2779 1139 2873 1194 τοῦ
2915 1139 3124 1193 δικαίου
3150 1136 3376 1208 Κριτοῦ,
3411 1137 3471 1200 ὃς
3501 1136 3752 1208 ἀκριϐῶς

2169 1231 2555 1301 ἐπιστάμενος,
2605 1230 2682 1294 ὡς
2721 1233 2836 1294 τοῖς
2876 1230 3236 1302 προφητικῶς
3263 1228 3325 1282 οὐ
3362 1227 3751 1300 πεισθήσονται

2169 1322 2371 1392 λόγοις,
2403 1321 2500 1376 καὶ
2526 1321 2626 1392 τὴν
2658 1320 3029 1392 προκειμένην
3052 1318 3396 1391 προσέθηκεν
3424 1317 3659 1386 ἀπειλὴν
3674 1319 3747 1382 ⁸⁸,

2171 1415 2259 1468 ενα
2291 1415 2357 1484 τῇ
2406 1412 2506 1483 μέν
2531 1411 2897 1482 δεδιξάμενος,
2946 1413 3014 1482 τῇ
3044 1410 3102 1464 δέ
3135 1407 3487 1474 καταθέλξας,
3529 1408 3754 1482 μαλάξῃ

2167 1507 2292 1569 τοὺς
2321 1504 2637 1576 θηριώδεις
2679 1504 2902 1570 Ἐπάγει
2931 1503 3041 1574 γάρ
3059 1519 3076 1536 ο

2241 1604 2322 1650 ιε’.
2368 1615 2386 1648 ι
2417 1596 2562 1650 Διότι
2585 1596 2751 1664 ἐγγὺς
2782 1597 2814 1666 ή
2849 1595 3032 1666 ἡμέρα
3057 1593 3151 1647 τοῦ
3193 1593 3400 1664 Κυρίου
3443 1594 3536 1647 ἐπὶ
3566 1592 3753 1647 πάντα

2165 1686 2236 1741 τά
2265 1685 2413 1757 ἔθνη.
2455 1706 2474 1739 ι
2526 1686 2670 1740 Πᾶσι
2699 1685 2809 1755 γὰρ
2847 1686 2963 1748 τοῖς
3028 1682 3437 1755 παρανομοῦσιν
3462 1682 3640 1736 ἔθνεσι
3669 1683 3754 1736 δι-

2167 1778 2329 1833 καίαν
2366 1777 2650 1849 ἐπιτίθημι
2682 1777 2974 1848 τιμωρίαν,
3022 1775 3119 1830 καὶ
3152 1775 3238 1828 σοὶ
3260 1774 3317 1828 δὲ
3343 1774 3636 1846 πεισθῆναι
3669 1774 3752 1845 μὴ

2167 1869 2472 1942 βουλομένῳ
2501 1868 2704 1938 ταύτην
2733 1868 2959 1921 ἐποίσω.
3006 1885 3025 1918 ι
3061 1867 3160 1920 ⁸ον
3190 1866 3389 1939 τρόπον
3422 1866 3530 1936 γὰρ
3554 1864 3749 1936 ἐποίη-

2167 1979 2286 2025 σας,
2314 1960 2529 2014 ἔσται⁹⁷
2563 1959 2737 2022 οῦτως
2771 1975 2854 2012 σοι
2876 1975 2890 1989 ο
2920 1957 2984 2010 τὸ
3007 1956 3357 2026 ἀνταπόδομά
3391 1973 3483 2010 σου
3509 1957 3753 2010 ἀνταπο-

2162 2051 2449 2124 δοθήσεται
2497 2051 2637 2104 σοι⁹⁸
2678 2051 2759 2113 είς
2809 2049 3053 2118 κεφαλήν
3101 2064 3215 2101 σου.
3262 2065 3279 2099 ι
3337 2047 3531 2100 Δίκαια
3579 2046 3753 2119 πείσῃ

2162 2139 2404 2212 τιμωρίᾳ
2428 2139 2853 2210 παραδιδόμενος
2876 2154 2890 2168 ο
2921 2137 3096 2208 δρέπῃ
3117 2137 3227 2208 γὰρ
3248 2129 3323 2191 ὧν
3342 2135 3601 2206 ἔσπειρας
3619 2135 3752 2199 τοὺς

2163 2230 2410 2303 καρπούς
2433 2248 2446 2260 ·
2483 2231 2639 2293 διότι,

2236 2329 2332 2387 ις’.
2379 2339 2400 2374 ι
2425 2323 2522 2376 ’Ov
2547 2320 2750 2392 τρόπον
2778 2320 2932 2383 ἔπιες
2966 2318 3058 2372 ἐπὶ
3083 2318 3144 2371 τὸ
3179 2317 3305 2387 ὅρος
3331 2316 3392 2371 τδ
3415 2315 3571 2386 ἅγιόν
3601 2333 3713 2386 μου
3733 2357 3751 2382 ,

2163 2411 2376 2466 πίονται
2440 2411 2619 2465 πάντα
2665 2411 2734 2465 τὰ
2798 2410 2925 2480 ἔθνη
2980 2404 3144 2470 οίνον,
3213 2425 3233 2458 ι
3278 2405 3372 2459 τὸν
3443 2406 3710 2477 μυστικόν
3733 2422 3750 2437 ·

2168 2523 2186 2557 ι
2219 2503 2454 2568 πίονται,
2505 2502 2599 2556 καὶ
2649 2499 3093 2563 καταπίονται⁹⁹,
3153 2495 3248 2550 καὶ
3297 2494 3511 2550 ἐσονται
3559 2494 3753 2559 καθὼς

2161 2597 2258 2667 οὐχ
2285 2595 2642 2669 ὑπάρχοντες.
2672 2611 2692 2646 ι
2725 2594 2936 2664 Ὠσπερ
2965 2590 3075 2660 γάρ
3098 2606 3158 2642 σε
3192 2586 3349 2652 δίκας
3376 2585 3754 2657 είσπράξομαι

2161 2683 2237 2743 ὧν
2269 2689 2351 2751 εἰς
2376 2689 2502 2750 τοὺς
2537 2685 2662 2770 ἐμοὶ
2692 2681 3085 2754 ἀνακειμένους
3121 2679 3322 2742 τόπους
3359 2677 3710 2770 τετόλμηκας
3731 2693 3751 2710 ο

2162 2779 2306 2835 οῦτω
2335 2780 2430 2834 καὶ
2453 2779 2522 2833 τὰ
2544 2768 2950 2849 κοινωνήσαντα
2971 2792 3052 2830 σοι
3084 2773 3244 2845 τῆσδε
3269 2771 3372 2842 τῆς
3398 2768 3753 2841 παρανομίας

2161 2873 2292 2941 ἔθνη
2315 2873 2414 2943 τὴν
2447 2872 2830 2943 προσήκουσαν
2860 2866 3069 2932 δέξεται
3093 2861 3387 2936 τιμωρίαν.
3421 2861 3603 2916 Οινου
3636 2862 3754 2932 γὰρ

2161 2965 2348 3018 πόσιν
2398 2963 2498 3034 τὴν
2545 2961 2818 3032 τιμωρίαν
2878 2957 3144 3012 ἐκάλεσεο
3205 2954 3302 3009 καὶ
3345 2950 3502 3006 τοῦτο
3557 2951 3752 3022 σαφῶς

2160 3057 2306 3127 ἡμᾶς
2337 3055 2366 3108 6
2397 3053 2667 3124 μακάριος
2700 3049 2972 3123 Ἱερεμίας
2997 3047 3260 3109 διδάσκει,
3282 3044 3468 3098 λαϐεῖν
3493 3043 3556 3096 τδ
3583 3044 3752 3113 ποτή-

477 3139 668 3210 jussus
701 3152 749 3204 ι,
782 3145 837 3194 et
867 3147 1057 3209 potare
1091 3152 1284 3194 omnes
1313 3149 1523 3209 gentes.
1553 3139 1734 3209 Atque
1765 3153 1833 3193 ex
1867 3137 2057 3194 multis

2164 3163 2280 3217 ριον
2310 3144 2694 3217 προσταχθεὶς,
2740 3141 2835 3196 καὶ
2864 3139 3087 3194 ποτίσαι
3116 3136 3296 3191 πάντα
3330 3135 3400 3189 τὰ
3435 3133 3586 3204 ἔθνη.
3631 3135 3752 3226 Kal

480 3231 608 3287 aliis
661 3231 801 3287 locis
849 3232 958 3288 hoc
1011 3231 1320 3302 intelligere
1367 3229 1530 3287 facile
1569 3238 1676 3288 est.
1709 3229 1820 3288 Vos
1854 3245 2050 3301 porro,

480 3321 724 3388 ldunuei,
770 3339 962 3394 pennas
993 3322 1202 3382 dabitis
1227 3338 1420 3382 eorum
1457 3339 1579 3395 qua:
1616 3323 1675 3379 in
1716 3322 1920 3381 fratres
1957 3339 2053 3380 ve-

479 3425 628 3478 stros
655 3417 1038 3475 commisistis.

549 3505 717 3564 Vens.
747 3507 833 3563 l7.
863 3528 882 3561 ι
913 3509 973 3564 In
1011 3517 1200 3566 monte
1230 3516 1414 3566 autem
1447 3508 1618 3565 Sione
1640 3511 1749 3566 erit
1778 3509 1932 3566 salus
1953 3549 1967 3575 ,
1999 3516 2057 3566 et

477 3599 586 3653 erit
613 3607 892 3654 sanctum.
924 3618 943 3652 ι
981 3599 1264 3655 Reducam
1299 3603 1316 3620 '
1348 3601 1498 3655 enim
1531 3616 1628 3656 eos
1659 3615 1725 3655 ex
1760 3599 2057 3672 captivitas

478 3701 534 3746 te
556 3729 572 3755 ,
608 3699 664 3745 et
693 3697 951 3746 sanctum
992 3691 1257 3762 templum
1303 3691 1680 3747 reaedificabo.
1715 3691 1838 3747 Una
1869 3699 2054 3747 autem

481 3783 819 3853 pramuntiat
851 3782 1157 3838 exbibitam
1193 3784 1455 3840 omnibus
1482 3785 1538 3839 in
1573 3784 1750 3840 Sioner
1776 3784 2009 3840 salutem
2037 3825 2053 3851 ,

483 3875 725 3944 indeque
758 3874 813 3928 in
856 3889 1075 3930 omnem
1117 3874 1306 3931 orbem
1349 3883 1630 3931 terrarum
1682 3891 1781 3946 per
1829 3890 2056 3932 crucem

481 3969 778 4024 salutarem
810 3965 1069 4023 diffusam
1094 3967 1621 4024 sanctificationem.
1653 3987 1672 4019 ι
1705 3969 1773 4023 Et
1802 3968 2061 4038 posside-

481 4062 559 4117 bit
590 4060 788 4116 domus
821 4059 994 4116 Jacob
1023 4076 1150 4128 eos,
1186 4075 1426 4130 quorum
1464 4060 1764 4117 liaereditas
1798 4059 2002 4116 fuerat.
2031 4078 2050 4111 ι

485 4151 699 4224 1456
727 4150 820 4208 Eis
847 4166 978 4208 vero
1003 4191 1018 4216 ,
1053 4160 1348 4222 postquam
1389 4151 1688 4217 redierint,
1727 4160 1940 4207 tantum
1976 4152 2059 4206 vi—

479 4244 622 4298 rium
657 4251 714 4298 et
749 4245 1006 4314 potentia:
1040 4243 1440 4314 suppeditabo,
1473 4251 1530 4300 et
1566 4243 1621 4298 in
1658 4253 1870 4300 tantam
1911 4245 2056 4300 mul-

475 4335 772 4390 titudinem
805 4350 902 4391 eos
935 4336 1184 4407 augebo,
1235 4344 1296 4390 ut
1346 4343 1674 4391 etvestram
1719 4346 1774 4392 et
1820 4336 2054 4392 aliarum

478 4426 840 4482 finitimarum
871 4427 1116 4498 gentium
1148 4435 1355 4484 terram
1385 4427 1489 4484 sibi
1523 4427 1843 4498 subjiciunt.

2159 3235 2487 3307 πολλαχόθεν
2534 3235 2593 3288 δέ
2646 3234 2826 3304 ῥᾴδιον
2869 3230 3182 3301 διαγνῶναι.
3243 3227 3384 3283 Ἀλλ’
3422 3227 3584 3297 ὑμεῖς
3620 3225 3749 3296 μέν,

2169 3329 2457 3400 Ἰδουμαῖοι
2475 3329 2517 3394 ¹,
2547 3325 2738 3397 ποινὴν
2756 3325 2933 3379 τίσετε
2965 3326 3105 3397 ὑπὲρ
3125 3318 3201 3380 ὧν
3225 3325 3306 3388 είς
3329 3321 3455 3384 τοὺς
3478 3316 3751 3387 ἀδελφοὺς

2156 3421 2552 3493 τετολμήκατε.

2231 3517 2317 3584 ιζ’.
2366 3535 2385 3570 ι
2427 3518 2517 3572 Ἐν
2562 3516 2619 3570 δὲ
2647 3515 2726 3586 τῷ
2753 3516 2870 3587 ὄρει
2899 3513 3038 3568 Σιὼν
3087 3513 3241 3567 ἐσται
3296 3509 3542 3581 σωτηρία
3562 3508 3607 3571 ³,
3650 3505 3754 3558 καὶ

2158 3609 2311 3664 ἔσται
2355 3609 2529 3677 ἅγιον.
2581 3627 2600 3659 ι
2669 3605 2954 3670 Ἐπανάξω
2982 3605 3089 3676 γὰρ
3130 3604 3328 3667 αὐτοὺς
3360 3596 3750 3672 αἰχμαλώτους

2158 3700 2580 3771 γεγενημένους,
2626 3699 2720 3752 καὶ
2758 3698 2850 3752 τὸν
2884 3697 3038 3768 ἅγιον
3067 3697 3360 3767 ἀναστήσω
3387 3691 3546 3748 νεών.
3592 3691 3746 3761 Προ-

2158 3793 2412 3865 αγορεύει
2455 3793 2512 3846 δὲ
2541 3791 2681 3845 κατά
2727 3791 2924 3844 ταυτὸν
2969 3789 3070 3861 τὴν
3102 3787 3404 3858 γενομένην
3445 3785 3614 3838 πᾶσιν
3651 3783 3753 3836 ἀν-

2159 3885 2398 3958 θρώποις
2430 3885 2488 3938 ἐν
2519 3886 2587 3954 τῇ
2623 3882 2761 3936 Σιὼν
2803 3881 3100 3953 σωτηρίαν,
3151 3879 3248 3932 καὶ
3289 3879 3382 3932 τὸν
3423 3875 3634 3930 ἐκεῖθεν
3665 3875 3754 3938 εἰς

2159 3979 2340 4031 πᾶσαν
2369 3975 2469 4044 τὴν
2500 3974 2828 4044 οίκουμένην
2853 3971 3193 4043 προχυθέντα
3223 3968 3494 4039 ἀγιασμδν
3526 3966 3618 4019 διὰ
3646 3964 3752 4018 τοῦ

2161 4069 2428 4141 σωτηρίου
2479 4066 2735 4136 σταυροῦ.
2804 4084 2823 4118 ι
2863 4066 2974 4119 Kal
3020 4060 3668 4132 κατακληρονομήσουσιν
3721 4060 3753 4112 6

2114 4201 2120 4206 η
2159 4157 2309 4226 οἶκος
2375 4159 2596 4223 Ἰακὼϐ,
2626 4159 2752 4224 τοὺς
2821 4156 3339 4228 κληρονομήσαντας
3377 4152 3399 4184 ³
3455 4150 3675 4214 αὐτούς.
3725 4169 3748 4201 ι

2160 4249 2442 4318 Τοσαύτην
2469 4249 2526 4302 δέ
2567 4248 2750 4310 αὐτοῖς
2779 4243 3134 4300 ἐπανελθοῦσι
3168 4241 3390 4314 παρέξω
3421 4239 3614 4311 ῥώμην
3649 4239 3751 4292 καὶ

2159 4342 2409 4412 δύναμιν,
2459 4340 2555 4392 καὶ
2604 4339 2685 4401 είς
2724 4335 2976 4390 τοσοῦτον
3006 4334 3209 4404 πλῆθος
3253 4331 3449 4393 αὐτοὺς
3493 4327 3749 4397 αὑξήσω,

2161 4431 2236 4496 ὼς
2282 4433 2374 4486 καὶ
2421 4431 2520 4500 τὴν
2575 4429 2867 4500 ὑμετέραν,
2903 4428 2996 4481 καὶ
3041 4426 3148 4479 τῶν
3196 4424 3372 4481 ἄλλων
3415 4419 3588 4475 ἐθνῶν
3635 4421 3751 4474 τῶν

2088 4498 2134 4553 D
2159 4523 2374 4593 ὁμόρων
2398 4498 2496 4591 τὴν
2525 4498 2627 4590 γῆν
2656 4498 2755 4588 ὑφ(
2774 4520 2998 4582 ἑαυτοὺς
3029 4515 3377 4588 ποιήσασθαι.

555 4603 718 4660 Vens.
760 4602 850 4658 18.
891 4621 910 4654 ι
938 4601 1006 4657 Et
1037 4600 1145 4657 erit
1178 4601 1381 4657 domus
1409 4599 1603 4656 Jacobi
1639 4600 1814 4670 ignis,
1863 4607 1919 4654 et
1958 4608 2060 4654 do-

2229 4621 2318 4686 ιη’.
2365 4635 2384 4666 ι
2415 4615 2526 4668 Kal
2559 4613 2710 4667 ἔσται
2737 4614 2765 4665 6
2809 4606 2958 4674 οἶκος
2999 4609 3194 4663 Ἰακὼϐ
3239 4608 3372 4679 πῦρ,
3407 4606 3504 4661 καὶ
3533 4607 3562 4659 6
3593 4600 3749 4669 οἶκος

480 4714 604 4754 mus
635 4696 862 4768 Iosephi
889 4695 1148 4761 flamma,
1175 4695 1376 4750 domus
1402 4703 1588 4750 autem
1633 4693 1777 4748 Esau
1809 4692 2013 4762 stipula
2041 4710 2055 4747 :

2170 4707 2367 4776 Ἰωσὴφ
2397 4705 2547 4776 φλὸξ,
2597 4707 2624 4759 6
2671 4704 2728 4758 δὲ
2777 4700 2924 4768 οἶκος
2963 4701 3137 4757 Ἠσαῦ
3183 4701 3262 4765 είς
3301 4699 3555 4770 καλάμην
3583 4713 3598 4727 ·
3646 4698 3749 4750 καὶ

479 4797 536 4844 et
580 4786 992 4845 succendentur
1043 4787 1097 4842 in
1144 4801 1274 4852 eos,
1301 4792 1360 4842 et
1379 4785 1727 4840 devorabunt
1769 4784 1917 4840 illos.
1950 4783 2058 4839 »1η

2162 4797 2590 4868 ἐκκαυθήσονται
2635 4796 2716 4859 εἰς
2757 4795 2989 4858 αὐτοὺς,
3043 4793 3140 4846 καὶ
3191 4789 3600 4859 καταφάγονται
3642 4787 3748 4840 αὐ-

480 4886 693 4934 tantam
726 4877 1158 4933 imbecillitatem
1190 4877 1567 4948 conjiciemini
1591 4915 1606 4940 ,
1643 4887 1700 4931 ut
1731 4891 1885 4932 more
1917 4877 2059 4949 ignis

2162 4886 2300 4950 τούς.
2335 4905 2353 4940 ι
2406 4886 2682 4958 Ἀσθενείᾳ
2710 4886 2818 4957 γὰρ
2848 4883 3084 4954 τοσαύτη
3112 4877 3572 4952 παραδοθήσεσθε,
3599 4875 3748 4928 ὥστε

481 4970 550 5024 ab
579 4969 692 5024 illis
721 4968 1154 5024 consumamini.
1187 4965 1364 5024 Jacob
1397 4975 1581 5023 autem
1615 4975 1669 5023 et
1697 4967 1901 5039 Joseph
1929 4987 2055 5026 eos-

2163 4980 2334 5049 πυρὸς
2359 4979 2514 5045 δίκην
2555 4980 2647 5032 ὑπ’
2675 4978 2896 5032 ἐκείνων
2939 4975 3299 5044 ἀναλωθῆναι.
3338 4969 3532 5024 Ἰακὼϐ
3561 4969 3617 5022 δὲ
3648 4969 3748 5020 καὶ

483 5062 608 5117 dem
657 5061 1004 5129 appellavit:
1059 5060 1506 5131 quandoquidem
1554 5059 1818 5130 prraim
1865 5061 2054 5131 (ﬁlius

2177 5067 2372 5138 Ἰωσήφ
2421 5069 2547 5132 τοὺς
2618 5069 2814 5131 αὐτοὺς
2871 5065 3345 5136 προσηγόρευσεν,
3407 5057 3594 5129 ἐπειδὴ
3645 5058 3747 5110 καὶ

483 5158 668 5206 autem
702 5149 750 5204 is
784 5148 890 5203 fuit
916 5147 1140 5219 Joseplii
1165 5150 1183 5221 )
1209 5191 1222 5215 ,
1261 5151 1458 5206 decem
1491 5151 1673 5205 tribus
1704 5165 1848 5220 sape
1880 5153 2056 5207 nomi-

2177 5157 2416 5230 Ἐφραῒμ
2447 5159 2578 5229 (υἱὸς
2606 5158 2663 5211 δὲ
2687 5150 2842 5221 οὗτος
2867 5156 2961 5210 τοῦ
3004 5153 3249 5224 Ἰωσὴφ),
3276 5150 3374 5214 τὰς
3403 5150 3537 5204 δέκα
3569 5147 3746 5217 φυλὰς

483 5241 708 5297 navit.-r
739 5237 804 5294 Et
828 5255 940 5294 non
973 5240 1080 5295 erit
1111 5240 1314 5311 ignifer
1346 5241 1539 5296 domui
1569 5239 1712 5297 Esau
1733 5282 1748 5307 ,
1782 5241 1915 5311 quia
1945 5241 2056 5299 Do-

2164 5250 2424 5315 πολλάκις
2454 5249 2726 5322 ὠνόμασε.
2783 5268 2802 5302 ι
2832 5248 2945 5303 Kal
2989 5247 3090 5300 οὐκ
3125 5244 3275 5298 ἔσται
3316 5239 3630 5313 πυρφόρος⁸
3663 5239 3748 5310 τῷ

554 5387 581 5416 ι
615 5374 818 5432 Jcrem.
853 5393 982 5443 xxv,
1011 5379 1100 5443 l5,
1134 5379 1216 5434 vel
1247 5377 1404 5449 juxta
1436 5377 1604 5446 LXX,
1628 5393 1800 5443 xxx",
1828 5377 1881 5440 Ι,

1785 5493 2020 5552 νΑΙῖΙᾸΞ
2059 5493 2348 5552 LECTlON
2356 5497 2457 5555 ES.

574 5585 894 5682 ⁸ῘᾹαύτοῦ.
945 5590 1018 5682 ιέδ
1044 5589 1088 5642 Α
1141 5588 1210 5672 ἐξ.
1261 5588 1447 5674 αῦτρῦ.
1521 5589 1720 5682 “Latin.
1756 5587 1830 5682 Ἀ
1860 5601 2066 5682 Διπαεῐὲ.
2127 5587 2204 5670 ἐξἶ
2317 5590 2364 5622 ⁸⁸
2391 5590 2450 5682 (J-
2489 5579 3366 5682 προσήνεγκξισυμϐοῐμλὴν,ἶηκῗὶ
3534 5581 3745 5682 νὲηθη-

484 5659 724 5728 σομένην
765 5659 1154 5727 προστέθεικεν
1183 5651 1441 5728 ἀπειλήν.
1541 5661 1585 5692 ’⁷
1615 5658 1728 5711 ἐστ.
1756 5655 1817 5711 In
1851 5651 1895 5711 Κ
1920 5666 1972 5711 et
2007 5656 2049 5710 C
2080 5651 2301 5728 ponitur
2333 5668 2456 5730 post
2490 5651 2683 5720 οὕτως.
2743 5651 2753 5655 ⁷
2821 5655 2868 5686 ’⁸
2900 5651 3002 5708 σοι.
3035 5651 3159 5708 Des.
3205 5651 3260 5703 in
3294 5651 3362 5704 Α.
3463 5651 3510 5682 ⁹⁹
3534 5667 3742 5706 καταπ.

485 5729 560 5781 Ita
600 5742 724 5798 cum
771 5729 815 5779 Α
856 5729 1112 5798 legimus.
1153 5728 1318 5782 Sirm.
1370 5727 1757 5798 ἀναϐήσονται.
1890 5728 1976 5798 'VC
2008 5723 2052 5779 ὦ
2095 5728 2361 5784 Ἰουδαῖοι.
2469 5731 2487 5760 ³
2521 5745 2648 5782 σωτ.
2673 5728 2718 5782 Δ
2754 5741 2938 5797 prmn.
2973 5725 3029 5795 ή.
3153 5721 3173 5752 ³
3209 5721 3251 5774 Α
3278 5720 3419 5776 etC.
3459 5721 3742 5792 κατακλη-

494 5765 559 5781 ..-
600 5765 724 5780 νυ...
771 5765 815 5779 ..
859 5765 1112 5783 ww“...
1370 5765 1530 5781 an”.
1556 5765 1757 5783 wn-..
1938 5765 1976 5782 υ
2008 5765 2052 5779 ω
2112 5765 2361 5784 ww“...
2521 5765 2718 5782 μνη...
2978 5765 3029 5777 --
3209 5765 3251 5774 --
3279 5765 3330 5776 νς
3362 5765 3419 5775 ν-
3460 5765 3690 5772 --—-—~---

494 5765 941 5864 ρονςιμήςπιιντοιςΓ³
978 5796 996 5826 θ’
1027 5797 1071 5849 Α
1092 5806 1143 5851 ct
1164 5797 1223 5852 Ο.
1255 5771 1580 5866 πυροφόροξ.
1614 5797 1688 5850 lta
1712 5797 1874 5852 ctiam
1903 5797 2184 5868 deinceps.
2754 5765 2771 5797 ι
2992 5765 3006 5795 ⁸
3696 5765 3711 5792 ⁸
