4088 6404
315 395 455 461 ΠῙΊ

1717 389 1798 448 ΙΝ
1839 386 2150 446 ΑΒΒΙΑΜ.

3419 375 3561 439 1718

308 505 448 574 οἴκῳ
483 498 678 566 Ἡσαῦ,
720 499 802 556 ὅτι
832 500 1034 574 Κύριος
1070 499 1318 572 ὲλάληρε.
1368 517 1386 551 ι
1444 499 1547 552 Τὸν
1582 496 1892 564 πυρφόρον

2014 492 2185 547 uinus
2215 489 2434 544 locutus
2464 495 2570 545 est.
2620 505 2638 538 ι
2684 487 2983 560 Ignifcrum
3017 484 3381 557 Symmachus
3408 485 3576 541 inter-

308 597 340 651 ὁ
392 594 493 666 μὲν
527 591 820 666 Σύμμαχος
862 593 1300 662 διασωζόμενον
1348 591 1566 662 εἴρηκεν
1589 605 1603 618 ·
1669 586 1898 650 Ἀκύλας

308 685 372 740 δὲ
415 685 513 740 καὶ
556 685 870 749 Θεοδοτίων,
903 682 1464 754 καταλελειμμένον.
1519 681 1624 735 Τὸν
1661 679 1896 750 παντελῆ

309 782 499 836 τοίνυν
523 781 744 850 ὀλεθρον
769 780 952 836 αὐτῶν
984 777 1286 850 προδηλῶν,
1336 779 1512 836 τοῖσδε
1560 779 1672 840 τοῖς
1718 775 1899 842 λόγοις

312 871 612 941 ἐχρήσατο.
666 870 778 924 Καὶ
823 871 873 923 οἱ
926 871 1326 942 Ἐδδομήκοντα
1357 870 1414 924 δὲ
1447 869 1540 923 τὸν
1589 867 1900 935 πυρφόρον

313 962 627 1016 τεθείκασιν
653 963 754 1032 οὐχ
787 962 972 1027 ἁπλῶς
999 980 1012 992 ·
1058 963 1174 1018 ἀλλ’
1202 963 1389 1036 ἐπειδὴ
1420 961 1532 1032 πῦρ
1557 960 1649 1015 τὸν
1680 957 1897 1022 Ἰακὼϐ,

315 1055 416 1108 καὶ
437 1053 614 1123 φλόγα
634 1053 724 1107 τὸν
761 1054 958 1124 Ἰωσὴφ
983 1057 1136 1126 κοινῇ
1170 1055 1370 1118 πάντες
1402 1053 1655 1123 εἰρήκασι
1683 1048 1900 1120 (ῥώμην

315 1144 379 1198 δὲ
403 1143 577 1199 ταῦτα
605 1145 700 1199 καὶ
727 1144 957 1217 δύναμιν
990 1145 1288 1218 παραδηλοῖ
1328 1144 1398 1200 τά
1425 1142 1712 1213 ὀνόματα),
1739 1137 1902 1210 ἠϐου-

315 1235 565 1308 λήθησαν
585 1237 781 1302 εἰπεῖν,
809 1237 883 1302 ὼς
914 1238 1141 1308 οὐδεμία
1170 1236 1395 1308 δύναμις
1423 1237 1537 1300 τοῖς
1584 1229 1902 1303 Ἰδουμαίοις

320 1325 808 1399 ὕπολειφθήσεται.

397 1413 484 1468 ιθ’.
531 1433 551 1466 ι
579 1415 692 1469 Καὶ
736 1415 1380 1487 κατακληρονομήσουσιν
1423 1415 1474 1469 οί
1520 1415 1578 1468 ὲν
1616 1412 1803 1483 Ναγὲΰ
1841 1410 1905 1466 τὸ

319 1501 450 1572 ὅρος
479 1503 572 1556 τοῦ
592 1503 614 1534 ⁵
659 1503 848 1558 Ἡσαῦ.
881 1523 901 1555 ι
932 1505 1046 1558 Καὶ
1071 1504 1228 1559 τοῦτο
1257 1505 1314 1559 δὲ
1340 1503 1645 1576 συμφώνως
1671 1504 1722 1556 οἱ
1753 1504 1904 1574 τρεῖς

325 1593 662 1662 ἑρμηνευταὶ
689 1595 871 1648 νότον
898 1593 1308 1666 ήρμηνεύκασιν
1331 1611 1347 1627 ⁶
1391 1595 1534 1649 οὕτω
1563 1594 1670 1664 γὰρ
1699 1596 1728 1648 ό
1752 1594 1903 1656 νότος

326 1683 795 1754 προσαγορεύεται
839 1687 905 1756 τῇ
951 1686 1218 1756 Ἐϐραίων
1265 1689 1438 1758 φωνῇ.
1487 1687 1652 1754 Λέγει
1701 1685 1902 1752 τοίνυν,

324 1771 410 1824 ὅτι
442 1774 492 1826 οῑ
540 1772 674 1844 πρὸς
704 1776 856 1830 νότον
896 1776 1176 1840 οἰκοῦντες
1195 1777 1294 1849 τῆς
1324 1777 1702 1849 Ἰερουσαλὴμ,
1744 1793 1902 1830 τουτ-

325 1861 447 1916 έστι
493 1862 600 1917 τῶν
651 1865 961 1936 Ἰδουμαίων
1005 1869 1054 1921 oi.
1098 1868 1310 1939 ὅμοροι,
1379 1861 1492 1922 οἷόν
1536 1883 1659 1921 τινα
1701 1867 1904 1938 κλῆρον

325 1950 512 2018 ἕξουσι
541 1956 636 2009 καὶ
669 1959 863 2029 μερίδα
890 1958 998 2013 τῶν
1040 1959 1352 2030 Ἰδουμαίων
1398 1958 1497 2030 τὴν
1529 1959 1633 2030 γῆν
1659 1975 1674 1990 ⁸
1729 1977 1747 2010 ι
1775 1961 1828 2030 οἱ,
1851 1959 1909 2013 δὲ

326 2045 390 2098 ἐν
418 2048 486 2117 τῇ
524 2046 738 2116 Σεφηλά
787 2067 808 2100 ι
848 2049 1244 2120 (ἀστυγείτονες
1272 2050 1330 2104 δὲ
1357 2051 1378 2082 ⁸
1400 2044 1546 2105 οῦτοι
1574 2050 1683 2104 τῶν
1727 2049 1910 2104 Ἀλλο-

327 2135 557 2207 φύλων),
593 2139 683 2206 ὑφ’
729 2140 966 2204 αὑτοὺς⁷
1012 2141 1114 2206 τὴν
1159 2142 1254 2196 νῦν
1282 2142 1389 2196 ὑπὸ
1416 2142 1526 2196 τῶν
1570 2140 1910 2212 Ἀλλοφύλων

327 2227 703 2299 κατεχομένην
731 2231 1046 2300 ποιήσονται
1074 2231 1279 2303 χώραν.
1310 2229 1615 2298 Καθέξουσι
1653 2232 1710 2286 δὲ
1754 2234 1908 2302 κοινῇ

328 2315 536 2380 πάντες
577 2319 628 2372 οί
680 2319 779 2390 τῆς
813 2321 1193 2391 αἰχμαλωσίας
1237 2322 1665 2391 ἀπαλλαγέντες,
1713 2323 1808 2376 καὶ
1847 2322 1911 2376 τὸ

341 2410 587 2481 ῗΕφραῒμ
613 2411 760 2482 ὅρος,
791 2413 885 2466 καὶ⁹
934 2413 996 2466 τὸ
1041 2413 1399 2484 ὑποκείμενον
1437 2413 1642 2476 πεδίον.
1688 2413 1782 2467 καὶ
1817 2411 1911 2467 τδν

326 2499 429 2552 τοῦ
469 2501 729 2572 Βενιαμὶν
761 2501 983 2572 κλῆρον,
1029 2503 1126 2557 καὶ
1167 2503 1265 2575 τὴν
1297 2503 1616 2556 Γαλααδϊτιν
1650 2503 1868 2557 ἃπασαν
1893 2518 1906 2533 ·

327 2590 496 2662 ὅρους
520 2591 579 2644 δὲ
600 2591 813 2657 ἕξουσιν
843 2593 935 2657 οὒς
968 2593 1136 2647 πάλαι
1163 2591 1309 2663 εἶχον
1333 2594 1492 2665 ὅρους
1524 2595 1574 2647 οἱ
1594 2595 1908 2659 Χαναναῖοι,

327 2680 412 2744 ὼς
460 2680 614 2746 τέλος
656 2679 796 2738 εἶναι
827 2685 927 2755 τὴν
959 2685 1245 2756 Σαρέφθαν
1285 2685 1383 2756 τῆς
1416 2685 1520 2739 ὑπὸ
1563 2683 1658 2738 τοῦ
1697 2685 1912 2756 Ἰσραὴλ

331 2774 708 2845 κατεχομένης
731 2775 855 2846 γῆς.
887 2775 1120 2843 Καθέξει
1140 2777 1196 2830 δὲ
1227 2777 1324 2830 καὶ
1348 2777 1448 2847 τὴν
1489 2776 1732 2848 Ἐφραθά
1757 2775 1912 2830 πόλιν
1939 2805 1951 2820 ι

329 2864 371 2933 ἡ
429 2863 814 2936 Ἰερουσαλὴμ,
867 2867 962 2921 καὶ
1019 2867 1118 2930 τὰς
1162 2867 1367 2938 ταύτης
1414 2867 1496 2920 ἔτι
1544 2868 1910 2938 νοτιωτέρας·

327 2951 498 3007 τοῦτο
524 2955 632 3025 γάρ
659 2957 1043 3028 παρεδήλωσεν
1069 2958 1306 3030 εἰρηκώς
1327 2971 1341 2988 ⁸
1385 2977 1404 3010 ι
1427 2958 1911 3030 κληρονομήσουσι

326 3043 437 3108 τὰς
467 3045 651 3110 πόλεις
681 3048 774 3101 τοῦ
805 3049 1014 3118 Ναγέὸ.
1044 3068 1062 3102 ι
1095 3050 1208 3104 Οὐκ
1241 3050 1674 3121 ἀρκεσθήσονται
1705 3049 1761 3104 δὲ
1790 3049 1914 3104 οὐδὲ

1932 1819 1981 1879 Β

2000 589 2249 650 pretatus
2279 589 2365 637 est
2394 587 2802 635 conservatum:
2837 576 3042 648 Aquila
3080 582 3267 632 autem
3295 584 3351 631 et
3385 577 3576 631 'l‘heo-

1998 671 2184 739 dotio,
2217 672 2488 729 relictum.
2517 669 2802 726 Summam
2843 669 3264 738 itaque'eorum
3307 667 3578 737 perditio-

1999 776 2121 816 nem
2143 768 2582 832 praemonstrans
2603 759 2693 815 bis
2715 759 2900 814 verbis
2928 771 3068 814 usus
3085 755 3578 826 est.Septuaginta

2000 862 2182 908 autem
2232 868 2343 908 non
2389 852 2510 908 sine
2556 865 2729 907 causa
2773 850 3065 920 igniferam.
3099 853 3448 919 posuerunt:
3480 844 3578 900 sed

1999 959 2124 1007 cum
2170 944 2350 1014 ignem
2391 941 2656 998 Jacobum
2696 949 2753 997 et
2798 939 3075 994 ﬂammam
3120 937 3421 1008 Jnsephum
3464 949 3578 992 uno

2001 1047 2278 1089 consensu
2306 1046 2498 1087 omnes
2523 1029 2806 1095 dixerint,
2848 1043 2972 1099 qua:
3017 1028 3241 1083 nomina
3288 1025 3579 1082 fortitudi-s

2001 1140 2128 1182 nem
2181 1132 2234 1180 et
2282 1123 2588 1195 potentiam
2636 1121 2972 1185 ostendunt,
3011 1119 3202 1176 dicere
3243 1108 3581 1183 voluerunt,

2003 1214 2190 1270 nullas
2224 1212 2374 1270 vires
2403 1209 2661 1268 Idumaeis
2689 1209 2945 1265 relictum
2972 1206 3064 1263 iri.

2074 1406 2243 1464 Vsus.
2277 1407 2364 1464 l9.
2400 1424 2418 1457 ι
2443 1405 2511 1460 Ει
2539 1405 2898 1476 possidebunt
2921 1444 2936 1470 .
2964 1403 3058 1476 qui
3092 1403 3146 1458 in
3178 1402 3396 1476 Nageb,
3421 1419 3578 1459 mon-

2003 1510 2112 1567 teut
2145 1499 2313 1555 Esau.
2349 1518 2369 1550 ι
2400 1497 2515 1553 Hoc
2551 1498 2718 1553 etiam
2759 1513 2874 1552 uno
2920 1512 3196 1552 consensu
3247 1506 3358 1552 tres
3401 1497 3579 1551 inter-

2007 1597 2188 1660 pretes
2221 1598 2467 1643 austrum
2499 1595 2790 1644 verterunt
2817 1605 2832 1642 :
2865 1588 2947 1643 sic
2973 1587 3120 1644 enim
3164 1587 3434 1642 llebraica
3481 1587 3583 1642 lin~

2005 1695 2111 1750 gua
2143 1689 2332 1736 auster
2361 1687 2612 1734 vocatur.
2660 1679 2750 1734 Ait
2791 1694 2923 1749 ergo
2969 1693 3070 1735 eos
3101 1678 3196 1748 qui
3235 1693 3435 1734 versus
3479 1693 3588 1733 au—

2007 1779 2184 1826 strum
2205 1769 2598 1840 Hierosolyma
2622 1768 2912 1832 habitant,
2935 1768 3040 1824 hoc
3067 1774 3186 1834 est,
3213 1767 3586 1824 ldumaaorum

2007 1861 2274 1918 ﬁnitimos
2294 1902 2310 1926 ,
2342 1869 2611 1932 tanquam
2645 1860 3022 1916 hmreditatem
3053 1859 3350 1930 quamdam
3377 1869 3433 1916 et
3454 1875 3584 1931 par-

2008 1959 2148 2015 tem,
2209 1950 2500 2006 habituros
2549 1964 2674 2006 esse
2717 1957 2922 2006 terram
2992 1947 3393 2019 ldummorum;
3428 1969 3450 2005 ι
3481 1952 3577 2023 qui

2007 2057 2144 2097 vero
2174 2042 2231 2096 in
2261 2041 2499 2113 Sephela
2530 2061 2549 2093 ›
2581 2042 2601 2113 (
2627 2042 2794 2098 vicini
2825 2049 3012 2098 autem
3040 2051 3171 2098 sunt
3207 2044 3298 2098 isti
3330 2043 3585 2116 Allophy~

2010 2132 2160 2201 lis),
2199 2133 2481 2204 regionem
2507 2171 2522 2197 ,
2553 2148 2719 2204 quam
2753 2147 2901 2188 nunc
2933 2141 3125 2189 tenent
3150 2133 3448 2205 Allophyli,
3475 2135 3584 2191 sibi

2015 2224 2228 2296 1457
2268 2225 2622 2296 subjecturos
2661 2241 2809 2282 esse.
2853 2225 3059 2282 Omnes
3100 2240 3268 2296 porro
3293 2240 3326 2280 a
3357 2225 3586 2296 captivi-

2010 2326 2127 2373 tate
2155 2318 2415 2384 liberati,
2449 2319 2821 2374 communiter
2851 2328 2906 2374 et
2946 2318 3170 2389 publice
3215 2318 3587 2390 possidebunt

2009 2412 2252 2461 montem
2284 2405 2546 2478 Ephraim
2567 2447 2583 2475 ,
2610 2417 2665 2463 et
2695 2407 2870 2462 monti
2901 2407 3222 2477 adjacentes
3251 2422 3499 2478 campos,
3530 2414 3586 2463 et

2011 2499 2354 2570 Benjaminis
2388 2501 2768 2558 hmreditatem
2791 2541 2807 2566 ,
2841 2508 3010 2572 atque
3045 2501 3364 2556 universam
3396 2499 3587 2555 Galan-

2012 2579 2289 2658 ditidem;
2326 2591 2465 2649 ﬁnes
2497 2600 2687 2648 autem
2724 2591 3038 2658 habebunt,
3085 2606 3226 2663 quos
3271 2591 3403 2648 olim
3448 2590 3588 2646 Cha-

2011 2685 2189 2740 nanmi
2222 2693 2564 2751 tenuerunt,
2595 2687 2671 2741 ita
2698 2693 2760 2740 ut
2789 2685 3022 2756 Sarepta
3050 2686 3322 2742 terminus
3357 2683 3430 2740 sit
3472 2692 3589 2740 ter-

2012 2793 2124 2843 rae,
2176 2794 2344 2849 quam
2401 2777 2570 2835 Israel
2619 2777 2953 2849 possidebit.
3011 2777 3313 2848 prratam
3366 2790 3591 2848 quoque

2014 2870 2206 2926 urbem
2253 2871 2464 2926 tenebit
2505 2869 2922 2941 Hierosolyma,
2970 2876 3139 2940 atque
3192 2869 3371 2934 alias,
3421 2868 3590 2924 etiam

2017 2961 2110 3015 illa
2148 2963 2529 3018 australiores.
2584 2961 2700 3035 [20]
2751 2961 2865 3016 lloc
2916 2961 3062 3017 enim
3098 2961 3410 3032 expressit,
3462 2975 3590 3016 cum

2015 3051 2195 3107 dixit:
2230 3069 2247 3103 ι
2279 3051 2702 3108 Haereditabunt
2747 3053 2914 3109 urbes
2947 3051 3156 3124 Nageb.
3191 3071 3210 3106 ι
3248 3051 3363 3126 [2|]
3399 3050 3594 3122 Neque

325 3134 578 3202 ταύταις,
609 3138 743 3194 ἀλλά
774 3140 868 3192 καὶ
898 3140 993 3194 τοῦ
1036 3141 1207 3195 Ἡσαῦ
1245 3141 1307 3195 τδ
1351 3141 1475 3211 ὄρος
1520 3124 1719 3196 οἰκεῖον
1751 3141 1909 3211 ποιή-

2019 3149 2202 3198 tamen
2235 3142 2322 3198 his
2350 3144 2597 3199 contenti
2628 3152 2826 3211 erunt,
2861 3143 2958 3200 sed
3003 3150 3022 3166 ’
3055 3143 3221 3199 etiam
3250 3124 3402 3198 Esau
3439 3157 3596 3198 mon-

331 3241 544 3292 σονται,
569 3228 675 3283 ὑπὸ
705 3228 912 3299 βασιλεῖ
933 3230 1012 3301 τῷ
1034 3231 1153 3302 Θεῷ
1178 3233 1617 3304 στρατευόμενοι,
1642 3231 1734 3285 καὶ
1763 3227 1912 3302 αύτῷ

332 3318 480 3386 σφᾶς
504 3319 702 3385 αὐτοὺς
732 3322 1040 3387 ἀναθέντες.
1082 3323 1277 3377 ’ἰστέον
1309 3323 1386 3386 δὲ,
1416 3323 1492 3386 ὡς
1526 3325 1808 3392 συμφωνεῐ
1834 3323 1911 3393 τῷ

326 3409 480 3463 τέλει
521 3411 683 3481 τῆσδε
703 3413 802 3482 τῆς
834 3413 1194 3484 προφητείας,
1229 3413 1325 3465 καὶ
1364 3413 1463 3483 τῆς
1506 3411 1600 3466 τοῦ
1639 3413 1908 3484 μακαρίου

345 3499 606 3572 Ἰεζεκιὴλ
633 3505 972 3574 προφητείας
1005 3503 1066 3556 τδ
1109 3503 1283 3565 τέλος.
1330 3503 1443 3556 Καὶ
1479 3502 1587 3573 γὰρ
1620 3502 1739 3556 ἐκεῖ
1779 3520 1911 3575 προ-

330 3592 627 3661 διαγράφει
674 3593 774 3664 τῆς
817 3596 921 3665 γῆς
949 3593 1048 3665 τὴν
1092 3594 1377 3666 διαίρεσιν,
1423 3593 1518 3647 καὶ
1550 3593 1909 3664 προαγορεύει

332 3682 430 3736 τοῦ
453 3683 583 3737 λαοῦ
616 3684 753 3755 τὴνδ
776 3685 1052 3752 ἐπάνοδον,
1096 3687 1190 3740 καὶ¹
1225 3685 1321 3757 τὴν
1358 3685 1497 3757 μετὰ
1524 3685 1623 3756 τὴν
1655 3685 1912 3741 ἐπάνοδον

335 3771 706 3846 δοθησομένην
730 3777 914 3840 αὐτοῖς
944 3776 1048 3830 ὑπὸ
1072 3777 1163 3830 τοῦ
1194 3776 1330 3830 Θεοῦ
1357 3777 1584 3847 δύναμιν
1619 3777 1712 3830 καλ⁵
1737 3776 1910 3847 ίσχύν.

339 3859 555 3932 Ταύτης
586 3866 681 3918 καὶ
711 3866 861 3936 ἡμᾶς
898 3869 1082 3937 τυχεῖν
1113 3866 1322 3934 γένοιτο
1363 3867 1514 3938 παρά
1547 3865 1641 3919 τοῦ
1687 3866 1916 3936 μεγαλο-

337 3951 510 4021 δώρου
541 3954 676 4009 Θεοῦ
704 3972 718 3986 ·
768 3956 1070 4027 τευξόμεθα
1112 3957 1192 4022 δὲ,
1236 3957 1286 4009 εί
1317 3955 1412 4010 τοῦ
1469 3955 1637 4010 Ἡσαῦ
1683 3956 1917 4010 καὶτῶν

340 4043 626 4114 ἀπογόνων
656 4045 764 4100 τῶν
811 4047 1017 4101 ἐκείνου
1065 4047 1162 4119 τὴν
1222 4047 1453 4118 μίμησιν
1507 4049 1793 4118 φύγοιμεν,
1825 4047 1919 4101 καὶ

341 4135 486 4190 κατά
506 4136 607 4209 τὴν
638 4138 1003 4211 ἀποστολικὴν
1031 4139 1354 4209 νομοθεσίαν
1391 4139 1604 4211 χαίρειν
1631 4140 1770 4211 μετά
1801 4158 1919 4213 χαι-

346 4229 567 4300 ρόντων,
617 4232 710 4284 καὶ
744 4232 952 4288 κλαίειν
992 4232 1131 4303 μετά
1175 4231 1470 4286 κλαιόντων
1501 4231 1787 4302 μάθοιμεν,
1828 4232 1920 4286 καὶ

340 4319 406 4372 τὸ
430 4319 564 4374 αὐτὸ
593 4324 809 4391 φρονεῖν
855 4324 934 4385 είς
961 4322 1223 4392 ἀλλήλους
1254 4321 1558 4393 ἐθέλοιμεν.
1582 4321 1660 4396 Τῇ
1695 4322 1920 4394 τοιαύτῃ

342 4410 454 4479 γὰρ
483 4412 728 4483 πολιτείᾳ
755 4413 847 4466 τὸν
871 4412 981 4466 τῶν
1000 4413 1256 4468 ἁπάντων
1275 4412 1480 4484 Κύριον
1507 4413 1920 4486 θεραπεύοντες,

2020 3240 2130 3287 tem
2163 3233 2268 3288 sibi
2299 3233 2604 3305 subjicient
2623 3275 2636 3300 ,
2668 3234 2840 3290 Deum
2869 3249 3053 3304 regem
3081 3234 3363 3292 exercitus
3393 3234 3592 3291 ducto—

2017 3339 2132 3380 rem
2167 3326 2473 3391 habentes,
2504 3328 2667 3397 eique
2696 3327 2912 3396 seipsos
2945 3325 3299 3382 devoventes.
3357 3325 3454 3380 Est
3491 3339 3596 3379 au-

2017 3422 2127 3470 tem
2173 3416 2721 3473 animadvertendum
2790 3415 3094 3486 prophetiae
3151 3413 3460 3470 Ezechielis
3521 3411 3592 3468 ﬁ-

2019 3522 2146 3563 nem
2181 3506 2522 3577 respondere
2555 3506 2648 3561 lini
2693 3505 2862 3562 istius
2893 3506 3215 3576 prophetiae.
3258 3505 3395 3560 Nam
3429 3512 3486 3560 et
3515 3506 3593 3561 ibi
3625 3553 3632 3559 .

2021 3613 2244 3669 quoque
2273 3597 2429 3668 prius
2462 3597 2729 3654 describit
2763 3606 2926 3653 terrae
2956 3597 3288 3654 divisionem
3308 3636 3324 3663 ,
3356 3607 3412 3653 et
3451 3612 3596 3668 prae-

2023 3687 2160 3743 dicit
2189 3688 2382 3758 populi
2411 3688 2686 3756 reditum,
2717 3688 2912 3758 eisque
2949 3695 3078 3760 post
3123 3689 3360 3746 reditum
3397 3688 3598 3762 datam

2025 3797 2054 3836 a
2086 3781 2198 3839 Deo
2230 3781 2612 3839 fortitudinem
2641 3789 2697 3838 et
2733 3783 3060 3853 potentiam.
3093 3780 3246 3839 lianc
3283 3782 3450 3839 etiam
3492 3797 3598 3839 nos

2024 3876 2234 3930 utinam
2271 3889 2302 3927 a
2333 3874 2444 3930 Deo
2469 3873 2865 3930 liberalissimo
2907 3875 3352 3943 consequamur!
3389 3872 3602 3928 Conse-

2019 3979 2256 4033 quemur
2282 3974 2496 4028 autem,
2529 3963 2574 4031 si
2604 3963 2768 4018 modo
2799 3978 2909 4018 non
2938 3963 3080 4018 Esau
3114 3969 3170 4018 et
3199 3969 3452 4032 posteros
3477 3962 3601 4032 ejus

2019 4055 2327 4120 imitemur,
2381 4053 2478 4109 sed
2505 4053 2665 4123 juxta
2693 4053 3054 4124 apostolicam
3083 4051 3437 4108 traditionem
3464 4067 3602 4124 gau-

2022 4146 2158 4200 dere
2185 4159 2310 4200 cum
2344 4143 2715 4216 gaudentibus
2737 4186 2753 4210 ,
2787 4151 2842 4199 et
2874 4143 3006 4200 llere
3041 4159 3166 4199 cum
3210 4142 3472 4200 ﬂentibus
3515 4143 3602 4200 di-

2023 4253 2265 4304 scamus,
2325 4245 2492 4307 atque
2545 4235 2688 4292 idem
2731 4236 2878 4291 inter
2926 4251 3031 4293 nos
3079 4239 3290 4293 sentire
3340 4236 3598 4294 velimus.

2024 4328 2138 4384 lloc
2169 4329 2318 4384 enim
2355 4328 2478 4384 vitae
2513 4327 2771 4384 instituto
2792 4328 3042 4383 omnium
3078 4327 3373 4383 Dominum
3407 4327 3603 4386 obser-

2023 4432 2222 4478 vantes
2246 4461 2262 4488 ,
2307 4422 2430 4492 ejus
2457 4422 2622 4478 donis
2659 4421 2958 4492 potiemur.
3013 4421 3356 4492 benignitate
3406 4420 3602 4476 Salva-

343 4503 770 4574 ἀπολαυσόμεθα
817 4506 927 4559 τῶν
970 4504 1100 4576 παρ’
1129 4503 1292 4558 αὐτοῦ
1324 4504 1563 4574 δωρεῶν,
1597 4505 1781 4576 χάριτι
1826 4505 1910 4559 τοί

2029 4515 2171 4570 toris
2201 4515 2377 4571 nostri
2406 4511 2538 4570 Jesu
2586 4505 2836 4579 Christi’,
2873 4528 3142 4585 cumquo
3186 4510 3338 4568 Patri
3389 4510 3602 4583 gloria,

345 4598 599 4669 Σωτῆρος
629 4599 787 4670 ἡμῶν
827 4599 1040 4672 Ἰησοῦ⁹
1071 4599 1329 4670 Χριστοῦ,
1379 4600 1498 4671 μεθ’
1533 4595 1594 4656 οῦ
1625 4601 1702 4671 τῷ
1745 4601 1922 4673 Πατρὶ

343 4689 380 4756 ἠ
412 4687 556 4754 δόξα,
594 4690 692 4743 σὺν
741 4691 880 4762 ἁγίῳ
912 4689 1210 4762 Πνεύματι,
1271 4690 1365 4745 νῦν
1417 4691 1514 4747 καί
1543 4691 1651 4759 ἀεὶ,
1706 4691 1802 4747 καὶ
1843 4694 1923 4757 εἰς

344 4781 474 4845 τοὺς
505 4782 708 4848 αἰῶνας
742 4785 852 4841 τῶν
881 4782 1114 4840 αἰώνων.
1162 4784 1356 4857 ’Λμην.

2029 4621 2137 4660 una
2179 4620 2308 4660 eum
2354 4611 2550 4661 sancto
2599 4602 2848 4674 Spiritu,
2881 4618 3032 4660 nunc
3058 4613 3115 4664 et
3150 4617 3396 4674 semper,
3436 4607 3494 4658 et
3543 4597 3611 4662 in

2029 4699 2232 4757 saecula
2261 4698 2613 4757 saeculorum.
2651 4698 2844 4752 Amen.

1564 4959 1795 5017 VARIIE
1849 4959 2255 5016 LECTIONES.

420 5048 442 5080 "
465 5049 579 5103 τοῦ.
603 5050 748 5107 Ατό.
826 5055 845 5085 ⁸
872 5053 948 5108 δέ.
981 5053 1104 5111 Des.
1145 5054 1201 5108 in
1231 5053 1295 5108 C.
1373 5053 1406 5126 ⁷,
1429 5053 1469 5110 C
1499 5053 1748 5118 ἑαυτούς.
1825 5054 1848 5084 ⁸
1877 5053 1996 5124 τήν.
2031 5051 2072 5108 C
2109 5067 2299 5122 praem.
2335 5051 2448 5108 xxi.
2500 5054 2543 5123 ,⁸
2592 5052 2727 5123 Ἰησ.
2751 5049 2873 5104 Des.
2911 5047 2966 5108 in
3003 5047 3067 5110 c.-
