4088 6428
388 416 488 479 172

1638 415 1738 476 ἸΝ
1772 413 1980 476 ΙΟΝίΕ
2007 413 2164 476 CAP.
2205 418 2254 477 Ι.

3496 416 3632 480 1⁵126

381 535 478 588 καὶ
523 536 556 605 ή
611 533 878 606 Ἐϐραίων
937 533 1052 604 ἔχει
1112 531 1317 604 γραφή.
1377 528 1531 583 Οὕτω
1596 527 1655 581 δέ
1708 527 1803 581 καὶ⁸
1865 525 1960 580 τοῦ

2067 534 2162 588 ubi
2207 534 2428 592 divinus
2461 536 2714 594 Ezechiel
2745 532 3257 608 Carthaginensium
3302 529 3632 586 mentionem

382 624 670 678 θεσπεσίου
727 623 984 695 Ἰεζεκιὴλ
1038 620 1424 692 Καρχηδονίων
1473 619 1693 690 μνήμην
1732 632 1961 685 ποιησα-

384 715 570 784 μένου,
602 714 700 768 κα)⁸
750 711 904 784 παρά
943 710 1022 781 τῷ
1066 710 1322 780 Ἑϐραίῳ,
1352 709 1445 762 καὶ
1471 707 1622 779 παρά
1663 705 1745 776 τῷ
1805 705 1960 775 Σύρῳ

382 804 702 875 εὑρήκαμεν
753 802 816 856 τὸ
868 801 1092 872 Θαρσίς.
1143 799 1234 863 Ἐξ
1282 793 1359 853 ὧν
1405 795 1824 866 ποδηγηθέντες,
1864 793 1959 848 τὸν

385 893 658 964 μακάριόν
709 908 890 963 φαμεν
949 889 1136 945 Ἰωνᾶν
1189 891 1290 944 οὐκ
1344 890 1423 952 είς
1469 888 1677 955 Ἰνδίαν,
1722 886 1840 940 ἀλλ’
1878 888 1959 950 είς

383 984 707 1054 Καρχηδόνα
760 983 1094 1055 ποιήσασθαι
1152 983 1252 1052 τὴν
1311 980 1511 1052 φυγήν.
1568 977 1845 1055 Πεποίηκε
1897 977 1958 1030 δέ

381 1048 542 1129 τοῦτο
565 1048 764 1144 ’σαφῶς
804 1048 903 1146 μὲν
944 1071 1120 1140 εἰδὼς,
1150 1048 1248 1127 ἅτε
1275 1048 1339 1142 δή
1368 1048 1675 1142 προφήτης,
1693 1048 1790 1135 ⁸ος
1821 1085 1958 1123 παν-

383 1166 551 1236 ταχοῦ
575 1167 808 1236 πάρεστι
841 1165 949 1219 τῶν
979 1165 1114 1219 ὅλων
1138 1166 1168 1219 ὁ
1194 1162 1419 1236 Κύριος,
1442 1160 1537 1215 καὶ
1585 1161 1750 1224 τόπος
1778 1160 1956 1224 οὐδεὶς

381 1253 588 1324 ἔρημος
608 1255 707 1324 τῆς
727 1253 890 1308 αὑτοῦ
917 1254 1276 1326 προμηθείας·
1303 1250 1703 1322 ὑπολαμϐάνων
1723 1250 1779 1304 δὲ
1807 1252 1956 1322 ὅμως

381 1343 442 1396 ἐν
472 1343 609 1413 μόνῃ
639 1344 706 1414 τῇ
749 1341 1106 1414 Ἰερουσαλὴμ
1142 1342 1305 1395 αὑτὸν
1334 1340 1603 1394 ποιεῖσθαι
1633 1339 1732 1410 τὴν
1757 1340 1955 1407 ἐπιφά-

381 1445 552 1483 νειαν.
588 1428 702 1483 υὺκ
757 1429 914 1493 ὄκνος
963 1429 1019 1482 δὲ
1065 1427 1214 1498 αύτῷ
1269 1429 1368 1498 τῆς
1415 1428 1616 1497 φυγῆς,
1668 1426 1790 1480 οὑδέ
1838 1426 1954 1490 δέος

381 1519 602 1588 ἐγένετο
633 1519 891 1591 πρόξενον
921 1537 937 1554 ο
965 1521 1100 1574 ἀλλά
1143 1519 1244 1583 τάς
1278 1517 1372 1572 τοῦ
1408 1517 1558 1570 ἐλέου
1607 1515 1788 1588 πηγὰς
1835 1517 1956 1569 ἐπι-

382 1610 670 1681 στάμενος,
698 1607 787 1674 αἷς
813 1610 1094 1682 χρώμενος
1122 1613 1151 1664 ό
1184 1608 1417 1681 κηρῦξαι
1448 1608 1708 1670 κελεύσας
1737 1607 1955 1661 ἅπαντα

381 1701 729 1774 πρυτανεύει,
761 1705 857 1756 καὶ
902 1701 1056 1767 εἰδὼς
1084 1701 1160 1766 ὡς
1197 1703 1248 1756 εί
1277 1699 1608 1772 μεταμελείᾳ
1659 1699 1953 1770 χρήσονται

378 1793 682 1859 Νινευῖται,
723 1793 1002 1858 τεύξονται
1043 1793 1258 1856 πάντως
1306 1792 1410 1860 τῆς
1454 1791 1604 1854 Θείας
1648 1788 1953 1859 φιλανθρως-

2068 625 2201 681 fecit
2228 665 2244 691 ,
2271 634 2328 682 et
2359 628 2503 698 apud
2539 627 2823 684 Hebraeum
2846 667 2861 696 ,
2889 637 2949 685 et
2978 625 3126 697 apud
3153 623 3376 695 Syrum,
3407 619 3634 673 Tharsis

2064 717 2390 787 reperimus.
2441 719 2653 785 Quibus
2707 721 2892 776 edocti
2939 717 3132 774 Ionam
3188 712 3468 777 dicimus,
3527 725 3634 764 non

2060 808 2118 863 in
2162 808 2369 864 Indiam
2395 851 2411 878 ,
2446 810 2540 866 sed
2571 811 2959 880 Carthaginem
3008 805 3237 878 fugisse.
3291 802 3404 858 Hoc
3456 810 3637 856 autem

2059 898 2222 964 fecit,
2263 912 2390 952 cum
2423 901 2584 969 plane
2622 901 2641 921 ‘
2675 900 2895 969 quidem
2926 897 3128 960 sciret,
3158 900 3348 964 utpote
3389 891 3635 962 prophe-

2061 997 2136 1053 ta,
2165 990 2391 1060 etquod
2421 990 2627 1061 ubique
2650 990 2726 1046 sit
2755 989 2901 1045 Deus
2931 988 3319 1042 universorum
3347 1022 3364 1049 ,
3400 990 3457 1038 et
3485 981 3634 1051 quod

2058 1082 2246 1137 nullus
2279 1082 2435 1139 locus
2465 1082 2586 1153 ejus
2617 1080 2968 1153 providentia
3001 1093 3212 1134 vacuus
3247 1075 3320 1132 sit
3354 1092 3368 1128 :
3411 1072 3510 1129 sed
3548 1079 3634 1126 ta-

2063 1184 2190 1224 men
2244 1170 2528 1225 arbitrans
2598 1169 2655 1223 in
2704 1169 2822 1226 sola
2870 1165 3252 1236 Hierosolyma
3294 1160 3464 1217 Deum
3508 1173 3633 1216 sese

2056 1259 2369 1317 ostendere.
2401 1259 2587 1330 Neque
2628 1274 2760 1316 vero
2800 1257 3018 1330 ignavia
3068 1255 3230 1309 illum
3273 1259 3520 1308 metusve
3570 1251 3630 1305 in
3709 1295 3712 1298 .

2055 1349 2238 1419 fugam
2272 1349 2526 1419 impulit;
2565 1350 2661 1406 sed
2694 1365 2818 1405 cum
2859 1343 3256 1404 misericordiae
3295 1342 3476 1397 fontes
3516 1355 3630 1395 non

2056 1440 2354 1511 ignoraret,
2389 1442 2594 1511 quibus
2623 1448 2786 1496 utens
2814 1441 2867 1496 is
2898 1439 2990 1509 qui
3024 1453 3149 1492 eum
3177 1434 3478 1507 praedicare
3508 1433 3632 1500 jus-

2055 1531 2229 1594 serat',
2284 1529 2471 1584 omnia
2511 1528 2908 1594 administrat,
2935 1528 3209 1595 sciretque
3245 1521 3546 1586 Ninevitas,
3581 1519 3632 1574 si

2055 1620 2486 1691 resipiscerent,
2560 1618 2804 1673 divinam
2890 1617 3118 1672 omnino
3191 1611 3632 1670 misericordiam

2055 1711 2351 1780 adepturos
2384 1725 2508 1766 esse
2535 1749 2550 1774 ,
2590 1710 2910 1780 indecorum
2951 1706 3186 1762 ducebat
3218 1703 3629 1774 praedictionem

2055 1777 2209 1857 suam
2238 1800 2434 1856 falsam
2465 1777 2758 1865 declarari,
2783 1813 2954 1870 seque
2981 1810 3083 1868 pro
3111 1794 3376 1866 propheta
3406 1793 3604 1848 menda

379 1886 532 1949 πίας,
576 1884 822 1956 ἀπρεπὲς
847 1884 1062 1954 ἐνόμισε
1105 1883 1272 1954 ψευδῆ
1309 1882 1586 1952 δειχθῆναι
1631 1881 1731 1951 τὴν
1779 1880 1950 1950 πρόρο

2062 1907 2176 1947 cem
2204 1892 2416 1948 vocari.
2454 1892 2515 1946 ιιι
2552 1892 2692 1946 hanc
2717 1903 2848 1945 vero
2879 1887 3253 1959 suspicionem
3283 1899 3410 1941 eum
3444 1883 3629 1952 impu-

381 1975 560 2044 ρησιν,
583 1974 678 2026 καὶ
703 1973 944 2043 ψεύστης
968 1973 1087 2027 ἀντὶ
1119 1973 1396 2043 προφήτου
1428 1971 1713 2042 κληθῆναι.
1737 1969 1953 2041 Ταύτην

376 2063 437 2116 δὲ
467 2062 614 2134 αὐτῷ
642 2063 741 2135 τὴν
769 2062 1004 2132 ὑποψίαν
1035 2063 1307 2118 ἐντέθεικε
1354 2063 1448 2116 καὶ
1488 2062 1620 2116 αὐτὸ
1662 2061 1760 2132 τῆς
1797 2062 1954 2115 ἀπειτ

377 2154 637 2227 ληθείσης
663 2154 934 2226 τιμωρίας
969 2154 1030 2208 τὸ
1065 2155 1345 2226 κήρυγμα.
1388 2151 1691 2222 Ἐσκόπησε
1720 2151 1848 2222 γὰρ,
1879 2150 1955 2214 ὡς

377 2247 482 2300 οὑκ
514 2245 580 2300 ἂν
607 2247 1002 2317 προεμήνυσεν,
1035 2245 1194 2315 εἰπερ
1225 2245 1458 2300 κολάσαι
1483 2235 1745 2314 ἠϐούλετο
1774 2259 1788 2272 ·
1821 2242 1956 2295 ἀλλά

383 2335 672 2406 μετανοίας
699 2336 815 2388 ἐστὶ
843 2335 1107 2406 δήπουθεν
1147 2334 1452 2406 προτροπὴ,
1485 2335 1586 2404 τῆς
1619 2333 1890 2404 τιμωρίας
1920 2334 1953 2403 ή

378 2426 597 2496 ἀπειλή.
651 2426 794 2497 Πρὸς
830 2426 887 2479 δὲ
935 2427 1110 2497 τούτῳ
1143 2427 1235 2480 καὶ
1279 2425 1387 2480 τῶν
1427 2426 1693 2480 Ἰουδαίων
1721 2441 1956 2496 κατηγο-

383 2521 510 2593 ρίαν
567 2519 837 2573 ὑπέλαϐεν
879 2518 1096 2572 ἔσεσθαι
1129 2518 1230 2589 τὴν
1271 2516 1382 2571 τῶν
1430 2517 1728 2576 Νινευῖτῶν
1772 2516 1957 2570 εὐπεί-

382 2603 558 2669 θειαν,
593 2604 670 2668 ὠς
697 2604 806 2658 τῶν
849 2603 949 2674 μὲν
977 2604 1182 2672 ἀγνῶτι
1228 2604 1323 2658 καὶ
1349 2603 1633 2676 ἀλλοφύλῳ
1665 2622 1957 2660 πεπιστευ-

383 2694 558 2748 κότων
603 2694 779 2766 ἀνδρὶ,
805 2695 911 2748 τῶν
940 2695 998 2748 δὲ
1050 2694 1264 2765 μυρίοις
1295 2695 1600 2766 προφήταις
1642 2695 1954 2766 ὁμοφύλοις,

385 2787 526 2857 μετά
573 2785 1017 2857 θαυματουργίας
1069 2786 1168 2857 τὴν
1217 2786 1550 2858 προφητείαν
1592 2786 1954 2857 ποιουμένοις,

383 2876 646 2947 διηνεκῶς
674 2876 1060 2942 ἀπειθούντων,
1084 2877 1179 2931 καὶ
1203 2877 1387 2949 ὄνησιν
1407 2877 1664 2948 οὐδεμίαν
1704 2879 1836 2949 παρ’
1859 2878 1958 2931 αὑ-

383 2969 492 3022 τῶν
538 2967 860 3038 δεχομένων.
917 2967 1016 3022 Διὰ
1068 2967 1240 3022 ταῦτα
1291 2968 1352 3021 τὸ
1388 2968 1677 3022 κελευσθὲν
1708 2968 1866 3032 εὐθὺς
1897 2968 1959 3022 οὐ

385 3060 704 3131 πεποίηκεν·
726 3057 864 3114 ἀλλά
888 3059 983 3113 καὶ
1013 3062 1114 3130 τὴν
1156 3059 1246 3114 διὰ
1278 3058 1550 3131 θαλάσσης
1574 3057 1752 3130 φυγήν
1776 3060 1963 3130 ἐποιή-

2054 1986 2118 2041 lit
2150 1985 2268 2054 ipsa
2300 1984 2574 2038 minarum
2601 2025 2617 2049 ,
2647 1997 2770 2053 quae
2798 1981 3061 2035 ultionem
3102 1976 3494 2039 intentabant,
3527 1973 3627 2028 de-

2054 2073 2351 2128 nuntiatio.
2382 2069 2768 2127 Consideravit
2807 2069 2955 2125 enim
3022 2067 3176 2122 illum
3225 2063 3628 2136 praenuntiatu-

2057 2179 2176 2217 rum
2205 2176 2324 2216 non-
2351 2159 2544 2226 fuisse,
2578 2161 2623 2215 si
2651 2158 2853 2230 punire
2882 2155 3174 2220 voluisset,
3210 2169 3334 2209 cum
3367 2151 3628 2222 supplicii

2056 2252 2412 2308 comminatio
2441 2251 2698 2306 invitatio
2728 2250 2800 2306 sit
2839 2248 2908 2303 ad
2946 2244 3354 2318 paenitentiam.
3393 2243 3473 2297 Ad
3514 2241 3630 2296 haec

2061 2347 2274 2421 1m
2323 2347 2529 2402 Iudaeis
2573 2343 2796 2401 crimini
2869 2341 2989 2397 fore
3040 2339 3199 2396 duxit
3248 2335 3630 2393 Ninevitarum

2057 2439 2426 2496 obedientiam
2459 2456 2474 2492 :
2519 2444 2580 2492 ut
2613 2436 2709 2508 qui
2756 2433 2970 2490 homini
3007 2432 3195 2504 ignoto
3228 2437 3284 2485 et
3314 2429 3632 2499 alienigenas

2057 2531 2449 2596 credidissent,
2476 2543 2600 2584 cunt
2641 2525 2814 2582 Judaei
2840 2523 3146 2579 innumeris
3187 2519 3470 2592 prophetis
3498 2533 3635 2574 con-

2059 2619 2356 2677 tribulibus
2382 2619 2498 2674 suis
2518 2655 2534 2684 ,
2562 2614 2770 2672 crebris
2815 2627 2940 2668 cum
2971 2608 3254 2666 miraculis
3283 2606 3635 2662 vaticinanti-

2057 2711 2210 2777 bus,
2267 2708 2491 2766 assidue
2553 2705 3003 2776 refragarentur,
3064 2700 3380 2768 nullamque
3428 2696 3498 2752 ab
3529 2696 3634 2754 'eis

2058 2819 2218 2874 opem
2257 2800 2551 2858 referrent.
2587 2797 2666 2851 Ea
2698 2797 2768 2852 de
2799 2808 2971 2850 causa
3001 2807 3112 2848 non
3146 2790 3332 2847 statim
3365 2788 3636 2858 imperata

2059 2893 2222 2956 fecit,
2254 2892 2352 2948 sed
2387 2890 2526 2946 mari
2572 2903 2634 2945 se
2671 2889 2729 2943 in
2761 2887 2943 2958 fugam
2979 2884 3167 2946 dedit,
3203 2889 3393 2945 ratus,
3428 2878 3636 2934 indicto

2061 2984 2371 3041 ministerio
2399 2999 2460 3040 se
2493 2982 2747 3053 protinus
2774 2975 3169 3034 absolvendum
3204 2985 3354 3028 esse.
3402 2969 3638 3040 Naviga-

2062 3078 2230 3135 tionis
2257 3077 2421 3134 etiam
2453 3073 2717 3146 persolvit
2745 3069 3076 3132 mercedem,
3102 3079 3228 3121 cum
3277 3076 3458 3131 neque
3478 3059 3635 3114 dam-

386 3171 540 3218 σατο,
567 3152 799 3223 νομίσας
843 3152 926 3206 ὅτι
954 3151 1184 3221 τάχιστα
1215 3153 1313 3222 τῆς
1336 3151 1592 3222 τοιαύτης
1651 3151 1955 3223 ὑπουργίας

2065 3185 2194 3226 num
2220 3210 2237 3236 ,
2294 3167 2440 3238 quod
2491 3165 2620 3220 inde
2664 3161 3023 3222 incurrebat,
3066 3157 3221 3212 illum
3248 3154 3510 3209 cohibere
3540 3165 3640 3220 po-

382 3244 850 3316 ἀπαλλαγήσεται.
909 3243 1118 3297 Ἔδωκε
1157 3243 1214 3297 δὲ
1256 3244 1350 3296 καὶ
1389 3243 1480 3296 τὸν
1526 3243 1628 3313 τῆς
1682 3243 1956 3308 ναυτιλίας
1987 3243 2030 3264 “'
2063 3262 2278 3318 misseL
2321 3256 2400 3330 [4]
2429 3254 2820 3311 verumtamen
2847 3257 3008 3307 ιθηιω
3035 3255 3092 3304 ει
3123 3245 3295 3302 mal-i5
3326 3243 3632 3298 εωιοι-ιιω..

386 3335 601 3409 μισθὸν,
647 3335 770 3389 ούδέ
805 3335 906 3404 τῆς
944 3334 1195 3389 ἐντεῦθεν
1239 3335 1402 3389 αὑτὸν
1453 3333 1657 3405 ζημίας
1713 3337 1958 3406 ἐπισχεῖν

381 3429 724 3500 δυνηθείσης.
767 3427 953 3482 Ἀλλ’ό
991 3429 1116 3500 γῆς,
1147 3428 1242 3482 καὶ
1274 3427 1564 3497 θαλάττης,
1607 3426 1839 3480 καὶτῶν
1876 3427 1960 3480 οὑ-

387 3521 567 3594 ρανῶν
595 3523 852 3592 Ποιητὴς,
893 3520 1095 3592 ἐγείρει
1136 3519 1278 3574 κατὰ
1307 3519 1401 3573 τοῦ
1431 3521 1671 3588 σκάφους
1692 3518 1955 3584 κλύδωνα,

385 3617 482 3669 καὶ
514 3614 584 3669 τά
614 3614 654 3647 ⁸⁷
683 3613 792 3666 τῶν
812 3612 1073 3683 κυμάτων
1112 3610 1428 3682 περιϐάλλει
1452 3609 1530 3678 τῷ
1567 3609 1736 3680 πλοίῳ
1761 3609 1957 3680 δεσμὰ,

385 3707 483 3761 καὶ
537 3704 646 3759 τῶν
695 3704 870 3758 ἄλλων
898 3703 1117 3759 πάντων
1146 3702 1406 3771 ἐξουρίων
1460 3701 1796 3772 φερομένων,
1831 3700 1961 3771 περὶ

383 3799 543 3852 τοῦτο
571 3797 729 3869 μόνον
755 3796 816 3849 τὸ
841 3795 1018 3849 πλοῖον
1046 3795 1254 3865 ἐγίνετο
1283 3795 1382 3866 τῆς
1408 3794 1676 3866 θαλάττης
1731 3795 1765 3866 ἡ
1799 3793 1958 3864 ζάλη,

387 3888 482 3942 καὶ
517 3887 576 3941 τὸ
621 3885 796 3957 ῥόθιον
823 3883 954 3948 ἔξει.
982 3885 1094 3939 Καὶ
1141 3883 1298 3938 τοῦτο
1339 3885 1488 3956 ἡμᾶς
1519 3885 1628 3937 τῶν
1672 3885 1884 3938 ναυτῶν
1934 3885 1964 3939 ό

385 3978 588 4048 κλῆρος
617 3976 856 4030 διδάσκει
886 3974 1072 4044 σαφῶς
1102 3989 1120 4005 ο
1148 3974 1208 4026 ού
1248 3973 1356 4044 γάρ
1389 3973 1476 4036 ἂν,
1503 3972 1662 4042 εἴπερ
1689 3973 1866 4036 κοινὸς
1893 3969 1962 4044 ἦν

384 4073 416 4125 ὁ
441 4069 666 4131 κλύδων,
717 4067 901 4137 κλήρῳ
933 4065 1124 4135 μαθεῖν
1168 4063 1533 4134 ἐπεχείρησαν
1575 4063 1668 4115 τὸν
1703 4061 1797 4115 τοῦ
1836 4063 1962 4116 κλύ-

387 4163 554 4225 δωνος
599 4162 770 4213 αἴτιον
795 4176 809 4189 ·
849 4157 962 4211 ἀλλ’
989 4156 1175 4228 ἐπειδὴ
1197 4157 1324 4218 τοὺς
1349 4155 1539 4219 ἄλλους
1584 4155 1771 4224 ἐώρων
1815 4155 1965 4209 ἀκιν-

387 4253 560 4316 δύνως
603 4251 986 4321 διατέμνοντας
1015 4248 1114 4318 τῆς
1152 4246 1419 4316 θαλάττης
1446 4246 1514 4300 τά
1562 4246 1728 4311 νῶτα,
1762 4246 1861 4318 τὴν
1905 4248 1964 4301 δέ

337 4342 343 4348 ’
390 4345 662 4417 σφετέραν
685 4343 883 4397 ὁλκάδα
917 4341 1251 4412 βαλλομένην
1280 4342 1402 4402 ταῖς
1446 4339 1788 4410 τρικυμίαις,
1822 4337 1966 4410 πρῶ-

389 4455 482 4490 τον
529 4435 628 4504 μὲν
678 4433 976 4504 ἐτράποντο
1009 4431 1145 4502 πρὸς
1195 4431 1380 4501 εὐχὰς,
1405 4430 1465 4482 ὃν
1490 4429 1719 4494 ἕκαστος
1748 4429 1964 4500 ἐνόμιζε

2057 3369 2166 3426 que
2202 3351 2392 3422 Opifex
2429 3349 2693 3404 adversus
2735 3359 2928 3400 navem
2969 3340 3176 3396 excitat
3208 3342 3589 3406 tempestatem
3618 3370 3636 3397 ,

2059 3447 2436 3512 ﬂuctuumque
2473 3440 2622 3494 illam
2657 3435 2897 3491 vinculis
2947 3428 3294 3497 circumligat
3324 3443 3339 3480 :
3399 3438 3638 3493 cumque

2059 3551 2250 3594 omnes
2283 3535 2402 3589 alia:
2429 3544 2598 3586 naves
2631 3525 2881 3584 secundo
2910 3532 3072 3579 vento
3100 3533 3328 3575 cursum
3361 3521 3635 3577 tenerent,

2060 3631 2118 3686 in
2167 3630 2312 3684 hanc
2369 3639 2533 3680 unam
2584 3625 2883 3690 tempestas
2927 3613 3098 3670 maris
3143 3609 3520 3672 incumbebat,
3577 3612 3636 3660 et

2060 3723 2321 3779 fluctuum
2358 3717 2592 3788 impetus
2630 3709 3036 3770 eil'ervescebat.
3099 3704 3282 3775 Atque
3327 3702 3434 3758 hoc
3477 3701 3642 3788 plane

2062 3827 2185 3869 sors
2230 3787 2520 3865 nautarum
2569 3817 2672 3860 nos
2750 3800 2933 3855 docet.
2977 3794 3057 3868 [5}
3111 3793 3302 3864 Neque
3349 3790 3532 3856 enim,
3592 3787 3642 3843 si

2063 3900 2373 3958 communis
2407 3897 2602 3952 fuisset
2642 3897 2974 3961 tempestas,
3037 3885 3158 3954 ejus
3209 3895 3436 3936 causam
3491 3883 3641 3934 sorte

2063 3991 2372 4062 disquirere
2415 3984 2658 4056 aggressi
2683 3974 2984 4036 fuissent:
3026 3975 3123 4032 sed
3170 3989 3293 4028 cum
3345 3972 3484 4026 alios
3520 3969 3644 4024 sine

2061 4081 2310 4154 periculo
2339 4076 2508 4132 maris
2531 4075 2696 4130 dorsa
2726 4078 2980 4126 secantes
3009 4065 3282 4129 viderent,
3317 4075 3474 4117 suam
3509 4073 3642 4113 vero

2063 4145 2383 4225 decumanis
2431 4161 2691 4218 fluctibus
2731 4155 2970 4228 agitari,
3018 4153 3256 4223 primum
3295 4147 3514 4219 quidem
3568 4145 3641 4200 ad

2063 4273 2257 4331 preces
2281 4252 2535 4310 conversi
2563 4257 2715 4316 sunt,
2747 4260 2911 4318 quem
2944 4244 3181 4315 quisque
3208 4240 3377 4296 Deum
3412 4237 3644 4308 putabat

2066 4327 2425 4408 invocantes:
2457 4341 2656 4400 deinde
2687 4354 2813 4395 cum
2845 4338 3053 4393 nullam
3090 4333 3220 4390 inde
3262 4329 3461 4387 salutis
3491 4327 3639 4382 viam

2067 4441 2403 4505 invenirent,
2433 4435 2630 4492 Jonam
2670 4447 2862 4490 somno
2894 4429 3180 4486 astrictum
3209 4424 3477 4481 excitant.
3503 4416 3640 4474 Nam

392 4526 525 4580 Θεὸν
558 4524 889 4586 ἱκετεύοντες
921 4539 934 4553 ·
965 4523 1155 4575 οὐδένα
1199 4521 1258 4573 δὲ
1307 4522 1472 4592 πόρον
1501 4520 1543 4552 ⁸⁸
1589 4521 1863 4592 σωτηρίας
1891 4522 1961 4573 ὲν-

2071 4529 2436 4610 conscientiae~
2471 4524 2708 4582 stimulis
2753 4530 3028 4585 vexatus,
3077 4533 3142 4572 ac
3195 4513 3460 4571 maestitia
3506 4524 3643 4565 con-

393 4617 584 4671 τεῦθεν
641 4616 1008 4687 εὑρίσκοντες,
1045 4613 1197 4684 ὕπνῳ
1231 4613 1323 4666 τὸν
1367 4614 1551 4667 Ἰωνᾶν
1607 4613 1971 4684 κατεχόμενον

393 4707 806 4777 ἁφυπνίζουσιν.
847 4705 982 4758 Ὑπὸ
1003 4703 1112 4774 γάρ
1141 4703 1236 4756 τοῦ
1268 4703 1564 4767 συνειδότος
1582 4704 1970 4774 κεντούμενος,

395 4801 492 4854 καὶ
536 4802 602 4869 τῇ
636 4796 844 4868 ἀθυμίᾳ
897 4795 1245 4866 βαλλόμενος,
1294 4794 1390 4848 καὶ
1434 4794 1540 4846 τῶν
1564 4793 1843 4864 λογισμῶν
1873 4797 1974 4858 τὰς

395 4891 586 4954 ἀκίδας
634 4890 695 4942 οὐ
728 4887 929 4958 φέρων,
962 4887 1347 4956 ἐμηχανήσατο
1389 4886 1489 4954 τὴν
1514 4885 1620 4939 ὑπὸ
1662 4885 1755 4938 τοῦ
1804 4885 1972 4939 ὕπνου

397 4980 748 5052 παραψυχήν.
777 4978 886 5032 Καὶ
914 4975 1169 5030 τοσούτου
1195 4975 1338 5029 κατὰ
1390 4975 1484 5028 τοῦ
1525 4975 1767 5044 σκάφους
1796 4993 1972 5046 γιγνο-

402 5072 562 5143 μένου
596 5070 849 5142 θορύϐου,
883 5066 992 5120 τῶν
1019 5066 1282 5136 κυμάτων
1324 5065 1524 5132 ἔξωθεν
1557 5069 1974 5138 προσρηγνυμέ-

397 5181 526 5228 νων,
571 5164 663 5216 καὶ
690 5161 800 5214 τῶν
835 5149 1045 5214 ναυτῶν
1094 5157 1304 5211 ἔνδοθεν
1335 5158 1773 5228 ταραττομένων,
1814 5160 1974 5223 αὑτὸς

399 5256 498 5325 οὺχ
523 5251 710 5316 ἁπλῶς
739 5251 861 5304 οὑδὲ
893 5247 1128 5321 μετρίως
1152 5245 1461 5313 ἐκάθευδεν,
1501 5248 1639 5302 ἀλλά
1666 5249 1821 5319 βαθεῖ
1849 5246 1999 5305 κατέ

403 5348 659 5417 εχόμενος
694 5344 846 5412 ὕπνῳ
893 5342 987 5395 καὶ
1044 5340 1291 5410 έρεγχεν,
1340 5342 1416 5402 ὼς
1449 5340 1610 5404 αὐτὸς
1657 5341 1978 5412 συγγράψας

405 5439 662 5504 ἐδίδαξεν.
701 5434 863 5488 Ἀλλά
895 5433 1257 5503 διαναστήσας
1303 5432 1467 5486 αὐτὸν
1512 5435 1542 5486 ὁ
1594 5436 1866 5504 πρῳρεὺς,
1917 5437 1978 5490 τὸ

411 5531 508 5602 μέν
539 5529 754 5602 πρῶτον
780 5524 944 5597 εὑχάς
975 5524 1306 5596 προσφέρειν
1335 5525 1410 5579 τῶ
1444 5525 1630 5598 οἰκείῳ
1689 5527 1806 5600 Θεῷ
1855 5548 1979 5584 κατ-

2069 4624 2267 4684 fectus,
2297 4605 2688 4690 cogitationum
2718 4628 2944 4671 suarum
2977 4609 3200 4665 aculeos
3232 4605 3372 4661 ferre
3405 4617 3516 4658 non
3547 4614 3646 4654 va-

2070 4717 2188 4772 lens
2215 4752 2231 4775 .
2259 4709 2696 4767 consolationem
2752 4704 2995 4776 captavit
3042 4716 3106 4756 ex
3155 4709 3374 4754 somno.
3415 4691 3644 4746 Etcum

2069 4816 2257 4862 tantus
2273 4805 2328 4859 in
2351 4801 2474 4858 navi
2503 4811 2649 4856 esset
2665 4797 2956 4861 tumultus,
2979 4801 3034 4848 et
3062 4791 3264 4846 ﬂuctus
3281 4785 3646 4841 alliderentur

2071 4898 2441 4962 extrinsecus,
2471 4899 2761 4961 nautaeque
2792 4889 2940 4943 intus
2969 4882 3447 4956 perturbarentur'
3474 4918 3488 4942 ,
3529 4875 3649 4945 ipse

2073 4988 2294 5046 interim
2344 5001 2455 5040 non
2490 4997 2683 5053 parum
2726 4993 2826 5034 nec
2864 4975 3060 5032 leviter
3089 4968 3403 5027 dormiebat
3449 4981 3463 5018 :
3509 4965 3646 5034 quin

2081 5077 2294 5150 1465
2312 5074 2532 5130 arctiori
2555 5084 2747 5127 somno
2763 5078 3060 5136 oppressus
3088 5060 3254 5115 etiam
3286 5055 3568 5118 stertebat,
3591 5060 3650 5108 ut

2080 5149 2309 5240 ipsemet
2330 5164 2549 5233 scriptis
2570 5161 2685 5217 suis
2712 5156 2974 5213 ostendit.
2998 5151 3074 5225 [6]
3096 5149 3203 5206 Sed
3230 5163 3356 5203 eum
3373 5162 3439 5203 ex
3454 5159 3651 5202 somno

2078 5235 2204 5315 eum
2268 5257 2562 5313 excitasset
2611 5255 2849 5320 proreta,
2919 5246 3156 5315 primum
3199 5253 3398 5310 preces
3452 5235 3652 5290 offerre

2076 5350 2186 5406 Deo
2212 5363 2312 5404 suo
2339 5345 2535 5414 coegit,
2578 5342 2837 5412 ignorans
2876 5337 3058 5406 fugam
3103 5333 3246 5385 hanc
3289 5329 3369 5384 illi
3395 5327 3649 5382 fiduciam

2077 5440 2373 5497 ademisse.
2407 5434 2486 5509 [7]
2517 5434 2763 5502 Cumque
2789 5444 2859 5484 ne
2886 5427 2968 5482 sic
2994 5422 3215 5494 quidem
3242 5417 3481 5490 pericula
3497 5413 3652 5469 desi-

2079 5540 2292 5599 nerent,
2321 5537 2469 5586 sorte
2487 5525 2704 5582 tandem
2730 5519 3043 5595 perdiscere
3065 5509 3402 5584 tempestatis
3427 5517 3649 5562 causam

1682 5686 1914 5744 VARle
1956 5685 2362 5746 LECTIONES.

482 5780 524 5812 "
555 5779 642 5834 τά.
668 5777 788 5832 Des.
825 5776 878 5830 in
911 5776 1001 5839 (3.,
1051 5774 1093 5806 ⁸⁸
1119 5771 1196 5826 id.
1232 5772 1406 5830 πόνον.
