4088 6458
448 414 578 481 1731

1402 396 1886 462 THEODORETI
1916 393 2254 455 EPISCOPI
2283 393 2645 455 CYRENSIS

3567 377 3708 443 1732

445 529 629 586 cordis
677 525 885 585 mentio
927 523 1177 580 umbram
1206 518 1448 576 ostendit
1497 517 1732 575 similem
1771 513 2043 572 veritati-

2142 511 2306 581 ινήμη
2339 509 2582 564 δείκνυσι
2609 509 2709 580 τὴν
2737 507 2895 562 σκιὰν
2927 509 3170 562 ἐοικυῖαν
3200 509 3268 577 τῇ
3301 501 3531 573 ἀληθείᾳ
3549 514 3563 528 ·
3592 512 3706 552 πο-

448 617 705 672 Flumina
735 629 866 671 vero
903 612 1165 668 ﬂuctuum
1197 603 1434 681 impetus
1461 607 1718 679 appellat.

523 725 542 757 ‹
565 707 769 762 Omnes
813 701 1143 760 elevationes
1173 710 1280 755 tuae
1303 707 1359 755 et
1378 698 1576 754 ﬂuctus
1605 697 1685 753 tui
1735 710 1900 766 super
1932 709 2018 750 me

2124 602 2351 672 ταμοὺς
2377 603 2435 655 δέ
2461 602 2612 671 λέγει
2645 600 2754 654 τῶν
2785 600 3048 671 κυμάτων
3074 600 3175 663 τὰς
3202 594 3526 668 προσϐολάς.

2201 711 2221 745 ι
2257 693 2466 756 Πάντες
2507 696 2558 746 οι
2599 691 2965 764 μετεωρισμοί
3017 708 3110 744 σου
3144 689 3236 743 καὶ
3260 687 3331 741 τὰ
3354 683 3578 756 κύματά
3608 696 3706 735 σου

450 795 806 850 transierunt.
868 790 1069 861 (Vens.
1101 789 1194 860 5.)
1249 788 1366 861 Ego
1399 788 1515 844 dixi
1547 807 1560 842 ε
1588 787 1852 858 Abjectus
1899 799 2019 841 sum

2142 786 2216 838 ἐπ’
2247 783 2348 854 ἐμὲ
2400 783 2639 853 διῆλθον.
2697 781 2806 853 (ε’.)
2851 781 3022 850 Κάγὼ
3068 776 3257 834 εἶπον·
3319 776 3609 844 Ἀπῶσμαι
3643 771 3711 835 ἐξ

450 901 516 941 ει
556 885 730 939 oculis
784 882 912 938 tuis.
948 902 967 934 ι
1006 880 1274 935 Malorum
1322 878 1614 935 insolentia
1663 877 2025 941 constrictus,

451 985 504 1032 et
526 976 619 1046 qui
648 973 811 1045 paulo
843 981 970 1029 ante
1006 971 1269 1027 ﬂuctibus
1299 971 1550 1026 sublimis
1593 968 1829 1031 ferebar,
1877 980 2028 1022 nunc

452 1073 709 1134 tanquam
742 1065 797 1118 in
825 1077 1048 1118 carcere
1079 1063 1134 1116 in
1175 1069 1366 1116 ventre
1407 1060 1513 1116 ceti
1559 1060 1876 1124 conclusus,
1903 1072 2027 1133 Ico-

451 1156 612 1227 gnovi
651 1155 798 1225 quod
850 1153 1199 1224 providentia
1230 1161 1323 1206 tua
1355 1152 1622 1223 spoliatus
1651 1152 1781 1220 sim,
1819 1158 1876 1206 et
1903 1163 2028 1221 pro-

452 1257 637 1317 pterea
661 1247 778 1302 haec
807 1246 993 1301 omnia
1027 1244 1350 1300 sustineam.

528 1441 548 1474 ι
573 1421 657 1476 An
683 1421 919 1492 amplius
975 1418 1172 1475 videbo
1201 1417 1465 1487 templum
1521 1422 1771 1486 sanctum
1816 1424 1970 1470 tuum
2003 1412 2028 1466 ?

457 1510 644 1583 (Vens.
665 1509 746 1579 6.)
777 1506 1123 1564 Circumfusa
1156 1514 1240 1561 est
1267 1505 1397 1560 mihi
1442 1517 1585 1573 aqua
1611 1517 1786 1573 usque
1811 1501 1879 1556 ad
1909 1500 2030 1556 ani-

457 1617 602 1657 mam
622 1614 796 1654 meam
819 1599 1079 1670 :abyssus
1094 1595 1316 1650 vallavit
1330 1609 1414 1650 me
1433 1593 1753 1648 novissima.
1779 1610 1799 1644 ›
1816 1592 2032 1663 Abysso

463 1692 886 1753 circumsessus,
935 1689 991 1742 in
1048 1686 1336 1756 medioque
1387 1683 1707 1740 immanium
1761 1699 2030 1755 aquarum

464 1783 680 1856 14.69
729 1782 942 1852 positus
989 1780 1190 1845 haereo,
1225 1793 1290 1834 ac
1330 1792 1546 1843 vereor,
1582 1791 1653 1833 ne
1683 1776 2032 1848 optatissimo

460 1872 591 1927 mihi
627 1870 811 1940 templi
847 1868 925 1924 tui
957 1873 1255 1938 conspectu
1287 1867 1508 1938 penitus
1539 1881 1778 1922 caream.

531 2045 696 2102 Vens.
720 2046 775 2102 7.
815 2064 835 2098 ι
893 2043 1124 2100 Intravit
1170 2049 1338 2113 caput
1377 2057 1559 2097 meum
1622 2041 1692 2097 ad
1753 2045 2036 2098 scissuras

460 2138 760 2203 montium,
814 2136 1075 2193 descendi
1125 2134 1182 2190 in
1211 2141 1440 2198 terram,
1478 2133 1642 2203 cujus
1683 2142 1870 2188 vectes
1904 2141 2038 2189 sunt

464 2231 772 2288 retinacula
805 2229 1167 2300 sempiterna.
1207 2245 1226 2279 ι
1260 2223 1440 2280 Video
1476 2225 1625 2280 enim
1661 2242 1746 2281 me
1781 2225 2038 2282 maximis

463 2323 795 2396 quibusdam
850 2321 1131 2377 montibus
1180 2317 1623 2381 circumdatum,
1678 2325 1734 2374 et
1798 2317 2040 2389 undique

465 2415 740 2487 repagulis
762 2412 1095 2468 ﬁrmissimis
1118 2409 1569 2466 circumclusum.
1593 2409 1698 2464 Per
1718 2409 1833 2465 haec
1855 2417 2039 2465 autem

467 2524 578 2564 non
606 2505 766 2562 modo
803 2505 910 2561 ceti
946 2502 1380 2575 magnitudinem
1423 2501 1700 2572 designat,
1731 2500 1827 2557 sed
1871 2504 2040 2556 etiam

465 2597 676 2654 nullum
703 2593 960 2665 ell'ugium
983 2592 1158 2648 luisse
1185 2591 1481 2656 malorum,
1505 2590 1708 2661 quibus
1728 2589 2038 2644 tenebatur.

467 2687 781 2745 Verisimile
817 2692 899 2740 est
928 2699 1093 2757 porro
1113 2684 1269 2738 illum
1316 2684 1482 2737 etiam
1524 2690 1741 2736 montes
1773 2681 2040 2751 quosdam

469 2779 686 2845 dicere,
724 2779 824 2850 qui
883 2777 1118 2832 marinis
1165 2774 1326 2845 aquis
1378 2773 1727 2844 tegebantur,
1779 2773 1846 2827 ad
1901 2786 2042 2842 quos

466 2873 742 2928 interdum
764 2870 937 2924 allisa:
963 2883 1133 2924 naves
1157 2865 1605 2935 conl‘ringuntur,
1629 2879 1863 2934 quorum
1889 2862 2044 2932 gnari

466 2964 686 3018 nautas‘
713 2975 848 3016 saxa
886 2959 991 3014 sub
1041 2956 1183 3010 mari
1248 2953 1477 3008 latentia
1509 2950 1752 3021 effugere
1796 2950 2040 3005 student.

543 3070 564 3104 ι
601 3051 668 3106 Ει
714 3048 984 3107 ascendat
1039 3045 1110 3101 de
1156 3041 1516 3112 corruptione
1559 3040 1671 3093 vita
1722 3053 1842 3093 mea
1873 3037 1941 3091 ad
1969 3045 2044 3104 te,

2123 873 2419 946 ὀφθαλμῶν
2450 892 2564 929 σου.
2598 893 2617 925 ι
2648 875 2728 944 Τῇ
2758 873 2868 928 τῶν
2896 872 3082 926 κακῶν
3105 870 3469 940 κατεχόμενος
3502 865 3706 937 ἀωρίᾳ.

2133 965 2226 1018 καὶ
2255 964 2425 1017 πάλαι
2457 965 2557 1034 μὲν
2593 963 2867 1034 μετέωρος
2895 963 3001 1016 ὑπδ
3039 962 3146 1016 τῶν
3171 961 3434 1032 κυμάτων
3466 957 3705 1028 φερόμεο

2129 1070 2238 1118 νος,
2270 1052 2365 1106 νῦν
2391 1052 2448 1105 δέ
2479 1053 2556 1116 ὼς
2585 1054 2645 1105 ἐν
2681 1051 3041 1121 δεσμωτηρίῳ
3074 1052 3133 1104 ἐν
3178 1052 3242 1121 τῇ
3278 1048 3457 1118 κοιλίᾳ
3486 1045 3581 1099 τοῦ
3607 1045 3712 1114 κή-

2126 1161 2255 1207 τους
2303 1142 2730 1214 καθειργόμενος
2751 1141 2820 1209 ³⁵,
2853 1142 3025 1210 ἐγνων
3057 1142 3139 1194 ὅτι
3167 1141 3270 1211 τῆς
3307 1139 3408 1209 σῆς
3459 1134 3712 1206 ἐγυμνώ-

2131 1235 2231 1305 θην
2265 1235 2544 1304 προνοίας,
2568 1234 2664 1288 καὶ
2690 1233 2879 1289 τούτου
2908 1233 3068 1304 χάριν
3089 1232 3297 1287 τούτων
3318 1232 3549 1286 ἕκαστον
3575 1230 3716 1283 ὑπο-

2134 1325 2302 1396 μένω.

2209 1434 2228 1467 ι
2269 1410 2422 1485 τΔρα
2449 1413 2744 1487 προσθήσω
2771 1413 2866 1468 τοῦ
2895 1413 3184 1486 ἐπιϐλέψαι
3213 1430 3283 1484 με
3307 1412 3445 1484 πρὸς
3466 1411 3596 1465 ναὸν
3619 1410 3715 1464 τὸν

2133 1505 2287 1574 ἅγιόν
2323 1523 2455 1573 σονς
2509 1504 2633 1577 (ς’.)
2681 1504 2986 1577 Περιεχύθη
3041 1521 3132 1576 μοι
3175 1503 3322 1574 ὓδωρ
3371 1501 3476 1564 ἕως
3528 1500 3716 1570 ψυχῆς

2139 1615 2273 1669 μου,
2317 1598 2553 1661 ἄδυσσος
2599 1596 2878 1650 ἐκύκλωσέ
2924 1614 2993 1667 με
3036 1595 3262 1666 ἐσχάτη.
3304 1613 3322 1646 ι
3375 1593 3499 1646 ⁹Υπ’
3538 1591 3717 1658 αὐτῆς

2134 1689 2244 1759 γὰρ
2261 1689 2359 1759 τῆς
2383 1687 2622 1742 ἀϐύσσου
2644 1687 3033 1757 κυκλούμενος,
3059 1687 3154 1742 καὶ
3179 1687 3238 1740 ἐν
3264 1685 3416 1756 μέσῳ
3438 1683 3718 1737 τοσούτων

2137 1780 2348 1835 ὑδάτων
2376 1778 2760 1849 γεγενημένος,
2792 1777 3075 1847 ἐνδοιάξω,
3102 1777 3196 1832 καὶ
3235 1772 3382 1830 δέδια
3411 1774 3485 1845 μὴ
3514 1790 3720 1827 παντε-

2069 1867 2116 1924 Β
2143 1868 2249 1932 λῶς
2282 1868 2530 1942 στερηθῶ
2569 1868 2670 1938 τῆς
2715 1867 3020 1938 ἐπεράστου
3065 1884 3155 1938 μοι
3188 1865 3424 1937 θεωρίας
3469 1863 3566 1918 τοῦ
3616 1862 3719 1916 σοῦ

2137 1979 2265 2017 ναου
2273 2000 2288 2016 ο

2209 2049 2273 2117 ζ’.
2312 2071 2331 2103 ι
2369 2051 2500 2104 Ἐδυ
2525 2053 2557 2122 ή
2587 2049 2797 2120 κεφαλή
2833 2067 2934 2120 μου
2966 2050 3049 2114 είς
3070 2049 3310 2120 σχισμὰς
3333 2048 3526 2118 ὀρέων,
3550 2048 3648 2101 καὶ
3673 2047 3721 2078 ⁸⁵

2137 2143 2374 2214 κατέϐην
2405 2143 2486 2206 εἰς
2530 2143 2654 2212 γῆν,
2695 2135 2762 2212 ἦς
2804 2141 2854 2193 οἱ
2901 2138 3089 2211 μοχλοὶ
3129 2139 3302 2210 αὐτῆς
3331 2139 3549 2208 κάτοχοι
3580 2135 3724 2192 αἰώ-

2137 2251 2256 2288 νιοι.
2302 2251 2321 2285 ι
2366 2232 2510 2303 Ὀρῶ
2534 2232 2643 2303 γὰρ
2671 2229 2906 2302 ἐμαυτὸν
2938 2231 3044 2284 ὑπό
3070 2247 3230 2284 τινων
3260 2229 3405 2302 ὀρῶν
3433 2227 3717 2300 μεγίστων

2141 2321 2530 2392 κυκλούμενον,
2580 2321 2674 2374 καὶ
2709 2320 2929 2391 μοχλοῖς
2958 2337 3100 2374 τισιν
3140 2319 3410 2392 ἀρῤαγέσι
3447 2318 3727 2388 πανταχό-

2141 2415 2232 2470 θεν
2281 2413 2762 2486 περιειργόμενον·
2817 2412 3112 2467 αίνίττεται
3157 2412 3215 2466 δέ
3258 2411 3347 2466 διὰ
3406 2411 3613 2464 τούτων
3659 2411 3724 2462 οὐ

2145 2508 2304 2579 μόνον
2335 2505 2428 2560 τοῦ
2458 2506 2660 2578 κήτους
2697 2505 2759 2559 τὸ
2804 2505 3054 2576 μέγεθος,
3085 2503 3222 2558 ἀλλὰ
3256 2505 3348 2557 καὶ
3379 2501 3441 2556 τὸ
3474 2501 3726 2572 ἄφυκτον

2141 2598 2248 2649 τῶν
2280 2597 2619 2666 κατεχόντων
2650 2594 2836 2649 κακῶν
2857 2612 2869 2626 ·
2894 2596 3039 2659 είκδς
3066 2595 3124 2648 δέ
3145 2595 3239 2648 καὶ
3265 2595 3368 2666 ὅρη
3394 2594 3515 2649 τινὰ
3537 2593 3729 2661 λέγειν

2139 2688 2210 2741 τά
2246 2690 2356 2752 τοῖς
2393 2686 2549 2740 ὓδασι
2580 2689 2693 2751 τοῖς
2722 2685 3030 2750 θαλαττίοις
3053 2686 3430 2757 κρυπτόμενα,
3461 2681 3542 2750 οἷς
3572 2685 3728 2738 ἐστιν

2141 2780 2229 2833 ὅτε
2276 2779 2370 2831 καὶ
2417 2777 2486 2831 τὰ
2538 2778 2724 2848 σκάφη
2757 2776 3216 2848 προσρηγνύμενα
3249 2775 3646 2848 διαφθείρεται,
3691 2773 3728 2827 ἃ

2144 2869 2332 2938 σαφῶς
2369 2869 2420 2921 ot
2451 2867 2646 2922 ναῦται
2679 2868 3064 2937 γινώσκοντες,
3092 2868 3192 2933 τὰς
3229 2867 3465 2937 ὑφάλους
3513 2865 3728 2937 πέτρας

2142 2960 2457 3031 διαφεύγειν
2489 2959 2874 3023 σπουδάζουσι.

2221 3073 2239 3105 ‹
2269 3052 2378 3105 Καὶ
2408 3051 2666 3122 ἀναῦήτω
2703 3052 2767 3103 ἐκ
2800 3049 3008 3121 φθορᾶς
3055 3049 3091 3120 ἡ
3137 3048 3251 3120 ζωή
3302 3065 3405 3119 μου
3447 3048 3586 3120 πρὸς
3638 3047 3724 3112 σέ,

469 3143 699 3200 Domine
729 3142 876 3197 Deus
912 3139 1007 3193 mi.
1037 3134 1251 3208 (Vens.
1281 3134 1362 3205 8.)
1402 3132 1538 3189 Cum
1574 3130 1833 3186 deﬁceret
1872 3128 1930 3183 in
1958 3141 2043 3182 me

2147 3144 2342 3215 Κύριε,
2376 3143 2405 3194 ό
2437 3141 2569 3205 Θεός
2595 3159 2721 3212 μου.
2761 3141 2878 3212 (η’.)
2925 3142 3015 3195 Ἐν
3043 3140 3122 3212 τῷ
3150 3139 3424 3193 ἐκλείπειν
3451 3140 3547 3193 ἀπ’
3583 3137 3726 3208 ἐμοῦ

472 3237 655 3304 anima
684 3249 828 3301 mea,
856 3230 1075 3286 Domini
1107 3227 1442 3285 recordatus
1486 3241 1632 3292 sum,
1661 3231 1716 3280 ct
1751 3223 1936 3279 veniat
1972 3221 2042 3276 ad

2147 3200 2250 3305 τὴν
2297 3200 2476 3304 ψυχήν
2537 3200 2659 3302 μόυ,
2711 3200 2816 3285 τοῦ.
2854 3200 3061 3302 ίίυρίου
3093 3200 3414 3304 ἐμνήσθην,
3446 3229 3543 3283 καὶ
3580 3200 3728 3280 ἔλθοι

472 3338 526 3385 te
555 3327 737 3384 oratio
762 3338 882 3379 mea
914 3322 985 3378 ad
1021 3321 1286 3390 templum
1327 3325 1580 3373 sanctum
1628 3323 1805 3369 tuum.
1842 3333 1861 3366 ι
1897 3312 2047 3379 Quo-

472 3418 870 3488 niam,inquit,
909 3429 1036 3470 cum
1069 3413 1136 3468 ad
1169 3409 1371 3467 mortis
1393 3407 1542 3464 fores
1588 3422 1793 3470 essem,
1847 3405 1904 3459 in
1962 3402 2044 3458 tui

472 3510 810 3566 oblivionem
865 3507 1055 3563 venire
1104 3519 1191 3559 me
1246 3517 1446 3572 passus
1498 3516 1609 3555 non
1665 3513 1806 3564 sum,
1853 3498 1920 3552 ab
1945 3497 2048 3552 hac

474 3601 720 3672 pernicie
751 3599 1041 3653 liberatum
1075 3611 1186 3656 me,
1214 3593 1465 3656 Domine,
1494 3593 1550 3645 in
1589 3591 1759 3644 vitam
1793 3589 2046 3653 restitue,

475 3701 540 3748 ut
576 3706 772 3747 rursus
799 3690 854 3743 in
887 3687 1096 3756 templo
1135 3684 1239 3739 tibi
1271 3690 1601 3740 consecrato
1631 3682 1826 3737 solitas
1858 3695 2050 3752 preca-

477 3783 661 3837 tiones
696 3781 794 3834 tibi
825 3777 1076 3834 oﬂ‘eram.

551 3871 720 3926 Vsus.
753 3871 806 3926 9.
846 3887 865 3921 ι
890 3867 993 3934 Qui
1021 3867 1340 3924 custodiunt
1369 3881 1508 3921 vana
1541 3873 1594 3920 et
1616 3862 1924 3927 mendacia.
1948 3853 2043 3917 mi-

483 3962 842 4021 sericordiam
883 3976 1038 4017 suam
1064 3961 1430 4030 reliquerunt.
1469 3976 1488 4011 ι
1515 3955 1619 4023 Qui
1653 3970 1742 4010 res
1790 3953 1960 4009 falsas
1996 3961 2052 4009 et

481 4071 654 4112 vanas
702 4063 832 4110 sunt
859 4052 1064 4118 edocti,
1104 4051 1239 4107 sorti
1282 4049 1757 4120 obtemperantes,
1793 4061 1880 4102 me
1925 4061 2053 4101 cru-

481 4146 680 4202 deliter
716 4144 770 4198 in
803 4158 956 4198 mare
985 4143 1362 4212 coniecerunt.

553 4235 722 4290 Vens.
757 4233 842 4291 ιο.
885 4253 903 4285 ι
940 4233 1052 4304 Ego
1078 4243 1261 4288 autem
1292 4247 1416 4288 cum
1449 4245 1586 4286 voce
1634 4229 1814 4284 laudis
1841 4235 1896 4284 et
1917 4243 2052 4283 con-

484 4325 746 4383 fessionis
777 4326 1075 4380 immolabo
1117 4325 1250 4388 tibi,
1279 4337 1623 4393 quaecunque
1663 4322 1788 4377 vovi
1828 4320 2051 4374 reddam

483 4415 583 4470 tibi
615 4416 668 4468 in
695 4414 930 4469 salutem
961 4428 1160 4476 meam,
1186 4412 1441 4467 Domino.
1481 4431 1498 4464 ι
1531 4412 1576 4464 Α
1601 4412 1863 4482 periculis
1884 4413 2052 4473 enim,

2147 3325 2284 3396 πρὸς
2314 3323 2372 3376 σὲ
2417 3324 2450 3394 ή
2499 3322 2774 3394 προσευχὴ
2832 3339 2934 3392 μου
2981 3322 3132 3386 είς⁸⁸
3182 3321 3310 3376 ναὸν
3354 3319 3507 3390 ἅγιόν
3539 3337 3658 3372 σου.
3703 3337 3722 3370 ο

2159 3415 2400 3486 Ἐπειδὴ,
2431 3416 2586 3485 φησὶ,
2612 3414 2744 3485 παρ’
2763 3413 2932 3478 αὑτὰς
2953 3412 3029 3468 ὣν
3049 3413 3144 3468 τοῦ
3168 3413 3400 3468 θανάτου
3426 3413 3524 3476 τὰς
3549 3411 3730 3474 πύλας

2147 3505 2246 3576 τὴν
2270 3505 2400 3575 περὶ
2426 3501 2520 3556 σοῦ
2550 3503 2720 3573 λήθην
2751 3504 2808 3556 ἐν
2832 3503 2955 3572 ἐμοὶ
2982 3502 3234 3570 γενέσθαι
3263 3501 3363 3554 οὐκ
3386 3500 3720 3571 ἠνεσχόμην,

2148 3595 2352 3665 ταύτης
2386 3611 2477 3664 με,
2519 3593 2788 3660 Δέσποτα,
2834 3593 2936 3662 τῆς
2988 3593 3195 3664 φθορᾶς
3235 3590 3608 3663 ἐλευθερώσας
3643 3592 3728 3655 είς

2150 3690 2246 3760 τὴν
2271 3687 2414 3758 ζωὴν
2459 3667 2796 3755 ἐπανάγαγε,
2830 3686 2918 3741 ἵνα
2964 3687 3124 3742 πάλιν
3155 3688 3214 3741 ἐν
3250 3686 3329 3757 τῷ
3360 3686 3731 3757 άφιερωμένῳ

2153 3795 2235 3830 σοι
2269 3776 2382 3847 ναῷ
2407 3776 2505 3840 τὰς
2530 3775 2781 3847 συνήθεις
2818 3779 3128 3848 προσευχάς
3162 3777 3534 3847 προσενέγκω.

2223 3867 2288 3921 θ’.
2337 3887 2354 3920 ι
2390 3867 2789 3936 Φυλασσόμενοι
2836 3867 2904 3922 τὰ
2925 3867 2968 3898 ³⁷
3003 3868 3209 3939 μάταια
3239 3866 3542 3937 καὶψευδῆ,
3580 3865 3732 3920 ἐλεον

2153 3959 2332 4014 αὐτῶν
2356 3959 2400 3992 ³³
2453 3955 2824 4028 ἐγκατέλιπον.
2864 3979 2884 4012 ι
2946 3959 3010 4013 Οί
3056 3959 3126 4013 τὰ
3165 3959 3358 4030 ψευδῆ,
3425 3958 3581 4028 φησὶ,
3634 3959 3734 4012 καὶ

2158 4051 2366 4121 μάταια
2397 4049 2788 4119 δεδιδαγμένοι,
2818 4049 2897 4120 τῷ
2931 4049 3115 4122 κλήρῳ
3141 4049 3454 4114 πεισθέντες
3489 4049 3734 4120 ἀφειδῶς

2158 4161 2226 4214 με
2255 4145 2322 4213 τῇ
2357 4142 2592 4214 θαλάττῃ
2621 4143 2926 4215 παρέδοσαν
2951 4145 3018 4198 ³⁵³.

2231 4240 2280 4286 ι’.
2316 4252 2335 4286 ι
2387 4233 2528 4303 Ἐγὼ
2569 4235 2625 4288 δὲ
2660 4234 2801 4306 μετὰ
2847 4235 3033 4305 φωνῆς
3091 4232 3350 4296 αἰνέσεως
3401 4232 3495 4285 καὶ
3537 4230 3736 4300 ἐξομο-

2157 4326 2430 4397 λογήσεως
2465 4319 2612 4380 θύσω
2643 4344 2748 4391 σοι,
2783 4328 2884 4380 ὅσα
2930 4326 3183 4397 ηὐξάμην
3232 4323 3494 4378 ἀποδώσω
3536 4341 3618 4376 σοι
3649 4324 3734 4385 είς

2161 4417 2436 4488 σωτηρίαν
2489 4435 2589 4488 μου
2641 4417 2717 4488 τῷ
2768 4417 2978 4489 Κυρίῳ.
3016 4437 3034 4467 ι
3087 4415 3445 4484 Ἀπαλλαγεὶς
3472 4415 3582 4485 γὰρ
3619 4413 3735 4467 τῶν

484 4505 689 4574 quibus
712 4512 922 4566 teneor,
959 4503 1229 4557 liberatus
1260 4503 1531 4557 salutares
1581 4502 1792 4557 hostias
1825 4501 2043 4557 oll'eram

2159 4511 2498 4581 κατεχόντων
2527 4509 2742 4578 δεινῶν,
2762 4512 2860 4574 τὰς
2894 4511 3167 4581 σωτηρίας
3197 4525 3278 4562 σοι
3323 4508 3598 4578 προσοίσω
3636 4507 3737 4559 θυ-

485 4597 623 4660 tibi,
669 4609 936 4650 enarrans
1005 4605 1060 4649 et
1114 4595 1189 4647 tui
1233 4593 1446 4664 1470
1505 4593 1753 4647 beneﬁcii
1806 4594 2057 4660 magniﬁ-

483 4687 744 4751 centiam,
785 4694 840 4740 et
880 4683 1025 4753 fugae
1059 4698 1194 4738 meae
1245 4695 1656 4738 nocumentum.
1699 4683 1826 4737 Haec
1875 4692 2056 4736 autem

2158 4603 2300 4665 σίας,
2333 4602 2688 4672 διηγούμενος
2715 4602 2809 4654 καὶ
2828 4601 2873 4632 ¹⁵⁰
2903 4601 3004 4670 τῆς
3035 4599 3134 4668 σῆς
3159 4597 3476 4669 εὐεργεσίας
3498 4597 3598 4668 τὴν
3631 4613 3733 4666 με-

2154 4691 2508 4760 γαλουργίαν,
2543 4691 2638 4744 καὶ
2670 4691 2767 4761 τῆς
2798 4691 2935 4760 ἐμῆς
2969 4689 3144 4759 φυγῆς
3176 4687 3274 4758 τὴν
3307 4686 3534 4757 ζημίαν.
3569 4685 3738 4738 Ὑπο·

483 4775 767 4845 pollicitus
817 4775 1013 4828 beatus
1060 4771 1255 4840 Jonas,
1300 4780 1354 4827 et
1386 4772 1658 4842 promissa
1695 4771 1961 4840 implevit,
2003 4780 2043 4826 el

2157 4779 2421 4849 σχόμενος
2464 4780 2522 4834 δὲ
2566 4779 2740 4832 ταῦτα
2774 4781 2869 4832 καὶ
2910 4778 2953 4810 δι
2987 4778 3350 4850 πεπλήρωκεν
3388 4779 3416 4830 ὁ
3462 4774 3737 4846 μακάριος

486 4867 710 4936 scriptis
749 4865 934 4920 omnia
986 4863 1231 4930 tradidit,
1262 4871 1323 4919 ut
1375 4878 1487 4918 non
1549 4864 1726 4918 solum
1783 4863 2057 4929 homines,

486 4957 580 5027 qui
610 4965 724 5010 tum
763 4963 941 5022 erant,
971 4954 1072 5009 sed
1111 4954 1280 5010 etiam
1316 4951 1527 5024 posteri
1559 4966 1646 5006 res
1695 4951 1817 5021 ejus
1847 4968 2054 5025 cogno—

487 5055 722 5105 scerent.
747 5045 815 5101 Et
847 5045 1314 5117 quemadmodum
1367 5044 1562 5099 beatus
1596 5043 1768 5098 David
1811 5047 2058 5102 conscri-

489 5149 643 5210 ptum
674 5138 902 5208 reliquit
929 5151 1088 5192 suum
1127 5135 1387 5192 delictum
1413 5174 1429 5200 ,
1467 5134 1562 5190 Dei
1614 5135 2056 5191 misericordiam

490 5229 823 5302 praedicans,
855 5237 909 5284 et
951 5227 1315 5300 peccantibus
1361 5227 1700 5298 paenitentia:
1753 5229 2056 5283 remedium

488 5320 788 5376 ostendens
813 5337 827 5374 :
856 5321 937 5377 sic
961 5319 1232 5376 mirabilis
1259 5316 1428 5376 Jonas
1454 5326 1508 5374 et
1541 5317 1749 5391 fugam,
1778 5328 1834 5374 et
1870 5334 2061 5389 poenas

2111 4938 2117 4943 _
2169 4868 2373 4932 Ἰωνᾶς,
2405 4869 2500 4921 καὶ
2534 4872 2824 4940 συγγραφῇ
2857 4868 3174 4939 παρέδωκεν
3205 4867 3442 4930 ἅπαντα,
3487 4865 3629 4918 ὥστε
3655 4863 3737 4934 μὴ

2159 4959 2322 5031 μόνον
2347 4959 2473 5022 τοὺς
2496 4959 2751 5030 τηνικάδε
2781 4959 3123 5032 ἀνθρώπους,
3167 4957 3304 5013 ἀλλά
3333 4958 3430 5011 καὶ⁵
3464 4957 3590 5018 τοὺς
3615 4955 3737 5025 ὀψι-

2155 5053 2347 5122 γόνους
2372 5051 2442 5104 τὰ
2467 5051 2590 5104 κατ’
2619 5051 2783 5106 αὑτὸν
2819 5051 3032 5121 μαθεῖν.
3067 5051 3177 5106 Καὶ
3202 5049 3456 5120 καθάπερ
3486 5049 3521 5108 δ
3551 5048 3736 5119 μακάι

2159 5160 2275 5215 ριος
2309 5141 2473 5196 Δαϐὶδ
2505 5142 2854 5213 ἀνάγραπτον
2898 5141 3168 5212 πεποίηκε
3193 5140 3291 5210 τήν
3322 5140 3529 5194 οἰκείαν
3559 5140 3740 5208 ἀμαρ-

2158 5235 2300 5300 τίαν,
2331 5234 2424 5287 καὶ
2451 5233 2544 5286 τοῦ
2574 5233 2710 5288 Θεοῦ
2739 5234 2837 5306 τὴν
2863 5232 3275 5306 φιλανθρωπίαν
3303 5231 3612 5302 κηρύττων,
3642 5231 3740 5281 καὶ

2161 5326 2272 5387 τοῖς
2322 5323 2698 5393 ἁμαρτάνουσι
2733 5323 2804 5378 τὰ
2829 5324 3096 5395 φάρμακα
3140 5324 3239 5395 τῆς
3283 5322 3573 5393 μετανοίας
3599 5321 3737 5373 ὑπο-

1786 5450 2024 5506 VARUE
2063 5452 2468 5511 LECTIONES.

559 5572 603 5605 ³⁸⁸
631 5570 1107 5692 (Ξκαθεὶργμένος.
1214 5567 1258 5601 ³⁸
1285 5567 1401 5626 καί.
1445 5567 1571 5624 Des.
1628 5569 1683 5623 in
1731 5569 1793 5624 C.

567 5658 702 5693 παο.
734 5639 775 5693 C
796 5655 823 5693 a
867 5641 921 5693 ιΙ.
962 5635 1293 5693 ἀναφέρεται
1336 5637 1393 5689 δέ
1416 5639 1509 5690 καὶ
1537 5640 1630 5692 ἐπὶ
1657 5639 1748 5692 τὸν
1774 5641 1793 5692 1

489 5644 534 5675 ³⁹
567 5658 702 5712 παρ.
796 5655 823 5693 a

492 5774 672 5835 habet.
703 5781 792 5830 καὶ
821 5774 994 5828 ταῦτα
1024 5774 1406 5828 πεπλήοωκεν.

1903 5567 1950 5600 ³⁸
1983 5569 2162 5643 είς-Α
2185 5579 2238 5643 et
2266 5571 2306 5625 C
2330 5572 2486 5643 1:96;.

885 5635 940 5692 1’.“
962 5635 1293 5720 ἀναφέρεται
1336 5637 1400 5719 δέ
1416 5639 1509 5720 κα)
1537 5640 1630 5720 ἐπὶ
1657 5637 1980 5720 τὸνΑΚύριον
2010 5635 2603 5720 τοῦτοιάναμφιξόλως,
2652 5644 2808 5720 ήνίκα
2825 5641 2984 5720 παρά
3023 5642 3132 5696 τῶν
3161 5637 3508 5720 στρατιωτῶν
3530 5637 3736 5707 φυλατ-

489 5707 709 5780 τόμενος
737 5709 948 5780 ἀπέστη
976 5707 1083 5759 ἀπὸ
1109 5707 1218 5780 τῶν
1236 5707 1444 5776 νεκρῶν
1472 5707 1726 5773 ἀναῦιοὺς
1757 5707 2076 5777 θεοπρεπῶς

2585 5573 2627 5604 ³⁷
2657 5572 2748 5626 τά.
2799 5571 2926 5626 Des.
2983 5572 3039 5627 in
3067 5574 3112 5625 A
3150 5577 3205 5627 et
3233 5570 3298 5624 C.
3396 5568 3443 5600 ³⁸
3472 5565 3518 5620 Α
3545 5565 3734 5624 αὐτόν.

2171 5710 2218 5742 ¹⁸⁶
2259 5708 2371 5765 κάεξ
2413 5709 2537 5771 Des.
2569 5715 2625 5766 in
2653 5708 2718 5768 Ᾱ.
2797 5713 2838 5744 ⁵⁸
2874 5708 3054 5766 κάι-
3082 5708 3321 5782 πεπλήρ.
3345 5708 3388 5763 C
3419 5709 3533 5763 haec
3561 5721 3736 5777 pauca

3797 5302 3833 5332 ἦ
