4088 6418
439 391 576 457 173'}

1674 387 1755 448 IN
1790 382 2002 446 rom:
2056 383 2212 444 CAP.
2259 352 2408 444 ιιιζ

3548 387 3684 452 1736

435 515 683 578 δεικνύς*
727 516 898 581 οὕτως
933 518 961 570 ό
996 516 1297 588 θαυμάσιος
1331 509 1518 571 Ἰωνᾶς
1551 507 1646 560 καὶ
1684 506 1786 573 τὴν
1815 502 2013 572 φυγὴν,

2132 500 2186 554 ie
2209 515 2270 556 se
2299 511 2578 573 sumptas,
2604 512 2658 559 et
2683 503 2864 559 datam
2890 504 3124 560 salutem
3151 504 3395 560 historim
3423 506 3684 574 prodidit.

436 605 536 658 κάι
579 606 678 677 τὴν
725 607 1112 678 ἐπενεχθεῖσαν
1141 603 1290 675 αὐτῷ
1324 598 1617 672 τιμωρίαν,
1647 596 1741 649 καὶ
1768 595 1868 664 τὴν
1907 594 2012 646 δω-

441 698 702 770 ρηθεῖσαν
735 698 1010 770 σωτηρίαν
1042 696 1424 768 παραδέδωκεν
1459 687 1762 759 templa/0
1800 685 1855 738 δὲ
1890 683 2013 754 φιλ-

2120 589 2237 664 [ll]
2269 591 2590 650 Misericors
2615 609 2746 650 vero
2770 595 3039 651 Dominus
3067 609 3263 665 preces
3295 595 3618 662 exaudiens,
3654 611 3687 650 e

2124 691 2320 738 ventre
2353 686 2466 742 ceti
2504 685 2652 742 velut
2676 699 2742 743 ex
2773 687 3016 757 quodam
3043 686 3326 759 ergaStulo
3357 686 3685 757 prophetam

439 789 727 860 ἅνθρωπος
763 791 1044 859 Δεσπότης
1069 789 1368 858 δεξάμενος
1405 784 1504 855 τὴν
1534 779 1718 852 εὐχὴν,
1745 773 1856 831 οἷον
1907 776 2017 830 ἀπό
2116 772 2329 829 eduxit.

438 898 587 945 τινος
614 881 837 953 εἱρκτῆς
865 882 964 952 τῆς
999 880 1096 934 τοῦ
1131 882 1332 952 κήτους
1363 874 1570 937 κοιλίας
1601 873 1694 926 τὸν
1728 869 2016 941 προφήτην

440 971 734 1043 ἐξήγαγεν·

1041 1081 1293 1136 ΚΕΦΑΛ.
1340 1079 1416 1133 Γ’.

527 1171 690 1226 Ἀλλά
715 1171 878 1227 πάλιν
910 1171 1072 1235 εὐθὺς
1100 1168 1497 1243 παρηγγύησεν
1529 1166 1712 1221 ἐκεῖνα
1740 1165 1957 1236 δρᾶσαι,
1981 1163 2018 1216 ἀ

443 1266 712 1334 πρότερον
747 1263 973 1333 ηκουσε,
1020 1261 1117 1315 καὶ
1161 1262 1262 1331 τὴν
1311 1259 1554 1332 μεγάλην
1601 1256 1756 1309 πόλιν
1802 1255 2018 1324 ἐκείνην

442 1353 794 1417 καταλαϐεῖν,
829 1353 924 1406 καὶ
944 1353 1006 1405 τὸ
1038 1353 1299 1424 κήρυγμα
1325 1350 1713 1422 προσενεγκεῖν
1731 1347 1830 1417 τῆς
1856 1345 2018 1415 φοϐε-

448 1446 552 1518 ρᾶς
600 1445 861 1514 ἀπειλῆς·
920 1442 1108 1514 μαθὼν
1153 1442 1211 1494 δὲ
1257 1444 1324 1513 τῇ
1373 1441 1540 1510 πείρα
1579 1440 1680 1508 τὴν
1717 1437 1920 1507 ζημίαν
1954 1435 2020 1506 ἢν

444 1537 602 1608 φέρει
644 1535 705 1589 τὸ
749 1535 1072 1596 ἀντιτείνειν
1105 1531 1244 1602 Θεῷ,
1282 1534 1516 1585 ποιεῖται
1561 1529 1659 1599 τὴν
1693 1527 1919 1597 πορείαν
1945 1523 2021 1588 ὡς

443 1624 818 1698 προσετάχθη,
865 1625 959 1679 καὶ
987 1621 1404 1693 καταλαμϐάνει
1434 1620 1533 1690 τὴν
1572 1619 1779 1673 Νινευῒ.
1817 1616 2023 1688 Μηδεὶς

441 1717 503 1772 δὲ
548 1718 793 1789 ἀνοήτως
822 1713 1379 1788 πολυπραγμονειτω,
1415 1712 1534 1774 πῶς
1565 1710 1726 1765 αὐτὸν
1771 1709 1833 1762 τὸ
1859 1709 2024 1778 κῆτος

2751 1051 2903 1113 CAP.
2962 1057 3050 1113 ΙΙΙ.

2193 1141 2343 1223 [1,2Ῐ
2370 1141 2567 1204 Statim
2602 1163 2733 1204 vero
2760 1149 2962 1205 iterum
2989 1150 3156 1218 jussit
3186 1149 3279 1204 illa
3318 1150 3506 1206 eadem
3533 1152 3692 1208 obire

2120 1255 2241 1309 quae
2293 1241 2448 1310 prius
2487 1239 2772 1304 audierat,
2807 1246 2862 1294 et
2903 1241 2970 1293 ad
3006 1240 3193 1294 urbem
3247 1239 3393 1294 illam
3437 1258 3690 1312 magnam

2121 1330 2408 1394 accedere,
2431 1338 2484 1384 et
2511 1329 2788 1384 terribiles
2820 1331 3384 1386 minas‘denuntiarc.
3422 1332 3525 1398 Qui
3564 1348 3695 1388 vero

2121 1421 2455 1490 experientia
2503 1421 2800 1484 didicerat,
2835 1429 3100 1488 quantum
3133 1421 3321 1475 damni
3359 1421 3552 1476 afferat
3586 1439 3696 1477 non

2123 1511 2349 1565 obedire
2374 1508 2629 1576 Domino,
2663 1507 2974 1576 ingreditur
3005 1509 3111 1564 iter
3134 1519 3192 1563 ut
3234 1511 3314 1566 illi
3367 1512 3547 1568 fuerat
3598 1515 3697 1566 im-

2123 1607 2397 1670 peratum,
2431 1605 2487 1653 et
2542 1598 2611 1652 ad
2671 1596 2915 1650 Nineven
2979 1597 3249 1664 pervenit.
3313 1595 3516 1668 Neque“
3567 1613 3699 1653 vero

2125 1704 2315 1745 amens
2344 1690 2640 1759 quisquam
2705 1685 2977 1742 curiosius
3038 1686 3310 1757 inquirat,
3367 1703 3479 1758 quo
3537 1698 3700 1758 pacto

443 1776 681 1878 ἐξήμεσε
702 1823 718 1839 ο
758 1776 935 1860 πάντα
957 1776 1067 1876 γάρ
1094 1776 1299 1858 δυνατά
1329 1801 1652 1873 βουλομένου
1678 1799 1814 1853 Θεοῦ
1835 1813 1852 1831 ο
1885 1776 2023 1869 μήτε

2132 1788 2284 1835 cetus
2321 1778 2516 1833 Jonam
2551 1776 2895 1840 evomuerit;
2951 1777 3140 1830 omnia
3209 1777 3356 1832 enim
3410 1778 3698 1848 possibilia

2134 1877 2256 1892 ---_.
2303 1869 2413 1892 ﬂ-..
2458 1867 2676 1892 -.ΑΙΑκιΑ
2711 1884 2723 1892 .
2758 1880 2937 1892 ...ιη-...ι
2973 1865 3036 1892 ΛΑ
3077 1866 3349 1892 ,ηυνξ-.-.κ
3388 1865 3540 1892 κιο-η.
3577 1883 3696 1892 nu--.

447 1899 558 1972 μὴν
590 1899 742 1970 παρὰ
776 1899 934 1952 ποίαν
980 1895 1144 1950 αὑτὸν

444 1989 557 2062 γὰρ
591 1991 700 2043 τῶν
727 1989 866 2056 ἄγαν
897 1987 1016 2040 ἐστὶ
1055 1984 1348 2056 περιττῶν.
1395 1981 1699 2054 Ἀρκείσθω
1723 1981 1780 2034 δὲ
1806 1981 1914 2043 πᾶς
1939 1977 2029 2031 εύ-

447 2079 612 2151 σεῦης
639 2081 707 2151 τῇ
739 2075 1061 2148 διδασκαλίᾳ
1088 2075 1182 2129 τοῦ
1208 2074 1348 2129 Πνεύ
1358 2091 1551 2146 ματος.

517 2268 588 2330 γ’.
625 2277 644 2312 ι
684 2259 700 2280 '
730 2260 780 2313 Η
824 2258 881 2312 δὲ
914 2256 1134 2322 Νινευῒ,
1173 2252 1360 2326 φησὶν,
1408 2249 1479 2326 ἦν
1510 2253 1666 2316 πόλις
1697 2251 1907 2324 μεγάλη
1951 2248 2029 2320 τῷ

445 2352 587 2423 Θεῷ,
619 2351 750 2404 ὡσεὶ
776 2349 1002 2420 πορείας
1025 2347 1145 2402 όδοῦ
1187 2345 1414 2418 ἡμερῶν
1444 2345 1633 2416 τριῶν.
1667 2362 1686 2394 ι
1733 2344 1870 2414 Περὶ
1897 2341 2029 2395 πολ-

447 2440 564 2506 λοῦ,
599 2440 785 2510 φησιν,
831 2439 859 2492 6
902 2437 1035 2500 Θεὸς
1067 2436 1165 2506 τὴν
1205 2435 1413 2506 ταύτης
1446 2435 1684 2487 ἐποιεῖτο
1730 2431 2026 2503 σωτηρίαν,

447 2531 548 2586 ἅτε
587 2530 652 2601 δὴ
682 2528 909 2592 πολλοὺς
926 2530 985 2581 ὲν
1006 2528 1144 2598 αὐτῇ
1161 2526 1464 2588 διαπλάσας
1483 2523 1825 2595 ἀνθρώπους.
1852 2523 1926 2575 Τδ
1947 2523 2025 2589 δὲ,

455 2640 476 2673 ι
516 2620 664 2674 Ὠσεὶ
688 2618 914 2692 πορείας
946 2617 1065 2671 ὁδοῦ
1093 2617 1318 2689 ἡμερῶν
1339 2615 1528 2687 τριῶν,
1565 2634 1584 2668 ι
1605 2615 1747 2678 τινὲς
1779 2615 1877 2684 μὲν
1899 2613 2030 2685 περὶ

447 2713 552 2784 τῆς
588 2711 770 2783 χώρας
804 2710 1118 2782 ὲξειλήφασι
1159 2710 1259 2781 τῆς
1299 2707 1404 2761 ὑπὸ
1427 2707 1529 2778 τὴν
1558 2706 1716 2760 πόλιν
1743 2704 2026 2774 τελούσης,

448 2802 528 2865 ὡς
554 2801 723 2874 τριῶν
749 2799 972 2871 ἡμερῶν
1000 2799 1118 2853 όδὸν
1145 2797 1290 2852 κατά
1309 2815 1370 2850 τε
1399 2796 1462 2849 τὸ
1493 2797 1689 2866 μῆκος,
1723 2795 1818 2848 καὶ
1843 2793 1904 2846 τὸ
1937 2790 2024 2846 εὖ·

452 2906 548 2962 ρος
575 2888 808 2959 ἐχούσης
829 2903 842 2917 ·
875 2885 1019 2950 τινὲς
1041 2885 1098 2939 δὲ
1129 2885 1206 2948 ὼς
1232 2883 1326 2938 τοῦ
1353 2881 1718 2956 κηρύττοντος
1748 2882 1836 2936 διὰ
1862 2881 2029 2952 τριῶν

447 2979 676 3050 ἡμερῶν
709 2977 929 3031 ἅπασαν
958 2975 1353 3046 περινοστῆσαι
1374 2972 1679 3044 δυναμένου
1717 2973 1817 3043 τὴν
1850 2972 2028 3026 πόλιν.

450 3069 578 3123 Εῐτε
597 3067 676 3140 ,δὲ
722 3065 904 3132 τοῦτο,
951 3066 1062 3117 εἴτε
1091 3065 1268 3119 ἐκεῖνό
1293 3081 1379 3128 τις
1409 3061 1641 3128 δέξαιτο,
1675 3062 1826 3116 οὐδὲν
1855 3062 2030 3133 λυμα-

1191 1865 1461 1966 ὲξήγαγεν
1490 1865 1692 1962 ’ἠϊόναο
1741 1891 1836 1944 καὶ
1868 1865 2028 1943 τούτο

2133 1877 2260 1925 sunt
2303 1869 2416 1925 Deo
2458 1867 2678 1922 volente
2711 1884 2724 1920 :
2758 1880 2938 1934 neque
2971 1865 3037 1919 ad
3074 1866 3351 1936 quodnam
3388 1865 3543 1920 littus
3573 1883 3697 1921 eum

2129 1959 2450 2030 exposuerit
2470 1975 2485 2023 ;
2502 1972 2626 2011 nam
2649 1956 2824 2011 ethoc
2843 1970 3066 2025 quoque
3093 1956 3236 2011 inter
3251 1967 3443 2011 caetera
3464 1958 3700 2011 maxime

2130 2061 2626 2119 supervacaneum.
2659 2045 2966 2101 Contentus
2997 2045 3071 2101 sit
3104 2053 3288 2102 autem
3317 2047 3700 2117 unusquisque

2129 2139 2380 2195 doctrina
2409 2137 2672 2207 Spiritus.

2199 2228 2368 2284 Vens.
2409 2226 2486 2283 '5‘.
2520 2247 2540 2280 ι
2585 2227 2720 2284 Erat
2757 2238 2940 2285 autem
2981 2229 3210 2295 Nineve,
3245 2227 3450 2297 inquit,
3504 2228 3702 2283 civitas

2103 2330 2325 2388 magna
2357 2317 2488 2382 Deo,
2514 2319 2670 2388 quasi
2698 2318 2893 2374 itinere
2924 2318 3025 2374 viae
3062 2319 3274 2373 dierum
3304 2317 3492 2372 trium.
3527 2337 3546 2369 ι
3575 2317 3701 2371 Plu—

2128 2409 2281 2474 rimi,
2315 2409 2516 2478 inquit,
2567 2407 2804 2465 faciebat
2839 2409 2984 2465 Deus
3020 2409 3190 2478 hujus
3232 2409 3391 2463 urbis
3442 2409 3700 2470 salutem,

2130 2499 2332 2569 quippe
2366 2499 2460 2568 qui
2496 2499 2555 2553 in
2586 2515 2648 2554 ea
2676 2515 3034 2570 permagnum
3077 2501 3359 2555 hominum
3415 2516 3700 2555 numerum

2130 2587 2533 2644 crearatmlloc
2571 2605 2726 2655 vero,
2763 2591 2912 2661 quod
2955 2592 3052 2654 ait,
3091 2607 3110 2641 ι
3147 2590 3304 2659 quasi
3352 2590 3546 2644 itinere
3598 2589 3702 2643 vim

2132 2681 2294 2734 trium
2323 2681 2559 2747 dierum,
2601 2699 2620 2732 ι
2661 2681 2884 2751 quidam
2922 2679 2992 2736 de
3027 2680 3248 2751 regione
3297 2679 3507 2750 1471
3541 2693 3701 2732 acce-

2129 2780 2351 2842 perunt,
2382 2786 2503 2840 qua:
2529 2771 2652 2827 urbi
2679 2770 2928 2842 subjecta
2952 2780 3104 2826 esset
3135 2770 3416 2838 triduique
3451 2770 3554 2824 iter
3580 2769 3702 2822 lou-

2130 2863 2381 2934 gitudiue
2405 2873 2458 2918 et
2479 2862 2772 2917 latitudine
2795 2877 2895 2918 sua
2918 2861 3227 2916 contineret
3259 2877 3280 2913 ε’
3305 2860 3533 2930 quidam
3551 2874 3702 2923 vero,

2131 2955 2279 3025 quod
2334 2954 2428 3025 qui
2474 2953 2836 3024 praedicabat,
2897 2953 3067 3007 tridui
3124 2953 3305 3022 spatio
3349 2951 3497 3004 illam
3551 2950 3708 3004 obire

2131 3057 2339 3116 posset.
2375 3045 2504 3114 Sive
2535 3054 2720 3100 autem
2757 3045 2882 3110 hoc,
2922 3045 3040 3100 sive
3079 3045 3214 3099 illud
3255 3044 3382 3114 quis
3416 3043 3703 3114 intelligat,

451 3133 628 3216 νεῖται
655 3163 724 3232 τῇ
756 3157 988 3230 ἀληθείᾳ
1011 3174 1026 3188 ·
1051 3157 1164 3212 ἀλλ’
1195 3157 1345 3228 ὅμως
1369 3157 1494 3226 ἐμοὶ
1523 3155 1672 3208 δοκεῖ
1698 3154 1758 3207 τὸ
1780 3153 2031 3225 δεύτερον

2135 3137 2274 3192 nihil
2346 3136 2574 3190 laedetur
2638 3135 2848 3190 veritas
2903 3134 3097 3190 :mibi
3150 3142 3333 3188 tamen
3404 3133 3704 3188 secundum

450 3221 816 3324 ἀληθέστερον
847 3221 1020 3303 εἶναι·
1077 3221 1243 3302 τοῦτο
1277 3247 1336 3301 δέ
1402 3221 1474 3317 με
1538 3244 1918 3314 προαιρεῖσθαι
1941 3221 2032 3297 ⁷τὸ

2135 3227 2320 3282 verius
2352 3225 2589 3281 videtur.
2621 3224 2697 3279 Ut
2733 3237 2867 3277 vero
2902 3222 2957 3277 id
2980 3230 3336 3292 anteponam,
3385 3221 3519 3274 facit
3560 3221 3707 3291 quod

451 3341 796 3412 ἐπαγόμενον
827 3337 1150 3408 ἀναγκάζει.

521 3433 584 3486 δ’.
619 3450 639 3485 ι
675 3431 918 3505 Ἤρξατο
940 3431 1071 3502 γάρ,
1127 3428 1314 3500 φησὶν,
1365 3428 1551 3489 Ἰωνᾶς
1593 3425 1690 3479 τοῦ
1716 3424 2032 3496 εἰσπορεύε-

455 3522 581 3577 σθαι
607 3523 686 3584 εις
709 3521 808 3593 τὴν
830 3520 987 3574 πόλιν
1030 3518 1164 3571 ὡσεὶ
1221 3514 1447 3587 πορείαν
1489 3514 1536 3546 δ’
1569 3513 1784 3584 ἡμέρας
1827 3512 1982 3581 μιᾶς.
2007 3529 2026 3561 ι

437 3615 530 3670 ’οὑ
561 3614 681 3668 κατ’
713 3611 842 3666 εὐθὺ
891 3611 991 3682 τῆς
1049 3608 1259 3671 πόλεως
1312 3605 1531 3670 ὁδεύων,
1565 3603 1681 3658 ἀλλ’
1711 3601 1916 3673 ἀγορὰς
1941 3601 2036 3654 καὶ

455 3705 676 3774 ἀγυιὰς,
713 3703 811 3757 καὶ
863 3702 1042 3774 ῥύμας
1097 3696 1454 3771 περινοστῶν,
1489 3696 1585 3750 καὶ
1622 3692 1928 3766 κηρύττων,
1954 3691 2036 3744 ὅτι

462 3812 484 3848 ι
520 3795 648 3847 Ἔτι
689 3794 839 3864 τρεῖς
865 3789 1072 3861 ἡμέραι
1117 3790 1212 3841 καὶ
1245 3787 1433 3841 Νινευῒ
1494 3783 2034 3854 καταστραφήσεται.

455 3880 677 3946 Ταύτας
701 3881 756 3935 δὲ
791 3880 885 3934 καὶ
913 3881 942 3932 6
978 3877 1234 3942 Ἀκύλας,
1300 3877 1398 3930 καὶ
1427 3878 1456 3929 6
1495 3875 1812 3946 Σύμμαχος,
1861 3872 1956 3925 καὶ
2010 3872 2039 3924 6

455 3972 776 4035 Θεοδοτίων,
808 3970 1268 4038 τεσσαράκοντα
1318 3966 1545 4036 ἔφασαν,
1597 3961 1946 4034 συμφωνοῦσι
1982 3958 2039 4013 δὲ

459 4065 668 4129 τούτοις
694 4065 789 4118 καὶ
808 4065 838 4116 ό
862 4063 1055 4135 Σύρος,
1086 4061 1182 4115 καὶ
1231 4062 1260 4113 6
1307 4055 1556 4126 Ἐϐραῖος
1576 4071 1590 4083 ·
1625 4055 1738 4124 ἔχει
1777 4053 1836 4110 δὲ
1862 4050 1955 4104 καὶ
1977 4049 2038 4102 τὸ

459 4157 606 4221 είκὸς
635 4148 792 4218 οὗτος
830 4157 859 4208 6
891 4153 1146 4225 ἀριθμός.
1182 4151 1294 4204 Καὶ
1313 4148 1423 4218 γὰρ
1445 4146 1625 4217 τρισὶν
1654 4143 1890 4214 ἡμέραις
1907 4139 2039 4193 ποτὲ

462 4242 563 4320 μὲν
620 4247 840 4301 ἃπασαν
888 4245 1146 4314 ἐνόστησε
1174 4241 1273 4312 τὴν
1310 4239 1464 4292 πόλιν
1509 4237 1537 4289 ὁ
1573 4235 1792 4298 Ἰωνᾶς,
1822 4231 1951 4284 ποτὲ

458 4319 559 4408 τὴν
595 4336 885 4409 μετάνοιαν
917 4335 1018 4405 τὴν
1047 4332 1305 4386 ἐπίπονον
1332 4328 1548 4398 ἐκείνην
1578 4327 1626 4379 οἱ
1658 4326 1705 4378 Ν
1714 4322 1933 4377 ινευῗται
1961 4319 2040 4390 τῷ

460 4425 582 4497 Θιῷ
607 4423 1084 4496 προσενεγκόντες,
1109 4421 1212 4490 τῆς
1240 4419 1371 4489 παρ’
1397 4415 1561 4471 αὑτοῦ
1593 4412 1868 4483 σωτηρίας
1932 4411 2040 4464 ἀπ-

2132 3319 2405 3387 sequitur.

2205 3407 2370 3461 Vens.
2401 3403 2456 3459 4.
2496 3421 2516 3456 ι
2560 3403 2740 3474 Coepit
2777 3405 2922 3458 enim
2947 3443 2962 3467 ,
3016 3399 3216 3470 inquit,
3267 3397 3439 3452 Jonas
3490 3399 3705 3469 ingredi

2114 3497 2411 3553 "civitatem
2437 3495 2597 3566 quasi
2630 3495 2826 3550 itinere
2853 3493 3023 3548 unius
3055 3490 3187 3546 diei.
3231 3509 3251 3542 ›
3276 3488 3397 3544 Non
3431 3499 3580 3544 recta
3609 3505 3707 3560 per

2133 3590 2327 3645 urbem
2370 3588 2476 3643 iter
2509 3585 2724 3642 faciens
2749 3625 2763 3649 ,
2797 3585 2893 3642 sed
2927 3584 3070 3648 fora,
3106 3584 3284 3645 vicos,
3327 3582 3568 3651 compita
3595 3582 3679 3636 eir

2135 3678 2406 3744 cumiens,
2455 3675 2820 3730 denuntiabat
2875 3673 2991 3729 lore
3021 3681 3099 3736 ιιι,
3135 3690 3154 3724 ι
3194 3671 3392 3726 Adhuc
3435 3679 3549 3727 tres
3598 3672 3709 3726 sint

2136 3773 2276 3834 dies,
2308 3769 2484 3824 donec
2510 3768 2717 3822 Nineve
2743 3766 3119 3822 subvertatur.
3147 3781 3166 3815 ι
3198 3763 3310 3818 llos
3339 3777 3470 3819 vero
3487 3763 3708 3834 Aquila,

2137 3873 2192 3918 et
2227 3859 2614 3932 Symmachus,
2658 3865 2712 3912 et
2765 3855 3075 3910 Theodotio
3125 3853 3486 3925 quadraginta
3539 3855 3710 3909 inter-

2139 3951 2338 4022 pretati
2367 3958 2516 4010 sunt,
2542 3956 2597 4001 et
2631 3962 2755 4000 cum
2805 3945 2890 3998 his
2921 3946 3090 3998 etiam
3146 3941 3320 4012 Syrus
3355 3951 3408 3996 et
3447 3941 3709 3998 llebrzeus

2139 4039 2476 4094 conveniunt
2510 4055 2524 4089 :
2553 4034 2826 4101 habetque
2881 4032 2970 4084 hic
3016 4045 3284 4084 numerus
3329 4030 3710 4084 verisimilitu-

2139 4131 2346 4185 dinem.
2391 4125 2606 4180 Etenim
2659 4123 2840 4176 tribus
2883 4120 3084 4176 diebus
3128 4134 3277 4174 nunc
3331 4118 3498 4174 Jonas
3535 4127 3708 4174 totam

2116 4220 2335 4274 -urhcm
2382 4213 2757 4288 perlustravit,
2817 4225 2967 4264 nunc
3009 4208 3274 4264 Ninevita:
3323 4209 3707 4279 pmnilentiam

2115 4311 2292 4367 illam
2347 4305 2681 4362 laboriosam
2723 4301 2837 4357 Deo
2869 4295 3185 4363 oll'erentes,
3245 4301 3315 4355 ab
3356 4316 3420 4356 eo
3474 4300 3708 4355 salutem

2142 4397 2430 4456 consecuti
2462 4401 2614 4459 sunt,
2660 4406 2808 4447 nunc
2845 4399 2970 4445 ante
3008 4400 3199 4460 portas
3232 4388 3528 4444 considens
3577 4403 3708 4458 pro-

459 4479 704 4588 ηλαυσαν
724 4531 738 4546 ·
775 4479 905 4568 ποτὲ
937 4511 995 4564 δὲ
1167 4479 1276 4562 τῶν
1307 4479 1493 4560 πυλῶν
1519 4479 1822 4574 καθήμενος
1851 4502 1914 4555 τὸ
1938 4500 2032 4570 τῆς

2141 4493 2342 4565 phetiae
2363 4489 2524 4545 linem
2548 4483 2910 4555 exspectavit.
2941 4481 3125 4547 Quare
3163 4479 3294 4534 mihi
3357 4479 3567 4535 videtur
3607 4496 3710 4533 nu-

460 4606 800 4679 προφητείας
832 4605 1062 4673 ἀνέμενε
1089 4601 1262 4663 τέλος.
1290 4599 1382 4651 Διό
1401 4615 1490 4668 μοι
1510 4595 1741 4650 δοκεῖτὸ
1772 4593 1880 4647 τῶν
1915 4609 2044 4646 τεσ-

461 4700 775 4771 σαράκοντα
798 4693 1026 4767 ⁴ἡμερῶν
1057 4692 1422 4763 ἀληθέστερον
1468 4683 1628 4742 εἶναι.
1680 4684 1838 4749 Εἰκὸς
1864 4683 1921 4737 δὲ
1951 4683 2048 4737 καὶ

460 4789 591 4853 τοὺς
629 4787 1034 4858 Ἐϐδομήκοντα
1056 4783 1346 4854 σύμφωνον
1379 4781 1493 4843 τοῖς
1526 4778 1706 4840 ἄλλοις
1748 4774 2048 4830 τεθεικέναι

462 4882 556 4936 τὸν
583 4879 816 4952 ἀριθμόν
840 4895 854 4910 ο
900 4878 1026 4940 τοὺς
1101 4874 1159 4929 δὲ
1213 4875 1314 4944 τὴν
1366 4872 1539 4943 ἀρχὴν
1595 4867 2049 4939 ἐγγραψαμένους

464 4973 734 5043 ἁμαρτεῖν
762 4969 892 5040 περὶ
919 4965 1100 5032 τοῦτο,
1131 4958 1254 5018 εἶτα
1285 4964 1428 5018 οὕτω
1481 4959 1736 5031 γενέσθαι
1766 4960 1902 5012 πᾶσι
1937 4956 2044 5011 τῶν

465 5061 818 5134 ἀντιγράφων
887 5059 986 5130 τὴν
1040 5057 1270 5112 ἔκδοσιν.
1301 5057 1364 5109 Ol
1403 5054 1459 5108 δὲ
1507 5050 1786 5107 Νινευῗται
1826 5046 2045 5116 ἀγνῶτα

466 5153 638 5221 ἀνδρα
666 5152 762 5206 καὶ
785 5147 1081 5217 ἀλλόφυλον
1113 5146 1439 5214 θεασάμενοι
1472 5143 1682 5214 ἀπηχὲς
1724 5137 2045 5207 ποιούμενον

449 5243 754 5315 ικήρυγμα.
792 5241 855 5294 οὐ
893 5239 1055 5310 μόνον
1086 5237 1187 5291 οὐκ
1228 5235 1617 5304 ἐδυσχέραναν,
1641 5231 1758 5284 οὐδὲ
1781 5226 2048 5297 κατηκόν-

449 5333 652 5399 ’-τισαν,
672 5332 935 5388 ἀλλὰκαὶ
955 5332 1024 5401 τῇ
1058 5328 1361 5400 προρρήσει
1388 5323 1802 5387 πιστεύσαντες,
1838 5319 2044 5372 σάκκον

472 5427 866 5499 ἀμπεχόμενοι,
890 5422 968 5494 τῷ
999 5420 1117 5492 Θεῷ
1147 5419 1245 5483 τὰς
1271 5416 1504 5480 ἱκετείας
1531 5412 1886 5486 προσέφερον,
1911 5409 2043 5462 οἵτε

2143 4599 2328 4642 merus
2370 4579 2741 4652 quadraginta
2785 4575 3000 4630 dierum
3033 4572 3214 4627 verior
3266 4585 3410 4627 esse.
3459 4572 3537 4624 Ac
3579 4586 3712 4624 vero

2145 4676 2415 4733 credibile
2450 4678 2536 4729 est
2569 4667 2930 4740 Septuaginta
2962 4670 3355 4734 congruentem
3404 4677 3529 4716 cum
3586 4661 3710 4715 aliis

2145 4780 2437 4823 numerum
2468 4762 2726 4834 posuisse
2761 4777 2775 4812 :
2812 4756 2908 4814 sed
2934 4770 3032 4810 eos
3058 4754 3151 4824 qui
3183 4754 3340 4808 initio
3364 4753 3710 4822 scripserunt

2147 4860 2202 4914 in
2234 4859 2344 4913 hoc
2365 4869 2604 4918 errasse,
2645 4849 2845 4907 deinde
2878 4847 2932 4902 in
2977 4846 3161 4901 omnia
3201 4845 3538 4913 exemplaria
3568 4844 3712 4896 hanc

2147 4951 2444 5008 editionem
2492 4955 2867 5018 permanasse.
2905 4937 2986 5010 [5]
3021 4935 3293 4990 Ninevitae
3337 4943 3541 4996 autem,
3589 4947 3714 4987 cer-

2145 5049 2341 5098 nentes
2365 5038 2640 5094 hominem
2665 5034 2913 5102 ignotum
2936 5037 2989 5083 et
3020 5035 3366 5087 extraneum,
3391 5025 3484 5093 qui
3515 5023 3714 5078 acerba

2144 5141 2200 5189 ct
2234 5133 2450 5201 ingrata
2485 5123 2840 5198 praedicabat,
2877 5134 2991 5174 non
3023 5115 3186 5172 modo
3221 5130 3332 5169 non
3379 5129 3522 5184 asgre
3575 5112 3715 5166 tule-

2145 5230 2300 5284 runt.
2351 5235 2455 5275 nec
2513 5213 2911 5272 interfecerunt
2964 5228 2978 5265 :
3036 5206 3135 5264 sed
3187 5205 3308 5274 ejus
3370 5202 3710 5274 praedictioni

2153 5313 2311 5368 tidem
2341 5310 2626 5369 habentes,
2655 5313 2710 5359 et
2735 5316 2899 5358 sacco
2923 5297 3124 5362 induti,
3161 5294 3274 5350 Deo
3306 5293 3713 5364 supplicaruut,

2152 5413 2270 5458 tum
2310 5399 2519 5454 divitiis
2578 5395 2860 5460 ﬂorentes,
2914 5399 3032 5447 tum
3087 5389 3279 5457 inopes
3334 5403 3347 5439 :
3409 5383 3512 5437 hoc
3565 5377 3713 5436 enim

1717 5587 1953 5645 VARUS
1996 5581 2403 5641 LliCTIONES.
