4088 6404
351 413 490 479 1737

1651 407 1732 471 ΙΝ
1766 407 1974 470 ΙΟΝιΈ
2011 405 2168 468 CAP.
2214 407 2315 472 IV.

3461 414 3595 481 1738

344 522 819 594 ἐπιδεικνύμενονο
857 524 1106 595 ἐλεήμων
1141 522 1251 592 γὰρ
1273 519 1324 576 εί
1348 521 1442 576 καὶ
1469 519 1789 592 οἰκτίρμων,
1822 535 1926 589 μα-

2030 517 2132 574 lem
2165 518 2430 588 patientia
2459 518 2696 574 maxima
2729 521 2804 574 uti
2840 533 3006 575 :nam
3036 522 3360 582 misericors
3381 541 3443 582 es
3467 529 3515 579 ·.
3537 538 3594 587 et

346 614 622 687 κρόθυμος
649 613 744 667 καὶ
771 613 1079 676 πολυέλεος,
1115 613 1210 667 καὶ
1249 610 1523 682 μετανοῶν
1552 610 1643 664 ἐπὶ
1679 611 1800 673 ταῖς
1828 626 1920 662 κα-

354 706 540 776 κίαις),
570 705 668 778 τὴν
695 705 874 776 φυγὴν
901 704 1115 775 ἐκείνην
1153 704 1516 774 ἐποιησάμην,
1554 696 1670 754 εἶτα
1693 700 1920 754 κλύδωνι

347 797 444 852 καὶ
474 797 634 868 κήτει
672 794 1021 866 παραδοθεὶς.
1078 793 1330 847 ἱκέτευσα
1385 791 1549 845 πάλιν
1606 790 1920 844 ἐπανελθεῖν

345 891 429 953 εἰς
467 888 615 959 ζωήν
633 906 646 919 ο
678 885 774 941 νῦν
801 885 858 940 δὲ
887 885 1196 938 τούναντίον
1227 883 1490 939 ἀντιδολῶ
1509 899 1522 914 ·

415 979 487 1048 γ’.
516 997 533 1030 ι
563 979 811 1032 Δέσποτα
857 977 1048 1046 Κύριε,
1105 974 1235 1030 λάϐε
1273 976 1318 1006 ⁸⁸
1346 975 1444 1045 τὴν
1469 974 1644 1045 ψυχήν
1699 989 1798 1043 μου
1824 972 1918 1025 ἀπ’

345 1073 481 1145 ἐμοῦ
511 1073 578 1136 δ’,
609 1073 690 1125 ὃτι
715 1071 876 1124 καλόν
891 1087 980 1140 μοι
997 1070 1041 1101 ⁵ο
1055 1071 1114 1122 τὸ
1135 1070 1420 1124 ἀποθανεῖν
1448 1067 1582 1139 με,ἢ
1611 1067 1710 1138 ζῇν
1735 1065 1879 1136 μεδί.
1896 1083 1914 1116 ι

348 1162 725 1234 Προαιροῦμαι
752 1163 859 1232 γὰρ
890 1160 1117 1214 θάνατον
1144 1161 1242 1231 τῆς
1275 1160 1391 1231 μετ’
1434 1157 1698 1229 αἰσχύνης
1729 1155 1874 1224 ζωῆς
1901 1171 1917 1188 ο

345 1253 670 1325 αἰσχύνομαι
693 1253 770 1317 δὲ,
785 1253 880 1306 καὶ
899 1249 1580 1321 ἐγκαλύπτομαι,ψεύστης
1600 1247 1708 1302 ἀπὸ
1730 1245 1918 1300 τοσού-

343 1362 454 1399 των
474 1344 889 1414 ὀνομαζόμενος.
907 1342 1046 1395 Ἀλλ’
1069 1344 1098 1396 6
1119 1341 1320 1410 ἀγαθὸς
1346 1340 1698 1410 ἀποκρίνεται
1713 1338 1919 1390 Δεσπό-

344 1454 467 1508 της.
504 1435 596 1488 καί
625 1451 758 1504 φησι
784 1434 863 1503 τῷ
896 1435 1190 1507 προφήτῃ·

416 1526 478 1580 δ’.
515 1546 535 1578 ι
570 1526 634 1578 Εἰ
665 1523 870 1594 σφόδρα
890 1522 1189 1594 λελύπησαι
1214 1521 1316 1589 σύ;
1358 1541 1375 1574 ι
1395 1520 1565 1574 Τοῦτο
1591 1519 1921 1590 σαφέστερον

343 1620 374 1671 6
407 1618 702 1687 Σύμμαχος
765 1615 1141 1685 ἡρμήνευσεντ
1186 1613 1291 1685 ἔφη
1338 1613 1476 1683 γάρ·
1508 1608 1654 1681 ’Ἄρα
1681 1613 1920 1679 δικαίως

342 1706 696 1774 ἐλυπήθης;
723 1705 773 1756 οἱ
799 1704 856 1756 δὲ
893 1703 1074 1756 λοιποὶ
1115 1703 1429 1773 εἰρήκασινο
1459 1705 1524 1755 Εἰ
1553 1701 1750 1768 καλῶς
1779 1701 1921 1755 ἐλυ-

344 1795 579 1864 πήθης;
613 1795 734 1848 ἀντὶ¹
762 1792 855 1847 τοῦ
879 1833 892 1858 ,
929 1793 1211 1863 Σκόπησον
1237 1793 1368 1862 παρ’
1400 1792 1597 1864 ἐαυτῷ,
1633 1793 1681 1844 εί
1707 1792 1922 1854 δικαίας

2025 608 2388 677 compatiens,
2424 608 2758 680 longanimis
2782 616 2837 664 et
2860 610 3049 664 multae
3080 613 3502 682 misericordia),
3531 631 3597 672 ac

2029 699 2300 766 pmnitcns
2331 713 2501 769 super
2527 699 2730 768 malis),
2760 698 2946 770 fugam
2967 700 3116 755 illam
3148 703 3380 774 arripui,
3409 714 3599 778 postea

2027 788 2201 844 maris
2244 789 2558 860 tempestati
2604 797 2660 845 et
2695 801 2818 845 ceto
2867 791 3128 860 traditus,
3179 798 3369 868 rogavi
3421 807 3483 856 ut
3540 801 3597 858 in

2026 879 2191 932 vitam
2230 879 2464 934 redirem
2499 898 2512 933 :
2549 896 2698 934 nunc
2735 889 2932 935 contra
2968 897 3101 952 rogo
3131 898 3145 934 :

2099 971 2269 1026 Vsus.
2308 973 2364 1026 ὅ.
2411 990 2430 1024 ε
2468 971 2792 1027 Dominator
2846 973 3095 1042 Domine,
3142 976 3300 1032 aufer
3351 981 3597 1036 animam

2027 1079 2204 1120 meam
2237 1066 2571 1134 ame,’quia
2627 1066 2826 1121 melius
2873 1074 2960 1120 est
3014 1066 3148 1120 mihi
3206 1069 3370 1132 mori.
3432 1087 3600 1141 quam

2028 1157 2243 1212 vivere.
2281 1175 2300 1207 ι
2345 1154 2466 1211 Vita
2496 1157 2646 1211 enim
2690 1155 2913 1228 defungi
2955 1157 3120 1222 malo,
3181 1157 3395 1232 1474
3431 1175 3598 1232 quam

2027 1263 2155 1302 cum
2188 1247 2488 1319 ignominia
2524 1247 2730 1303 vivere.
2767 1245 3050 1302 Erubesco
3103 1255 3309 1312 autem,
3346 1257 3401 1304 et
3460 1250 3598 1305 latc-

2028 1338 2158 1394 bras
2190 1354 2397 1410 quacro,
2445 1355 2568 1394 cum
2612 1338 2845 1393 mendax
2894 1339 3144 1409 appellor
3175 1353 3205 1392 a
3237 1345 3348 1392 tam
3387 1340 3596 1397 multis.

2025 1430 2132 1486 Sed
2169 1432 2349 1486 bonus
2377 1430 2643 1486 Dominus
2693 1431 2978 1502 prophetae
3014 1430 3312 1502 respondet
3344 1448 3358 1484 :

2099 1519 2264 1578 Vens.
2296 1521 2350 1575 4.
2383 1540 2402 1574 ‹
2440 1522 2521 1577 Αη
2571 1521 2930 1576 vehementer
2959 1521 3329 1576 contristatus
3359 1535 3419 1578 es
3449 1520 3544 1574 tu?
3574 1539 3597 1572 ι

2025 1611 2247 1666 Clarius
2296 1613 2402 1667 hoc
2437 1612 2802 1684 Symmachus
2850 1613 3246 1683 interpretatus
3301 1623 3387 1668 est
3419 1632 3432 1668 :
3464 1613 3606 1669 dixit

2027 1702 2198 1770 enim,
2222 1702 2354 1758 Jure
2382 1721 2506 1774 ergo
2547 1705 2792 1759 trislatus
2822 1707 2922 1760 es?
2948 1703 3132 1762 caeteri
3167 1719 3297 1760 vero
3330 1706 3606 1778 interprev

2029 1795 2242 1872 test/in
2261 1805 2397 1850 recte
2420 1798 2663 1852 tristatus
2687 1799 2781 1854 es?
2807 1797 2910 1852 hoc
2935 1804 3043 1864 est,
3061 1796 3365 1853 Considera
3395 1805 3601 1861 tecum.

343 1886 492 1956 ἔχεις
518 1887 614 1957 τῆς
644 1882 884 1955 ἀθυμίας
922 1880 1196 1955 ἀφορμάς.
1239 1883 1349 1939 Καὶ
1385 1883 1618 1937 ἐνταῦθα
1648 1882 1746 1953 μὲν
1776 1879 1924 1952 αύτῷ

2030 1886 2368 1956 numjustas
2417 1889 2663 1943 tristitiae
2708 1889 3039 1945 occasiones
3093 1889 3338 1946 habeas?
3380 1888 3448 1944 Et
3499 1891 3605 1946 hoc

345 1975 604 2048 εὑρέσθαι
631 1973 875 2046 λογισμῷ
903 1973 1112 2028 κελεύει
1148 1975 1248 2046 τῆς
1300 1973 1537 2045 ἀθυμίας
1563 1973 1893 2044 παραψυχήν
1912 1988 1925 2002 ο

340 2067 407 2118 ἐν
449 2064 506 2117 δὲ
569 2062 646 2134 τῷ
697 2061 840 2116 τέλει
881 2062 981 2134 τῆς
1013 2062 1373 2133 προφητείας,
1410 2063 1505 2116 καὶ
1535 2061 1702 2114 αὑτοῦ
1738 2061 1837 2131 τὴν
1863 2060 1928 2113 οὐ

344 2156 520 2227 καλὴν
579 2154 817 2226 ἀθυμίαν
864 2153 1098 2225 ἐλέγχει,
1141 2155 1236 2209 καὶ
1279 2155 1378 2226 τῆς
1410 2155 1616 2219 οἰκείας
1657 2153 1839 2224 ψήφου
1867 2153 1930 2208 τὸ

343 2248 569 2318 εὔλογον
592 2246 854 2312 δείκνυσι.

417 2345 480 2394 ε’.
515 2356 534 2390 ι
569 2339 901 2395 Καταλιπὼν
925 2340 983 2395 δὲ
1014 2339 1062 2372 ⁵⁸
1085 2338 1183 2410 τὴν
1213 2337 1365 2392 πόλιν
1392 2338 1421 2392 ὁ
1462 2337 1649 2400 Ἰωνᾶς
1677 2336 1930 2390 ἐκάθισεν

339 2431 610 2487 ἀπέναντι
658 2431 848 2503 αὐτῆς,
904 2431 1002 2486 καὶ
1041 2430 1296 2501 ἐποίησεν
1336 2428 1517 2499 ἑαυτῷ
1565 2428 1794 2499 σκηνὴν,
1828 2428 1927 2482 καὶ

337 2525 583 2600 ἐκάθητο
633 2526 890 2582 ὑποκάτω
948 2525 1140 2599 αὐτῆς,
1176 2525 1283 2589 ἕως
1310 2518 1370 2579 οὗ
1418 2524 1574 2596 ἐπίδῃ
1602 2523 1655 2576 τί
1683 2523 1836 2576 ἔσται
1859 2525 1926 2594 τῇ

343 2619 526 2674 πόλει.
565 2638 584 2672 ι
620 2619 814 2684 Τοῦτο,
840 2619 898 2672 δὲ
930 2619 1146 2690 πρῶτον
1167 2617 1478 2688 γενόμενον,
1499 2616 1807 2670 τελευταῖον
1838 2615 1927 2668 τέ-

339 2711 527 2765 θεικεν
557 2714 584 2766 6
611 2714 914 2783 προφήτης.
964 2710 1382 2783 Διηγησάμενος
1433 2709 1542 2782 γὰρ
1571 2708 1679 2763 τῶν
1706 2708 1926 2761 Νινευῖ-

341 2803 456 2856 τῶν
483 2802 582 2874 τὴν
621 2803 934 2874 μετάνοιαν,
981 2801 1258 2873 ἠϐουλήθη
1326 2800 1500 2872 ταύτῃ
1549 2798 1781 2868 συνάψαι
1829 2799 1928 2870 τὴν

345 2895 501 2949 θείαν
535 2895 972 2967 φιλανθρωπίαν,
997 2895 1091 2950 καὶ
1117 2895 1216 2968 τὴν
1236 2894 1346 2948 ἀπὸ
1377 2893 1584 2963 ταύτης
1614 2891 1764 2965 αὑτῷ
1795 2908 1930 2962 συμο

339 2987 524 3042 θεῖσαν
553 2988 813 3059 ἀθυμίαν.
854 2985 1122 3041 Ἐνταῦθα
1180 2987 1238 3040 δὲ
1291 2988 1360 3043 τὰ
1417 2987 1622 3060 μεταξὺ
1663 2987 1929 3058 γενόμενα

346 3079 518 3150 λέγει,
544 3081 626 3134 ὅτι
655 3079 900 3152 κηρύξας
920 3079 1038 3151 ἐξῆ)
1050 3082 1110 3133 θε
1135 3078 1229 3134 τοῦ
1249 3080 1478 3149 ἄστεως,
1500 3081 1592 3134 καὶ
1615 3077 1930 3152 πηξάμενος

348 3169 557 3241 σκηνὴν
585 3171 646 3223 τὸ
675 3170 829 3233 τέλος
858 3169 1089 3238 ἀνέμενε
1131 3169 1230 3242 τῆς
1268 3169 1658 3242 προρρήσεως·
1691 3167 1928 3222 τοῦτοδὲ

2028 1976 2247 2047 quidem
2285 1977 2408 2032 loco
2433 1977 2589 2048 jubet
2613 1994 2737 2034 eum
2773 1979 3164 2035 ratiocinando
3205 1980 3454 2036 invenire
3498 1983 3602 2037 tri-

2027 2067 2197 2122 stitiae
2222 2069 2664 2125 consolationem
2706 2088 2721 2125 :
2759 2070 2815 2125 in
2851 2070 2958 2126 line
3013 2085 3145 2126 vero
3197 2071 3517 2142 prophetiae,
3550 2083 3606 2129 et

2027 2175 2140 2214 non
2166 2159 2374 2228 justam
2424 2160 2546 2230 ejus
2589 2161 2872 2216 tristitiam
2938 2161 3146 2233 arguit,
3201 2171 3258 2218 et
3315 2162 3604 2219 sententia:

2027 2268 2142 2308 sua:
2166 2254 2504 2324 probabilem
2551 2256 2822 2311 rationem
2854 2256 3123 2312 ostendit.

2098 2343 2268 2402 Vsus.
2312 2346 2366 2400 5.
2403 2365 2423 2399 ‹
2461 2345 2630 2404 Jonas
2669 2357 2852 2403 autem
2901 2347 3098 2404 relicta
3129 2349 3356 2404 civitate
3390 2350 3534 2406 sedit
3573 2365 3605 2404 e

2028 2431 2254 2506 regione
2283 2433 2454 2501 illius,
2488 2444 2542 2491 et
2583 2434 2714 2491 fecit
2771 2436 2993 2491 sibimet
3045 2436 3492 2504 tabernaculum,
3551 2446 3606 2493 et

2029 2523 2257 2579 sedebat
2289 2525 2394 2580 sub
2429 2526 2544 2603 illo,
2585 2527 2762 2582 donec
2790 2527 3003 2583 videret
3049 2528 3180 2597 quid
3213 2529 3490 2584 accideret
3521 2528 3606 2585 ci-

2028 2614 2208 2669 vitati.
2241 2635 2264 2668 θ
2302 2616 2440 2672 Cum
2493 2617 2597 2672 hoc
2649 2618 2890 2691 primum
2936 2618 3144 2674 factum
3181 2620 3276 2685 sit,
3335 2619 3604 2692 propheta

2028 2713 2337 2762 extremum
2373 2710 2582 2779 posuit.
2612 2708 2748 2770 Nam
2780 2718 3200 2786 postnarratam
3223 2711 3603 2767 Ninevitarum

2030 2800 2432 2868 penitentiam,
2471 2802 2601 2857 huic
2638 2802 2973 2874 conjungere
3027 2804 3202 2859 voluit
3237 2803 3331 2860 Dei
3383 2804 3603 2861 miseri-

2030 2889 2299 2956 cordiam,
2327 2898 2381 2946 et
2409 2892 2691 2948 tristitiam
2725 2909 2848 2965 quae
2884 2910 2952 2951 ex
2987 2893 3080 2949 illa
3137 2895 3242 2950 sibi
3305 2895 3604 2952 accideret.

2031 2979 2147 3037 Hoc
2175 2988 2358 3038 autem
2385 2982 2512 3038 loco
2535 2999 2657 3054 qua:
2687 2985 3014 3041 intermedia
3049 2986 3291 3054 fuerunt,
3331 2989 3606 3058 explicat:

2031 3073 2312 3139 videlicet,
2339 3076 2488 3145 quod
2511 3091 2639 3132 cum
2662 3077 2892 3134 verbum
2939 3077 3158 3133 Domini
3191 3082 3604 3150 annuntiasset,

2033 3181 2099 3222 ex
2135 3166 2271 3222 urbe
2311 3167 2527 3232 exierit,
2570 3176 2624 3224 et
2655 3169 2762 3225 ﬁxo
2821 3170 3176 3228 tabernaculo
3236 3173 3610 3244 praedictionis

343 3228 624 3330 δῆλονὼς
649 3261 756 3334 πρὸ
804 3228 904 3332 τῆς
955 3228 1491 3332 ἀθυμίας-ἐγένετοί
1538 3228 1675 3334 μετὰ
1713 3261 1823 3332 γὰρ
1865 3259 1929 3312 τὺ

2035 3256 2196 3312 tinem
2235 3228 2640 3328 exspectaverit
2679 3279 2693 3316 :
2732 3261 2878 3332 quod
2916 3261 3146 3318 dubium
3202 3228 3314 3317 non
3344 3228 3434 3320 est
3479 3274 3610 3322 ante

346 3351 456 3405 τῶν
487 3350 807 3422 ὡρισμένων
849 3351 1072 3423 ἡμερῶν
1134 3350 1310 3414 τέλος,
1371 3350 1706 3422 θεασάμενος
1761 3350 1931 3421 μηδὲν

351 3445 570 3514 ἐκείνην
635 3444 1007 3516 ὑπομείνασαν
1058 3444 1158 3516 τὴν
1220 3444 1396 3515 πόλιν,
1456 3445 1555 3515 τὴν
1586 3444 1703 3515 μετ’
1737 3444 1932 3515 ὀδύνης

349 3533 692 3606 προσήνεγκε
742 3534 821 3606 τῷ
877 3534 996 3608 Θεῷ
1054 3535 1383 3608 προσευχήν.
1450 3535 1590 3588 Ἀλλ’
1647 3536 1795 3605 ὅμως
1837 3535 1933 3589 καὶ

345 3623 525 3696 τούτῳ
583 3625 745 3680 πάλιν
801 3629 1110 3700 μηχανᾶται
1157 3628 1510 3700 παραψυχὴν,
1538 3628 1635 3681 καὶ
1662 3627 1751 3683 διά
1787 3645 1934 3692 τινος

348 3715 500 3785 αὐτῷ
565 3716 916 3788 κολοκύνθης,
964 3719 1042 3783 ὡς
1071 3742 1076 3746 ·
1105 3719 1270 3784 αὑτὸς
1327 3720 1584 3792 ἠθέλησε,
1620 3720 1934 3793 παραυτίκα

352 3805 758 3877 βλαστησάσης,
820 3809 915 3862 καὶ
966 3809 1013 3840 ⁸³
1051 3808 1392 3880 ἐκταθείσης,
1465 3811 1562 3864 καὶ
1617 3810 1795 3882 κόμην
1850 3811 1934 3864 ὅτι

351 3895 612 3967 πλείστην
643 3898 915 3970 φυσάσης,
955 3899 1114 3954 σκιὰν
1170 3900 1546 3972 ἐργασάμενος
1575 3901 1933 3973 ψυχαγωγίαν

349 3987 672 4058 προσφέρει.
701 3987 775 4040 Τὸ
805 3988 883 4054 δὲ,

422 4076 499 4142 ς’.
538 4097 556 4130 ι
595 4080 900 4150 Προσέταξε
963 4082 1168 4152 Κυριος
1215 4082 1242 4133 6
1283 4080 1416 4145 Θεὸς
1461 4080 1510 4112 ⁸⁸
1549 4081 1871 4154 κολοκύνθῃ,
1903 4101 1924 4134 9

347 4168 628 4236 τέθεικεν,
657 4171 719 4222 ού
760 4171 943 4240 φωνὴν
967 4171 1200 4224 ἐνταῦθα
1233 4171 1383 4226 θείαν
1422 4173 1767 4244 παραδηλῶν,
1797 4173 1933 4228 ἀλλά

348 4260 641 4328 διδάσκων,
664 4263 740 4325 ὡς
773 4262 890 4334 ἅμα
923 4281 981 4316 τε
1012 4263 1277 4335 ἠθέλησεν
1321 4267 1350 4318 6
1381 4266 1533 4329 Θεὸς,
1566 4268 1658 4319 καὶ
1688 4266 1749 4319 τὸ
1769 4267 1932 4336 φυτὸν

350 4354 434 4415 εἰς
459 4352 518 4404 τὸ
539 4348 677 4406 εῖναι
712 4353 991 4426 παρήχθη.
1043 4354 1200 4408 Οὕτω
1236 4356 1331 4409 καὶ
1373 4357 1485 4410 ἄνω
1525 4355 1630 4426 ἔφη
1654 4373 1666 4386 ·
1699 4376 1721 4408 ί
1759 4361 1934 4429 Προσ-

353 4443 544 4509 έταξεν
569 4445 596 4496 ὀ
627 4443 756 4507 Θεὸς
785 4447 972 4515 κήτει,
1004 4464 1022 4497 ι
1061 4446 1124 4498 ού
1175 4449 1324 4516 φωνῇ
1356 4445 1475 4518 θείᾳ
1515 4447 1672 4499 τοῦτο
1703 4447 1925 4517 γεγενῆ-

355 4533 478 4586 σθαι
508 4533 703 4604 λέγων,
758 4535 894 4588 ἀλλὰ
923 4535 1086 4607 βουλῇ
1116 4553 1131 4568 ο
1186 4537 1541 4606 πρόσταγμα
1568 4536 1677 4608 γὰρ
1697 4537 1854 4591 καλεῖ
1869 4538 1932 4591 τδ
1963 4563 2006 4620 D

354 4623 634 4696 βούλημα.
671 4623 859 4687 Οὑτως
901 4626 930 4677 6
973 4626 1244 4696 μακάριος
1281 4626 1466 4689 Ἰωνᾶς
1518 4625 1782 4696 εὐθυμίαν
1809 4626 1935 4679 ἀντὶ

352 4717 529 4786 Λύπης
557 4715 792 4780 ἐδέξατο.
832 4717 994 4771 Ἀλλά
1048 4717 1211 4771 πάλιν
1254 4720 1282 4771 6
1311 4716 1442 4780 Θεὸς
1476 4716 1580 4769 ὑπὸ
1605 4715 1704 4786 τὴν
1734 4715 1808 4770 ἕω
1845 4716 1938 4770 διά

351 4821 497 4866 τινος
534 4804 818 4875 σκώληκος
874 4805 975 4874 τῆς
1025 4804 1354 4873 κολοκύνθης
1397 4805 1715 4876 διαφθείρας
1735 4804 1836 4876 τὴν
1857 4805 1937 4875 ῥί-

355 4896 474 4959 ζαν,
503 4899 568 4965 τῇ
603 4896 698 4948 τοῦ
718 4896 872 4966 ἡλίου
927 4895 1202 4966 προσϐολῇ
1236 4895 1592 4965 διαυανθῆναι
1642 4895 1933 4966 πεποίηκε.

355 4985 556 5039 Τούτου
576 4987 634 5038 δέ
666 4986 983 5057 γενομένου,
1027 4987 1118 5039 καὶ
1164 4987 1522 5058 σφοδρότερον
1555 4987 1654 5056 τῆς
1689 4988 1930 5053 ἀκτῖνος,

355 5075 391 5146 ἢ
421 5078 562 5132 κατὰ
589 5078 648 5130 τὸ
667 5077 881 5142 εἰωθὸς,
910 5080 976 5149 τῇ
999 5078 1206 5149 κεφαλῇ
1243 5079 1658 5149 προσϐαλούσης
1681 5093 1692 5107 ⁸

429 5167 498 5239 η’.
534 5186 552 5218 t
587 5167 891 5238 Προσέταξε
920 5169 1028 5241 γὰρ
1055 5171 1100 5201 ⁵⁸
1123 5172 1158 5223 '6
1187 5170 1317 5233 Θεὸς
1354 5169 1627 5239 πνεύματι
1656 5169 1932 5233 καύσωνος

2033 3363 2327 3404 maerorem
2376 3348 2580 3404 factum
2632 3349 2828 3406 fuisse.
2866 3351 2999 3407 Post
3055 3351 3406 3411 deﬁnitorum
3457 3355 3607 3410 enim

2032 3437 2243 3494 dierum
2273 3441 2456 3508 linem,
2483 3441 2621 3495 nihil
2657 3442 2786 3496 mali
2811 3443 3004 3498 urbem
3042 3443 3192 3498 illam
3223 3459 3350 3502 esse
3383 3461 3608 3518 passam

2033 3530 2249 3595 videns,
2283 3547 2412 3587 eum
2438 3533 2666 3590 tristitia
2703 3533 2875 3590 Deum
2906 3545 3166 3608 precatus
3195 3548 3301 3594 est.
3333 3537 3400 3593 Et
3423 3546 3611 3596 tamen

2033 3636 2230 3679 rursus
2265 3623 2314 3679 ei
2343 3625 2784 3681 consolationem
2815 3635 2994 3700 parat,
3025 3635 3080 3684 et
3109 3643 3178 3683 ex
3229 3628 3466 3700 quadam
3509 3646 3613 3687 cu-

2034 3712 2276 3778 curbita,
2305 3723 2364 3768 ut
2388 3715 2438 3771 ei
2461 3716 2689 3786 placuit,
2723 3718 2911 3774 statim
2966 3724 3182 3785 exorta,
3235 3728 3291 3775 et
3348 3719 3614 3793 projectis

2034 3803 2193 3875 longe
2224 3807 2394 3863 ramis
2418 3817 2767 3879 exporrecta,
2807 3809 3133 3867 umbraculo
3183 3809 3334 3868 facto
3361 3811 3412 3868 ei
3459 3812 3612 3869 sola-

2033 3893 2171 3950 tium
2216 3898 2445 3967 prmbet.
2498 3898 2616 3956 l‘loc
2653 3915 2831 3956 vero:

2107 4071 2276 4130 Vens.
2309 4075 2471 4132 6.¢Et
2497 4077 2756 4146 prmccpit
2780 4075 3045 4132 Dominus
3074 4077 3217 4134 Deus
3248 4079 3604 4148 cucurbita,»

2035 4166 2238 4240 posuit,
2274 4182 2386 4221 non
2416 4181 2608 4222 vocem
2644 4166 2856 4239 1475
2887 4167 3130 4223 divinam
3179 4167 3285 4223 hoc
3339 4169 3460 4224 loco
3514 4171 3610 4227 de-

2033 4266 2371 4319 monstrans,
2425 4257 2520 4312 sed
2567 4257 2796 4321 docens,
2830 4258 3295 4327 quemadmodum
3353 4259 3517 4314 simul
3544 4275 3610 4318 ac

2035 4350 2178 4405 Deus
2205 4348 2402 4413 voluit,
2435 4349 2704 4418 producta
2734 4348 2922 4419 planta
2963 4349 3266 4404 exstiterit.
3302 4348 3393 4403 Sic
3437 4337 3606 4405 etiam

2033 4438 2291 4508 superius
2320 4437 2457 4493 dixit
2486 4455 2500 4492 ε
2541 4457 2560 4490 ‹
2591 4437 2656 4492 Ει
2686 4437 2944 4509 praecepit
2979 4435 3250 4494 Dominus
3271 4447 3413 4504 ceto,
3445 4457 3466 4490 ι
3499 4453 3610 4494 non

2035 4531 2131 4584 Dei
2181 4544 2317 4586 voce
2368 4531 2474 4584 hoc
2526 4528 2730 4585 factum
2785 4530 2999 4598 dicens,
3052 4531 3148 4586 sed
3202 4533 3482 4587 voluntate
3530 4545 3555 4572 ο
3590 4548 3608 4585 :

2038 4637 2164 4674 nam
2195 4630 2514 4691 prwcepmm
2536 4629 2698 4676 vocat
2728 4622 3089 4677 voluntatem.
3114 4620 3190 4676 Ita
3221 4622 3418 4678 beatus
3437 4622 3612 4680 Jonas

2033 4727 2135 4782 pro
2161 4712 2391 4768 tristitia
2423 4712 2668 4767 laetitiam
2705 4714 2975 4785 suscepit.
3011 4713 3090 4786 [7]
3122 4715 3195 4768 At
3235 4714 3379 4771 Deus
3415 4732 3612 4772 rursus

2035 4805 2142 4860 sub
2168 4813 2349 4859 ortum
2370 4805 2387 4828 ⁶
2418 4805 2554 4859 solis
2585 4805 2827 4859 radicem
2864 4806 3168 4860 cucurbita:
3199 4821 3297 4876 per
3315 4809 3611 4877 quemdam

2035 4908 2276 4950 vermem
2310 4896 2582 4966 corrupit,
2603 4903 2658 4952 et
2684 4896 2822 4952 solis
2843 4912 3070 4953 accessu
3095 4915 3417 4955 exarescere
3454 4900 3610 4955 fecit;

2041 4985 2156 5042 lloc
2179 4995 2365 5044 autem
2405 4988 2575 5053 facto,
2605 4989 2850 5060 solisque
2882 4990 3055 5046 radiis
3103 4991 3268 5048 solito
3309 4993 3496 5049 acrius
3522 5007 3616 5048 ca-

2040 5087 2136 5149 put
2159 5077 2313 5136 Jona‘.
2332 5079 2694 5136 ferientibus:

2114 5172 2276 5226 Vens.
2301 5173 2355 5227 8.
2395 5191 2413 5224 ι
2459 5172 2726 5243 Praecepit
2756 5175 2900 5228 enim
2932 5173 3201 5231 Dominus
3229 5187 3394 5232 vento
3434 5174 3616 5231 calido

359 5259 696 5328 σύγκαίοντι,
755 5261 850 5312 καὶ
892 5259 1159 5326 ἐπάταξεν
1191 5262 1219 5312 6
1247 5260 1394 5330 ἥλιος
1447 5261 1538 5313 ἐπὶ
1567 5261 1665 5329 τὴν
1695 5259 1929 5330 κεφαλὴν

2042 5271 2096 5316 et
2127 5263 2327 5328 urenti,
2381 5270 2437 5318 et
2489 5263 2765 5332 percussit
2812 5265 2895 5319 sol
2948 5281 3115 5337 super
3167 5274 3334 5336 caput
3387 5265 3558 5322 Jonm.
3588 5283 3608 5317 ι

437 5453 460 5481 θ
487 5440 613 5499 Jon.
647 5460 709 5510 ιι,
748 5443 798 5496 1.

1676 5591 1917 5649 VARIA']
1963 5592 2348 5650 LECTIONES
2366 5634 2381 5651 .

435 5714 479 5746 ’⁵⁸
503 5712 657 5768 λάϐε.
683 5713 725 5766 Α
759 5711 895 5784 εδδ.
921 5711 1007 5784 δή.
1049 5712 1092 5741 ⁸⁵
1121 5711 1390 5784 aeteae.
1422 5711 1659 5784 ExAﬂet
1697 5710 1959 5784 Cisuppl.
2033 5714 2080 5784 Ὺ
2115 5711 2385 5784 μοιειρεε.
2417 5709 2474 5784 in
2515 5710 2578 5784 A_.
2657 5713 2700 5784 '_‘
2737 5712 2970 5784 pe.Des.
3009 5714 3078 5784 ib.
3123 5713 3166 5744 ⁵²
3197 5713 3241 5766 Δ
3277 5712 3372 5768 καὶ
3389 5710 3610 5784 ἐξῆλθεν

371 5783 560 5848 Ἰωνᾶς
591 5785 656 5836 ἐκ
685 5785 785 5853 τῆς
815 5783 1042 5844 πόλεως.

607 5879 878 5990 ΡΑτιὶοξ..
925 5879 1040 5940 Gn.
1079 5877 1338 5939 LXXXI.

1129 5781 1176 5812 ⁵³
1202 5783 1317 5834 καί.
1355 5781 1479 5840 Des.
1501 5783 1556 5838 in
1578 5781 1642 5838 Ο.
1718 5781 1838 5860 ’⁸δό
1859 5781 2011 5846 Θεός.
2041 5781 2168 5840 Des.
2210 5781 2346 5837 ibid.
2431 5782 2476 5813 ⁵⁸
2501 5782 2628 5852 γάρ.
2659 5781 2701 5839 C
2739 5781 2912 5853 addit,
2944 5783 3097 5855 φησί.

3144 5875 3217 5936 55
