4088 6402
584 414 739 507 1739
1586 436 2074 501 THEODORETI
2103 434 2446 500 EPISCOPI
2475 440 2842 501 CYRENSIS
3670 446 3779 508 1740

578 553 785 609 lterum
838 552 1105 624 propheta
1150 552 1204 606 in
1247 549 1514 622 majorem
1551 549 2062 620 pusillanimitatcm
2111 552 2167 599 et

2164 546 2241 605 .A
2282 546 2457 601 Ἰωνᾶ.
2503 566 2523 601 ι
2558 548 2727 603 Πάλιν
2778 549 2807 601 ὁ
2865 545 3149 618 προφήτης
3207 546 3284 609 εἰς
3330 546 3660 619 μικροψυχίαν
3706 555 3778 607 καὶ

577 645 824 701 dolorem
865 645 1080 709 recidit,
1112 654 1168 698 ct
1201 660 1267 698 eo
1298 644 1562 697 redactus
1595 651 1701 706 cst,
1740 651 1798 695 ut
1850 640 1973 694 vita:
2012 652 2162 691 mor-

2264 636 2456 708 ὀδύνην
2478 638 2749 708 ἐπανῆλθε
2783 638 3026 709 μείζονα,
3058 637 3154 690 καὶ
3184 636 3466 691 καθίστατο
3488 638 3530 670 ⁸⁸
3556 639 3644 709 τῆς
3663 641 3782 714 ζωῆς

578 746 685 789 tem
745 742 1123 805 anteponeret.
1189 733 1269 806 [9]
1328 734 1398 788 At
1447 742 1800 805 peccatorum
1856 738 2079 785 curator
2108 736 2163 783 et

2262 726 2354 781 τὸν
2414 727 2642 782 θάνατον
2684 726 3139 799 προαιρούμενος.
3197 726 3334 780 Ἀλλ’
3366 723 3514 792 αὖθις
3534 730 3560 782 ό
3583 732 3666 784 καὶ
3696 734 3784 789 τῶν

570 825 846 891 justorum
906 831 1209 895 protector,
1261 825 1585 894 prophetam
1640 823 1995 894 interrogavit
2030 840 2044 875 :
2076 820 2159 874 An

2263 820 2607 892 ἁμαρτωλῶν
2635 821 2935 892 κηδόμενος
2967 820 3061 874 καὶ
3107 819 3217 872 τῶν
3274 818 3489 873 δικαίων
3517 824 3788 894 προμηθού-

572 914 729 969 valde
778 916 1099 971 tristaretur
1157 916 1230 970 ob
1267 915 1660 970 cucurbitam?
1723 912 1945 986 [l0,ll]
2001 912 2160 978 Quod

2265 926 2447 979 μενος,
2478 911 2643 981 ἧρετο
2672 911 2763 964 τὸν
2792 910 3098 984 προφήτην,
3119 910 3166 963 εί
3188 908 3305 962 λίαν
3324 910 3413 962 ἐπὶ
3441 912 3503 981 τῇ
3529 912 3786 986 κολοκύνθῃ

550 1005 663 1059 ‘ubi
712 1006 986 1075 pr0pheta
1044 1005 1342 1061 confessus
1399 1014 1554 1070 erat,
1611 1007 1684 1060 ita
1718 1014 1777 1060 ut
1823 1006 1945 1074 ejus
1992 1017 2159 1059 causa

2260 1000 2578 1071 λελύπηται·
2609 1001 2705 1056 τοῦ
2735 1002 2792 1055 δέ
2821 1002 2981 1056 τοῦτο
3015 1001 3247 1071 πάσχειν
3280 1002 3701 1074 ὁμολογήσαντος,
3725 1007 3788 1070 ώς

570 1103 804 1151 mortem
843 1098 970 1152 vitae
1000 1097 1337 1153 anteferret:
1372 1096 1469 1161 Te,
1502 1097 1682 1168 inquit
1718 1097 1887 1163 Deus,
1915 1104 2041 1149 utar
2062 1095 2157 1165 ju—

2260 1096 2354 1146 καὶ
2375 1094 2605 1149 θάνατον
2662 1094 2851 1150 τούτου
2888 1111 2954 1163 γε
3014 1095 3201 1148 εἵνεκα
3230 1095 3328 1163 τῆς
3361 1094 3503 1164 ζωῆς
3533 1100 3788 1169 προτιμᾷν⁸

569 1187 711 1243 dice.
749 1187 1054 1244 Considera
1091 1189 1277 1260 itaque
1316 1204 1385 1244 an
1440 1204 1657 1259 acquum
1709 1188 1803 1256 sit,
1836 1198 1891 1243 te
1931 1186 2156 1258 quidem

2258 1184 2373 1249 Σοὶ,
2399 1186 2562 1256 φησὶν
2590 1185 2618 1238 ὁ
2644 1184 2796 1253 Θεὸς,
2820 1185 3040 1257 χρῶμαι
3097 1187 3255 1255 κριτῇ
3274 1199 3291 1215 ο
3328 1184 3586 1255 σκόπησον
3621 1188 3787 1255 τοίνυν,

568 1279 641 1335 ob
664 1280 1016 1335 cucurbitam
1061 1279 1271 1346 dolere,
1307 1281 1469 1352 cujus
1519 1280 1757 1335 colonus
1812 1294 1924 1335 non
1978 1278 2154 1344 fuisti,

2258 1276 2556 1343 εἰδίκαιον,
2585 1277 2644 1331 σέ
2670 1278 2769 1348 μὲν
2813 1278 2955 1349 ὑπὲρ
2997 1279 3096 1347 τῆς
3149 1275 3475 1346 κολοκύνθης
3524 1276 3710 1345 ἀλγεῖν,
3735 1273 3790 1350 ἧς

570 1372 773 1444 (neque
824 1372 973 1428 enim
1010 1372 1300 1444 plantasti,
1366 1387 1546 1442 neque
1580 1372 1825 1443 irrigasti
1866 1389 1878 1426 :
1914 1370 2008 1425 sed
2052 1370 2156 1426 sub

2256 1367 2318 1422 οὐ
2350 1371 2644 1442 γεγένησαι
2676 1369 2920 1440 γεωργὸς
2966 1367 3110 1438 (οὗτε
3157 1368 3266 1439 γὰρ
3323 1368 3633 1435 ἐφύτευσας,
3689 1368 3791 1422 οὔτε

567 1478 828 1519 auroram
852 1474 1003 1531 nata,
1046 1465 1138 1521 die
1179 1466 1428 1535 sequenti
1464 1480 1494 1518 a
1526 1480 1713 1519 verme
1760 1474 1815 1520 et
1855 1464 1971 1520 sole
2019 1478 2156 1519 con-

2262 1459 2555 1531 ήρδευσας,
2579 1460 2694 1513 ἀλλ’
2729 1459 2836 1512 ὑπὸ
2862 1459 2963 1531 τὴν
2998 1458 3074 1514 ἕω
3111 1458 3399 1530 γενομένη.
3442 1457 3701 1527 σκώληκος
3736 1462 3789 1531 τῇ

567 1566 787 1627 sumpta
820 1560 950 1627 est),
984 1572 1071 1612 me
1125 1566 1307 1611 autem
1365 1564 1533 1612 tanta:
1589 1558 1712 1613 urbi
1753 1572 1865 1613 non
1898 1572 2152 1628 parcere,

2258 1551 2522 1624 ὑστεραίᾳ
2546 1552 2642 1605 καὶ
2666 1552 2820 1624 ἡλίου
2846 1552 3142 1622 γεγένηται
3184 1549 3596 1623 παρανάλωμα),
3631 1550 3719 1621 ἐμὲ
3748 1552 3791 1605 δὲ

567 1659 691 1718 quae
713 1663 744 1701 a
767 1662 855 1702 me
886 1647 1111 1702 condita
1140 1654 1248 1714 est,
1278 1647 1334 1702 in
1378 1663 1487 1719 qua
1540 1647 1795 1704 habitant
1827 1649 1953 1719 plus
1988 1663 2152 1719 quam

2254 1643 2489 1715 ἀφειδῶς
2511 1645 2749 1717 τοσαύτῃ
2772 1643 3083 1716 χρήσασθαι
3114 1644 3289 1709 πόλει,
3330 1642 3420 1697 ὑπ’
3450 1643 3579 1714 ἐμοῦ
3604 1642 3659 1696 τὸ
3679 1639 3790 1697 εἶναι

568 1738 856 1794 duodecim
900 1736 1180 1810 myriades
1227 1737 1537 1804 hominum,
1588 1741 1682 1810 qui
1735 1740 2018 1796 dexteram
2068 1738 2154 1795 vel

2254 1738 2515 1811 λαϐούσῃ,
2535 1740 2593 1794 ἐν
2623 1733 2659 1811 ᾖ
2689 1739 3004 1793 κατοικοῦσι
3028 1738 3263 1803 πλείους,
3282 1738 3317 1809 ἢ
3349 1737 3547 1791 δώδεκα
3574 1739 3791 1809 μυριάδες

568 1831 850 1887 sinistram
893 1844 1050 1886 suam
1079 1845 1189 1885 non
1225 1840 1457 1898 norunt,
1484 1838 1539 1887 et
1570 1846 1775 1901 pecora
1807 1832 2001 1887 multa.
2038 1829 2153 1886 lloc

2182 1893 2223 1902 _
2256 1830 2584 1902 ἀνθρώπων,
2636 1832 2840 1895 οἵτινες
2894 1833 2997 1886 οῦκ
3046 1830 3296 1900 ἔγνωσαν
3344 1828 3524 1896 δεξιὰν
3562 1830 3787 1901 αὑτῶν,ῆ

567 1923 732 1993 igitur
761 1923 1145 1987 considerans,
1200 1922 1483 1979 admirare
1545 1923 2010 1989 misericordiam,
2066 1931 2153 1979 ut-

2182 1893 2227 1949 B
2254 1893 2552 1996 ἀριστερὰν
2571 1893 2581 1897 ﬁ
2602 1893 2833 1989 αὑτῶν(
2868 1924 2961 1978 καὶ
3026 1893 3199 1996 κτήνη
3230 1893 3431 1977 πολλά..
3453 1920 3614 1976 Τοῦτο
3643 1893 3791 1975 τοίνυν

563 2025 692 2087 pote
730 2016 1072 2088 probabilem
1103 2024 1157 2071 et
1190 2016 1602 2072 rationabilem.
1661 2015 1774 2072 lloc
1805 2033 1961 2083 vero,
2002 2016 2151 2087 quod

2254 2016 2624 2088 λογιζόμενος,
2656 2015 2938 2086 θαύμασον
2963 2014 3061 2088 τὴν
3110 2014 3538 2087 φιλανθρωπίαν,
3561 2012 3630 2078 ώς
3646 2013 3699 2066 τὸ
3718 2011 3789 2066 εὓ-

564 2108 699 2161 ait:
758 2125 777 2158 ι
841 2107 946 2173 Qui
1004 2108 1269 2177 ignorant
1325 2108 1653 2175 dexteram,
1712 2110 1796 2165 vel
1867 2110 2149 2165 sinistram

2253 2110 2412 2181 λογον
2460 2109 2710 2180 ἔχουσαν.
2745 2109 2819 2162 Τὸ
2850 2108 2929 2174 δὲ,
2967 2129 2985 2161 ι
3013 2109 3127 2162 Οῦκ
3152 2107 3399 2176 ἔγνωσαν
3444 2103 3614 2170 δεξιὰν
3644 2103 3792 2157 αὐτῶν

562 2213 743 2265 suam,
778 2217 796 2249 ι
827 2199 1052 2269 quidam
1098 2200 1165 2254 de
1226 2199 1443 2271 1476
1500 2202 1859 2271 simplicitate
1922 2217 2151 2275 accepe-

2251 2201 2285 2272 ἢ
2321 2199 2621 2272 ἀριστερὰν
2663 2199 2868 2263 αὐτῶν,
2902 2217 2920 2250 ι
2956 2197 3098 2261 τινὲς
3146 2197 3242 2250 ἐπὶ
3287 2194 3581 2265 ἁπλότητος
3619 2193 3792 2263 ἐξειλή-

561 2296 731 2357 runt;
796 2290 930 2345 mihi
1002 2288 1135 2345 vero
1229 2289 1640 2346 multitudinem
1716 2292 2147 2348 inhabitantium

2253 2309 2416 2362 φασιν
2435 2307 2449 2320 ·
2490 2291 2614 2362 ἐμοὶ
2641 2290 2857 2344 δὲδοκεῖ
2876 2289 2936 2343 τὸ
2964 2287 3169 2358 πλῆθος
3192 2288 3305 2344 τῶν
3324 2286 3659 2341 ἐνοικούντων
3683 2284 3792 2337 νέων

559 2378 846 2449 iuniorum
901 2379 1135 2433 innuere
1177 2378 1400 2434 videtur
1434 2397 1447 2435 :
1484 2387 1649 2451 atque
1703 2380 1823 2451 ipse
1873 2381 2148 2437 dictorum

2251 2383 2617 2438 αἰνίττεσθαι·
2651 2383 2746 2437 καὶ
2774 2383 2803 2436 ό
2836 2381 3035 2445 σκοπὸς
3090 2380 3149 2434 δὲ
3190 2380 3304 2434 τῶν
3355 2377 3646 2451 εἰρημένων
3682 2374 3791 2447 πρὸς

561 2484 765 2542 scopus
814 2486 915 2526 nos
979 2470 1044 2525 ad
1100 2470 1739 2542 hauc,iutelligentiam
1790 2470 2038 2528 adducit.
2088 2472 2147 2528 Si

2248 2476 2453 2549 ταύτην
2481 2477 2631 2546 ἡμᾶς
2663 2473 2889 2543 ποδηγεῖ
2916 2473 3016 2543 τὴν
3043 2471 3309 2527 διάνοιαν.
3342 2470 3408 2526 Ei
3435 2470 3539 2543 γὰρ
3574 2468 3665 2523 οῦκ
3690 2467 3790 2530 ἔδει,

559 2564 729 2627 enim,
762 2563 964 2634 inquit,
1015 2571 1378 2634 peccatorum
1420 2565 1805 2635 paenitentiam
1855 2565 2149 2636 suscipere

2250 2570 2405 2640 φησὶ,
2471 2567 2729 2633 δέξασθαι
2768 2569 2869 2639 τὴν
2932 2566 3043 2621 τῶν
3110 2565 3455 2639 ἁμαρτωλῶν
3514 2561 3790 2636 μετάνοιαν.

560 2666 672 2708 non
696 2653 968 2724 oportuit,
1004 2649 1373 2709 conveniebat
1402 2653 1599 2709 saltem
1637 2661 1719 2709 tot
1766 2655 2001 2710 millium
2045 2658 2149 2712 mi-

2252 2661 2419 2732 ἐχρῆν
2448 2658 2581 2729 γοῦν
2606 2654 2788 2714 οἶκτόν
2838 2675 2965 2713 τινα
3006 2656 3191 2711 λαϐεῖν
3244 2655 3512 2710 τοσούτων
3536 2651 3790 2725 μυριὰῖων,

562 2745 758 2812 screri,
783 2745 877 2815 qui
905 2760 1004 2815 per
1039 2752 1257 2801 aetatem
1290 2759 1395 2800 nec
1427 2745 1713 2802 sinistram
1762 2761 2011 2813 manum,
2045 2762 2149 2802 nec

2248 2747 2334 2818 oi;
2358 2751 2528 2805 διὰτὸ
2560 2751 2680 2805 νέον
2731 2750 2833 2821 τῆς
2885 2748 3127 2822 ήλικίας,
3159 2747 3223 2802 οῦ
3252 2748 3353 2819 τῆς
3382 2746 3557 2812 δεξιᾶς
3580 2744 3666 2798 καὶ
3692 2742 3790 2811 ἀρι-

558 2838 839 2892 dexteram
870 2843 1098 2891 norunt.
1155 2836 1237 2891 Ad
1282 2836 1401 2891 haec
1462 2853 1664 2908 pecora
1715 2838 2147 2894 innumerabilia

2252 2844 2451 2912 στερᾶς
2478 2842 2659 2913 χειρὸς
2676 2843 2710 2913 ή
2733 2841 2942 2910 γνῶσις
2974 2840 3220 2912 ἐνετέθη.
3248 2840 3396 2911 Πρὸς
3415 2837 3472 2896 δὲ
3507 2835 3698 2897 τούτοις
3721 2830 3792 2885 καί

561 2928 695 2984 u'rbs
723 2927 913 2992 habet,
949 2941 1072 2997 quae
1104 2933 1158 2982 et
1196 2928 1319 2998 ipsa
1377 2929 1563 2983 nullas
1596 2943 1698 2998 pro
1730 2930 1978 2998 peccatis
2032 2945 2149 3001 pm-

2250 2935 2423 3007 κτήνη
2449 2934 2686 2989 νικῶντα
2724 2934 2818 2988 τὸν
2868 2932 3103 3005 ἀριθμὸν
3131 2933 3165 3003 ἡ
3210 2932 3367 2995 πόλις
3409 2930 3543 3001 ἔχει,
3580 2924 3792 2994 οὐδεμίαν

560 3035 663 3076 nas
698 3019 921 3075 debent.
953 3018 1119 3074 Sicut
1156 3034 1289 3089 ergo
1321 3018 1488 3074 bruta
1534 3021 1901 3075 animantium
1938 3023 2149 3079 idcirco

2251 3026 2376 3080 οὐδὲ
2424 3026 2567 3081 αὐτὰ
2621 3025 2779 3099 δίκην
2828 3025 2972 3099 ὑπὲρ
3037 3024 3461 3097 ἁμαρτημάτων
3532 3018 3793 3090 ὀφείλοντα.

560 3112 725 3179 dixit,
767 3111 849 3168 sic
876 3119 931 3166 et
959 3111 1313 3165 immaturam
1354 3118 1573 3168 aetatem
1610 3130 1626 3169 :
1672 3117 1818 3185 quod
1850 3131 2029 3188 neque
2081 3117 2150 3172 ab

2255 3117 2467 3189 Ὠσπερ
2493 3112 2587 3171 οῦν
2607 3115 2677 3169 τὰ
2717 3116 2889 3187 κτήνη
2914 3115 3002 3169 διὰ
3030 3114 3190 3169 τοῦτο
3238 3111 3641 3186 προστέθεικεν,
3688 3107 3797 3161 οὕτω

564 3204 672 3271 liis,
712 3220 893 3276 neque
936 3203 1146 3261 abillis
1182 3211 1541 3276 peccatorum
1582 3221 1761 3277 pennae
1808 3209 1979 3281 repeti
2024 3208 2178 3280 jure,

2184 3232 2218 3292 [Ζ
2253 3210 2348 3266 καὶ
2373 3210 2476 3280 τὴν
2519 3209 2697 3281 ἄωρον
2727 3209 2945 3281 ἠλικίαν
2968 3208 3014 3239 ⁵⁷
3038 3223 3055 3239 ·
3085 3207 3163 3271 ὡς
3211 3208 3355 3280 μήτε
3404 3206 3603 3259 τούτων
3624 3244 3638 3269 ,
3691 3199 3798 3270 μήτε

564 3297 804 3368 possint.
828 3297 1007 3368 Atque
1042 3296 1131 3353 hic
1152 3296 1377 3368 quidem
1419 3297 1546 3353 ﬁnis
1568 3307 1654 3355 est
1678 3301 2008 3372 prophetia).
2038 3300 2148 3358 Nos

2250 3301 2495 3369 ἐκείνων,
2514 3300 2710 3373 ποινὴν
2733 3299 2874 3371 ὑπὲρ
2899 3298 3322 3373 ἁμαρτημάτων
3341 3298 3560 3360 ἐνδίκως
3577 3296 3796 3361 εἰσπρατ-

562 3398 747 3445 autem
780 3389 987 3445 bonum
1018 3388 1313 3445 Dominum
1365 3397 1638 3446 nostrum
1674 3393 1931 3450 laudibus
1980 3409 2150 3450 orne-

2250 3395 2516 3466 τομένων.
2576 3392 2689 3463 Τῆς
2744 3393 2845 3465 μὲν
2886 3386 2980 3447 οῦν
3009 3393 3355 3464 προφητείας
3382 3388 3539 3445 τοῦτο
3573 3387 3631 3441 τὸ
3655 3384 3797 3443 τέλος.

560 3497 707 3548 mus,
740 3483 833 3553 qui
860 3482 1058 3538 nolens
1083 3490 1313 3537 mortem
1328 3483 1671 3553 peccatoris,
1706 3485 1801 3540 sed
1828 3494 1889 3539 ut
1912 3500 2143 3543 conver-

2263 3486 2457 3559 Ἡμεῖς
2483 3486 2542 3539 δὲ
2566 3486 2659 3539 τδν
2717 3484 2924 3555 ἀγαθὸν
2976 3484 3132 3556 ήμῶν
3162 3482 3448 3553 Δεσπότην
3490 3479 3797 3551 ὑμνήσωμενς

561 3582 712 3629 tatur
761 3581 816 3630 et
859 3574 1031 3638 vivat,
1087 3573 1365 3630 interdum
1438 3583 1667 3632 sanctos
1729 3579 1884 3633 viros
1936 3580 2151 3637 tristari

2251 3578 2311 3643 ὃς
2338 3578 2399 3631 οὐ
2437 3576 2765 3649 βουλόμενος
2792 3574 2888 3629 τοῦ
2916 3572 3247 3648 ἁμαρτωλοῦ
3269 3574 3364 3629 τὸν
3396 3574 3642 3636 θάνατον,
3669 3567 3732 3629 ὡς
3755 3562 3801 3617 τὸ

561 3666 791 3735 patitur,
821 3673 878 3721 et
900 3664 1218 3721 nolentibus
1248 3664 1404 3736 ipsis,
1424 3666 1864 3723 misericordiam
1894 3669 2147 3742 largitur.

2252 3668 2583 3742 ἐπιστρέψαι
2621 3667 2718 3723 καὶ
2777 3665 2878 3741 ζῇν
2930 3667 3114 3733 αὐτὸν,
3166 3667 3264 3721 καὶ
3313 3666 3503 3720 λυπεῖν
3560 3661 3694 3715 ἔστιν
3730 3657 3800 3710 ὅτε

565 3755 658 3813 Sic
687 3755 838 3812 Elias
869 3771 1103 3828 magnus
1149 3772 1276 3812 cum
1336 3757 1580 3828 pluviam
1627 3758 1985 3825 inhibuisset,
2032 3761 2153 3833 ipse

2252 3761 2380 3825 τοὺς
2416 3760 2605 3829 ἁγίους
2645 3758 2846 3830 ἄνδρας
2898 3758 3173 3830 ἀνέχεται,
3224 3758 3324 3812 καὶ
3375 3757 3453 3830 μὴ
3507 3748 3803 3827 βουλομένων

564 3862 827 3926 tanquam
850 3854 1063 3926 legatus
1090 3850 1303 3908 accedit
1326 3851 1391 3908 ad
1411 3867 1657 3917 servum,
1682 3852 1907 3909 dicens:
1933 3852 2150 3923 «.Vade,

2254 3850 2434 3906 αὐτῶν
2454 3850 2641 3925 ὀρέγει
2685 3851 2777 3905 τὸν
2825 3849 2993 3905 ἔλεον.
3030 3848 3217 3913 Οὕτως
3251 3848 3414 3902 Ἠλία
3460 3844 3552 3901 τοῦ
3589 3843 3717 3897 πάνυ
3732 3834 3805 3889 τὸν

563 3956 621 4005 οι
651 3934 885 4004 οειοιίἱιο
914 3953 970 4003 te
998 3945 1246 4011 Achabo,
1270 3952 1325 4000 et
1366 3936 1512 3999 dabo
1562 3944 1801 4013 pluviam
1852 3959 2019 4016 super
2066 3944 2151 4001 fa-

2257 3943 2411 3999 ὑετδν
2434 3944 2774 4015 ἐπισχόντος,
2826 3941 2991 4006 αὐτὸς
3024 3934 3136 3996 οίόν
3166 3958 3252 4004 τις
3286 3935 3629 4012 πρεσϐευτὴς
3658 3942 3806 3999 MP"

563 4040 704 4097 ciem
730 4046 892 4096 terrai
914 4038 958 4095 τ.
999 4057 1019 4092 ι
1048 4036 1221 4093 Tanta
1247 4037 1436 4107 itaque
1462 4033 1557 4092 Dei
1594 4035 1936 4107 benignitate
1961 4036 2154 4095 fruen-

2254 4036 2464 4107 γίνεται
2495 4037 2633 4107 πρὸς
2664 4036 2756 4090 τὸν
2807 4035 3017 4102 δοῦλον,
3075 4055 3092 4088 ι
3132 4035 3466 4106 Πορεύθητι,
3516 4030 3703 4098 λέγων,
3732 4017 3808 4075 καὶ

562 4138 681 4197 tes,
730 4137 1132 4203 congruentem
1188 4125 1474 4185 beneﬂciis
1524 4126 1781 4180 animum
1856 4142 2151 4198 geramus,

2253 4129 2452 4201 ὅφθητι
2507 4128 2588 4199 τῷ
2629 4127 2859 4200 Ἀχαὰ6,
2900 4128 2995 4183 καὶ
3053 4127 3210 4181 δώσω
3252 4126 3350 4181 τὸν
3377 4123 3532 4180 ὑετὸν
3559 4119 3648 4175 ἐπὶ
3668 4128 3807 4187 προσ·

565 4229 732 4294 atque
754 4236 822 4279 ex
853 4220 1059 4276 divinis
1096 4220 1217 4290 ejus
1265 4219 1482 4291 legibus
1541 4218 1713 4274 vitam
1762 4217 2152 4288 informemus,

2255 4224 2408 4278 ώπου
2432 4222 2533 4292 τῆς
2575 4223 2701 4292 γῆς.
2739 4239 2758 4272 ι
2795 4219 3082 4292 Τοσαύτης
3148 4218 3449 4292 τοιγαροῦν
3507 4211 3810 4287 ἡμερότητος

566 4318 628 4367 ut
657 4326 724 4368 ex
749 4311 841 4394 his
866 4310 1085 4366 fruetus
1112 4310 1290 4365 bonos
1327 4317 1386 4365 et
1421 4316 1713 4379 exoptatos
1751 4311 2152 4381 percipiamus,

2255 4314 2642 4377 ἀπολαύοντες,
2693 4314 2814 4376 ταῖς
2869 4311 3219 4382 εὐεργεσίαις
3285 4309 3664 4383 ἁρμόττουσαν
3713 4296 3808 4394 si}!

563 4386 907 4476 benignitate
955 4402 1173 4458 Domini
1224 4399 1558 4457 nostriJesu
1619 4400 1853 4467 Christi,
1910 4418 2150 4472 quocum

2256 4408 2483 4478 γνώμην
2535 4404 2954 4476 ἐπιδειξώμεθα,
2996 4405 3092 4458 καὶ
3130 4404 3273 4459 κατὰ
3299 4404 3431 4467 τοὺς
3474 4399 3644 4457 θείους
3673 4383 3808 4447 αὐτοῦ

566 4495 742 4567 gloria
791 4494 965 4560 Patri,
1018 4509 1129 4549 una
1180 4507 1310 4548 cum
1373 4499 1571 4549 sancto
1621 4491 1855 4562 Spiritu,
1887 4510 2037 4550 nunc
2098 4504 2156 4552 et

2258 4496 2707 4567 πολιτευσώμεθα
2726 4495 2949 4567 νόμους,
2980 4495 3070 4550 ἴνα
3097 4494 3431 4567 δρεψώμεθα
3456 4492 3584 4553 τοὺς
3608 4480 3809 4555 ἀγαθοὺς

568 4604 808 4662 semper,
837 4595 893 4645 et
918 4588 976 4643 in
1010 4585 1215 4643 sazcula
1247 4584 1605 4642 saeculorum.
1641 4582 1836 4640 Amen‘.

2196 4587 2230 4642 Β
2258 4591 2464 4646 τούτων
2494 4589 2591 4644 καὶ
2617 4587 2959 4659 ἐπεράστους
2997 4588 3267 4660 καρποὺς,
3296 4587 3488 4659 χάριτι
3516 4579 3609 4637 τοῦ
3637 4571 3810 4662 Κυρίου

567 4684 725 4757 ἡμῶν
764 4682 940 4757 Ἰησοῦ
973 4679 1231 4753 Χριστοῦ,
1265 4680 1385 4753 μεθ’
1413 4673 1475 4736 οῦ
1500 4676 1580 4751 τῷ
1602 4677 1780 4753 llath
1802 4679 1837 4749 ἠ
1865 4678 2015 4749 δόξα,
2049 4682 2148 4738 σὺν
2181 4686 2323 4759 ἁγίῳ
2346 4685 2652 4757 Πνεύματι,
2686 4681 2780 4737 νῦν
2813 4681 2908 4739 καὶ
2942 4681 3051 4750 ἀεὶ,
3081 4681 3175 4737 καὶ
3212 4683 3293 4747 είς
3324 4682 3455 4745 τοὺς
3488 4676 3684 4737 αἰῶνας
3725 4661 3811 4721 τῶν

570 4777 802 4835 αἰώνων.
848 4776 1041 4849 Ἀμήν.

649 4961 669 5001 ι
695 4960 766 5017 ιιι
794 4959 929 5030 Reg.
952 4973 1107 5021 nm,
1137 4958 1188 5025 l,
1208 4957 1367 5029 juxta
1396 4958 1565 5017 LXX.

1874 5108 2108 5165 νΑΒιιΕ
2142 5104 2433 5165 LECTION
2443 5106 2546 5162 ES.

671 5240 720 5275 ⁸⁸
740 5239 868 5295 καθ.
890 5237 935 5297 C
960 5236 1258 5308 ἀπελέγετο
1329 5240 1373 5273 ⁸⁷
1410 5238 1499 5312 ήλ.
1530 5235 1574 5294 C
1608 5231 1735 5291 add.
1764 5227 2176 5301 προστέθεικεν.

2163 5485 2237 5506 ρ...
