4088 6404
552 418 684 484 1743

1539 409 2388 478 ΤΙΙΕΟΒΟΒΕΤΙἘΡΙΞΩΟΡΙ
2415 417 2780 481 CYRENSIS

3628 419 3745 489 1744

547 544 654 581 nus
689 542 754 581 ex
795 525 961 582 domo
1001 535 1192 583 sancta
1230 541 1353 583 sua.
1388 544 1406 578 ι
1439 525 1715 591 Quoniam
1753 524 1822 579 de
1863 522 2116 579 Samaria

2220 525 2428 598 Κύριος
2460 526 2520 593 ἐξ
2568 527 2719 582 οῐκου
2755 527 2916 596 ἁγίου
2966 525 3154 580 αὑτοῦ.
3199 543 3216 575 ι
3263 524 3470 598 Ἐπειδὴ
3509 532 3626 603 περί
3659 537 3747 589 Σα-

547 625 602 672 et
635 617 704 672 de
733 615 1115 691 Hierosolyma
1145 616 1317 684 dixit,
1344 617 1412 672 ad
1441 631 1501 672 se
1531 631 1562 670 a
1589 615 1702 670 Deo
1729 617 2116 670 universorum

554 710 720 766 verba
752 709 898 765 facta
928 709 1126 773 fuisse,
1151 711 1276 781 jure
1306 725 1415 765 non
1446 707 1706 781 populum
1729 749 1743 773 ,
1774 709 1870 764 sed
1902 708 2119 778 populos

544 801 610 853 ad
647 799 976 856 audiendum
1004 811 1296 858 convocat.
1329 801 1536 857 Tribus
1569 813 1700 855 vero
1727 802 1780 854 in
1812 801 1922 854 duo
1952 815 2120 869 regna

544 891 752 946 divisas
782 906 892 946 non
926 893 1225 962 populum,
1263 891 1360 947 sed
1399 892 1631 962 populos
1667 892 1952 954 nominat,
1991 890 2121 944 hor-

543 990 802 1053 taturque
831 996 1025 1037 omnes
1063 982 1214 1039 illius
1243 991 1404 1038 terra:
1432 982 1663 1047 incolas,
1687 991 1745 1036 ut
1771 980 2123 1036 attenderent

545 1082 805 1144 tanquam
861 1072 1097 1127 Domino
1131 1072 1245 1128 Deo
1279 1073 1652 1138 testiﬁcante,
1704 1083 1874 1143 atque
1919 1087 1988 1128 ex
2036 1072 2122 1126 di-

542 1167 676 1222 vino
717 1167 920 1236 templo
952 1167 1118 1222 verba
1155 1163 1416 1220 faciente.
1702 1163 1704 1166 ’

615 1347 786 1404 Vens.
815 1348 879 1412 3,
912 1347 967 1402 4.
1001 1364 1020 1398 ι
1049 1345 1192 1401 Ecce
1243 1345 1389 1401 enim
1445 1343 1714 1399 Dominus
1767 1342 2049 1414 egreditur
2093 1358 2123 1396 e

548 1441 672 1494 loco
706 1453 811 1494 suo
831 1480 847 1503 ,
877 1448 931 1494 et
958 1437 1294 1503 descendet,
1326 1435 1672 1514 et'ascendct
1707 1448 1877 1504 super
1901 1434 2122 1489 excelsa

546 1541 731 1586 terraa.
784 1530 852 1584 Et
911 1529 1406 1584 commovebuntur
1462 1534 1678 1581 montes
1734 1524 1839 1580 sub
1901 1537 2004 1592 eo,
2067 1535 2122 1580 et

551 1621 767 1692 1479
797 1621 966 1676 valles
996 1621 1283 1675 tabesccnt
1313 1620 1458 1673 sicut
1493 1632 1619 1672 cera
1653 1631 1842 1672 coram
1872 1618 2026 1687 igne,
2069 1625 2123 1669 et

546 1713 692 1766 sicut
723 1725 863 1780 aqua
900 1709 1176 1779 proﬂuens
1206 1708 1264 1762 in
1294 1707 1588 1763 descensu.
1616 1725 1636 1758 ι
1677 1705 1850 1762 Deum
1894 1705 2121 1760 univcr-

545 1817 733 1859 sorum
769 1801 823 1855 in
860 1801 981 1855 loco
1022 1816 1130 1854 non
1173 1813 1299 1854 esse
1331 1800 1497 1869 (quia
1543 1797 1912 1866 incorporeus
1943 1802 2029 1850 est
2068 1804 2123 1849 et

2224 619 2455 690 μαρείας
2483 620 2578 673 καὶ
2621 619 2976 691 Ἰερουσαλὴμ
3001 618 3128 688 ἔφη,
3167 617 3301 688 πρὸς
3325 619 3478 673 αὑτὸν
3511 625 3648 694 παρὰ
3668 627 3748 681 τοῦ

2220 709 2356 764 Θεοῦ
2382 710 2492 763 τῶν
2522 710 2658 763 ὅλων
2709 708 3036 780 γεγενῆσθαι
3069 708 3195 773 τοὺς
3249 707 3435 776 λόγους
3451 711 3521 776 ⁸⁸,
3556 715 3751 781 εἰκότως

2220 801 2281 856 οὐ
2335 801 2485 866 λαὸν,
2511 801 2646 855 ἀλλὰ
2689 800 2852 866 λαοὺς
2895 801 2976 866 είς
3021 800 3282 871 ἀκρόασιν
3325 804 3632 874 συναγείρει.
3658 807 3754 871 Τὰς

2221 895 2278 948 δὲ
2307 895 2348 926 ⁶⁷
2379 893 2715 965 διῃρημένας
2749 895 2828 957 εἰς
2877 892 2971 946 δύο
3007 891 3283 962 βασιλείας
3324 892 3507 960 φυλὰς,
3537 895 3593 947 ού
3627 896 3754 964 λαὸν,

2223 983 2357 1040 ἀλλὰ
2422 984 2585 1048 λαοὺς
2648 983 2906 1054 ὀνομάζει
2929 1022 2946 1049 ,
2996 983 3090 1036 καὶ
3157 985 3448 1054 παρεγγυᾷ
3503 986 3758 1057 προσέχειν

2223 1077 2466 1138 ἅπαντας
2489 1076 2614 1139 τοὺς
2645 1075 2860 1146 ἐκείνην
2890 1072 3172 1135 οἰκοῦντας
3194 1077 3293 1142 τὴν
3317 1073 3438 1143 γῆν,
3469 1073 3539 1138 ὡς
3565 1073 3649 1128 τοῦ
3675 1079 3757 1129 Δε-

2226 1164 2424 1217 σπότου
2447 1163 2584 1218 Θεοῦ
2611 1161 3043 1236 μαρτυρομένου,
3077 1159 3172 1215 καὶ
3199 1161 3308 1216 ἀπὸ
3328 1162 3420 1217 τοῦ
3451 1162 3586 1216 θείου
3614 1163 3708 1220 νεὼ
3719 1167 3758 1198 ⁸⁸

2226 1256 2551 1324 ποιουμένου
2583 1258 2712 1320 τοὺς
2747 1256 2962 1324 λόγους.
3115 1242 3133 1263 ”

2294 1353 2364 1414 γ’,
2391 1346 2452 1401 δ’.
2479 1368 2496 1399 ι
2549 1347 2678 1401 Ἰδοὺ
2713 1347 2819 1417 γὰρ
2866 1346 3070 1418 Κύριος
3107 1346 3541 1418 ὲκπορεύεταιὲκ
3562 1344 3647 1399 τοῦ
3691 1346 3764 1399 τό·

2224 1453 2327 1490 που
2360 1437 2548 1502 αὑτοῦ,
2577 1439 2671 1492 καὶ
2691 1437 3094 1508 καταϐήσεται,
3127 1439 3222 1490 καὶ
3259 1436 3570 1506 ἐπιϐήσεται
3599 1435 3682 1488 ἐπὶ
3705 1435 3765 1488 τὰ

2225 1528 2335 1599 ὕψη
2383 1529 2484 1599 τῆς
2521 1529 2643 1600 γῆς.
2696 1529 2808 1584 Kal
2857 1529 3251 1600 σαλευθήσεται
3301 1528 3400 1600 ὅρη
3448 1527 3765 1581 ὑποκάτωθεν

2224 1619 2411 1684 αὑτοῦ,
2441 1621 2536 1674 καὶ
2568 1621 2624 1674 al
2675 1619 2918 1684 κοιλάδες
2977 1620 3311 1690 τακήσονται
3351 1617 3425 1681 ὡς
3471 1616 3627 1689 κηρὸς
3673 1615 3766 1670 ἀπὸ

2227 1709 2519 1782 προσώπου
2573 1710 2764 1781 πυρὸς,
2795 1709 2890 1763 καὶ
2938 1710 3014 1775 ὡς
3071 1708 3216 1779 ὕδωρ
3266 1707 3623 1778 καταγόμενον
3645 1707 3684 1739 ⁸³
3717 1708 3765 1759 ὲν

2227 1799 2543 1855 καταϐάσει.
2585 1820 2604 1853 ι
2652 1801 2775 1854 ’Ὁτι
2824 1801 2925 1854 οὐκ
2961 1802 3020 1854 ὲν
3063 1799 3213 1870 τόπῳ
3257 1801 3290 1853 ό
3325 1799 3435 1852 τῶν
3487 1798 3614 1852 ὅλων
3651 1795 3764 1861 Θεὸς

545 1892 1066 1962 incircumscriptus
1089 1931 1104 1956 ,
1137 1898 1192 1946 et
1222 1889 1410 1946 ferens
1442 1889 1629 1965 omnia
1662 1888 1830 1945 verbo
1862 1889 2116 1958 potentiae

2221 1892 2536 1964 (ἀσώματος
2563 1892 2671 1965 γὰρ
2692 1891 2786 1947 καί
2813 1891 3211 1964 άπερίγραφος,
3239 1890 3334 1944 καί
3356 1889 3528 1960 φέρων
3553 1889 3613 1942 τὰ
3645 1886 3766 1955 σύμ-

543 1982 734 2053 suae),
770 1997 838 2037 ex
870 1960 1056 2036 divina
1091 1979 1384 2051 Scriptura
1415 1960 1706 2034 diseiin'us.
1752 1977 1892 2046 Quia
1935 1987 2118 2033 autem

541 2076 601 2130 in
628 2074 1006 2144 Hierosolyma
1035 2073 1358 2143 apparebat,
1392 2073 1548 2128 locus
1577 2071 1699 2142 ejus
1729 2071 1982 2140 templum
2008 2086 2121 2126 mc-

546 2170 654 2223 rito
684 2167 1014 2239 appellatur.
1045 2163 1180 2218 Nam
1215 2165 1297 2220 sic
1331 2179 1552 2236 quoque
1582 2178 1680 2234 per
1714 2178 1971 2233 magnum
2002 2161 2120 2216 Mo-

547 2273 645 2314 sen
693 2257 977 2328 praecipit:
1012 2274 1029 2307 ι
1057 2252 1180 2310 Non
1211 2255 1340 2309 licet
1375 2254 1474 2308 tibi
1509 2251 1794 2308 celebrare
1817 2250 2032 2306 Pascha
2060 2252 2120 2308 in

546 2365 654 2405 una
681 2350 897 2404 urbium
935 2345 1298 2408 tuarum,nisi
1331 2345 1385 2400 in
1420 2345 1541 2401 loco
1567 2359 1731 2417 quem
1758 2345 1985 2417 elegerit
2011 2343 2116 2401 Do-

544 2441 727 2496 minus
766 2439 913 2495 Deus
949 2449 1077 2494 tuus
1109 2439 1159 2494 h.
1193 2456 1213 2491 ι
1245 2435 1324 2493 Ex
1357 2435 1463 2493 hoc
1501 2438 1622 2493 loco
1657 2437 1812 2493 illum
1848 2437 2119 2508 proﬁcisci

539 2530 805 2601 propheta
832 2526 1003 2598 dicit,
1027 2539 1081 2586 et
1104 2530 1322 2585 excelsa
1342 2528 1462 2584 ioca
1499 2527 1872 2583 conscendere
1901 2537 1952 2583 et
1983 2541 2118 2583 con-

539 2630 732 2677 cutere
785 2629 1001 2677 montes
1036 2619 1277 2676 adventu
1327 2633 1463 2686 suo,
1496 2624 1552 2674 et
1583 2619 1754 2675 valles
1784 2618 2121 2690 liquefacere

537 2715 714 2770 instar
741 2725 881 2768 cerae
902 2707 1016 2783 igni
1042 2710 1292 2776 admotae.
1319 2708 1446 2766 Haec
1472 2725 1600 2768 vero
1620 2750 1636 2776 ,
1665 2710 1831 2766 etiam
1866 2717 1929 2764 ut
1955 2711 2119 2765 verba

539 2812 764 2866 sonant,
795 2801 906 2859 Deo
933 2803 1151 2858 volente
1181 2800 1344 2866 ﬁunt,
1376 2807 1431 2857 et
1458 2802 1669 2871 tropice
1697 2815 1919 2872 quoque
1952 2801 2119 2857 intel-

539 2895 685 2949 lecta
718 2894 1003 2949 veritatem
1037 2893 1260 2948 habent.
1290 2891 1426 2946 Nam
1461 2900 1663 2947 montes
1699 2900 1990 2947 comnotus
2022 2905 2118 2961 ap-

540 2985 708 3056 pellat
745 2991 1030 3055 potentatu
1063 2983 1451 3054 superbientes
1474 3022 1489 3048 ,
1522 2983 1616 3054 qui
1673 2984 1728 3037 in
1769 2979 2120 3038 calamitates

539 3074 792 3130 incidunt
817 3091 831 3128 :
864 3073 1026 3128 valles
1055 3087 1188 3130 vero
1217 3073 1538 3128 tabescentes
1559 3114 1575 3138 ,
1610 3072 1960 3128 subditorum
1987 3072 2118 3126 mul-

539 3167 863 3233 titudinem,
901 3169 994 3240 qui
1033 3165 1214 3222 instar
1241 3163 1470 3221 vallium
1497 3164 1782 3220 montibus
1829 3163 2115 3233 subjecta-

537 3275 660 3316 rum
693 3260 796 3316 sub
823 3267 1101 3331 potestate
1125 3259 1432 3330 potentium
1463 3259 1678 3313 vivunt.
1715 3256 1992 3312 Similiter
2011 3271 2114 3311 au-

537 3361 642 3407 tem
675 3361 734 3407 ut
762 3365 902 3422 aqua
925 3392 943 3419 ,
976 3365 1100 3422 qua:
1130 3365 1256 3407 cum
1293 3352 1500 3422 impetu
1531 3366 1630 3421 per
1657 3347 1969 3422 praecipitia
2001 3348 2114 3406 fer-

538 3459 651 3509 utr,
683 3442 964 3513 supplicia
995 3441 1181 3512 dignis
1215 3441 1448 3512 irrogat.
1481 3440 1834 3508 Causamque
1863 3439 2042 3506 all'ert,

2224 2000 2402 2036 παντα
2446 1981 2526 2054 τῷ
2571 1983 2776 2053 ῥήματι
2823 1981 2924 2052 τῆς
2973 1981 3258 2050 δυνάμεως
3307 1975 3528 2048 αὑτοῦ),
3557 1975 3653 2029 ὑπὸ
3683 1975 3766 2044 τῆς

2223 2072 2374 2136 θείας
2402 2072 2622 2144 Γραφῆς
2647 2069 3032 2142 διδασκόμεθα.
3089 2068 3313 2141 Ἐπειδὴ
3335 2068 3392 2122 δὲ
3416 2069 3471 2121 ὲν
3493 2068 3554 2138 τῇ
3590 2066 3762 2136 Ἰερουυ

2223 2163 2358 2235 σαλὴ
2367 2181 2407 2234 μ
2429 2163 2528 2234 τὴν
2560 2161 2884 2231 ἐπιφάνειαν
2910 2161 3146 2214 ἐποιεῖτο
3166 2201 3182 2228 ,
3218 2159 3388 2222 τόπος
3416 2155 3574 2212 αὐτοῦ
3601 2158 3627 2210 ό
3651 2147 3772 2216 νεὼς

2222 2256 2451 2320 εἰκότως
2476 2252 2970 2326 προσαγορεύεται.
2999 2252 3156 2308 Οὕτω
3196 2251 3310 2324 γὰρ
3343 2251 3438 2306 καὶ
3459 2248 3547 2304 διὰ
3571 2248 3656 2303 τοῦ
3685 2264 3770 2318 με·

2221 2347 2386 2418 γάλου
2408 2343 2650 2410 Μωσέως
2667 2344 2984 2418 νομοθετεῖ·
3011 2363 3032 2399 ι
3057 2345 3172 2399 Οὐκ
3197 2342 3380 2410 ἔξεστί
3405 2344 3451 2376 "°
3481 2357 3559 2396 σοι
3579 2338 3771 2410 ποιῆσαι

2221 2439 2283 2493 τὸ
2307 2439 2500 2509 Πάσχα
2538 2439 2598 2491 ὲν
2650 2435 2750 2509 μιᾷ
2799 2436 2907 2490 τῶν
2960 2435 3169 2490 πόλεών
3191 2453 3310 2500 σου,
3349 2433 3465 2489 ἀλλ’
3502 2433 3535 2504 ἢ
3577 2433 3652 2496 εἰς
3693 2431 3770 2484 τὸν

2220 2527 2406 2596 τόπον,
2451 2528 2510 2582 ὃν
2543 2528 2610 2583 ἂν
2665 2513 2957 2599 ἐκλέξηται
3015 2527 3222 2600 Κύριος
3251 2528 3280 2582 ό
3310 2527 3448 2590 Θεός
3479 2540 3589 2579 σου.
3635 2542 3651 2576 ι
3692 2523 3770 2575 Ἐκ

2219 2622 2410 2676 τούτου
2443 2618 2540 2674 τοῦ
2597 2617 2764 2674 τόπου
2815 2620 2982 2690 φησὶν
3033 2619 3195 2673 αὐτὸν
3229 2620 3269 2673 ·ό
3312 2617 3591 2689 προφήτης
3630 2615 3769 2667 ἐκπο-

2222 2710 2501 2784 ρεύεσθαι,
2531 2712 2627 2766 καὶ
2680 2711 2790 2765 τῶν
2845 2711 3065 2782 ὑψηλῶν
3115 2710 3424 2764 ἐπιϐαίνειν
3476 2708 3666 2771 τόπων,
3693 2704 3770 2758 καὶ

2222 2801 2387 2858 σείειν
2411 2804 2481 2857 τὰ
2514 2803 2621 2875 όρη
2646 2807 2714 2875 τῇ
2740 2805 3016 2876 παρουσίᾳ
3038 2847 3052 2870 ,
3077 2805 3173 2858 καὶ
3202 2805 3396 2876 τήκειν
3425 2801 3522 2867 τὰς
3550 2797 3769 2858 κοιλάδας

2221 2893 2393 2966 κηροῦ
2430 2894 2586 2964 δίκην
2620 2895 2754 2965 πυρί
2810 2892 3310 2967 προσπελάζοντος.
3365 2892 3553 2948 Ταῦτα
3595 2891 3650 2944 δὲ
3693 2889 3770 2942 καὶ

2223 2986 2362 3039 κατὰ
2392 2983 2454 3039 τὸ
2481 2984 2644 3056 ῥητὸν
2669 2986 2879 3055 γίνεται
2903 2983 3232 3057 βουλομένου
3257 2984 3358 3039 τοῦ
3380 2982 3536 3048 Θεοῦ,
3559 2981 3649 3036 καὶ
3667 2995 3771 3050 τρο-

2223 3073 2402 3142 πικῶς
2430 3077 2697 3150 νοούμενα
2735 3078 2831 3152 τὴν
2858 3077 3119 3152 ἀλήθειαν
3145 3079 3287 3152 ἔχει.
3325 3081 3470 3148 "Om
3508 3075 3611 3146 γὰρ
3639 3073 3774 3128 σειό-

2216 3187 2370 3239 μενα
2419 3167 2547 3234 τοὺς
2606 3171 2698 3225 ἐπὶ
2757 3171 3048 3244 δυναστείᾳ
3107 3167 3648 3244 μεγαλοφρονοῦντας
3695 3161 3772 3216 καὶ

2219 3264 2523 3333 συμφοραῖς
2577 3264 3009 3335 περιπίπτοντας
3064 3263 3332 3336 ὀνομάζει
3377 3278 3394 3295 ⁶
3429 3258 3699 3322 κοιλάδας
3727 3252 3774 3305 δὲ

2217 3353 2570 3422 τηκομένας,
2623 3357 2734 3410 τῶν
2793 3352 3112 3427 ἀρχομένων
3171 3355 3232 3409 τὸ
3287 3353 3530 3426 πλῆθος,
3553 3350 3601 3404 οἳ
3641 3345 3774 3412 δίκην

2215 3441 2476 3497 κοιλάδων
2531 3441 2713 3516 ὄρεσιν
2773 3445 3152 3516 ὑποκειμένων
3205 3440 3316 3500 ὑπὸ
3365 3445 3466 3518 τὴν
3501 3441 3606 3496 τῶν
3635 3438 3771 3492 δυνα-

537 3533 839 3588 στευόντων
919 3534 1171 3599 ἐξουσίαν
1223 3534 1484 3588 τελοῦσι·
1546 3534 1643 3590 καὶ
1700 3536 1855 3591 ὕδατι
1906 3538 1965 3592 δὲ
2015 3539 2438 3611 παραπλησίως,
2488 3541 2652 3614 ῥοίζῳ
2703 3541 2848 3597 κατὰ
2898 3541 2995 3597 τοῦ
3037 3541 3281 3615 πρανοῦς
3332 3539 3647 3613 φερομένῳ,
3692 3528 3776 3590 τάς

532 3627 802 3699 τιμωρίας
846 3627 959 3691 τοῖς
1009 3625 1181 3693 ἀξίοις
1227 3629 1444 3698 ἐπάγει.
1476 3629 1586 3685 Kal
1620 3631 1722 3703 τὴν
1746 3631 1928 3686 αἰτίαν
1964 3633 2252 3704 διδάσκων,
2499 3621 2502 3624 ’

607 3719 774 3775 Vens.
815 3720 866 3773 5.
910 3738 928 3771 ι
958 3718 1191 3791 Propter
1221 3723 1561 3793 impietatem
1585 3765 1600 3792 ,
1634 3723 1852 3796 inquit,
1883 3723 2114 3793 Jacobi,

533 3815 718 3868 omnia
770 3814 884 3871 haec
927 3815 1144 3888 (lient)
1195 3824 1250 3873 et
1299 3828 1526 3889 propter
1576 3829 1864 3891 peccatum
1920 3823 2118 3880 domus

534 3903 779 3960 lsraelis.
813 3921 832 3957 ι
859 3905 1065 3962 Deinde
1097 3907 1403 3976 impietatis
1428 3918 1484 3965 et
1519 3914 1738 3982 peccati
1771 3913 1992 3969 modum
2022 3914 2117 3971 de-

534 4006 890 4064 monstrans,
922 4011 1018 4069 per
1055 3995 1551 4072 interrogationem
1593 4013 1649 4057 et
1693 4004 2114 4074 responsionem

534 4090 946 4146 accusationem
982 4086 1252 4147 instituit.
1293 4109 1312 4144 ι
1343 4091 1476 4159 Quae
1502 4100 1590 4150 est
1623 4095 1880 4166 impietas
1911 4096 2112 4153 domus

531 4179 768 4238 Jacobi?
798 4197 982 4239 nonne
1013 4181 1312 4238 Samaria?
1365 4179 1431 4237 Et
1485 4185 1634 4256 quod
1685 4194 1771 4244 est
1821 4196 2111 4260 peccatum

523 4273 730 4329 'domus
755 4271 911 4330 Iudae
934 4273 958 4329 *ἰ
985 4289 1169 4333 nonne
1201 4274 1636 4350 Hierosolyma?
1663 4296 1682 4331 ι
1712 4278 1795 4334 illi
1831 4281 1980 4336 enim
2014 4278 2115 4335 Sa-

531 4366 768 4420 mariam
803 4366 967 4422 idolis
999 4367 1458 4438 compleverunt,
1488 4368 1542 4422 hi
1577 4368 1793 4440 1480
1823 4385 1954 4426 vero
1986 4369 2116 4424 Hie-

531 4459 866 4529 rosolymam
901 4458 1315 4524 inhabitantes,
1351 4467 1404 4515 et
1435 4459 1504 4513 ad
1543 4460 1792 4516 divinam
1834 4462 2011 4534 legem
2055 4463 2112 4516 in

2284 3744 2345 3793 α.
2371 3759 2389 3791 ι
2421 3735 2786 3798 Δι’άσέϐειαν,
2810 3734 3002 3804 φησὶν,
3032 3731 3248 3796 Ἰακὼϐ,
3281 3732 3462 3786 πάντα
3497 3720 3777 3790 ταῦτα,καί

2215 3827 2282 3882 δι’
2314 3827 2587 3901 ἁμαρτίαν
2624 3827 2771 3881 οἴκου
2812 3825 3052 3898 Ἰσραήλ.
3084 3843 3102 3878 ι
3127 3821 3263 3878 Εἶτα
3287 3823 3504 3887 δεικνὺς
3549 3819 3641 3890 τῆς
3668 3817 3778 3871 ἀσε-

2215 3917 2368 3986 ϐείας
2398 3920 2615 3991 καὶτῆς
2644 3917 2917 3990 ἁμαρτίας
2949 3916 3040 3971 τὸν
3093 3916 3320 3988 τρόπον,
3371 3916 3494 3970 κατ’
3533 3911 3778 3985 ἐρώτησιν

2213 4012 2309 4066 καὶ
2341 4011 2637 4082 ἀπόκρισιν
2686 4011 2920 4062 ποιεῖται
2953 4006 3046 4060 τὸν
3093 4006 3339 4076 ἔλεγχον.
3384 4025 3403 4058 ι
3446 4003 3543 4066 Τίς
3586 4001 3618 4072 ἡ
3668 3994 3778 4052 ἀσέ-

2214 4104 2336 4158 ϐεια
2375 4105 2527 4158 οῐκου
2549 4101 2593 4133 τί
2643 4099 2870 4165 ’ἶακώϐς
2904 4098 3025 4170 ούχί
3056 4096 3103 4129 τ’
3136 4097 3462 4170 Σαμάρειας
3504 4093 3614 4148 Kal
3644 4089 3720 4153 τίς
3750 4088 3777 4154 ἡ

2211 4192 2460 4265 ἁμαρτία
2504 4193 2656 4264 οἴκου
2697 4190 2865 4245 Ἰούδα
2903 4207 2918 4257 ;
2948 4187 3073 4260 οὐχὶ
3123 4187 3525 4260 ’1ερουσαλήμ;
3555 4203 3573 4236 ι
3608 4181 3666 4236 Οἱ
3698 4177 3786 4249 μὲν

2213 4285 2321 4356 γὰρ
2346 4283 2658 4355 Σαμάρειαν
2688 4281 2924 4337 εἰδώλων
2955 4279 3259 4350 ἐνέπλησαν
3280 4295 3292 4309 ·
3312 4278 3364 4331 οἱ
3393 4278 3450 4331 δὲ
3479 4276 3577 4346 τὴν
3610 4273 3783 4341 Ἰερου-

2214 4373 2398 4446 σαλὴμ
2445 4373 2743 4436 οἰκοῦντες,
2780 4371 2875 4425 καὶ
2928 4371 3019 4424 τὸν
3075 4370 3218 4423 θεῖον
3253 4369 3421 4441 νόμον
3470 4370 3528 4421 ἒν
3568 4364 3643 4435 τῷ
3691 4358 3785 4429 νεῷ

2213 4465 2617 4535 παιδευόμενοι,
2651 4461 2968 4535 παρανομίᾳ
2995 4460 3268 4516 διετέλουν
3295 4459 3590 4525 συζῶντες.
3621 4455 3778 4525 Προσ-

530 4549 736 4618 templo
765 4549 1034 4613 instituti,
1079 4549 1136 4604 in
1185 4548 1432 4606 assiduis
1479 4550 1868 4622 iniquitatibus
1920 4565 2110 4605 versa—

2218 4559 2399 4611 εκτέον
2425 4559 2502 4619 δὲ,
2526 4558 2608 4611 ὅτι
2631 4557 2690 4611 ὃν
2715 4556 2831 4610 ἅνω
2855 4552 3024 4610 οἷκον
3062 4554 3311 4622 Ἰσραὴλ
3361 4552 3634 4622 ὠνόμασε,
3673 4541 3779 4598 τοῦ·

530 4640 751 4694 bantur.
785 4639 883 4693 Est
917 4648 1100 4695 autem
1136 4641 1535 4696 attendendum
1564 4682 1578 4706 ,
1616 4642 1763 4714 quod
1793 4657 1957 4711 quam
2007 4656 2106 4695 su-

529 4745 626 4801 pra
655 4731 869 4784 domum
899 4727 1125 4787 Israelis
1156 4732 1574 4798 nominaverat,
1608 4733 1756 4788 hanc
1788 4740 1978 4802 postea
2004 4732 2104 4787 do-

531 4838 674 4875 mum
722 4820 883 4876 Juda:
934 4822 1235 4879 vocaverit.
1289 4823 1356 4877 Et
1407 4822 1598 4879 decem
1655 4823 1879 4893 quidem
1931 4823 2110 4878 tribus

529 4911 742 4966 domum
772 4911 964 4967 Jacobi
997 4914 1333 4984 appellavit,
1369 4913 1610 4968 naturali
1647 4921 1806 4969 utens
1843 4915 2064 4971 nomine
2093 4935 2105 4968 :

529 5003 819 5071 spirituale
848 5020 978 5060 vero
1004 4996 1206 5062 nomen
1228 5048 1242 5073 ,
1279 5007 1427 5077 quod
1474 5017 1559 5062 est
1615 5004 1840 5061 Israelis
1861 5047 1876 5072 ,
1929 5008 2108 5078 impo-

529 5095 640 5149 suit
669 5094 851 5158 Judaz,
883 5107 1175 5167 propterea
1203 5098 1355 5169 quod
1385 5099 1634 5155 divinum
1690 5100 1954 5170 templum
2006 5101 2107 5156 ob-

529 5188 768 5245 tinentes
797 5189 917 5259 pios
954 5189 1251 5245 habuerint
1281 5193 1604 5260 permultos.

597 5281 764 5339 Villis.
807 5282 862 5338 6.
900 5301 916 5334 ι
951 5282 1014 5336 Ει
1063 5283 1307 5352 redigam
1345 5281 1651 5339 Samariam
1705 5286 1759 5339 in
1812 5298 2100 5355 pomorum

595 5443 624 5483 ιι
656 5442 810 5498 Deut.
843 5457 956 5504 xw,
999 5441 1054 5503 5,
1086 5438 1144 5493 6.

2208 4665 2300 4702 τον
2321 4647 2526 4701 κατιὼν
2549 4643 2720 4701 οἷκον
2762 4644 2957 4700 Ἰούδα
2990 4643 3246 4716 κέκληκε.
3278 4643 3394 4696 Kal
3422 4641 3523 4704 τὰς
3547 4639 3642 4710 μὲν
3665 4633 3779 4687 δέκα

2210 4737 2382 4809 φυλὰς
2412 4734 2587 4793 οἷκον.
2615 4737 2824 4791 Ἰακὼϐ
2854 4735 3288 4808 προσηγόρευσε,
3325 4731 3404 4804 τῷ
3433 4727 3643 4801 φυσικῷ
3663 4741 3780 4824 xm:

2210 4832 2445 4903 σάμενος
2473 4831 2700 4901 ὀνόματι
2732 4848 2746 4861 σ
2783 4830 2843 4883 τὸ
2879 4829 2937 4883 δὲ
2979 4826 3355 4898 πνευματικὸν
3397 4826 3591 4893 ὄνομα,
3616 4819 3671 4874 τὸ
3697 4819 3778 4867 τοῦ

2219 4921 2479 4990 Ἰσραὴλ,
2499 4921 2806 4975 ὲπιτέθεικε
2826 4919 2904 4992 τῷ
2931 4919 3122 4990 Ἰούδᾳ,
3157 4917 3347 4989 ἐπειδὴ
3377 4917 3471 4970 τὸν
3498 4915 3635 4968 θεῖον
3657 4907 3781 4978 ἕχον·

2205 5030 2298 5078 τες
2325 5011 2462 5067 νεὼν
2491 5008 2637 5084 εἶχον
2659 5011 2888 5076 πολλοὺς
2910 5010 3176 5073 εὐσεϐεῖς.

2276 5293 2351 5349 ς’.
2390 5306 2407 5335 ε
2452 5285 2560 5338 Kal
2591 5283 2829 5354 θήσομαι
2879 5282 3193 5352 Σαμάρειαν
3223 5281 3302 5344 εἰς
3349 5270 3778 5350 όπωροερυλάκιον

1778 5590 2015 5646 VARUS
2057 5589 2462 5649 LECTIONES.

600 5739 641 5770 “
674 5757 726 5791 τ.
755 5737 874 5803 λόγ.
902 5734 1048 5806 Ὲτδν
1074 5730 1258 5806 λόγον.
1327 5729 1379 5806 ,(⁸⁷
1408 5732 1484 5806 δέ.
1508 5731 1696 5806 C_et_F
1725 5734 1855 5806 γάρ.
1931 5735 1976 5766 ⁸⁸
1998 5731 2038 5788 F
2071 5733 2222 5789 ναοῦ.
2301 5736 2346 5766 '9
2368 5735 2412 5788 Α
2451 5736 2911 5806 καταφερόμενον.
2991 5737 3032 5767 ⁷ο
3060 5735 3161 5790 οὐκ
3195 5734 3396 5804 ἔξεστι,
3431 5748 3484 5786 κ.
3515 5747 3564 5784 τ.
3600 5723 3649 5782 λ.
3672 5718 3770 5776 Ali-

535 5811 613 5858 ter
643 5809 682 5863 l.
712 5821 762 5860 c.
787 5798 891 5873 leg.
969 5804 1009 5834 ⁷¹
1040 5798 1301 5856 «iubes.
1327 5798 1381 5851 in
1419 5803 1482 5854 Δ.
1563 5802 1603 5831 ⁷²
1631 5801 1677 5853 Α
1705 5798 1787 5854 οὖ.
