4088 6412
420 385 554 452 174Ί

1419 383 1458 440 Γ
1462 381 1896 442 IIEODORETI
1927 381 2266 443 EPISCOPI
2303 380 2669 442 CYRENSIS

3548 373 3687 441 1748

414 505 471 551 et
499 490 838 565 praevidebat
868 489 1206 561 alienigenas
1239 486 1452 559 1482
1485 489 1554 543 de
1591 489 1787 543 borum
1832 488 1991 545 malis

2100 489 2188 542 τοῦ
2238 487 2453 560 Ἰσραήλ
2519 485 2713 556 φυλαῖς
2744 484 3140 557 προηγόρευσε,
3167 501 3423 557 προεωρα
3468 486 3526 540 δὲ
3552 489 3682 554 τοὺς

303 576 312 591 ⁸
416 584 708 653 gavisuros
755 596 901 649 esse,
933 579 1001 635 ad
1049 579 1174 634 illos
1221 591 1528 632 sermonem
1577 578 1883 647 convertit,
1940 586 1996 636 et

415 675 596 729 dixit:

495 764 660 819 Vens.
695 765 783 819 10.
814 780 835 815 ι
863 762 967 830 Qui
997 763 1054 817 in
1079 762 1217 818 Geth
1241 800 1255 826 ,
1285 760 1460 817 nolite
1488 759 1828 830 magniﬁcari
1859 778 1871 813 :
1901 759 1995 831 qui

423 856 477 909 in
512 854 739 909 Enacim
761 892 777 919 ,
805 853 979 908 nolite
1026 852 1364 908 remdiﬁcare
1392 868 1458 908 ex
1487 851 1653 906 domo
1702 850 1948 904 derisum
1977 867 1992 903 :

425 957 629 1000 terram
663 945 940 1016 aspergite
967 943 1034 1000 ad
1065 943 1310 1000 derisum
1344 951 1615 999 vestrum.
1648 961 1668 995 ›
1693 941 1772 998 Ne
1796 942 1996 998 eﬂera-

419 1037 552 1091 mini
580 1051 644 1091 ex
679 1036 874 1090 horum
905 1036 1222 1091 calamitate
1260 1036 1643 1097 exsultantes,
1675 1034 1835 1103 quasi
1879 1045 1997 1087 ma-

417 1128 597 1182 lormn
631 1135 887 1197 expertes
921 1128 1201 1183 maneatis
1230 1145 1244 1181 :
1282 1126 1378 1182 sed
1410 1140 1509 1196 pro
1539 1125 1857 1188 derisione,
1888 1139 1996 1194 qua

416 1227 610 1274 contra
657 1218 938 1276 lsraelitas
985 1218 1071 1273 usi
1113 1218 1285 1281 estis,
1324 1218 1550 1288 pulvere
1578 1217 1868 1286 conspersi
1895 1214 1996 1271 do-

416 1309 684 1365 mesticas
727 1310 915 1378 lugete
962 1309 1334 1363 calamitates.
1371 1306 1597 1360 Enacim
1645 1313 1830 1360 autem
1883 1319 1995 1359 non

417 1408 506 1456 est
526 1442 542 1468 ,
569 1409 631 1455 ut
658 1401 883 1471 quidam
912 1399 1305 1455 existimarunt
1324 1439 1338 1461 ,
1365 1397 1498 1453 urbs
1523 1413 1552 1451 a
1575 1396 1714 1452 Geth
1741 1395 1992 1451 diversa:

420 1495 519 1550 sed
557 1494 898 1549 habitatores
940 1493 1076 1548 Geth
1112 1493 1348 1564 appellat
1385 1491 1604 1546 Enacim
1635 1491 1704 1546 ab
1733 1492 1884 1546 Enac
1915 1490 1997 1561 gi-

418 1594 584 1658 gante
619 1584 930 1649 oriundos;
961 1584 1106 1654 quod
1141 1584 1364 1654 quidem
1397 1599 1467 1640 ex
1499 1583 1690 1638 multis
1731 1583 1870 1639 locis
1911 1582 1998 1638 di-

419 1679 562 1732 vina:
591 1676 887 1746 Scripturae
913 1675 1175 1745 cognosci
1206 1683 1409 1745 potest.

2097 579 2430 649 ἀλλοφύλους
2478 581 2590 642 τοῖς
2642 577 2848 631 τούτων
2917 577 3396 648 ἐφησθησομένους
3461 580 3682 644 κακοῖς,

2098 671 2236 742 πρὸς
2268 669 2470 732 αὐτοὺς
2496 668 2687 738 τρέπει
2713 667 2802 721 τὸν
2825 667 3002 734 λόγον,
3039 667 3132 720 καί
3165 683 3356 738 φησιν·

2169 760 2225 813 l'.
2274 780 2292 811 ι
2323 761 2387 812 Οἱ
2419 761 2476 811 ἐν
2506 759 2628 820 rso,
2670 757 2745 828 μὴ
2784 755 3177 826 μεγαλύνεσθε,
3213 756 3310 808 καὶ
3343 757 3394 808 oi
3426 757 3682 826 Ἐνακὶμ,

2100 850 2178 922 μή
2206 849 2610 918 ἀνοικοδομεῖτε
2637 848 2695 913 ἐξ
2728 848 2878 900 οἴκου
2902 846 3261 914 καταγέλωτα
3277 847 3326 878 ⁸⁸
3348 863 3361 877 ο
3382 849 3486 918 γῆν
3515 864 3683 901 κατα-

2097 940 2382 996 πάσσασθε
2435 940 2516 1002 είς
2567 937 2660 991 τὸν
2697 936 3056 1006 καταγέλωτα
3097 936 3272 1007 ὑμῶν.
3320 955 3337 987 ι
3375 937 3469 1007 Μὴ
3506 949 3677 1006 μεγαν

2099 1034 2367 1104 φρονεῖτε,
2394 1031 2514 1093 ταῖς
2542 1028 2746 1082 τούτων
2778 1030 3083 1097 συμφοραῖς
3100 1027 3444 1097 ἐφηδόμενοι,
3475 1026 3550 1088 ὡς
3578 1027 3683 1078 αύ-

2095 1124 2177 1177 τοὶ
2226 1122 2479 1194 μένοντες
2513 1121 2784 1192 ἀκήρατοι
2811 1135 2826 1147 ο
2859 1120 2978 1173 ἀλλ’
3017 1119 3142 1171 ἀντὶ
3196 1117 3291 1171 τού
3345 1118 3607 1186 γέλωτος,
3635 1110 3683 1184 ᾧ

2097 1211 2240 1266 κατὰ
2276 1211 2388 1265 τῶν
2433 1208 2785 1280 Ἰσραηλιτῶν
2811 1207 3108 1279 κέχρησθε,
3135 1206 3242 1276 γῆν
3258 1205 3684 1274 καταπαττόμεο

2096 1321 2178 1358 νοι
2226 1303 2326 1366 τὰς
2367 1303 2575 1366 οἰκείας
2621 1299 2966 1370 ὀλοφύρεσθε
3011 1298 3321 1370 συμφοράς.
3363 1297 3596 1366 Ἐνακὶμ
3623 1294 3684 1348 δέ

2097 1395 2214 1465 οὐχ,
2246 1393 2323 1458 ῶς
2349 1411 2494 1458 τινες
2530 1392 2824 1458 ὑπέλαϐον,
2879 1389 3014 1461 ἀλλη
3051 1407 3135 1453 τις
3181 1389 3337 1453 πόλις
3365 1390 3484 1441 ἐστὶ
3529 1387 3687 1458 παρά

2096 1486 2195 1558 τήν
2226 1486 2350 1551 Γὲθ,
2384 1485 2519 1540 ἀλλὰ
2565 1486 2689 1547 τοὺς
2736 1480 3080 1545 ἐνοικοῦντας
3119 1481 3220 1552 τὴν
3275 1480 3401 1536 Γὲθ.
3433 1480 3683 1549 Ἐνακὶμ

2097 1575 2355 1646 ὀνομάζει
2379 1615 2395 1640 ,
2427 1576 2503 1640 ὡς
2522 1573 2689 1628 Ἐνάκ
2719 1573 2817 1626 τοῦ
2856 1571 3115 1640 γίγαντος
3145 1569 3448 1636 ἀπογόνους
3493 1568 3682 1630 ὄντας.

2098 1668 2213 1722 Καὶ
2267 1667 2425 1721 τοῦτο
2484 1665 2813 1736 πολλαχόθεν
2875 1662 3072 1734 μαθεῖν
3121 1660 3348 1716 δυνατὸν
3385 1659 3538 1730 παρὰ
3575 1659 3684 1729 τῆς

2099 1758 2248 1822 θείας
2277 1757 2521 1830 Γραφῆς.

490 1852 657 1907 Vens.
695 1851 779 1905 Il.
812 1869 831 1902 ι
862 1851 995 1918 Qua:
1023 1851 1239 1906 habitat
1275 1852 1433 1908 bene.
1468 1869 1485 1904 ι
1514 1849 1786 1905 Demoliar
1824 1849 1995 1907 urbes

2171 1857 2263 1905 ια’.
2316 1869 2334 1902 ‹
2381 1847 2758 1918 Κατοικούσης
2775 1845 2822 1879 ⁸⁸
2863 1843 3063 1908 καλῶς.
3108 1859 3128 1894 ι
3181 1840 3414 1895 Καθελῶ
3447 1838 3545 1902 τὰς
3585 1838 3688 1892 πό-

417 1942 560 2013 ejus.
595 1940 747 1995 Nihil
776 1942 924 1997 enim
959 1943 1119 1999 vobis
1173 1942 1454 2013 proderit,
1504 1957 1606 1996 nec
1629 1940 1994 1996 aediﬁciorum

417 2034 694 2104 elegantia
713 2073 728 2097 ,
757 2047 860 2088 nec
890 2033 1140 2089 locorum
1175 2034 1446 2098 munitio,
1477 2033 1574 2088 sed
1603 2033 1768 2088 urbes
1797 2041 1998 2088 vestra:

421 2125 672 2184 funditus
698 2135 1038 2183 evertentur.
1075 2143 1095 2178 ι
1128 2125 1248 2182 Non
1292 2138 1376 2183 est
1421 2142 1646 2198 egressa
1697 2128 1994 2183 habitatrix

419 2209 600 2274 Asinan
621 2261 638 2286 ,
670 2219 907 2290 plangite
941 2219 1162 2274 domum
1191 2235 1312 2290 qua:
1343 2225 1429 2274 est
1457 2219 1616 2288 juxta
1649 2234 1772 2273 eam
1799 2237 1813 2273 :
1842 2217 1992 2272 acci-

417 2309 534 2380 piet
587 2325 655 2365 ex
701 2310 862 2366 vobis
921 2310 1139 2381 plagam
1195 2310 1430 2366 doloris.
1465 2308 1785 2376 :Quoniam
1838 2308 1996 2364 vobis

418 2401 717 2459 condolere
747 2402 926 2458 noluit
946 2443 960 2468 ,
990 2410 1046 2458 et
1078 2403 1547 2474 castigationibus
1580 2402 1782 2457 vestris
1806 2415 1997 2456 emen-

417 2489 576 2559 dari,
608 2491 780 2547 invita
817 2493 1089 2547 malormn
1128 2500 1444 2548 vestrorum
1482 2492 1762 2563 particeps
1791 2491 1994 2547 elﬁcie-

418 2590 532 2638 tur.
563 2581 745 2637 IEnan
775 2590 961 2638 autem
994 2598 1105 2639 una
1135 2583 1444 2639 vicinarum
1476 2583 1696 2638 urbium
1727 2581 1851 2637 fuit.

485 2750 656 2809 Vens.
692 2753 780 2808 12.
822 2772 841 2805 ι
877 2754 1012 2820 Quis
1045 2755 1253 2826 incepit
1282 2755 1335 2810 in
1365 2755 1529 2812 bonis
1561 2755 1863 2822 habitanti,
1894 2754 1994 2811 do-

415 2843 612 2900 lores?
643 2863 662 2898 ι
691 2843 823 2900 lndc
855 2859 1165 2900 sermonem
1199 2847 1370 2900 vertit
1415 2847 1483 2901 ad
1531 2845 1991 2918 Hierosolymam.

416 2933 726 2990 Verborum
756 2936 1109 2991 constructio
1143 2936 1426 3006 implicata
1453 2945 1576 3003 est,
1604 2945 1660 2990 et
1703 2938 1860 2992 valde
1895 2939 1993 2992 ob-

417 3039 610 3081 seura.
653 3022 769 3080 Hac
801 3025 989 3095 itaque
1033 3025 1389 3081 ordinatione
1427 3043 1627 3082 sensus
1659 3028 1997 3098 investigan-

419 3116 525 3172 dus
553 3123 680 3172 est:
713 3134 733 3169 ι
761 3114 902 3182 Quis
942 3116 1152 3188 incepit
1181 3119 1200 3139 θ
1229 3115 1453 3174 dolores
1501 3119 1521 3190 ί
1547 3117 1796 3190 inferre)
1840 3118 1996 3176 habi-

2096 1941 2205 2005 λεις
2237 1942 2429 2012 αὐτῆς.
2459 1939 2624 1994 Οὐδὲν
2656 1938 2768 2009 γὰρ
2817 1938 2962 2010 ὑμᾶς
2988 1935 3199 2005 ὀνήσει,
3229 1932 3352 1987 οὔτε
3384 1931 3493 1984 τῶν
3525 1933 3683 1984 οἰκο-

2093 2035 2231 2106 δομη
2240 2034 2425 2104 μάτων
2448 2031 2510 2085 τὸ
2537 2031 2758 2096 κάλλος,
2778 2029 2902 2084 οὔτε
2935 2031 2969 2100 ή
2999 2028 3108 2083 τῶν
3129 2026 3343 2098 χωρίων
3365 2023 3640 2093 ἀσφάλεια
3662 2041 3678 2052 ·

2094 2126 2211 2180 ἀλλ’
2260 2123 2555 2179 ἀνάστατοι
2593 2122 2749 2193 ὑμῶν
2780 2123 2836 2175 αἱ
2886 2120 3074 2183 πόλεις
3117 2118 3460 2186 γενήσονται.
3495 2133 3516 2167 ‹
3560 2116 3685 2168 Οὐκ

2095 2218 2286 2288 ἐξῆλθε
2313 2214 2645 2271 κατοικοῦσα
2681 2213 2848 2267 Αἰνὰν
2871 2214 2942 2278 ⁸⁸,
2973 2208 3279 2280 κόψασοελδτ
3303 2202 3448 2261 οἷκον
3482 2206 3685 2276 ἐχόμε-

2094 2327 2184 2365 νον
2204 2310 2392 2380 αὐτῆςσ
2425 2308 2657 2379 λήψεται
2681 2305 2740 2372 ἐξ
2763 2304 2918 2376 ὑμῶν
2941 2302 3154 2374 πληγὴν
3179 2300 3390 2369 ὀδύνης.
3405 2317 3424 2349 ι
3455 2297 3684 2367 Ἐπειδὴ

2096 2400 2432 2471 συναλγῆσαι
2464 2401 2594 2470 ὑμῖν
2648 2399 2750 2452 οὐκ
2781 2395 3036 2466 ἠθέλησε,
3081 2393 3177 2447 καὶ
3224 2393 3358 2454 ταῖς
3382 2389 3685 2460 ὑμετέραις

2097 2491 2532 2563 σωφρονισθῆναι
2565 2487 2870 2551 παιδείαις,
2919 2484 3240 2554 κοινωνήσει
3292 2483 3421 2552 ὑμῖν
3465 2482 3684 2536 ἄκουσα

2094 2584 2194 2654 τῆς
2243 2582 2564 2653 συμφορᾶς·
2605 2577 2702 2650 μία
2757 2577 2814 2631 δὲ
2858 2576 2968 2630 τῶν
3018 2573 3441 2646 γειτονευουσῶν
3490 2571 3686 2633 αὐτοῖς

2094 2673 2303 2726 πόλεων
2331 2667 2399 2741 ἧν
2425 2671 2458 2740 ή
2482 2669 2676 2723 Λίνάν.

2169 2762 2254 2832 ιβ’.
2286 2781 2305 2814 ι
2342 2761 2438 2820 Τίς
2467 2758 2674 2830 ήρξατο
2709 2758 2790 2820 είς
2819 2755 3004 2826 ἀγαθά
3035 2751 3370 2825 κατοικούσῃ
3391 2750 3624 2814 ὁδύναςς
3655 2769 3678 2801 ι

2099 2851 2382 2906 Ἐντεῦθεν
2427 2849 2563 2920 πρὸς
2610 2847 2710 2917 τὴν
2750 2843 3108 2918 Ἰερουσαλὴμ
3136 2841 3432 2915 μεταφέρει
3471 2839 3564 2893 τὸν
3591 2839 3686 2892 λό-

2095 2960 2193 3013 γον
2214 2957 2228 2972 ’
2263 2943 2380 2995 ἐστι
2409 2941 2465 2995 δὲ
2501 2942 2534 3012 ή
2567 2937 2819 3003 σύνταξις
2857 2937 2966 2991 τῶν
2997 2936 3177 3008 ῥητῶν
3207 2931 3683 3004 συμπεπλεγμένη

2095 3037 2192 3090 καὶ
2223 3035 2342 3088 λίαν
2379 3033 2614 3102 ἀσαφής.
2647 3030 2770 3101 Χρὴ
2803 3031 2982 3084 τοίνυν
3005 3029 3146 3082 οὓτω
3181 3025 3551 3090 συντάξαντας
3589 3025 3686 3077 εὑ-

2099 3130 2212 3199 ρεῖν
2237 3126 2334 3198 τήν
2348 3125 2602 3178 διάνοιαψ
2616 3124 2739 3186 «Τίς
2759 3123 2962 3194 ἤρξατο
2979 3123 3059 3185 είς
3075 3121 3122 3152 ⁸⁸
3136 3118 3325 3181 ὀδύνας
3346 3116 3683 3186 κατοικούσῃ

418 3209 560 3264 tanti
609 3207 665 3263 in
696 3206 910 3262 bonis?
939 3227 957 3260 ι
988 3207 1122 3274 Quis
1142 3248 1158 3273 ,
1207 3209 1388 3280 inquit
1409 3249 1425 3274 ,
1472 3211 1640 3265 rebus
1687 3209 1993 3266 abundanti

2100 3219 2309 3287 ἀγαθά;
2351 3236 2371 3271 ι
2409 3219 2488 3289 Τῇ
2536 3215 2643 3288 γάρ
2701 3213 3099 3286 εὐθηνουμένῃ,
3130 3215 3300 3284 φησὶ,
3329 3215 3424 3299 καὶ
3453 3213 3687 3282 εἰρήνης

419 3308 475 3356 et
502 3315 637 3372 pace
669 3315 734 3356 ac
765 3300 1032 3356 felicitate
1078 3302 1251 3357 multa
1296 3302 1544 3368 fruenti,
1590 3311 1786 3358 auctor
1831 3304 1996 3360 mise—

419 3393 630 3450 riarum
655 3393 909 3450 exstitit?
941 3392 1249 3452 Ostendere
1274 3395 1394 3450 vult
1428 3404 1613 3452 autem
1631 3435 1649 3463 ,
1679 3411 1790 3450 non
1818 3395 1997 3451 homi-

419 3501 545 3540 nem
577 3487 628 3542 ei
653 3526 668 3553 ,
711 3487 810 3542 sed
847 3487 1059 3559 1483
1097 3487 1268 3542 Deum
1301 3487 1689 3545 universorum
1723 3488 1999 3560 irrogasse

419 3579 730 3649 supplicia,
790 3581 1092 3650 impietatis
1152 3580 1224 3634 ab
1283 3596 1349 3636 eo
1408 3596 1604 3650 pinnas
1667 3581 1996 3651 exigentem.

419 3667 795 3735 Quamobrem
853 3671 1060 3726 infert:
1094 3689 1111 3722 ‹
1143 3671 1284 3736 Quia
1335 3672 1745 3728 descenderunt
1793 3672 1934 3726 mala
1969 3688 1998 3725 a

421 3759 656 3816 Domino
685 3778 852 3832 super
877 3772 1066 3832 portas
1090 3761 1508 3834 Hierosolymam
1547 3783 1566 3816 ι
1615 3763 1681 3818 Ει
1703 3765 2001 3820 ostendens

421 3867 674 3923 qua-mam
703 3853 817 3908 haec
846 3854 980 3919 sint,
1008 3853 1298 3924 adjunxit:

494 3941 664 4000 Vsus.
695 3944 783 3998 15.
831 3963 850 3996 ι
881 3943 1107 4001 Sonitus
1137 3961 1398 4001 curruum
1431 3955 1484 4000 et
1511 3945 1778 4015 equitum.
1812 3964 1831 3996 ›
1874 3945 2001 3999 llmc

421 4032 586 4088 etiam
619 4049 714 4102 per
740 4035 939 4090 Isaiam
971 4043 1163 4104 aperte
1192 4050 1293 4091 nos
1321 4035 1530 4090 docuit.
1561 4053 1579 4086 ι
1607 4033 1698 4088 Va:
1719 4034 1997 4104 Assyriis!

421 4123 576 4193 virga
626 4122 834 4180 furoris
888 4126 994 4180 mei
1046 4135 1128 4181 est
1175 4127 1231 4181 in
1282 4127 1538 4182 manibus
1586 4141 1776 4181 eorum
1812 4143 1826 4179 :
1861 4126 1999 4179 iram

422 4229 601 4269 meam
634 4215 688 4270 in
721 4225 938 4286 gentem
969 4218 1215 4289 iniquam
1250 4219 1486 4286 mittam,
1539 4227 1592 4272 el
1624 4217 1824 4288 populo
1879 4232 2002 4272 meo

424 4307 763 4377 praecipiam,
818 4317 877 4362 ut
925 4308 1091 4363 faciat
1119 4311 1291 4381 spolia
1321 4319 1376 4365 et
1407 4308 1711 4380 praedami.
1747 4329 1765 4361 ι
1826 4309 1919 4365 Sic
1948 4317 2003 4365 et

423 4399 528 4453 hoc
557 4398 719 4454 loco:
756 4418 776 4452 ι
801 4399 935 4466 Quis
967 4401 1170 4471 incepit
1201 4402 1420 4458 dolores
1453 4401 1700 4473 (inferre)
1728 4401 2001 4456 habitanti

423 4489 481 4543 in
537 4489 738 4544 bonis?
812 4490 939 4562 quia
996 4491 1404 4548 descenderunt
1477 4493 1621 4546 mala
1677 4507 1708 4546 a
1765 4491 2000 4548 Domino

422 4595 590 4652 super
612 4590 800 4652 portas
822 4581 1232 4656 Hierosolyma,
1257 4585 1472 4640 sonitus
1494 4598 1756 4639 curruum
1777 4591 1830 4637 et
1855 4582 2004 4651 equi-

423 4678 560 4726 tum.
591 4691 610 4724 ›
648 4672 761 4744 Ego
786 4675 955 4739 enim,
989 4675 1188 4746 inquit,
1215 4677 1294 4733 eis
1324 4675 1584 4731 omnibus
1615 4674 1774 4728 bonis
1804 4673 2006 4729 redun-

427 4761 688 4820 dantibus
718 4765 961 4820 dolorem
992 4768 1176 4833 attuli,
1221 4769 1468 4823 hostium
1509 4767 1915 4821 multitudinem
1949 4767 2004 4820 in

424 4868 524 4910 eos
553 4854 879 4914 immittens.
935 4856 1076 4924 Quia
1115 4874 1246 4915 vero
1275 4868 1402 4915 ante
1432 4857 1869 4930 Hierosolymam
1901 4857 2006 4912 La-

429 4947 551 5001 chis
580 4948 714 5004 urbs
765 4960 974 5004 vastata
1007 4950 1110 5006 fuit
1165 4957 1314 5024 (nam
1347 4952 1788 5023 Hierosolymam
1818 4950 2005 5008 Nabu-

426 5037 794 5105 chodonosor,
828 5039 1029 5098 Lachis
1058 5060 1188 5100 vero
1220 5044 1613 5101 Sennacherim
1645 5043 2005 5113 depopulatus

426 5129 556 5200 est),
589 5131 654 5185 ad
679 5133 820 5190 hanc
837 5149 1144 5192 sermonem
1164 5138 1455 5195 convertit.
1475 5156 1493 5187 ι
1521 5134 1787 5191 llabitans
1809 5133 2006 5190 Lachis

429 5222 689 5293 princeps
731 5227 942 5295 peccati
983 5237 1067 5284 est
1098 5230 1221 5285 tiliae
1251 5229 1405 5294 Sion,
1438 5229 1570 5301 quia
1602 5229 1656 5283 in
1689 5235 1741 5284 te
1771 5229 2006 5284 inventae

502 5403 516 5453 1'
556 5402 664 5461 lsa.
688 5421 742 5473 x,
781 5403 834 5472 5,
859 5405 914 5460 6.

2099 3309 2448 3382 ἀπολαυούσῃ
2471 3351 2485 3376 ,
2524 3311 2615 3363 καὶ
2647 3309 2946 3380 εὐπραξίας
2976 3308 3199 3378 πολλῆς,
3231 3307 3316 3372 τίς
3348 3307 3519 3370 αἴτιος
3559 3307 3687 3372 ἐγέσ

2098 3419 2220 3458 νετο
2247 3401 2355 3455 τῶν
2395 3400 2724 3474 συμφορῶνς
2763 3401 2944 3466 Δεῖξαι
2974 3399 3032 3452 δέ
3061 3399 3331 3470 βούλεται,
3362 3399 3437 3462 ὡς
3464 3401 3564 3452 οὐκ
3586 3397 3688 3452 ἀνι

2101 3493 2320 3564 θρωπος
2366 3492 2526 3562 αὐτῇ,
2571 3489 2686 3543 ἀλλ’
2721 3491 2882 3555 αὐτὸς
2908 3492 2936 3544 ὁ
2981 3491 3090 3544 τῶν
3125 3492 3260 3544 ὅλων
3293 3491 3448 3555 Θεὸς,
3481 3490 3684 3558 ἐπάγει

2098 3581 2197 3643 τὰς
2247 3580 2553 3650 τιμωρίας,
2617 3579 2807 3650 ποινὴν
2857 3580 3232 3650 πραττόμενος
3290 3572 3367 3633 ὧν
3415 3578 3680 3648 ἠσέϐησε.

2101 3671 2304 3725 Τούτου
2331 3672 2489 3741 χάριν
2522 3670 2737 3740 ἐπάγειο
2767 3692 2785 3722 ι
2811 3671 2932 3724 ’Ότι
2968 3670 3173 3740 κατέϐη
3202 3670 3350 3724 κακά
3390 3669 3541 3738 παρὰ
3568 3671 3686 3722 Κυ-

2103 3763 2222 3833 ρίου
2276 3764 2369 3815 ἐπὶ
2428 3761 2601 3825 πύλας
2663 3763 3041 3834 Ἰερουσαλήμ.
3083 3781 3101 3815 ι
3135 3763 3247 3816 Καὶ
3297 3762 3512 3824 δεικνὺς
3550 3762 3684 3813 ποῖα

2099 3854 2274 3909 ταῦτα
2287 3894 2300 3918 ,
2337 3854 2694 3923 προστέθεικε
2717 3871 2730 3885 ·

2171 3955 2261 4015 ιγ’.
2307 3964 2329 4000 ι
2370 3948 2553 4015 Ψόφος
2597 3947 2858 4018 ἁρμάτων
2901 3948 2995 4001 καὶ
3031 3947 3392 4001 ἱππευόντων.
3424 3965 3443 3997 ι
3494 3944 3683 3998 Ταῦτα

2102 4039 2195 4093 καὶ
2221 4039 2310 4092 διὰ
2347 4039 2568 4093 Ἡσαΐου
2596 4039 2688 4092 τοῦ
2721 4039 3002 4109 προφήτου
3031 4039 3217 4108 σαφῶς
3251 4039 3398 4109 ἡμᾶς
3425 4037 3680 4090 ἐπαίδευ-

2105 4149 2196 4186 σεν
2219 4148 2234 4160 ·
2274 4150 2292 4184 ι
2320 4132 2454 4185 Οὐαὶ¹
2489 4131 2826 4202 ’Λσσυρίοιςι
2860 4133 2893 4201 ή
2933 4131 3126 4201 ῥάϐδος
3153 4129 3247 4183 τοῦ
3283 4129 3456 4200 θυμοῦ
3489 4147 3591 4200 μου
3624 4131 3682 4181 ὲν

2102 4224 2220 4285 ταῖς
2249 4221 2439 4292 χερσὶν
2481 4221 2684 4286 αὐτῶν,
2734 4221 2832 4289 τὴν
2860 4221 3031 4290 ὀργήν
3060 4239 3160 4290 μου
3188 4221 3268 4284 εἰς
3300 4221 3449 4283 ἔθνος
3477 4222 3680 4288 ἄνομον

2103 4312 2407 4374 ἀποστελῶ,
2455 4313 2550 4364 καὶ
2598 4313 2655 4364 ἐν
2698 4310 2776 4382 τῷ
2825 4311 2944 4382 ἐμῷ
2992 4310 3107 4380 λαῷ
3161 4310 3404 4374 συντὰξω
3457 4309 3685 4378 ποιῆσαι

2106 4403 2280 4458 σκῦλα
2301 4404 2395 4458 καὶ
2418 4403 2717 4474 προνομήν.
2746 4421 2765 4453 ι
2796 4400 2953 4455 Οὕτω
2973 4401 3250 4454 κάνταῦθα
3274 4418 3288 4431 ο
3325 4419 3342 4451 ι
3365 4401 3457 4463 Τίς
3478 4401 3685 4471 ἤρξατο

2107 4498 2186 4560 εἰς
2216 4496 2397 4565 ἀγαθὰ
2422 4495 2750 4565 κατοικούσῃ
2781 4492 3010 4560 ὀδύνας;
3047 4494 3129 4546 ὄτι
3159 4493 3361 4563 κατέϐη
3388 4492 3539 4561 παρά
3569 4494 3684 4544 Κυ-

2109 4587 2226 4658 ρίου
2277 4589 2371 4640 ἐπὶ⁵
2427 4587 2602 4648 πύλας
2660 4584 3016 4656 Ἰερουσαλὴμ
3061 4583 3232 4653 ψόφος
3278 4584 3539 4654 ἁρμάτων
3589 4583 3688 4635 καὶ

2107 4678 2463 4732 ἱππευόντων.
2494 4697 2512 4727 ι
2552 4676 2692 4745 Ἐγὼ
2715 4676 2844 4746 γὰρ,
2871 4677 3025 4746 φησὶ,
3048 4678 3114 4747 τῇ
3138 4673 3358 4744 ἀγαθῶν
3381 4674 3684 4728 ἀπολαύσει

2105 4769 2460 4824 παντοδαπῶν
2507 4768 2606 4832 τὰς
2649 4768 2839 4831 ὀδύνας
2894 4766 3202 4835 ἐπήγαγον,
3253 4765 3360 4818 τῶν
3410 4765 3688 4835 πολεμίων

2104 4861 2286 4922 αὐτοῖς
2338 4862 2638 4931 ἐπιστήσας
2683 4859 2743 4913 τὸ
2776 4858 2999 4928 πλῆθος.
3055 4859 3165 4911 Καὶ
3207 4857 3395 4927 ἐπειδὴ
3431 4857 3537 4928 πρὸ
3584 4858 3688 4925 τῆς

2117 4951 2472 5023 Ἰερουσαλὴμ
2495 4953 2529 5021 ή
2552 4951 2720 5020 Λάχις
2745 4948 3018 5019 ἐπορθήθη
3067 4947 3188 5018 (τὴν
3217 4946 3318 5016 μὲν
3347 4949 3458 5017 γὰρ
3491 4946 3690 5016 Ἰερουι

2110 5043 2292 5113 σαλὴμ
2319 5044 2353 5094 ὁ
2389 5041 2883 5111 Ναϐουχοδονόσορ,
2913 5038 3012 5109 τὴν
3043 5039 3100 5092 δὲ
3146 5039 3318 5109 Λάχις
3347 5039 3376 5090 ὁ
3414 5037 3689 5106 Σενναχη-

2107 5136 2239 5209 ρεὶμ
2290 5131 2680 5203 ἐξεπόρθησε),
2715 5130 2852 5201 πρὸς
2912 5129 3082 5202 αὐτὴν
3134 5129 3324 5210 τρέπει
3370 5128 3462 5180 τὸν
3507 5127 3690 5194 λόγον.

2121 5245 2140 5277 ι
2175 5221 2520 5278 Κατοικοῦσα
2549 5221 2739 5291 Λὰχις,
2758 5220 2997 5291 ἀρχηγὸς
3035 5219 3306 5292 ἁμαρτίας
3341 5219 3478 5289 αὐτή
3501 5218 3545 5249 ⁸³
3570 5218 3691 5270 ἐστι

1709 5563 1941 5618 VARUS
1987 5563 2277 5619 LECTION
2288 5565 2388 5620 ES.

495 5719 544 5754 “
577 5726 619 5774 Λ
643 5725 780 5774 κατὰ
813 5724 1048 5790 γέλωτα.
1091 5720 1134 5751 ⁸³
1167 5723 1208 5775 Δ
1242 5721 1592 5781 κατοικοῦσα,
1615 5723 1768 5785 juxta
1804 5739 1912 5784 rec.
1950 5723 2072 5778 lect.

430 5783 474 5818 "
502 5791 595 5856 εἰς.
622 5793 704 5846 lta
734 5783 857 5846 eum
886 5789 927 5843 C
971 5787 1219 5854 legimus.
1245 5790 1408 5843 Sinn.

2151 5726 2194 5755 δέ
2222 5728 2261 5779 Α
2294 5725 2542 5789 Σαιννᾶν,
2578 5733 2629 5776 ut
2663 5721 2782 5776 Ald.
2861 5720 2900 5748 ”"
2933 5719 3059 5771 nec.
3100 5715 3223 5770 lect.
3253 5720 3353 5778 est,
3389 5710 3690 5768 κόιιασθαι.

1592 5794 1634 5823 ﬁ"
1668 5793 1824 5854 αὐτή.
1863 5792 1985 5848 Des.
2016 5796 2067 5850 in
2099 5796 2162 5848 Α.
