4088 6450
453 380 592 446 Hi!)

1689 387 1791 457 INI
1823 392 2152 452 ΜΙΕΗίΕίΕ
2180 397 2333 462 CAP.
2390 398 2470 456 ll.

3563 405 3698 468 1750

445 499 512 566 τῇ
544 496 775 565 θυγατρὶ
805 495 965 555 Σιὼν.
1005 497 1087 547 ὅτι
1130 496 1188 547 ἐν
1234 497 1315 549 σοὶ
1350 498 1651 567 εὑρέθησαν
1693 503 1748 552 αί
1778 502 2017 554 ἀσέϐειαι

2123 514 2252 557 sunt
2283 506 2602 574 iniquitates
2641 505 2874 560 lsraelis.
2921 525 2939 558 ι
2997 507 3075 561 'l'u
3125 523 3254 564 vero
3307 510 3506 568 Lachis
3550 520 3698 584 prior

427 581 538 642 ’τοῦ
575 587 810 658 Ἰσραήλ.
848 605 866 638 ι
901 588 971 638 Συ
1000 588 1077 652 δὲ,
1106 587 1295 657 Λάχις,
1319 590 1554 661 προτέρα
1580 590 1714 662 δέξῃ
1733 591 1827 662 τὴν
1852 610 2020 661 τιμω-

447 679 592 749 ρίαν,
621 679 732 732 τῶν
765 679 898 731 δέκα
932 678 1114 748 φυλῶν
1146 679 1436 749 ζηλώσασα
1477 683 1576 748 τὴν
1615 681 1890 749 ἀσέϐειαν,
1928 684 2020 735 καὶ

446 773 525 834 εἰς
555 769 652 840 τὴν
683 769 1026 839 παρανομίαν
1054 756 1152 839 τήν
1188 769 1542 841 Ἰερουσαλὴμ
1571 772 1945 844 κατασύρασα.

522 860 602 924 ιδ’,
637 865 718 912 ιε’.
764 878 782 910 ι
813 859 911 912 Διὰ
937 859 1095 913 τοῦτο
1119 860 1309 926 δώσεις
1343 863 1897 934 ὲξαποστελλομένους
1919 867 2020 930 ἕως

448 948 811 1018 κληρονομίας
834 949 955 1014 Γὲθ,
978 949 1158 1014 οἴκους
1189 952 1468 1020 ματαίους,
1496 955 1575 1016 εἰς
1601 955 1754 1009 κενὸν
1776 956 2023 1024 ἐγένοντο

446 1041 557 1102 τοῖς
585 1038 898 1108 βασιλεῦσιν
942 1041 1179 1112 Ἰσραήλ.
1214 1042 1358 1107 Ἕως
1380 1044 1504 1108 τούς
1534 1045 1900 1118 κληρονόμους
1927 1065 2020 1102 σου

445 1127 724 1195 ἀγάγω⁹⁰.
755 1146 774 1179 ι
799 1127 1002 1182 Τούτου
1037 1130 1197 1200 χάριν
1226 1133 1316 1184 καὶ
1351 1133 1503 1204 παρά
1522 1133 1615 1188 σοῦ
1645 1136 1846 1207 πλῆθος
1863 1139 2024 1208 αἰχμ-

448 1221 671 1276 αλώτων
721 1225 770 1277 οἰ
825 1223 1075 1295 πολέμιοι
1100 1225 1360 1296 λήψονται
1384 1243 1398 1256 ⁸
1433 1227 1654 1292 τούτους
1681 1230 1787 1303 γὰρ
1834 1231 2023 1297 ἐξαπο-

452 1313 836 1386 στελλομένους
870 1317 1121 1388 ὠνόμασε
1149 1335 1162 1349 ο
1208 1320 1303 1373 καὶ
1345 1319 1448 1384 ἕως
1496 1321 1596 1375 Γὲο
1646 1321 1852 1392 ἔρημος
1880 1327 1914 1394 ἡ
1950 1325 2021 1393 γῆ

451 1423 545 1458 σου
576 1408 888 1478 γενήσεται,
927 1409 1114 1480 ἐπειδὴ
1140 1413 1206 1482 τῇ
1249 1411 1356 1464 τῶν
1386 1412 1625 1483 ἀνοήτων
1657 1413 1753 1466 τοῦ
1805 1414 2022 1485 Ἰσραὴλ

451 1497 715 1567 βασιλέων
739 1500 1109 1572 ἠκολούθησας
1135 1502 1376 1574 ἀσεϐείᾳ.
1419 1506 1505 1558 Ἐν
1535 1505 1708 1578 ταύτῃ
1738 1507 1794 1560 δὲ
1818 1508 2023 1580 γενήσῃ

448 1595 516 1663 τῇ
547 1593 772 1666 ἐρημίᾳ,
799 1594 904 1658 ἕως
919 1595 1045 1660 τούς
1073 1595 1438 1668 κληρονόμους
1458 1599 1648 1667 ἀγάγω
1674 1617 1768 1652 σου
1784 1600 1849 1664 ⁹¹,
1871 1617 2023 1653 τουτο

447 1683 618 1748 ἐστιν,
641 1684 784 1748 Ἕως
810 1685 876 1739 ἂν
898 1687 1024 1749 τούς
1045 1687 1420 1757 αἰχμαλώτους
1447 1689 1790 1759 ἀπαχθέντας
1814 1690 2020 1744 ἐλευθε-

450 1772 652 1843 ρώσας,
693 1776 1028 1845 ἐπαναγάγω
1067 1777 1252 1844 πάλιν,
1295 1779 1390 1833 καὶ
1421 1779 1518 1850 τὴν
1550 1780 1810 1852 πατρῴαν
1837 1782 2021 1846 αὐτοῖς

2122 593 2279 648 dabis
2311 609 2523 664 poenas,
2553 595 2699 662 quod
2733 595 2943 647 imitata
2975 596 3052 651 sis
3104 597 3290 652 decem
3326 601 3567 657 tribuum
3600 608 3700 660 im-

2123 683 2412 750 pietatem,
2464 692 2518 740 et
2565 685 2710 756 quod
2762 683 2828 738 ad
2879 684 3216 754 impietatem
3265 686 3700 763 Hierosolymam

2121 773 2476 841 pertraxeris.

2195 862 2358 919 Vens.
2395 865 2480 929 14,
2516 873 2603 922 15.
2663 886 2681 917 ‹
2714 866 2840 921 Ideo
2894 866 3050 924 dabis
3079 869 3398 927 emissarios
3429 889 3603 944 usque.
3631 874 3699 928 ad

2123 953 2490 1009 haereditatem
2540 954 2704 1020 Geth,
2750 955 2948 1012 domus
2993 973 3187 1023 vanas,
3239 960 3443 1016 frustra
3476 964 3700 1019 fuerunt

2122 1044 2340 1114 regibus
2388 1045 2634 1102 lsraelis.
2685 1046 2869 1102 Donec
2897 1049 3142 1106 haeredes
3172 1059 3295 1107 tuos
3343 1054 3632 1108 adducam.
3673 1077 3694 1106 ι

2121 1134 2488 1200 Quamobrem
2556 1145 2611 1192 et
2660 1137 2758 1192 abs
2803 1145 2858 1192 te
2903 1140 3241 1208 captivorum
3292 1142 3696 1198 multitudinem

2124 1227 2311 1284 hostes
2363 1229 2604 1297 capient,
2657 1229 2761 1286 bos
2809 1230 2956 1284 enim
3009 1233 3318 1287 emissarios
3364 1235 3599 1301 vocavit,
3641 1243 3697 1290 et

2125 1333 2297 1388 usque
2321 1318 2389 1372 ad
2411 1318 2549 1373 Geth
2576 1329 2720 1374 terra
2747 1329 2837 1374 tua
2861 1322 3184 1383 vastabitur,
3209 1325 3354 1393 quod
3379 1326 3695 1381 insanorum

2122 1407 2343 1463 lsraelis
2394 1423 2588 1478 regum
2636 1421 2822 1465 secuta
2863 1411 2940 1466 sis
2977 1411 3198 1484 1484
3243 1412 3598 1484 impietatem.
3640 1417 3697 1471 In

2125 1498 2225 1552 hac
2254 1505 2435 1553 autem
2460 1499 2760 1555 solitudine
2781 1503 3152 1570 permanebis,
3203 1522 3222 1554 ‹
3254 1504 3431 1561 donec
3453 1506 3697 1562 lueredes

2123 1597 2247 1644 tuos
2278 1589 2581 1658 adducam;
2613 1610 2631 1641 ι
2667 1591 2772 1645 hoc
2803 1603 2903 1654 est,
2937 1591 3112 1648 donec
3160 1609 3256 1649 eos
3298 1596 3389 1664 qui
3424 1595 3477 1650 in
3528 1597 3701 1665 capti-

2123 1679 2348 1735 vitatem
2380 1689 2511 1736 sunt
2541 1682 2782 1745 abducti,
2813 1683 3074 1738 liberatos
3106 1699 3304 1741 rursus
3334 1686 3616 1752 reducam,
3645 1696 3700 1743 et

2125 1781 2407 1839 paternam
2441 1772 2812 1828 haereditatem
2845 1775 2926 1829 eis
2973 1775 3284 1830 restituam.
3337 1776 3569 1843 Quidam
3601 1793 3698 1832 au-

447 1862 634 1916 ἀποδῶ
660 1864 1047 1936 κληρονομίαν.
1077 1869 1232 1932 Τινὲς
1249 1871 1293 1902 ⁹²
1325 1869 1383 1924 δὲ
1410 1871 1550 1937 τοὺς
1583 1850 2016 1944 κληρονόμους,

2125 1869 2231 1916 tem
2263 1863 2493 1918 iiwredes
2525 1864 2868 1934 interpretati
2899 1874 3030 1921 sunt
3057 1866 3254 1934 hostes,
3287 1869 3366 1924 sic
3398 1869 3578 1923 locum
3614 1870 3698 1923 in-

445 1953 586 2020 τοὺς
610 1955 935 2024 πολεμίους
970 1957 1341 2030 ἡρμήνευσαν,
1375 1959 1517 2016 οὕτω
1545 1962 1607 2016 τὸ
1647 1963 1845 2034 χωρίον
1887 1965 2012 2036 νοή-

447 2063 639 2110 σαντες
671 2063 687 2079 ο
751 2065 770 2099 ι
801 2049 1098 2119 Οἰκήσει.⁹³
1140 2053 1267 2116 τοὺς
1317 2053 1501 2119 οἴκους
1560 2055 1687 2120 τούς
1731 2058 2015 2128 ματαίους,

445 2137 644 2200 οἵτινες
689 2139 768 2202 εἰς
801 2140 956 2193 κενὸν
1002 2141 1250 2210 ἐγένοντο
1275 2145 1386 2208 τοῖς
1420 2139 1731 2216 βασιλεῦσιν
1774 2149 2014 2222 Ἰσραὴλ,

446 2226 550 2290 ἕως
581 2227 706 2293 τοὺς
735 2228 1126 2301 κληρονόμους,
1165 2252 1184 2286 ι
1233 2234 1353 2288 ἀντὶ
1382 2233 1501 2301 τοῦ,
1541 2238 1668 2304 τούς
1701 2241 2014 2312 πολεμίους,

451 2337 471 2370 ι
499 2320 691 2389 ἀγάγω
729 2338 832 2375 σοι.
863 2341 882 2373 ι
937 2324 1092 2378 Κατά
1134 2324 1192 2379 δὲ
1222 2326 1314 2381 τὸν
1360 2329 1588 2384 Ἀκύλαν
1616 2332 1811 2397 ἑνικῶς
1841 2333 2015 2387 τεθει-

445 2410 581 2466 κότα
615 2413 726 2465 τὸν
764 2416 1164 2485 κληρονόμον,
1204 2417 1298 2470 καὶ
1345 2418 1646 2492 βαθυτέραν
1691 2423 2015 2495 εὑρίσκομεν

441 2503 703 2560 διάνοιαν.
732 2506 822 2559 Ἐν
850 2507 1056 2580 ἐρημίᾳ
1084 2509 1215 2580 γὰρ,
1250 2511 1438 2580 φησὶν,
1465 2511 1563 2585 ἔσῃ
1595 2516 1721 2578 τοὺς
1752 2518 2015 2585 ματαίους

441 2596 624 2660 οἴκους
654 2598 898 2666 οίκοῦσα,
929 2599 1034 2665 ἕως
1078 2600 1168 2656 τὸν
1218 2603 1553 2676 κληρονόμον
1591 2607 1783 2676 ἀγάγω
1813 2626 1914 2675 σοι,
1957 2610 2014 2663 δν

444 2687 729 2760 πόρρωθεν
775 2691 826 2742 οἰ
865 2691 1026 2745 κακοὶ
1069 2695 1306 2764 γεωργοί
1341 2694 1686 2767 θεασάμενοι,
1740 2700 1882 2754 κατὰ
1917 2699 2014 2772 τὴν

442 2781 780 2852 Δεσποτικὴν
807 2783 1138 2855 παραϐολὴν,
1172 2781 1321 2840 εἷπον
1340 2801 1354 2816 ·
1407 2806 1426 2838 ι
1454 2780 1621 2853 Οὗτός
1651 2792 1796 2844 ἐστιν
1826 2793 1855 2845 ὁ
1882 2791 2014 2864 κλη-

447 2869 692 2940 ρονόμος,
735 2871 908 2936 δεῦτε,
947 2874 1356 2947 ἀποκτείνωμεν
1390 2877 1582 2946 αὐτὸν,
1635 2881 1727 2934 καὶ
1757 2881 1804 2914 ⁸⁸
1857 2883 2014 2953 ἡμῶν

442 2960 596 3014 ἔσται
625 2964 658 3033 ἡ
694 2962 1046 3034 κληρονομία.
1079 2985 1098 3018 ι
1151 2959 1318 3030 Οὗτος
1345 2970 1804 3041 παραγενόμενος,
1832 2973 1892 3026 οὐ
1916 2974 2014 3044 τὴν

442 3053 614 3125 Λάχις
651 3055 838 3127 μόνην,
869 3057 1006 3110 ἀλλά
1051 3059 1144 3112 καὶ
1171 3061 1350 3114 πᾶσαν
1393 3063 1492 3134 τὴν
1533 3064 1881 3135 οἰκουμένην,
1915 3067 2015 3138 τῆς

441 3145 552 3197 τῶν
601 3145 844 3216 ματαίων
888 3147 1119 3202 εἰδώλων
1159 3150 1403 3215 δουλείας
1448 3153 1746 3223 ἀπήλλαξε.
1794 3156 2015 3220 Τούτοις

444 3235 640 3303 ἐπάγει
678 3253 692 3266 ·
753 3256 772 3288 ι
808 3238 1156 3293 Κατοικοῦσα
1209 3227 1378 3310 Λάχις
1431 3242 1798 3315 κληρονομίαν
1815 3247 1859 3278 ⁹⁸
1911 3247 2017 3312 ἕως

454 3325 718 3396 Ὀδολλὰμ
745 3327 886 3398 ἥξει.
921 3347 939 3380 ι
970 3328 1118 3400 Αὐτη
1144 3329 1223 3394 δὲ,
1254 3332 1436 3401 φησὶν,
1471 3333 1502 3404 ή
1531 3334 1733 3404 ἐρημία
1763 3335 1824 3389 οὐ
1859 3336 2016 3405 μόνον

445 3414 507 3468 σὲ
535 3415 770 3484 καθέξει,
795 3418 930 3471 ἀλλά
958 3420 1052 3472 καὶ
1073 3420 1178 3484 ἓως
1205 3421 1303 3491 τῆς
1337 3422 1607 3493 Ὀδαλλάμ
1631 3424 2012 3496 ὲκταθήσεται,

439 3507 540 3558 καὶ
573 3506 672 3575 τὴν
725 3507 932 3575 ἔνδοξον
990 3509 1342 3581 Ἰερουσαλὴμ
1394 3512 1784 3584 καταλήψεται.
1835 3513 2015 3587 Αὐτὴν

443 3595 554 3668 γάρ
588 3599 880 3669 θυγατέρα
910 3600 1083 3666 Σιὼν,
1121 3601 1527 3673 προσηγόρευσε
1556 3619 1569 3633 ο
1627 3603 1764 3674 πρὸς
1809 3607 1876 3677 ἦν
1921 3607 2016 3662 καὶ

443 3687 534 3742 τὸν
567 3689 723 3758 λόγον
750 3691 955 3762 τρέψας
983 3693 1146 3764 φησίν
1165 3711 1179 3725 ·

523 3799 543 3832 ι
583 3780 650 3834 Ἠ
671 3781 797 3849 δόξα
824 3783 923 3853 τῆς
969 3783 1237 3857 θυγατρὸς
1269 3785 1429 3852 Σιὼν,
1464 3786 1608 3857 (ις’.)
1640 3786 1892 3858 ξύρησαι,
1924 3788 2017 3845 καὶ

445 3871 626 3941 κεῖραι
671 3872 763 3926 ἐπὶ
808 3874 876 3927 τὰ
919 3873 1085 3929 τέκνα
1133 3893 1226 3929 σου
1260 3877 1328 3931 τὰ
1358 3880 1622 3949 τρυφερὰ,
1677 3879 2018 3949 ἐμπλάτυνον

444 3963 543 4032 τὴν
566 3962 790 4034 ξύρησίν
820 3982 936 4032 σου,
968 3966 1044 4029 ώς
1077 3966 1253 4030 ἀετὸς,
1283 3968 1366 4020 ὅτι
1393 3968 1887 4039 ᾐχμαλωτεύθησαν
1910 3970 2019 4023 ἀπὸ

447 4051 568 4105 σοῦ.
599 4069 619 4104 ι
675 4053 944 4125 Πένθιμον
970 4054 1204 4108 ἀνάλαϐε
1236 4058 1442 4127 σχῆμα,
1492 4057 1589 4110 καὶ
1633 4057 1725 4110 τὸν
1767 4058 1874 4111 ἀπὸ
1907 4058 2016 4111 τῶν

443 4141 648 4213 τριχῶν
679 4143 844 4213 ἄφελε
876 4146 1098 4217 κόσμον,
1125 4146 1286 4201 ἀετὸν
1312 4145 1645 4218 μιμουμένη,
1688 4148 1906 4201 πάντων
1938 4149 2017 4211 εἰς

446 4234 638 4304 καιρὸν
672 4235 814 4289 κατὰ
841 4237 930 4290 τὸν
952 4238 1051 4308 τῆς
1080 4237 1295 4307 φύσεως
1324 4238 1488 4309 νόμον
1517 4240 1889 4311 γυμνούμενον
1909 4241 2017 4294 τῶν

448 4321 663 4392 πτερῶν
690 4339 703 4353 ·
731 4323 788 4388 ὃς
802 4325 847 4357 ’⁸
875 4325 1018 4378 κατὰ
1049 4326 1256 4380 τουτονὶ
1284 4327 1374 4380 τὸν
1405 4328 1597 4399 καιρὸν
1622 4329 1742 4382 οὐδὲ
1769 4329 2018 4400 θηρεύειν

451 4413 646 4482 ἰσχύει,
679 4414 800 4468 οὐδὲ
835 4415 1063 4486 φοϐερός
1091 4419 1236 4472 ἐστιν
1277 4413 1358 4481 οἷς
1384 4419 1644 4489 πρότερον
1674 4415 1740 4492 ἦν
1768 4420 2014 4490 φοϐερός.

2126 1954 2432 2023 telligentes
2488 1973 2501 2010 :
2562 1974 2580 2006 ι
2615 1955 2892 2012 llabitavit
2939 1958 2996 2012 in
3044 1958 3298 2016 domibus
3345 1961 3523 2024 vanis,
3576 1977 3698 2031 qua:

2123 2045 2342 2115 quidem
2377 2047 2579 2103 frustra
2611 2048 2834 2104 fuerunt
2866 2051 3083 2122 regibus
3115 2051 3356 2118 lsraelis,
3387 2052 3562 2108 donec
3590 2053 3700 2108 ba:-

2123 2137 2314 2202 redes,
2350 2156 2369 2190 ι
2427 2138 2532 2194 hoc
2579 2147 2663 2195 est
2692 2139 2899 2205 hostes,
2955 2159 2972 2193 ι
3006 2141 3274 2196 adducam
3306 2143 3424 2198 tibi.
3455 2161 3474 2194 ι
3531 2142 3696 2197 Juxta

2121 2229 2376 2298 Aquilam
2424 2245 2577 2295 vero,
2625 2232 2717 2301 qui
2747 2247 2976 2287 numero
3005 2233 3264 2304 singulari
3313 2233 3569 2289 hwredem
3601 2250 3696 2305 po-

2122 2321 2250 2387 suit,
2284 2322 2529 2378 altiorem
2561 2338 2780 2379 sensum
2811 2324 3138 2380 invenimus.
3170 2326 3230 2380 ln
3261 2326 3576 2393 solitudine,
3609 2327 3694 2380 in-

2123 2414 2261 2483 quit,
2291 2415 2402 2471 eris
2433 2430 2602 2472 vanas
2631 2414 2825 2472 domos
2857 2417 3191 2483 inhabitans,
3224 2418 3398 2473 donec
3430 2418 3693 2473 hrcredcm

2121 2505 2388 2560 adducam
2419 2507 2541 2572 tibi,
2587 2523 2748 2577 quem
2796 2524 2919 2563 cum
2953 2510 3144 2579 procul
3177 2510 3304 2564 mali
3335 2510 3586 2580 agricola:
3617 2509 3695 2563 vi-

2121 2596 2364 2662 dissent,
2409 2597 2570 2666 juxla
2620 2597 2958 2653 Dominicam
3021 2600 3342 2670 parabolam
3387 2599 3692 2656 dixerunt:

2127 2705 2146 2738 ‹
2179 2686 2277 2741 llic
2307 2696 2390 2742 est
2421 2688 2613 2754 haeres,
2646 2690 2844 2750 venite,
2877 2689 3194 2746 occidamus
3245 2705 3395 2756 eum,
3434 2697 3488 2745 et
3517 2691 3692 2746 hazre-

2120 2777 2263 2832 ditas
2293 2787 2485 2834 nostra
2515 2779 2683 2834 eritk.
2729 2797 2747 2830 ι
2802 2778 2901 2834 llic
2931 2779 3167 2835 adventu
3198 2796 3321 2846 suo,
3354 2796 3461 2835 non
3493 2779 3694 2838 Lacbis

2122 2869 2320 2934 solam,
2367 2869 2464 2924 sed
2513 2877 2567 2925 et
2595 2885 2814 2925 omnem
2846 2871 3032 2925 orbem
3065 2879 3336 2926 terrarum
3370 2886 3400 2924 a
3429 2887 3694 2927 vanorum

2122 2957 2393 3013 idolorum
2442 2960 2707 3015 servitute
2752 2960 3026 3016 liberavit.
3081 2959 3180 3016 liis
3231 2960 3464 3017 subdit:
3516 2980 3534 3012 ι
3563 2960 3695 3026 Quae

2123 3049 2334 3104 habitat
2364 3049 2564 3106 Lacbis
2596 3051 2966 3106 htereditatem
3001 3066 3179 3122 usque
3228 3052 3295 3105 ad
3327 3051 3571 3105 Odullam
3605 3065 3696 3104 ve-

2119 3141 2258 3196 niet.
2297 3160 2316 3194 »
2365 3140 2480 3196 Νοη
2514 3150 2568 3196 te
2597 3144 2799 3208 solum,
2846 3143 3047 3212 inquit,
3080 3143 3195 3196 hate
3225 3143 3453 3197 vastitas
3482 3142 3696 3196 obtine-

2042 3192 2086 3251 ο
2119 3192 2255 3295 Ba,"
2273 3192 2565 3308 sed—etiam
2596 3192 3693 3301 I..,‘..';’.a"5a;;;..};.aaaaaaafa

2118 3320 2437 3390 praeclaram
2467 3319 2900 3391 Hierosolymam
2945 3319 3338 3391 apprehendet.
3374 3320 3504 3374 Eam
3543 3321 3698 3374 enim

2118 3412 2291 3480 ﬁliam
2341 3410 2515 3467 Siom's
2558 3412 2874 3484 appellavit.
2930 3411 3012 3468 Ad
3062 3426 3224 3483 quam
3275 3418 3330 3467 et
3381 3424 3692 3466 sermonem

2117 3509 2466 3572 convertens,
2497 3503 2573 3557 ait
2605 3521 2620 3558 :

2195 3791 2214 3826 ι
2239 3771 2426 3828 Gloria
2463 3769 2589 3824 ﬁliae
2621 3767 2827 3835 Sionis,
2859 3765 3050 3837 (Vt-ms.
3075 3765 3185 3829 16.)
3215 3763 3503 3820 decalvare
3530 3775 3697 3832 super

2120 3864 2262 3920 ﬁlios
2291 3870 2418 3918 tuos
2467 3861 2739 3918 delicatos
2771 3875 2786 3912 :
2820 3858 2990 3914 dilata
3021 3867 3306 3912 tonsuram
3337 3863 3508 3920 tuam,
3551 3853 3699 3908 sicut

2120 3956 2326 4026 aquila,
2355 3955 2614 4026 quoniam
2645 3952 2846 4023 captivi
2879 3951 3027 4006 ducti
3061 3956 3190 4004 sunt
3219 3963 3285 4003 ex
3317 3955 3387 4002 te.
3438 3965 3458 3999 ι
3513 3944 3698 4015 Lugu-

2118 4048 2273 4101 brem
2313 4060 2468 4100 sume
2513 4053 2739 4107 vestem,
2770 4052 2824 4096 et
2871 4056 2902 4094 a
2949 4039 3161 4109 capillis
3212 4039 3368 4092 aufer
3415 4042 3699 4095 ornatum,

2122 4135 2358 4206 aquilam
2408 4133 2653 4196 imitans,
2705 4129 2898 4200 pennis
2947 4127 3202 4184 omnibus
3253 4133 3405 4179 certo
3448 4132 3695 4192 tempore

2115 4227 2271 4298 juxta
2314 4223 2528 4297 15.85
2577 4222 2825 4278 ordinem
2879 4229 3090 4275 naturae
3138 4217 3467 4274 denudatam
3512 4233 3528 4269 :
3570 4229 3695 4284 qua:

2120 4335 2216 4390 per
2246 4318 2298 4372 id
2331 4329 2541 4385 tempus
2568 4330 2672 4369 nec
2700 4315 2886 4368 venari
2918 4320 3120 4384 potest,
3151 4326 3254 4366 nec
3281 4319 3544 4364 terrorem
3574 4307 3696 4375 qui-

2121 4414 2226 4468 bus
2255 4417 2413 4465 antea
2444 4407 2808 4462 formidabilis
2837 4413 2979 4473 erat,
3014 4407 3280 4460 incutere.
3333 4400 3468 4454 lluic
3496 4397 3701 4454 similis

449 4504 636 4577 Τούτῳ
667 4509 1066 4581 παραπλησίως
1108 4510 1203 4563 καὶ
1235 4511 1321 4577 σὺ,
1369 4511 1466 4581 τῆς
1503 4512 1640 4581 ἐμῆς
1667 4489 2017 4586 γυμνουμένη

2124 4512 2178 4560 et
2209 4511 2288 4569 tu,
2327 4497 2668 4571 providentia
2700 4512 2819 4554 mea
2849 4497 3132 4563 destituta,
3181 4493 3357 4549 facilis
3387 4501 3552 4560 captu
3582 4489 3695 4543 eris

448 4598 725 4665 προνοίας,
754 4600 1023 4665 εὐάλωτος
1049 4602 1148 4676 ἔσῃ
1179 4605 1288 4666 τοῖς
1313 4603 1611 4673 πολεμίοις,
1641 4604 1717 4668 ὡς
1743 4605 1849 4658 τῶν
1871 4608 2021 4676 οἰκη·

446 4688 622 4760 τύρων
649 4706 743 4742 σου
774 4691 992 4746 πάντων
1021 4693 1226 4764 ἕρημος
1254 4693 1575 4763 γιγνομένη.

1035 4785 1288 4838 ΚΕΦΛΛ.
1338 4786 1416 4839 B'.

524 4875 594 4924 α’.
651 4889 671 4923 ι
712 4872 988 4942 Ἐγένοντο
1003 4875 1050 4907 ’⁷
1099 4875 1209 4947 γὰρ
1259 4877 1597 4949 λογιζόμενοι
1652 4877 1882 4944 κόπους,
1927 4880 2022 4933 καὶ

452 4961 808 5033 ἐργαζόμενοι
853 4967 999 5020 κακὰ
1030 4967 1088 5018 ὲν
1117 4970 1238 5030 ταῖς
1266 4969 1474 5033 κοίταις
1518 4967 1720 5033 αὐτῶν,
1768 4968 1864 5022 καὶ
1904 4967 2022 5039 ἅμα

448 5053 516 5123 τῇ
548 5054 732 5126 ἡμέρᾳ
761 5058 1076 5111 συνετέλουν
1117 5060 1278 5115 αὐτά.
1325 5079 1344 5112 ι
1396 5060 1532 5114 Οὐδὲ
1557 5061 1664 5132 γὰρ
1693 5063 1792 5125 τὰς
1823 5061 2022 5124 νύκτας

449 5142 572 5213 δίχα
598 5147 940 5218 παρανομίας
982 5150 1185 5220 διῆγον,
1217 5151 1352 5204 ἀλλά
1395 5151 1610 5223 νύκτωρ
1633 5151 1732 5221 τὴν
1758 5151 2022 5222 πονηρίαν

451 5237 916 5306 προμελετῶντες,
962 5241 1056 5295 καὶ
1086 5245 1198 5306 τοῖς
1242 5241 1522 5314 λογισμοῖς
1555 5243 1758 5312 ταύτην
1796 5240 2021 5312 διαγρά-

523 5370 554 5413 ι
576 5370 712 5430 Luc.
746 5390 862 5442 XXI,
890 5375 980 5432 58.

2121 4592 2396 4655 hostibus,
2446 4603 2638 4659 nempe
2684 4589 2752 4644 ab
2810 4587 3066 4642 omnibus
3116 4585 3227 4639 tuis
3275 4580 3474 4638 incolis
3523 4592 3695 4634 vacua

2121 4688 2287 4743 facta.

2770 4770 2930 4827 CAP.
2982 4770 3047 4826 ll.

2190 4870 2360 4926 Vens.
2385 4869 2436 4923 l.
2475 4886 2493 4920 ι
2523 4865 2673 4920 Facti
2704 4871 2834 4920 sunt
2861 4864 3008 4918 enim
3040 4859 3346 4930 cogitantes
3376 4856 3617 4920 labores,
3639 4859 3697 4908 et

2129 4968 2419 5030 operantes
2450 4957 2591 5010 mala
2621 4955 2675 5009 in
2706 4953 2980 5008 cubilibus
3010 4951 3144 5012 suis,
3175 4957 3229 5003 et
3259 4946 3426 5003 simul
3453 4959 3577 5000 cum
3609 4942 3697 4997 die

2128 5049 2585 5108 consummabant
2612 5062 2696 5101 ea.
2733 5064 2752 5096 ›
2806 5044 2943 5097 Nam
2975 5057 3043 5096 ne
3073 5051 3264 5096 noctes
3312 5037 3534 5108 quidem
3579 5034 3698 5090 sine

2129 5143 2418 5214 iniquitate
2449 5137 2808 5195 traducebant
2841 5152 2855 5192 :
2886 5151 2980 5205 per
3011 5141 3224 5189 noctem
3253 5131 3405 5186 enim
3435 5127 3698 5181 malitiam

2130 5235 2593 5308 praemeditantcs,
2650 5235 2703 5284 et
2751 5228 2889 5281 hanc
2944 5227 3276 5298 cogitatione
3321 5222 3700 5292 depingentes,

1747 5487 1978 5544 VARUE
2006 5486 2407 5543 LECTIONES.

523 5646 569 5678 ⁹⁰
598 5647 637 5699 Λ
672 5646 941 5715 ἀγάγωσι,
967 5646 1173 5699 omisso
1207 5663 1322 5698 σου.

455 5714 647 5771 Montf.
687 5714 742 5769 in
774 5717 996 5782 Hexapl.

453 5786 580 5842 Silo.
670 5786 715 5817 ³³
742 5787 816 5852 ὅς.
838 5786 879 5842 C
901 5783 1073 5849 οὗτος.

1401 5646 1443 5674 οι
1480 5660 1591 5696 σου.
1630 5643 1755 5712 Leg.
1789 5660 1912 5698 esse
1943 5642 2178 5707 videtur,
2214 5659 2314 5694 σοι.

1096 5717 1141 5746 9³
1165 5716 1491 5790 (Αἷβοίκῄήσεις.
1648 5699 1739 5766 κσῘί
1769 5699 2284 5790 ῖκληρ.-ᾼΙίιὸι’.1.
2321 5711 2542 5790 c.__lcg.‘
2673 5710 2718 5761 Λ
2756 5708 3110 5780 κληρονομία,
3145 5705 3263 5759 colo
3300 5699 3367 5753 ad
3410 5699 3579 5769 Λάχις
3611 5713 3706 5768 [‘0‘

1182 5787 1224 5817 ⁰⁷
1277 5781 1385 5854 Ἐγ.
1422 5816 1488 5826 ——
1522 5785 1738 5847 κόπους.
1783 5781 1979 5850 Helm,
2020 5783 2106 5838 Vae
2136 5781 2500 5854 cogitantibus
2533 5781 2798 5852 iniquum.

2393 5642 2435 5671 9*
2472 5656 2634 5701 τινες,
2664 5658 2694 5691 κ
2761 5658 2810 5695 τ.
2842 5639 2888 5692 λ.
2933 5637 3142 5696 Horum
3193 5633 3326 5687 nihil
3353 5635 3538 5701 exstat
3567 5629 3706 5696 apud
