4088 6408
478 373 608 442 1751

1468 384 1956 448 THEODORETI
1995 387 2339 456 EPISCOPI
2386 395 2750 457 CYRENSIS

3609 395 3752 464 1752

473 487 710 544 interdiu
759 488 1004 545 consiliis
1037 503 1200 561 opera
1222 490 1612 564 atijungebant.
1638 495 1898 562 Quanam
1924 514 2017 554 ver

2121 544 2129 560 ι
2159 520 2371 571 φοντες,
2408 504 2526 575 μεθ’
2555 507 2768 577 ἡμέραν
2794 505 2913 570 ταῖς
2942 505 3156 576 βουλαῖς
3187 506 3474 560 ὲπετίθουν
3496 508 3562 562 τὰ
3581 510 3747 581 ἔργα.

475 581 567 635 illa
598 581 713 636 sint
746 589 798 635 et
827 587 1050 651 quanta,
1081 593 1385 636 enumerat.

550 692 569 723 ι
603 671 743 738 Quia
771 688 881 726 non
919 673 1231 727 levaverunt
1280 690 1479 732 manus
1520 677 1608 742 ad,
1641 676 1810 735 Deum
1860 696 2045 736 suum.

473 760 661 834 (Vens.
693 763 775 834 9..)
835 763 900 818 Et
946 763 1330 822 desiderabant
1376 784 1566 840 agros,
1617 783 1670 826 et
1715 771 2050 843 diripiebant

395 905 401 933 ,1
471 852 732 922 pupillos,
785 859 838 908 et
867 852 1060 910 domes
1089 856 1493 925 opprimebant,
1545 869 1598 916 et
1646 859 1937 933 rapiebant
1969 864 2048 917 vi-

399 931 401 935 ’
467 954 588 996 rum
618 952 672 998 et
701 943 923 999 domum
955 947 1096 1017 ejus,
1128 949 1310 1004 virum
1343 962 1398 1006 et
1429 931 1809 1009 hereditatem
1841 956 1987 1027 ejus.
2022 977 2040 1010 ι

465 1030 532 1088 Et
562 1035 956 1107 iniquitatibus
988 1039 1294 1111 explicatis,
1327 1043 1578 1114 praedixit
1608 1047 1975 1116 punitionem.

534 1212 703 1271 Vens.
733 1215 789 1269 5.
837 1233 854 1268 ι
883 1215 1183 1288 Propterea
1213 1219 1330 1274 haec
1379 1219 1515 1276 dicit
1555 1220 1824 1278 Dominus
1858 1240 1872 1277 :
1907 1221 2047 1278 Ecce

463 1318 564 1375 ego
612 1307 796 1376 cogito
846 1323 1013 1379 super
1059 1311 1263 1366 tribum
1315 1312 1476 1368 istam
1523 1313 1664 1368 mala
1697 1333 1710 1369 :
1745 1315 1814 1370 de
1841 1315 2044 1387 quibus

464 1413 577 1452 non
607 1395 851 1456 efferatis
879 1402 1020 1456 colla
1048 1411 1257 1469 vestra,
1303 1413 1359 1460 et
1403 1421 1510 1460 non
1558 1407 1847 1464 ambuletis
1903 1408 2040 1464 recti

461 1488 669 1554 subito,
701 1489 830 1561 quia
862 1499 1078 1564 tempus
1104 1495 1309 1550 malum
1338 1506 1442 1552 est.
1476 1515 1496 1549 ι
1545 1497 1780 1556 Feroces
1810 1501 1954 1557 enim
1986 1510 2041 1556 et

461 1575 608 1632 fastu
640 1579 942 1638 insolentes
972 1585 1214 1640 cervices
1245 1594 1460 1642 vestras
1491 1589 1816 1659 deprimant,
1859 1600 1914 1647 et
1942 1607 2037 1646 ca-

460 1668 768 1739 stigationis
791 1673 1173 1744 magnitudine
1192 1673 1478 1747 despicere
1500 1679 1555 1733 in
1582 1687 1786 1736 terram
1810 1697 1996 1754 cogam
2021 1701 2034 1737 :

459 1761 816 1833 similiterque
845 1775 903 1820 ut
933 1768 1169 1839 reliquas
1199 1771 1398 1839 tribus,
1425 1772 1568 1828 lianc
1594 1776 1797 1832 tribum
1829 1777 1887 1833 in
1916 1795 2037 1836 ser-

458 1850 684 1908 vitutem
717 1854 930 1911 tradam
961 1866 1186 1930 propter
1216 1862 1521 1918 antedictas
1549 1864 1892 1936 iniquitates.

521 2033 687 2093 Vens.
719 2037 775 2094 4.
821 2057 842 2092 ι
869 2038 966 2096 Die
998 2039 1092 2097 illo
1122 2051 1376 2100 sumetur
1417 2060 1587 2116 super
1615 2062 1714 2103 vos
1745 2047 2030 2119 parabola,

450 2135 505 2182 et
532 2127 824 2199 plangetur
855 2131 1109 2202 planctus
1141 2150 1268 2189 cum
1301 2136 1516 2191 cantico
1560 2139 1887 2205 dicentium,
1932 2139 2034 2194 Mi-

449 2220 593 2273 seria
628 2219 846 2292 1486
877 2223 1059 2279 miseri
1091 2223 1220 2282 facti
1252 2242 1464 2284 sumus.
1505 2247 1524 2280 ι
1581 2229 1725 2286 iiinc
1773 2239 1826 2286 et
1877 2243 2032 2286 aute—

447 2306 590 2363 dicta
622 2308 784 2366 facile
813 2321 898 2368 est
927 2313 1263 2387 intelligere;
1295 2334 1424 2373 nam
1447 2336 1606 2389 quem
1629 2336 1798 2392 supra
1828 2322 2029 2376 luctum

446 2394 696 2452 Sirenum
726 2399 884 2466 dixit,
921 2403 1010 2460 hic
1037 2405 1311 2474 piam-mm
1341 2426 1461 2463 cum
1487 2411 1698 2467 cantico
1732 2423 1914 2475 vocat.
1948 2413 2029 2469 lta

443 2496 504 2542 ut
532 2491 752 2560 planum
783 2494 879 2560 sit,
932 2495 1002 2552 ibi
1055 2499 1224 2554 etiam
1277 2500 1478 2556 luctum
1536 2503 1822 2574 Sirenum,
1867 2507 2026 2577 juxta

443 2587 822 2658 pervulgatam
872 2589 1140 2661 fabulam,
1193 2605 1448 2651 vocatum
1495 2613 1625 2656 esse
1673 2615 1704 2654 a
1760 2601 2023 2672 prepheta

439 2672 720 2742 planctum
769 2687 937 2734 cantu
970 2681 1331 2753 modulatunj.
1383 2685 1501 2754 liis,
1535 2688 1736 2759 inquit,
1771 2690 1941 2746 illatis
1972 2691 2021 2746 ei

439 2764 708 2833 cladibus,
732 2784 842 2824 non
876 2769 1134 2843 plangent
1164 2790 1262 2832 vos
1294 2777 1478 2843 modo,
1510 2781 1605 2849 qui
1636 2787 1850 2837 vestras
1880 2781 2022 2836 cala-

437 2857 660 2915 mitates
691 2861 940 2929 audient,
990 2866 1085 2921 sed
1115 2867 1279 2922 etiam
1311 2872 1546 2942 exempli
1591 2887 1762 2929 causa
1808 2889 1898 2930 res
1926 2889 2022 2930 ve-

437 2951 588 3004 stras
618 2947 744 3005 aliis
778 2952 1110 3008 narrabant.
1151 2953 1357 3014 Dicetis
1387 2974 1518 3015 vero
1547 2961 1692 3017 inter
1723 2977 1822 3018 vos
1855 2981 1872 3017 :

508 3162 531 3199 ι
555 3143 694 3202 Pars
723 3146 908 3218 populi
938 3149 1042 3205 mei
1065 3162 1386 3209 mensurata
1411 3163 1497 3210 est
1529 3153 1797 3221 funiculo,
1817 3162 1872 3213 et
1903 3173 2014 3214 non

2159 596 2294 649 Τίνα
2327 595 2384 648 δὲ
2408 597 2580 650 ταῦτα
2613 599 2708 650 καὶ
2739 600 2863 660 ὅσα,
2893 599 3317 670 ἀπαριθμεῖται.

2233 705 2252 737 ι
2283 687 2426 740 Διότι
2471 688 2569 740 οὐκ
2620 684 2763 761 ἦραν
2809 691 2996 761 χεῖρας
3047 689 3185 761 πρὸς
3236 690 3329 744 τὸν
3367 689 3501 744 Θεὸν
3539 693 3745 748 αύτῶν.

2158 776 2272 849 (β’.)
2289 777 2398 831 Kal
2413 777 2720 850 ἐπεθύμουν
2753 780 2978 850 ἀγροὺς,
2997 781 3092 834 καὶ
3115 780 3366 851 ἥρπαζον
3376 782 3425 813 ’⁸
3447 782 3747 852 ὀρφανοὺς,

2157 869 2252 924 καὶ
2277 871 2457 935 οἴκους
2503 871 2993 938 κατεδυνάστευον,
3043 872 3138 925 καὶ
3169 871 3476 943 διήρπαζον
3490 875 3536 906 ’³
3570 874 3748 945 ἄνδρα

2155 964 2250 1017 καὶ
2277 965 2370 1018 τὸν
2403 959 2548 1019 οἷκον
2575 965 2762 1032 αὑτοῦ,
2793 965 2961 1038 ἄνδρα
2990 967 3085 1020 καὶ
3109 967 3210 1037 τὴν
3245 966 3610 1039 κληρονομίαν
3636 970 3744 1023 αὐ-

2153 1053 2270 1108 τοῦ.
2311 1043 2334 1106 ι’
2373 1054 2486 1112 Καὶ
2509 1058 2607 1121 τὰς
2635 1055 2984 1128 παρανομίας
3014 1055 3324 1125 διεξελθὼν,
3358 1058 3618 1128 προλέγει
3640 1059 3748 1131 τὴν

2149 1147 2440 1218 τιμωρίαν.
3157 1179 3174 1202 μ
3352 1141 3357 1147 ’

2219 1237 2289 1306 γ’.
2336 1257 2357 1291 t
2385 1236 2483 1293 Διά
2519 1237 2680 1295 τοῦτο
2708 1240 2836 1295 τάδε
2864 1237 3016 1310 λέγει
3049 1239 3256 1313 Κύριος
3279 1258 3299 1273 ⁸
3347 1240 3479 1296 Ἰδοὺ
3506 1241 3618 1311 ἐγὼ
3644 1243 3746 1296 λο-

2149 1329 2376 1400 γίζομαι
2418 1329 2512 1384 ἐπὶ
2557 1331 2657 1404 τὴν
2685 1329 2861 1403 φυλὴν
2891 1331 3097 1404 ταύτην
3127 1331 3294 1396 κακὰ,
3328 1332 3389 1400 ἐξ
3434 1327 3512 1389 ὧν
3550 1336 3614 1388 ού
3659 1335 3744 1407 μὴ

2148 1422 2316 1494 ἄρητε
2346 1421 2472 1488 τοὺς
2501 1421 2808 1497 τραχήλους
2839 1424 3014 1496 ὑμῶν,
3069 1423 3166 1481 καὶ
3196 1428 3259 1481 οὐ
3309 1426 3385 1499 μὴ
3430 1429 3742 1500 πορευθῆτε

2146 1513 2298 1585 ὀρθοὶ
2329 1515 2588 1586 ἐξαίφνης
2611 1518 2652 1581 ί,
2698 1516 2781 1571 ὅτι
2826 1515 3019 1589 καιρὸς
3050 1519 3288 1590 πονηρός
3332 1521 3470 1574 ἐστι.
3513 1539 3532 1572 ›
3591 1519 3741 1584 Τοὺς

2145 1604 2254 1676 γὰρ
2282 1605 2505 1677 θρασεῖς
2530 1607 2683 1677 ὑμῶν
2713 1607 2806 1661 καὶ
2838 1607 3193 1674 ἀλαζονικοὺς
3220 1611 3572 1681 κατακάμψω
3595 1630 3742 1680 τρα-

2143 1693 2362 1766 χήλους,
2408 1695 2502 1748 καὶ
2528 1695 2608 1766 τῷ
2643 1695 2865 1767 μεγέθει
2909 1695 3012 1767 τῆς
3049 1697 3303 1762 παιδείας
3349 1699 3618 1753 κύπτειν¹
3651 1705 3744 1767 εἰς

2143 1783 2250 1854 γῆν
2293 1785 2594 1854 ἀναγκάσω
2617 1803 2632 1818 ο
2667 1790 2789 1851 ταῖς
2835 1787 2943 1860 γὰρ
2977 1787 3164 1854 ἄλλαις
3203 1790 3399 1858 φυλαῖς
3432 1792 3737 1863 παραπλη-

2067 1879 2112 1934 Β
2142 1875 2298 1940 σίως,
2326 1877 2420 1930 καὶ
2447 1876 2606 1947 τήνδε
2636 1878 2947 1950 παραδώσω
2973 1878 3073 1950 τήν
3101 1880 3274 1953 φυλὴν
3290 1884 3356 1953 τῇ
3393 1882 3609 1956 δουλείᾳ
3641 1884 3741 1938 διὰ

2136 1967 2236 2030 τὰς
2259 1967 2668 2040 προρρηθείσας
2699 1969 3067 2042 παρανομίας.

2203 2057 2268 2112 δ’.
2315 2077 2334 2110 t
2374 2057 2463 2111 Ἐν
2493 2058 2559 2130 τῇ
2611 2059 2795 2132 ἡμέρᾳ
2840 2059 3026 2132 ἐκείνῃ
3074 2061 3416 2132 ληφθήσεται
3460 2065 3548 2134 ἐφ’
3580 2065 3740 2137 ὑμᾶς

2134 2149 2442 2221 παραϐολὴ,
2473 2149 2568 2204 καὶ
2598 2150 3004 2223 θρηνηθήσεται
3031 2154 3230 2226 θρῆνος
3260 2157 3318 2210 ὲν
3354 2155 3506 2226 μέλει
3535 2155 3738 2227 λεγόν--

2130 2239 2278 2291 των³
2303 2257 2320 2272 '
2373 2240 2734 2314 Ταλαιπωρίςι
2774 2244 3326 2318 ὲταλαιπωρήσαμεν.
3361 2267 3378 2299 ι
3435 2248 3732 2303 Ἐντεῦθεν

2131 2329 2225 2384 καὶ
2259 2330 2327 2383 τὰ
2375 2331 2615 2404 πρόσθεν
2660 2332 2928 2405 εἰρημένα
2964 2337 3095 2407 ῥᾷον
3129 2336 3195 2390 ἄν
3226 2355 3310 2402 τις
3350 2340 3599 2408 νοήσειεν
3624 2357 3640 2371 ο
3697 2341 3736 2394 δ

2129 2421 2238 2493 γὰρ
2285 2417 2439 2477 εἶπεν
2486 2421 2599 2478 ἄνω
2651 2424 2872 2492 πένθος
2923 2427 3244 2496 Σειρήνων,
3288 2427 3445 2484 τοῦτο
3483 2429 3731 2487 ἐνταῦθα

2128 2513 2352 2584 θρῆνον
2395 2515 2623 2586 ἐμμελῆ
2671 2517 2845 2572 καλεῖ.
2907 2519 2995 2583 Ὠς
3040 2516 3404 2592 εἶναιδῆλον,
3435 2522 3518 2577 ὅτι
3553 2525 3734 2579 κάκεῖ

2132 2606 2216 2661 τὸν
2238 2608 2452 2679 ἐμμελῆ
2477 2608 2674 2679 θρῆνον
2695 2607 2914 2678 πένθος
2944 2613 3245 2682 Σειρήνων
3275 2615 3419 2669 κατά
3446 2615 3536 2669 τὸν
3560 2635 3728 2690 περι-

2124 2698 2428 2769 φερόμενον
2448 2697 2674 2754 εκάλεσε
2698 2699 2886 2770 μῦθον.
2912 2702 3152 2768 Τούτων,
3181 2705 3368 2774 φησὶν,
3389 2706 3725 2778 ἐπενεχθέν-

2121 2807 2232 2844 των
2265 2793 2402 2862 αὑτῇ
2453 2791 2564 2845 τῶν
2608 2794 2823 2858 κακῶν,
2867 2793 2930 2847 οὐ
2979 2793 3313 2867 θρηνήσουσι
3355 2795 3515 2867 μόνον
3565 2799 3724 2869 ὑμᾶς

2120 2881 2168 2934 οἱ
2198 2880 2267 2934 τὰ
2295 2880 2418 2935 καθ’
2447 2880 2591 2952 ὑμᾶς
2614 2883 2928 2952 ἀκούοντες,
2957 2883 3095 2940 ἀλλά
3123 2887 3218 2940 καὶ
3249 2884 3362 2940 οίόν
3394 2905 3500 2941 τινι
3531 2907 3721 2961 παρα-

2121 2973 2250 3044 ϐολῇ
2302 2975 2656 3045 κεχρημένοι,
2683 2974 2891 3047 ἑτέροις
2940 2977 3012 3032 τὰ
3062 2977 3309 3051 ὑμέτερα
3355 2983 3721 3052 προσοίσουσι

2119 3064 2456 3136 διηγήματα.
2489 3066 2602 3120 Καὶ
2631 3067 2790 3138 ὑμεῖς
2825 3068 2883 3122 δὲ
2917 3067 3055 3140 πρὸς
3086 3069 3352 3142 ἀλλήλους
3387 3073 3600 3144 ἐρεῖτε’

2196 3155 2416 3227 «Μερὶς
2447 3154 2578 3211 λαοῦ
2631 3173 2732 3228 μου
2785 3159 3172 3234 κατεμετρήθη
3220 3160 3281 3214 ὲν
3332 3163 3576 3234 σχοινίῳ,
3614 3165 3718 3218 καὶ

431 3246 552 3293 erat
581 3239 675 3308 qui
707 3240 1024 3310 prohiberet
1055 3259 1202 3310 eum,
1254 3255 1314 3302 ut
1343 3257 1686 3304 averteretur
1716 3267 1731 3304 :
1764 3249 1884 3320 agri
1914 3265 2017 3305 no—

2121 3247 2220 3300 ούκ
2388 3219 2683 3304 κωλύσων*
2715 3250 2900 3315 αὐτὸν,
2925 3219 3429 3323 τοῦιάποστρέψαῖ·
3465 3219 3718 3325 οίιάγροὶ

334 3373 341 3381 .
431 3330 533 3384 stri
565 3330 728 3387 divisi
759 3342 909 3388 sunt.
962 3334 1156 3406 (Vsns.
1187 3336 1268 3408 5.)
1317 3338 1548 3412 Propter
1597 3341 1705 3398 hoc
1752 3355 1862 3396 non
1909 3343 2014 3398 erit

431 3420 529 3475 tibi
559 3422 783 3479 mittens
815 3423 1120 3483 funiculum
1172 3429 1228 3484 in
1279 3431 1622 3488 haereditate.
1664 3453 1683 3486 ι
1739 3431 2010 3500 Quoniam

427 3510 576 3566 enim
605 3511 694 3568 his
738 3514 793 3569 in
841 3517 1217 3585 captivitatem
1269 3521 1547 3588 abductis,
1602 3522 1764 3578 vicini
1817 3538 2008 3577 eorum

426 3615 591 3670 agros
621 3603 726 3658 sibi
757 3604 1067 3661 diviserunt
1101 3626 1114 3663 :
1147 3608 1275 3675 hoc,
1307 3612 1510 3682 inquit,
1541 3629 1665 3668 cum
1698 3614 2008 3679 audieritis,

425 3691 675 3749 luctibus
701 3702 759 3751 et
787 3695 1046 3769 lacrymis
1075 3699 1246 3768 pleni,
1294 3704 1437 3759 inter
1467 3720 1568 3761 vos
1597 3705 1715 3761 haac
1764 3705 1964 3760 dicetis
1991 3722 2006 3760 :

425 3781 704 3841 Divinitus
752 3787 956 3857 populo
991 3787 1219 3853 lsraeiis
1250 3794 1531 3866 assignata
1559 3809 1692 3864 pars
1721 3797 1791 3851 ab
1819 3795 2006 3851 inimi-

421 3875 666 3934 cissimis
697 3878 1021 3950 alienigenis
1050 3895 1367 3944 mensurata
1419 3903 1485 3944 ac
1532 3889 1711 3946 divisa
1747 3899 1856 3958 est,
1904 3905 2003 3945 ne-

421 3967 572 4025 mine
599 3971 951 4040 prohibente,
1005 3975 1340 4047 injuriamve
1387 3982 1748 4052 propulsante
1782 4003 1796 4040 :
1835 3994 2005 4060 atque

418 4075 524 4132 ego
551 4063 775 4133 quidem
807 4066 960 4124 illinc
985 4069 1196 4140 ejectus
1225 4088 1372 4142 sum,
1405 4083 1460 4131 et
1494 4075 1679 4133 datam
1709 4080 2002 4140 haeredita-

417 4161 526 4209 tem
558 4173 667 4211 non
699 4157 898 4225 habeo,
929 4176 1091 4232 agros
1121 4180 1254 4220 vero
1283 4165 1350 4220 ad
1402 4182 1490 4223 me
1525 4171 1864 4240 pertinentes
1904 4177 2000 4232 alii

416 4245 776 4304 distribuunt.
801 4249 1098 4324 Postquam
1124 4256 1323 4312 acerba
1341 4258 1426 4314 sic
1449 4259 1812 4334 denuntiavit,
1844 4270 1998 4325 utili-

415 4338 550 4396 tatis
578 4341 797 4412 plenam
829 4345 1260 4405 admonitionem
1295 4351 1472 4410 affert.

482 4552 506 4585 1
537 4534 600 4590 in
633 4536 881 4595 Ecclesia
911 4539 1152 4612 Domini,
1201 4545 1411 4618 (Vens.
1447 4550 1502 4616 6,
1531 4553 1628 4626 7.)
1661 4560 1832 4615 nolite
1860 4563 1994 4620 fiere
2025 4567 2077 4626 υ

409 4623 690 4697 lacrymis,
713 4645 889 4702 neque
911 4634 1126 4704 plorent
1157 4654 1324 4709 super
1356 4641 1444 4698 his
1468 4623 1617 4701 oculi
1642 4653 1810 4705 vestri
1840 4672 1854 4718 ;
1886 4671 1994 4711 non

410 4719 557 4772 enim
591 4721 816 4790 abjiciet
861 4727 1177 4795 opprobria.
1225 4730 1329 4797 Qui
1360 4733 1515 4800 dicit,
1568 4735 1775 4795 Domus
1803 4741 1995 4802 Jacobi

409 4816 732 4876 provocavit
783 4814 1054 4884 Spiritum
1088 4817 1324 4876 Domini.
1381 4824 1439 4878 Si
1491 4826 1606 4881 haec
1653 4840 1784 4887 sunt
1812 4837 1992 4893 studia

407 4897 550 4967 ejus,
601 4918 784 4959 nonne
829 4921 1115 4964 sermones
1157 4912 1281 4982 ejus
1327 4914 1459 4969 boni
1484 4926 1618 4972 sunt
1655 4937 1780 4978 eum
1812 4941 1900 4991 eo,
1935 4938 1994 4985 ct

404 4993 544 5045 recti
590 4995 1050 5054 ambulaverunt?
1089 5021 1110 5054 ι
1161 5006 1305 5070 Non,
1356 5007 1558 5078 inquit,
1605 5027 1672 5068 ex
1719 5021 1991 5089 supplicio

402 5083 564 5139 vobis
595 5083 753 5140 dolor
780 5091 1080 5157 capiendus
1113 5104 1220 5162 est,
1249 5099 1345 5153 sed
1373 5111 1658 5170 peccatum
1692 5083 1988 5179 lugendum

401 5182 487 5230 est
541 5193 554 5230 :
599 5192 702 5232 nec
743 5181 911 5235 verbo
947 5184 1211 5255 iniquitas
1245 5191 1460 5264 1487
1510 5197 1845 5267 conﬁtenda,
1887 5207 1986 5262 sed

404 5277 574 5332 opere
621 5281 805 5322 rerum
859 5274 1093 5328 mutatio
1128 5278 1494 5350 proferenda;
1549 5301 1674 5343 nam
1724 5295 1986 5362 operibus

403 5364 597 5410 ornata
627 5358 796 5413 verba
826 5359 1013 5414 laudat
1048 5362 1217 5422 Dens.

2118 3337 2276 3410 ἡμῶν
2302 3340 2723 3414 διεμερίσθησαν
2745 3341 2786 3398 ⁸.
2835 3341 2942 3414 (ε’.)
2977 3342 3077 3398 Διὰ
3109 3344 3266 3399 τοῦτο
3299 3347 3400 3400 οὐκ
3431 3346 3588 3401 ἔσται
3624 3365 3712 3401 σοι

2117 3429 2329 3502 βάλλων
2366 3433 2600 3506 σχοινίον
2644 3435 2704 3488 ὲν
2734 3435 2941 3507 κλήρῳ.
2972 3454 2991 3487 ι
3056 3436 3276 3510 Ἐπειδὴ
3322 3438 3452 3511 γὰρ,
3496 3441 3710 3496 τούτων

2115 3521 2481 3594 αἰχμαλώτων
2521 3524 2898 3596 ἀπαχθέντων,
2931 3527 2981 3580 oi
3016 3527 3286 3598 περίοικοι
3322 3530 3422 3599 τὴν
3449 3529 3555 3583 ὑπὸ
3581 3531 3710 3585 τού-

2113 3631 2221 3669 των
2257 3615 2680 3686 γεωργουμένην
2727 3615 3069 3688 διενείμαντο
3107 3619 3232 3690 γῆν,
3279 3619 3460 3688 τοῦτο,
3509 3620 3706 3691 φησὶν,

2112 3704 2424 3772 ἀκούοντες,
2449 3705 2837 3777 ὀλοφυρόμενοι
2865 3707 2958 3762 καὶ
2989 3708 3318 3781 δακρύοντες
3361 3710 3499 3782 πρὸς
3530 3712 3700 3785 ἀλλή-

2113 3794 2240 3860 λους
2279 3797 2477 3867 ἐρεῖτε,
2507 3796 2588 3850 ὅτι
2629 3797 2694 3850 Ἡ
2750 3796 2935 3852 θεόθεν
2984 3800 3342 3872 ἀφορισθεῖσα
3399 3805 3565 3875 μερὶς
3621 3805 3706 3875 τῷ

2123 3885 2359 3958 Ἰσραὴλ,
2395 3887 2500 3940 ὑπὸ
2544 3887 2653 3941 τῶν
2696 3888 2962 3959 ἐχθίστων
3005 3891 3321 3962 ἀλλοφύλων
3361 3895 3704 3966 μετρηθεῖσα

2107 3975 2387 4049 διῄρηται,
2435 3977 2649 4042 οὐδενὸς
2695 3979 3053 4051 ἀπείργοντος
3085 3983 3182 4035 καὶ
3231 3983 3331 4053 τὴν
3377 3983 3702 4048 πλεονεξίαν

2108 4067 2375 4132 παύοντος
2399 4085 2413 4100 '
2459 4067 2616 4138 κάγὼ
2655 4069 2752 4140 μὲν
2812 4069 3022 4124 ἐκεῖθεν
3056 4073 3416 4145 ὲκϐἑὸλημαι,
3470 4076 3565 4128 καὶ
3601 4076 3700 4129 τὸν

2105 4158 2328 4216 δοθέντα
2396 4161 2598 4232 κλῆρον
2657 4161 2758 4216 οὐκ
2816 4161 2926 4233 ἔχω
2951 4180 2967 4196 ·
3025 4166 3153 4229 τοὺς
3209 4165 3276 4234 ,δὲ
3335 4167 3462 4236 ἐμοὶ
3523 4184 3698 4237 προσ-

2105 4248 2338 4319 ήκοντας
2367 4249 2572 4322 ἀγροὺς
2602 4250 2780 4322 ἕτεροι
2805 4251 3171 4324 διανέμονται.
3224 4255 3382 4310 Οὕτω
3419 4256 3485 4310 τὰ
3514 4257 3693 4327 λυπη-

2108 4339 2178 4412 ρὰ
2227 4340 2577 4410 διαγγείλας,
2636 4343 2959 4414 παραίνεσιν
3008 4345 3251 4417 εἰσφέρει
3305 4346 3368 4400 τὸ
3417 4349 3693 4421 χρήσιμον

2104 4429 2355 4502 ἔχουσαν.
2529 4469 2539 4479 -

2177 4539 2196 4572 ι
2235 4523 2322 4574 Ἐν
2366 4521 2628 4594 ἐκκλησίᾳ
2663 4523 2901 4596 Κυρίου,
2946 4525 3058 4595 (ς’,
3105 4526 3206 4596 ζ’.)
3255 4528 3333 4601 μὴ
3377 4531 3694 4602 δακρύετε⁸

2099 4611 2351 4684 δάκρυσι,
2384 4615 2519 4687 μηδὲ
2542 4615 2926 4687 δακρυὲτωσαν
2972 4618 3066 4672 ἐπὶ
3094 4619 3309 4685 τούτοις
3339 4624 3388 4675 οἱ
3415 4623 3690 4695 ὀφθαλμοὶ

2097 4702 2323 4773 ὐμῶν⁷’
2370 4707 2432 4760 ού
2467 4706 2575 4777 γὰρ
2620 4707 2901 4761 ἀπώσεται
2955 4708 3130 4780 ὀνείδη
3181 4713 3210 4764 ὁ
3260 4711 3476 4780 λέγων·
3525 4711 3690 4781 Οἶκος

2110 4794 2305 4848 Ἰακὼϐ.
2337 4796 2653 4871 παρώργισε
2679 4798 2906 4870 Πνεῦμα
2936 4800 3164 4871 Κυρίου.
3206 4803 3269 4856 El
3299 4805 3471 4860 ταῦτα
3493 4809 3688 4878 ἐπιτη-

2096 4884 2347 4956 δεύματα.
2371 4889 2534 4943 αὑτοῦ
2567 4890 2735 4962 εστιν,
2767 4892 2888 4962 οὐχὶ
2925 4895 2973 4946 oi
3009 4894 3157 4964 λόγοι
3187 4896 3354 4949 αὐτοῦ
3385 4899 3543 4953 καλοί
3575 4902 3688 4956 εισι

2093 4978 2218 5047 μετ’
2237 4978 2428 5046 αὑτοῦ,
2454 4981 2545 5034 καὶ
2571 4981 2723 5053 ὀρθοὶ
2753 4983 3150 5056 πεπόρευνται;
3181 5005 3201 5039 ι
3236 4988 3311 5042 Ού
3341 4990 3469 5062 χρή,
3494 4993 3683 5063 φησὶν,

2091 5066 2278 5138 ἀλγεῖν
2326 5069 2468 5140 ὑμᾶς
2521 5071 2614 5132 ἐπὶ
2664 5075 2730 5144 τῇ
2779 5076 3043 5148 τιμωρίᾳ,
3091 5077 3228 5132 ἀλλά
3261 5081 3361 5153 τὴν
3403 5085 3687 5155 ἁμαρτίαν

2090 5159 2312 5232 θρηνεῖν
2336 5179 2349 5191 ·
2395 5164 2515 5217 οὐδὲ
2544 5163 2687 5236 λόγῳ
2713 5166 2813 5238 τὴν
2845 5171 3192 5242 παρανομίαν
3221 5173 3529 5244 ὁμολογεῖν,
3560 5177 3682 5230 ἀλλ’

2084 5249 2232 5321 ἔργῳ
2256 5251 2279 5283 ⁸
2326 5253 2601 5309 δεικνύναι
2640 5254 2739 5326 τὴν
2780 5259 2890 5311 τῶν
2932 5262 3280 5331 πραγμάτων
3328 5265 3637 5340 μεταϐολήν
3664 5287 3681 5300 ο

2083 5341 2211 5403 τοὺς
2248 5343 2358 5418 γὰρ
2388 5347 2502 5410 τοῖς
2551 5345 2736 5418 ἔργοις
2780 5354 3192 5422 κοσμουμένους
3237 5356 3430 5426 λόγους
3457 5361 3684 5415 ἐπαινεῖ

2088 5433 2241 5498 Θεός.

1673 5598 1913 5658 νΑιιιλΕ
1945 5605 2238 5665 LECTION
2247 5611 2349 5667 ES.

475 5726 574 5779 “A
594 5732 912 5803 διήρπαζον,
945 5735 1153 5790 omisso
1192 5735 1478 5806 ὀρφανούς.

475 5793 645 5843 ιλύων-
728 5804 748 5832 ³
781 5805 823 5843 (ἶ
851 5804 1004 5843 t'nuTm
1032 5804 1467 5843 Spumea-Ann»-..

407 5805 646 5852 κωλύων.

728 5745 920 5834 ﬁgor.
939 5745 1478 5834 ρξξιξξξξξξξξινούς.
1557 5751 1599 5834 ’ξ
1621 5753 1665 5834 ﬁ
1691 5745 1958 5834 ἥρπαζον.
2036 5765 2052 5794 ¹
2083 5764 2431 5833 ἐξαίφν.1)οε.
2450 5769 2504 5822 in
2536 5769 2601 5824 A.

781 5805 823 5858 C
851 5804 1004 5872 ὑμῶν
1032 5804 1487 5879 διεμετρήθησαν.
1573 5822 1593 5852 ⁸⁵
1618 5804 2111 5892 δακρέλῗκλαίετεῖ

2677 5775 2697 5803 ²
2731 5775 3097 5859 ϐικάμπτξιι.
3175 5786 3196 5817 ³
3225 5787 3267 5859 ii
3296 5787 3494 5859 λέγων.
3573 5793 3597 5826 ⁸
3628 5799 3679 5854 Δ

2210 5836 2228 5868 ⁷
2256 5837 2304 5889 οἱ
2333 5836 2454 5905 ὀφθ.
2493 5840 2588 5910 ὑμ.
2618 5841 2740 5902 Des.
2772 5846 2828 5901 in
2856 5836 2923 5906 Ᾱ.
2999 5851 3020 5882 ⁸
3060 5852 3178 5923 ἔργ.
3520 5867 3605 5922 ὲν.
