4088 6478
455 401 590 470 175.5

1476 407 1960 468 THEODORETI
1984 406 2323 467 EPISCOPI
2351 405 2716 466 CYRENSIS

3565 402 3707 467 1756

450 527 602 571 vero.
655 511 892 567 filiorum
943 513 1121 583 primo
1164 513 1367 569 cmdem
1397 515 1555 580 vidit,
1603 516 1801 572 deinde
1850 519 2029 573 oculis

2148 517 2332 584 ἰλίγοις
2365 516 2574 586 ἀπέδρα
2599 530 2613 543 °
2654 515 2813 577 ἁλοὺς
2843 513 2922 578 δὲ,
2950 512 3167 584 πρῶτον
3198 511 3296 583 μὲν
3329 509 3435 566 εἶδε
3469 513 3568 582 τὴν
3593 514 3708 566 τῶν

449 605 678 659 orbatus
705 605 1030 674 vinctusque
1060 605 1331 663 abductus
1359 616 1462 664 est.
1502 627 1520 660 ι
1551 607 1815 665 Dominus
1844 617 2024 666 autem

450 694 564 748 dux
597 694 703 749 erit
732 709 943 750 eorum.
979 714 996 745 ι
1034 693 1258 752 Scilicet
1288 711 1397 752 non
1425 697 1494 752 ad
1531 697 1813 756 ferendam
1845 715 2025 772 opem,

453 787 548 843 scd
584 787 653 842 ad
684 803 779 844 eos
811 785 1140 858 perdendos.

972 877 1190 948 1489
1225 878 1380 936 CAP.
1419 881 1512 938 ΙΙΙ.
1999 947 2002 949 λ

533 969 696 1023 Vsus.
729 969 848 1023 1-4.
894 987 914 1020 ι
946 969 1010 1022 Ει
1039 971 1182 1026 dicet
1215 971 1446 1028 :Audite
1478 973 1616 1041 haec,
1635 974 1912 1046 principes
1939 974 2031 1030 Ja-

460 1059 602 1121 cobi,
633 1067 688 1114 et
717 1060 908 1130 reliqui
939 1061 1133 1116 domus
1166 1059 1383 1118 lsraelis
1412 1082 1426 1118 :
1460 1080 1642 1120 nonne
1673 1074 1917 1121 vestrum
1948 1074 2036 1121 est

461 1165 793 1222 cognoscere
836 1151 1144 1221 judicium?
1189 1153 1295 1219 Qui
1344 1153 1471 1210 odio
1499 1156 1731 1224 ,habetis
1780 1157 1923 1213 bona
1980 1165 2035 1212 et

461 1242 710 1312 quaeritis
744 1243 888 1296 mala
920 1261 935 1298 :
972 1243 1298 1313 diripientes
1329 1237 1496 1314 pelles
1524 1261 1715 1300 eorum
1750 1247 1820 1303 ab
1849 1248 1953 1312 eis,
1981 1257 2037 1303 et

462 1347 658 1387 carnes
689 1348 880 1388 eorum
927 1334 997 1388 ab
1026 1334 1250 1391 ossibus
1280 1351 1493 1391 eorum.
1549 1337 1706 1392 Sicut
1735 1338 2037 1394 devorave-

461 1430 596 1477 runt
633 1437 831 1480 carnes
874 1427 1058 1494 populi
1106 1425 1234 1492 mei,
1281 1437 1335 1481 ct
1364 1428 1534 1496 pelles
1564 1429 1631 1484 ab
1675 1428 1757 1486 cis
1786 1431 2037 1484 excoria-

462 1521 682 1576 verunt,
715 1519 770 1568 et
802 1527 932 1568 ossa
981 1527 1175 1569 eorum
1223 1515 1633 1589 confregerunt,
1674 1525 1730 1573 et
1777 1519 2034 1574 concide-

463 1610 597 1658 runt
627 1603 774 1659 sicut
821 1618 1014 1660 carnes
1047 1606 1102 1660 in
1152 1607 1404 1674 lebetem,
1449 1617 1506 1662 ct
1559 1609 1703 1664 sicut
1749 1625 1945 1666 carnes
1979 1612 2036 1665 in

465 1695 632 1748 ollam
663 1711 678 1749 :
709 1695 790 1750 sic
833 1696 1150 1751 clamabunt
1177 1697 1244 1752 ad
1280 1697 1597 1763 Dominum,
1638 1707 1692 1756 et
1726 1716 1834 1756 non
1869 1715 2038 1756 exau-

465 1785 582 1841 diet
615 1800 733 1850 eos,
781 1794 838 1841 et
886 1796 1098 1843 avertet
1129 1788 1321 1844 faciem
1354 1805 1512 1844 suam
1559 1791 1628 1846 ab
1677 1792 1757 1846 eis
1796 1800 2039 1862 tempore

2131 609 2338 662 παίδων
2370 609 2584 676 σφαγήν
2611 624 2624 636 ·
2675 601 2796 659 εἶτα
2825 605 3107 676 στερηθεὶς
3139 605 3245 657 τῶν
3275 605 3561 674 ὀμμάτων,
3608 622 3709 658 πε-

2132 700 2263 768 πεδη
2273 699 2431 768 μένος
2453 697 2692 769 ἀπήχθη.
2727 717 2744 748 ι
2767 697 2822 750 '0
2848 697 2904 749 δέ
2927 695 3128 768 Κύριος
3151 697 3417 765 ἡγήσεται
3439 696 3619 749 αὐτῶν
3640 711 3654 723 ·
3683 715 3704 746 ι

2131 788 2230 841 οὐκ
2267 787 2512 858 ἀμύνων,
2555 786 2690 839 ἀλλὰ
2724 787 3044 856 προϊέμενος
3075 786 3341 855 δηλονότι.

2747 879 2995 932 ΚΕΦΑΛ.
3025 878 3099 931 Γ’.

2203 969 2346 1024 (κ’-δ’.
2391 987 2410 1021 ι
2451 969 2562 1022 Καὶ
2610 971 2764 1042 ἐρείο
2830 968 3120 1022 Ἀκούσατε
3163 969 3227 1040 δὴ
3252 1009 3268 1034 ,
3313 971 3368 1022 αἱ
3411 970 3582 1040 ἀρχαὶ
3607 971 3710 1024 τοῦ

2147 1061 2362 1128 Ἰακὼϐ,
2391 1063 2486 1116 καὶ
2516 1063 2566 1115 oi
2599 1063 2917 1117 κατάλοιποι
2955 1062 3107 1116 οἴκου
3145 1062 3364 1132 Ἰσραήλ
3386 1077 3398 1090 ·
3435 1064 3534 1132 οὐχ
3574 1063 3711 1132 ὑμῖν

2137 1154 2252 1206 ἐστι
2287 1153 2488 1221 γνῶναι
2507 1155 2552 1184 ³³
2598 1155 2660 1208 τὸ
2702 1157 2918 1224 κρίμα;
2961 1155 3088 1206 Oi."
3123 1153 3410 1223 μισοῦντες
3441 1152 3509 1206 τὰ
3538 1153 3708 1218 καλά,

2137 1245 2229 1297 καὶ
2255 1243 2542 1314 ζητοῦντες
2584 1245 2654 1298 τὰ
2701 1245 2947 1314 πονηρά·
2987 1244 3324 1316 ἁρπάζοντες
3362 1245 3429 1298 τά
3456 1243 3710 1314 δέρματα

2135 1333 2314 1387 αὐτῶν
2344 1333 2440 1386 ἀπ’
2478 1333 2680 1398 αύτῶν,
2723 1333 2818 1386 καὶ
2847 1333 2946 1395 τὰς
2993 1334 3204 1404 σάρκας
3253 1331 3433 1386 αὐτῶν
3462 1332 3572 1385 ἀπὸ
3597 1333 3716 1386 τῶν

2136 1421 2308 1476 ὀστῶν
2358 1421 2556 1474 αὐτῶν.
2596 1422 2691 1474 Ὃν
2732 1420 2934 1490 τρόπον
2986 1419 3296 1488 κατέφαγον
3348 1419 3448 1482 τὰς
3495 1419 3714 1490 σάρκας

2136 1511 2229 1564 τοῦ
2274 1511 2405 1566 λαοῦ
2439 1528 2542 1582 μου
2568 1551 2584 1577 ,
2617 1513 2711 1564 καὶ
2737 1511 2804 1564 τὰ
2845 1511 3091 1580 δέρματα
3149 1511 3332 1564 αὐτῶν
3384 1509 3481 1563 ἀπ’
3526 1511 3716 1564 αὐτῶν

2139 1602 2430 1671 ἐξέδειραν,
2461 1602 2653 1672 καὶιτά
2684 1601 2820 1655 ὀστᾶ
2857 1603 3041 1656 αὐτῶν
3072 1601 3426 1667 συνέθλασαν,
3465 1603 3560 1656 καὶ
3584 1602 3718 1671 ἐμέ-

2138 1691 2291 1746 λισαν
2319 1693 2394 1756 ὡς
2423 1693 2632 1764 σάρκας
2664 1694 2742 1756 είς
2771 1691 2973 1762 λέϐητα
2999 1731 3015 1758 ,
3063 1691 3157 1744 καὶ
3188 1692 3265 1754 ὼς
3289 1691 3460 1761 κρέας
3505 1693 3588 1753 είς
3617 1689 3718 1760 χύ-

2139 1801 2275 1854 τραν
2294 1799 2309 1814 ⁸
2341 1783 2485 1837 οὕτω
2507 1783 2862 1854 κεκράξονται
2903 1783 3039 1853 πρὸς
3081 1781 3308 1852 Κύριον,
3339 1783 3436 1834 καὶ
3470 1782 3572 1834 οὐκ
3596 1783 3720 1834 εἱσ-

466 1878 581 1940 illo,
614 1892 680 1932 eo
707 1879 852 1948 quod
901 1879 1138 1949 pessime
1190 1891 1420 1951 egerunt
1471 1882 1527 1937 in
1580 1883 1780 1938 studiis
1827 1884 1967 1939 suis.
2015 1904 2034 1938 ›

2148 1875 2432 1929 ακούσεται
2483 1874 2700 1928 αὐτῶν
2765 1877 2859 1927 καὶ
2919 1873 3256 1943 ἀποστρέψει
3306 1871 3368 1926 τό
3420 1872 3721 1943 πρόσωπον
3783 1889 3793 1899 ·

464 1969 546 2026 Ad
577 1970 851 2040 principes
880 1971 1046 2028 verba
1078 1971 1232 2038 facit,
1261 1972 1464 2042 quibus
1493 1973 1920 2042 cumjudicandi
1943 1989 2041 2044 po-

468 2068 636 2116 testas
665 2061 937 2131 permissa
969 2073 1138 2129 esset,
1164 2063 1255 2134 jus
1285 2063 1687 2119 conculcabant
1715 2083 1726 2119 :
1753 2080 1922 2136 quare
1947 2061 2042 2137 per

469 2151 949 2223 interrogationem
1001 2168 1096 2208 eos
1148 2154 1448 2224 alloquitur
1481 2174 1496 2210 :
1529 2155 1720 2212 Nonne
1759 2173 1857 2213 vos
1895 2158 2044 2228 judi-

467 2241 970 2311 candifacultatem
1000 2244 1343 2310 obtinuistis,
1396 2253 1457 2300 ut
1505 2245 1885 2316 delinquentes
1915 2247 2040 2316 qui—

467 2333 593 2388 dem
617 2334 877 2403 puniatis,
902 2334 1224 2391 innocentes
1248 2351 1382 2391 vero
1407 2337 1524 2392 sine
1554 2353 1692 2392 noxa
1717 2338 2044 2392 dimittatis?

469 2425 755 2492 Quomodo
781 2427 966 2497 igitur,
993 2428 1086 2498 qui
1113 2429 1293 2498 legum
1322 2428 1701 2499 praefecturam
1734 2431 1901 2485 eratis
1931 2445 2046 2485 sor-

470 2519 580 2583 titi,
609 2519 877 2573 bonorum
908 2533 1132 2589 operum
1176 2519 1421 2576 actiones
1451 2521 1873 2587 aversabamini,
1906 2530 1959 2576 et
1989 2521 2043 2574 in

469 2624 559 2665 res
589 2608 962 2679 iniquissimas
991 2610 1260 2665 acerrime
1307 2609 1712 2666 incumbebatis
1742 2611 1764 2664 ?
1812 2610 2042 2665 Tantam

470 2715 636 2772 porro
665 2701 1011 2773 tyrannidem
1043 2702 1101 2757 in
1132 2718 1400 2774 pauperes
1449 2705 1806 2767 exercuistis,
1843 2713 1900 2757 ut
1930 2719 2045 2758 om-

471 2793 636 2847 nibus
684 2792 884 2863 opibus
932 2807 1029 2848 eos
1078 2793 1424 2862 privaretis?
1473 2792 1587 2848 Hoc
1636 2795 1778 2848 enim
1827 2794 2046 2864 planum

471 2881 622 2949 fecit,
643 2896 767 2937 cum
791 2881 935 2936 dixit
968 2900 982 2937 :
1021 2900 1040 2934 ι
1064 2882 1395 2953 Diripientes
1425 2884 1594 2954 pelles
1624 2899 1812 2940 eorum
1846 2885 1913 2938 ab
1943 2887 2045 2950 cis,

469 2982 526 3030 et
551 2989 746 3030 carnes
774 2989 965 3029 eorum
994 2975 1062 3029 ab
1091 2974 1312 3029 ossibus
1341 2988 1550 3028 eorum.
1585 2993 1603 3026 ι
1639 2974 1778 3030 Cum
1807 2975 1922 3030 haec
1947 2975 2050 3029 ita-

471 3078 580 3132 que
608 3062 818 3118 scelera
850 3063 1206 3127 admiseritis,
1236 3062 1453 3118 etiamsi
1490 3063 1688 3118 millies
1720 3063 1983 3117 auxilium
2017 3078 2048 3117 a

2145 1964 2312 2020 αὑτοῦ
2369 1965 2463 2019 ἀπ’
2517 1964 2694 2018 αὐτῶν
2735 1965 2794 2016 ἐν
2844 1963 2924 2034 τῷ
2969 1964 3145 2034 καιρῷ
3193 1963 3420 2034 ἐκείνῳ,
3476 1962 3594 2016 ἀνθ’
3643 1956 3726 2015 ὧν

2142 2057 2576 2129 ἐπονηρεύσαντο
2638 2057 2696 2110 ἐν
2757 2057 2869 2119 τοῖς
2935 2053 3365 2126 ἐπιτηδεύμασιν
3423 2055 3607 2108 αὐτῶν
3661 2055 3736 2106 ἐν.

2143 2149 2319 2212 αὐτοῖς
2342 2148 2406 2204 ⁸⁸.
2450 2168 2467 2199 ι
2501 2149 2643 2219 Πρὸς
2669 2147 2797 2211 τοὺς
2844 2148 3111 2217 ἄρχοντας
3143 2149 3380 2200 ποιεῖται
3411 2146 3502 2200 τὸν
3536 2146 3724 2214 λόγον

2141 2243 2191 2293 oi
2227 2240 2644 2310 πεπιστευμένοι
2663 2239 2771 2310 γὰρ
2799 2239 2860 2292 τὸ
2887 2239 3112 2310 κρίνειν,
3131 2239 3363 2294 ἐπάτουν
3387 2238 3448 2291 τὸ
3467 2237 3683 2292 δίκαιον
3706 2253 3724 2266 ⁸

2141 2332 2272 2385 διότι
2306 2331 2426 2384 κατ’
2458 2332 2726 2401 ἐρώτησιν
2773 2330 2910 2402 πρὸς
2952 2331 3148 2393 αὐτοὺς
3199 2330 3348 2398 λέγει
3371 2346 3384 2359 ·
3417 2331 3530 2399 Οὐχ
3557 2329 3728 2399 ὑμεῖς

2144 2424 2316 2492 εἴχετε
2347 2423 2441 2477 τοῦ
2475 2423 2682 2494 κρίνειν
2712 2422 2810 2492 τὴν
2837 2421 3110 2486 ἐξουσίαν,
3141 2421 3283 2474 ὥστε
3323 2420 3574 2484 κολάζειν
3621 2419 3732 2490 μὲν
3803 2424 3810 2431 '

2142 2517 2268 2580 τοὺς
2300 2514 2789 2585 πλημμελοῦντας,
2821 2513 3030 2578 άθὼους
3053 2514 3110 2566 δὲ
3153 2513 3372 2582 ἀφιέναι
3396 2513 3521 2575 τοὺς
3556 2513 3726 2566 ἀνευ-

2145 2607 2371 2672 θύνους;
2411 2606 2536 2668 Πῶς
2565 2605 2745 2659 τοίνυν
2788 2605 2896 2658 τῶν
2927 2605 3105 2674 νόμων
3142 2604 3529 2676 προστατεύειν
3558 2621 3732 2656 πεπι-

2147 2700 2479 2770 breuissiva
2507 2697 2916 2769 ἀπεπρέφεσθε
2967 2697 3066 2767 μὲν
3106 2697 3216 2750 τῶν
3272 2697 3494 2764 άγαθῶν
3541 2695 3731 2767 ἔργων

2143 2790 2243 2859 τὴν
2294 2790 2517 2859 πρᾶξιν,
2549 2788 2769 2858 θερμῶς
2820 2787 2877 2840 δέ
2903 2789 3034 2857 περὶ
3080 2787 3148 2841 τὰ
3177 2787 3389 2858 πονηρὰ
3420 2786 3732 2851 διέκεισθεὶ

2147 2879 2395 2951 Τοσαύτη
2421 2879 2476 2932 δέ
2511 2879 2793 2951 πλεονεξίᾳ
2821 2879 2962 2933 κατά
2988 2879 3094 2932 τῶν
3122 2880 3368 2950 πενήτων
3398 2879 3731 2950 ἐκέχρησθε,

2147 2971 2288 3024 ὥστε
2358 2968 2576 3022 πάντων
2629 2970 2828 3032 αὐτοὺς
2897 2969 3003 3023 τῶν
3050 2970 3404 3040 ὑπαρχόντων
3458 2969 3728 3039 γυμνοῦν.

2148 3061 2317 3115 Τοῦτο
2349 3063 2457 3133 γὰρ
2489 3061 2872 3132 παρεδήλωσεν
2917 3061 3154 3132 εἰρηκώς
3181 3078 3193 3092 ·
3227 3080 3246 3112 ‹
3293 3061 3663 3133 Ἀρπάζοντες
3681 3060 3732 3092 ’⁵

471 3167 560 3208 me
603 3152 910 3224 petieritis,
966 3153 1170 3208 nullam
1229 3166 1388 3222 opem
1455 3153 1889 3222 consequemini.
1953 3151 2044 3208 His

2148 3154 2217 3209 τὰ
2246 3153 2490 3224 δέρματα
2519 3153 2698 3206 αὐτῶν
2731 3153 2826 3205 ἀπ’
2867 3151 3045 3205 αὑτῶν
3065 3194 3080 3218 ,
3113 3154 3207 3206 καὶ
3249 3153 3348 3214 τὰς
3384 3154 3596 3224 σάρκας
3629 3152 3735 3205 αὑ-

472 3241 641 3298 minis
666 3249 861 3297 contra
884 3229 1161 3313 principes
1187 3241 1437 3314 prolatis,
1467 3241 1534 3297 ad
1568 3241 1781 3314 1590
1807 3243 2044 3315 prophe-

2150 3247 2259 3299 τῶν
2291 3247 2399 3300 άπὸ
2442 3245 2549 3299 τῶν
2597 3241 2773 3297 ὀστῶν
2803 3243 3002 3298 αὐτῶν.
3036 3263 3055 3298 ι
3095 3244 3282 3298 Ταῦτα
3331 3245 3511 3298 τοίνυν
3543 3243 3734 3296 τετολο

472 3342 558 3390 tas
585 3332 847 3390 transfert
885 3347 1221 3391 sermonem.

2154 3335 2408 3406 μηκότες,
2435 3334 2539 3388 κᾶν
2581 3331 2842 3404 μυριάκις
2875 3332 2974 3404 τὴν
3005 3335 3134 3406 παρ’
3156 3335 3203 3365 ²⁶
3233 3332 3368 3403 ἐμοῦ
3401 3331 3733 3402 συμμαχίαν

470 3425 767 3496 αἰτήσητε,
812 3425 1134 3490 ἐπικουρίας
1174 3427 1444 3494 οὐδεμιᾶς
1496 3425 1855 3483 ἀπολαύσετε.
1899 3427 2057 3482 Οῦτω
2094 3432 2206 3494 τοῖς
2243 3429 2501 3500 ἄρχουσιν
2536 3426 2857 3498 ἀπειλήσας,
2887 3428 2979 3481 ἐπὶ
3005 3428 3132 3491 τοὺς
3199 3427 3484 3498 προφήτας
3555 3441 3735 3495 μετα-

472 3515 628 3586 φέρει
649 3516 741 3571 τδν
765 3515 942 3589 λόγον.

545 3603 715 3661 Vsus.
747 3607 799 3661 5.
849 3625 868 3659 ι
911 3608 1038 3663 Hzec
1068 3609 1202 3664 dicit
1229 3608 1498 3664 Dominus
1530 3623 1698 3679 super
1728 3611 2042 3681 prophetas,

473 3695 569 3766 qui
597 3697 871 3752 seducunt
895 3699 1158 3768 populum
1189 3712 1392 3764 meum,
1424 3705 1480 3752 et
1514 3699 1764 3753 mordent
1791 3699 2049 3754 dentibus

476 3786 619 3850 suis,
649 3793 706 3842 et
734 3787 1027 3856 praedicant
1061 3803 1224 3857 super
1253 3803 1348 3843 eos
1371 3803 1584 3858 pacem,
1608 3797 1662 3843 et
1684 3804 1796 3844 non
1820 3798 1904 3845 est
1922 3789 2048 3844 data

475 3879 532 3930 tu
557 3891 620 3932 os
636 3892 826 3933 eorum
853 3894 868 3932 :
894 3879 1376 3933 sanctificaverunt
1399 3893 1564 3948 super
1583 3894 1707 3934 eum
1729 3879 1997 3949 praelium.
2025 3899 2044 3934 ›

476 3965 799 4035 llendaci‘a,
862 3967 1071 4038 inquit,
1121 3967 1398 4039 prophetae
1467 3967 1593 4024 falsi
1650 3969 2049 4036 vaticinantes,

477 4059 636 4128 quasi
666 4059 948 4116 morsibus
971 4060 1324 4131 quibusdam,
1355 4061 1647 4116 verborum
1677 4063 2051 4118 assentatione

478 4148 682 4218 populo
711 4149 1006 4217 nocebant,
1037 4151 1317 4206 contraria
1347 4151 1568 4221 quidem
1597 4153 1884 4224 prapbetis
1913 4154 2050 4210 meis

477 4239 796 4310 loquentes,
846 4257 1038 4312 pacem
1089 4252 1274 4296 autem
1322 4245 1528 4314 populo
1576 4245 1920 4312 pollicentes.
1980 4245 2050 4300 At

477 4345 608 4386 vero
634 4346 825 4388 eorum
873 4332 1092 4402 quidem
1123 4334 1288 4388 verba
1320 4348 1508 4403 pacem
1541 4333 1778 4398 habent,
1833 4336 1928 4392 sed
1959 4351 2048 4390 res

478 4421 680 4477 bellum
709 4422 1027 4477 ostendunt.
1078 4422 1347 4478 Malorum
1397 4433 1582 4479 autem
1627 4440 1749 4494 quae
1785 4441 1850 4481 cx
1908 4426 2051 4481 bello

477 4513 751 4570 exsistunt
779 4527 948 4568 causa
980 4513 1200 4569 fuerunt
1229 4514 1321 4584 qui
1357 4529 1544 4584 pacem
1575 4517 1966 4585 prmdicabant,
1998 4526 2052 4572 et

2230 3609 2292 3658 ε’.
2333 3623 2352 3656 ι
2375 3604 2512 3658 Τάδε
2553 3603 2699 3673 λέγει
2733 3605 2936 3675 Κύριος
2969 3603 3062 3657 ἐπὶ
3085 3604 3212 3668 τοὺς
3259 3608 3566 3676 προφήτας,
3601 3609 3734 3671 τοὺς

2158 3693 2475 3758 πλανῶντας
2515 3696 2603 3748 τὸν
2640 3694 2768 3748 λαόν
2825 3713 2960 3766 μου,
3011 3697 3138 3760 τοὺς
3181 3697 3474 3762 δάκνοντας
3509 3700 3567 3751 ἐν
3612 3701 3733 3764 τοῖς

2149 3785 2360 3840 ὀδοῦσιν
2388 3785 2589 3851 αὑτῶν,
2620 3787 2716 3840 καὶ
2743 3787 3121 3859 κηρύσσοντας
3163 3787 3250 3840 ἐπ’
3282 3787 3462 3842 αὐτῶν
3485 3789 3528 3820 ’⁷
3575 3791 3732 3860 εἰρή-

2154 3892 2284 3944 νην,
2327 3875 2422 3930 καὶ
2453 3877 2552 3930 οὐκ
2601 3877 2756 3946 ἐδόθη
2797 3878 2876 3940 είς
2904 3877 2963 3930 τὺ
2996 3877 3170 3948 στόμα
3198 3878 3394 3931 αὐτῶν.
3429 3880 3664 3950 Mm“
3681 3880 3734 3911 ε,

2154 3968 2240 4021 ἐπ’
2268 3968 2428 4022 αὑτὸν
2462 3968 2709 4040 πόλεμον.
2753 3987 2772 4020 ι
2805 3970 2862 4022 Ψ
2864 3967 2990 4040 εύδη
3019 4009 3034 4035 ,
3070 3969 3231 4040 φησιν
3255 4009 3270 4035 ,
3315 3970 3366 4024 οἱ
3393 3970 3491 4040 τῆς
3515 3971 3736 4041 ἀπάτης

2154 4061 2429 4131 προφῆται
2460 4060 2999 4132 χρησμολογοῦντες,
3055 4057 3167 4114 οἷόν
3215 4079 3322 4115 τισι
3373 4062 3609 4132 δήγμασι
3662 4066 3734 4133 τῇ

2153 4151 2414 4222 κολακείᾳ
2462 4152 2570 4205 τῶν
2597 4152 2777 4221 λόγων
2809 4153 2903 4206 τὸν
2940 4152 3068 4206 λαὸν
3107 4152 3466 4223 ἐλυμήναντο,
3513 4155 3738 4207 ἐναντία

2155 4243 2253 4313 μὲν
2286 4245 2398 4305 τοῖς
2433 4241 2588 4311 ἐμοῖς
2628 4241 2936 4312 προφήταις
2978 4240 3367 4310 φθεγγόμενοι,
3403 4241 3623 4311 εἰρήνην
3673 4242 3737 4294 δὲ

2152 4336 2336 4399 αὐτοῖς
2383 4333 2820 4405 ὑπισχνούμενοι.
2879 4333 3019 4386 Ἀλλ’
3054 4335 3102 4386 oi
3158 4333 3256 4403 μὲν
3309 4334 3534 4386 ἐκείνων
3582 4334 3735 4400 λόγοι

2157 4425 2255 4495 τὴν
2309 4425 2530 4496 εἰρήνην
2565 4423 2745 4494 ἔσχον,
2783 4423 2851 4477 τά
2891 4423 2947 4476 δέ
3005 4423 3305 4494 πράγματα
3354 4424 3444 4476 τὸν
3497 4424 3736 4494 πόλεμον

2157 4517 2417 4571 δείκνυσι.
2443 4516 2700 4585 Πρόξενοι
2727 4515 2785 4569 δὲ
2820 4515 2927 4568 τῶν
2967 4516 3030 4569 ἐκ
3059 4515 3150 4568 τοῦ
3195 4515 3434 4585 πολέμου
3467 4514 3652 4568 κακῶν
3683 4517 3735 4567 οἱ

479 4603 776 4671 quominus
827 4602 1209 4672 ptrnitentiam
1261 4606 1502 4674 populus
1551 4616 1769 4676 ageret,
1819 4608 2044 4662 obsiste-

2159 4607 2256 4679 τὴν
2289 4609 2512 4678 εἰρήνην
2569 4607 3031 4677 ἐπαγγειλάμενοι
3060 4648 3074 4673 ,
3123 4607 3217 4660 καὶ
3246 4605 3500 4678 ἐμποδὼν
3529 4609 3596 4676 τῇ
3638 4606 3737 4659 τοῦ

480 4693 633 4748 bant.
687 4694 845 4760 Quod
890 4709 1023 4750 vero
1051 4695 1129 4750 ait
1169 4711 1184 4747 :
1227 4712 1246 4746 ι
1277 4694 1345 4750 Ει
1375 4697 1861 4752 sanetilicaverunt
1889 4713 2056 4766 super

479 4801 604 4841 eum
660 4787 884 4852 bellum,
925 4806 945 4839 ι
1014 4801 1112 4856 pro
1162 4797 1537 4855 separaverunt
1575 4788 1781 4859 posuit,
1831 4788 1934 4842 hoc
1971 4796 2057 4844 est

481 4879 934 4933 conciliaverunt.

552 4966 719 5024 Vsus.
749 4968 805 5032 6,
845 4971 898 5024 7.
943 4987 962 5020 ι
992 4968 1287 5037 Propterea
1334 4985 1444 5024 nox
1489 4969 1644 5025 vobis
1690 4971 1796 5024 erit
1831 4985 1930 5040 pro
1971 4971 2056 5024 vi-

485 5054 659 5119 sione,
702 5065 758 5111 et
791 5057 1029 5112 tenebrae
1079 5065 1244 5112 erunt
1290 5058 1444 5112 vobis
1495 5073 1563 5112 ex
1600 5057 1956 5126 divinatione,
2001 5067 2057 5116 et

483 5143 696 5198 occidet
719 5145 805 5198 sol
827 5161 998 5214 super
1027 5147 1344 5215 prophetas,
1369 5155 1423 5202 et
1444 5147 1863 5202 obtcnebrescet
1889 5164 2057 5219 super

482 5249 578 5288 eos
640 5232 784 5288 dies.
831 5233 898 5288 Et
923 5234 1336 5291 confundentur
1382 5237 1479 5306 qui
1520 5237 1706 5292 vident
1739 5240 1976 5304 somnia,
2005 5247 2059 5293 et

486 5322 863 5378 irridebuntur
913 5323 1148 5389 harioli,
1195 5334 1252 5382 et
1300 5327 1592 5397 loquentur
1645 5327 1912 5384 adversus
1963 5343 2058 5384 eos

485 5430 678 5471 omnes
711 5415 826 5482 isti,
854 5416 980 5486 quia
1006 5433 1114 5473 non
1142 5426 1228 5474 est
1254 5419 1347 5488 qui
1377 5420 1632 5476 exaudiat
1661 5437 1777 5482 eqs.
1813 5441 1830 5473 ι
1868 5420 2051 5476 ltcbus

2155 4702 2285 4754 λαοῦ
2320 4699 2652 4770 μεταμελείᾳ
2681 4699 2983 4770 γενόμενοι.
3023 4698 3098 4750 Τὸ
3142 4697 3235 4760 δὲ,
3275 4717 3292 4748 ι
3336 4698 3603 4765 Ἠγίασαν
3648 4698 3738 4750 ἐπ’
3797 4739 3802 4742 .

2157 4791 2317 4845 αὐτὸν
2351 4792 2608 4860 πόλεμον,
2646 4809 2666 4842 ι
2701 4789 2823 4843 ἀντὶ
2850 4789 2943 4843 τοῦ
2970 4788 3279 4858 ἀφώρισαν
3309 4787 3543 4853 τέθεικε,
3577 4804 3740 4841 τουτ-

2159 4883 2275 4935 έστι
2298 4882 2691 4952 προύξένησαν.

2231 4979 2306 5037 ς’,
2330 4973 2395 5035 ζ’.
2430 4991 2448 5022 ι
2479 4971 2578 5025 Διὰ
2607 4970 2767 5026 τοῦτο
2809 4959 2906 5035 νῦξ
2947 4971 3075 5042 ὑμῖν
3125 4970 3277 5025 ἔσται
3307 4972 3416 5025 ἀπὸ
3467 4971 3738 5042 ὁράσεως,

2163 5065 2255 5119 καὶ
2289 5063 2478 5117 σκοτία
2505 5063 2634 5133 ὑμῖν
2673 5062 2826 5116 ἐσται
2852 5064 2916 5117 ἐκ
2936 5065 2980 5096 ³³
3015 5065 3294 5135 μαντείας,
3325 5063 3420 5118 καὶ
3460 5063 3681 5117 δύσεται
3709 5066 3741 5115 ὀ

2162 5157 2311 5228 ἥλιος
2337 5157 2426 5208 ἐπὶ
2452 5156 2578 5218 τοὺς
2604 5155 2908 5226 προφήτας,
2941 5156 3033 5208 καὶ
3067 5157 3387 5211 συσκοτάσει
3415 5157 3502 5210 ἐπ’
3539 5157 3740 5221 αὐτοὺς

2166 5247 2198 5314 ἡ
2226 5245 2425 5316 ἡμέρα.
2459 5247 2567 5297 Καὶ
2599 5243 3157 5314 καταισχυνθήσονττι
3203 5246 3252 5299 οἱ
3280 5245 3516 5316 ὁρῶντες
3545 5246 3614 5299 τά
3651 5247 3740 5298 ἐν.

2168 5333 2350 5398 ύπνια,
2375 5335 2469 5388 καὶ
2491 5332 3056 5403 καταγελασθήσονται
3091 5335 3140 5386 οἱ
3172 5335 3413 5404 μάντεις,
3442 5335 3537 5389 καὶ
3567 5352 3740 5387 κατα-

2166 5423 2458 5494 λαλήσουσι
2485 5425 2604 5478 κατ’
2636 5425 2812 5478 αὐτῶν
2843 5426 3040 5489 πάντες
3069 5427 3243 5491 αὐτοὶ,
3285 5428 3418 5482 διότι
3451 5429 3547 5481 οὐκ
3579 5429 3737 5482 ἔσται

1775 5580 1858 5632 VA
1868 5578 2007 5633 [1le
2051 5579 2449 5636 LECTIONES.

561 5692 605 5720 ²¹
631 5705 714 5757 γι).
753 5689 794 5743 Α
829 5705 1010 5760 prmm.
1065 5693 1179 5746 τοῦ.
1257 5695 1301 5726 ²³
1321 5695 1405 5748 Ol.
1446 5696 1564 5751 ch.
1597 5699 1647 5752 in
1677 5699 1740 5751 Α.

1821 5699 1863 5729 ³³
1893 5699 1949 5750 ἐν
1975 5698 2091 5751 σύτ.
2142 5697 2263 5752 Des.
2297 5699 2351 5752 in
2382 5700 2443 5750 A.
2517 5702 2558 5730 ²ί¹
2604 5700 2760 5770 Ἀρπ.
2798 5700 2987 5756 [luerat
3022 5700 3076 5756 in
3117 5699 3244 5756 edit.
3288 5714 3367 5769 pr.
3445 5697 3552 5750 “C
3586 5699 3743 5768 περί.

491 5760 536 5791 ³⁷
559 5761 608 5815 Α
645 5760 825 5815 αὐτόν.
903 5764 945 5794 ’θ
969 5764 1008 5818 G
1052 5763 1297 5831 ἡγίασεν.
1332 5765 1410 5820 lla
1433 5781 1646 5836 quoque
1677 5776 1797 5838 post
1827 5784 2014 5838 pauca.
2091 5769 2131 5800 ³³
2163 5771 2243 5823 ἐκ.
2279 5771 2318 5824 C
2347 5785 2528 5839 prtem.
2568 5760 2676 5824 καί]
