4088 6454
349 399 489 466 1757

1587 415 1669 475 ΙΝ
1719 414 2047 476 ΜΙΟΙΙίΕιΕ
2085 420 2241 483 CAP.
2290 425 2400 487 III.

3463 443 3600 508 1758

335 516 633 570 ὑπακούων
656 516 698 548 ³⁰
736 517 937 572 αὐτῶν.
973 536 993 569 ι
1035 520 1156 573 Τῶν
1206 520 1314 592 γὰρ
1364 523 1704 596 πραγμάτων
1759 527 1914 577 ἐναν-

2021 530 2166 585 enim
2203 537 2498 593 contrariis
2539 543 2954 612 apparentibus,
3004 555 3056 602 et
3101 563 3199 618 pro
3233 563 3388 619 pace,
3435 568 3596 621 quam

332 605 469 658 τίων
496 607 859 677 φαινομένων,
898 610 992 663 καὶ
1018 612 1142 664 ἀντὶ⁴
1184 613 1282 679 τῆς
1325 614 1417 668 ὑπ’
1450 613 1632 669 αύτῶν
1661 615 1917 685 θρυλλου-

331 693 508 764 μένης
547 696 771 766 εἰρήνης
825 697 926 767 τῆς
975 698 1292 770 συμπλοκῆς
1336 702 1649 772 ὁρωμένης,
1706 702 1916 768 γέλωτα

334 783 442 852 μὲν
471 785 799 856 ὀφλήσουσιν
831 789 880 840 οἱ
915 788 985 842 τά
1025 789 1197 860 ψευδῆ
1243 793 1676 863 μαντευσάμενοι
1698 810 1712 823 ·
1758 796 1919 861 ἐγκα-

330 873 665 946 λυπτόμενοι
711 877 768 931 δὲ
804 877 1114 946 βαδιοῦνται
1155 883 1204 934 οἱ
1240 883 1353 944 τοῖς
1385 883 1656 946 ἐνυπνίοις
1691 883 1914 953 θαρρεῖν

333 965 921 1038 παρακελευσάμενοι·
973 970 1246 1040 μεσούσης
1294 971 1351 1024 δὲ
1390 971 1603 1042 ἡμέρας
1652 973 1711 1026 ἐν
1740 973 1916 1043 σκότῳ

333 1056 599 1122 διάξουσι,
629 1059 724 1111 καὶ
749 1058 920 1112 νύκτα
939 1060 1037 1132 τὴν
1063 1062 1277 1133 ἡμέραν
1308 1063 1624 1136 ἡγήσονται,
1651 1063 1730 1135 τῷ
1764 1063 1916 1134 φόϐῳ

334 1146 451 1200 τῶν
485 1148 778 1219 ὁρωμένων
809 1149 1163 1222 βαλλόμενον
1197 1152 1418 1217 πολλαῖς
1454 1153 1512 1206 δέ
1535 1154 1732 1219 αὐτοὺς
1776 1153 1915 1207 πλυ-

334 1235 494 1290 νοῢσι
541 1237 831 1308 λοιδορίαις
864 1241 915 1293 οἱ
955 1243 1075 1305 ταῖς
1121 1242 1345 1299 ἐκείνων
1400 1244 1737 1315 ἀπαχθέντες
1773 1258 1916 1315 μαν-

331 1328 534 1390 τείαις.

408 1448 480 1512 η’.
506 1462 525 1495 ε
561 1442 700 1512 Ἐγὼ
727 1444 784 1498 δέ
806 1445 884 1511 ³³,
918 1401 1084 1517 φησὶν
1125 1448 1155 1500 ὁ
1203 1449 1487 1520 προφήτης
1510 1489 1526 1516 ,
1573 1449 1916 1523 ἐνεπλήσθην
1989 1451 1994 1460 ’

340 1533 527 1604 ἰσχύος
575 1536 634 1589 ἐν
682 1535 964 1608 Πνεύματι
1021 1540 1265 1610 Κυρίου,
1327 1545 1422 1596 καὶ
1471 1543 1782 1613 κρίματος,
1817 1545 1914 1598 καὶ

338 1625 662 1690 δυναστείας
689 1667 704 1692 ,
757 1629 852 1682 τοῦ
902 1631 1235 1699 ἀπαγγεῖλαι
1284 1632 1363 1703 τῷ
1410 1633 1604 1688 Ἰακὼϐ
1659 1636 1912 1702 ἀσεϐείας

337 1715 507 1768 αὐτοῦ
533 1756 548 1782 ,
595 1719 690 1772 καὶ
720 1718 799 1790 τῷ
839 1719 973 1791 οἴκῳ
995 1722 1040 1753 ³⁸
1097 1722 1311 1794 Ἰσραὴλ
1345 1725 1618 1795 ἁμαρτίας
1646 1727 1846 1781 αὐτῶν.
1887 1745 1906 1780 ι

337 1805 478 1860 Οὔτε
525 1807 634 1881 γὰρ
678 1811 843 1881 ὅμοια
890 1814 1004 1875 τοῖς
1063 1815 1401 1885 παρανόμοις
1445 1817 1675 1880 ἐκείνοις
1716 1819 1912 1890 δρᾶσαι

335 1899 598 1974 τολμήσω
623 1918 638 1931 ·
679 1903 787 1956 ὑπὸ
815 1903 871 1956 δὲ
900 1905 1001 1974 τῆς
1028 1904 1124 1958 τοῦ
1155 1908 1314 1975 ἁγίου
1347 1909 1661 1981 Πνεύματος
1691 1911 1913 1983 χάριτος

335 1991 752 2064 ἐνεργούμενος,
793 1996 888 2048 καὶ
914 1996 1014 2064 τῆς
1042 1999 1299 2068 τοιαύτης
1329 2000 1614 2072 δυνάμεως
1643 2004 1913 2074 ἐμπιπλά-

336 2098 503 2151 μενος
529 2082 594 2148 ²³,
625 2085 724 2138 σὺν
761 2087 1042 2159 παρρησίᾳ
1070 2089 1164 2141 τοῦ
1204 2089 1332 2143 λαοῦ
1387 2093 1485 2163 τὴν
1533 2094 1788 2149 ἀσέϐειαν
1837 2096 1915 2150 δι-

333 2171 562 2242 ελέγξω.
619 2174 805 2239 Οὕτως
872 2178 1241 2249 ὑποσχόμενος
1297 2179 1595 2254 διαρρήδην
1673 2184 1914 2254 ἐλέγξειν

332 2265 438 2328 τάς
484 2264 577 2318 ὑπ’
614 2265 794 2320 αὐτῶν
832 2266 1192 2339 τολμωμένας
1241 2273 1615 2343 παρανομίας,
1654 2276 1912 2347 ἀντικρὺς

333 2355 438 2427 βοᾷ
467 2371 482 2386 ⁸

409 2445 475 2510 0',
506 2446 559 2502 ι’.
593 2465 612 2499 ι
661 2448 954 2502 Ἀκούσατε
1005 2449 1070 2523 δὴ
1103 2452 1297 2520 ταῦτα,
1331 2455 1379 2508 οἱ
1424 2455 1721 2527 ἡγούμενοι
1758 2456 1912 2512 οἴκου

347 2537 566 2605 Ἰακὼϐ,
613 2542 705 2594 καὶ
728 2541 777 2594 οί
805 2543 1127 2596 κατάλοιποι
1155 2543 1307 2600 οἴκου
1344 2546 1580 2619 Ἰσραὴλ,
1613 2549 1661 2602 οἱ
1693 2547 1912 2618 βδελυσ-

334 2629 556 2700 σόμενοι
592 2634 795 2702 κρῖμα,
832 2635 924 2686 καὶ
963 2635 1140 2688 πάντα
1179 2637 1248 2690 τά
1291 2638 1429 2709 ὀρθά
1469 2640 1910 2712 διαστρέφοντες.

333 2719 401 2771 Οί
431 2719 839 2791 οἰκοδομοῦντες
877 2723 1014 2777 Σιὼν
1045 2725 1102 2779 ἐν
1141 2725 1360 2796 αἵμασι,
1403 2728 1500 2782 καὶ
1547 2729 1904 2801 Ἰερουσαλὴμ

330 2812 396 2866 ἐν
421 2811 678 2877 ἀδικίαις.
716 2833 734 2864 ι
766 2815 838 2867 Τὸ
865 2815 1094 2886 κρίνειν,
1130 2819 1284 2886 φησὶ,
1306 2820 1750 2890 πεπιστευμένοι,
1776 2839 1910 2875 κατ-

334 2903 485 2974 έχειν
515 2905 749 2968 ἀκλινῶς
787 2908 887 2960 οὐκ
925 2909 1265 2981 ἡϐουλήθητε
1294 2911 1365 2965 τὰ
1400 2912 1499 2982 τῆς
1534 2912 1692 2981 δίκης
1731 2913 1907 2983 ζυγά·

333 2995 476 3050 ἀλλά
523 2997 617 3051 τοῦ
668 2997 880 3052 δικαίου
918 3001 1016 3070 μὲν
1068 3001 1340 3056 ἐποιεῖσθε
1395 3003 1553 3073 λόγον
1586 3005 1812 3072 οὐδένα,
1852 3004 1914 3059 τὸ

332 3086 394 3139 δὲ
424 3086 608 3142 ἄδικον
655 3087 863 3142 δίκαιον
915 3092 1210 3164 ἐπειρᾶσθε
1257 3093 1568 3162 δεικνύναι,
1617 3096 1910 3169 καὶταύτῃ

2023 621 2324 690 jactabant,
2364 631 2551 698 prmlio
2579 633 2891 704 ingruente,
2922 639 3034 693 risu
3066 642 3286 712 quidem
3314 645 3599 714 excipient--

2025 719 2117 767 tur
2149 717 2242 785 qui
2292 717 2430 773 falsa
2471 724 2757 780 vaticinati
2803 737 2954 792 sunt,
2991 739 3045 784 et
3073 732 3300 798 {confusi
3341 736 3600 804 gradien-

2025 812 2115 895 tur
2151 809 2243 877 qui
2289 813 2520 869 somniis
2551 817 2825 874 conlidere
2864 820 3152 890 jubebant,
3186 825 3479 895 medioque
3507 828 3596 882 die

2025 894 2080 949 in
2113 899 2355 955 tenebris
2389 903 2556 959 vitam
2585 917 2767 977 agent,
2809 919 2864 965 et
2895 921 3110 967 noctem
3140 914 3284 969 diem
3314 894 3596 972 existima-

2022 985 2180 1052 bunt,
2230 991 2477 1048 visorum
2526 1007 2674 1051 metu
2725 1002 2959 1056 vexati:
3003 1005 3192 1060 multis
3246 1013 3423 1061 autem
3467 1007 3592 1062 illos

2021 1079 2288 1137 conviciis
2317 1085 2674 1152 proscindent
2702 1089 2761 1159 ii,
2793 1107 2933 1162 quos
2962 1093 3040 1149 illi
3087 1095 3205 1152 suis
3233 1098 3588 1154 vaticinatio-
3609 1173 3622 1178 _

2019 1168 2187 1226 nibus
2211 1171 2571 1231 seduxerant.

2092 1456 2301 1529 1491
2333 1458 2500 1517 Vens.
2533 1462 2587 1519 8.
2623 1481 2642 1517 ι
2670 1463 3058 1526 Verumtamen
3105 1484 3226 1542 ego.
3256 1470 3438 1542 inquit
3467 1486 3592 1542 pro-

2017 1548 2201 1618 pheta,
2231 1553 2476 1621 repletus
2503 1570 2624 1610 sum
2663 1555 2988 1614 fortitudine
3028 1561 3084 1614 in
3113 1561 3320 1631 Spiritu
3353 1563 3590 1630 Domini,

2015 1646 2072 1693 et
2101 1638 2329 1708 judicio,
2361 1651 2417 1698 et
2442 1647 2707 1712 potentia,
2735 1655 2799 1702 ut
2823 1649 3145 1704 annuntiem
3175 1649 3376 1706 Iacobo
3403 1652 3593 1722 impie-

2017 1735 2156 1784 tates
2179 1731 2320 1800 ejus,
2351 1742 2404 1788 et
2431 1734 2616 1790 domui
2661 1735 2883 1794 lsraelis
2912 1747 3138 1808 peccata
3164 1756 3377 1796 eorum.
3407 1761 3428 1794 ι
3467 1741 3590 1800 Non

2015 1819 2158 1873 enim
2186 1823 2548 1890 committam,
2576 1835 2636 1882 ut
2660 1827 2868 1882 similia
2897 1829 3004 1885 illis
3034 1831 3580 1900 prmvaricationibus

2015 1911 2336 1979 aggrediar;
2367 1914 2462 1970 sed
2493 1917 2671 1972 sancti
2698 1916 2940 1987 Spiritus
2969 1919 3142 1990 gratia
3162 1921 3381 1988 ductus,
3407 1929 3462 1976 et
3487 1923 3582 1976 tali

2015 1999 2224 2057 virtute
2259 2005 2572 2074 roboratus,
2617 2009 2807 2078 populi
2841 2009 3174 2079 impietatem
3203 2011 3372 2067 libere
3397 2013 3588 2068 redar-

2013 2105 2194 2161 gnam.
2245 2092 2322 2149 lta
2367 2111 2428 2152 se
2453 2097 2634 2167 palam
2664 2100 2874 2156 scelera
2898 2117 3091 2159 eorum
3121 2104 3586 2174 reprehensurum

2013 2182 2317 2251 pollicitus,
2347 2197 2538 2257 aperte
2566 2190 2840 2246 exclamat
2871 2207 2890 2251 :

2082 2448 2250 2507 Vsus.
2280 2452 2334 2521 9,
2369 2455 2458 2508 l0.
2501 2471 2523 2506 ι
2554 2453 2752 2511 Audite
2789 2455 2926 2522 haec,
2951 2457 3120 2513 duces
3148 2457 3346 2515 domus
3369 2457 3586 2524 Jacobi,

2011 2549 2068 2598 et
2109 2544 2308 2614 reliqui
2359 2544 2555 2600 domus
2594 2545 2837 2612 lsraelis,
2887 2549 2982 2618 qui
3021 2549 3412 2605 abominamini
3437 2550 3587 2620 judi-
3622 2620 3624 2622 ν

2013 2633 2182 2696 cium,
2235 2644 2309 2690 et-
2338 2637 2520 2691 omnia
2568 2649 2716 2694 recta
2759 2641 3091 2708 pervertitis.
3147 2639 3253 2705 Qui
3297 2639 3586 2695 aedificatis

2015 2723 2236 2780 Sionem
2269 2727 2658 2797 sanguinibus,
2703 2737 2759 2784 ct
2791 2722 3226 2799 Hierosolymam
3277 2730 3584 2800 iniquitati-

2013 2813 2136 2868 bus.
2173 2833 2192 2867 ι
2235 2814 2347 2887 [Η]
2379 2817 2539 2884 Cum,
2570 2818 2773 2886 inquit,
2799 2818 3087 2888 judicandi
3128 2834 3327 2874 munus
3356 2820 3586 2874 manda-

2014 2913 2127 2959 tum
2161 2906 2318 2962 vobis
2343 2917 2515 2972 esset,
2543 2909 2776 2979 justitite
2804 2910 2993 2965 lances
3027 2919 3211 2966 rectas
3241 2919 3296 2966 et
3335 2918 3586 2967 neutram

2014 2996 2071 3050 in
2097 3006 2304 3067 partem
2333 2998 2562 3056 inflexas
2592 3010 2778 3057 tenere
2801 3000 3082 3066 uoluistis,
3112 3001 3206 3057 sed
3239 3001 3421 3070 potius
3445 3002 3588 3072 aequi

2013 3093 2068 3140 et
2114 3085 2250 3156 justi
2296 3089 2500 3143 nullam
2533 3089 2799 3147 habentes
2832 3090 3130 3155 rationem,
3169 3090 3370 3159 injuria
3408 3099 3467 3145 ιιι
3496 3091 3591 3160 jus

335 3179 670 3249 κεχρημένοι
692 3181 758 3250 τῇ
803 3179 1020 3252 γνώμῃ,
1052 3183 1302 3253 αἱμάτων
1331 3185 1534 3240 ἀδίκων
1564 3188 1664 3258 τὴν
1716 3188 1910 3259 Ἰερου-

2015 3177 2290 3234 videretur
2328 3180 2747 3250 aduitebamini,
2797 3191 2962 3253 atque
3006 3182 3111 3238 hoc
3149 3191 3373 3254 agentes
3419 3184 3590 3237 animi

336 3268 524 3338 σαλὴμ
544 3269 906 3342 ἐνεπλήσατε·
942 3272 1238 3345 δωροδοκίᾳ
1281 3274 1381 3344 μὲν
1401 3277 1451 3329 οί
1479 3277 1743 3349 ἄρχοντες
1771 3277 1915 3350 χρώ-

339 3375 516 3429 μενοι,
553 3361 602 3413 oi
624 3361 680 3412 δὲ
708 3362 874 3432 ἱερεῖς
897 3362 994 3426 τάς
1027 3365 1154 3434 περὶ
1180 3364 1286 3420 τῶν
1311 3366 1558 3437 νομίμων
1589 3369 1912 3440 ἀποκρίσεις

338 3449 484 3522 μετά
518 3453 820 3524 χρημάτων
852 3453 1202 3521 ποιούμενοι,
1251 3457 1346 3510 καὶ
1389 3461 1591 3526 προῖκα
1633 3458 1732 3530 τὴν
1761 3459 1912 3512 θείαν

337 3543 582 3597 ἐκτελεῖν
618 3543 964 3616 λειτουργίαν
989 3545 1090 3600 οὐκ
1113 3547 1466 3618 ἀνεχόμενον
1499 3551 1546 3602 οἱ
1579 3549 1637 3602 δὲ
1672 3551 1778 3604 ὑπὸ
1803 3549 1912 3604 τῶν

335 3632 599 3688 ἐναντίων
654 3637 987 3706 πνευμάτων
1048 3639 1436 3710 ἐνεργούμενοι
1475 3644 1775 3714 προφῆται,
1810 3643 1912 3715 ἔμ-

342 3725 535 3797 μισθον
587 3727 688 3797 τὴν
718 3727 886 3799 ψευδῆ
939 3729 1201 3800 μαντείαν
1232 3731 1596 3803 παρέχοντες,
1647 3735 1740 3788 καὶ
1774 3737 1916 3807 μετά

339 3815 531 3886 δὼρῖυν
555 3816 656 3889 τὴν
679 3817 898 3889 ἀπάτην
923 3820 1344 3891 προσφέροντες,
1378 3823 1472 3876 καὶ
1495 3824 1654 3877 τοῦτο
1677 3825 1722 3857 ³⁸
1739 3826 1913 3898 δρῶν-

339 3924 435 3971 τες
461 3907 561 3980 τὴν
592 3909 741 3964 θείαν
779 3911 924 3981 ἔχειν
959 3913 1322 3982 ἐφαντάζοντο
1351 3918 1694 3987 συμμαχίαν,
1739 3920 1920 3988 λέγον.

333 4013 434 4062 τες
458 4013 473 4028 ο
510 4016 530 4050 ι
575 3997 709 4070 Ούχὶ
753 4000 960 4071 Κύριος
989 4001 1047 4054 ἐν
1081 4001 1212 4070 ἡμῖν
1251 4003 1437 4068 ἐστιν;
1478 4004 1554 4056 Οὐ
1603 4004 1677 4075 μὴ
1711 4005 1911 4078 ἐπέλθῃ

340 4091 430 4158 ἐφ’
452 4091 599 4162 ύμας
615 4091 660 4125 ³⁵
688 4094 855 4148 κακά.
889 4111 908 4144 ι
952 4090 1172 4163 Ἐπειδὴ
1200 4093 1382 4146 τοίνυν
1416 4095 1733 4166 παρανομίᾳ
1763 4098 1911 4170 πάσῃ

343 4183 635 4252 συζῶντες,
663 4188 838 4257 μάτην
886 4184 1229 4257 ἐπερείδεσθε
1267 4188 1334 4256 τῇ
1383 4185 1502 4257 θείᾳ
1547 4189 1910 4263 προσηγορίᾳ,

340 4276 660 4345 γινώσκετε,
696 4279 775 4331 ὅτι

415 4365 503 4436 ιβ’.
532 4384 552 4418 ι
584 4365 683 4420 Διά
707 4366 864 4420 τοῦτο
889 4366 955 4420 δι’
985 4367 1150 4437 ὑμᾶς,
1179 4367 1337 4435 Σιὼν,
1364 4369 1439 4432 ὡς
1465 4369 1634 4439 ἀγρὸς
1657 4372 1912 4442 ἀροτρια-

2014 3270 2331 3339 proposito,
2390 3271 2662 3342 sanguine
2725 3273 3086 3328 innocentum
3151 3273 3590 3344 Hierosolymam

2011 3359 2405 3428 complevistis.
2437 3361 2765 3432 Corruptela
2804 3377 3091 3418 munerum
3124 3364 3392 3434 principis
3421 3364 3590 3432 capti,

2011 3459 2068 3506 et
2097 3453 2411 3508 sacerdotes
2434 3453 2501 3508 de
2524 3453 2782 3524 legitimis
2815 3469 2924 3509 non
2953 3454 3078 3510 sine
3101 3454 3336 3524 pecunia
3361 3469 3589 3525 respon-

2011 3542 2223 3611 dentes,
2271 3543 2693 3616 ministeriaque
2736 3546 2922 3602 divina
2975 3549 3153 3618 gratis
3197 3561 3458 3617 peragere
3489 3546 3589 3601 ab-

2010 3643 2243 3692 nuentes
2275 3651 2291 3688 :
2325 3636 2461 3707 quin
2486 3644 2541 3693 et
2569 3639 2850 3709 propheta:
2879 3638 3220 3694 adversariis
3252 3638 3446 3710 agitati
3478 3638 3594 3708 spi-

2011 3725 2233 3791 ritibus,
2286 3725 2482 3783 falsam
2529 3727 2932 3784 divinationem
2981 3743 3084 3799 pro
3135 3727 3390 3783 mercede
3427 3741 3594 3797 expo-
3681 3723 3696 3736 ’

2011 3827 2229 3884 nentes,
2261 3829 2311 3875 et
2341 3819 2700 3890 imposturam
2731 3820 2892 3875 donis
2922 3819 3294 3891 proferentes,
3324 3817 3440 3872 haec
3467 3833 3592 3872 cum

2014 3910 2280 3976 facerent,
2327 3911 2574 3966 divinum
2617 3912 2881 3966 auxilium
2929 3927 2989 3968 se
3039 3911 3324 3966 habituros
3353 3923 3592 3978 augura-

2013 4003 2236 4068 bantur,
2267 4003 2516 4059 dicentes
2551 4022 2564 4056 :
2613 4021 2632 4053 ι
2654 4000 2850 4059 Nonne
2877 4002 3147 4058 Dominus
3191 4003 3247 4057 in
3278 4001 3440 4055 nobis
3471 4000 3594 4054 est?

2015 4092 2134 4148 Non
2163 4093 2388 4148 venient
2413 4108 2581 4162 super
2631 4109 2730 4148 vos
2770 4093 2934 4148 mala.
2967 4111 2986 4145 ι
3028 4093 3296 4158 Quoniam
3329 4106 3459 4160 ergo
3487 4091 3593 4144 ini-

2014 4199 2178 4253 quam
2211 4185 2438 4239 omnino
2468 4184 2632 4239 vitam
2665 4184 2933 4238 ducentes
2964 4183 3170 4238 frustra
3200 4181 3384 4237 divina
3414 4182 3594 4253 appel-

2015 4275 2223 4330 latione
2249 4274 2366 4330 nixi
2394 4275 2550 4340 estis,
2583 4274 2904 4344 cognoscite
2930 4273 3052 4329 fore
3081 4279 3166 4340 ut,

2084 4367 2252 4422 Vens.
2285 4367 2374 4422 12.
2431 4385 2449 4418 ι
2479 4365 2694 4422 Idcirco
2723 4375 2948 4438 propter
2976 4382 3076 4424 vos
3111 4365 3244 4421 Sion
3269 4364 3429 4434 quasi
3461 4378 3592 4437 ager

339 4454 588 4526 θήσεται,
620 4457 716 4509 καὶ
759 4456 1111 4529 Ἰερουσαλὴμ
1146 4459 1226 4520 είς
1254 4461 1704 4531 ὀπωροφυλάκιον
1735 4464 1908 4530 ἔσται,

2017 4466 2224 4523 aretur,
2251 4465 2308 4514 et
2341 4459 2723 4529 Hierosolyma
2753 4458 2966 4530 1492
2997 4465 3056 4514 ιιι
3089 4473 3372 4528 pomorum
3403 4467 3591 4512 custo-

339 4548 437 4602 καὶ
484 4547 546 4600 τὸ
590 4546 721 4620 ὅρος
757 4548 818 4601 τὸ
850 4547 943 4602 τοῦ
977 4550 1124 4603 οἴκου
1155 4553 1234 4614 εἰς
1263 4552 1421 4616 ἄλσος
1450 4555 1680 4626 δρυμοῦ.
1714 4575 1732 4606 ι
1767 4557 1910 4610 Τοσ-

337 4638 516 4710 αύτη,
564 4639 762 4710 φησὶν,
811 4643 1016 4711 ἐρημία
1070 4640 1168 4712 τὴν
1225 4642 1656 4716 πολυθρύλλητον
1707 4647 1913 4719 ταύτην

277 4715 290 4726 ’
339 4731 710 4803 καταλήψεται
741 4732 897 4787 πόλιν
921 4774 936 4798 ,
973 4733 1048 4796 ὠς
1089 4734 1181 4786 τὸν
1213 4735 1312 4805 μὲν
1362 4735 1503 4790 θεῖον
1532 4715 1681 4793 οἶκον
1728 4715 1912 4809 φυτιῖιν

337 4820 771 4891 ἀναπλησθῆναι,
799 4820 894 4874 καὶ
925 4821 1327 4891 ἀπεικασθῆναι
1361 4823 1554 4896 δρυμῷ
1576 4843 1590 4857 ο
1625 4829 1692 4882 τὰ
1717 4829 1776 4882 δέ
1799 4831 1911 4884 τῶν

334 4910 538 4985 τειχῶν
563 4909 731 4977 ἔνδον,
763 4910 831 4965 τὰ
869 4911 1038 4966 πάλαι
1070 4913 1174 4966 ὑπὸ
1209 4913 1317 4968 τῶν
1345 4915 1698 4972 ἐνοικούντων
1725 4937 1909 4976 στενο-

337 4999 704 5071 χωρούμενα,
766 5003 887 5064 ταῖς
940 5001 1046 5066 ἔξω
1091 5002 1201 5056 τῶν
1276 5005 1574 5075 περιϐόλων
1648 5009 1910 5083 ἀρούραις

338 5092 717 5165 νεουργεῖσθαι
782 5095 1215 5166 παραπλησίως,
1261 5099 1354 5152 καὶ
1416 5101 1772 5173 σπείρεσθαι,
1833 5105 1910 5170 ὡς

344 5186 512 5258 μηδὲν
548 5187 1005 5259 ὀπωροφυλακίοι)
1054 5188 1152 5259 τὴν
1204 5189 1560 5264 Ἰερουσαλὴμ
1604 5196 1908 5270 διαφέρειν,

338 5278 370 5332 ὃ
393 5277 532 5348 μετά
562 5278 662 5349 τὴν
691 5276 801 5331 τῶν
825 5277 1053 5348 καρπῶν
1077 5278 1340 5350 συλλογὴν
1367 5281 1574 5353 ἔρημον
1599 5287 1771 5356 μένει,
1816 5288 1911 5342 τοῦ

340 5367 536 5439 πρώην
589 5368 950 5438 φυλάττοντος
1004 5368 1187 5422 οἴκαδε
1242 5372 1574 5438 ἐπανιόντος.
1621 5375 1804 5432 Ταῦτα
1854 5380 1913 5434 δὲ

341 5459 520 5531 πέρας
557 5460 658 5531 μὲν
686 5459 844 5514 ἔλαϐε
879 5460 971 5514 καὶ
1003 5461 1096 5513 ἐπὶ
1122 5461 1217 5514 τοῦ
1238 5462 1725 5538 Ναϐουχοδονόσορ,
1751 5469 1913 5540 ήνίκα

2015 4551 2106 4608 dia
2136 4550 2226 4616 sit,
2268 4558 2322 4606 et
2355 4564 2515 4604 mons
2545 4550 2731 4620 templi
2779 4551 2836 4605 in
2887 4550 3072 4610 lucum
3122 4551 3296 4605 saltus
3338 4547 3590 4620 (rediga-

2013 4643 2151 4713 tur).
2183 4661 2202 4694 ι
2236 4641 2431 4706 Tanta,
2462 4641 2658 4712 inquit,
2685 4641 2927 4697 solitudo
2956 4641 3084 4696 huic
3113 4639 3236 4694 urbi
3267 4638 3590 4695 clarissima:

2016 4732 2302 4795 inferetur,
2353 4740 2412 4785 ut
2440 4731 2636 4786 domus
2666 4731 2852 4786 divina
2884 4730 3085 4801 plantis
3134 4730 3496 4800 compleatur,
3535 4738 3590 4784 et

2015 4823 2190 4878 saltus
2217 4822 2414 4877 similis
2444 4822 2515 4876 sit
2547 4839 2561 4877 ;
2587 4823 2708 4876 loca
2735 4835 2863 4875 vero
2893 4821 3042 4874 intra
3070 4835 3280 4884 muros,
3312 4835 3434 4889 quae
3458 4819 3586 4872 olim

2017 4914 2219 4969 civium
2252 4912 2562 4984 frequentia
2602 4920 2839 4983 angusta
2867 4919 3045 4977 erant,
3075 4910 3328 4966 similiter
3359 4918 3419 4963 ut
3447 4910 3586 4980 agri,

2017 4985 2108 5076 qui
2139 5011 2294 5060 extra
2322 5003 2525 5060 mmnia
2557 5009 2708 5067 sunt,
2754 5008 3002 5067 arentur,
3035 5008 3090 5056 et
3121 5000 3177 5054 in
3205 4999 3288 5055 eis
3315 5007 3588 5055 sementes

2018 5097 2169 5160 fiant,
2202 5095 2279 5149 ita
2313 5103 2375 5148 ut
2408 5095 2541 5148 nihil
2571 5092 2951 5164 Hierosolyma
2996 5107 3027 5146 a
3075 5105 3368 5162 pomorum
3399 5097 3584 5145 custo-

2015 5188 2105 5242 dia
2137 5186 2376 5252 differat,
2409 5201 2531 5257 qum
2559 5195 2682 5255 post
2716 5184 2992 5240 fructuum
3031 5183 3456 5254 perceptionem,
3489 5197 3585 5236 cu-

2016 5279 2172 5334 stode
2230 5277 2452 5333 domum
2501 5291 2740 5343 reverso,
2785 5277 2999 5349 deserta
3040 5280 3242 5330 manet.
3293 5272 3419 5327 l‘lmc
3457 5288 3587 5327 vero

2015 5371 2118 5427 sub
2162 5367 2700 5425 Nabuchodonosore
2746 5368 2966 5439 quidem
3006 5368 3170 5423 finem
3205 5367 3402 5422 sortita
3431 5372 3580 5428 sunt,

2014 5478 2138 5520 cum
2166 5468 2329 5532 capta
2358 5462 2494 5518 urbe
2523 5460 2862 5517 habitatores
2892 5476 3000 5516 una
3031 5473 3155 5516 cum
3186 5475 3312 5531 rege
3337 5459 3582 5528 captivos

1601 5643 1832 5700 VARl/E
1857 5645 2261 5718 LEGTIONES.

415 5745 461 5831 3‘3
486 5744 528 5797 Α
557 5745 884 5831 ἔπακθδίὶὓλ.
936 5752 976 5831 ξ’
999 5752 1055 5831 A.
1086 5754 1209 5808 Ἑάν
1269 5753 1342 5826 μὴ
1374 5755 1483 5823 ἐγὼ
1507 5756 1688 5828 ἒμπλὴ
1703 5777 1772 5812 τω
1801 5760 1967 5831 ῐπχὺν,
2001 5780 2052 5818 κ.
2089 5780 2136 5815 τ-
2172 5761 2226 5813 λ.
2311 5761 2353 5792 ³³
2389 5761 2535 5830 οἴκῳ.
2569 5759 2692 5816 Des.
2722 5760 2780 5816 in
2802 5760 2868 5816 A.
2949 5762 2992 5792 ³³
3023 5757 3062 5814 C
3098 5749 3566 5826 ἐμπιμπλάμενος-

373 5813 393 5846 ¹⁵
418 5813 461 5872 (Σ
487 5815 678 5873 ταῦτα.
787 5821 830 5852 ³⁵
855 5821 901 5875 Α
936 5822 1105 5888 ἡμᾶς.
