4088 6468
509 429 650 494 1759

1457 414 1943 480 THEODOHETI
1972 410 2311 474 EI’ISCOPI
2332 409 2694 471 CYRENSIS

3619 398 3778 462 1760

511 540 870 604 abduxisset;
919 533 1015 592 seu
1051 531 1303 588 exactius
1350 527 1648 600 prophetiae
1692 525 1852 580 linem
1899 521 2091 578 videre

2210 519 2292 590 τὴν
2336 518 2492 572 πόλιν
2531 517 2668 572 ἐλὼν
2724 534 2822 571 συν
2851 507 2930 588 τῷ
2992 513 3200 586 βασιλεῖ
3248 512 3376 575 τοὺς
3420 510 3780 574 ἐνοικοῦντας

513 640 618 698 cst,
652 637 776 702 post
805 627 1009 683 rabiem
1038 630 1094 678 et
1122 619 1396 678 insaniam
1419 657 1437 684 ,
1475 631 1583 688 qua
1613 615 1786 670 ιιιύωί
1818 612 2086 668 adversus

517 701 858 779 S‘alvatorem
921 722 1172 770 nostrum
1221 717 1572 767 exarserunt.
1638 704 1775 760 Nam
1827 703 1883 756 in
1940 701 2087 755 hunc

519 826 696 882 usque
745 808 886 863 diem
919 801 1136 858 celebre
1165 799 1428 869 templum
1461 797 1595 852 illud
1639 794 1890 850 funditus
1933 803 2088 882 everf

518 880 663 965 sum,
685 907 740 953 et
767 898 822 951 in
852 903 1062 949 tantam
1086 889 1441 948 solitudinem
1463 888 1746 945 redactum
1781 892 1890 949 est,
1913 890 1973 938 ut
1993 880 2086 952 qui

518 992 704 1046 vi‘dent
751 988 1004 1059 ignorent
1053 982 1179 1054 quis
1210 980 1374 1037 fuerit
1403 987 1720 1035 sanctorum
1750 976 1880 1033 olim
1912 975 2086 1032 locus.

519 1080 615 1135 Sic
654 1093 784 1148 ergo
812 1075 997 1131 divina
1028 1072 1209 1144 gratia
1239 1072 1309 1128 de
1355 1071 1453 1126 illo
1498 1070 1704 1140 templo
1735 1083 1836 1139 per
1864 1082 1927 1123 os
1956 1081 2090 1137 pro-

518 1171 696 1242 pheta!
725 1167 1061 1229 vaticinans,
1092 1163 1380 1226 Ecclesiae,
1432 1177 1554 1232 qua:
1584 1161 1640 1215 iu
1669 1158 1959 1215 Dominum
1986 1173 2090 1214 no-

519 1271 694 1316 strum
723 1258 908 1314 Jesum
937 1255 1218 1317 Christum
1249 1252 1498 1316 credidit,
1533 1250 1880 1322 splendorem
1909 1263 1973 1304 ac
1999 1264 2091 1303 ce-

519 1350 828 1406 lebritatem
857 1351 1264 1418 praemonstrat.
1303 1343 1566 1414 Loquitur
1614 1351 1798 1398 autem
1839 1341 1898 1397 in
1944 1340 2092 1394 hunc

521 1442 749 1499 modum
781 1457 797 1496 :

1174 1635 1328 1693 CAP.
1367 1635 1462 1691 ιν.

595 1749 766 1805 Vsus.
799 1749 907 1804 l-5.
965 1765 984 1798 ι
1021 1745 1087 1802 Et
1114 1747 1220 1802 erit
1252 1745 1305 1800 in
1329 1743 1652 1801 novissimis
1678 1744 1877 1800 diebus
1915 1742 2094 1797 mani-

2186 611 2566 683 αίχμαλὼτους
2590 612 2876 682 ἀπήγαγεν
2903 627 2917 642 ο
2940 607 3135 679 ἀκριϐἐ
3145 622 3335 676 στερον
3360 604 3418 657 δὲ
3437 603 3586 656 ἐστιν
3637 602 3783 655 ἰδεῖν

2185 705 2284 774 τῆς
2319 702 2655 773 προφητείας
2683 701 2746 754 τὸ
2776 701 2926 763 τέλος
2967 697 3104 769 μετὰ
3136 697 3235 768 τὴν
3273 695 3418 748 κατὰ
3448 694 3544 747 τοῦ
3573 692 3779 762 Σωτῆ-

2188 811 2283 865 ρος
2317 793 2475 864 ⁴ἡμῶν
2533 792 2642 846 τῶν
2689 791 2959 844 Ἰουδαίων
3005 789 3210 841 λύτταν
3247 786 3346 840 καὶ
3383 785 3585 856 μανίαν
3614 800 3787 852 γεγε-

2187 883 2450 953 νημένην.
2487 885 2651 952 Ἄχρι
2677 880 2789 951 γὰρ
2827 879 2924 932 τοῦ
2959 879 3231 949 παρόντος
3272 878 3302 930 ό
3329 874 3791 946 πολυθρύλλητος

2187 976 2396 1037 ἐκεῖνος
2415 972 2550 1036 νεὼς
2573 974 2638 1025 ἐκ
2660 972 2876 1042 βάθρων
2893 969 3267 1030 ἀνασπασθεὶς
3292 965 3501 1037 ἐρημίᾳ
3515 963 3791 1018 παντελεῖ

2188 1063 2483 1136 παρεδόθη,
2527 1062 2604 1124 ὡς
2651 1061 2867 1129 ἀγνοεῖν
2897 1059 3025 1122 τοὺς
3059 1057 3324 1128 ὁρῶντας,
3373 1057 3526 1118 ποῖος
3553 1049 3624 1123 ἢν
3663 1051 3791 1106 τῶν

2189 1156 2356 1211 πάλαι
2377 1154 2547 1223 ἁγίων
2575 1155 2606 1206 ὸ
2645 1153 2832 1214 τόπος.
2868 1149 3028 1203 Οὕτω
3052 1148 3234 1202 τοίνυν
3265 1149 3300 1217 ἡ
3331 1146 3453 1200 θεία
3483 1145 3649 1217 χάρις
3689 1143 3790 1197 διὰ

2190 1248 2289 1317 τῆς
2329 1244 2675 1316 προφητικῆς
2709 1241 2958 1311 γλώττης
2992 1239 3062 1294 τὰ
3097 1241 3230 1309 περί⁵
3273 1237 3486 1292 ἐκείνου
3528 1250 3786 1306 προαγο-

2193 1337 2431 1408 ρεύσασα
2455 1335 2547 1388 τοῦ
2573 1333 2697 1396 νεὼ,
2744 1333 2846 1402 τῆς
2877 1334 2958 1394 είς
2994 1332 3087 1384 τὸν
3120 1330 3327 1401 Κύριον
3373 1326 3588 1396 Ἰησοῦν
3624 1326 3777 1394 Χρι-

2193 1428 2318 1484 στὸν
2371 1427 2796 1490 πεπιστευκυίας
2853 1423 3183 1494 Ἑκκλησίας
3237 1419 3599 1493 προθεσπίζει
3679 1417 3792 1490 τὴν

2193 1523 2574 1595 περιφάνειαν.
2604 1519 2767 1586 Λέγει
2789 1518 2847 1572 δὲ
2871 1516 3045 1580 οὕτως
3068 1532 3082 1547 ·

2787 1630 3044 1683 ΚΕΦΑΛ.
3093 1631 3166 1682 A'.

2267 1756 2413 1819 (ι’-γ’.
2452 1769 2470 1800 ι
2501 1747 2614 1803 Kal
2634 1747 2788 1800 ἔσται
2823 1745 2910 1800 ἐπ’
2931 1743 3163 1816 ἐσχάτου
3199 1742 3310 1797 τῶν
3344 1739 3569 1813 ἡμερῶν
3599 1742 3649 1773 ³⁸
3680 1742 3790 1810 ἐμ-

526 1840 700 1899 festus
731 1855 886 1896 mons
916 1837 1156 1905 Domini,
1189 1843 1419 1908 paratus
1457 1849 1624 1906 super
1653 1835 1910 1889 verticem
1941 1848 2090 1887 mon-

2210 1842 2368 1912 φανές
2412 1841 2471 1894 τὸ
2496 1839 2621 1910 ὅρος
2657 1837 2882 1909 Κυρίου,
2908 1836 3129 1906 ἕτοιμον
3166 1835 3259 1889 ἐπὶ
3312 1832 3561 1905 κορυφὰς
3599 1832 3650 1864 ³⁷
3674 1831 3796 1884 τῶν

524 1933 685 1997 tium,
717 1941 771 1987 et
798 1929 1100 1986 elevabitur
1141 1943 1307 1999 super
1337 1927 1530 1990 colles,
1559 1933 1616 1982 et
1645 1924 1984 1981 festinabunt
2025 1924 2093 1978 ad

2210 1936 2399 2006 ὀρέων,
2432 1933 2528 1986 καὶ
2561 1931 3060 2003 μετεωρισθήσεται
3113 1927 3375 1999 ὑπεράνω
3419 1927 3528 1981 τῶν
3551 1926 3797 1998 βουνῶν,

524 2038 650 2077 eum
697 2020 902 2092 populi.
959 2019 1026 2074 Et
1076 2019 1234 2075 ibunt
1279 2027 1471 2088 gentes
1515 2017 1720 2081 multae,
1767 2023 1822 2070 ct
1853 2013 2040 2070 dicent
2077 2029 2094 2065 :

526 2112 743 2174 Venite,
794 2111 1157 2168 ascendamus
1203 2108 1273 2164 ad
1321 2117 1561 2164 montem
1616 2105 1828 2162 Domini
1869 2122 1886 2159 :
1933 2114 1988 2160 et
2041 2105 2096 2160 iu

529 2205 742 2276 1493
771 2204 996 2257 domum
1025 2201 1118 2256 Dei
1150 2198 1357 2266 Jacobi,
1379 2208 1434 2254 et
1457 2199 1746 2255 ostendent
1769 2199 1930 2254 nobis
1952 2198 2095 2252 viam

525 2297 668 2364 ejus,
703 2301 757 2348 et
785 2291 1186 2348 ambulabimus
1216 2291 1271 2345 in
1301 2290 1515 2346 semitis
1541 2285 1683 2358 ejus.
1713 2288 1851 2355 Quia
1875 2305 1905 2345 e
1929 2287 2099 2345 Sione

526 2385 698 2440 exibit
726 2383 834 2448 lex,
865 2390 920 2438 et
949 2383 1176 2437 verbum
1231 2380 1449 2434 Domini
1500 2395 1566 2433 ex
1599 2378 1994 2450 Hierosolyma.
2035 2378 2102 2434 Et

524 2473 792 2545 judicabit
821 2474 964 2528 inter
995 2471 1228 2542 populos
1255 2471 1479 2534 multos,
1511 2475 1566 2525 et
1597 2469 1885 2541 redarguet
1910 2451 2100 2542 gentes

530 2566 703 2622 fortes
729 2581 906 2636 usque
936 2564 993 2620 in
1026 2563 1403 2633 longinquum.
1435 2581 1455 2612 ι
1511 2561 1697 2632 Usque
1727 2563 1794 2617 ad
1823 2572 2101 2620 extremas

526 2657 670 2712 enim
700 2663 884 2712 terras
911 2653 1230 2724 evangelica
1276 2660 1332 2708 et
1379 2653 1565 2708 divina
1616 2653 1932 2725 praedicatio
1975 2670 2102 2725 per-

525 2749 787 2812 manavit,
808 2747 964 2818 juxta
999 2746 1214 2801 Domini
1245 2747 1672 2816 praedictionem,
1694 2763 1816 2819 qua:
1848 2749 1902 2802 in
1927 2748 2101 2803 sacris

525 2838 834 2911 Evangeliis
850 2838 1102 2893 habetur.
1129 2856 1148 2888 ι
1175 2837 1569 2893 Ρτωιιίοιιιιὶιιιι·
1583 2840 1751 2905 enim,
1775 2839 1975 2910 inquit,
1999 2839 2104 2896 hoc

526 2929 880 2999 Evangelium
954 2929 1211 2984 omnibus
1272 2931 1568 3000 gentibus,
1623 2932 1677 2985 in
1729 2931 2102 2987 testimonium

527 3018 727 3089 ipsisl.
762 3037 782 3070 ι
820 3017 962 3073 Tum
985 3020 1150 3073 etiam
1175 3022 1387 3075 sanctis
1411 3020 1674 3090 apostolis
1707 3022 1990 3093 praecepit,
2023 3021 2108 3076 di-

526 3122 692 3163 cens:
715 3125 734 3159 ι
763 3105 971 3162 Euntes
988 3106 1177 3161 docete
1196 3123 1386 3162 omnes
1403 3116 1616 3178 gentes,
1640 3108 1988 3178 baptizautes
2008 3123 2106 3165 eos

2204 2025 2298 2078 καὶ
2326 2023 2652 2077 σπεύσουσιν
2680 2023 2767 2075 ἐπ’
2799 2021 2930 2075 αὺτδ
2960 2019 3100 2075 λαοί.
3130 2020 3241 2072 Καὶ
3268 2017 3632 2090 πορεύσονται
3656 2017 3798 2088 ἔθνη

2207 2114 2396 2176 πολλὰ,
2424 2113 2517 2167 καὶ
2553 2110 2739 2184 ἐροῦσι
2757 2128 2771 2143 ·
2805 2110 2997 2177 Δεῦτε,
3017 2109 3308 2180 ἀναδῶμεν
3331 2111 3410 2172 εἰς
3439 2108 3500 2161 τὸ
3519 2109 3650 2178 ὅρος
3674 2109 3800 2161 Κυ-

2209 2207 2346 2279 ρίου,
2376 2205 2470 2259 καὶ
2495 2205 2541 2236 ³⁸
2571 2204 2653 2268 εἰς
2681 2201 2773 2256 τὸν
2793 2198 2942 2256 οἷκον
2969 2200 3063 2254 τοῦ
3097 2199 3235 2254 Θεοῦ
3278 2198 3497 2266 Ἰακὼϐ,
3530 2199 3630 2252 καὶ
3678 2198 3800 2251 δεί-
3857 2243 3862 2247 .

2208 2298 2389 2365 ξουσιν
2417 2299 2550 2369 ἡμῖν
2603 2297 2704 2364 τὴν
2737 2295 2858 2349 ὁδὸν
2914 2293 3104 2356 αὐτοῦ,
3157 2291 3253 2345 καὶ
3296 2289 3690 2362 πορευσόμεθα
3736 2292 3802 2342 ἐν

2206 2391 2327 2455 ταῖς
2359 2388 2565 2459 τρίϐοις
2595 2386 2762 2439 αὐτοῦ
2783 2402 2798 2416 ο
2829 2385 2911 2438 ὅτι
2959 2386 3024 2437 ἐκ
3063 2381 3203 2439 Σιὼν
3233 2381 3574 2450 ἐξελεύσεται
3599 2380 3800 2450 νόμος,

2208 2482 2303 2536 xal
2335 2480 2492 2550 λόγος
2536 2477 2741 2549 Κυρίου
2801 2477 2859 2541 ἐξ
2891 2475 3268 2546 Ἰερουσαλήμ.
3297 2472 3408 2526 Kal
3445 2472 3631 2541 κρινεῖ
3661 2472 3803 2524 ἀνα,

2213 2573 2376 2644 μέσον
2428 2570 2574 2624 λαῶν
2629 2567 2862 2632 πολλῶν,
2916 2567 3011 2619 καὶ
3057 2563 3268 2632 ἐλέγξει
3301 2563 3428 2633 ἔθνη
3456 2560 3660 2633 ἰσχυρὰ
3690 2561 3804 2624 ἕως

2209 2667 2289 2729 είς
2310 2665 2355 2696 ⁸⁸
2381 2661 2617 2734 μακράν.
2653 2679 2672 2713 ι
2710 2659 2889 2729 Μέχρι
2921 2657 3031 2727 γὰρ
3055 2656 3164 2709 τῶν
3196 2655 3442 2727 ἐσχάτων
3463 2658 3567 2725 τῆς
3599 2653 3714 2724 γῆς
3739 2655 3812 2708 τὸ

2210 2752 2564 2823 εὐαγγελικδν
2600 2751 2693 2805 καὶ
2723 2751 2866 2803 θεῖον
2895 2747 3152 2818 διέδραμε
3187 2746 3471 2817 κήρυγμα,
3514 2744 3665 2798 κατὰ
3702 2745 3807 2815 τὴν

2211 2846 2303 2899 ἐπὶ
2327 2846 2442 2907 τοῖς
2467 2845 2634 2914 ἱεροῖς
2689 2840 3044 2909 Εὑαγγελίοις
3096 2837 3404 2908 φερομένην
3446 2834 3542 2888 τοῦ
3583 2835 3802 2906 Κυρίου

2213 2935 2537 3005 πρόρρησιν.
2550 2931 2997 3002 (Κηρυχθήσεται
3010 2928 3141 2999 γὰρ,
3156 2926 3280 2996 ἔφη,
3296 2925 3457 2979 τοῦτο
3471 2925 3531 2978 τὸ
3547 2925 3804 2994 Εὐαγγὲ-

2213 3026 2326 3079 λιον
2347 3026 2426 3087 είς
2439 3024 2613 3078 πάντα
2628 3023 2695 3075 τὰ
2713 3022 2838 3091 ἔθνη
2856 3022 2935 3084 είς
2959 3019 3257 3091 μαρτύριον
3279 3017 3482 3082 αὐτοῖς.
3509 3035 3528 3068 ι
3553 3018 3670 3070 Kal
3687 3021 3809 3079 τοῖς

2213 3118 2391 3187 ἁγίοις
2419 3117 2474 3170 δέ
2507 3113 2823 3177 ἀποστόλοις
2852 3111 3238 3183 παρηγγύησε,
3268 3110 3471 3179 λέγων·
3509 3129 3530 3160 ι
3573 3110 3797 3180 Πορευο

528 3199 586 3253 in
610 3198 832 3254 nomine
851 3197 1048 3264 Patris,
1065 3207 1119 3252 et
1144 3197 1289 3266 Filii,
1319 3209 1374 3254 et
1403 3198 1645 3269 Spiritus
1672 3200 1883 3256 sancti:
1904 3201 2104 3257 docen-

2214 3205 2399 3270 θέντες
2455 3202 2833 3276 μαθητεύσατε
2885 3202 3065 3255 πάντα
3117 3200 3185 3254 τὰ
3231 3199 3381 3270 ἔθνη,
3438 3199 3808 3270 βαπτίζοντες

529 3299 614 3347 tes
651 3305 748 3347 eos
790 3305 1015 3347 servare
1063 3290 1268 3353 omnia,
1319 3305 1661 3361 quacunque
1710 3292 1964 3348 mandavi
2009 3309 2108 3349 vo-

528 3382 615 3438 bis
631 3391 694 3437 ω.
735 3401 755 3435 ι
799 3381 925 3436 Haec
953 3382 1039 3437 lex
1071 3382 1404 3452 evangelica,
1438 3390 1495 3438 et
1525 3397 1709 3438 sermo
1741 3385 2106 3455 apostolicus,

529 3487 653 3528 cum
681 3473 753 3529 ab
799 3471 1200 3544 Hierosolyma,
1247 3472 1414 3528 veluti
1447 3487 1478 3527 a
1507 3471 1659 3528 fonte
1698 3474 1984 3544 quopiam,
2025 3475 2109 3529 in-

529 3562 787 3629 cepisset,
837 3576 1056 3617 omnem
1102 3570 1378 3616 terrarum
1430 3561 1620 3616 orbem
1673 3563 1937 3631 pervasit,
1980 3578 2108 3618 cum

532 3654 641 3708 [ide
669 3652 1062 3708 accedentibus
1092 3652 1472 3721 irrigationem
1504 3650 1756 3709 aﬂ’erens.
1786 3652 1987 3710 Videre
2016 3670 2112 3709 au-

531 3752 642 3798 tem
671 3743 804 3797 licet
833 3742 888 3796 in
915 3741 1120 3797 mediis.
1144 3741 1392 3808 urbibus,
1415 3751 1470 3797 et
1495 3741 1658 3806 vicis,
1682 3751 1737 3796 et
1765 3745 1932 3814 agris,
1956 3743 2114 3799 locis-

533 3849 642 3904 que
669 3832 1076 3894 remotissimis,
1097 3831 1243 3888 aedes
1275 3846 1466 3888 sacras
1494 3831 1884 3898 exaediﬁcatas,
1912 3835 2115 3905 magni-

535 3924 726 3981 tudine
776 3931 830 3980 et
880 3923 1296 3993 pulchritudine
1336 3924 1735 3994 praecellen'tes.
1780 3924 1854 3980 ita
1888 3935 1949 3982 ut
1978 3927 2114 3998 ipsis

535 4031 754 4086 quoque
801 4014 1081 4071 montibus
1131 4013 1458 4072 editissimis
1511 4016 1844 4075 illustriores
1897 4018 2029 4085 sint,
2060 4025 2115 4074 et

535 4107 708 4180 magis
741 4107 1074 4178 conspicuae.
1094 4105 1254 4173 Quod
1271 4107 1319 4163 si
1350 4107 1624 4178 quispiam
1655 4109 1815 4164 colles
1837 4117 1885 4164 et
1913 4120 2113 4164 montes

536 4199 844 4270 intelligere
871 4200 1003 4256 velit
1030 4200 1238 4272 templa
1263 4200 1756 4258 infestissimorum
1777 4202 2114 4270 daemonum,

536 4296 594 4351 in
620 4294 709 4351 his
740 4294 870 4349 olim
901 4294 1191 4360 azditicata,
1219 4295 1304 4352 sic
1348 4295 1512 4350 etiam
1565 4310 1788 4351 sensum
1837 4295 2116 4367 propheti—

537 4400 662 4440 cum
690 4385 912 4441 veritati
939 4394 1334 4456 congruentem
1378 4386 1638 4442 inveniet.
1687 4386 1968 4457 Siquidem
2001 4389 2117 4444 hanc

537 4474 803 4531 radicitus
837 4475 1029 4530 evulsa
1059 4484 1112 4530 et
1140 4473 1394 4532 funditus
1438 4476 1615 4534 deleta
1647 4483 1777 4531 sunt
1809 4494 1824 4531 :
1860 4475 1955 4532 Dei
1984 4492 2115 4532 vero

2215 3295 2416 3357 αὐτοὺς
2448 3295 2528 3358 είς
2559 3293 2619 3347 τὸ
2662 3291 2834 3362 ὖνομα
2859 3291 2954 3344 τοῦ
3005 3291 3239 3361 Πατρδς,
3269 3289 3364 3343 καὶ
3395 3290 3489 3342 τοῦ
3515 3289 3676 3357 Υίοῦ,
3706 3290 3805 3344 καὶ

2214 3386 2312 3442 τοῦ
2357 3386 2512 3454 ἁγίου
2565 3384 2905 3454 Πνεύματος,
2951 3383 3294 3446 διδάσκοντες
3353 3381 3553 3446 αὐτοὺς
3612 3384 3805 3452 τηρεῖν

2216 3479 2394 3532 πάντα
2426 3476 2526 3530 ὅσα
2555 3474 2910 3544 ἐνετειλάμην
2950 3473 3100 3543 ὑμῖν.
3133 3492 3150 3525 ι
3182 3466 3351 3536 Οὗτος
3380 3473 3408 3525 ὁ
3442 3472 3806 3540 εὖαγγελικκ

2215 3569 2399 3640 νόμος,
2442 3567 2536 3621 καὶ¹
2561 3565 2921 3628 ἀποστολικδς
2947 3565 3125 3633 λόγος,
3154 3564 3263 3618 ἀπὺ
3287 3565 3387 3636 τῆς
3414 3563 3805 3637 Ἰερουσαλὴμ,

2217 3659 2330 3714 ο¹ίον
2354 3658 2461 3713 ἀπό
2489 3675 2631 3720 τινος
2691 3657 2873 3728 πηγῆς
2905 3657 3234 3726 ἀρξάμενος,
3284 3657 3466 3712 πᾶσαν
3495 3654 3593 3725 τὴν
3619 3657 3802 3707 οἱκουο

2222 3751 2390 3821 μένην
2421 3749 2703 3819 διέδραμε,
2735 3749 2850 3805 τοῖς
2906 3746 3045 3816 μετὰ
3095 3745 3334 3808 πίστεως
3382 3743 3673 3816 προσιοῦσι
3702 3742 3804 3814 τὴν

2219 3840 2443 3912 ἀρδείαν
2492 3839 2841 3910 προσφέρων.
2874 3839 3031 3891 Ἐστι
3076 3837 3133 3891 δέ
3185 3837 3314 3890 ίδεῖν
3337 3835 3434 3890 καὶ
3471 3836 3597 3899 τοὺς
3624 3834 3804 3898 θείους

2218 3934 2399 3996 οῐκους
2419 3934 2478 3985 ἐν
2515 3931 2662 4003 μέσῳ
2694 3931 2789 3984 καὶ
2808 3929 3038 3993 πόλεων,
3069 3927 3164 3984 καὶ
3201 3928 3428 4000 κωμῶν,
3463 3925 3560 3981 καὶ
3589 3927 3800 3998 ἀγρῶν,

2219 4027 2314 4080 καὶ
2342 4025 2608 4096 ἐσχατιῶν
2635 4023 3037 4094 διακειμένους,
3057 4021 3162 4099 ,καὶ
3205 4021 3450 4092 μεγέθει,
3484 4020 3581 4075 καὶ
3610 4019 3809 4074 κάλλει

2220 4116 2643 4188 διαπρέποντας,
2674 4114 2750 4178 ὡς
2777 4113 2869 4168 καὶ
2918 4112 3098 4166 αὐτῶν
3129 4111 3238 4166 τῶν
3273 4110 3627 4182 ὑψηλοτάτων
3658 4109 3810 4181 ὀρῶν

2220 4207 2654 4280 ἐπισημοτέρους
2683 4204 2848 4270 εἶναι,
2868 4207 2964 4259 καὶ⁹
2985 4205 3502 4276 περιφανεστ-έρους.
3536 4203 3598 4256 Εἰ
3629 4203 3686 4256 δὲ
3709 4201 3806 4256 καὶ

2225 4299 2445 4370 βουνοὺς
2468 4297 2564 4350 καὶ
2584 4296 2708 4366 ὅρη,
2736 4296 2804 4348 τὰ
2829 4295 2998 4349 πάλαι
3026 4297 3090 4348 ἐν·
3115 4293 3326 4357 τούτοις
3354 4293 3466 4349 τῶν
3487 4291 3806 4363 ἀλαστόρων

2221 4389 2489 4460 δαιμόνων
2514 4387 2714 4459 τεμένη
2774 4386 2968 4456 νοῆσαί
3010 4402 3094 4449 τις
3142 4384 3441 4454 ἐθελήσειε,
3481 4383 3578 4436 καὶ
3620 4381 3800 4446 οὕτως

2224 4481 2446 4551 εὑρήσει
2477 4479 2567 4530 τὸν
2589 4476 2926 4547 προφητικὸν
2953 4475 3110 4544 λόγον
3136 4474 3366 4544 ἀληθεία
3401 4475 3801 4542 κοσμούμενον⁸

539 4566 765 4638 templa,
797 4573 850 4622 ct
879 4565 1255 4630 multitudine,
1286 4573 1342 4623 et
1383 4567 1797 4638 pulchritudine
1826 4571 1951 4625 cmli
1982 4570 2104 4625 stel-

2215 4571 2286 4624 τὰ
2345 4569 2444 4639 μὲν
2475 4567 2582 4637 γὰρ
2627 4568 2692 4620 ἐκ
2741 4565 2956 4637 βάθρων
2997 4563 3398 4634 ἀνεσπασμένα,
3431 4562 3643 4635 φροῦδά
3681 4563 3798 4616 ἐστι

539 4657 622 4713 las
648 4657 996 4712 aemulantur.
1048 4658 1118 4712 At
1155 4656 1327 4712 Judaei
1392 4658 1508 4713 haec
1557 4659 1633 4714 ita
1673 4660 1978 4729 intelligere
2021 4675 2116 4714 no-

539 4748 694 4816 lunt;
737 4749 834 4805 sed
863 4749 1007 4804 hanc
1037 4749 1195 4803 aiunt
1223 4763 1348 4806 esse
1381 4747 1701 4821 Babylonici
1743 4748 1956 4804 reditus
1985 4765 2117 4820 pra:-

542 4839 860 4895 dictionem.
925 4837 1139 4911 ιωά.
1195 4839 1260 4893 Ει
1309 4839 1529 4910 quidem
1583 4840 1721 4894 nihil
1771 4841 1968 4894 mirum
2009 4851 2115 4908 cst,

543 4930 688 4996 illos,
719 4931 924 5002 stupidi
956 4946 1080 4986 cum
1114 4931 1245 4998 sint,
1276 4931 1382 4988 hoc
1411 4931 1576 4986 modo
1607 4931 1947 4999 intelligere;
1987 4949 2116 4989 nam

546 5021 674 5077 aliis
701 5036 895 5076 eorum
927 5021 1152 5092 ineptiis
1177 5022 1439 5077 convenit
1467 5020 1632 5076 etiam
1662 5021 1779 5075 hate
1819 5022 1964 5078 circa
1993 5040 2118 5094 pro-

548 5109 783 5181 phetiam
832 5113 992 5166 istam
1047 5111 1422 5167 hallucinatio.
1475 5111 1632 5178 Quod
1686 5119 1867 5167 autem
1898 5116 2119 5182 quidam

547 5202 716 5257 ctiam
765 5202 1018 5261 doctores
1064 5205 1284 5275 pietatis
1327 5207 1576 5262 eamdem
1625 5205 2122 5274 interpretationem

631 5373 652 5421 ι
683 5376 878 5458 Matth.
899 5396 1049 5449 xxxv,
1085 5382 1172 5438 ιι.
1250 5381 1500 5437 "Matth.
1529 5397 1722 5446 xxvm,
1760 5380 1849 5445 l9,
1879 5379 1971 5436 20.

2228 4660 2531 4722 παντελῶςο
2554 4660 2603 4713 οἱ
2625 4659 2683 4712 δὲ
2719 4658 2852 4712 θεῖοι
2871 4658 3008 4721 ναοὶ,
3029 4656 3136 4709 τῶν
3160 4656 3283 4710 κατ’
3310 4655 3540 4725 οὐρανὸν
3560 4653 3810 4725 ἀστέρων

2223 4753 2318 4806 καὶ
2353 4753 2415 4806 τὸ
2440 4752 2642 4821 πλῆθος
2667 4752 2760 4804 καὶ
2783 4751 2844 4803 τὸ
2868 4749 3063 4812 κάλλος
3113 4746 3428 4819 μιμοῦνται.
3483 4745 3724 4800 Ἰουδαῖοι
3751 4744 3806 4798 δὲ

2223 4845 2397 4898 ταῦτα
2434 4847 2578 4899 νοεῖν
2609 4845 2710 4897 οὐκ
2757 4843 3034 4896 ἐθέλουσιν
3064 4841 3257 4904 οὕτως,
3304 4839 3439 4894 ἀλλὰ
3473 4841 3572 4909 τῆς
3599 4838 3667 4892 ἐκ
3695 4835 3809 4890 Βα-

2226 4935 2463 4999 ϐυλῶνος
2489 4935 2746 4989 ἐπανόδου
2775 4935 3084 5004 πρόρρησιν
3121 4931 3294 4988 ταῦτα.
3343 4925 3484 4984 εἶναί
3512 4946 3648 5000 φασι
3667 4944 3681 4956 ·
3711 4927 3809 4980 καὶ

2225 5025 2287 5079 τὸ
2315 5025 2414 5095 μὲν
2441 5024 2684 5088 ἐκείνους
2714 5023 2955 5094 ἠλιθίους
2993 5022 3152 5085 ὄντας
3209 5021 3354 5074 οὕτω
3384 5020 3546 5084 νοεῖν,
3590 5017 3808 5085 θαυμα-

2229 5116 2355 5171 στὸν
2383 5114 2535 5169 οὐδέν
2555 5131 2570 5146 °
2607 5115 2895 5189 συμϐαίνει
2924 5113 3034 5184 γὰρ
3061 5112 3242 5168 αὐτῶν
3266 5113 3386 5174 ταῖς
3410 5111 3601 5173 ἄλλαις
3631 5126 3809 5178 παραυ

2230 5205 2401 5270 νοίαις
2426 5207 2472 5239 ’⁵ο
2504 5208 2599 5259 καὶ
2646 5209 2675 5259 ὁ
2717 5206 2847 5279 περὶ
2886 5204 3048 5276 τήνδε
3078 5204 3180 5273 τὴν
3209 5201 3549 5277 προφητείαν
3569 5197 3807 5261 πλάνος

1825 5537 2063 5597 νΑΙὶΙιιΕ
2099 5534 2502 5594 LECTIONES.

634 5702 680 5776 ’ἦ
698 5702 895 5776 Supra,
923 5710 964 5776 ι.
991 5701 1035 5776 1,
1062 5716 1116 5772 p.
1140 5701 1300 5776 iﬁlli),
1328 5701 1386 5754 ἐν
1416 5702 1808 5776 ταῖςηέσχάταις
1840 5703 2098 5776 ἡμέραις.
2157 5704 2201 5738 ³⁷
2225 5720 2343 5774 κορ.
2374 5704 2418 5760 Λ
2443 5719 2630 5776 praem.
2651 5703 2768 5768 τάς.
2811 5705 2855 5736 ³⁸
2884 5704 2960 5769 εἰς
2982 5719 3032 5757 τ.
3061 5700 3308 5773 δρκυρ.
3349 5693 3462 5750 καί.
3497 5691 3624 5750 068.
3655 5694 3713 5750 in
3741 5691 3806 5748 Δ.

564 5771 614 5806 δ’
636 5774 737 5837 εἰς.
779 5771 905 5827 Des.
925 5773 983 5826 in
1002 5774 1064 5823 Α.
1139 5771 1184 5803 ⁸ο
1207 5772 1251 5826 C
1280 5771 1662 5841 παρανομίαις.
