4088 6468
393 417 532 485 1761

1616 423 1697 505 IN
1735 421 2067 488 MICHlE/E
2106 425 2266 488 CAP.
2305 427 2403 491 Iv.

3507 432 3648 504 1762

370 526 441 582 τὺ
462 527 520 581 δέ
546 527 642 580 καί
668 542 824 592 τινας
850 529 961 585 τῶν
1014 532 1116 604 τῆς
1170 532 1455 598 εὐσεϐείας
1488 495 1832 590 διδασκάλων
1869 536 1936 609 τὴ

2037 574 2044 597 ι
2072 536 2128 592 in
2159 553 2260 594 sua
2290 538 2499 608 scripta
2531 537 2890 606 inseruerint,
2944 538 3004 595 id
3047 556 3176 598 vero
3219 557 3330 600 non
3358 544 3645 604 ferendum

369 618 545 691 αὐτὴν
568 620 866 692 ἑρμηνείαν
881 622 1119 678 ἐνθεῖναι
1138 626 1488 691 τοῖςοίκείοις
1506 629 1970 700 συγγράμμασιν,

368 710 474 764 οὒκ
501 711 748 775 ἀνεκτὸν,
787 713 911 768 οὐδὲ
960 716 1293 788 συγγνώμης
1332 719 1484 785 ἄξιον
1509 716 1648 773 εἷναί
1673 739 1764 790 μοι
1789 722 1954 775 δοκεῖ.

369 801 510 854 Ποῖα
539 799 648 873 γὰρ
703 801 832 875 ἐθνη
863 805 958 858 καὶ
991 806 1326 873 πελάζοντα,
1369 809 1465 863 καὶ
1512 810 1796 882 πόρρωθεν
1845 815 1954 868 ἀπ-

371 889 659 959 ῳκισμένα
684 929 701 951 ,
745 891 882 962 μετὰ
909 893 1010 965 τὴν
1062 884 1322 951 ἐπάνοδον
1360 898 1698 971 συνέδραμον
1740 902 1821 965 είς
1862 903 1954 958 τὸν

385 979 652 1032 Ἰουδαίων
682 982 831 1046 ναὸν,
862 984 956 1050 τὸν
983 985 1212 1040 ἐκείνων
1240 989 1610 1060 άσπασάμενα
1641 991 1829 1062 νόμον,
1859 994 1954 1046 καὶ

366 1065 462 1118 τὸν
512 1067 724 1120 ἐκεῖθεν
793 1069 1226 1143 ἐκπορευόμενον
1301 1077 1676 1149 ἀγαπήσαντα
1757 1081 1950 1149 λόγον;

381 1155 679 1226 Ἀναμέσον
699 1158 756 1211 δὲ
785 1160 954 1214 ποίων
967 1162 1159 1229 ἐθνῶν,
1190 1165 1224 1236 ἢ
1244 1164 1390 1222 λαῶν
1413 1169 1766 1239 παμπόλλων,
1794 1166 1952 1236 οὗτος

366 1247 397 1301 ό
424 1248 582 1317 λόγος
617 1249 889 1321 διέκρινε,
930 1254 1000 1307 τά
1031 1257 1217 1321 κακῶς
1249 1259 1341 1311 ὑπ’
1369 1259 1548 1313 αὐτῶν
1582 1262 1840 1333 γινόμενα
1872 1264 1952 1318 δι·-

353 1338 638 1410 Δελέγχων;
677 1342 785 1395 Καὶ
815 1342 884 1396 τὰ
921 1345 1237 1416 ἐπαγόμενα
1262 1350 1341 1415 δέ,
1365 1351 1623 1423 ἀντικρὺς
1648 1355 1748 1425 τῆς
1777 1357 1950 1426 ἐρμη-

365 1429 517 1494 νείας
555 1431 772 1502 ἐκείνης
817 1433 1085 1506 διελέγχει
1130 1437 1191 1491 τὸ
1240 1437 1474 1508 ψεῦδοςο
1519 1442 1658 1512 μετὰ
1697 1442 1808 1515 γὰρ
1849 1444 1949 1516 τὴν

364 1520 476 1573 ἀπὸ
507 1521 823 1586 Βαϐυλῶνος
853 1525 1133 1593 ἐπάνοδον,
1159 1528 1232 1592 ὡς
1257 1530 1486 1595 καὶτοῖς
1503 1531 1646 1586 οὕτω
1667 1535 1947 1606 νενοηκόσι

363 1612 535 1677 δοκεῖ,
591 1613 688 1666 καὶ
743 1613 868 1684 Γὼγ
917 1617 1013 1671 καὶ
1067 1619 1283 1689 Μαγὼγ
1309 1622 1449 1692 μετὰ
1479 1622 1750 1678 πλείστων
1774 1625 1946 1680 ἐθνῶν

363 1702 806 1774 ἐπεστράτευσαν
843 1707 1140 1774 Ἰουδαίοις,
1171 1712 1266 1766 καὶ
1284 1715 1333 1766 oi.
1360 1713 1628 1786 περίοικοι
1657 1717 1716 1770 δὲ
1744 1718 1947 1782 πάντες

362 1794 562 1858 αὐτοὺς
584 1795 945 1867 πολεμοῦντες
967 1800 1293 1872 διετέλεσαν,
1321 1803 1474 1860 ἐνθεν
1503 1807 1602 1878 μὲν
1633 1808 1942 1880 Ἰδουμαῖοι,

2058 627 2216 692 mihi,
2263 642 2367 683 nec
2415 629 2578 684 venia
2626 629 2854 700 dignum
2904 630 3142 687 videtur.
3189 633 3450 700 Quaenam
3499 639 3646 693 enim

2056 729 2266 790 gentes,
2300 728 2396 774 aut
2424 720 2642 785 vicinae,
2678 728 2774 776 aut
2800 721 3022 793 longius
3049 723 3281 787 dissitas.
3327 726 3385 782 in
3424 726 3646 794 Judaeoe

2055 827 2176 866 rum
2208 812 2467 882 templum
2507 819 2634 881 post
2687 812 2922 868 reditum
2975 824 3335 870 accurrerunt
3381 817 3453 872 ad
3498 818 3647 888 leges

2054 915 2244 956 eorum
2275 902 2662 972 accipiendas,
2706 912 2762 958 et
2805 904 3036 958 verbum
3086 905 3239 959 illinc
3283 907 3476 962 exiens
3524 922 3645 962 am-

2055 991 2428 1060 plexandum?
2457 992 2604 1048 Inter
2630 1007 2899 1063 quasnam
2929 1009 3060 1049 vero
3091 1003 3306 1065 gentes,
3338 996 3642 1068 populosve

2055 1080 2342 1152 plurimos,
2373 1082 2600 1136 verbum
2633 1081 2738 1136 hoc
2775 1081 3070 1151 judicavit,
3101 1098 3292 1138 eorum
3338 1083 3632 1139 malefacta

2052 1169 2500 1240 reprehendens“?
2550 1169 2658 1226 Sed
2700 1171 2793 1224 illa
2838 1172 3004 1226 etiam
3053 1187 3174 1240 quae
3217 1173 3639 1244 subsequuntur

2051 1269 2238 1330 aperte
2267 1261 2415 1316 illius
2460 1262 2936 1332 interpretationis
2997 1263 3291 1318 falsitatem
3343 1264 3637 1331 refellunt;

2051 1367 2178 1406 nam
2226 1363 2350 1422 post
2378 1353 2614 1408 reditum
2647 1367 2677 1408 a
2724 1353 3022 1425 Babylbne,
3062 1364 3123 1409 ut
3152 1357 3239 1410 bis
3269 1356 3432 1410 etiam
3462 1358 3638 1426 placet

2047 1444 2142 1515 qui
2193 1444 2276 1499 sic
2324 1444 2667 1513 interpretati
2701 1453 2852 1511 sunt,
2903 1453 2958 1500 et
3011 1443 3126 1516 Gog
3173 1454 3230 1502 et
3257 1445 3472 1516 Magog,
3505 1461 3632 1500 cum

2048 1535 2298 1605 plurimis
2329 1535 2584 1606 gentibus
2626 1535 2682 1589 in
2707 1533 2927 1592 Iudaeos
2959 1536 3242 1592 irruerunt
3276 1555 3290 1590 :
3332 1546 3386 1591 et
3417 1536 3634 1591 ﬁnitimi

2047 1640 2237 1682 omnes
2267 1626 2618 1682 continenter
2657 1641 2783 1681 cum
2815 1628 2898 1683 eis
2943 1627 3084 1683 bella
3133 1639 3449 1698 gesserunt,
3501 1628 3634 1683 hinc

2047 1717 2271 1788 quidem
2302 1717 2549 1783 Idumaei,
2599 1725 2654 1772 ct
2680 1717 3027 1782 Ammonitaa,
3072 1729 3127 1774 et
3158 1718 3429 1784 Moabita',
3481 1718 3635 1774 illinc

2046 1823 2179 1864 vero
2203 1808 2520 1879 alienigenae
2565 1815 2622 1864 et
2652 1807 2940 1863 Samaritae
2979 1827 2993 1866 :
3026 1818 3080 1864 ct
3127 1824 3238 1864 non
3285 1810 3460 1863 multo
3509 1817 3636 1880 post

361 1886 463 1938 καὶ
504 1887 852 1958 Ἀμμανῖται,
893 1891 988 1946 καὶ
1016 1894 1303 1950 Μωαϐῖται
1324 1913 1340 1928 ο
1375 1897 1587 1952 ἐκεῖθεν
1623 1899 1682 1954 δὲ
1712 1877 1936 1973 ἀλλόφυ-

2045 1877 2410 1957 Macedonicae
2455 1901 2564 1956 illis
2612 1899 2794 1956 clades
2834 1900 3182 1971 obtigerunt,
3231 1915 3368 1970 quas
3409 1877 3627 1956 Macha-

365 1975 453 2030 λοι
494 1979 590 2032 καὶ
621 1980 955 2053 Σαμαρεῖται
975 2000 990 2015 ⁸
1022 1984 1117 2039 καὶ
1163 1986 1346 2056 ὀλίγου
1396 1988 1454 2042 δὲ
1487 1989 1786 2056 διελθόντος
1818 1993 1940 2064 χρό⁴

359 2084 482 2135 νου,
506 2067 576 2122 τά
623 2071 968 2129 Μακεδονικὰ
1004 2076 1191 2141 αὐτοῖς
1239 2079 1446 2151 ἐπέστη
1503 2080 1669 2149 κακὰ,
1730 2081 1768 2136 ἃ
1827 2083 1938 2137 τῶν

2030 1993 2289 2048 'baeorum
2319 1992 2550 2047 historia
2581 1991 2848 2047 continet.
2881 1991 2998 2047 Hoc
3025 2003 3206 2046 autem
3238 1992 3361 2046 loco
3389 1991 3630 2062 prophe-

2045 2085 2192 2140 ticus
2218 2099 2401 2140 sermo
2435 2084 2764 2138 altissimam
2795 2098 2989 2156 pacem
3029 2083 3320 2153 promittit.

358 2157 739 2218 Μακκαϐαίων
795 2165 855 2218 αἱ
903 2168 1223 2239 συγγραφαὶ
1279 2171 1651 2243 περιέχουσιν.
1719 2173 1991 2231 Ἐνταῦθα
2044 2176 2105 2229 δέ
2153 2178 2183 2232 ὁ
2227 2176 2571 2248 προφητικὸς
2632 2175 2790 2242 λόγος
2855 2175 3081 2248 εἰρήνην
3138 2175 3480 2246 ὑπισχνεῖται
3532 2172 3632 2242 βα·

360 2250 535 2306 θεῖαν.

439 2367 461 2401 ι
497 2350 883 2422 Κατακόψουσι
916 2354 1027 2424 γὰρ
1055 2355 1156 2419 τὰς
1204 2358 1480 2430 μαχαίρας
1501 2361 1682 2416 αὐτῶν
1707 2363 1789 2426 είς
1813 2362 1944 2434 ἄρο-

356 2455 486 2510 τρα,
510 2440 604 2494 καὶ
633 2441 700 2495 τὰ
724 2443 924 2514 δόρατα
967 2445 1152 2501 αὐτῶν
1199 2447 1281 2512 είς
1307 2448 1573 2520 δρέπανα,
1613 2452 1710 2506 καὶ
1735 2453 1838 2506 οὒκ
1860 2453 1942 2506 ἐτι

357 2532 422 2584 οὐ
453 2533 529 2603 μὴ
577 2534 682 2606 ἄρῃ
725 2534 878 2600 ἔθνος
900 2537 994 2590 ἐπὶ
1026 2539 1072 2570 ⁸⁸
1105 2537 1260 2604 ἔθνος
1286 2543 1584 2615 μάχαιραν,
1609 2545 1704 2600 καὶ
1737 2545 1939 2599 οὐκέτι

355 2623 422 2676 οὐ
455 2625 531 2696 μὴ
563 2625 778 2695 μάθωσι
811 2629 1087 2700 πολεμεῖν.
1123 2632 1238 2703 (δ’.)
1264 2633 1376 2688 Καὶ
1397 2635 1776 2690 ἀναπαύσεται
1806 2636 1938 2690 ἐκα-

361 2731 486 2778 στος
517 2716 774 2772 ὑποκάτω
811 2719 1057 2790 ἀμπέλου
1074 2721 1258 2789 αὑτοῦ,
1285 2725 1380 2778 καὶ
1403 2725 1632 2793 ἕκαστος
1679 2727 1938 2782 ὑποκάτω

361 2803 535 2874 συκῆς
568 2804 754 2871 αὑτοῦ,
781 2808 876 2860 καὶ
892 2808 991 2861 οὐκ
1010 2809 1207 2864 ἐσταιό
1227 2812 1498 2881 ἐκφοϐῶν.
1530 2831 1550 2865 ι
1584 2815 1694 2867 Καὶ
1723 2814 1939 2880 δεικνὺς

357 2893 470 2965 τῶν
489 2895 792 2966 εἰρημένων
823 2898 884 2952 τὺ
909 2899 1163 2969 ἀψευδὲς,
1202 2902 1300 2956 τοῦ
1323 2904 1610 2975 εἰρηκότος
1631 2905 1694 2960 τὺ
1721 2906 1938 2973 ἀξιόπι-

361 3003 486 3040 στον
507 2986 664 3056 δῆλον
692 2992 836 3043 ποιεῖ
861 2993 974 3056 τοῖς
1002 2992 1284 3050 ἀκούουσι,
1317 3013 1337 3047 ι
1368 2995 1442 3049 Τὸ
1467 2996 1577 3068 γάρ
1618 2997 1792 3068 στόμα
1816 3000 1931 3051 Κυ-

361 3078 480 3148 ρίου
509 3082 945 3154 παντοκράτορος
986 3084 1218 3157 ἐλάλησε
1250 3085 1445 3142 ταῦτα.
1497 3107 1517 3141 ι
1546 3089 1681 3143 Τότε
1701 3090 1786 3162 δὴ,
1815 3091 1936 3145 τότε

2117 2373 2138 2410 ι
2165 2356 2473 2413 Concident
2502 2357 2649 2412 enim
2679 2355 2892 2428 gladios
2922 2369 3054 2412 suos
3081 2354 3140 2410 in
3205 2361 3414 2420 aratra,
3441 2362 3496 2411 et
3521 2355 3623 2412 lia-

2043 2456 2159 2504 stas
2208 2461 2337 2504 suas
2381 2446 2454 2501 in'
2489 2446 2679 2511 falces,
2727 2452 2782 2502 et
2816 2460 2927 2501 non
2967 2444 3203 2515 amplius
3248 2445 3460 2501 attollet
3494 2461 3630 2516 gens

2039 2547 2234 2594 contra
2264 2546 2479 2614 gentem
2513 2538 2776 2607 gladium,
2809 2544 2864 2593 et
2889 2536 3050 2607 plane
3082 2550 3190 2590 non
3218 2535 3436 2592 discent
3464 2537 3627 2592 belli-

2037 2644 2249 2700 gerare.
2285 2627 2478 2700 (Vens.
2509 2628 2589 2700 ιι.)
2636 2628 2704 2683 Et
2730 2627 3038 2698 requiescet
3088 2625 3473 2696 unusquisque
3519 2626 3628 2681 sub

2041 2720 2148 2774 vite
2174 2733 2276 2775 sua
2307 2726 2362 2774 et
2391 2719 2773 2789 unusquisque
2821 2717 2928 2774 sub
2962 2716 3069 2772 ficu
3100 2730 3224 2784 sua,
3277 2725 3332 2771 et
3361 2731 3470 2771 non
3515 2717 3626 2773 erit

2039 2813 2136 2882 qui
2164 2819 2457 2867 exterreat.
2492 2829 2512 2862 ι
2567 2811 2634 2864 Ει
2667 2809 2964 2866 verborum
3017 2808 3306 2864 veritatem
3339 2821 3620 2870 asserens,

2038 2899 2273 2956 dicentis
2317 2899 2698 2955 auctoritatem
2748 2895 2961 2969 1595
3011 2896 3358 2951 auditoribus
3402 2896 3622 2966 planam

2040 2990 2193 3047 facit.
2228 3008 2250 3043 ι
2276 2987 2353 3046 Os
2381 2990 2528 3045 enim
2559 2989 2776 3044 Domini
2821 2987 3224 3058 omnipotentis
3253 2988 3496 3044 locutum
3538 2997 3625 3046 est

2042 3082 2178 3136 haec.
2217 3099 2238 3134 ι
2290 3079 2445 3136 Tunc
2471 3079 2756 3146 nimirum,
2788 3089 2919 3135 tunc
2951 3099 2967 3135 :

317 3236 330 3241 _
429 3174 494 3224 ε’.
529 3188 548 3222 ι
576 3173 782 3237 Πάντες
809 3176 860 3228 oi
884 3175 1005 3229 λαοὶ⁹
1047 3176 1404 3248 πορεύσονται
1435 3179 1666 3245 ἕκαστος
1691 3181 1791 3249 τὴν
1814 3181 1934 3236 όδὸν

2113 3173 2280 3230 Vens.
2311 3173 2366 3228 5.
2419 3190 2439 3226 ι
2481 3171 2684 3229 Omnes
2746 3172 2932 3242 populi
2997 3172 3175 3241 ibunt,
3238 3172 3622 3244 unusquisque

355 3260 566 3314 αὐτοῦ’
619 3263 782 3333 ἡμεῖς
817 3265 877 3316 δὲ
922 3266 1302 3338 πορευσόμεθα
1342 3270 1403 3322 ἐν
1454 3269 1678 3340 ὀνόματι
1723 3272 1932 3342 Κυρίου

352 3352 450 3406 τοῦ
490 3351 625 3407 Θεοῦ
659 3355 819 3425 ήμῶν
854 3357 935 3419 είς
961 3356 1054 3411 τὸν
1086 3360 1281 3425 αίῶνα,
1313 3361 1410 3414 καὶ
1442 3361 1715 3417 ἐπέκεινα.
1749 3381 1769 3414 ι
1808 3364 1931 3417 Ὅτι

355 3444 459 3515 μὲν
476 3441 570 3500 οὖν
595 3445 806 3502 τούτων
831 3449 984 3502 οὐδὲν
1031 3451 1308 3515 Ἰουδαίοις
1353 3452 1638 3523 ἁρμόττει,
1683 3453 1754 3507 τὰ
1789 3456 1932 3525 πρά-

351 3552 539 3605 γματα
615 3541 883 3610 μαρτυρεῖ
928 3556 946 3573 ·
1001 3541 1053 3594 oi
1110 3542 1210 3613 μὲν
1256 3543 1366 3615 γὰρ
1416 3543 1517 3610 τῆς
1576 3544 1931 3617 Ἰερουσαλὴμ

349 3625 709 3695 ἐκϐληθέντες
730 3667 746 3692 ,
815 3628 1055 3700 μέτοικοι
1102 3633 1205 3703 τῆς
1258 3633 1588 3707 οἰκουμένης
1637 3631 1885 3704 ἐγένοντο
1911 3674 1926 3698 ,

351 3717 621 3787 σποράδες
651 3717 942 3791 ἀλώμενοι,
971 3723 1066 3775 καὶ
1091 3721 1192 3794 τὴν
1221 3723 1364 3778 κατὰ
1396 3724 1565 3797 νόμον
1586 3725 1928 3798 λειτουργίαν

348 3807 664 3878 ἐκπληροῦν
726 3811 790 3864 οὐ
841 3811 1166 3882 δυνάμενοι·
1189 3816 1218 3868 ό
1266 3817 1326 3870 δέ
1379 3817 1716 3889 προφητικδς
1770 3817 1928 3887 λόγος

354 3899 715 3970 ὑπισχνεῖται,
750 3904 874 3967 τοὺς
904 3905 1339 3971 πεπιστευκότας
1383 3909 1442 3961 ἐν
1462 3908 1543 3978 τῷ
1573 3907 1800 3979 ὀνόματι
1833 3909 1927 3961 τοῦ

346 3987 581 4058 Κυρίου,
605 3991 934 4062 πορεύεσθαι
965 3995 1043 4056 είς
1069 3994 1161 4048 τόν
1183 3995 1355 4050 αίῶνα
1384 3997 1478 4050 καὶ
1501 3998 1778 4052 ἐπέκεινα.
1804 3999 1926 4051 Ὅτι

343 4077 406 4130 δὲ
435 4078 528 4132 τὸν
559 4080 696 4147 μετὰ.
726 4080 826 4152 τὴν
853 4082 948 4136 τοῦ
975 4084 1180 4155 Κυρίου
1211 4086 1515 4156 παρουσίαν
1553 4087 1925 4158 προσημαίνει

340 4168 521 4223 ταῦτα
551 4172 758 4243 καιρὸν,
787 4173 950 4229 πάλιν
989 4175 1060 4230 τὰ
1094 4178 1396 4248 πράγματα
1427 4179 1712 4250 μονονουχὶ
1741 4178 1927 4251 φωνὴν

339 4261 577 4331 ἀφιέντα
614 4263 716 4336 τὴν
767 4265 1074 4338 μαρτυρίαν
1126 4269 1445 4340 παρέχεται.
1493 4269 1610 4341 Πρὸ
1661 4269 1760 4341 μὲν
1815 4268 1924 4338 γὰρ

340 4352 446 4423 τῆς
481 4353 767 4426 Ῥωμαίων
817 4358 1092 4429 βασιλείας
1115 4397 1132 4425 ,
1186 4361 1378 4430 συχναὶ
1423 4361 1533 4414 τῶν
1581 4359 1752 4414 ἐθνῶν
1802 4361 1924 4414 κατ’

342 4443 592 4516 ἀλλήλων
618 4448 1016 4514 ἐπαναστάσεις
1037 4450 1297 4520 ἐγίνοντο,
1325 4449 1423 4505 ἅτε
1449 4449 1512 4522 δὴ
1537 4449 1661 4504 καθ’
1690 4450 1922 4504 ἕκαστον

2035 3265 2178 3320 viam
2212 3280 2366 3320 suam
2400 3279 2535 3320 :nos
2576 3271 2758 3318 autem
2794 3263 2997 3320 ibimus
3053 3265 3107 3319 in
3143 3266 3363 3321 nomine
3395 3265 3617 3322 Domini

2036 3353 2127 3409 Dei
2162 3353 2362 3416 nostri,
2401 3354 2456 3406 in
2482 3363 2770 3417 aeternum,
2803 3360 2860 3408 et
2896 3353 3059 3407 ultra.
3090 3372 3110 3405 ι
3147 3352 3296 3408 Nihil
3329 3355 3499 3425 igitur
3548 3371 3618 3412 ex

2031 3442 2121 3498 bis
2160 3443 2229 3497 ad
2272 3441 2492 3498 Iudaeos
2521 3443 2928 3498 accommodari
2994 3458 3178 3514 posse,
3227 3459 3319 3500 res
3360 3445 3494 3515 ipsae
3535 3455 3620 3501 te~

2032 3541 2276 3589 stantur.
2318 3532 2387 3588 Ili
2414 3533 2560 3590 enim
2593 3532 2968 3606 Hierosolyma
3000 3534 3185 3605 ejecti,
3229 3535 3382 3592 orbis
3433 3543 3614 3592 terra-

1995 3666 1998 3670 .
2031 3637 2152 3678 rum
2182 3625 2200 3646 ‘
2226 3621 2356 3679 facti
2397 3630 2528 3679 sunt
2556 3623 2839 3693 inquilini,
2905 3624 3144 3696 dispersi
3170 3629 3260 3682 ‘et
3287 3626 3612 3692 errabundi,

2029 3722 2460 3771 consentaneum
2496 3715 2601 3786 legi
2634 3715 2998 3772 ministerium
3027 3715 3253 3787 exsequi
3284 3731 3393 3771 non
3430 3717 3618 3773 valen-

2031 3813 2138 3862 tes.
2170 3805 2536 3878 Propheticus
2569 3821 2701 3864 vero
2731 3822 2917 3865 sermo
2946 3809 3217 3880 promittit
3246 3823 3342 3866 eos
3373 3810 3466 3880 qui
3494 3824 3618 3866 crc-

2029 3896 2268 3953 diderint
2293 3898 2351 3954 in
2377 3899 2598 3956 nomine
2631 3897 2848 3955 Domini
2879 3908 3056 3958 ituros
3093 3916 3218 3959 esse
3243 3902 3298 3957 in
3328 3913 3614 3969 aeternum,

2025 3999 2084 4044 et
2141 3989 2306 4044 ultra.
2371 3988 2611 4060 Tempus
2651 3997 2834 4046 autem
2880 3998 3007 4059 post
3049 3990 3268 4046 Domini
3317 3993 3614 4049 adventum

2028 4091 2348 4136 secuturum
2370 4081 2486 4135 haec
2510 4080 2960 4151 praesignificare,
2985 4097 3075 4138 res
3101 4083 3234 4152 ipsae
3251 4083 3450 4138 iterum
3474 4098 3616 4153 pene

2027 4172 2312 4242 loquentes
2355 4171 2729 4227 testimonium
2762 4172 3030 4242 praebent.
3060 4171 3196 4228 Nam
3228 4181 3358 4229 ante
3392 4175 3609 4230 consti:

2025 4271 2205 4320 tutum
2237 4263 2545 4318 Romanum
2571 4261 2862 4332 imperium
2893 4263 3071 4319 crebri
3104 4263 3246 4320 inter
3275 4279 3335 4320 se
3363 4264 3610 4335 gentium

2024 4364 2210 4410 motus
2235 4353 2459 4420 flebant,
2485 4353 2612 4425 quia
2639 4353 2875 4424 singulis
2901 4353 3222 4408 nationibus
3248 4353 3428 4409 divisa
3450 4362 3612 4409 erant

2025 4461 2215 4520 regna.
2249 4449 2319 4501 At
2368 4446 2684 4518 principatu
2712 4447 2862 4501 omni
2899 4446 2969 4501 ad
2998 4445 3277 4502 Romanos
3319 4445 3611 4513 translato,

341 4533 499 4600 ἐθνος
545 4538 646 4608 τῆς
687 4539 963 4609 βασιλείας
1012 4542 1439 4613 μεμερισμένης.
1480 4542 1669 4614 Πάσης
1723 4541 1781 4596 δὲ
1820 4540 1920 4612 τῆς

2037 4549 2078 4598 3t
2103 4540 2446 4612 singularum
2471 4540 2716 4611 gentium
2745 4537 2930 4610 regnis
2960 4537 3064 4593 sub
3092 4536 3398 4594 Salvatoris
3429 4539 3605 4592 nostri

338 4625 640 4696 ἡγεμονίας
696 4632 777 4693 είς
844 4631 1148 4703 Ῥωμαίους
1200 4631 1616 4705 μετατεθείσης,
1670 4633 1767 4688 καὶ
1821 4633 1922 4705 τῆς

341 4716 468 4771 καθ’
504 4719 734 4774 ἕκαστον
780 4720 931 4786 ἔθνος
972 4722 1245 4790 βασιλείας
1273 4725 1367 4778 ἐπὶ
1401 4725 1502 4796 τῆς
1541 4725 1637 4780 τοῦ
1670 4726 1921 4798 Σωτῆρος

337 4809 502 4880 ἡμῶν
531 4813 833 4882 παρουσίας
869 4815 1272 4887 ἀναιρεθείσης,
1319 4817 1510 4888 είρήνη
1545 4817 1734 4887 βαθεῖα
1787 4834 1920 4874 κατ-

340 4903 469 4971 έσχε
504 4903 603 4974 τὴν
637 4906 983 4977 οἰκουμένην,
1013 4906 1090 4970 ὡς
1118 4909 1314 4978 μηκέτι
1342 4908 1495 4972 ἔθνος
1533 4910 1657 4964 κατ’
1681 4909 1919 4983 ἐθνο[υ]ς

337 4995 774 5066 ἐπιστρατεύειν,
812 4997 949 5052 ἀλλὰ
977 4997 1067 5052 διὰ
1106 4998 1206 5069 τὴν
1244 4999 1687 5072 παρασχεθεωαν
1729 5001 1914 5056 θεόθεν

335 5088 582 5160 είρήνην,
613 5090 691 5154 είς
720 5091 926 5160 ὄργανα
971 5091 1250 5162 γεωργικὰ
1283 5090 1604 5162 μεταϐαλεῖν
1646 5093 1718 5148 τὰ
1759 5094 1917 5148 πολε-

2029 4633 2322 4690 adventum
2353 4631 2570 4696 deletis,
2610 4644 2823 4686 summa
2858 4645 2962 4701 pax
2994 4636 3113 4684 toto
3153 4621 3286 4684 orbe
3333 4636 3606 4684 terrarum

2025 4723 2307 4780 dominata
2338 4728 2445 4787 est,
2476 4723 2554 4777 ita
2584 4729 2644 4776 ut
2672 4735 2784 4776 non
2819 4719 3058 4790 amplius
3104 4733 3239 4790 gens
3283 4719 3338 4774 in
3387 4726 3606 4790 gentem

2025 4817 2296 4886 insurgat,
2341 4813 2437 4869 sed
2483 4814 2553 4869 ob
2603 4826 2793 4884 pacem
2835 4811 3102 4866 divinitus
3148 4809 3374 4873 factam,
3410 4809 3607 4866 bellica

2025 4908 2393 4964 instrumenta
2422 4904 2480 4959 in
2513 4904 2725 4958 rustica
2757 4909 3104 4968 convertant,
3133 4913 3188 4956 et
3234 4900 3387 4972 agris
3417 4901 3606 4956 colen-

2027 5000 2115 5056 dis
2136 4999 2332 5054 dantes
2354 5011 2599 5068 operam,
2625 4995 2897 5066 perceptis
2931 4994 3058 5048 hinc
3088 4993 3250 5070 bonis
3274 5001 3392 5047 tuto
3410 4991 3604 5048 fruan-

2027 5100 2145 5148 tur.
2202 5089 2309 5146 Sed
2380 5097 2436 5145 et
2483 5087 2590 5142 alia
2639 5086 2824 5143 omnia
2875 5085 3059 5141 munia
3124 5091 3427 5152 exercent,
3483 5099 3606 5155 qua:

339 5182 498 5251 μικὰ,
559 5183 653 5236 καὶ
709 5185 776 5252 τῇ
827 5183 1063 5252 γηπονίᾳ
1091 5181 1480 5252 προσέχοντας,
1512 5185 1622 5238 τῶν
1664 5185 1914 5240 ἐντεῦθεν

2037 5184 2164 5240 ὼίτί
2197 5183 2252 5238 in
2302 5195 2438 5253 pace
2467 5179 2667 5244 solent,
2704 5185 2759 5234 et
2791 5178 2884 5232 alii
2923 5176 3094 5232 variis
3140 5176 3353 5233 artibus
3381 5183 3606 5244 vacant;

333 5273 511 5337 ἀδεῶς
543 5274 764 5344 ἀγαθῶν
785 5274 1100 5328 ἀπολαύειν.
1133 5275 1244 5327 Καὶ
1271 5277 1382 5338 τοῖς
1407 5275 1588 5341 ἄλλοις
1618 5276 1676 5330 δὲ
1707 5276 1909 5331 ἅπασιν

2037 5276 2115 5332 Ilii
2169 5281 2537 5332 mercaturam
2585 5279 2641 5326 et
2687 5271 3088 5343 navigationem
3141 5267 3603 5339 sectanturhalii

334 5365 770 5437 ἐπιτηδεύμασιν
809 5365 883 5428 ὡς
929 5365 986 5418 ἐν
1033 5365 1226 5436 εἰρήνῃ
1275 5365 1657 5437 προσέχουσιν,
1704 5369 1752 5421 οί
1811 5369 1910 5440 μὲν

2037 5367 2404 5425 perfectionem
2454 5371 2797 5434 appetentes,
2852 5361 2995 5416 viam
3047 5360 3310 5426 divinam,
3359 5358 3603 5413 Domini-

331 5459 456 5522 ταῖς
481 5458 852 5521 παντοδαπαῖς
882 5455 1154 5528 χρώμενοι
1186 5455 1423 5526 τέχναις,
1457 5457 1507 5510 oi
1534 5457 1592 5512 δέ
1638 5459 1910 5532 ἐμπορίαν

2037 5476 2119 5530 lue
2162 5460 2368 5515 cultum
2401 5458 2562 5513 ﬂuxis
2618 5455 2787 5512 lucris
2833 5461 3198 5525 anteponunt,
3245 5461 3300 5509 et
3336 5459 3600 5507 aeternam

334 5553 433 5607 καὶ
463 5551 738 5604 ναυτιλίαν
767 5549 1101 5622 αἱρούμενοι,
1126 5551 1176 5603 οί
1202 5549 1258 5602 δέ
1280 5550 1380 5620 τῆς
1411 5549 1747 5622 τελειότητος
1775 5551 1901 5624 όρε-

2037 5551 2228 5625 [ωε
2255 5551 2386 5607 inde
2414 5550 2582 5606 vitam
2615 5548 3016 5620 adipiscuntur.
3046 5545 3143 5603 llis
3183 5543 3397 5601 subdit:

332 5646 578 5717 γόμενοι,
612 5646 713 5717 τὴν
751 5643 902 5698 θείαν
957 5641 1097 5707 ὁδὸν,
1144 5642 1239 5696 καὶ
1301 5641 1395 5695 τοῦ
1436 5643 1706 5697 Δεσπότου
1750 5642 1849 5716 τὴν
1904 5644 2220 5714 θεραπείαν,
2272 5642 2651 5715 ὑποῤῥεόντων
2679 5643 2723 5676 δ’
2748 5639 2955 5715 κερδῶν
3005 5633 3442 5711 προαιρούμενοι»
3498 5628 3600 5685 καὶ

332 5738 434 5812 τὴν
461 5737 677 5793 αἰώνιον
707 5735 953 5791 ἐντεῦθεν
996 5731 1457 5805 κληρονομοῦντες
1488 5734 1654 5808 ζωήν.
1685 5735 1908 5801 Τούτοις
1937 5737 2131 5806 ἐπάγει
2159 5755 2172 5767 ο

1683 5829 1916 5890 VARI/1'1
1955 5829 2362 5891 LECTIONES.

370 5902 428 5974 ι⁸¹
451 5904 561 5957 ἔπ’·
594 5901 638 5957 Α
665 5901 819 5973 πρός.
867 5899 959 5980 -.δ’
984 5899 1081 5957 ὑπ.
1107 5897 1148 5955 C
1168 5913 1358 5970 prtem.
1385 5899 1510 5954 τῶν.
