4088 6408
338 516 512 587 τησάν
557 528 652 565 σου
683 511 726 544 ⁸⁸
771 509 958 575 ὠδῖνες
989 509 1064 572 ὡς
1096 506 1383 576 τικτούσης

341 607 538 676 πεῖραν
571 602 764 663 ἔλαϐες
807 602 917 654 τῶν
965 599 1186 665 κακῶν;
1223 597 1333 650 Καὶ
1375 595 1482 668 μὴν
1531 596 1623 648 καὶ
1681 593 1921 663 συμϐού-

341 699 466 761 λους
491 692 635 766 εἶχες
666 695 794 757 τοὺς
823 693 886 746 τὸ
917 693 1034 746 δέον
1060 691 1239 762 εὑρεῖν
1268 689 1622 760 δυναμένους,
1649 687 1741 740 καὶ
1773 687 1924 756 βασι-

341 789 442 843 λέα
482 788 674 841 τούτου
710 801 775 852 γε
816 784 999 836 εἵνεκα
1048 781 1279 852 ᾔτησας,
1320 779 1460 832 ὥστε
1497 795 1592 832 σου
1634 777 1922 848 προκινδυ-

343 878 519 931 νεύειν
552 879 610 930 ἐν
650 877 764 939 τοῖς
805 874 1061 943 πολέμοις
1093 887 1107 901 ⁸
1133 873 1230 924 καὶ
1263 871 1455 934 ἔλαϐες
1485 871 1542 923 δὲ
1578 867 1920 940 παραυτίκα·

342 970 556 1023 δέδωκα
590 967 696 1037 γάρ
744 983 825 1018 σοι
869 964 967 1034 τὴν
1014 964 1250 1033 αἴτησιν.
1301 962 1556 1017 Μάνθανε
1604 961 1804 1022 τοίνυν,
1851 960 1926 1022 ὡς

344 1060 500 1112 οὐδέν
534 1075 592 1110 σε
635 1059 684 1109 oi
719 1055 1036 1125 σύμϐουλοι,
1077 1053 1200 1107 οὒτε
1236 1055 1344 1107 τῶν
1376 1053 1691 1123 συμϐούλων
1725 1053 1758 1122 ἡ
1794 1050 1925 1121 φρό-

345 1166 523 1221 νησις,
564 1147 687 1202 οὔτε
713 1149 747 1218 ἡ
784 1145 878 1200 τοῦ
908 1145 1174 1216 βασιλέως
1211 1145 1396 1214 ὀνήσει
1427 1142 1751 1215 προστασία.

421 1337 476 1385 t'.
510 1346 531 1380 ι
560 1327 670 1382 Καὶ
697 1326 876 1394 ῶδινε,
899 1326 995 1380 καὶ
1020 1326 1296 1397 άνδρίζου,
1322 1324 1419 1379 καὶ
1446 1323 1656 1394 ἕγγιζε,
1685 1324 1731 1356 ⁵⁸
1763 1322 1930 1392 θύγα-

347 1439 446 1493 τερ
472 1420 629 1483 Σιὼν,
657 1420 732 1482 ὡς
752 1421 786 1490 ή
821 1419 1099 1472 τίκτουσα.
1141 1439 1158 1471 ι
1195 1419 1382 1488 Δέχου,
1411 1417 1596 1488 φησὶν,
1632 1415 1929 1486 ὼδινούσης

348 1511 610 1581 γυναικὸς
655 1507 1051 1580 παραπλησίως
1082 1506 1294 1571 ὀδύνας,
1344 1507 1438 1559 καὶ
1488 1505 1687 1576 ὁμοίως
1723 1503 1928 1574 ἐκείνῃ,

350 1602 421 1654 τά
468 1600 691 1653 ἐπιόντα
736 1597 984 1668 θεωμένη
1025 1597 1192 1662 κακά,
1228 1596 1422 1666 βάλλου
1448 1597 1569 1659 ταῖς
1623 1594 1734 1648 τῶν
1763 1596 1934 1664 ἀλγη-

349 1693 518 1746 δόνων
569 1691 744 1745 ἀκίσι.
781 1707 800 1740 ι
825 1690 967 1742 Διότι
1017 1689 1122 1742 νῦν
1153 1687 1411 1760 ἐξελεύσῃ
1455 1689 1519 1740 ἐκ
1560 1687 1792 1750 πόλεως,
1839 1685 1934 1739 καὶ

352 1782 804 1852 κατασκηνώσεις
835 1783 892 1834 ἐν
919 1781 1109 1851 πεδίῳ,
1146 1780 1241 1834 καὶ
1279 1780 1430 1850 ἣξεις
1451 1781 1555 1843 ἕως
1581 1779 1929 1842 Βαϐυλῶνοςο

1556 391 1638 450 ΙΝ
1688 386 2020 449 MICH/E/E
2049 387 2208 449 CAP.
2253 392 2321 451 V.

1413 524 1428 572 ;
1470 526 1487 557 ›
1520 506 1715 571 Πόθεν,
1767 504 1923 575 φησὶ,

2047 505 2156 574 [uia
2197 506 2587 578 corripuerunt
2621 517 2673 564 te
2703 509 2926 568 dolores
2951 512 3098 569 sicut
3141 516 3494 586 parturientis
3521 523 3546 573 ’ί
3591 541 3611 574 ι

3475 401 3614 467 1766

2027 593 2334 663 Undenam,
2389 600 2590 670 inquit,
2646 601 2700 656 in
2740 618 3017 661 azrunmas
3065 607 3359 664 incidisti?
3399 610 3619 667 Etenim

2028 686 2372 742 consiliarios
2413 689 2679 757 habebas,
2711 693 2806 763 qui
2838 695 2982 764 quod
3021 711 3159 767 opus
3193 709 3341 755 esset
3371 702 3623 756 invenire

2025 783 2298 842 poterant,
2331 787 2383 830 et
2423 794 2604 849 regem
2637 781 2844 837 idcirco
2877 799 2906 837 a
2937 801 3023 839 me
3058 789 3392 856 cxpetieras,
3421 801 3482 845 ut
3522 807 3623 860 pro

2028 871 2082 918 te
2116 864 2242 920 belli
2285 869 2528 937 pericula
2577 873 2886 944 susciperet
2918 893 2933 930 :
2961 891 3121 945 quem
3154 887 3209 933 et
3240 882 3425 934 statim
3474 882 3624 937 obti-

2029 958 2219 1022 nuisti,
2256 959 2379 1014 dedi
2404 963 2550 1016 enim
2574 964 2672 1018 tibi
2706 966 2852 1035 quod
2884 969 3222 1037 postulabas.
3261 970 3417 1028 Disce
3445 972 3618 1042 igitur

2030 1061 2206 1118 neque
2257 1053 2604 1110 consiliarios
2646 1065 2768 1112 tuos
2803 1073 2979 1128 neque
3013 1061 3456 1116 consiliariorum
3494 1071 3618 1119 tuo-

2030 1156 2154 1194 rum
2201 1144 2568 1212 prudentiam,
2599 1162 2776 1218 neque
2805 1151 2948 1221 regis
2978 1135 3291 1222 praasidium
3333 1153 3427 1208 tibi
3466 1155 3620 1224 quid-

2030 1248 2193 1303 quam
2221 1235 2568 1304 profuturum
2624 1254 2766 1296 esse.

2107 1321 2270 1379 Vens.
2300 1326 2386 1380 10.
2427 1326 2643 1399 1498
2682 1349 2700 1382 ‹
2724 1330 2874 1396 Dolc,
2908 1339 2961 1387 et
2995 1333 3228 1390 viriliter
3266 1350 3362 1407 age
3384 1378 3399 1401 ,
3437 1344 3492 1392 et
3527 1352 3622 1408 ap-

2034 1416 2364 1486 propinqua,
2396 1418 2506 1472 ﬁlia
2542 1419 2696 1487 Sion,
2731 1425 2887 1492 quasi
2915 1425 3247 1494 parturiens.
3290 1446 3310 1479 ›
3337 1427 3618 1494 Similiter,

2033 1507 2232 1578 inquit,
2270 1521 2328 1564 ut
2360 1514 2560 1569 mulier
2614 1515 2796 1570 vicina
2848 1519 3028 1586 partui
3081 1519 3302 1577 dolores
3336 1523 3547 1593 excipe,
3568 1532 3624 1577 et

2035 1599 2285 1656 similiter
2325 1611 2381 1656 ut
2417 1603 2530 1670 illa,
2571 1605 2940 1676 impendentia
2981 1624 3213 1665 cernens
3243 1613 3424 1677 mala,
3465 1613 3624 1668 dolo“

2037 1703 2160 1743 rum
2211 1691 2414 1747 aculeis
2463 1693 2759 1765 contigere.
2807 1715 2827 1748 ι
2881 1695 3023 1762 Quia
3065 1714 3212 1754 nunc
3260 1701 3557 1770 egredieris
3593 1719 3625 1756 e

2039 1780 2282 1846 civitate,
2309 1790 2364 1838 et
2394 1784 2672 1841 babitabis
2695 1787 2752 1841 in
2775 1801 2993 1858 campo,
3022 1796 3078 1843 et
3111 1790 3301 1844 venies
3345 1806 3521 1860 usque
3555 1793 3624 1846 ad

361 1875 572 1927 ἐκεῖθεν
633 1872 854 1944 ῥύσεταί
899 1890 993 1936 σε,
1036 1872 1133 1926 καὶ
1182 1871 1392 1925 ἐκεῖθεν
1435 1871 1768 1941 λυτρώσεταί
1805 1888 1863 1923 σε
1883 1872 1928 1902 δι

2047 1869 2400 1942 Babylonem:
2439 1874 2566 1931 inde
2596 1877 2848 1932 liberabit
2878 1852 2951 1942 te,
2981 1886 3036 1934 et
3065 1881 3298 1934 redimet
3335 1889 3388 1937 te
3431 1852 3624 1936 Domi-

355 1962 560 2033 Κύριος
589 1965 617 2015 ὁ
651 1961 784 2025 Θεός
849 1979 944 2014 σου
999 1963 1063 2014 ἐκ
1112 1962 1292 2031 χειρὸς
1358 1960 1570 2033 ἐχθρῶν
1618 1979 1734 2015 σου.
1774 1981 1792 2014 ι
1843 1961 1935 2034 Μή

355 2054 677 2126 ἀναμείνῃς,
724 2052 876 2124 φησι,
912 2051 1010 2106 νῦν
1055 2051 1162 2105 τῶν
1198 2052 1460 2105 ἐπιόντων
1493 2070 1576 2106 σοι
1609 2052 1797 2105 κακῶν
1836 2052 1936 2124 τὴν

355 2145 680 2214 ἀπαλλαγήν
706 2160 720 2173 ’
748 2143 830 2196 δεῖ
857 2144 964 2212 γάρ
1005 2159 1064 2195 σε
1107 2143 1312 2214 ταύτης
1344 2144 1442 2214 μὲν
1475 2142 1798 2213 ἐξελαθῆναι
1838 2144 1937 2213 τῆς

358 2236 568 2297 πόλεως
599 2251 613 2265 °
648 2233 997 2304 ἀπαγομένην
1031 2233 1110 2298 δὲ,
1159 2235 1234 2297 ὡς
1280 2233 1490 2304 ἔτυχεν,
1545 2236 1602 2287 ἐν
1636 2235 1757 2298 ταῖς
1798 2235 1939 2297 ὁδοῖς

358 2325 678 2381 καταλύειν·
711 2325 804 2378 ἐπὶ
850 2324 1100 2376 πλεῖστον
1132 2324 1189 2378 δὲ
1219 2325 1437 2394 οίκῆσαι
1474 2325 1573 2396 τὴν
1620 2323 1937 2387 Βαϐυλῶνα,

361 2417 505 2488 μετὰ
546 2417 738 2488 χρόνον
791 2415 890 2486 τῆς
942 2415 1257 2486 ἐλευθερίας
1297 2417 1520 2486 τυχεῖν,
1569 2416 1665 2469 καὶ
1707 2416 1790 2478 είς
1838 2414 1937 2486 τὴν

358 2509 690 2579 ἐνεγκοῦσαν
729 2508 1060 2562 ἐπανελθεῖν.
1098 2507 1256 2561 Οὕτω
1303 2508 1403 2579 τὴν
1430 2507 1808 2578 αἰχμαλωσίαν
1847 2509 1941 2561 καὶ

359 2602 460 2672 τὴν
487 2599 744 2653 ἐπάνοδον
776 2601 959 2663 αὐτοῖς
998 2599 1394 2670 προθεσπίσας,
1427 2600 1557 2670 περὶ
1600 2599 1709 2654 τῶν
1753 2600 1942 2653 Σκυθι-

369 2693 483 2746 κῶν
539 2691 712 2747 ἐθνῶν
764 2694 1001 2745 ποιεῖται
1038 2691 1136 2762 τήν
1193 2691 1520 2762 πρόρρησιν,
1576 2691 1613 2746 ἃ
1657 2691 1797 2764 μετὰ
1843 2692 1942 2763 τὴν

366 2786 625 2841 ἐπάνοδον
655 2785 838 2848 αὐτοῖς
864 2785 1284 2857 ἐπεστράτευσε.

440 2887 529 2946 ια’,
563 2878 649 2951 ιβ’.
694 2897 713 2931 ‹
745 2879 855 2932 Καὶ
883 2877 979 2930 νῦν
1020 2877 1464 2948 ἐπισυνήχθησαν
1481 2879 1526 2909 ³⁸
1575 2877 1669 2930 ἐπὶ⁸
1719 2877 1780 2932 σὲ
1816 2875 1943 2946 έθνη

361 2971 576 3036 πολλὰ,
627 2969 723 3024 καὶ
771 2969 953 3022 λαοὶ¹⁵⁸
993 2967 1244 3038 λέγοντες
1277 2984 1290 2998 ’
1335 2966 1797 3041 Ἐπιχαρούμεθα,
1850 2969 1948 3023 καὶ

365 3062 663 3133 ἐπόψονται
706 3061 800 3114 ἐπὶ
836 3059 976 3114 Σιὼν
1001 3063 1052 3113 οἱ
1095 3059 1366 3131 ὀφθαλμοὶ
1413 3060 1593 3131 ἡμῶν.
1636 3061 1750 3114 Καὶ
1793 3060 1949 3113 αὐτοὶ

365 3156 473 3212 οὐκ
497 3155 744 3225 ἔγνωσαν
767 3153 862 3208 τὸν
894 3152 1153 3222 λογισμὸν
1193 3153 1423 3229 Κυρίου,
1456 3155 1553 3206 καὶ
1595 3152 1656 3206 ού
1705 3152 1950 3223 συνῆκαν

365 3249 471 3318 τὴν
517 3247 712 3318 βουλὴν
753 3247 939 3311 αὐτοῦ,
974 3246 1057 3299 ὅτι
1091 3247 1397 3316 συνήγαγεν
1430 3245 1627 3308 αὐτοὺς
1669 3243 1746 3308 ὡς
1785 3245 1953 3315 δράγ-

371 3356 522 3411 ματα
571 3337 794 3400 ἆλωνος.
822 3355 840 3388 ι
877 3336 1108 3403 Συνάγει
1145 3335 1251 3388 δὲό
1285 3335 1438 3399 Θεὸς,
1479 3335 1580 3386 οὐκ
1621 3332 1952 3402 ἀναγκάζων

369 3431 469 3484 καὶ
510 3429 847 3500 βιαζόμενος,
896 3427 1030 3481 ἀλλὰ
1073 3430 1196 3489 ταῖς
1245 3430 1443 3497 ὁρμαῖς
1490 3425 1811 3498 συγχωρῶν,
1860 3425 1954 3478 καὶ

367 3520 452 3591 τῷ
499 3519 834 3591 αὑτεξουσίῳ
881 3517 1255 3590 παραχωρῶν.
1307 3518 1492 3570 Ταῦτα
1547 3517 1605 3570 δὲ
1669 3517 1764 3572 καὶ
1813 3517 1943 3580 τοὺς

369 3613 568 3675 ἄλλους
623 3611 911 3681 προφήτας
960 3609 1396 3681 ἐρμηνεύσαντες
1460 3607 1799 3678 ἐδιδάξαμεν.

450 3708 537 3772 ιγ’.
578 3719 598 3753 t
640 3699 931 3769 Ἀνάστηθι
963 3701 1057 3752 καὶ
1101 3699 1237 3753 ἁλόα
1269 3699 1488 3763 αὐτοὺς,
1522 3697 1758 3772 θύγατερ
1795 3695 1956 3761 Σιὼν,

366 3795 456 3851 ὃτι
480 3795 550 3848 τά
595 3792 807 3864 κέρατά
841 3809 933 3844 σου
967 3791 1200 3863 θήσομαι
1231 3793 1448 3863 σιδηρᾶ,
1499 3793 1594 3846 καὶ
1638 3791 1742 3856 τὰς
1787 3791 1960 3855 ὁπλάς

377 3902 474 3940 σου
516 3884 756 3956 θήσομαι
789 3884 1026 3954 χαλκᾶςο
1071 3885 1166 3936 καὶ
1205 3883 1594 3953 κατατήξειςδδ
1619 3885 1677 3936 ἐν
1709 3884 1891 3947 αὐτοῖς
1915 3883 1960 3915 ⁸⁵

373 3978 528 4048 ἔθνη,
565 3977 660 4031 καὶ
690 3975 975 4038 λεπτυνεῖς
1018 3975 1182 4036 λαοὺς
1219 3973 1472 4038 πολλοὺς,
1516 3974 1614 4028 καὶ
1668 3973 1960 4043 ἀναθήσεις

374 4069 456 4140 τῷ
485 4067 675 4137 Κυρίῳ
705 4067 764 4119 τὸ
803 4065 1005 4135 πλῆθος
1032 4064 1233 4129 αὐτῶν,
1276 4065 1370 4117 καὶ
1415 4064 1515 4134 τὴν
1563 4063 1717 4133 ἰσχὺν
1779 4063 1960 4116 αὐτῶν

376 4159 458 4231 τῷ
485 4158 531 4191 ⁵⁸
568 4157 758 4229 Κυρίῳ
790 4157 972 4227 πάσης
997 4157 1097 4228 τῆς
1129 4156 1252 4227 γῆς.
1284 4172 1302 4207 ι
1349 4155 1462 4225 Τῆς
1498 4154 1606 4226 γὰρ
1655 4155 1795 4224 ἐμῆς
1827 4155 1962 4207 ἁπο-

299 4274 304 4277 ·
377 4252 620 4307 λαύουσα
650 4250 1010 4322 προμηθείας,
1039 4245 1152 4302 οἷόν
1182 4267 1289 4302 τισι
1333 4249 1528 4317 κέρασι
1567 4245 1824 4318 σιδηροῖς,
1869 4247 1963 4300 καὶ

378 4343 611 4416 χαλκαῖς
649 4341 862 4407 ὁπλαῖς,
897 4340 1215 4412 κεχρημένη
1245 4344 1312 4411 τῇ
1364 4340 1493 4410 παρ’
1533 4337 1670 4407 ἐμοῦ
1720 4355 1801 4391 σοι
1836 4354 1964 4408 χορ-

383 4435 660 4508 ηγουμένῃ
698 4433 947 4503 δυνάμει,
980 4433 1150 4504 ἄρδην
1175 4433 1371 4496 αὐτοὺς
1405 4431 1652 4494 ἅπαντας
1679 4430 1962 4499 ἁφανίσεις

2039 1978 2141 2018 nus
2167 1963 2312 2020 Deus
2355 1973 2482 2022 tuus
2509 1967 2576 2023 de
2611 1984 2774 2023 manu
2799 1970 3147 2026 inimicorum
3173 1980 3415 2028 tuorum.
3461 1991 3480 2024 ι
3523 1973 3623 2039 Nc,

2039 2056 2236 2126 inquit,
2269 2073 2298 2111 a
2327 2059 2486 2114 malis
2528 2076 2676 2117 nunc
2715 2063 2814 2117 tibi
2857 2063 3301 2133 impendentibus
3350 2081 3536 2136 speres
3573 2077 3625 2122 te

2039 2147 2326 2203 liberatum
2359 2151 2447 2205 iri.
2478 2151 2594 2207 Hac
2639 2153 2785 2209 enim
2825 2155 2962 2210 urbe
2984 2164 3036 2210 te
3063 2157 3259 2225 expelli
3290 2165 3524 2226 oportet,
3572 2165 3627 2214 et

2041 2256 2164 2296 cum
2197 2243 2510 2311 abduceris,
2539 2244 2595 2299 in
2644 2245 2860 2312 itinere,
2905 2256 2962 2301 ut
2999 2263 3166 2304 casus
3199 2253 3213 2268 ⁸
3247 2248 3406 2313 feret,
3444 2247 3626 2303 diver-

2042 2335 2205 2390 sari:
2260 2344 2372 2389 tum
2425 2337 2735 2393 diutissime
2797 2339 3115 2396 inhabitare
3166 2339 3520 2410 Babylonem,
3573 2341 3674 2394 ct'

2041 2439 2305 2496 processu
2340 2426 2603 2496 temporis
2646 2427 2954 2484 libertatem
3021 2431 3304 2500 consequi,
3339 2438 3392 2484 et
3432 2429 3485 2483 in
3529 2444 3627 2498 pa-
3706 2419 3713 2426 ’

2042 2517 2202 2571 triam
2240 2518 2441 2572 redire.
2472 2517 2766 2589 Postquam
2800 2535 2931 2574 vero
2970 2521 3344 2590 captivitatem
3387 2529 3442 2574 et
3476 2521 3628 2574 redi-

2042 2617 2158 2663 tum
2176 2608 2254 2664 sic
2273 2609 2352 2664 eis
2373 2609 2697 2666 vaticinatus
2713 2619 2818 2676 est,
2843 2610 2909 2666 de
2933 2609 3199 2682 Scytliicis
3220 2611 3491 2682 gentibus,
3509 2626 3630 2680 qua:

2043 2708 2168 2770 post
2197 2699 2436 2756 reditum
2485 2701 2568 2758 eis
2607 2702 2812 2758 bellum
2848 2703 3174 2768 intulerunt,
3219 2701 3629 2773 praedictionem

2044 2791 2308 2847 instituit.

2117 2881 2286 2938 Vens.
2327 2883 2416 2951 Η,
2449 2882 2539 2940 12.
2577 2883 2684 2938 «Et
2727 2899 2877 2940 nunc
2927 2891 3268 2956 congregatae
3307 2891 3433 2938 sunt
3469 2899 3635 2954 super

2047 2981 2104 3030 te
2126 2982 2314 3044 gentes
2351 2975 2558 3041 multae,
2589 2982 2644 3030 et
2675 2975 2860 3046 populi
2890 2975 3068 3042 multi,
3103 2975 3351 3030 dicentes
3384 2993 3398 3030 :
3447 2974 3636 3029 Exsul-

2049 3074 2251 3130 temus,
2287 3073 2342 3121 et
2365 3065 2584 3122 videant
2639 3067 2861 3123 Sionem
2897 3067 3041 3122 oculi
3077 3066 3268 3121 nostri.
3311 3067 3418 3137 Ipsi
3453 3074 3635 3122 autem

2055 3154 2374 3210 nescierunt
2406 3156 2793 3225 cogitationem
2825 3155 3065 3223 Domini,
3103 3164 3158 3211 et
3190 3171 3301 3210 non
3353 3157 3639 3212 intellexe-

2055 3251 2185 3299 runt
2211 3245 2502 3299 consilium
2528 3247 2671 3316 ejus,
2713 3247 2807 3318 qui
2832 3247 3188 3318 congregavit
3231 3263 3324 3302 eos
3361 3257 3419 3302 ut
3456 3249 3636 3302 mani-

2053 3336 2211 3404 pulos
2239 3351 2398 3390 areae.
2421 3355 2441 3388 ›
2476 3336 2780 3409 Congregat
2836 3346 3019 3392 autem
3047 3337 3212 3405 Deus,
3248 3353 3357 3394 non
3396 3324 3634 3408 'cogens,

2055 3440 2233 3495 neque
2284 3426 2554 3482 violenter
2603 3443 2825 3499 urgens,
2874 3427 2972 3484 sed
3009 3428 3298 3484 desideriis
3345 3429 3638 3498 indulgens

2055 3526 2110 3574 et
2141 3518 2314 3574 libero
2352 3520 2580 3575 arbitrio
2629 3520 2852 3577 cedens.
2910 3520 3116 3576 Verum
3151 3521 3287 3585 bmc,
3316 3535 3443 3575 cum
3491 3521 3631 3576 alios

2057 3612 2351 3682 prophetas
2380 3614 2820 3682 explanaremus,
2848 3612 3160 3669 docuimus.

2130 3701 2297 3758 Vens.
2327 3703 2412 3757 15.
2459 3722 2478 3755 ι
2504 3701 2700 3774 Surge,
2731 3712 2785 3758 et
2807 3703 3004 3758 tritura
3030 3719 3147 3769 cos,
3179 3703 3288 3757 tilia
3321 3701 3479 3769 Sion,
3513 3701 3642 3771 quia

2062 3775 2271 3849 cornua
2297 3803 2389 3850 tua
2411 3810 2610 3865 ponam
2639 3795 2839 3864 ferrea,
2874 3804 2928 3852 et
2982 3797 3213 3867 ungulas
3267 3805 3390 3852 tuas
3443 3809 3640 3866 ponam

2065 3903 2264 3954 aereas,
2323 3897 2377 3944 et
2411 3891 2758 3946 commihues
2807 3890 3040 3960 populos
3085 3889 3300 3960 1499
3327 3889 3548 3953 multos,
3587 3896 3644 3942 et

2062 3979 2412 4033 consecrabis
2441 3978 2675 4034 Domino
2734 3980 3142 4034 multitudinem
3197 3993 3411 4044 eorum,
3452 3986 3506 4033 et
3553 3991 3642 4032 ro-

2063 4066 2169 4122 bur
2213 4081 2401 4122 eorum
2437 4067 2667 4122 Domino
2733 4069 3005 4123 universa:
3055 4080 3230 4123 terrae.
3261 4087 3280 4120 ι
3343 4066 3460 4122 Mea
3498 4067 3643 4121 enim

2064 4157 2253 4214 l‘r‘uens
2304 4159 2673 4229 providentia,
2728 4169 2992 4231 tanquam
3051 4160 3312 4216 cornibus
3367 4159 3562 4215 ferreis
3593 4169 3647 4213 et

2064 4251 2284 4322 ungulis
2313 4252 2491 4318 aereis,
2518 4252 2716 4310 robore
2756 4260 2920 4309 utens
2946 4253 3046 4308 tibi
3085 4267 3116 4306 a
3145 4267 3232 4308 me
3270 4252 3644 4324 suppeditato,

2063 4357 2160 4399 eos
2193 4358 2384 4400 omnes
2436 4341 2667 4415 prorsus
2726 4346 2948 4415 perdes,
2998 4344 3359 4414 funditusquc
3411 4343 3646 4407 delebis,

2067 4433 2351 4492 victoriam
2403 4436 2538 4490 mihi
2592 4437 2872 4493 ascribens
2905 4477 2922 4503 ,
2969 4453 3132 4508 quam
3197 4451 3265 4492 ex
3313 4437 3392 4493 eis
3445 4434 3649 4492 referes

380 4528 480 4584 καὶ
508 4524 853 4597 παραδώσεις
885 4523 1234 4594 πανωλεθρίᾳ
1254 4540 1267 4554 ·
1297 4525 1422 4595 ἐμοὶ
1457 4524 1556 4595 τὴν
1596 4523 1802 4577 τούτων
1830 4523 1945 4576 άνα·

2070 4537 2366 4601 aperteque
2408 4529 2671 4601 proﬁtens
2702 4546 2790 4588 me
2811 4531 2952 4588 banc
2981 4533 3078 4588 tibi
3101 4530 3463 4588 concessisse.

379 4617 596 4672 τιθεῖσα
626 4615 804 4686 νίκην,
855 4615 948 4668 καὶ
989 4613 1285 4700 διαρρήδην
1328 4612 1691 4686 ὁμολογοῦσα,
1735 4612 1812 4676 ὡς
1858 4611 1970 4682 ἐγώ

386 4724 473 4763 σοι
507 4707 710 4778 ταύτης
741 4706 1048 4777 γεγένημαι
1084 4706 1341 4778 χορηγός.

997 4819 1254 4873 ΚΕΦΑΔ.
1290 4819 1361 4874 Ε’.

459 4942 530 4992 α’.
561 4936 676 4991 Νὖν
708 4933 1156 5008 ἐμφραχθήσεται
1185 4933 1432 5006 θυγάτηρ
1454 4935 1773 5007 ἐμφραγμῷ
1793 4951 1808 4966 ·
1843 4954 1971 4990 συν-

387 5025 522 5098 οχὴν
547 5026 736 5093 ἔταξεν
779 5027 866 5097 ἐφ’
894 5028 1040 5098 ἡμᾶς
1056 5027 1100 5059 ⁸⁷
1133 5045 1148 5059 ο
1178 5027 1238 5080 ἐν
1267 5028 1454 5100 ῥάϐδῳ
1500 5029 1837 5096 πατάξουσιν
1878 5030 1973 5083 ἐπὶ

392 5119 618 5187 σιαγόνα
655 5121 754 5184 τὰς
797 5120 970 5190 φυλὰς
1013 5120 1106 5173 τοῦ
1151 5120 1390 5192 Ἰσραήλ.
1429 5141 1448 5174 ι
1503 5123 1752 5185 Ἐκεῖνοι,
1784 5124 1972 5194 φησὶν,

389 5205 515 5258 οὐδε
556 5208 899 5279 προορῶντες
947 5209 1007 5262 τὺ
1051 5207 1246 5273 τέλος,
1303 5205 1415 5262 οἷόν
1459 5227 1569 5264 τινι
1619 5211 1859 5282 φραγμῷ
1905 5213 1971 5283 τῇ

2731 4821 2884 4878 CAP.
2928 4820 2998 4875 ν.

2149 4935 2319 4992 Vens.
2361 4937 2414 4990 1.
2451 4953 2470 4987 ι
2507 4933 2672 4990 Nunc
2728 4934 3050 4989 obstruetur
3092 4931 3204 4986 tilia
3252 4929 3654 4996 obstructione,

2081 5028 2394 5100 angustiam
2430 5026 2618 5098 posuit
2644 5040 2816 5095 super
2844 5039 2947 5079 nos
2985 5041 2999 5078 :
3031 5023 3187 5094 virga
3219 5021 3530 5094 percutient
3558 5037 3655 5075 su-

2081 5134 2180 5191 per
2207 5119 2488 5174 maxillam
2543 5117 2723 5172 tribus
2769 5114 3016 5171 lsraelis.
3051 5135 3071 5169 »
3105 5115 3212 5181 ll‘li,
3248 5115 3454 5185 inquit,
3494 5114 3658 5168 ﬁnem

2083 5224 2193 5265 non
2223 5207 2650 5279 prospicientes,
2678 5217 2939 5276 tanquam
2970 5221 3101 5276 sepe
3128 5205 3390 5276 quadam,
3414 5204 3660 5260 exercitu

1757 5388 1990 5446 VARUE
2036 5386 2422 5447 LECTIONES

464 5495 584 5574 ἰ’-Α
611 5513 713 5552 σοι.
750 5496 1090 5574 *ξοκαὶέγῃ
1126 5498 1268 5574 Des._
1297 5499 1351 5552 in
1373 5501 1534 5574 ~Aet
1587 5517 1776 5571 supra.
1821 5521 1946 5574 pag.
1990 5507 2150 5563 1009.
2203 5507 2375 5562 Abest
2428 5499 2596 5557 etiam
2628 5499 2755 5574 _ab_
2781 5498 2941 5574 Hebr.
2981 5507 3035 5553 et
3068 5513 3098 5552 a
3137 5498 3307 5574 veteri
3349 5497 3459 5550 τῶν
3490 5493 3661 5574 “LXX

392 5567 694 5648 versione._
749 5567 805 5648 ξι,
828 5567 910 5622 σέ.
950 5567 1292 5638 ΕχΑειιρρι.
1341 5571 1414 5648 ’θ’
1438 5571 1483 5623 Α
1515 5567 1990 5648 ἐπισύνήχοῆ.Ἰιιι
2014 5591 2260 5648 quoque
2285 5586 2581 5648 supra,_p._
2621 5569 2780 5648 1009:
2817 5570 2860 5648 β
2901 5568 3415 5648 ἐπισυναχθήσεται.
3460 5567 3660 5648 facit

396 5636 543 5709 λαοί.
574 5639 621 5692 Α
648 5640 720 5692 οἱ.
749 5638 843 5692 Sic
876 5655 1094 5708 quoque
1124 5636 1316 5709 supra,
1341 5640 1378 5693 l.
1415 5656 1466 5696 c.

400 5775 446 5808 ⁵⁸
473 5777 554 5830 οὑ.
581 5778 662 5834 ld.
691 5779 761 5834 oi.

401 5636 543 5718 λαοί.
574 5639 621 5692 Α
648 5640 720 5692 οἱ.
749 5638 843 5718 Sic
876 5655 1094 5718 quoque
1124 5634 1316 5709 supra,
1341 5640 1378 5718 l_.
1415 5656 1466 5696 c.
1492 5711 1504 5718 ᾔ
1571 5641 1617 5674 οι
1658 5634 2201 5718 mag—zonas;
2236 5634 2529 5718 Duplex'bl
2567 5641 2608 5718 l_.
2659 5640 2876 5718 coaluit
2905 5634 3305 5718 interpretatio.
3349 5635 3407 5718 in
3539 5634 3662 5718 des.

379 5709 528 5784 ista,
547 5725 741 5784 uigeat.
766 5709 824 5763 ἐν
844 5714 963 5766 αὐτ.
987 5711 1135 5784 ἔθνη,
1157 5727 1277 5782 quae
1301 5711 1468 5767 etiam
1491 5711 1758 5784 interpres
1788 5713 2017 5773 Latinus
2045 5709 2251 5774 omisit.
2311 5709 2356 5750 ⁵⁸
2376 5713 2417 5770 C
2445 5712 2654 5776 αὐταῖς.
2731 5712 2777 5744 ⁵⁸
2809 5709 2904 5781 τῷν
2929 5709 3007 5765 ΕΣ

3099 5707 3277 5778 suppl.
3354 5705 3398 5737 "
3426 5707 3466 5763 Ω
3495 5705 3657 5775 ὑμᾶς.
