4088 6438
583 403 716 469 1767

1590 349 2074 464 THEODORETI
2105 388 2446 451 EPISCOPI
2475 388 2841 450 CYRENSIS

3681 392 3791 459 i768

585 515 778 570 urbem
806 510 1329 575 circumvallabunt,
1351 521 1473 562 eam
1506 521 1566 561 se
1593 514 1858 575 capturos
1889 517 2017 558 cum
2063 502 2152 556 in-

2263 501 2521 573 στρατείᾳ
2545 499 2644 571 τὴν
2677 500 2835 553 πόλιν
2875 498 3292 570 περιϐαλοῦσιν,
3331 498 3617 575 αὔτανδρον
3645 511 3792 582 αὐτὴν

584 608 728 663 colis
767 613 1074 678 sperantes,
1129 610 1294 672 atque
1324 599 1474 655 omni
1510 599 1568 653 in
1602 597 1952 652 habitatores
2003 594 2159 649 inso-

589 699 757 755 lentia
791 712 852 752 se
902 709 1104 751 usuros
1151 693 1257 748 sibi
1298 691 1644 761 pollicentes.
1700 686 1816 742 lloe
1873 685 2023 741 enim
2072 691 2160 740 est

587 788 733 859 quod
769 787 929 852 dixit,
961 803 980 837 ι
1017 785 1179 854 Virga
1219 781 1532 853 percutient
1571 794 1737 850 super
1785 776 2093 841 maxillam,
2132 792 2153 826 ι

586 879 733 949 quod
762 877 1036 948 ejusmodi
1062 877 1221 946 plaga
1254 874 1522 944 majorem
1552 869 1912 942 ignominiam
1945 869 2155 922 inurat.

589 971 792 1027 Verum
833 986 902 1027 ne
943 971 1142 1023 timeas
1184 985 1198 1022 :
1240 981 1366 1021 nam
1395 963 1734 1035 protegeris,
1765 976 1877 1017 non
1937 969 2162 1030 propter

587 1065 905 1134 aequitatem
963 1069 1140 1123 tuam,
1206 1059 1307 1116 sed
1364 1067 1591 1128 propter
1645 1069 1852 1126 regem,
1887 1053 1980 1124 qui
2007 1069 2074 1108 ex
2110 1062 2163 1107 te

587 1154 894 1211 secundum
939 1168 1166 1208 carnem
1228 1151 1552 1206 nasciturus
1605 1156 1712 1203 est.
1752 1145 1820 1200 Et
1866 1146 1972 1200 hoc
2002 1145 2162 1216 plane

583 1245 793 1299 docens
827 1242 1031 1313 adjecit
1061 1261 1077 1298 :

662 1331 829 1386 Vens.
854 1331 910 1386 ‘2.
943 1349 961 1382 ι
996 1331 1062 1384 Ει
1096 1338 1154 1384 ιιι
1178 1370 1195 1397 ,
1217 1327 1514 1384 'Betbleem
1573 1327 1774 1382 domus
1844 1323 2159 1395 Eplirathm,

586 1436 943 1492 nequaquam
975 1421 1202 1474 minima
1232 1435 1314 1485 es,
1349 1425 1409 1473 ut
1448 1418 1527 1474 sis
1571 1417 1627 1471 in
1659 1415 1908 1470 millibus
1959 1412 2157 1468 Judaa:

583 1527 656 1566 ex
691 1518 744 1565 te
773 1511 905 1562 mihi
945 1508 1279 1578 egredietur,
1313 1506 1408 1577 qui
1432 1506 1506 1560 sit
1528 1505 1789 1575 princeps
1831 1502 2076 1566 lsraelis,
2107 1510 2162 1556 et

590 1616 847 1671 egressus
876 1599 997 1669 ejus
1028 1600 1098 1654 ab
1127 1599 1287 1653 initio
1316 1598 1533 1652 dierum
1561 1595 1771 1653 saeculi.
1813 1613 1832 1647 ι
1869 1593 1948 1650 Ne
1983 1594 2161 1664 respi-

590 1691 728 1752 cias,
793 1689 996 1758 inquit,
1050 1689 1309 1759 exiguum
1371 1701 1663 1742 numerum
1725 1686 2080 1752 incolarum,‘
2127 1699 2162 1739 ο

594 1776 890 1834 Bethleem.
952 1779 1190 1834 Causam
1242 1779 1391 1834 enim
1447 1778 1638 1843 habes,
1705 1794 1878 1848 quare
1926 1776 2161 1834 illustris

593 1865 839 1921 habenda
871 1865 970 1930 sis,
995 1867 1214 1937 qualem
1238 1866 1389 1920 nulla
1424 1866 1560 1921 urbs
1611 1865 1824 1937 1500
1882 1866 2049 1921 habet
2078 1874 2162 1920 ιο-
2194 1851 2235 1906 Β

588 1959 702 2012 tius
731 1956 918 2011 orbis:
955 1972 1079 2010 nam
1109 1956 1165 2010 in
1199 1964 1251 2012 te
1283 1956 1590 2012 secundum
1643 1971 1866 2010 carnem
1902 1963 2163 2012 nascetur

592 2050 686 2119 qui
716 2059 844 2105 ante
867 2049 1066 2104 saecula
1097 2063 1164 2103 ex
1189 2047 1350 2103 Patre
1381 2059 1466 2104 est
1489 2050 1726 2119 genitus,
1747 2068 1764 2100 ι
1797 2050 1956 2118 cujus
1979 2064 2165 2120 egres-

590 2157 692 2197 sus
722 2141 790 2196 ab
825 2140 1006 2195 initio.
1039 2159 1057 2193 ι
1087 2139 1204 2196 Hoc
1226 2155 1356 2195 vero
1381 2139 1667 2212 Evangelii
1694 2142 1965 2212 prommio
1985 2141 2165 2198 simile

587 2240 677 2287 est
715 2247 730 2285 :
767 2249 785 2282 ι
826 2230 885 2285 in
919 2231 1198 2302 principio
1222 2246 1343 2287 erat
1374 2231 1639 2296 Verbum,
1673 2244 1727 2288 et
1757 2231 2001 2289 Verbum
2045 2241 2166 2290 erat

593 2325 738 2394 apud
771 2323 962 2390 Deum,
996 2331 1052 2379 et
1104 2322 1252 2380 Deus
1294 2331 1416 2380 erat
1467 2322 1882 2380 Verbumzhoc
1934 2333 2056 2380 erat
2107 2325 2164 2380 in

473 2465 479 2472 .
591 2416 871 2486 principio
899 2415 1041 2486 apud
1063 2415 1290 2471 Deumtt.
1333 2434 1352 2467 ι
1385 2416 1483 2474 Est
1508 2417 1674 2473 etiam
1707 2418 1890 2472 simile
1923 2418 2014 2482 iis,
2045 2431 2167 2487 qua:

594 2523 625 2560 a
663 2507 772 2562 Deo
812 2523 911 2577 per
964 2507 1227 2562 Davidem
1290 2507 1603 2563 dicuntur:
1641 2526 1661 2560 ι
1694 2523 1761 2562 ex
1822 2515 1982 2564 utero
2038 2515 2168 2564 ante

592 2600 882 2656 luciferum
908 2601 1074 2672 genui
1105 2611 1159 2656 te
1174 2608 1215 2655 '.
1246 2618 1266 2653 ι
1310 2600 1411 2656 Hic
1433 2601 1629 2672 igitur,
1659 2600 1755 2671 qui
1788 2611 1915 2657 ante
1937 2601 2164 2664 saecula,

589 2693 686 2762 qui
722 2693 777 2746 in
809 2692 1080 2762 principio
1109 2692 1252 2762 apud
1291 2691 1464 2747 Deum
1500 2693 1625 2755 fuit,
1654 2691 1799 2748 Deus
1826 2690 2085 2758 Verbum,
2111 2700 2168 2747 et

592 2783 831 2852 qulhinc
863 2783 1046 2836 exitus
1070 2783 1234 2837 habet
1267 2771 1530 2848 abinitio,
1558 2783 1614 2838 in
1638 2791 1711 2848 te,
1736 2784 1936 2854 inquit,
1969 2797 2170 2840 seem-

588 2873 726 2925 dum
743 2887 964 2926 carnem
982 2873 1323 2926 nativitatem
1343 2874 1540 2944 capiet,
1561 2883 1631 2938 te,
1646 2889 1767 2943 qua:
1786 2873 2010 2928 minima
2023 2888 2084 2927 es
2104 2887 2170 2926 ex

597 2959 842 3013 millibus
889 2957 1064 3024 Iudae,
1113 2958 1458 3028 splendidam
1497 2967 1552 3013 et
1585 2959 1855 3014 illustrem
1905 2958 2168 3013 ellieiens.

596 3049 713 3104 lloc
744 3065 872 3103 vero
908 3050 1074 3103 etiam
1103 3048 1276 3103 Judaei
1310 3050 1483 3104 nostri
1514 3050 1780 3121 temporis
1807 3048 1877 3104 ad
1925 3046 2171 3104 Zoroba-

596 3142 772 3196 bclem
813 3140 1236 3196 accommodare
1286 3141 1409 3195 ausi
1450 3150 1603 3206 sunt,
1645 3147 1835 3211 aperte
1882 3139 2167 3194 veritatem
2196 3181 2240 3241 Ο

595 3238 996 3302 oppugnantes.
1046 3231 1234 3302 Neque
1302 3232 1661 3298 erubescunt,
1713 3247 1840 3286 cum
1904 3231 2168 3297 audiunt,

596 3324 762 3394 hujus
787 3339 1073 3394 egressum
1105 3323 1172 3378 ab
1195 3322 1356 3379 initio
1399 3339 1430 3378 a
1461 3323 1659 3378 diebus
1691 3323 1881 3378 sazculi
1923 3337 2049 3378 esse
2076 3337 2090 3373 :
2118 3331 2174 3377 at

594 3415 902 3472 Zorobabel
940 3423 1064 3487 post
1094 3416 1478 3487 captivitatem
1524 3413 1804 3485 Babylone
1843 3421 2009 3469 natus
2043 3412 2170 3478 fuit,

592 3509 858 3566 etaloco
888 3524 1092 3564 nomen
1151 3508 1413 3578 sumpsit.
1477 3507 1707 3562 Veteres
1755 3517 1941 3562 autem
1996 3503 2173 3560 Judaei

597 3616 710 3656 non
765 3600 1020 3655 similiter
1055 3606 1114 3652 ut
1171 3599 1266 3654 isti
1301 3602 1444 3653 hanc
1505 3596 1848 3668 prophetiam
1894 3597 2176 3652 intellexe-

599 3696 730 3742 runt
759 3705 773 3741 :
805 3687 899 3757 qui
933 3688 1124 3742 multis
1154 3689 1316 3742 annis
1367 3694 1494 3756 post
1516 3685 1912 3741 Zorobabelem
1963 3685 2031 3738 ab
2067 3683 2176 3739 lie—

600 3778 736 3833 rodc
754 3777 1075 3847 interrogati
1093 3783 1117 3812 ⁸
1143 3795 1155 3832 :
1187 3777 1408 3832 ubinam
1433 3783 1749 3832 nasceretur
1770 3774 2044 3839 Christus,
2072 3774 2179 3829 hoc

599 3869 654 3925 ei
731 3869 1107 3925 testimonium
1172 3867 1750 3940 protulerunt.,llinc
1803 3866 1968 3938 igitur
2032 3872 2180 3935 patet

599 3975 857 4032 perverse
888 3958 1105 4015 Judmos
1130 3969 1332 4015 nostne
1361 3961 1539 4016 aetatis
1574 3960 1630 4016 in
1683 3958 1849 4028 hujus
1872 3957 2177 4028 prephetiaz

603 4053 1055 4125 interpretatione
1075 4053 1308 4109 versari.
1335 4051 1440 4108 Sed
1476 4052 1674 4107 borum
1707 4049 1924 4106 insania
1959 4049 2176 4116 relicta,

600 4146 669 4201 ad
701 4160 765 4202 ea
807 4161 929 4218 quae
963 4153 1382 4218 consequuntur
1405 4142 1752 4218 explananda
1783 4155 2100 4216 pergamus.

673 4329 844 4390 νειιε.
873 4333 926 4388 5.
956 4349 974 4383 ι
1008 4329 1306 4401 Propterea
1333 4328 1494 4386 dabis
1516 4344 1616 4386 eos
1645 4343 1823 4401 usque
1852 4327 1922 4383 ad
1962 4334 2205 4398 tempus-

601 4426 907 4499 parientis:
941 4422 1140 4495 pariet,
1163 4430 1218 4477 et
1247 4421 1499 4493 reliquiae
1549 4422 1781 4475 fratrum
1819 4420 1942 4491 ejus
1994 4433 2182 4475 rever-

2261 593 2510 663 αἱρήσειν
2546 591 2878 657 ἐλπίζοντες,
2927 591 3025 646 καὶ
3065 592 3214 663 πάσῃ
3248 594 3506 665 παροινίᾳ
3539 597 3670 652 κατὰ
3703 601 3795 657 τῶν

2261 681 2614 736 ἐνοικούντων
2646 681 2947 753 χρήσεσθαι
2994 681 3485 753 προσδοκήσαντες.
3516 685 3673 740 Τοῦτο
3704 691 3795 760 γάρ

2261 768 2404 838 εἷπε,
2437 791 2455 825 ι
2496 773 2702 843 Ῥάϐδῳ
2752 772 3082 837 πατάξουσιν
3127 773 3223 825 ἐπὶ
3273 773 3559 841 σιαγόνα.»
3602 776 3670 840 ὡς
3716 780 3798 851 τῆς

2261 864 2521 934 τοιαύτης
2566 862 2780 934 πληγῆς
2834 861 3054 934 μείζονα
3098 861 3198 933 τὴν
3252 863 3478 931 ἀτιμίαν
3500 865 3542 896 ⁸⁹
3578 865 3796 936 ἐχούσης,

2274 955 2435 1009 Ἀλλὰ
2467 955 2542 1024 μὴ
2571 953 2781 1025 δείσῃςο
2809 953 2973 1023 τεύξῃ
3002 955 3109 1024 γὰρ
3140 953 3494 1024 κηδεμονίας,
3517 955 3575 1007 οὐ
3611 956 3690 1010 διὰ
3718 958 3800 1029 τὴν

2266 1047 2364 1117 σὴν
2407 1046 2694 1116 εὐνομίαν,
2735 1044 2871 1098 ἀλλὰ
2924 1045 3011 1097 διὰ
3054 1045 3146 1096 τὸν
3197 1045 3266 1097 ἐκ
3315 1043 3410 1097 σοῦ
3466 1047 3602 1099 κατὰ
3651 1047 3798 1116 σάρκα

2261 1135 2659 1206 τεχθησόμενον
2716 1134 2962 1205 βασιλέα.
2996 1134 3106 1187 Καὶ
3145 1133 3312 1187 τοῦτο
3359 1131 3540 1202 σαφῶς
3571 1134 3798 1190 διδάσκων

2267 1230 2555 1298 ἐπήγαγε’

2334 1318 2400 1388 β’.
2442 1337 2460 1369 ι
2495 1317 2604 1371 Καὶ
2635 1317 2781 1385 ob“,
2803 1317 3070 1389 Βηθλεὲμ,
3101 1313 3252 1380 οἶκος
3274 1317 3373 1370 τοῦ
3409 1316 3661 1388 Ἐφραθά⁹
3688 1316 3796 1388 Mn

2263 1411 2540 1480 ὀλιγοστὸς
2588 1406 2640 1464 εἷ
2679 1411 2774 1463 τοῦ
2812 1405 2954 1463 εἶναι
3005 1413 3062 1462 ἐν
3111 1410 3354 1480 χιλιάσιν
3389 1408 3589 1462 Ἰούδα⁶
3623 1411 3682 1463 ἐκ
3723 1410 3798 1462 σοῦ

2267 1520 2356 1574 μοι
2414 1502 2794 1568 ἐξελεύσεται,
2841 1500 2938 1553 τοῦ
3006 1496 3146 1553 εἶναι
3218 1502 3303 1563 είς
3357 1501 3588 1570 ἄρχοντα
3639 1501 3692 1553 ἐν
3739 1499 3800 1569 τῷ

2276 1593 2511 1665 Ἰσραὴλ,
2543 1594 2638 1647 καὶ
2668 1595 2725 1646 αί
2754 1592 2922 1658 ἔξοδοι
2964 1590 3130 1645 αὐτοῦ
3169 1592 3268 1645 ἀπ’
3302 1593 3479 1662 ἀρχῆς
3509 1590 3567 1655 ἐξ
3611 1593 3799 1662 ἡμερῶν

2263 1684 2480 1747 αίῶνος.
2506 1701 2525 1734 ι
2555 1683 2648 1754 Μὴ
2685 1682 3020 1754 ἀποϐλέψῃς,
3053 1681 3245 1752 φησιν,
3275 1683 3358 1744 εἰς
3383 1680 3481 1751 τὴν
3525 1681 3800 1753 βραχύτητα

2263 1776 2374 1831 τῶν
2417 1775 2792 1840 ἐνοικούντων,
2827 1769 2872 1828 ὦ
2909 1773 3159 1845 Βηθλεέμ.
3186 1789 3200 1803 °
3248 1773 3394 1844 ἔχεις
3434 1773 3540 1843 γὰρ
3583 1775 3799 1844 ἀφορμὴν

2263 1869 2345 1933 είς
2393 1867 2774 1940 περιφάνειαν,
2818 1866 2935 1920 οἷαν
2979 1865 3207 1936 οὐδεμία
3262 1865 3417 1926 πόλις
3461 1863 3567 1917 τῶν
3607 1865 3691 1918 ἐπὶ
3722 1865 3799 1933 τῆς

2263 1961 2404 2031 γῆς’
2437 1960 2496 2014 ἑν
2549 1960 2632 2013 σοὶ
2683 1957 2793 2030 γὰρ
2841 1957 2984 2012 κατά
3041 1958 3225 2026 σάρκα
3289 1955 3605 2027 τεχθήσεται
3640 1957 3668 2009 6
3714 1955 3800 2025 πρὸ

2264 2053 2475 2107 αἰώνων
2503 2052 2567 2107 ἑκ
2601 2051 2693 2106 τοῦ
2725 2051 2938 2121 Πατρὸς
2964 2049 3272 2122 γεννηθεὶς,
3311 2067 3331 2102 ι
3362 2042 3425 2102 οὗ
3452 2049 3511 2101 ai
3546 2045 3696 2112 ἔξοδοί
3723 2047 3800 2100 ἀπ’

2265 2145 2459 2217 ἀρχῆς.
2484 2164 2504 2195 ι
2534 2143 2706 2197 Τοῦτο
2729 2143 2788 2196 δὲ
2813 2142 3074 2211 ἀντικρὺς
3101 2139 3182 2209 τῷ
3215 2138 3312 2193 τοῦ
3343 2137 3658 2208 Εὐαγγελίου
3682 2137 3799 2190 ἔοικε

2265 2236 2566 2309 προοιμίῳ·
2613 2253 2632 2285 ι
2664 2235 2754 2289 Ἑν
2797 2233 2939 2305 ἀρχῇ
2975 2229 3043 2304 ἦν
3076 2235 3104 2287 6
3131 2233 3330 2300 Λόγος,
3374 2233 3468 2284 καὶ
3497 2232 3524 2284 6
3555 2230 3709 2298 Λόγος
3745 2225 3798 2299 ἦν

2266 2327 2402 2399 πρὸς
2435 2329 2524 2383 τὸν
2577 2326 2738 2391 Θεὸν,
2786 2325 2882 2380 καὶ
2917 2324 3050 2387 Θεὸς
3083 2319 3153 2394 ἦν
3186 2325 3216 2378 6
3247 2322 3420 2392 Λόγος
3449 2338 3464 2354 ·
3491 2318 3633 2386 οὗτος
3669 2318 3726 2392 ἦν
3754 2323 3798 2374 ἐν

2265 2423 2408 2492 ἀρχῇ
2423 2419 2559 2489 πρὸς
2583 2419 2674 2472 τὸν
2697 2418 2850 2471 Θεόν.
2877 2436 2896 2468 ι
2925 2416 3109 2470 Ἔοικε
3130 2413 3188 2468 δέ
3211 2416 3312 2469 καὶ⁸
3332 2417 3442 2478 τοῖς
3459 2414 3543 2468 διὰ
3555 2413 3641 2466 τοῦ
3657 2430 3798 2484 μακα-

2268 2513 2384 2583 ρίου
2415 2511 2578 2564 Δαϐὶδ
2608 2510 2714 2564 ὑπὸ
2736 2507 2830 2562 τοῦ
2856 2506 2992 2561 Θεοῦ
3021 2505 3344 2577 εἰρημένοις
3376 2523 3389 2536 ’
3429 2523 3449 2556 ι
3497 2505 3586 2559 Ἐκ
3605 2503 3798 2573 γαστρὸς

2269 2604 2374 2676 πρὸ
2404 2603 2680 2673 ἑωσφόρον
2723 2599 2991 2669 ἐγέννησά
3021 2615 3103 2654 σε.
3139 2617 3158 2648 ι
3198 2593 3376 2661 Οὗτος
3443 2597 3613 2650 τοίνυν
3640 2597 3666 2648 6
3693 2611 3796 2666 προ-

2267 2696 2507 2760 αιώνιος,
2545 2695 2574 2746 6
2604 2677 2662 2746 ἐν
2691 2694 2836 2763 ἀρχῇ
2867 2690 3002 2761 πρὸς
3035 2689 3132 2743 τὸν
3162 2690 3326 2753 Θεὸν,
3363 2689 3493 2751 Θεὸς
3523 2688 3696 2756 Λόγος,
3724 2683 3796 2738 καὶ

2267 2789 2367 2850 τὰς
2399 2785 2607 2839 ἐκεῖθεν
2656 2781 2874 2846 ἐξόδους
2914 2783 3008 2835 ἀπ’
3047 2779 3225 2852 ἀρχῆς
3263 2781 3423 2850 ἔχων,
3471 2781 3527 2833 ἐν
3554 2777 3647 2841 σοὶ,
3675 2775 3794 2844 φησι,

2267 2877 2366 2947 τὴν
2415 2874 2561 2948 κατὰ
2620 2873 2799 2943 σάρκα
2851 2873 3062 2940 δέξεται
3121 2872 3382 2942 γέννησιν
3410 2911 3426 2934 ,
3475 2867 3710 2938 λαμπράν
3750 2882 3794 2918 σε

2269 2968 2436 3022 ποιῶν
2476 2965 2571 3019 καὶ
2598 2965 2955 3035 περίϐλεπτον
2975 3005 2990 3030 ,
3023 2965 3124 3033 τὴν
3164 2965 3224 3017 ἑν
3258 2967 3378 3028 ταῖς
3417 2960 3511 3015 τοῦ
3563 2959 3707 3013 Ἰούδα
3731 2973 3794 3025 χι-

2267 3058 2443 3110 λιάσιν
2479 3055 2894 3125 ἑλαττουμένην.
2928 3056 3037 3108 Καὶ
3061 3051 3228 3108 τοῦτο
3263 3054 3320 3108 δὲ
3349 3055 3400 3108 οἱ
3421 3051 3565 3108 νῦν⁶²
3603 3047 3796 3103 Ἰουδαῖοι

2269 3151 2351 3213 είς
2405 3147 2496 3202 τὸν
2535 3145 2839 3216 Ζοροϐάϐελ
2876 3145 3062 3199 λαϐεῖν
3109 3145 3514 3216 τετολμήκασι,
3557 3137 3796 3214 προφανῶς

2271 3243 2337 3312 τῇ
2365 3238 2592 3310 ἀληθείᾳ
2624 3235 2942 3308 μαχόμενοι.
2975 3235 3087 3290 Καὶ
3114 3235 3214 3289 οὐκ
3263 3235 3583 3308 ἐρυθριῶσιν
3619 3227 3796 3284 ἀκούον-

2268 3347 2398 3395 τες,
2449 3329 2525 3392 ὡς
2583 3327 2643 3380 at
2701 3327 2890 3382 τούτου
2939 3325 3108 3392 ἔξοδοι
3160 3326 3259 3380 ἀπ’
3307 3326 3481 3398 ἀρχῆς
3523 3322 3581 3388 ἐξ
3621 3316 3798 3390 ἡμερῶθ

2273 3421 2495 3482 αίῶνος·
2530 3420 2558 3473 6
2585 3419 2643 3472 δὲ
2678 3418 2985 3490 Ζοροϐάϐελ
3033 3417 3172 3488 μετὰ
3221 3419 3326 3490 τὴν
3376 3408 3799 3488 αίχμαλωσίανέν

2272 3513 2339 3581 τῇ
2369 3509 2645 3563 Βαϐυλῶνι
2672 3507 2903 3579 τεχθεὶς,
2943 3509 3050 3562 ἀπὸ
3088 3509 3182 3562 τοῦ
3211 3511 3382 3564 τόπου
3414 3509 3506 3563 καὶ
3547 3506 3635 3575 τὴν
3666 3515 3798 3571 προσ-

2274 3600 2502 3672 ηγορίαν
2527 3600 2762 3664 ἐδέξατο.
2794 3601 2861 3655 Οἱ
2894 3601 3064 3655 πάλαι
3104 3601 3160 3655 δὲ
3201 3602 3448 3657 Ἰουδαῖοι
3475 3600 3535 3652 ού
3563 3591 3799 3666 παραπλη-

2277 3691 2407 3755 σίως
2455 3691 2664 3754 τούτοις
2694 3690 2853 3762 τήνδε
2899 3692 2998 3762 τὴν
3040 3693 3380 3762 προφητείαν
3427 3689 3668 3759 ἐνόησαν·
3697 3677 3800 3734 ἀλλὰ

2281 3782 2420 3854 μετὰ
2440 3783 2488 3815 ⁸³
2511 3783 2601 3836 τὸν
2623 3782 2928 3852 Ζοροϐάϐελ
2952 3783 3045 3837 καὶ
3067 3782 3237 3836 πολὺν
3273 3783 3412 3838 ἐτῶν
3439 3776 3674 3852 ἀριθμὸν,
3693 3775 3802 3843 ἐρω-

2275 3873 2532 3944 τηθέντες
2589 3874 2695 3927 ὑπὸ
2735 3873 2975 3952 Ἡρώδου
2999 3915 3014 3942 ,
3068 3873 3174 3927 ποῦ
3206 3876 3236 3928 6
3288 3872 3520 3944 Χριστὸς
3560 3866 3799 3938 γεννᾶται,

2276 3964 2482 4036 ταύτην
2535 3964 2684 4036 αύτῷ
2734 3965 2832 4036 τὴν
2885 3965 3194 4037 μαρτυρίαν
3251 3965 3639 4036 προσήνεγκαν.
3675 3953 3802 4023 Δῆλοι

2276 4057 2456 4110 τοίνυν
2502 4058 2640 4112 είσὶν
2696 4056 2748 4110 οἱ
2794 4055 2890 4110 νῦν
2936 4057 3182 4112 Ἰουδαῖοι
3240 4053 3661 4126 κακουργοῦντες
3703 4043 3804 4113 περῖ

2276 4149 2376 4219 τὴν
2419 4149 2736 4220 ἑρμηνείαν.
2793 4147 2954 4202 Ἀλλὰ
2997 4148 3097 4220 τὴν
3133 4147 3343 4204 τούτων
3385 4148 3567 4204 ἄνοιαν
3621 4134 3802 4193 καταλι-

2279 4238 2496 4302 πόντες,
2525 4239 2617 4292 ἐπὶ
2637 4238 2706 4292 τὰ
2745 4238 2940 4309 συνεχῆ
2966 4238 3068 4308 τῆς
3092 4238 3389 4310 ἑρμηνείας
3421 4233 3721 4305 βαδίσωμεν.

2351 4333 2421 4398 γ’.
2441 4345 2460 4379 ι
2486 4327 2586 4381 Ara
2616 4328 2774 4382 τοῦτο
2798 4308 2988 4391 δώσεις
3002 4327 3050 4360 ⁸⁵
3075 4308 3273 4392 αύτούς
3300 4329 3404 4391 ἕως
3424 4319 3609 4393 καιροῦ
3633 4308 3804 4398 τικτούέ

2283 4397 2382 4490 σης
2401 4433 2415 4448 ⁶
2443 4418 2677 4486 τέξεται,
2702 4419 2795 4472 καὶ
2814 4420 2865 4471 οί
2901 4418 3175 4473 ἐπίλοιποι
3204 4418 3316 4472 τῶν
3343 4411 3583 4483 ἀδελφῶν
3612 4397 3802 4490 abso-3‘"

605 4488 789 4575 tentur
814 4516 882 4571 ad
911 4488 1053 4570 ﬁlios
1089 4514 1333 4570 lsraelis.
1372 4488 1394 4566 ἶ
1426 4513 1714 4584 Eousque,
1769 4488 1975 4584 inquit,
2031 4511 2172 4566 tole-

2281 4488 2695 4581 ἐπιστρέφουσιν
2728 4511 2820 4563 ἐπὶ
2847 4509 2972 4571 τοὺς
3012 4509 3162 4582 ηίοὺς
3196 4507 3433 4580 Ἰσραήλ.
3468 4523 3486 4556 ι
3521 4488 3803 4589 πίέχριιγάρ

606 4611 780 4677 rabis,
809 4617 865 4664 et
896 4621 1087 4663 curam
1136 4614 1286 4660 tuam
1343 4604 1552 4675 1501
1613 4604 1818 4660 Judmis
1869 4602 2179 4673 imperties,

603 4701 785 4771 quoad
803 4698 1023 4770 pariens
1057 4696 1355 4768 pepererit.
1393 4693 1706 4750 Ecclesiam
1748 4706 1879 4749 vero
1908 4691 2184 4760 designat,

606 4789 674 4842 de
701 4800 809 4857 qua
844 4793 898 4841 et
926 4785 1101 4840 lsaias
1139 4785 1342 4839 clamat
1372 4801 1385 4837 :
1428 4801 1448 4834 ι
1497 4781 1734 4849 Lmtare,
1791 4779 2022 4846 sterilis,
2055 4796 2180 4852 qua:

609 4895 716 4932 non
745 4878 934 4948 paris:
965 4891 1191 4947 erumpe
1223 4882 1280 4931 et
1314 4875 1517 4941 clama,
1560 4887 1684 4944 quae
1741 4887 1852 4928 non
1913 4874 2183 4942 parturis,

609 4969 739 5036 quia
766 4968 952 5036 plures
977 4967 1071 5022 lilii
1102 4968 1338 5022 deserta
1367 4980 1534 5036 quam
1565 4963 1691 5034 ejus
1736 4977 1859 5034 quae
1884 4963 2052 5020 habet
2093 4965 2177 5019 vi-

613 5057 800 5111 rum‘.
835 5057 991 5122 »ριιὶ
1047 5065 1254 5122 autem,
1318 5056 1522 5127 inquit,
1580 5069 1650 5110 ex
1703 5053 1807 5109 hac
1855 5066 2179 5121 nascentur,

613 5145 1014 5216 eonjungentur
1044 5162 1172 5202 eum
1202 5149 1296 5210 iis.
1326 5149 1422 5218 qui
1452 5162 1521 5201 ex
1553 5145 1759 5202 lsraele
1805 5145 2066 5200 credunt.
2100 5145 2178 5200 Ex

615 5235 816 5292 lsraele
846 5237 990 5292 enim
1017 5238 1238 5294 divinus
1287 5240 1662 5311 apostolorum
1709 5238 1912 5293 chorus
1942 5239 2173 5305 exstitit,

682 5383 711 5423 «ι
738 5371 897 5441 1ιοιιη.
932 5375 1042 5439 ι,1,
1067 5375 1121 5428 2.
1199 5385 1222 5415 τ
1249 5376 1393 5433 Psal.
1424 5393 1532 5441 ουκ,
1561 5379 1615 5432 5.

1693 5385 1713 5412 ⁸
1741 5376 1932 5431 Matth.
1969 5393 2030 5442 ll,
2066 5376 2098 5429 4
2139 5393 2255 5448 seq.

2280 4602 2424 4664 τότε,
2454 4602 2609 4671 φησὶ,
2640 4601 3107 4672 μακροθυμήσας,
3134 4601 3229 4654 καὶ
3259 4601 3359 4670 τῆς
3395 4599 3490 4666 σῆς
3521 4584 3801 4664 μεταδώσεις

2293 4691 2564 4755 Ἰουδαίοις
2604 4691 2950 4762 κηδεμονίας,
2989 4691 3094 4756 ἓώς
3132 4691 3198 4744 ἂν
3229 4694 3263 4761 ’θ
3291 4691 3544 4744 τίκτουσα
3565 4673 3802 4773 τέκῃζΔῘΓ

2281 4782 2363 4835 λοί
2390 4783 2447 4836 δὲ
2489 4784 2590 4854 τὴν
2628 4781 2977 4854 Ἐκκλησίαν,
3043 4783 3172 4853 περὶ
3197 4778 3265 4855 ἦς
3311 4783 3405 4835 καὶ
3450 4773 3658 4831 Ἡσαΐας

2287 4893 2308 4926 ι
2329 4851 2693 4946 Εὐφράνθητι,
2721 4851 2930 4944 στείρα,
2966 4875 3080 4944 ἠού
3111 4851 3390 4928 τίκτουσα·
3422 4867 3576 4942 ῥῆξον
3602 4858 3684 4913 καὶ
3704 4851 3803 4946 ,βάξι-

2286 4982 2399 5031 σον,
2484 4966 2584 5020 οὐκ
2606 4939 2884 5022 -ὼδίνουσα
2905 4983 2920 4999 ο
2953 4939 3036 5021 ὅτι
3081 4966 3252 5020 πολλὰ
3283 4966 3350 5018 τὰ
3381 4939 3540 5015 τὲκνα
3574 4953 3660 5020 τῆς
3697 4939 3799 5036 ἐφ’

2289 5075 2392 5130 μου
2441 5031 2694 5130 μᾶλλονῆ
2739 5062 2837 5126 τῆς
2877 5059 3111 5131 ἐχούσης
3153 5059 3243 5113 τὸν
3293 5056 3476 5126 ἄνδρτιο
3509 5069 3526 5099 ’
3558 5043 3631 5098 Τὰ
3754 5031 3802 5080 ἐκ

2283 5129 2491 5222 ταύτης
2541 5129 2854 5223 τικτόμενα,
2910 5129 3076 5224 φησι,
3107 5153 3221 5216 τοῖς
3259 5151 3322 5204 ἐκ
3373 5145 3466 5200 τοῦ
3502 5129 3710 5228 Ἰσραὴλ.

2289 5216 2538 5297 στεύουσι
2569 5216 2992 5315 συναφθησεται.
3028 5216 3124 5298 Ἐκ
3157 5243 3265 5314 γάρ
3293 5240 3384 5294 τοῦ
3421 5226 3622 5303 Ἰσραὴλ
3645 5223 3670 5274 ὁ
3689 5216 3799 5268 θεῖος

2333 5382 2353 5417 ί
2381 5381 2485 5438 lsa.
2513 5397 2622 5445 Liv,
2651 5383 2695 5436 l.

1912 5531 2151 5588 VARIE
2190 5534 2590 5590 LECTIONES.

692 5621 736 5657 ’θ
765 5621 806 5676 C
831 5621 1024 5678 αίτίαν.

617 5693 783 5764 llebr.
811 5694 1059 5757 Vtt,Met
1095 5693 1244 5764 "aer.
1275 5695 1387 5764 fab.
1411 5697 1447 5748 l.
1472 5712 1522 5760 ν,
1544 5712 1595 5750 c.
1625 5697 1707 5750 Μ.

618 5763 804 5817 Deleta
841 5773 968 5820 sunt
993 5767 1096 5822 ista
1129 5765 1183 5820 in
1206 5762 1284 5821 Β.
1366 5766 1412 5797 ⁸⁵
1441 5766 1486 5817 Α
1509 5764 1688 5818 δώσει.
1763 5769 1807 5800 ⁵⁸
1842 5762 1882 5820 Ᾱ
1915 5762 2129 5830 αὐτούς.

1153 5624 1196 5655 ⁸⁸
1229 5625 1454 5699 Καὶ-σύ.
1484 5643 1537 5679 κ.
1559 5643 1609 5679 τ.
1632 5627 1700 5699 λ.
1733 5627 1831 5681 llic
1866 5626 2026 5699 locus
2054 5625 2128 5680 ita
2163 5627 2283 5699 fere
2308 5638 2367 5683 ut
2415 5628 2604 5699 Matth.
2643 5644 2706 5692 ιι,
2739 5628 2794 5692 6,
2825 5630 2932 5699 leg.
2968 5645 2996 5684 a
3034 5627 3234 5685 Nostro
3290 5626 3541 5699 allegat"?
3578 5582 3794 5699 infit:

1763 5693 2118 5820 εῖιλιήσὶὑιέεὶῗ
2158 5698 2234 5756 in,
2259 5698 2324 5758 Α,
2399 5699 2444 5731 ⁶²
2478 5698 2534 5751 δὲ
2571 5701 2620 5753 οί
2647 5699 2761 5755 νῦν.
2793 5693 2953 5757 ΕΧὌ
3001 5700 3180 5772 suppl-

1987 5781 2015 5818 τ
2049 5783 2076 5816 υ
2116 5805 2129 5820 .

3282 5660 3556 5765 δ’ιὲἓέἆὶ
3579 5660 3789 5746 ἆριθμάνο
