4088 6426
366 378 505 442 1769

1567 377 1647 438 IN
1695 378 2023 438 MICIL‘E/E
2060 380 2220 440 CAP.
2256 382 2322 442 ν.

3499 387 3634 452 1770

357 500 470 543 τῶν
516 485 832 542 ἀποστόλων
865 484 1045 555 χορὸς,
1091 484 1185 537 καὶ
1211 485 1259 537 σί
1302 483 1420 555 μετ’
1450 482 1695 547 ἐκείνους
1722 500 1829 538 om
1862 501 1955 538 του

2060 492 2116 539 et
2151 501 2245 556 qui
2292 494 2414 557 post
2443 503 2540 543 eos
2579 490 2739 544 electi
2789 499 2920 547 sunt
2951 505 2980 544 a
3025 489 3256 545 Domino
3284 502 3636 565 scptmigmta

360 580 578 651 Κυρίου
599 577 914 647 ὲκλεγὲντες
935 575 1302 647 ἑϐδομήκοντα
1320 576 1582 646 μαθηταὶ,
1613 575 1708 630 καὶ
1732 577 1785 629 οἰ
1813 575 1951 646 μετά

358 674 460 744 τήν
509 669 807 724 ἀνάστασιν
858 666 999 720 κατά
1031 666 1231 720 ταυτὸν
1269 666 1588 737 εύρεθὲντες
1627 665 1823 719 ἑκατὸν
1873 664 1951 717 εῖ-

359 742 504 827 κοσι,
551 761 646 814 καὶ
675 761 727 814 οἰ
764 742 1157 823 ίπεντακύσιοι,
1206 753 1291 822 οἷς
1337 756 1476 828 ὁμοῦ
1531 755 1890 828 συνηγμένοις
1914 756 1944 808 6

360 855 569 927 Κύριος
598 852 779 923 ῶφθη,
824 852 920 905 καὶ
967 854 1016 905 οἱ
1048 851 1357 922 τρισχίλιοι,
1389 852 1484 904 καὶ
1513 852 1563 904 οἰ
1601 848 1950 919 πεντακισχί-

360 948 464 1000 λιοι
487 947 557 1009 ⁸⁵,
583 946 677 1008 οῦς
708 946 737 997 6
761 943 943 1006 ἁλιεὺς
974 944 1304 1014 ὲσαγήνευσε
1337 941 1574 1014 Πέτρος,
1603 942 1699 995 καὶ
1732 941 1789 995 ai
1815 940 1949 993 πολ-

357 1037 451 1089 λαὶ
481 1034 760 1106 μυριάδες,
791 1034 920 1104 περὶ
947 1027 1021 1087 ὧν
1047 1035 1076 1086 6
1109 1033 1392 1095 θεσπέσιος
1436 1033 1690 1096 Ἰάκωϐος
1729 1032 1835 1102 ἔφη
1871 1031 1950 1101 τῷ

358 1127 628 1197 θειοτάτῳ
661 1125 895 1197 Παύλῳο
937 1126 1240 1196 ιθεωρεῖς,
1283 1123 1497 1192 ἀδελφὲ,
1541 1125 1706 1177 πόσαι
1754 1123 1951 1196 μυριά-

354 1220 487 1286 δες,
542 1220 652 1272 εἰσί
707 1216 817 1271 τῶν
890 1217 1334 1271 πεπιστευκότων
1405 1216 1697 1270 Ἰουδαίων.
1757 1233 1777 1268 ι
1831 1215 1945 1269 Μία

357 1311 586 1374 τοίνυν,
645 1309 842 1380 φησὶν,
891 1306 1141 1361 ἐντεῦθεν
1195 1306 1451 1360 κάκεῖθεν
1501 1305 1800 1376 Ἐκκλησία
1857 1321 1951 1373 γε-

358 1405 610 1474 νήσεται,
656 1400 751 1455 καὶ
783 1400 840 1453 ὲν
877 1399 1089 1463 τούτοις
1118 1401 1146 1451 6
1181 1401 1245 1451 ὲκ
1290 1397 1539 1468 Βηθλεὲμ
1568 1396 1775 1470 Κύριος
1825 1395 1952 1467 στή-

360 1511 542 1548 σεται.

433 1587 498 1641 δ’.
530 1604 552 1637 ι
589 1582 701 1638 Καὶ
736 1581 1019 1651 bile-rat“,
1055 1581 1149 1635 καὶ
1179 1582 1435 1649 ποιμανεῖ
1463 1579 1525 1633 τὸ
1564 1578 1815 1650 ποίμνιον
1848 1579 1948 1632 αύ-

355 1679 461 1732 τοῦ
482 1678 526 1710 ⁸⁷
562 1679 621 1730 ὲν
651 1674 796 1746 ἰσχύϊ
824 1672 1049 1745 Κύριος,
1083 1672 1179 1726 καὶ
1211 1672 1268 1723 ὲν
1295 1673 1361 1741 τῇ
1390 1667 1522 1742 δόξῃ
1552 1669 1646 1722 τοῦ
1686 1669 1952 1740 ὀνόματος

362 1769 574 1841 Κυρίου
608 1767 702 1822 τοῦ
737 1766 873 1819 Θεοῦ
902 1763 1083 1818 αὐτῶν
1110 1762 1437 1833 ὑπάρξουσι·
1476 1762 1613 1816 διότι
1653 1760 1747 1816 νῦν
1782 1770 1953 1831 μεγαέ

2056 577 2412 648 discipuli,et
2440 580 2533 650 qui
2569 589 2698 650 post
2723 581 3190 638 resurrectionem
3224 583 3468 638 inunum
3499 601 3636 641 con-

2056 672 2266 740 gregati
2319 669 2545 726 fuerunt
2584 682 2806 727 centum
2859 688 2925 729 ac
2968 674 3204 745 viginti,
3242 683 3301 731 et
3347 677 3638 748 quingenti

2056 760 2263 829 quibus
2307 761 2476 816 simul
2535 764 2884 834 congregatis
2931 764 3200 820 Dominus
3257 769 3639 837 apparuit:et

2059 854 2162 905 tria
2185 854 2380 918 millia,
2412 862 2468 908 et
2496 854 2743 926 quinque
2772 857 2967 921 millia,
3000 874 3140 928 quos
3166 859 3410 930 piscator
3440 859 3636 916 Petrus

2053 942 2307 1011 piscatus
2337 943 2475 999 fuit:
2504 945 2793 1016 multaque
2821 947 3016 1012 millia,
3061 948 3131 1005 de
3168 949 3379 1019 quibus
3410 949 3636 1007 divinus

2056 1031 2297 1089 Jacobus
2336 1035 2475 1089 dixit
2520 1035 2694 1091 Paulo
2728 1036 3122 1094 divinissimo:
3161 1059 3178 1092 ι
3223 1039 3411 1107 Vides,
3440 1042 3632 1109 frater,

2056 1130 2192 1191 quot
2242 1125 2446 1178 millia‘
2494 1126 2607 1181 sint
2651 1127 2707 1181 in
2747 1126 2953 1185 Iudaeis
3001 1131 3095 1200 qui
3145 1132 3499 1189 crediderunt
3523 1145 3572 1189 ιι.
3607 1154 3630 1186 ι

2056 1213 2180 1268 Una
2209 1215 2396 1285 igitur,
2430 1216 2631 1287 inquit,
2658 1210 2787 1275 hinc
2819 1232 2875 1275 et
2902 1222 3055 1277 illinc
3078 1222 3325 1280 Ecclesia
3343 1225 3632 1294 efﬁcietur,

2056 1318 2110 1362 et
2139 1307 2197 1361 in
2224 1307 2317 1363 his
2348 1324 2415 1364 et
2441 1310 2762 1367 Bethleemo
2798 1322 2962 1370 natus
2988 1313 3254 1370 Dominus
3287 1318 3477 1372 stabit.

2090 1592 2091 1595 η
2130 1570 2300 1627 Vsus.
2337 1572 2390 1625 4.
2426 1590 2446 1623 ι
2481 1571 2546 1626 Et
2573 1573 2799 1640 videbit,
2843 1583 2899 1631 et
2955 1586 3142 1644 pascet
3196 1592 3418 1647 gregem
3471 1594 3633 1634 suum

2058 1662 2112 1716 in
2147 1662 2470 1717 fortitudine
2498 1663 2785 1728 Dominus,
2823 1673 2880 1720 et
2914 1666 2970 1721 in
3021 1667 3202 1736 gloria
3256 1669 3501 1725 nominis
3529 1670 3638 1725 Do-

2056 1751 2192 1806 mini
2256 1751 2349 1809 Dei
2400 1755 2484 1809 sui
2546 1765 2709 1810 enim
2750 1773 2764 1810 :
2803 1757 2932 1827 quia
2986 1772 3134 1811 tiunc
3187 1759 3639 1829 magnificabitur

364 1860 701 1931 λυνθήσεται
725 1858 771 1890 ⁸⁸
801 1857 908 1920 ἓως
939 1856 1114 1926 ἄκρου
1141 1856 1243 1923 τῆς
1269 1854 1393 1922 γῆς.
1430 1871 1451 1903 ι
1489 1853 1601 1906 Καὶ
1627 1851 1774 1905 ἔστιν
1805 1851 1955 1918 ἰδεῖν,

2062 1858 2240 1913 usque
2268 1844 2336 1899 ad
2371 1846 2637 1901 terminos
2670 1857 2850 1902 terrae.
2890 1866 2908 1899 ι
2954 1845 3020 1901 Ει
3055 1848 3242 1903 videre
3282 1850 3413 1906 licet
3445 1866 3638 1907 sacro-

363 1951 467 2007 καὶ
487 1951 584 2021 τήν
608 1949 760 2021 ἰεράν
784 1946 879 2002 τοῦ
904 1945 1038 1999 Θεοῦ
1068 1944 1398 2015 Ἐκκλησίαν
1423 1945 1517 1999 ἐπὶ
1538 1942 1617 2014 τῷ
1637 1942 1954 2014 Δεσποτικῷ

365 2041 773 2113 σεμνυνομένην
806 2039 1056 2109 ὀνόματι,
1090 2037 1185 2090 καὶ⁵
1210 2036 1273 2090 τὸ
1299 2036 1443 2091 θεῖον
1468 2035 1643 2106 ὄνομα
1672 2034 1950 2105 πανταχοῦ

366 2135 478 2205 γῆς
516 2125 913 2200 καὶ’,θαλάττης
948 2128 1309 2201 ὑμνούμενον.
1334 2129 1450 2198 Πρὸ
1485 2127 1543 2181 δὲ
1572 2127 1672 2199 τῆς
1695 2129 1958 2182 Δις-ποτι-

363 2227 474 2297 κῆς
500 2225 843 2293 ἐπιφανείας,
892 2224 989 2276 καὶ
1031 2221 1127 2274 τοῦ
1161 2220 1432 2292 σωτηρίου
1463 2219 1693 2285 πάθους,
1735 2221 1828 2274 καὶ
1855 2221 1956 2291 τῆς

368 2318 616 2389 κλήσεως
666 2316 776 2369 τῶν
826 2314 999 2368 ἐθνῶν
1020 2355 1035 2377 ,
1070 2312 1277 2367 τούτων
1322 2312 1481 2366 οὐδὲν
1523 2312 1786 2379 δείξουσιν
1823 2313 1956 2365 Ἰου-

365 2412 508 2464 δαῖοι
545 2408 936 2479 γεγενημένον.
978 2405 1199 2477 Ἐπειδὴ
1225 2404 1282 2458 δὲ
1317 2407 1550 2476 μακροῖς
1580 2403 1807 2476 ὕστερον
1829 2404 1955 2476 χρό-

364 2520 482 2566 νοις
512 2502 664 2555 ταῦτ’
694 2498 928 2572 ἤμελλεν
983 2497 1203 2552 ἔσεσθαι
1227 2535 1243 2560 ,
1292 2495 1401 2549 ἀπὸ
1449 2495 1559 2549 τῶν
1602 2498 1720 2548 κατ’
1749 2496 1954 2549 ἐκεῖνον

365 2596 460 2648 τὸν
504 2594 697 2664 καιρὸν
727 2590 1110 2663 γενησομένων
1149 2588 1437 2642 πιστοῦται
1482 2587 1583 2658 τὴν
1624 2588 1950 2659 πρόρρησιν.

368 2687 489 2740 Ἵνα
522 2685 631 2756 γὰρ
677 2683 909 2755 μάθητε,
939 2680 1128 2751 φησὶν,
1163 2679 1239 2742 ὡς
1273 2678 1449 2749 ἀληθῆ
1486 2679 1555 2732 τὰ
1591 2679 1954 2750 προτεθεσπι-

369 2779 569 2848 σμένα,
597 2776 852 2846 ἐνέχυρον
877 2772 1102 2826 ἐκείνων
1125 2770 1319 2825 λάϐετε
1348 2769 1420 2823 τά
1449 2770 1714 2840 παρόντα.
1763 2771 1958 2823 Ἐπελ-

369 2870 535 2923 θόντα
554 2869 625 2936 γά
632 2884 664 2938 ρ
686 2868 816 2937 ύμῖν
844 2865 935 2917 τὸν
963 2862 1250 2935 Ἀσσύριον
1274 2860 1590 2927 καταλύσω,
1613 2861 1710 2914 καὶ
1732 2860 1955 2931 βαθεῖαν

370 2961 503 3030 ὑμῖν
532 2957 628 3027 τὴν
658 2956 882 3026 εἰρήνην
912 2953 1256 3023 δωρήσομαι.

445 3055 507 3103 ε’.
549 3069 568 3100 ι
600 3047 712 3102 1ςαί¹
742 3045 896 3099 ἔσται
928 3044 1073 3114 αῦτη
1102 3045 1137 3122 ή
1163 3044 1207 3076 ⁸⁸
1240 3045 1454 3115 εἰρήνη,
1478 3044 1609 3097 ὅταν
1637 3042 1666 3095 6
1689 3040 1957 3113 Ᾱσσύριος

2057 1943 2307 1989 sanctam
2335 1935 2427 1990 Dei
2453 1935 2769 1992 Ecclesiam
2804 1936 2872 1992 de
2907 1937 3197 1994 Dominico
3249 1942 3637 2010 nomine.glo-

2058 2027 2212 2093 riari,
2246 2025 2451 2098 Deique
2473 2043 2672 2084 nomen
2696 2027 2902 2098 ubique
2932 2039 3078 2086 terra
3104 2032 3357 2102 marique
3379 2033 3636 2090 laudibus

2054 2119 2352 2174 celebrari.
2408 2120 2656 2186 Quorum
2714 2121 2854 2175 nihil
2921 2123 3389 2180 demonstrabant
3456 2125 3637 2182 Judaei

2058 2210 2261 2267 factum
2289 2210 2460 2267 fuisse
2488 2219 2614 2266 ante
2636 2212 2939 2267 adventum
2965 2213 3205 2278 Domini,
3236 2223 3292 2271 et
3328 2215 3638 2273 Salvatoris

2057 2302 2396 2372 passionem.
2446 2311 2503 2357 et
2552 2304 2799 2373 gentium
2836 2305 3205 2360 vocationem.
3231 2306 3509 2373 Quoniam
3538 2325 3640 2364 au-

2055 2404 2168 2453 tem
2206 2406 2333 2468 post
2359 2397 2583 2468 longum
2617 2406 2836 2468 tempus
2880 2398 2999 2456 haec
3034 2400 3224 2455 futura
3262 2410 3448 2468 erant,
3477 2418 3543 2458 ex
3570 2404 3666 2458 iis‘

2056 2502 2180 2556 qua:
2246 2488 2340 2543 illo
2412 2496 2665 2559 tempore
2718 2499 2985 2546 eventura
3043 2500 3234 2547 essent
3287 2493 3638 2563 pradictloni

2058 2582 2218 2637 fidem
2276 2582 2426 2637 facit.
2474 2581 2548 2636 Ut
2593 2582 2743 2636 enim
2778 2585 3162 2654 cognoscatis,
3218 2586 3424 2656 inquit,
3463 2603 3632 2657 quam

2057 2686 2187 2726 vera
2242 2671 2505 2726 vaticinia
2560 2672 2775 2742 1502
2824 2688 2946 2728 mea
3004 2675 3138 2738 sint,
3188 2690 3381 2730 eorum
3436 2677 3640 2749 pignus

2058 2763 2257 2818 babete
2287 2763 2601 2833 praesentia.
2628 2763 2844 2820 Bellum
2883 2765 3033 2819 enim
3085 2768 3247 2822 vobis
3308 2767 3636 2825 inferentem

2056 2856 2344 2926 Assyrium
2399 2856 2647 2925 perdam,
2716 2867 2776 2912 et
2823 2871 3016 2927 pacem
3082 2858 3412 2914 altissimam
3476 2862 3665 2919 vobis.

2057 2948 2282 3017 largiar.

2133 3036 2299 3093 Vens.
2330 3038 2385 3092 5.
2407 3055 2433 3110 ,ι
2470 3035 2539 3091 Et
2570 3037 2681 3092 erit
2721 3036 2839 3092 haec
2894 3052 3024 3109 pax,
3052 3053 3181 3094 cum
3206 3037 3486 3112 ‘Assyrius
3536 3058 3637 3098 su-

369 3138 577 3209 ὲπέλθῃ
603 3132 695 3190 ἐπὶ
716 3136 815 3206 τὴν
853 3134 956 3203 γῆν
987 3133 1017 3184 ὑ
1028 3132 1167 3203 μῶν,
1196 3134 1291 3186 καὶ¹
1314 3134 1361 3164 ⁷⁸
1385 3133 1517 3186 ὅταν
1540 3130 1704 3202 ἐπιϐῇ
1733 3131 1825 3185 ἐπὶ
1857 3130 1955 3202 τὴν

2061 3130 2373 3199 pervenerit
2397 3130 2451 3182 in
2499 3138 2704 3184 terram
2736 3137 2977 3184 vestram
2999 3168 3016 3193 ,
3047 3136 3104 3185 et
3151 3146 3277 3186 cum
3329 3133 3644 3191 ascenderit

369 3199 810 3302 11695-696th
836 3199 1003 3278 Ᾰῶσω
1030 3199 1140 3293 γὰρ
1170 3224 1299 3293 ύμῖν
1326 3224 1551 3293 εἰρήνην
1569 3224 1612 3254 ⁷⁸
1637 3199 1955 3285 ἐπελθόντος

2063 3236 2231 3290 super
2252 3221 2533 3290 regionem
2562 3227 2827 3275 vestram.
2860 3238 2882 3273 ι
2913 3218 3068 3277 Dabo
3128 3221 3309 3277 enim~
3338 3224 3496 3279 vobis
3545 3239 3653 3294 ρει-θ

372 3322 608 3382 ἐκείνου,
636 3317 787 3389 παρὰ
818 3318 998 3370 πᾶσαν
1025 3314 1374 3386 ἀνθρωπίνην
1407 3314 1622 3369 ἐλπίδα.

452 3516 472 3550 ι
509 3498 619 3550 Καὶ
638 3494 1095 3566 ὲπεγερθήσονται
1113 3493 1160 3524 ’τ’
1189 3492 1277 3545 ἐπ’
1307 3491 1471 3545 αὐτὸν
1499 3489 1642 3543 ἑπτὰ
1672 3487 1956 3558 ποιμένες,

372 3588 474 3642 καὶ
497 3585 641 3639 ὀκτὼ
667 3585 919 3657 δήγματα
947 3581 1274 3652 ἀνθρώπων.
1309 3578 1436 3650 (ς’.)
1478 3582 1590 3632 Καὶ
1630 3577 1958 3649 ποιμανοῦσι

373 3679 469 3732 τὸν
510 3676 740 3744 Ἀσσοῦρ
773 3675 831 3726 ἐν
865 3673 1131 3744 ῥομφαίᾳ,
1165 3672 1262 3725 καὶ
1300 3671 1398 3742 τὴν
1434 3674 1537 3741 γῆν
1570 3670 1799 3741 Νεϐρὼδ
1821 3671 1869 3703 ⁷³
1900 3670 1959 3724 ἐν

376 3773 444 3841 τῇ
468 3770 515 3801 ⁷⁵
539 3768 732 3837 τάφρῳ
759 3766 929 3834 αὐτῆς
947 3780 961 3794 ⁸
990 3764 1084 3817 καὶ¹
1119 3762 1341 3833 ῥύσεταί
1369 3779 1430 3816 σε
1462 3764 1531 3816 ἐκ
1558 3762 1652 3816 τοῦ
1696 3762 1955 3833 Ἀσσοὺρ,

381 3865 509 3917 ὅταν
554 3858 757 3931 ἐπέλθῃ
776 3858 822 3889 ⁷⁵
865 3858 961 3911 ἐπὶ
996 3852 1094 3926 τήν
1131 3856 1235 3924 γῆν
1264 3856 1440 3925 ὑμῶν,
1476 3855 1573 3908 καὶ
1612 3856 1742 3909 ὅταν
1790 3853 1959 3925 ἐπιϐῇ

378 3953 475 4007 ἐπὶ
496 3951 543 3983 ⁷⁸
581 3949 650 4005 τά
689 3951 813 4020 ὅρια
846 3946 1020 4017 ὑμῶν.
1054 3964 1073 3998 ι
1119 3946 1402 3998 Ἐντεῦθεν
1451 3945 1638 4013 σαφῶς
1676 3945 1958 4014 ἐδιδάχθη-

383 4059 507 4111 μεν,
542 4040 619 4102 ὡς
647 4039 741 4092 καὶ
772 4038 873 4107 τῆς
907 4033 1224 4098 Βαϐυλῶνος
1269 4036 1298 4088 6
1334 4032 1622 4104 Ἀσσύριος
1671 4032 1960 4085 ἐϐασίλευε

381 4151 476 4187 σεν
495 4148 511 4163 ·
543 4132 572 4185 6
601 4130 711 4201 γὰρ
740 4127 987 4200 Νεϐρὼδ,
1018 4128 1094 4191 ὡς
1131 4130 1159 4181 6
1202 4125 1472 4196 μακάριος
1499 4124 1702 4189 ἐδίδαξε
1731 4125 1956 4195 Μωσῆς,

377 4222 655 4297 τυραννίδι
685 4221 1054 4291 χρησάμενος,
1096 4219 1196 4291 τὴν
1239 4216 1537 4270 Βαϐυλῶνα
1579 4215 1801 4288 πρώτην
1828 4215 1960 4268 ὑπο-

378 4314 589 4386 χείριον
635 4312 811 4382 ἔσχεν.
852 4330 870 4362 ι
921 4310 1171 4379 Ἐγένετο
1211 4307 1343 4380 γάρ,
1389 4307 1575 4378 φησὶν,
1617 4309 1651 4378 ή
1691 4307 1835 4378 ἁρχὴ
1860 4307 1960 4378 τῆς

379 4405 658 4478 βασιλείας
701 4403 865 4458 αὑτοῦ
909 4400 1166 4455 Βαϐυλὼν
1188 4401 1256 4466 ⁷⁷,
1305 4400 1485 4471 Ὀρὲχ,
1518 4399 1611 4453 καὶ
1647 4398 1893 4468 Χαλάνη.
1934 4417 1953 4449 ι

390 4496 564 4551 Ἑπτὰ
592 4496 650 4548 δὲ
683 4492 854 4564 αὐτῷ,
884 4493 1040 4581 φησί,
1071 4490 1343 4581 Δβασιλέας
1382 4490 1771 4581 ἐπαναστήσω-
1802 4488 1955 4581 (ποι-ν
1988 4525 2033 4581 D

364 4582 566 4654 μένας
597 4581 707 4651 γάρ
736 4583 862 4644 τοὺς
896 4579 1149 4650 βασιλέας
1189 4579 1394 4647 καλεῖ),
1433 4579 1528 4630 καὶ
1554 4577 1699 4631 ὀκτὼ
1718 4577 1955 4649 πληγαῖς

373 4673 540 4728 αὐτὸν
582 4673 952 4745 ἀνθρωπίναις
1007 4670 1311 4744 περιϐαλῶ.
1363 4670 1529 4740 Λέγει
1577 4670 1633 4723 δὲ
1681 4670 1780 4733 τὰς
1831 4670 1955 4724 κατ’

373 4766 543 4821 αὑτοῦ
578 4764 954 4837 γεγενημένας
1002 4762 1306 4834 πολεμικάς
1357 4762 1684 4833 προσϐολάς.
1741 4760 1957 4827 Ταύτας

372 4861 486 4931 γὰρ
525 4858 800 4928 δήγματα
841 4856 1178 4925 ἀνθρώπων.
1210 4855 1386 4910 καλεῖ.
1424 4854 1688 4926 Σημαίνει
1732 4854 1790 4908 δὲ
1836 4854 1956 4909 κατ’

372 4951 542 5006 αὐτὸν
556 4953 603 4985 ⁷⁸
622 4952 717 5005 καὶ
738 4951 839 5020 τῆς
865 4949 1187 5012 Βαϐυλῶνος
1211 4948 1311 5020 τὴν
1329 4947 1552 5003 ἅλωσιν.
1572 4947 1685 5003 Νῦν
1710 4949 1808 5020 μὲν
1825 4949 1954 5020 γάρ,

372 5043 533 5113 φησὶ,
559 5041 747 5096 τοῦτον
774 5041 1037 5104 τοιούτοις
1062 5039 1342 5111 περιϐαλῶ
1367 5043 1558 5104 κακοῖς
1577 5056 1591 5070 ·
1627 5041 1746 5111 μετ’
1774 5040 1957 5109 ὀλίγον

370 5134 455 5199 δὲ,
492 5135 587 5201 καὶ
611 5134 704 5189 τὸν
733 5132 924 5187 τοῦτον
951 5131 1347 5202 διαδεξόμενον,
1391 5131 1486 5185 καὶ
1526 5130 1624 5202 τὴν
1660 5130 1955 5184 Βαϐυλῶνα

372 5224 624 5298 βασιλίδα
668 5224 821 5278 πόλιν
863 5222 1266 5293 ἀποφανοῦντα,
1315 5220 1601 5283 παντελῶς
1635 5220 1951 5285 καταλύσω,

451 5370 481 5399 ⁸³
508 5365 630 5418 Act.
663 5362 878 5428 “1,90.
964 5369 989 5397 ν
1015 5358 1153 5412 Gen.
1184 5373 1237 5412 Χ.
1275 5358 1361 5412 ἰθ.

2061 3325 2202 3376 cem,
2245 3325 2371 3366 cum
2403 3310 2497 3365 ille
2516 3311 2923 3380 supervenerit,
2944 3318 3150 3381 praeter
3176 3327 3398 3370 omnem
3440 3314 3651 3370 Imma-'

2060 3417 2185 3454 nam
2215 3416 2392 3470 spem.

2132 3511 2154 3543 ς
2194 3492 2260 3546 Ει
2301 3501 2639 3564 consurgent
2689 3507 2857 3563 super
2903 3508 3031 3549 eum
3088 3505 3300 3565 septem
3359 3504 3636 3564 pastores,

2059 3592 2116 3640 et
2156 3591 2283 3639 octo
2343 3583 2518 3655 plaga:
2570 3584 2885 3638 hominum.
2937 3583 3130 3655 (Vens.
3168 3585 3248 3656 6.)
3293 3585 3361 3639 Et
3411 3598 3641 3657 pasceut

2059 3677 2355 3749 Assyrium
2411 3676 2645 3748 gladio:
2677 3684 2734 3732 et
2772 3686 2975 3732 terram
3022 3677 3318 3734 Nemrodis
3374 3679 3433 3734 in
3481 3678 3641 3736 fovea

2061 3769 2185 3839 ejus
2211 3788 2225 3824 :
2258 3776 2315 3824 et
2348 3768 2605 3824 liberabit
2639 3776 2694 3824 te
2722 3771 2793 3824 ab
2824 3770 3077 3841 Assyrio,
3105 3783 3233 3824 cum
3261 3770 3447 3826 veniet
3470 3785 3639 3840 super

2061 3870 2265 3916 terram
2292 3868 2555 3926 vestram,
2586 3870 2643 3916 et
2669 3876 2798 3916 cum
2829 3860 3148 3916 ascenderit
3173 3877 3341 3931 super
3373 3864 3641 3921 terminos

2062 3961 2300 4009 vestros.
2337 3972 2359 4005 ι
2388 3952 2493 4007 Per
2520 3953 2633 4008 haec
2660 3961 2850 4022 aperte
2881 3953 3061 4008 edocti
3105 3967 3321 4013 sumus,
3363 3954 3529 4008 etiam
3582 3955 3637 4009 in

2061 4042 2340 4111 Babylone
2382 4055 2644 4111 regnasse
2689 4042 3003 4111 Assyrium.
3060 4038 3302 4095 Nemrod
3359 4041 3543 4105 enim,
3578 4051 3639 4096 ut

2060 4132 2263 4192 beatus
2299 4131 2480 4187 Moses
2503 4129 2715 4195 docuit,
2751 4130 3042 4201 tyrannide
3074 4145 3231 4196 usus,
3260 4131 3439 4201 primo
3462 4132 3640 4204 Baby-

2061 4227 2242 4281 lonem
2270 4224 2374 4281 sibi
2417 4223 2672 4293 subjecit.
2703 4241 2721 4275 ι
2760 4222 2887 4277 Fuit
2933 4230 3142 4288 autem,
3187 4223 3388 4293 inquit,
3427 4224 3638 4292 princi-

2060 4318 2210 4387 pium
2242 4315 2393 4384 regni
2433 4315 2554 4385 ejus
2606 4313 2877 4385 Babylon,
2926 4313 3125 4381 Orecb,
3156 4321 3210 4369 et
3253 4312 3506 4372 Cbalanc
3524 4324 3570 4370 ν.
3614 4338 3632 4367 υ

2063 4405 2282 4476 Septem
2316 4420 2471 4470 vero,
2500 4405 2601 4472 ait,
2641 4403 2696 4459 in
2730 4421 2856 4461 eum
2907 4420 3067 4476 reges
3102 4405 3396 4460 concitabo
3430 4404 3637 4475 (pasto-

2062 4512 2143 4549 res
2172 4495 2317 4550 enim
2339 4510 2497 4565 reges
2527 4493 2732 4567 vocat),
2752 4504 2807 4550 et
2829 4503 2955 4551 octo
2984 4495 3158 4565 plagis
3188 4494 3447 4550 humanis
3481 4496 3638 4549 illum

2060 4584 2376 4654 implicabo.
2428 4582 2664 4639 Bellicos
2726 4599 2855 4639 vero
2878 4584 3049 4640 etiam
3098 4585 3342 4654 impetus
3392 4584 3529 4639 dicit
3582 4585 3638 4639 in

2059 4690 2184 4730 eum
2228 4673 2407 4729 factos
2440 4691 2454 4725 :
2489 4673 2593 4727 bos
2622 4674 2769 4727 enim
2817 4681 2974 4728 vocat
3030 4690 3240 4728 morsus
3272 4673 3391 4745 (seu
3428 4674 3637 4743 plagas)

2060 4765 2354 4821 hominum.
2396 4763 2477 4819 Ac
2536 4768 2748 4834 pariter
2804 4764 3082 4834 signiﬁcat
3138 4765 3305 4820 etiam
3342 4763 3639 4836 Babylonis

2060 4854 2553 4926 expugnationem.
2597 4852 2756 4908 Nunc
2790 4854 3039 4925 quidem,
3102 4853 3201 4917 ait,
3257 4854 3313 4908 in
3365 4852 3635 4922 ejusmodi

2064 4947 2207 4999 mala
2235 4960 2361 5001 eum
2389 4944 2706 5014 conjiciam.
2738 4942 2898 4999 Brevi
2940 4953 3065 5013 post
3100 4958 3228 4998 vero
3270 4958 3419 5010 eum,
3464 4942 3556 5012 qui
3586 4943 3639 4997 ei

2060 5036 2422 5098 successerit,
2455 5043 2510 5090 et
2557 5035 2892 5107 Babylonem
2934 5034 3126 5089 urbem
3171 5033 3379 5105 regiam
3422 5032 3638 5089 consti~

2059 5127 2252 5190 tuerit,
2284 5124 2542 5180 funditus
2599 5124 2863 5196 perdam:
2904 5138 3007 5179 nec
3046 5126 3095 5180 ei
3131 5123 3441 5195 proderunt
3495 5121 3638 5176 muri

2060 5218 2375 5283 fortissimi,
2401 5233 2581 5290 neque
2611 5225 2766 5272 extra
2800 5217 2983 5271 ducta:
3019 5214 3171 5270 circa
3211 5213 3421 5284 1503
3450 5228 3638 5267 muros

1715 5465 1948 5523 VARIAE
1999 5466 2401 5523 LECTIONES.

474 5608 520 5641 ⁸⁸
555 5610 646 5660 καὶ
670 5609 720 5661 οί
770 5625 828 5660 π.
871 5604 945 5658 Ex
988 5604 1029 5658 C
1056 5605 1236 5673 suppl.

368 5679 591 5735 deinde.
626 5681 831 5748 ἄκρων.
878 5747 889 5760 .
911 5676 959 5760 εξ
979 5674 1117 5760 αῦτη
1138 5679 1193 5744 ή.
1231 5675 1471 5760 Αηξιιύιτῇιέ

298 5758 313 5767 '
372 5766 582 5816 σονται,
617 5762 847 5807 OIIIISSO.
874 5758 958 5798 ἐπ’
991 5758 1166 5816 αυτον.

373 5821 417 5851 ⁷⁷
456 5822 497 5876 C
521 5814 861 5879 Βαϐυλῶνος.
975 5815 1016 5844 ⁷⁸
1075 5814 1116 5869 (ὶ
1155 5814 1295 5867 κατά
1318 5814 1536 5869 ταύτόν.

713 5907 987 5966 Parant.
1035 5902 1154 5964 Gn.
1208 5904 1485 5965 LXXX].

1333 5605 1378 5677 ‘f‘
1628 5608 1908 5677 στήσεται.
1998 5607 2045 5639 ⁸⁷
2080 5625 2131 5663 τ.
2172 5626 2230 5660 π.
2266 5606 2386 5660 αὐτ.
2436 5605 2579 5677 Urs.
2606 5605 2661 5658 in
2704 5607 2778 5677 Δ.

1554 5676 1595 5707 τί)
1629 5680 1723 5731 καὶ
1752 5708 1817 5719 --
1849 5677 2023 5747 ὑμῶν.
2060 5677 2182 5732 Des.
2221 5678 2274 5730 in
2318 5680 2383 5729 Α.

1284 5745 1328 5776 ⁷³
1584 5749 1620 5799 Λ
1655 5764 1842 5817 praeut.
1890 5745 2009 5801 τοῦ.

2818 5607 2828 5613 ’
2873 5607 2918 5637 ⁸⁸
2944 5606 2987 5658 Α
3023 5601 3558 5674 μεγαλυγοήρογταιο.
3579 5607 3632 5674 ει

2463 5676 2504 5705 ⁷⁸
2538 5676 2643 5745 sip.
2746 5675 2918 5737 addit,
2967 5666 3151 5745 φησιν.
3211 5671 3278 5745 Δ⁷²
3316 5666 3633 5745 Αηὲγερθήιο

2459 5747 2501 5775 τε
2533 5737 2752 5818 smn.
2838 5746 2882 5776 τε
2913 5737 3041 5798 επις
3078 5742 3152 5796 [ετ
3198 5740 3242 5795 Α
3291 5747 3345 5792 cl.
3371 5737 3411 5792 ο
3449 5739 3637 5806 suppl.

2092 5748 2132 5779 7"
2167 5749 2209 5800 Α
2250 5747 2346 5817 τῷ.

3245 5900 3317 5962 56
