4088 6402
570 339 697 404 ΠΗ

1599 335 2088 396 TIIEUDORETI
2118 335 2453 395 EPISCOPI
2478 335 2844 396 CYRENSIS

3655 343 3764 412 1772

569 458 750 508 l‘ossze.
779 447 862 503 Tu
893 463 1022 504 vero
1047 448 1116 503 ab
1152 447 1242 502 his
1268 445 1616 512 liberaberis,
1652 461 1766 499 non
1789 454 1922 500 tunc
1959 446 2140 508 modo,

2252 464 2345 500 και
2383 449 2639 518 οὐδεμίαν
2670 447 2876 518 ὄνησιν,
2913 445 3011 499 οὒκ
3040 446 3146 499 ἀπὸ
3176 445 3282 500 τῶν
3318 449 3652 522 ἰσχυροτάτων
3678 477 3769 513 τει-

566 559 692 597 cum
731 543 785 596 in
808 557 906 597 eos
938 541 1076 596 alios
1119 540 1303 594 hostes
1353 539 1650 593 concitabo
1679 556 1692 589 :
1727 538 1821 592 sed
1850 537 1957 592 hoc
1984 537 2151 592 etiam

566 647 834 703 tempore,
861 649 972 702 quo
993 629 1182 685 multis
1206 645 1330 683 cum
1368 629 1547 698 copiis
1573 628 1766 682 urbem
1799 637 1946 681 tuam
1979 642 2152 696 oppu-

566 734 758 795 gnant.
795 725 954 778 Nunc
994 721 1142 776 enim
1189 720 1437 792 angelica
1486 734 1654 790 opera
1700 720 1977 773 occultam
2039 717 2150 772 illis

565 816 868 887 perniciem
907 812 1162 867 inferam.
1209 811 1511 881 Postquam
1565 811 1655 864 in‘
1706 811 1855 864 hunc
1900 806 2150 875 modum,

561 922 684 978 quae
702 913 857 977 gesta
906 912 1040 958 tunc
1067 903 1310 970 fuerant,
1334 906 1484 956 velut
1508 902 1739 972 pignora
1767 901 1921 955 dedit
1955 913 2148 954 eorum

560 1012 682 1066 qua:
713 1003 909 1066 postea
946 993 1135 1048 futura
1161 1003 1351 1049 essent
1380 1009 1392 1044 :
1429 991 1497 1046 ad
1523 993 1619 1045 illa
1652 1005 1851 1046 rursus
1881 989 2149 1044 transfert

559 1102 897 1156 sermonem,
957 1087 1250 1156 docetque,
1310 1082 1775 1154 quemadmodum
1827 1082 1921 1150 qui
1959 1082 2011 1134 in
2048 1079 2150 1134 Be-

563 1180 805 1234 tbleemo
841 1188 973 1234 nato
1014 1179 1248 1232 Domino
1297 1176 1660 1232 crediderunt
1703 1174 1849 1227 sacri
1887 1172 2147 1242 apostoli,

561 1281 615 1326 rt
650 1287 779 1326 cum
813 1271 901 1326 his
936 1270 1137 1324 divina:
1160 1267 1543 1340 praedicationi
1574 1265 1851 1335 designati
1879 1264 2146 1328 ministri,

558 1363 762 1417 exteris
792 1362 1052 1432 gentibus
1085 1359 1462 1429 evangelicam
1491 1357 1805 1413 doctrinam
1852 1355 1966 1412 sint
2018 1355 2149 1411 alla-

561 1455 694 1508 turi.
725 1451 820 1508 Sic
855 1460 1040 1507 autem
1063 1451 1140 1506 ait

632 1717 798 1773 Vens.
826 1716 879 1770 7.
929 1733 946 1766 ι
987 1714 1051 1768 Et
1078 1722 1242 1769 erunt
1265 1711 1511 1782 reliquiae
1540 1709 1733 1766 Jacobi
1789 1710 1845 1765 in
1883 1711 2146 1782 gentibus

2253 541 2385 611 χῶν,
2413 541 2514 594 ούκ
2555 541 2662 594 ἀπὸ
2701 541 2803 608 τῆς
2843 539 3042 606 ἔξωθεν
3081 539 3432 610 περιθεούσης
3464 546 3659 616 εὑρήσει
3691 553 3770 604 τά·

2252 649 2424 703 ςρρου⁸
2474 631 2539 684 σὺ
2580 631 2636 684 δὲ
2683 631 2890 684 τούτων
2938 629 3322 703 ἁπαλλαγήσῃ,
3365 633 3423 684 ού
3463 635 3576 687 τότε
3619 639 3768 706 μόνον,

2249 723 2376 776 ὅταν
2430 724 2614 783 αὐτοῖς
2665 722 2861 785 ἄλλους
2909 722 3205 791 πολεμίους
3260 725 3620 796 ἐπαναστήεω,
3660 730 3772 786 ἀλλὰ

2251 816 2345 867 καὶ
2377 815 2472 868 ἐπὶ
2501 813 2594 867 τοῦ
2623 814 2912 884 παρόντος,
2948 814 3111 883 ἡνίκα
3150 814 3319 885 πολλῇ
3350 815 3604 886 χρώμενοι
3638 838 3772 892 στρα.

2249 903 2370 973 τείᾳ
2413 903 2555 955 κατά
2583 902 2682 971 τῆς
2729 901 2829 970 σῆς
2873 903 3266 972 παραγίνονται
3298 903 3528 968 πόλεως·
3572 907 3656 960 νῦν
3685 910 3774 979 γὰρ

2249 991 2434 1054 αὐτοῖς
2476 989 2709 1060 ἀόρατον
2753 990 2819 1042 δι’
2851 988 3150 1058 ἀγγελικῆς
3182 989 3476 1060 ὑπουργίας
3505 993 3670 1060 ἐπάξω
3704 997 3776 1048 τὸν

2248 1081 2490 1153 ὄλεθρον.
2519 1081 2674 1135 Οὕτω
2703 1082 2810 1135 τῶν
2843 1082 3067 1153 ὕστερον
3097 1080 3366 1150 ἐσομένων
3397 1081 3610 1154 ἐνέχυρα
3644 1085 3777 1140 δεδωο

2249 1173 2362 1238 κὼς
2392 1174 2463 1227 τὰ
2488 1174 2611 1228 τότε
2640 1175 2928 1245 γενόμενα,
2973 1176 3060 1227 ἐπ’
3107 1175 3292 1228 ἐκεῖνα
3333 1173 3488 1227 πάλιν
3521 1178 3777 1249 μεταφέρει

2247 1267 2338 1320 τὸν
2373 1265 2551 1333 λόγον,
2581 1266 2675 1318 καὶ
2701 1266 2964 1331 διδάσκει,
2997 1266 3145 1328 ὅπως
3183 1263 3260 1334 τῷ
3308 1266 3365 1316 ἐν
3409 1264 3637 1334 Βηθλεέμ
3678 1283 3779 1333 γεν-

2247 1356 2462 1426 νηθέντι
2495 1357 2690 1428 Κυρίῳ
2720 1358 3176 1421 πεπιστευκότες,
3210 1356 3337 1409 οἵτε
3376 1356 3505 1426 ἱεροὶ
3531 1349 3778 1410 ἀπόστολοι

2245 1450 2342 1502 καὶ
2369 1451 2418 1503 οἰ
2453 1449 2590 1520 μετά
2615 1448 2816 1503 τούτων
2840 1449 2910 1512 τ’,
2928 1449 3022 1502 τοῦ
3050 1448 3195 1501 θείου
3221 1447 3564 1518 κηρύγματος
3591 1465 3778 1519 προχειυ

2251 1543 2527 1614 ρισθέντες
2550 1542 2822 1608 διάκονοι,’
2845 1544 2954 1606 τοῖς
2980 1540 3324 1611 ἀλλογενέσιν
3346 1539 3514 1593 ἐθνεσι
3535 1540 3625 1609 τὴν
3645 1541 3779 1608 εὐαγ-

2245 1635 2470 1706 γελικὴν
2501 1635 2851 1690 διδασκαλίαν
2877 1635 3247 1706 προσοίσουσι.
3277 1633 3412 1702 Φησί
3441 1632 3495 1684 δὲ
3518 1631 3692 1695 οὕτως’

2314 1729 2382 1792 ζ’.
2428 1747 2446 1779 ι
2484 1729 2594 1780 Καὶ
2634 1727 2786 1781 ἔσται
2817 1727 2878 1780 τὺ
2909 1726 3223 1796 ὑπόλειμμα
3265 1723 3358 1778 τοῦ
3397 1723 3579 1776 Ἰακὼό
3607 1724 3658 1776 ἐν
3689 1725 3780 1786 τοίς

559 1809 612 1863 in
647 1808 829 1862 medio
853 1807 1177 1878 populorum
1203 1806 1522 1869 multorum,
1548 1803 1709 1874 quasi
1737 1816 1829 1858 ros
1857 1819 1887 1856 a
1909 1804 2140 1858 Domino

2251 1818 2462 1872 ἔθνεσιν
2483 1818 2530 1849 ⁸⁸
2565 1820 2624 1870 ἐν
2679 1817 2832 1887 μέσῳ
2859 1816 3005 1868 λαῶν
3035 1813 3272 1876 πολλῶν,
3324 1813 3399 1876 ώς
3443 1811 3619 1882 δρόσος
3658 1812 3780 1883 παρὰ

557 1897 789 1959 radens,
824 1908 879 1952 et
909 1895 1069 1966 quasi
1112 1896 1236 1965 agni
1265 1910 1432 1965 super
1456 1910 1706 1964 gramen,
1753 1903 1812 1948 ut
1855 1909 1964 1948 non
2005 1909 2145 1950 con-

555 1999 820 2059 gregetur
839 1987 1159 2058 quisquam,
1191 2001 1371 2056 neque
1405 1985 1684 2041 subsistat
1709 1987 1764 2040 in
1801 1985 1930 2042 filiis
1962 1985 2146 2042 homi-

554 2095 710 2138 num.
753 2097 773 2132 ι
821 2077 1088 2150 Reliquias
1134 2093 1271 2134 vero
1301 2077 1505 2147 ubique
1534 2087 1697 2132 vocat
1727 2092 1822 2134 eos
1863 2079 1957 2149 qui
2003 2080 2142 2134 salvi

554 2172 694 2229 facti
732 2178 884 2228 sunt.
921 2170 1015 2225 Sic
1045 2181 1100 2226 et
1132 2169 1264 2224 alibi
1293 2186 1310 2224 :
1343 2189 1361 2222 ι
1397 2170 1454 2224 Si
1488 2169 1668 2226 fuerit-
1696 2186 1962 2226 numerus
1995 2171 2138 2226 ﬁlio-

552 2279 678 2317 rum
731 2260 954 2318 lsraelis
990 2271 1050 2316 ut
1089 2276 1257 2316 arena
1304 2262 1509 2326 maris,
1555 2261 1801 2332 reliquiae
1841 2264 2142 2318 salvabun-

553 2363 645 2408 tur
665 2368 713 2408 κ.
765 2373 783 2407 ι
826 2353 1060 2410 Perinde
1123 2355 1314 2426 igitur,
1374 2355 1574 2426 inquit,
1624 2364 1683 2410 ut
1724 2370 1818 2411 ros
1879 2356 1948 2411 de
1999 2357 2142 2410 cosio

551 2447 841 2517 delapsus,
870 2446 907 2501 ii
943 2446 1036 2516 qui
1063 2446 1447 2512 crediderunt,
1487 2455 1542 2502 et
1570 2448 1958 2518 evangelicam
2005 2464 2142 2519 prae-

551 2539 886 2594 dicationem
917 2538 1178 2609 gentibus
1231 2539 1564 2604 attulerunt,
1621 2539 1810 2595 orbem
1865 2547 2138 2596 terrarum

550 2629 859 2700 irrigahunt
886 2647 902 2686 :
928 2637 984 2684 et
1008 2630 1478 2700 quemadmodum
1519 2630 1834 2686 esurientes
1867 2634 1992 2702 agni
2021 2647 2142 2703 gra-

550 2737 676 2776 men
705 2720 1036 2792 depascunt,
1068 2722 1151 2777 sic
1183 2720 1238 2775 hi
1269 2722 1536 2790 graminis
1571 2723 1753 2776 ins:ar
1799 2723 2048 2776 innatam
2084 2725 2138 2776 in

549 2813 775 2868 incultis
813 2813 1095 2868 mentibus
1127 2813 1466 2881 impietatem
1517 2813 1682 2868 facile
1719 2815 2033 2876 destruent,
2081 2823 2140 2868 ut

550 2918 662 2959 non
708 2904 950 2974 amplius
998 2904 1138 2959 tales
1189 2904 1473 2958 hominum
1534 2912 1712 2960 cmtus
1761 2905 2136 2960 inveniantur.

550 2995 694 3061 Quia
724 3009 858 3050 vero
881 2993 1167 3050 daemones
1187 2995 1526 3050 insanabiles
1547 3005 1996 3066 permanserunt,
2013 2995 2138 3065 jure

552 3085 800 3156 Spiritus
855 3094 1087 3141 sanctus
1142 3101 1268 3142 cum
1326 3090 1655 3158 exceptione
1722 3089 2132 3159 praedictionem

2247 1909 2454 1979 Κυρίου
2481 1908 2854 1962 ἐπιπίπτουσα
2877 1907 2945 1972 ⁸⁸,
2982 1906 3079 1960 καὶ
3115 1905 3190 1968 ὡς
3223 1905 3386 1974 ἄρνες
3411 1905 3495 1956 ἐπ’
3523 1904 3778 1974 ἄγρωστιν,

2245 1999 2394 2062 ὅπως
2442 1998 2518 2070 μὴ
2571 1997 2808 2069 συναχθῇ
2831 1998 2875 2031 ⁸³
2933 1998 3142 2069 μηδεὶς,
3179 1996 3319 2066 μηδέ
3357 1995 3558 2064 ύποστῇ
3588 1995 3640 2046 ἐν
3670 1993 3782 2055 υἱοῖς

2244 2090 2567 2161 ἀνθρώπων.
2608 2109 2626 2142 ι
2671 2091 3036 2160 ’Υπόλειμμα
3085 2088 3139 2141 δὲ
3171 2086 3444 2160 πανταχοῦ
3489 2087 3604 2148 τοὺς
3641 2102 3781 2138 σεσω-

2247 2184 2476 2254 σμένους
2511 2183 2683 2238 καλεῖ.
2720 2182 2878 2236 Οὕτω
2905 2181 3002 2235 καὶ
3029 2180 3268 2252 ἀλλαχοῦ
3288 2197 3302 2213 ·
3349 2199 3368 2231 ε
3415 2178 3536 2232 Ἐἀν
3630 2179 3655 2230 ὁ
3680 2178 3780 2248 ἀρι-

2245 2275 2382 2344 θμὸς
2411 2275 2520 2328 τῶν
2553 2275 2685 2328 υἰῶν
2725 2273 2944 2344 Ἰσραὴλ
2968 2272 3043 2336 ὼς
3087 2275 3120 2342 ἡ
3170 2271 3358 2343 ἄμμος
3395 2270 3492 2339 τῆς
3522 2268 3776 2338 θαλάσσης,

2243 2365 2304 2419 τὸ
2331 2366 2682 2435 κατάλειμμα
2718 2365 3045 2436 σωθήσεται.
3072 2381 3090 2414 ι
3127 2362 3289 2416 Οὖτω
3321 2361 3518 2423 τοίνυν,
3558 2356 3777 2431 φησίν,οί

2242 2458 2693 2522 πεπιστευκότες,
2731 2455 2825 2509 καὶ
2854 2456 2916 2508 τὸ
2955 2453 3314 2524 εύαγγελικὸν
3344 2454 3455 2515 τοῖς
3493 2451 3656 2504 ἔθνεσι
3688 2449 3779 2501 δια-

2243 2549 2645 2620 πορθμεύοντες
2677 2549 2966 2618 κήρυγμα,
2997 2547 3188 2618 δρόσου
3220 2546 3376 2616 δίκην
3409 2540 3680 2615 οὐρανόθεν
3706 2555 3778 2607 σε·

2244 2639 2480 2710 ρομένης
2527 2640 2626 2708 τὴν
2676 2639 3004 2709 οἰκουμένην
3049 2638 3405 2708 ἀρδεύσουσιο
3447 2634 3538 2689 καὶ
3567 2631 3777 2700 καθάπερ

2241 2729 2417 2800 ἄρνες.
2461 2729 2756 2792 πεινῶντες
2807 2729 3088 2783 δαπανῶσι
3139 2727 3237 2799 τὴν
3286 2728 3588 2798 ἄγρωστιν,
3641 2721 3779 2780 οὕτως

2241 2817 2384 2875 οὗτοι
2411 2820 2508 2891 τὴν
2535 2819 2865 2891 ἀγρώστεως
2889 2821 3047 2890 δίκην
3088 2821 3206 2883 ταῖς
3251 2815 3676 2888 κεχερσωμέναις
3699 2811 3779 2880 lib"

2241 2917 2362 2986 χαῖς
2391 2915 2740 2984 ἐμφυομένην
2784 2912 3040 2965 ἀσέϐειαν
3085 2910 3288 2982 ῥᾳδίως
3325 2905 3775 2964 καταναλώσουσιν,

2242 3007 2383 3060 ὥστε
2409 3007 2606 3077 μηκέτι
2634 3005 2874 3058 τοιοῦτον
2900 3004 2997 3057 ἀνθ
3008 3003 3204 3074 ρώπων
3227 3001 3485 3069 σύλλογον
3509 2996 3776 3070 εὑρεθῆναι.

2254 3098 2474 3168 Ἐπειδὴ
2504 3097 2614 3167 γὰρ
2644 3099 2692 3150 οἰ
2722 3097 2976 3167 δαίμονες
3004 3096 3283 3164 ἀνήκεστα
3309 3091 3584 3153 νοσοῦντες
3609 3088 3779 3156 διέμεια

553 3179 724 3233 fecit:
772 3196 791 3229 ι
847 3179 920 3234 Ut
972 3195 1082 3234 non
1140 3189 1506 3252 congregetur
1555 3182 1886 3252 quisquam,
1955 3197 2134 3254 neque

2241 3205 2358 3251 ναν,
2391 3159 2618 3250 εἰκότως
2645 3187 2705 3240 τὸ
2728 3159 2952 3255 Πνεῦμα
2978 3184 3039 3237 τὸ
3067 3159 3224 3252 δίγιον
3259 3182 3401 3254 μετὰ
3422 3173 3682 3251 διορισμοῦ
3701 3172 3776 3241 τὴν

551 3271 824 3327 subsistat
855 3273 910 3326 in
948 3272 1077 3327 ﬁliis
1116 3272 1422 3327 hominum.
1475 3290 1494 3324 ι
1549 3272 1762 3344 1504
1809 3271 1880 3327 Ut
1928 3274 2134 3340 nullus,

2241 3280 2546 3352 πρόρρησιν
2579 3279 2873 3350 ἐποιήσατο
2894 3293 2906 3306 ·
2941 3297 2958 3328 α
2991 3278 3181 3340 ’Ὀπως
3217 3279 3298 3346 μὴ
3333 3272 3566 3342 συναχθῇ
3602 3265 3777 3339 μηδεὶς,

552 3362 756 3432 inquit,
791 3361 860 3418 de
913 3369 1116 3418 czetero
1156 3376 1221 3415 ex
1271 3360 1458 3432 impiis
1497 3361 1819 3420 hominibus
1863 3363 2137 3419 conflatus

2241 3372 2373 3444 μηδέ
2399 3373 2605 3443 ύποστῇ
2629 3373 2687 3425 ἐν
2720 3373 2853 3434 υἱοῖς
2889 3360 3210 3441 ἀνθρώπων.
3239 3387 3258 3419 ι
3307 3367 3492 3428 Ὥστε,
3517 3361 3665 3432 φησὶ,
3701 3371 3781 3424 μη·

549 3463 730 3510 cretus
757 3455 1101 3510 inveniatur.
1136 3451 1202 3508 Et
1229 3455 1358 3523 quia
1389 3455 1505 3509 rori
1549 3463 1601 3511 et
1640 3456 1799 3527 agnis
1844 3471 1943 3512 eos
1984 3471 2138 3512 com-

2241 3463 2362 3517 δένα
2405 3463 2660 3530 σύλλογον
2699 3461 2760 3526 ἐξ
2791 3459 3006 3514 ἀσεὸῶν
3053 3456 3368 3529 ἀνθρώπων
3413 3446 3782 3518 συνειλεγμένον

552 3546 787 3617 paravit,
831 3557 886 3602 et
916 3563 1014 3618 per
1047 3549 1164 3602 haec
1223 3555 1560 3617 potestatem
1602 3548 1716 3603 illis
1740 3564 1771 3602 a
1811 3548 1924 3605 Deo
1949 3550 2134 3605 datam

2241 3553 2525 3625 εὑρεθῆναι
2567 3553 2775 3607 λοιπόν.
2832 3551 2943 3604 Καὶ
2993 3547 3182 3619 ἐπειδὴ
3237 3547 3418 3619 δρόσῳ
3467 3545 3557 3598 καὶ
3609 3536 3780 3608 ἀρνίοις

550 3653 660 3694 ηοη
711 3638 847 3694 satis
903 3637 1202 3708 expressit,
1265 3639 1432 3694 aliam
1478 3639 1649 3695 dictis
1709 3640 2134 3697 similitudinem

2241 3641 2435 3703 αὐτοὺς
2465 3640 2755 3706 ἀπείκασε,
2783 3639 2879 3707 τὴν
2917 3637 3210 3707 δεδομένην
3261 3637 3319 3690 δὲ
3361 3635 3544 3696 αὐτοῖς
3588 3629 3782 3693 δύναμιν

551 3727 766 3798 adjicit.
2238 3731 2343 3784 ὑπὸ
2371 3730 2466 3784 τοῦ
2487 3729 2625 3784 Θεοῦ
2665 3730 2753 3784 διὰ
2781 3729 2988 3782 τούτων
3015 3729 3117 3781 οὐκ
3159 3727 3531 3798 ἀποχρώντως
3564 3719 3782 3791 ἐδήλωσε,

2239 3822 2334 3877 καὶ
2366 3821 2535 3892 ἄλλην
2566 3824 2678 3885 τοῖς
2705 3820 3020 3892 εἰρημένοις
3054 3820 3239 3873 εἰκόνα
3269 3816 3608 3890 προστίθησι.

622 3927 787 3986 Vens.
818 3931 870 3987 8.
915 3947 935 3981 ι
968 3929 1032 3985 Et
1061 3938 1224 3987 erunt
1250 3931 1502 4003 reliquis:
1533 3931 1724 3990 Jacobi
1769 3934 1824 3990 in
1871 3937 2132 4007 gentibus

2307 3942 2378 4005 η’.
2433 3954 2452 3986 ‹
2485 3935 2596 3989 Καὶ
2630 3934 2785 3989 ἔσται
2832 3933 2894 3987 τὸ
2940 3931 3296 4002 κατάλειμμα
3319 3931 3368 3964 ⁸⁸
3401 3928 3494 3983 τοῦ
3545 3919 3719 3978 Ἱακὼδ

549 4026 607 4081 in
639 4024 821 4080 medio
879 4025 1212 4094 populorum
1273 4025 1600 4095 multorum,
1647 4027 1810 4098 quasi
1852 4005 1938 4084 leo
1989 4029 2135 4086 inter

2241 4027 2350 4088 τοῖς
2380 4024 2590 4078 ἔθνεσιν
2607 4025 2666 4076 ἐν
2693 4023 2844 4094 μέσῳ
2866 4021 3014 4076 λαῶν
3041 4021 3276 4086 πολλῶν,
3303 4020 3381 4084 ὡς
3403 4019 3543 4072 λέων
3563 4018 3618 4068 ἐν
3639 4011 3735 4071 τοῖς
3748 4005 3787 4035 ³⁵

545 4119 794 4188 jumenta
823 4118 878 4174 in
905 4118 1071 4184 saltu,
1101 4125 1156 4172 et
1183 4118 1344 4188 quasi
1375 4118 1596 4174 catulus
1643 4119 1821 4174 leonis
1855 4119 1910 4175 in
1946 4121 2133 4192 gregi-

2241 4116 2457 4187 κτήνεσι
2503 4113 2597 4168 τοῦ
2629 4113 2861 4186 δρυμοῦ,
2909 4113 3006 4166 καὶ
3050 4113 3129 4177 ὡς
3173 4111 3418 4183 σκύμνος
3451 4112 3508 4163 ἐν
3551 4100 3789 4174 ποιμνίοις

550 4212 654 4268 bus
688 4226 970 4282 pecorum,
1004 4210 1284 4281 quomodo
1311 4211 1358 4266 si
1388 4218 1770 4282 pertranseat,
1795 4219 1851 4266 et
1873 4213 2134 4272 dividens

2241 4206 2545 4277 προϐάτων,
2588 4205 2647 4260 ὃν
2689 4205 2892 4276 τρόπον
2937 4205 3066 4258 ὅταν
3116 4203 3335 4275 διέλθῃ,
3390 4203 3485 4256 καὶ
3516 4192 3790 4282 διαστείλας

550 4279 752 4376 rapiat,
784 4312 839 4358 et
891 4316 998 4357 non
1021 4279 1108 4357 sit
1153 4301 1249 4371 qui
1277 4279 1456 4358 eruat.
1495 4321 1513 4353 ι
1549 4301 1942 4372 Apostolorum
1985 4305 2131 4359 enim

2241 4298 2480 4370 αρπάσῃ,
2509 4296 2606 4350 καὶ
2643 4293 2776 4370 μὴῇ
2827 4297 2854 4348 ὁ
2890 4294 3281 4365 ἐξαιρούμενος
3307 4294 3376 4346 ⁸⁸.
3418 4310 3438 4343 ι
3482 4289 3558 4342 Τά
3591 4286 3679 4357 μὲν
3700 4279 3789 4350 γάρ

549 4393 814 4466 prooemia
845 4393 958 4448 rori
987 4393 1225 4448 stillanti
1267 4393 1476 4449 similia
1499 4403 1685 4462 erant,
1720 4403 1774 4449 et
1819 4396 1972 4451 velut
2003 4397 2129 4466 agni

2241 4390 2504 4462 προοίμια
2531 4388 2641 4441 τῶν
2679 4387 2838 4460 ἰερῶν
2881 4387 3199 4442 ἀποστόλων
3233 4387 3412 4456 δρόσῳ
3454 4382 3610 4453 ἐῴκει
3652 4390 3789 4445 φερο-

550 4484 849 4556 impietatis
879 4498 1107 4556 gramen
1142 4483 1519 4554 depascebant
1566 4483 1826 4540 doctrina
1857 4496 1913 4541 et
1959 4487 2130 4540 mira-

2241 4477 2397 4548 μένῃ,
2431 4478 2526 4530 καὶ
2555 4476 2631 4540 ώς
2659 4475 2822 4548 ἄρνες
2845 4476 2891 4509 ⁸⁸
2922 4477 2978 4530 δὲ
3005 4476 3103 4546 τὴν
3132 4475 3234 4545 τῆς
3259 4474 3520 4534 ἀσεσείας
3546 4472 3789 4575 ἀγρωστξν

548 4574 711 4635 culis.
739 4581 1004 4643 tanquam
1051 4573 1177 4644 agni
1214 4573 1270 4627 in
1313 4572 1496 4628 medio
1526 4573 1786 4643 luporum
1815 4583 2127 4640 versantes,

541 4661 696 4730 juxta
729 4661 944 4717 Domini
979 4661 1420 4733 praedictionem.
1462 4679 1480 4712 ι
1533 4663 1675 4718 Ecce
1703 4663 1852 4718 enim
1874 4702 1888 4729 ,
1925 4661 2126 4733 inquit,

550 4753 708 4809 mitto
741 4769 861 4815 vos,
900 4753 1049 4806 sicut
1086 4767 1219 4807 oves
1249 4752 1306 4806 in
1340 4751 1523 4807 medio
1554 4752 1813 4823 luporum
1837 4762 1889 4805 1.
1936 4771 1955 4807 ι
1995 4753 2128 4810 Post

550 4845 666 4899 haec
696 4859 846 4909 vero,
885 4857 1009 4898 cum
1041 4843 1197 4898 orbis
1253 4852 1412 4897 terra:
1462 4841 1879 4912 praedictionem
1931 4860 2128 4901 susce-

550 4935 744 5003 pisset,
776 4943 832 4988 ot
862 4933 1037 4987 duces
1061 4949 1128 4987 ac
1157 4947 1316 5004 reges
1362 4931 1628 4988 Ecclesiae
1661 4931 1894 5004 ascripti
1939 4945 2130 4992 essent

550 5025 826 5091 catalogo,
851 5021 1104 5077 veritatis
1127 5021 1318 5076 hostes
1347 5029 1526 5075 metus
1557 5019 1780 5075 invasit.
1819 5017 1886 5076 Et
1910 5021 1963 5076 hi
2007 5025 2131 5093 qui-

549 5113 1081 5182 dem,jumentorum
1101 5113 1312 5169 similes
1331 5111 1484 5176 facti,
1502 5119 1648 5168 metu
1663 5121 1717 5169 et
1736 5113 1965 5169 horrore
1986 5131 2133 5172 corn-

550 5205 789 5276 plentur,
817 5203 1023 5259 nullum
1061 5205 1170 5259 ulla
1203 5219 1271 5260 ex
1315 5212 1470 5276 parte
1496 5202 1805 5274 adjutorem
1836 5203 2127 5261 habentes.

623 5384 782 5438 llisa.
809 5400 862 5450 ι,
901 5381 1007 5449 22;
1040 5383 1167 5438 coll.
1212 5381 1366 5436 Rom.
1395 5398 1474 5447 Ix,
1499 5381 1590 5436 9.7.

1687 5391 1718 5432 γ
1752 5381 1941 5436 Matth.
1977 5397 2030 5448 ι,
2055 5382 2140 5441 16.

2236 4569 2518 4623 ἐδαπάνων
2562 4568 2884 4640 διδασκαλία
2941 4569 3035 4621 καί¹
3083 4567 3384 4638 θαύμασιν,
3435 4566 3512 4628 ὡς
3558 4561 3707 4632 ἄρνες
3743 4556 3790 4606 έν

2241 4658 2390 4728 μέσῳ
2448 4658 2629 4712 λύκων
2687 4659 3132 4730 πολιτευόμενοι,
3183 4659 3328 4713 κατὰ
3381 4659 3480 4729 τὴν
3517 4653 3790 4725 πρόρρησιν

2237 4747 2330 4801 τοῦ
2366 4751 2655 4804 Δεσπότου.
2695 4770 2712 4802 ι
2759 4751 2888 4804 Ἰδοὺ
2919 4752 3047 4820 γὰρ,
3083 4752 3271 4820 φησὶν,
3310 4747 3628 4804 ἀποστέλλω
3671 4738 3792 4809 ὑμᾶς

2237 4840 2312 4903 ὡς
2366 4840 2611 4910 πρόϐατα
2629 4840 2676 4872 ⁸⁷
2722 4842 2780 4894 ἐν
2835 4843 2984 4912 μέσῳ
3017 4841 3218 4896 λύκων.
3266 4861 3286 4894 ι
3345 4841 3504 4895 Μετά
3535 4838 3589 4890 δὲ
3619 4830 3786 4887 ταῦτα,

2236 4931 2537 5002 δεξαμένης
2568 4934 2665 5005 τῆς
2695 4934 3023 5004 οἰκουμένης
3057 4935 3118 4987 τὸ
3154 4936 3442 5004 κήρυγμα,
3485 4931 3576 4984 καὶ
3619 4935 3791 4994 στρατο

2238 5021 2389 5092 ηγῶν
2423 5023 2518 5076 καὶ
2547 5022 2814 5092 βασιλέων
2838 5024 2928 5077 τὸν
2965 5024 3064 5093 τῆς
3101 5024 3434 5095 Ἐκκλησίας
3473 5014 3793 5090 πληρούντων

2241 5113 2565 5184 κατάλογον,
2606 5118 2687 5178 εἰς
2715 5114 2845 5179 τοὺς
2884 5115 2985 5186 τῆς
3015 5114 3275 5186 ἀληθείας
3305 5113 3586 5173 ἐναντίους
3617 5099 3791 5178 μετέδη

2238 5207 2298 5258 τὸ
2331 5207 2477 5271 δέος·
2519 5209 2614 5260 καὶ
2654 5207 2703 5260 οἰ
2757 5209 2857 5279 μὲν
2899 5210 3153 5278 κτήνεσιν
3191 5207 3456 5270 ἐοικότες,
3485 5186 3792 5273 δειμαίνουσί

1827 5536 1859 5588 \'
1874 5534 2059 5592 ᾹῐυᾹΞ
2103 5536 2507 5596 LECTIO'NES.

628 5653 728 5730 ηρ
769 5655 1012 5730 τούτους.
1066 5655 1131 5730 ﬁ“
1171 5649 1443 5730 év__t._§9v.
1473 5649 1684 5730 [institi
1729 5652 1800 5730 Α..
1869 5650 1911 5680 ⁸¹
1948 5649 1992 5703 Α
2028 5668 2340 5730 πιπτουσαίᾷ
2370 5657 2450 5730 ⁸⁸³.
2480 5658 2521 5709 Λ
2560 5659 2915 5730 συναχθῆναι,
2965 5659 3100 5728 μηδέ
3138 5653 3238 5720 εἷς.

1218 5722 1262 5751 ⁸⁵
1297 5719 1467 5790 ὲξιιρ.
1494 5721 1553 5774 in
1581 5719 1621 5775 ϐ
1649 5723 1922 5788 sequitur,
1955 5736 2098 5778 vers.
2131 5725 2182 5781 9.

554 5717 604 5753 ⁸⁸
632 5726 766 5783 τοῖς.
803 5721 926 5778 Des.
961 5717 1014 5776 in
1056 5726 1116 5776 Α.

3331 5659 3381 5689 ⁸⁸
3407 5657 3449 5710 Α
3484 5650 3786 5719 ύπόλειμμεισ

2297 5725 2400 5777 ⁸⁸⁵0
2430 5727 2656 5796 ἀρνειοξ.
2699 5725 2905 5799 ηππρ.
2941 5725 2980 5783 C
3017 5725 3196 5797 ἄρνες.
