4088 6428
381 389 522 456 m3
1619 390 1698 448 IN
1732 381 2058 448 MICU:E:E
2098 391 2252 450 CAP.
2283 393 2384 453 VI.
3492 398 3630 464 1774

369 522 434 560 τε
471 505 566 560 καὶ
597 504 929 575 φρίττουσιν,
952 503 1141 558 οὐδένα
1170 501 1464 573 οὐδαμόθεν
1487 501 1779 573 ’ἐπίκουρον
1799 500 1947 571 ἕχον-

2074 501 2425 575 Evangelicm'
2464 507 2875 563 vcrodortrina:
2916 510 3185 579 magistri,
3223 512 3470 568 lconinos
3509 518 3632 571 ani-

371 615 498 661 τες·
541 598 591 649 οἱ
634 597 690 650 δὲ
742 595 848 648 τῶν
898 595 1270 664 εὐαγγελικῶν
1315 595 1591 664 ὑποφῆται
1641 592 1948 661 δογμάτων,

2074 609 2174 647 nos
2235 585 2529 663 gerentes,
2581 613 2705 650 cum
2771 615 2983 653 snnnna
3042 601 3293 656 libertate
3362 605 3629 661 mendacii

373 689 640 742 λεόντειον
699 686 1100 757 ἐνδεικνύμενοι
1151 686 1409 757 φρόνημα
1440 727 1454 749 ,
1518 686 1614 738 σὺν
1671 683 1954 755 παρρησία

2074 683 2374 740 lefensorcs
2441 688 2684 742 veritatis
2720 690 2886 742 verbo
2915 699 3254 760 expugnant.
3314 690 3504 760 Tunc,
3549 695 3637 749 in-

375 779 545 849 πολλῇ
593 777 673 847 τῷ
715 777 814 847 τῆς
849 775 1107 846 ἀληθείας
1150 775 1618 846 καταγωνίζονται
1655 774 1798 842 λόγῳ
1827 775 1953 835 τοὺς
2058 775 2176 843 quit
2207 793 2220 828 :

378 863 714 932 συνηγόρους
740 863 833 914 τοῦ
861 862 1108 931 ψεύδους.
1141 863 1298 926 Τότε,
1336 865 1523 933 φησὶν,

449 953 515 1006 ον.
549 972 568 1004 ι
614 951 987 1023 ’Υψωθήσεται
1024 955 1058 1022 ή
1105 953 1223 1022 χείρ
1256 938 1483 1006 causa).
1509 952 1636 1015 τὀὺς
1672 953 1954 1014 ολίεοντάς

2129 949 2299 1005 Vens.
2329 954 2385 1007 9.
2443 971 2461 1002 ι
2508 951 2824 1006 Elevabitnr
2875 970 3073 1011 manus
3127 971 3296 1025 super
3355 970 3476 1021 cos,
3535 957 3632 1023 qui

379 1063 464 1107 σε,
500 1045 596 1098 καὶ
629 1044 829 1108 πάντες
869 1045 919 1096 oi
965 1044 1152 1114 ἐχθροί
1192 1061 1287 1096 σου
1333 1044 1898 1116 ἐξολοθρευθήσονται.
1933 1065 1949 1095 ι

2074 1043 2324 1097 .ribulant
2347 1052 2420 1107 te,
2442 1050 2496 1097 et
2525 1058 2719 1098 omnes
2753 1044 2960 1098 inimici
2988 1048 3065 1100 tui
3099 1045 3422 1116 perdentur.
3460 1066 3478 1099 ι
3510 1045 3630 1101 Non

379 1134 586 1194 Οὐκέτι
608 1135 717 1205 γὰρ
766 1134 831 1186 σὺ
873 1136 1005 1205 παρ’
1036 1134 1264 1189 ἐκείνων
1310 1135 1593 1206 ἐξελαύνῃ,
1633 1136 1769 1190 ἀλλά
1795 1137 1858 1189 σὺ
1891 1136 1958 1190 τὰ

2074 1136 2296 1205 amplius
2331 1135 2476 1190 enim
2515 1136 2584 1190 ab
2616 1135 2728 1190 illis
2789 1137 3110 1206 cxpelleris,
3155 1137 3249 1193 sed
3299 1146 3358 1192 tu
3409 1139 3631 1192 illorum

381 1223 607 1279 ἐκείνων
641 1222 963 1287 καταλύσεις
992 1224 1215 1296 τεμένη.
1248 1228 1310 1278 Οί
1340 1226 1438 1295 μὲν
1473 1223 1566 1280 οὐν
1598 1227 1960 1279 πεπιστευκό-

379 1331 472 1376 τες
524 1313 618 1367 τοῦ
682 1313 916 1383 Ἰσραὴλ,
956 1315 1160 1384 ταύτης
1197 1315 1478 1379 τεύξονται
1522 1317 1622 1384 τῆς
1655 1317 1955 1387 δυνάμεως·

381 1405 432 1457 oi.
465 1403 523 1456 δὲ
559 1406 624 1474 τῇ
661 1403 889 1474 ἀπιστίᾳ
915 1405 1362 1474 προσμείναντες,
1400 1407 1500 1476 τῆς
1525 1408 1731 1470 οἰκείας
1765 1408 1961 1478 ἔρημοι

383 1495 814 1565 καταστήσονται
842 1495 1141 1565 βασιλείας,
1180 1499 1276 1550 καὶ
1321 1496 1444 1550 οὐτε
1480 1498 1703 1552 ἱππικὸν
1727 1499 1960 1564 ἕξουσιν,

381 1584 510 1636 οὕτε
553 1585 716 1650 πεζὸν
758 1584 1118 1658 στρατιώτην,
1152 1585 1277 1640 οὔτε
1323 1588 1509 1652 πόλεις
1550 1589 1786 1659 τείχεσιν
1818 1589 1964 1660 ’ὠχυ-

385 1675 659 1746 ρωμένας.
705 1675 1008 1736 Ἀλλά,καὶ
1054 1677 1248 1738 ταῦτα,
1294 1678 1448 1748 φησὶ,
1497 1679 1634 1749 πρὸς
1669 1679 1831 1732 καλόν
1881 1697 1962 1732 σοι

2064 1227 2268 1298 templa
2305 1226 2650 1282 demolieris.
2697 1227 2801 1294 Qui
2841 1243 2973 1298 ergo
3007 1245 3074 1282 ex
3124 1229 3332 1284 lsracle
3380 1229 3634 1284 credide-

2067 1319 2194 1381 rint,
2238 1319 2342 1373 hoc
2399 1320 2571 1374 robur
2610 1319 2780 1372 animi
2826 1319 3232 1389 adipiscentur.
3283 1319 3496 1392 [10-12]
3529 1321 3635 1387 Qui

2065 1416 2249 1464 autem
2279 1409 2333 1462 in
2365 1410 2751 1464 incredulitate
2777 1408 2986 1479 1505
3011 1409 3438 1478 permanserint,
3469 1425 3638 1478 regno

2066 1516 2169 1556 suo
2201 1501 2592 1573 privabuntur,
2621 1509 2674 1556 et
2696 1515 2877 1570 neque
2906 1501 3208 1569 pedestres,
3258 1515 3436 1570 neque
3474 1516 3643 1570 eque-

2067 1600 2213 1662 stres
2237 1594 2425 1662 copias
2454 1593 2755 1656 habebunt,
2789 1607 2968 1662 neque
3006 1593 3172 1647 nrbes
3205 1591 3482 1647 mmnibus
3521 1608 3642 1644 mn-

2067 1683 2234 1738 nitas.
2275 1683 2380 1737 Sed
2410 1691 2464 1737 ct
2501 1683 2637 1746 hac,
2682 1682 2885 1752 inquit,
2931 1682 3033 1736 tibi
3073 1682 3218 1736 bono
3244 1689 3428 1736 erunt.
3473 1699 3492 1732 ι
3530 1682 3646 1734 Au-

383 1767 694 1837 γενήσεται.
733 1783 752 1817 ι
786 1766 1250 1838 Ἐξολοθρεύσω⁸⁸
1288 1769 1432 1840 γὰρ,
1484 1770 1652 1839 φησὶ,
1703 1775 1773 1825 τὰ
1826 1772 1966 1842 φάρ-

2074 1773 2241 1829 feram
2300 1775 2467 1840 enim,
2529 1775 2729 1844 inquit,
2792 1773 3060 1828 maleficia
3110 1782 3203 1826 tua
3261 1773 3330 1828 de
3383 1772 3642 1826 manibus

376 1857 544 1932 μακά
577 1874 669 1910 σου
701 1860 766 1912 ἐκ
793 1859 902 1912 τῶν
936 1857 1140 1930 χειρῶν
1168 1875 1262 1912 σου
1285 1877 1327 1924 ,ι
1351 1860 1445 1912 καὶ
1489 1861 1963 1933 ἀποφθεγγόμενοι

2074 1868 2178 1924 tuis
2205 1888 2216 1923 :
2251 1876 2306 1923 et
2343 1867 2434 1938 qui
2463 1867 2765 1936 loquuntur
2788 1880 2898 1920 non
2930 1871 3103 1920 erunt
3139 1864 3194 1918 in
3235 1853 3320 1919 te.
3349 1882 3368 1914 ι
3401 1861 3646 1934 Loquen-

386 1944 488 1995 οὐκ
514 1942 729 1998 ἔσονται
763 1946 820 1999 ἐν
846 1946 891 1978 θ’
926 1945 1029 1999 σοί.
1065 1965 1085 1998 ι
1137 1948 1721 2020 ’Δποφθεγγυμένους
1757 1951 1814 2004 δέ
1839 1952 1966 2018 τούς

389 2036 614 2106 μάντεις
637 2037 814 2091 καλεῖ.

463 2134 642 2196 ιγ’-ιε’.
685 2147 704 2180 ι
744 2129 856 2182 Καὶ
907 2129 1280 2202 ἐξολοθρεύσω
1345 2133 1414 2187 τά
1457 2132 1674 2203 γλυπτά
1724 2151 1818 2188 σου
1873 2138 1969 2190 καὶ

387 2218 488 2282 τὰς
513 2220 715 2291 στήλας
746 2238 840 2275 σου
870 2223 935 2276 ἐκ
973 2225 1140 2294 μέσου
1185 2241 1280 2277 σου
1302 2265 1317 2291 ,
1367 2226 1465 2279 καὶ
1510 2227 1696 2282 οὐκέτι
1723 2230 1785 2280 οὐ
1808 2230 1854 2262 9°
1892 2230 1967 2300 μὴ

388 2312 789 2382 προσκυνήσεις
814 2315 925 2378 τοῖς
952 2313 1134 2385 ἐργοις
1171 2315 1279 2368 τῶν
1320 2317 1520 2388 χειρῶν
1555 2335 1670 2372 σου.
1719 2319 1830 2373 Καὶ
1873 2322 1966 2372 ἐκ-

387 2403 541 2472 κόψω
564 2403 632 2458 τὰ
658 2404 797 2475 ἄλση
827 2407 891 2458 ἐκ
924 2407 1089 2476 μέσου
1121 2425 1237 2474 σου,
1286 2411 1381 2462 καὶ
1415 2411 1692 2479 άφανιῶ⁹¹
1729 2414 1830 2475 τὰς
1869 2412 1968 2466 πό·-

349 2545 352 2548 .
387 2494 504 2558 λεις
534 2511 649 2547 σου.
679 2498 789 2549 Καὶ
823 2498 1034 2568 ποιήσω
1065 2501 1123 2552 ἐν
1156 2499 1294 2571 ὀργῇ
1338 2501 1432 2553 καὶ
1465 2502 1523 2554 ἐν
1552 2501 1706 2572 θυμῷ
1751 2504 1969 2576 ἐκδίκη-

333 2608 336 2610 ν
391 2600 478 2637 σιν
508 2585 567 2637 ἐν
589 2588 702 2649 τοῖς
731 2585 962 2652 ἔθνεσιν,
989 2588 1106 2642 ἀνθ’
1135 2583 1211 2643 ὧν
1237 2591 1336 2644 οὐκ
1362 2593 1686 2662 εἰσήκουσαν
1711 2595 1780 2648 ’³.
1808 2615 1824 2646 ι
1859 2598 1968 2649 Καὶ

387 2677 560 2731 ταῦτα
594 2678 652 2731 δὲ
682 2679 770 2732 διὰ
816 2679 925 2732 τῶν
972 2683 1314 2752 πραγμάτων
1362 2684 1705 2754 καταμαθεῖν
1763 2688 1964 2759 ῥᾴδιον.

389 2769 544 2823 Μετά
569 2769 677 2841 γὰρ
701 2772 802 2842 τὴν
831 2771 925 2824 τοῦ
952 2771 1086 2825 Θεοῦ
1116 2774 1210 2826 καὶ
1234 2774 1490 2845 Σωτῆρος
1515 2775 1674 2848 ήμῶν
1699 2778 1968 2851 ἐνανθρώ-

391 2877 580 2932 πησιν,
610 2862 843 2931 ὁρῶντες
885 2865 1127 2918 Ἰουδαῖοι
1171 2864 1281 2918 τῶν
1319 2865 1490 2920 ἐθνῶν
1523 2869 1622 2938 τὴν
1659 2869 1963 2935 εὐσέϐειαν,

391 2953 489 3006 καὶ
512 2953 610 3024 τὴν
641 2953 744 3023 τῆς
791 2954 1000 3025 πλάνης
1049 2956 1390 3028 ἀπαλλαγὴν,
1424 2956 1648 3022 ἄκοντες
1677 2961 1771 3012 καὶ
1814 2962 1970 3016 αὐτοὶ

389 3045 492 3114 τῆς
507 3047 613 3098 τῶν
630 3045 862 3100 είδὼλων
885 3047 1280 3119 ἀπηλλάγησαν
1301 3050 1624 3121 θεραπείας.
1642 3053 1698 3104 Ἐ
1708 3053 1968 3126 ρυθριῶσι

390 3135 500 3208 γάρ
528 3136 823 3208 προφανῶς
852 3138 1089 3206 ἀσεϐεῖν,
1133 3143 1262 3203 τοὺς
1292 3141 1396 3206 ἐξω
1433 3145 1598 3213 νόμου
1629 3145 1968 3217 σωφρονοῦν-

389 3243 494 3290 τας
521 3228 772 3298 ὁρῶντες.
800 3228 1160 3299 Προθεσπίζει
1190 3231 1367 3286 τοίνυν
1395 3234 1597 3299 αὐτοῖς,
1626 3234 1703 3298 ὡς
1737 3237 1833 3289 καὶ
1857 3238 1965 3290 τῶν

393 3317 603 3372 πόλεων
629 3320 736 3372 τῶν
759 3321 978 3374 οἰκείων
1014 3321 1454 3391 ἐξελαθησονται,
1495 3326 1589 3377 καὶ
1625 3327 1704 3389 είς
1732 3327 1801 3378 τὰ
1835 3327 1965 3399 ἔθνη

391 3409 802 3483 διασπαρέντες,
843 3413 942 3483 τῆς
983 3415 1110 3484 περὶ
1145 3413 1212 3467 τά
1247 3414 1443 3467 εἴδωλα
1479 3415 1680 3486 πλάνης
1717 3416 1967 3471 ἀπαλλα-

392 3503 674 3573 γήσονται.
723 3501 940 3573 Ταύτην
993 3505 1115 3557 κατ’
1164 3506 1362 3569 αὐτοὺς
1414 3507 1460 3538 ’³
1516 3505 1816 3575 ἐξενεγκὼν
1864 3511 1966 3580 τὴν

393 3593 691 3661 ἀπόφασιν,
739 3594 862 3663 ἄγει
907 3595 1070 3649 πάλιν
1098 3597 1295 3659 αὐτοὺς
1336 3599 1416 3661 είς
1465 3598 1744 3670 κριτήριον
1768 3599 1836 3667 ’⁸,
1875 3602 1968 3654 καὶ

391 3686 507 3747 τοῖς
552 3684 780 3755 ἀψύχοις
823 3685 1006 3756 ὄρεσιν
1046 3687 1333 3759 ἐπιτρέπει
1363 3689 1460 3760 τήν
1490 3689 1700 3760 κρίσιν·
1748 3693 1849 3762 οὐχ
1892 3693 1969 3757 ὡς

393 3774 612 3846 ἔμψυχα
665 3776 867 3842 καλῶν,
918 3777 1038 3830 οὐδέ
1083 3779 1159 3842 ὡς
1197 3779 1334 3849 πρὸς
1377 3780 1571 3848 λογικά
1603 3782 1729 3845 τούς
1773 3783 1970 3851 λόγους

393 3867 754 3937 ποιούμενος·
786 3867 902 3922 ἀλλ’
934 3869 1119 3940 ἐπειδὴ
1147 3871 1216 3924 τά
1246 3871 1369 3942 ὅρη,
1405 3874 1500 3927 καὶ
1533 3875 1588 3927 αἱ
1619 3874 1820 3944 μεταξύ
1846 3877 1970 3929 τού-

391 3976 502 4012 των
543 3960 711 4014 νάπαι
749 3960 842 4014 καὶ
882 3960 1187 4032 φάραγγες,
1231 3964 1361 4016 ποτὲ
1411 3964 1514 4034 μὲν
1554 3966 1802 4032 ἐδέξαντο
1842 3968 1970 4030 τοὺς

405 4052 704 4123 Ἀσσυρίων
753 4055 998 4124 νεκροὺς,
1047 4054 1135 4110 διά
1175 4056 1278 4126 τῆς
1325 4056 1624 4127 ἀγγελικῆς
1679 4060 1967 4130 ἐνεργείας

393 4143 816 4215 ἀναιρεθέντας,
862 4145 994 4199 ποτὲ
1025 4145 1082 4198 δὲ
1129 4146 1238 4200 τῶν
1273 4147 1553 4202 Σκυθικῶν
1587 4149 1756 4202 ἐθνῶν
1778 4151 1824 4183 ⁸⁵
1868 4150 1970 4215 τὰς

399 4235 598 4307 μυρίας
620 4238 857 4304 σφαγάς·
881 4237 968 4290 διὰ
992 4237 1099 4291 τῶν
1122 4238 1284 4308 ὀρῶν,
1303 4240 1398 4293 καὶ
1420 4238 1644 4309 βουνῶν,
1665 4241 1759 4294 καί¹
1785 4240 1970 4296 κοιλά-

393 4327 519 4393 δων,
551 4328 660 4383 τῶν
686 4331 744 4382 ἐν
779 4329 989 4393 τούτοις
1023 4330 1405 4400 γεγενημένων
1428 4331 1852 4403 ἀναμιμνήσκει.

899 4419 1295 4474 ΚΕΦΔΛΑΙΟΝ
1349 4421 1438 4488 q'.

467 4513 534 4561 a'.
574 4525 593 4560 ‹
623 4509 918 4563 Ἀκούσατε
950 4508 1014 4579 δὴ
1045 4508 1082 4562 δι
1106 4505 1225 4563 εἷπε
1256 4509 1492 4581 Κύριος·
1524 4512 1840 4583 Ἀνάστηθι,
1874 4515 1968 4567 καὶ

397 4599 620 4670 κρίθητι
646 4599 781 4671 πρὸς
819 4600 891 4653 τὰ
934 4600 1058 4670 ὅρη,
1096 4601 1188 4654 καὶ
1224 4603 1615 4658 ἀκουσάτωσαν
1644 4603 1823 4674 βουνοὶ
1853 4622 1969 4674 φω-

397 4691 498 4761 νήν
538 4707 653 4745 σου.
693 4711 712 4742 ι
745 4690 1076 4761 Ἀπόσλεψον
1109 4693 1189 4756 είς
1212 4692 1283 4745 τὰ
1323 4692 1446 4765 ὅρη,
1482 4694 1550 4748 τὰ
1587 4695 1674 4748 διὰ
1698 4697 1796 4766 τῆς
1829 4697 1973 4767 ἐμῆς

398 4783 720 4854 ἐπικουρίας
759 4781 987 4855 νεκροὺς
1028 4785 1154 4847 τούς
1185 4784 1312 4846 σοὺς
1349 4782 1642 4852 πολεμίους
1680 4784 1972 4856 δεξάμενα,

399 4875 493 4927 καὶ
517 4876 638 4927 εἰπὲ
671 4873 808 4944 μετά
838 4873 1171 4944 παρρησίας,
1211 4875 1367 4945 εῐπερ
1393 4873 1481 4946 ἄρ’
1506 4873 1572 4928 ἂν
1602 4874 1848 4942 δύνασαι,
1879 4877 1975 4930 καὶ

405 4965 478 5036 μὴ
502 4965 788 5037 ἐμφράττῃ
821 4983 914 5018 σου
941 4966 1003 5018 τὸ
1033 4965 1209 5034 στόμα
1237 4966 1337 5034 τῆς
1365 4965 1687 5038 εὐεργεσίας
1721 4968 1782 5022 τὸ
1811 4969 1974 5040 μέγε-

401 5055 520 5119 θο;’
563 5056 840 5128 τοιγάρτοι
881 5056 976 5109 σοῦ
1017 5057 1175 5110 τοῦτο
1214 5059 1388 5110 ποιεῖν
1413 5057 1474 5110 οὐ
1509 5059 1833 5127 δυναμένου,
1862 5059 1974 5128 ἐγὼ

401 5148 700 5218 ποιήσομαι
727 5146 824 5217 τὴν
858 5145 1113 5210 διάλεξιν.

472 5237 538 5307 β’.
572 5258 591 5289 ι
624 5237 942 5302 Ἀκούσατε,
979 5236 1158 5304 βουνοί
1175 5237 1244 5302 ’⁸,
1278 5236 1376 5305 τὴν
1403 5238 1584 5307 κρίσιν
1613 5239 1706 5290 τοῦ
1742 5239 1970 5310 Κυρίου,

402 5330 496 5382 καὶ
539 5331 595 5383 αἱ
647 5331 951 5400 φάραγγες,
985 5327 1212 5398 θεμέλια
1249 5328 1350 5396 τῆς
1393 5329 1517 5396 γῆς,
1550 5331 1632 5382 ὄτι
1675 5328 1856 5400 κρίσις
1899 5329 1978 5401 τῷ

402 5419 590 5491 Κυρίῳ
630 5421 768 5490 πρὸς
798 5418 891 5472 τὸν
929 5417 1057 5471 λαὸν
1095 5416 1285 5485 αὐτοῦ,
1319 5417 1413 5470 καὶ
1445 5416 1587 5487 μετά
1628 5417 1722 5471 τοῦ
1753 5419 1974 5491 Ἰσραὴλ

2073 1972 2146 2016 (es
2178 1969 2344 2016 vocat:
2363 1959 2724 2015 divinatores.

2141 2135 2306 2191 Vens.
2351 2134 2539 2190 13-15.
2593 2151 2612 2186 ‹
2651 2132 2718 2188 Et
2758 2131 3070 2204 dispergam
3115 2131 3399 2201 sculptilia
3457 2139 3550 2188 tua
3588 2141 3643 2189 et

2072 2242 2286 2288 statuas
2321 2239 2447 2285 tuas
2473 2229 2541 2284 de
2559 2226 2738 2282 medio
2766 2225 2868 2291 tui,
2890 2232 2948 2281 et
2975 2239 3084 2279 non
3116 2224 3352 2294 amplius
3384 2224 3644 2279 adorabis

2071 2333 2240 2388 opera
2273 2318 2561 2389 {manuum
2605 2323 2850 2368 tuarum.
2905 2313 2973 2367 Et
3023 2312 3304 2368 succidam
3353 2313 3512 2368 lucos
3578 2314 3646 2368 de

2071 2410 2254 2465 medio
2285 2407 2388 2474 tui,
2421 2414 2476 2462 et
2506 2405 2777 2462 demoliar
2802 2404 3056 2460 civitates
3084 2412 3230 2459 tuas.
3270 2403 3334 2458 Et
3360 2404 3557 2458 faciam
3589 2406 3643 2458 in

2072 2500 2152 2554 ira
2187 2507 2241 2555 et
2265 2500 2319 2554 in
2344 2498 2534 2554 furore
2559 2497 2825 2550 ultionem
2852 2496 2905 2550 in
2946 2495 3225 2565 gentibus,
3255 2510 3357 2564 pro
3388 2510 3452 2549 eo
3495 2495 3644 2564 quod

2072 2608 2180 2648 non
2205 2573 2521 2646 audierunt.
2574 2609 2592 2641 ι
2634 2587 2762 2642 Haec
2795 2597 2976 2641 autem
3013 2602 3076 2639 ex
3107 2586 3244 2656 ipsis
3273 2587 3438 2640 rebus
3473 2587 3644 2639 inleI-

2072 2685 2170 2755 Iigi
2212 2683 2373 2737 facile
2424 2689 2680 2751 possunt.
2730 2679 2864 2732 Nam
2907 2685 3031 2746 post
3095 2675 3187 2729 Dei
3240 2684 3293 2730 et
3339 2676 3649 2730 Salvatoris

2071 2777 2248 2831 nostri
2278 2773 2738 2832 incarnationem.
2762 2768 2935 2823 Judaei
2957 2783 3082 2822 cum
3111 2769 3352 2837 gentium
3382 2768 3645 2836 pietatem

2070 2868 2344 2931 viderent,
2389 2872 2444 2920 et
2492 2865 2559 2919 ab
2603 2877 2797 2917 errore
2839 2861 3243 2923 liberationem,
3279 2859 3434 2912 inviti
3480 2858 3644 2910 etiam

2073 2957 2176 3026 ipsi
2218 2972 2248 3010 a
2300 2955 2452 3010 cultu
2504 2954 2780 3007 idolorum
2843 2957 3215 3004 recesserunt.
3278 2946 3454 3002 Pudet
3501 2947 3644 3001 enim

2075 3049 2200 3101 illos
2247 3046 2588 3115 impietatem
2639 3044 2822 3113 palam
2885 3041 3065 3111 sequi,
3115 3055 3240 3094 cum
3305 3054 3500 3109 sapere
3551 3053 3647 3092 eos

2077 3137 2264 3191 vident
2298 3136 2392 3206 qui
2443 3140 2574 3189 sunt
2608 3139 2761 3186 extra
2809 3131 3005 3199 legem.
3044 3128 3300 3183 Prasdicit
3335 3127 3519 3197 itaque
3567 3129 3648 3182 eis

2077 3228 2196 3283 fore
2255 3237 2312 3281 ut
2351 3225 2588 3280 urbibus
2629 3222 2747 3278 suis
2795 3219 3164 3289 expelluntur,
3207 3227 3263 3272 et
3330 3217 3388 3272 in
3457 3227 3649 3288 gentes

2075 3316 2313 3388 dispersi
2347 3317 2416 3371 ab
2441 3315 2718 3369 idolorum
2747 3326 2934 3367 errore
2981 3310 3307 3364 liberentur.
3343 3307 3646 3378 Postquam

2075 3411 2128 3464 in
2169 3424 2264 3464 eos
2303 3407 2447 3461 hanc
2475 3406 2597 3460 tulit
2626 3403 2983 3465 sententiam,
3013 3415 3214 3454 rursus
3262 3414 3359 3453 eos
3389 3400 3443 3453 in
3493 3399 3644 3468 judi-

2073 3501 2221 3557 cium
2255 3505 2436 3563 vocat,
2474 3504 2528 3551 et
2554 3493 2840 3550 montibus
2883 3491 3144 3547 inanimis
3192 3489 3464 3560 permittit
3500 3490 3649 3558 judi-

2075 3591 2236 3647 candi
2292 3595 2665 3660 potestatem:
2718 3600 2834 3639 non
2867 3592 2928 3638 ut
2986 3582 3261 3636 animatos
3317 3582 3643 3652 appellas,

2075 3697 2252 3752 neque
2288 3689 2347 3736 ut
2401 3679 2468 3734 ad
2525 3677 2761 3732 rationis
2819 3673 3122 3744 participes
3180 3673 3347 3727 verba
3400 3671 3645 3727 faciens:

2077 3775 2173 3830 sed
2207 3773 2338 3844 quia
2373 3779 2609 3835 urentes,
2646 3776 2701 3823 et
2732 3767 2876 3822 inter
2927 3767 3030 3820 hos
3061 3764 3226 3834 positi
3278 3764 3454 3818 saltus
3487 3772 3650 3833 atque

2076 3867 2270 3931 valles,
2313 3864 2479 3919 modo
2532 3863 2884 3932 Assyriorum
2945 3857 3215 3912 cadavera
3284 3867 3646 3926 exceperunt,

2076 3959 2326 4029 angelica
2374 3968 2542 4025 opera
2585 3939 3029 4013 interfectorum,
3063 3948 3228 4002 modo
3262 3946 3480 4016 1506
3515 3945 3652 4016 Scy-

2075 4050 2349 4102 thicarum
2389 4045 2634 4115 gentium
2678 4043 3000 4096 innumeras
3039 4039 3240 4102 cedes;
3273 4053 3369 4106 per
3408 4046 3648 4102 montes,

2076 4139 2248 4195 colles
2269 4149 2324 4192 et
2355 4136 2546 4202 valles,
2580 4148 2776 4190 eorum
2808 4145 2932 4202 quae
2972 4129 3028 4184 in
3057 4128 3142 4183 bis
3176 4137 3328 4200 gesta
3369 4135 3500 4183 sunt
3532 4143 3652 4184 me-

2077 4232 2306 4288 moriam
2335 4231 2584 4283 renovat.

2684 4417 2916 4475 CAPUT
2961 4417 3046 4472 Vl.

2147 4517 2312 4572 Vsus.
2331 4515 2379 4567 l.
2405 4533 2422 4564 ι
2436 4511 2636 4566 Audite
2653 4526 2776 4580 quae
2796 4509 3058 4564 Dominus
3077 4507 3294 4562 locutus
3312 4514 3396 4563 est
3413 4526 3424 4562 :
3449 4505 3649 4578 Surge,

2079 4619 2134 4666 et
2156 4609 2413 4678 judicare
2444 4603 2590 4676 apud
2627 4610 2863 4665 montes,
2901 4610 2956 4656 et
2987 4599 3213 4654 audiant
3249 4599 3419 4654 colles
3453 4613 3646 4654 vocem

2082 4711 2256 4756 tuam.
2296 4716 2314 4749 ι
2347 4695 2404 4751 In
2427 4703 2648 4750 montes
2679 4693 2894 4762 conjice
2925 4692 3139 4755 oculos,
3162 4691 3255 4761 qui
3286 4705 3410 4746 meo
3447 4689 3653 4743 auxilio

2083 4792 2328 4846 hostium
2359 4795 2579 4842 tuorum
2620 4783 2896 4838 cadavera
2933 4790 3298 4853 susceperunt
3325 4782 3376 4836 τ’
3405 4789 3457 4836 et
3483 4781 3655 4835 libere

2083 4883 2326 4952 loquere,
2364 4878 2411 4933 si
2449 4877 2672 4948 quidem
2701 4883 2879 4946 potes,
2912 4889 3092 4944 neque
3113 4889 3176 4929 os
3211 4883 3364 4928 tuum
3397 4871 3653 4928 beneficii

2081 4975 2336 5028 obstruat
2359 4967 2702 5041 magnitudo.
2732 4967 2934 5022 Verum
2963 4967 3224 5036 quoniam
3255 4966 3361 5022 hoc
3389 4974 3656 5036 pratstaro

2084 5081 2193 5119 non
2225 5073 2402 5134 potes,
2433 5077 2535 5132 ego
2566 5073 2876 5115 sermonem
2911 5058 3239 5130 suscipiam.

2157 5236 2324 5291 Vens.
2356 5236 2412 5289 2.
2462 5253 2480 5284 ι
2519 5231 2743 5294 Audite,
2771 5231 2963 5293 colles.
2988 5229 3257 5301 judicium
3304 5228 3547 5295 Domini,
3601 5237 3658 5284 et

2087 5329 2278 5391 valles,
2307 5325 2662 5379 fundamenta
2693 5330 2894 5377 terrae:
2938 5321 3070 5390 quia
3115 5320 3388 5390 judicium
3427 5330 3512 5376 est
3544 5317 3652 5374 Do-

2087 5420 2239 5473 mino
2265 5416 2533 5471 adversus
2568 5414 2831 5484 populum
2867 5428 3053 5477 suum,
3084 5421 3292 5467 etcum
3340 5411 3542 5467 lsraele
3565 5409 3660 5480 ju-

1677 5596 1914 5652 VARIE
1967 5596 2371 5653 LECTIONES.

473 5720 522 5753 ⁸⁸
551 5720 593 5776 Λ
617 5721 814 5789 ἒξαρῶ.
891 5721 935 5754 ³³
966 5721 1042 5776 ὲν.
1083 5719 1209 5776 Des.
1246 5719 1299 5775 in
1332 5718 1368 5772 Α

414 5790 454 5845 C
483 5787 770 5851 emuniri.
846 5793 889 5824 ⁸⁸
925 5791 1036 5846 ἐθν.
1074 5794 1195 5847 Des.
1238 5792 1288 5845 in
1323 5789 1386 5844 C.
1461 5788 1665 5857 θ’βουν.
1709 5787 1748 5841 Α
1783 5789 1904 5858 ὅρη.

1475 5718 1519 5750 ’θ
1554 5717 1638 5772 οὐ.
1680 5715 1803 5771 Des.
1839 5717 1974 5774 ibid.
2052 5720 2089 5752 "
2127 5721 2171 5774 Α
2203 5715 2465 5786 ἀφανίσω.
2547 5714 2590 5745 ⁹²
2627 5713 2671 5766 Α
2703 5713 2958 5782 ἥκουσαν.

3062 5705 3106 5739 ’³
3133 5705 3171 5759 (3
3206 5695 3404 5757 αὐτῶν.
3475 5695 3523 5727 ⁸³
3553 5714 3643 5768 Ἀρ.
