4088 6396
543 328 675 392 1⁷75

1495 329 1980 388 TIIEODORETI
2021 327 2359 389 EPISCOPI
2402 329 2765 389 CYREXSIS

3623 348 3734 413 1776

537 445 834 500 dicabitur.
889 462 906 494 ι
954 441 1087 498 Nam
1128 443 1258 514 quia
1309 441 1824 527 rationis'capaccs
1882 445 2103 501 rationis

2217 447 2683 518 διελεγχοησεται.
2720 469 2737 499 ›
2777 450 2994 521 Ἐπειδὴ
3020 450 3124 524 γὰρ
3149 453 3350 523 λογικοὶ
3383 458 3522 524 ὄντες
3551 464 3738 536 ἀλογίαν

540 537 725 607 inopia
747 536 1023 599 laborant,
1054 535 1333 589 lnanimos
1368 535 1637 589 adversus
1672 536 1884 591 ratione
1919 538 2116 607 praedi-

539 639 624 684 tos
661 627 885 698 judices
906 627 1074 680 dabo.

613 719 777 774 Vsus.
807 720 858 773 3.
902 735 920 769 ι
962 716 1168 787 P0pule
1201 718 1300 780 mi,
1325 717 1458 786 quid
1496 716 1597 772 feci
1631 717 1772 773 tibi?
1803 729 1898 774 aut
1922 738 2029 792 qua
2059 723 2115 777 in

534 829 594 868 re
627 813 856 867 tristitia
891 811 1046 865 alfeci
1081 811 1180 866 te?
1214 820 1311 866 aut
1337 812 1392 865 in
1425 826 1536 881 quo
1571 812 1838 869 molestus
1866 813 1940 870 fui
1974 816 2118 870 tibi?

535 903 811 974 responde
868 903 1026 957 mihi.
1072 922 1090 954 ι
1148 901 1574 958 Inimicitiarum
1635 921 1865 962 causam
1928 905 2112 962 aﬂ'er:

534 1000 822 1068 rcdargue,
854 997 900 1051 si
941 1011 1050 1066 qua
1079 997 1333 1052 molestia
1367 1012 1396 1051 a
1423 1014 1510 1053 me
1547 999 1779 1055 allectus
1821 998 2014 1054 fueris.
2050 998 2115 1052 Et

530 1091 660 1160 quia
689 1105 814 1146 eum
854 1090 1021 1144 silere
1045 1103 1275 1144 necesse
1299 1098 1441 1155 erat,
1469 1092 1565 1161 qui
1599 1091 1748 1161 quod
1775 1091 1983 1146 diceret
2007 1107 2114 1146 non

532 1183 787 1247 habebat,
837 1181 1042 1237 merito
1097 1181 1352 1236 addidit:
1396 1202 1414 1233 ι
1459 1181 1755 1254 Responde
1790 1183 1926 1240 mihi
1965 1201 1978 1238 :
2016 1204 2034 1236 υ
2069 1183 2115 1238 si

528 1273 660 1342 quid
684 1273 854 1328 habes
891 1271 1038 1342 quod
1066 1271 1244 1337 dicas,
1279 1271 1369 1327 dic
1399 1273 1579 1343 palam
1619 1283 1671 1329 et
1705 1282 1919 1344 aperte.

604 1364 770 1420 Vens.
808 1364 861 1418 4.
901 1382 919 1414 ι
955 1363 1095 1428 Quia
1133 1363 1301 1418 eduxi
1346 1372 1399 1418 te
1447 1380 1477 1420 e
1515 1374 1662 1421 terra
1713 1364 1962 1436 Egypti,
1995 1372 2050 1418 et
2082 1379 2113 1419 e

532 1456 698 1511 domo
730 1455 1016 1510 servitutis
1069 1455 1277 1509 redemi
1335 1465 1433 1508 te:
1477 1465 1532 1512 et
1579 1458 1704 1511 misi
1741 1466 1871 1512 ante
1909 1455 2110 1510 faciem

532 1557 684 1602 tuam
720 1546 934 1610 Mosen,
971 1553 1025 1600 et
1052 1545 1351 1610 Aaronem,
1383 1555 1439 1602 et
1490 1547 1728 1603 llliriam.
1767 1566 1785 1599 ι
1815 1548 1898 1602 An
1943 1547 2113 1618 igitur

529 1641 635 1695 hoc
678 1649 940 1709 tanquam
1000 1638 1262 1707 injuriam
1298 1640 1417 1707 ‘tibi
1463 1639 1666 1694 factam
1720 1639 1906 1707 aﬂ‘ers,
1961 1640 2110 1711 quod

529 1747 656 1786 eum
704 1732 774 1784 ab
824 1729 1024 1785 acerba
1055 1727 1438 1798 Egyptiorum
1479 1732 1746 1784 servitute
1788 1737 1841 1787 te
1872 1730 2109 1786 liberas-

2220 538 2458 604 νοσοῦσι,
2515 543 2730 610 κριταῖς
2775 543 2890 606 τοῖς
2939 543 3168 614 ἀψύχοις
3217 549 3355 601 κατά
3396 552 3498 604 τῶν
3544 555 3738 625 λογικῶν

2219 633 2512 701 χρήσομαι.

2288 721 2360 789 γ’.
2399 742 2418 771 ι
2450 722 2595 786 Δαός
2631 740 2756 793 μου,
2793 725 2847 779 τί
2885 727 3119 798 ἐποίησά
3156 746 3258 794 σοι,
3291 730 3323 802 ἢ
3357 730 3407 784 τί
3434 731 3653 805 ἐλύπησά
3673 758 3740 803 σε.

2219 812 2252 883 ἢ
2286 813 2340 868 τί
2365 815 2776 888 παρηνώχλησά
2804 835 2920 884 σοι;
2960 821 3290 892 ἀποκρίθητί
3328 841 3432 895 μοι.
3469 844 3487 877 ι
3516 829 3635 881 Είπέ
3662 831 3743 902 τήν

2219 905 2402 959 αἰτίαν
2421 906 2522 976 τῆς
2550 907 2778 978 ἔχθρας·
2813 908 3050 978 ἔλεγξον,
3085 913 3139 965 ετ
3159 929 3304 976 τινος
3332 913 3562 986 λυπηροῦ
3584 922 3746 972 πεπεί·

2222 1014 2386 1066 ρασαι
2412 999 2542 1069 παρ’
2570 998 2725 1070 ἐμοῦ.
2751 1002 2859 1054 Καὶ
2880 1002 3069 1074 ἐπειδὴ
3100 1005 3257 1074 σιγᾷν
3282 1000 3350 1075 ἦν
3378 1007 3574 1079 ἀνάγκη
3607 1011 3744 1079 μηδὲν

2217 1089 2410 1158 ἔχοντα
2449 1091 2667 1160 λέγειν,
2725 1095 2950 1158 εἰκότως
3006 1097 3316 1168 ἐπήγαγεν·
3366 1117 3385 1152 ι
3438 1099 3747 1174 ’Δποκρίθητί

2220 1197 2334 1252 μοι⁹
2377 1203 2394 1236 ι
2427 1185 2545 1237 εἴτι
2576 1184 2754 1253 λέγειν
2788 1185 2950 1255 ἔχεις,
2983 1187 3106 1239 είπέ
3129 1189 3437 1259 προφανῶς.

2284 1358 2346 1411 δ’.
2383 1378 2400 1409 ι
2441 1359 2587 1412 Διότι
2610 1360 2888 1430 ἀνήγαγον
2935 1379 2991 1414 σε
3033 1364 3096 1415 ἐκ
3138 1363 3242 1432 γῆς
3270 1365 3556 1432 Αἰγύπτου,
3589 1369 3670 1422 καὶ
3700 1367 3751 1435 ἐξ

2213 1450 2365 1503 οἴκου
2414 1451 2659 1516 δουλείας
2715 1453 3110 1525 ἐλυτρωσάμην
3158 1473 3240 1524 σε,
3294 1459 3388 1510 καὶ
3433 1459 3749 1524 ἐξαπέστειλα

2216 1540 2322 1608 πρὸ
2379 1543 2672 1611 προσώπου
2719 1559 2812 1596 σου
2846 1543 2938 1598 τὸν
2983 1545 3214 1616 Μωσῆν,
3266 1547 3360 1601 καὶ
3403 1548 3622 1620 ’Δαρὼν,
3671 1554 3750 1606 καὶ

2214 1633 2468 1704 Μαριάμ.
2510 1653 2529 1686 ι
2583 1635 2723 1688 Ἀλλ’
2764 1631 2873 1707 ἄρα
2905 1635 2979 1707 μὴ
3019 1635 3178 1691 τοῦτο
3210 1637 3285 1702 ὡς
3320 1639 3552 1712 ἀδίκημα
3597 1659 3748 1714 προσ-

2215 1725 2424 1795 φέρεις,
2462 1727 2544 1779 ὃτι
2577 1743 2636 1779 σε
2678 1726 2778 1797 τῆς
2813 1729 3016 1798 πικρᾶς
3046 1728 3154 1781 τῶν
3194 1730 3500 1799 Αἰγυπτίων
3536 1733 3750 1787 ἀπαλλά-

530 1839 668 1888 sem,
704 1821 855 1876 Mose
883 1830 938 1876 ct
965 1795 1217 1886 Aaroue,
1242 1820 1589 1877 admirandis
1617 1823 1755 1878 viris
1782 1830 1838 1878 et
1870 1823 2103 1878 illustri-

2215 1815 2310 1882 ξας
2331 1815 2594 1880 δουλείας.
2633 1795 3021 1888 ἀκραιφνῆνσοι
3053 1819 3150 1890 τὴν
3174 1795 3486 1894 ἐλευθερίαν
3513 1824 3776 1902 ἐδωρήσα-¹

529 1916 650 1980 bus,
697 1928 830 1968 usus
859 1912 1228 1978 administris,
1257 1913 1354 1966 tibi
1396 1913 1627 1968 solidam
1660 1915 1972 1972 libertatem
2003 1916 2106 1971 do-

530 2007 771 2061 naverim
803 2022 815 2058 :
863 2019 966 2058 nec
1002 2003 1264 2058 mulieres
1302 2003 1514 2074 1507
1546 2007 1913 2062 conveniente
1971 2022 2108 2062 cura

527 2097 899 2158 destituerim,
935 2095 1029 2151 sed
1075 2095 1290 2149 Mil-iam
1331 2097 1442 2150 illis
1479 2096 1836 2165 prtel'ecerim,
1878 2106 1932 2153 et
1975 2113 2106 2169 pro-

530 2186 729 2257 phetiaz
759 2185 938 2255 gratia
982 2184 1430 2239 cumulaverim?
1473 2183 1550 2256 15]
1609 2184 1768 2252 Quod
1824 2187 1870 2242 si
1906 2188 2103 2243 horum

528 2279 782 2333 oblivisci
813 2277 1075 2339 volueris,
1108 2277 1333 2330 veniant
1361 2276 1416 2330 in
1449 2287 1687 2331 mentem
1721 2293 1812 2333 res
1843 2277 2102 2346 Dalaami,

528 2380 582 2425 et
606 2385 805 2426 causas
840 2368 1151 2432 considera,
1189 2383 1292 2423 Clll'
1322 2384 1448 2424 eum
1488 2367 1762 2425 Balaacus
1799 2369 2106 2426 advocave-

531 2467 622 2528 rit,
655 2469 710 2518 et
737 2461 1201 2532 quemadmodum
1240 2461 1360 2528 ille,
1385 2475 1507 2515 meo
1531 2460 1731 2516 robore
1760 2462 2067 2517 instructus
2087 2503 2102 2528 ,

528 2569 636 2607 non
671 2552 1113 2608 maledictionem
1145 2551 1329 2619 vobis,
1362 2550 1458 2607 sed
1490 2538 1926 2608 benedictionem
1963 2553 2105 2608 intu-

530 2646 676 2700 terit.
717 2643 847 2698 llaec
891 2659 1024 2700 vero
1059 2644 1276 2714 singula
1325 2658 1450 2698 cum
1505 2641 1770 2711 facerem,
1835 2659 1949 2699 non
2005 2645 2104 2699 tibi

521 2736 755 2808 iustitia:
783 2736 1091 2790 mercedem
1116 2734 1464 2801 exhibebam,
1492 2735 1589 2790 sed
1621 2747 1799 2790 meam
1823 2735 2102 2806 justitiam

526 2828 742 2898 planam
796 2825 1087 2880 faciebam.
1146 2823 1282 2878 Nam
1321 2840 1475 2886 cum
1531 2826 1872 2896 progenitori
1917 2836 2105 2884 vestro

529 2932 708 2973 essem
749 2917 1053 2986 pollicitus,
1099 2916 1206 2969 icta
1235 2930 1361 2968 cum
1399 2931 1466 2970 eo
1499 2915 1707 2972 hedera
1734 2918 2102 2988 complebam.

526 3009 626 3064 His
653 3018 913 3077 tanquam
937 3021 1002 3060 ex
1031 3005 1122 3061 Dei
1151 3021 1384 3076 persona
1409 3006 1572 3062 dictis
1605 3021 1635 3060 a
1657 3008 1946 3078 propheta,
1976 3024 2103 3065 cum

2214 1926 2343 1980 μην,
2397 1909 2690 1980 ὐπουργοῖς
2738 1909 2968 1980 ἀνδράσι
3008 1909 3336 1980 θαυμασίοις
3386 1912 3476 1966 καὶ
3523 1913 3752 1983 ἀοιδίμοις

2208 2003 2578 2073 χρησάμενος,
2625 2000 2703 2071 τῷ
2734 2002 2930 2072 Μωσῇ,
2985 2002 3080 2054 καὶ
3125 2001 3210 2072 τῷ
3253 2001 3481 2073 Ἀαρὼν,
3524 2004 3634 2057 οὐδὲ
3667 2005 3752 2065 τάς

2208 2097 2471 2163 γυναῖκας
2491 2093 2590 2162 τῆς
2620 2093 3006 2163 προσηκούσης
3037 2094 3422 2165 ἀποστερήσας
3449 2094 3754 2165 ἐπιμελείας,

2209 2185 2304 2238 καὶ
2326 2181 2552 2246 ταύταις
2575 2182 2674 2252 τὴν
2698 2180 2931 2253 Μαριὰμ
2962 2183 3286 2252 ἐπιστήσας,
3327 2183 3419 2236 καὶ
3447 2181 3751 2255 προφητικοῦ

2208 2277 2546 2348 χαρίσματος
2594 2274 2920 2344 ἐμπλήσας;
2959 2275 3100 2327 Ἀλλ’
3133 2276 3182 2327 εί
3228 2274 3427 2328 τούτων
3473 2274 3752 2346 ἀμνημονῆο

2210 2385 2300 2422 σαι
2335 2366 2529 2430 θέλεις,
2561 2365 2670 2420 τῶν
2703 2364 2848 2420 κατὰ
2879 2364 2970 2418 τὸν
3003 2364 3234 2435 Βαλαὰμ
3259 2365 3640 2435 ἀναμνήσθητι,
3673 2364 3750 2416 καὶ

2209 2461 2518 2531 σκόπησον,
2573 2459 2667 2513 ἐπὶ
2706 2458 2816 2512 τίσι
2861 2458 2960 2528 μὲν
3007 2458 3171 2511 αὐτὸν
3199 2461 3229 2511 δ
3258 2457 3487 2528 Βαλαὰμ
3517 2458 3750 2528 μετεπέμ-

2205 2552 2376 2620 ψατο·
2426 2551 2574 2612 ὅπως
2624 2549 2681 2602 δὲ
2733 2551 2960 2612 ἐκεῖνος,
3010 2547 3117 2602 ὐπὸ
3167 2550 3269 2618 τῆς
3319 2551 3457 2620 ἐμῆς
3508 2549 3751 2618 ﬁuvdpsm;

2205 2642 2618 2712 ἐνεργούμενος,
2664 2641 2764 2694 οὐκ
2805 2639 2946 2711 ἀράν
2974 2640 3127 2710 ὑμῖν,
3177 2641 3298 2694 ἀλλ’
3344 2643 3586 2710 εὐλογίαν
3612 2658 3752 2713 προσ-

2206 2736 2426 2806 ήνεγκε.
2467 2732 2684 2786 Τούτων
2729 2731 2786 2784 δέ
2832 2730 3002 2799 ἔδρων
3048 2730 3307 2797 ἕκαστον,
3346 2731 3407 2785 οὐ
3463 2731 3640 2801 μισθόν
3686 2747 3752 2782 σοι

2204 2820 2810 2892 δικαιοσύνηςοόρέγων,
2861 2819 2996 2873 ἀλλὰ
3033 2819 3134 2890 τὴν
3168 2820 3412 2890 ἐμαυτοῦ
3445 2820 3750 2888 δικαιοσύνην

2207 2912 2374 2984 δήλην
2415 2912 2616 2964 ποιῶν
2644 2909 3010 2980 ὑποσχόμενος
3037 2909 3144 2979 γὰρ
3174 2909 3256 2980 τῷ
3286 2912 3532 2982 ὑμετέρῳ
3569 2911 3750 2981 προπά-

2206 3021 2346 3076 τορι,
2399 3003 2498 3066 τὰς
2545 3003 2681 3075 πρὸς
2730 3004 2937 3055 ἐκεῖνον
2983 3001 3257 3073 ἐπλήρουν
3311 3003 3594 3074 συνθήκας.
3641 3001 3752 3055 Τού-

527 3097 716 3167 populi
745 3095 1112 3152 stoliditatem
1142 3104 1414 3163 cerneret,
1458 3097 1575 3168 ipse
1599 3099 1785 3169 populi
1835 3101 1955 3157 vice
1985 3101 2103 3173 pias

2208 3115 2334 3162 τους
2357 3099 2400 3129 ’⁷
2435 3100 2463 3151 ὁ
2491 3097 2780 3167 προφήτης
2815 3096 2891 3159 ὡς
2918 3096 2983 3147 ἐκ
3024 3095 3322 3166 προσώπου
3354 3096 3445 3150 τοῦ
3474 3097 3602 3149 Θεοῦ
3629 3111 3754 3162 ποιη-

525 3189 895 3261 ‹·οιῂιοιίοοθε
922 3188 1150 3254 excitat,
1179 3187 1372 3246 dicens
1397 3207 1410 3244 :

601 3452 760 3509 Vsus.
809 3453 862 3508 6.
901 3472 918 3503 ε
961 3451 1246 3520 Quomodo
1296 3455 1703 3525 apprehendam
1762 3455 2105 3515 Dominum?

525 3547 818 3616 suscipiam
853 3545 1021 3599 Deum
1054 3561 1236 3599 meum
1266 3548 1542 3602 excelsum
1577 3548 1600 3602 ’ἒ
1636 3567 1656 3598 ›
1689 3550 1978 3613 Quomodo
2014 3569 2104 3608 re-

523 3639 854 3695 munerabor
878 3653 1023 3703 eum,
1066 3640 1158 3706 qui
1209 3639 1338 3692 mihi
1374 3647 1457 3692 tot
1496 3652 1551 3694 et
1590 3648 1743 3696 tanta
1781 3643 1926 3698 bona
1966 3660 2104 3700 con-

523 3730 711 3787 ciliat?
737 3728 940 3798 quibus
967 3729 1424 3785 retributionibus
1452 3732 1612 3785 utar?

606 3839 626 3873 ι
660 3821 745 3874 An
781 3817 1191 3888 apprchendam
1235 3835 1358 3874 eum
1394 3820 1758 3879 holocaustis?
1791 3827 1974 3883 vitulis
2005 3844 2103 3882 au-

523 3910 761 3966 niculis?
808 3907 994 3982 (Vens.
1040 3909 1117 3979 7.)
1169 3912 1252 3964 An
1307 3913 1572 3984 suscipiet
1605 3913 1892 3974 'Dominus
1932 3919 2102 3974 millia

523 4003 784 4068 arietum,
813 4001 894 4056 vel
925 4001 1112 4056 decem
1165 4002 1336 4056 millia
1363 4005 1638 4060 hircorum
1675 4008 1957 4080 pinguium
1982 4012 2006 4065 Ἰ
2031 4027 2098 4065 an

522 4095 664 4150 dabo
690 4093 1050 4164 primogenita
1081 4109 1204 4149 mea
1227 4110 1326 4164 pro
1359 4097 1638 4168 impietate
1678 4101 1829 4156 mea?
1859 4101 2097 4158 fructum

521 4186 725 4241 ventris
775 4186 880 4241 mei
912 4199 1012 4254 pro
1039 4192 1264 4254 peccato
1294 4186 1490 4240 animae
1545 4189 1722 4244 meae?
1760 4209 1781 4242 ι
1817 4189 1984 4257 Nihil,
2018 4193 2098 4246 in-

519 4278 656 4347 quit,
679 4292 743 4331 cx
774 4280 787 4298 ‘
817 4276 980 4331 rebus
1008 4276 1286 4342 humanis,
1317 4294 1423 4332 non
1449 4279 1746 4335 vitulorum
1782 4283 2093 4349 multitudo,

521 4383 630 4422 non
661 4367 914 4422 universa
956 4376 1222 4432 armenta,
1262 4383 1370 4423 non
1397 4369 1582 4423 decem
1615 4371 1783 4424 millia
1816 4371 2094 4428 bmdorum

527 4459 675 4528 (nam
704 4459 882 4512 hircos
915 4465 1077 4514 vocat
1124 4459 1309 4515 hzdos
1344 4461 1674 4531 anniculos),
1713 4479 1822 4518 non
1857 4465 2097 4521 infantes

517 4549 827 4619 primigenii
859 4549 970 4605 Deo
1003 4551 1059 4603 in
1090 4550 1421 4604 sacriﬁcium
1452 4552 1641 4616 oblati,
1680 4568 1710 4607 a
1746 4565 2097 4622 peccatorum

518 4640 868 4696 multitudine
930 4642 1215 4696 absolvere
1263 4657 1350 4696 me
1395 4651 1648 4710 possunt.
1701 4643 1760 4698 Si
1821 4661 1949 4700 vero
1984 4648 2100 4701 haec

519 4731 702 4784 onmia
733 4729 798 4784 ad
831 4741 1179 4798 peccatorum
1216 4731 1583 4801 expiationem
1640 4749 1746 4787 non
1799 4737 1936 4790 satis
1964 4737 2098 4804 sint,

519 4821 722 4892 quibus
776 4821 868 4878 Dei
917 4824 1180 4879 beneﬁcia
1228 4825 1642 4893 compensabo?
1689 4824 1986 4895 Postquam
2023 4829 2094 4884 ita

520 4915 790 4970 humanas
817 4917 1177 4987 cogitationes
1216 4911 1524 4987 proposuit,
1561 4916 1728 4972 Deum
1776 4933 1971 4976 rursus
2014 4936 2097 4977 re-

518 5003 873 5071 spondentem
909 5003 1125 5074 1508
1159 5005 1386 5059 inducit.

596 5091 752 5144 Vsus.
777 5092 830 5144 8.
865 5111 886 5144 ι
911 5095 1305 5150 Annuutiatum
1339 5095 1436 5150 tibi
1469 5103 1576 5160 est,
1608 5098 1790 5163 homo,
1822 5100 1953 5168 quid
1991 5100 2088 5155 bo.

517 5196 670 5244 num,
707 5183 910 5250 etquid
943 5181 1206 5240 Dominus
1253 5193 1462 5256 qua3rat
1487 5201 1518 5238 a
1557 5199 1639 5242 te:
1675 5188 1856 5258 (nihil)
1890 5189 1995 5246 nisi
2037 5199 2094 5243 ut

517 5275 690 5330 facias
735 5276 1028 5345 judicium,
1063 5285 1116 5331 et
1158 5277 1354 5348 diligas
1400 5281 1862 5347 misericordiam,
1891 5290 1945 5336 et
1994 5297 2094 5351 pa-

521 5378 676 5426 ratus
736 5368 812 5425 sis
859 5369 924 5423 ad
977 5368 1362 5430 ambulandum
1415 5382 1538 5442 post
1595 5373 1882 5430 Dominum
1924 5375 2095 5430 Deum

2218 3190 2448 3260 σάμενος
2477 3189 2601 3250 τούς
2630 3187 2842 3254 λόγους,
2888 3187 2981 3239 καὶ
3024 3185 3118 3238 τοῦ
3149 3186 3284 3239 λαοῦ
3328 3187 3428 3258 τήν
3457 3185 3758 3256 ἀναλγησίαν

2214 3282 2508 3352 θεώμενος,
2549 3279 2708 3342 αὐτὸς
2740 3279 2862 3333 ἀντὶ
2904 3278 2998 3332 τοῦ
3037 3278 3167 3332 λαοῦ
3209 3281 3340 3344 τοὺς
3379 3283 3476 3352 τῆς
3507 3279 3754 3339 εὐσεϐείας

2213 3373 2460 3428 ἀνακινεί
2479 3369 2790 3440 λογισμοὺς,
2818 3369 2911 3420 καί
2937 3384 3102 3438 φησιν
3123 3383 3138 3396 ⁸

2283 3469 2358 3528 ς’.
2393 3482 2410 3513 ι
2461 3461 2548 3514 Ἐν
2575 3461 2677 3513 τίνι
2703 3458 2995 3512 καταλάϐω
3033 3457 3125 3510 τὸν
3149 3456 3394 3528 Κύριον;
3422 3456 3753 3528 ἀντιλήψομσι

2210 3555 2346 3609 Θεοῦ
2373 3571 2476 3625 μου
2510 3553 2734 3622 ὑψίστου
2762 3567 2780 3616 ;
2815 3569 2833 3601 ›
2866 3550 2990 3613 Πῶς
3031 3551 3342 3621 ἀμείψομαι
3385 3551 3476 3605 τὸν
3519 3547 3754 3602 τοσούτων

2214 3665 2309 3718 μοι
2354 3645 2612 3716 πρόξενον
2663 3642 2918 3712 ἀγαθῶν;
2975 3641 3156 3706 ποίαις
3215 3643 3519 3696 ἀντιδόσεσι
3560 3638 3757 3708 ἐπιχρή·

2213 3754 2377 3808 σομαι
2401 3737 2484 3801 ⁹⁸;

2286 3849 2304 3882 ι
2339 3829 2400 3882 Ei
2447 3825 2834 3896 καταλήψομαι
2889 3826 3052 3879 αὐτὸν
3102 3826 3160 3878 ἐν
3205 3825 3666 3895 ὁλοκαυτώμασιν,
3709 3820 3760 3872 ἐν

2211 3923 2434 3994 μόσχοις
2481 3918 2806 3983 ἐνιαυσίοις;
2839 3917 2951 3988 (ζ’.)
2979 3918 3042 3970 Εἰ
3085 3917 3440 3988 προσδέξεται
3491 3915 3678 3985 Κύριος
3708 3910 3757 3960 ἐν

2209 4011 2416 4083 χιλιάσι
2443 3995 2638 4082 κριιῖίν,
2663 4009 2696 4078 ἢ
2723 4009 2949 4079 μυριάσι
2971 4008 3219 4078 χιμάρων
3251 4008 3472 4074 πιόνων;
3497 4009 3542 4060 εί
3564 4005 3704 4059 δώσω
3721 4001 3764 4033 ³⁸

2208 4102 2532 4174 πρωτότοκά
2556 4118 2658 4172 μου
2683 4101 2822 4170 ὑπὲρ
2845 4100 3100 4163 ἀσεϐείας
3127 4116 3230 4170 μου
3267 4101 3306 4163 ³,
3340 4098 3550 4170 καρπὸν
3577 4094 3762 4153 κοιλίας

2210 4213 2312 4265 μου
2346 4195 2486 4265 ὺπέρ
2523 4191 2798 4262 ἁμαρτίας
2824 4191 3006 4261 ψυχῆς
3035 4208 3167 4261 μους
3214 4210 3238 4244 ι
3274 4192 3464 4257 Οὐδὲν,
3497 4191 3643 4262 φησὶ,
3663 4186 3758 4240 τῶν

2207 4287 2581 4359 ἀνθρωπίνων.
2609 4285 2670 4337 οὐ
2710 4283 2925 4354 μόσχων
2975 4282 3198 4352 πλῆθος,
3239 4285 3340 4354 οὐχ
3373 4284 3635 4352 ὁλόκληρα
3658 4278 3764 4331 ποί-

2209 4395 2361 4450 μνια,
2393 4379 2453 4430 οὐ
2477 4375 2736 4447 μυριάδες
2764 4374 2968 4443 ἐρίφων
2991 4372 3304 4443 (χιμάρους
3323 4374 3579 4446 γάρτοὺς
3599 4374 3758 4425 ἐνιαυ-

2208 4473 2354 4533 σίους
2404 4468 2625 4539 ἐρίφους
2675 4465 2887 4534 καλεῖ),
2918 4465 3017 4534 οὐχ
3053 4465 3104 4516 οἱ
3145 4465 3354 4536 πρῶτοι
3388 4465 3640 4526 λύσαντες
3677 4459 3758 4522 τὰς

2202 4565 2396 4625 ὠδῖνας
2418 4559 2628 4622 παῖδες,
2682 4559 2760 4620 εἰς
2808 4556 2998 4609 Θυσίαν
3022 4554 3100 4626 τῷ
3157 4556 3277 4627 Θεῷ
3327 4556 3757 4629 προσφερόμενοι,

2199 4655 2360 4707 λῦσαί
2398 4669 2499 4720 μου
2544 4649 2655 4716 τῶν
2714 4648 3129 4719 ἁμαρτημάτων
3183 4647 3418 4718 ἀρκοῦσι
3459 4648 3520 4700 τὸ
3557 4643 3756 4715 πλῆθος.

2202 4746 2267 4800 Et
2313 4742 2370 4794 δὲ
2399 4741 2614 4795 ᾶπαντα
2663 4738 2836 4792 ταῦτα
2890 4740 2971 4802 είς
3033 4739 3450 4810 ἁμαρτημάτων
3495 4737 3641 4791 λύσιν
3676 4733 3761 4787 οὐκ

2201 4833 2438 4903 ἀπόχρη,
2477 4832 2587 4884 τίσι
2617 4831 2715 4892 τὰς
2753 4829 2903 4892 θείας
2929 4830 3253 4901 εὐεργεσίας
3279 4832 3584 4902 ἀμείψομαι
3609 4826 3760 4893 ;οὐτω

2202 4926 2328 4988 τοὺς
2357 4922 2733 4992 ἀνθρωπίνους
2770 4921 3142 4991 προτεθεικὼς
3172 4922 3493 4992 λογισμοὺς,
3511 4923 3613 4994 τὴν.
3629 4917 3764 4972 θείαν

2201 5009 2501 5082 προσφέρει
2529 5008 2691 5062 πάλιν
2724 5008 3038 5077 ἀπόκρισιν.

2269 5108 2339 5172 η’.
2383 5121 2399 5150 ι
2451 5099 2751 5169 Ἀνηγγέλη
2778 5101 2799 5132 ⁸
2833 5117 2937 5164 σοι,
2991 5101 3270 5174 ἄνθρωπε,
3329 5104 3384 5157 τί
3431 5103 3609 5158 καλόν·
3639 5097 3759 5154 καὶ³

2199 5196 2253 5251 τί
2284 5195 2491 5267 Κύριος
2549 5193 2773 5263 ἐκζητεῖ
2824 5193 2975 5263 παρὰ
3034 5195 3150 5258 σοῦ,
3180 5197 3295 5250 ἀλλ’
3341 5196 3374 5266 ἢ
3409 5195 3502 5249 τοῦ
3546 5193 3570 5225 ’⁵
3602 5192 3756 5246 ποιεῖν

2203 5290 2399 5356 κρῖμα,
2448 5285 2544 5338 καὶ
2593 5283 2815 5354 ἀγαπᾷν
2858 5282 3006 5337 ἔλεον
3041 5285 3084 5351 ⁵,
3119 5285 3215 5338 καὶ
3261 5286 3478 5356 ἕτοιμον
3515 5280 3645 5338 εἶναι
3675 5275 3758 5330 τοῦ

2205 5375 2533 5447 πορεύεσθαι
2587 5373 2799 5426 ὀπίσω⁶
2833 5374 3036 5442 Κυρίου
3080 5375 3174 5429 τοῦ
3228 5375 3368 5430 Θεοῦ.
3403 5392 3526 5443 σου;
3562 5392 3583 5425 ι
3606 5369 3759 5425 Τοῦτο

1806 5548 2039 5607 νΑῐὶ-ΙᾹΕ
2064 5549 2467 5607 LECTIONES.

1641 5686 1683 5715 ’δν
1708 5687 1744 5741 Α
1784 5687 1877 5742 δῶ.

1262 5756 1281 5784 δ
1304 5756 1392 5808 ὀπ.
1422 5757 1461 5805 Α
1495 5756 1647 5819 μετὰ.

616 5681 661 5711 ⁸⁷
688 5682 729 5734 C
771 5683 1033 5754 τούτοιςη
1086 5685 1131 5716 ’⁸
1162 5684 1200 5738 C
1245 5686 1540 5754 χρήσομαι.

520 5745 684 5801 Sirm.
724 5752 804 5802 τό.
880 5753 899 5783 ⁸
929 5754 970 5803 Α
999 5752 1162 5813 ἕλεος.

1990 5687 2158 5756 ¹μου.
2208 5685 2333 5741 Des.
2384 5687 2436 5741 in
2475 5687 2538 5740 Α.

2641 5688 2660 5716 ²
2687 5690 2727 5741 Α
2755 5687 3090 5758 ’Λπηγγέλη.
3188 5687 3208 5718 ³
3235 5685 3345 5740 καί.
3383 5685 3428 5737 A
3461 5683 3514 5752 ἦ.
3608 5677 3627 5710 ⁸
3647 5670 3745 5728 7°5-
