4088 6406
387 388 519 453 ῙἹῙῚ

1628 392 1709 451 IN
1752 391 2082 452 MICH.E.E
2137 393 2295 453 CAP.
2340 394 2436 454 VI.

3514 398 3645 462 1778

384 509 481 562 καὶ
524 507 613 561 διά
655 508 929 580 μακαρίου
957 508 977 538 ⁷
1011 507 1175 561 Δαϐὶδ
1224 509 1252 561 ὁ
1303 506 1409 560 τὼν
1461 506 1598 559 ὅλων
1647 505 1751 578 ἐφη
1796 506 1965 569 Θεὸς·

2076 515 2246 562 tuum.
2288 527 2306 559 ι
2337 508 2453 563 Hoc
2490 507 2635 563 idem
2662 509 2801 566 Deus
2836 511 3221 576 universowm
3257 511 3401 569 beati
3426 512 3645 568 Davidis

385 598 771 671 ἐκϐαλὼνογάρ
796 600 1012 663 ἅπαντα
1030 598 1140 652 τῶν
1168 597 1369 652 θυσιῶν
1401 598 1492 651 τὸν
1516 597 1834 667 κατάλογον,
1872 600 1965 652 καὶ

385 691 626 763 εἰρηκώς
653 709 666 726 ο
702 711 722 744 ι
754 693 829 744 Οὐ
890 692 1112 763 δέξομαι
1166 692 1231 744 ἐκ
1263 689 1356 744 τοῦ
1384 689 1533 744 οἴκου
1575 707 1667 744 σου
1710 690 1963 761 μόσχους,

386 784 508 836 οὐδὲ
529 785 593 836 ἐκ
618 782 727 834 τῶν
750 782 1017 853 ποιμνίων
1074 797 1170 834 σου
1222 780 1518 851 χιμάρους·
1567 778 1680 849 ἐμὰ
1711 781 1820 851 γάρ
1852 782 1968 833 ἐστι

389 873 571 926 πάντα
597 872 666 926 τά
695 871 859 943 θηρία
888 870 983 925 τοῦ
1038 872 1245 943 δρυμοῦ
1268 875 1291 906 ⁸
1318 889 1331 904 ·
1365 891 1384 923 ›
1418 873 1665 944 ἐπήγαγε
1695 889 1708 902 ·
1737 892 1756 924 ι
1797 873 1969 927 Θῦσον

387 965 470 1037 τῷ
499 965 620 1036 Θεῷ
669 965 863 1019 θυσίαν
920 965 1204 1031 αἰνέσεως,
1235 966 1329 1019 καὶ
1382 965 1579 1030 ἀπόδος
1608 964 1687 1035 τῷ
1732 964 1970 1035 ’Υψίστῳ

389 1059 490 1122 τὰς
514 1057 680 1129 εὐχάς
703 1074 798 1110 σου
826 1073 838 1086 ·
868 1056 965 1110 καὶ
982 1057 1306 1111 ἐπικάλεσαί
1339 1074 1405 1126 με
1432 1058 1490 1111 ἐν
1520 1055 1705 1127 ἡμέρᾳ
1736 1055 1971 1126 θλίψεως

392 1165 510 1209 σου,
535 1148 630 1200 καὶ
653 1145 943 1216 ἐξελοῦμαί
970 1162 1053 1212 σε,
1078 1147 1178 1201 καὶ
1202 1145 1445 1211 δοξάσεις
1466 1164 1553 1217 με.
1588 1165 1607 1197 ι
1642 1147 1751 1200 Καὶ
1773 1147 1934 1201 πάλιν
1953 1163 1967 1177 ·

397 1240 558 1293 «Ὅτι
587 1240 636 1291 εί
656 1237 930 1309 ἠθέλησας
958 1238 1170 1303 Θυσίαν,
1211 1237 1387 1292 ἔδωκα
1415 1238 1511 1292 ἄν’
1545 1239 1971 1310 ὁλοκαυτώματα

390 1333 494 1385 οὐκ
512 1330 846 1401 εὑδοκήσεις.
870 1329 1044 1384 Θυσία
1081 1328 1161 1401 τῷ
1190 1329 1310 1401 Θεῷ
1331 1329 1546 1401 πνεῦμα
1568 1331 1971 1403 συντετριμμέ-

391 1438 503 1475 νον’
545 1420 774 1491 καρδίαν
802 1421 1274 1492 συντετριμμένην
1307 1419 1400 1473 καὶ
1438 1422 1914 1490 τεταπεινωμένην
1945 1422 1973 1474 ὁ

390 1513 526 1577 Θεὸς
548 1513 647 1567 οὐκ
660 1511 1026 1579 ἐξουδενώσει.
1042 1512 1255 1566 »Ταυτά
1271 1512 1326 1566 δὲ
1347 1513 1443 1567 καὶ
1463 1513 1615 1584 παρά
1639 1514 1807 1567 πᾶσιν
1819 1511 1879 1565 εὖ
1892 1530 1974 1583 ροι

391 1623 479 1668 τις
507 1605 575 1659 ἂν
606 1607 718 1668 τοῖς
749 1606 1079 1675 προφήταις.
1121 1623 1141 1656 ι
1184 1604 1346 1675 Λέγει
1367 1604 1864 1674 τοίπνῖκάνταῦθα,
1893 1606 1973 1657 ὅτι

392 1697 545 1767 Δῆλά
574 1698 690 1751 ἐστι
711 1697 780 1751 τά
805 1698 937 1767 παρ’
965 1696 1102 1767 ἐμοῦ
1127 1713 1209 1750 σοι
1237 1695 1689 1767 νομοθετηθέντα.
1720 1695 1975 1750 Βούλεται

393 1789 506 1861 γάρ
531 1787 907 1858 ἐπιμελεῖσθαί
946 1805 1005 1841 σε
1032 1787 1128 1842 τοῦ
1156 1789 1389 1854 δικαίου,
1419 1789 1512 1842 καὶ
1539 1790 1667 1860 περὶ
1690 1789 1781 1842 τὸν
1802 1786 1975 1851 πέλας

395 1878 537 1933 εἶναι
562 1879 963 1950 φιλάνθρωπον,
1013 1881 1111 1934 καὶ
1158 1882 1240 1944 είς
1286 1880 1500 1935 ἅπαντα
1557 1874 1857 1934 ὑπακούειν
1897 1879 1976 1949 τῷ

395 1972 720 2043 πεποιηκότι
744 1970 888 2042 Θεῷ.
943 1971 1131 2025 Ταυτὰ
1176 1971 1235 2024 δὲ
1266 1972 1362 2025 καὶ
1387 1971 1475 2025 διά
1510 1970 1752 2035 Μωσέως
1784 1972 1975 2041 ἐνομοο

395 2063 622 2133 θέτησεν
643 2079 656 2091 ’
699 2081 719 2115 ι
767 2062 1105 2134 Ἀγαπήσεις
1136 2062 1341 2134 Κύριον
1368 2063 1461 2116 τὸν
1486 2063 1620 2117 Θεόν
1645 2079 1739 2117 σου
1762 2062 1821 2130 ἐξ
1848 2063 1976 2132 ὅλης

394 2151 497 2220 τῆς
518 2151 745 2223 καρδίας
779 2169 895 2215 σου,
937 2153 1035 2207 καὶ
1082 2152 1142 2217 ἐξ
1169 2151 1297 2223 ὅλης
1321 2148 1421 2222 τῆς
1449 2151 1631 2224 ψυχῆς
1655 2170 1773 2217 σου,
1800 2152 1894 2206 καὶ
1919 2153 1976 2220 ἐξ

392 2245 524 2317 ὅλης
574 2248 672 2317 τῆς
719 2247 960 2311 διανοίας
991 2263 1108 2309 σου,
1159 2246 1255 2300 καὶ
1283 2246 1590 2317 ἀγαπήσεις
1629 2245 1721 2299 τὸν
1750 2243 1977 2316 πλησίον

399 2354 518 2405 σου,
561 2337 638 2402 ὡς
672 2340 918 2394 σεαυτόν.
967 2358 986 2390 ι
1013 2337 1231 2393 Τούτων
1278 2339 1459 2392 τοίνυν
1508 2337 1614 2391 ὑπὸ
1645 2336 1741 2391 σοῦ
1794 2353 1976 2407 γιγνο-

350 2466 355 2469 -
400 2426 602 2498 μένων.

467 2539 532 2595 θ’.
571 2558 590 2592 ι
629 2540 785 2612 Φωνὴ
824 2541 1030 2614 Κυρίου
1057 2544 1123 2613 τῇ
1153 2541 1303 2594 πόλει
1349 2540 1777 2611 ἐπικληθήσεται
1803 2542 1847 2604 ⁸,
1883 2541 1976 2595 καὶ

398 2631 567 2687 σώσει
601 2634 971 2704 φοϐουμένους
994 2636 1056 2688 es
1084 2634 1255 2705 ὄνομα
1283 2634 1469 2689 αὐτοῦ.
1504 2653 1522 2685 ι
1563 2634 1641 2686 Δι’
1664 2633 1844 2688 αὐτῶν
1867 2632 1978 2704 γάρ

395 2724 507 2779 τῶν
569 2728 910 2797 πραγμάτων
972 2727 1074 2797 τῆς
1132 2725 1262 2796 παρ’
1317 2724 1482 2779 αὐτοῦ
1537 2726 1793 2796 προνοίας
1843 2723 1977 2779 ἀπο-

396 2816 675 2882 λαύοντες,
705 2816 886 2880 δόξετε
913 2817 1133 2872 ἀκούειν
1163 2817 1258 2871 καὶ
1295 2818 1466 2888 αὐτῆς
1488 2815 1583 2870 τοῦ
1632 2815 1838 2886 Κυρίου
1877 2814 1978 2887 τῆς

402 2909 594 2980 φωνῆς
634 2909 967 2981 ποριζούσης
998 2909 1127 2978 ὑμῖν
1159 2909 1260 2980 τὴν
1285 2907 1579 2979 σωτηρίαν.

473 3018 492 3052 σ
536 3001 759 3065 Ἄκουε,
785 3000 923 3071 φυλή
940 3017 953 3031 ⁸
981 2999 1065 3064 τίς
1081 3001 1349 3071 κοσμήσει
1373 2998 1527 3053 πόλιν
1549 3017 1563 3066 ;
1589 2999 1690 3069 (ι’.)
1720 2998 1813 3071 Μὴ
1844 2997 1979 3070 πῦρ,

399 3091 494 3147 καὶ
525 3087 675 3155 οἷκος
728 3091 930 3161 ἀνόμου
988 3089 1334 3162 θησαυρίζων
1378 3091 1687 3164 θησαυροὺς
1721 3092 1976 3163 ἀνόμους,

2068 612 2163 653 ore
2192 597 2349 654 dixit.
2372 599 2595 669 Rejecto
2639 602 2787 656 enim
2816 603 2964 658 omni
2997 604 3397 659 sacriﬁciorum
3430 618 3646 674 genere,

2067 707 2193 748 cum
2228 691 2483 748 dixisset:
2517 710 2536 745 ί
2574 691 2692 748 Non
2724 694 2988 765 accipiam
3018 696 3087 752 de
3109 696 3273 752 domo
3299 703 3393 752 tua
3424 696 3646 761 vitulos,

2069 798 2246 853 neque
2291 783 2359 837 de
2411 784 2667 855 gregibus
2717 787 2827 842 tuis
2865 788 3092 842 hircos':
3125 802 3259 844 meae
3308 787 3454 844 enim
3522 799 3652 843 sunt

2069 891 2262 932 omnes
2309 876 2440 934 fera:
2471 879 2730 935 silvarum
2765 889 2810 946 ι,
2853 900 2871 932 ι
2912 880 3152 952 adjecit:
3194 900 3214 933 ι
3249 879 3476 937 Immola
3536 878 3651 933 Deo

2072 967 2403 1027 sacriﬁcium
2432 969 2633 1037 laudis,
2673 977 2728 1025 et
2760 970 2928 1027 redde
2965 972 3246 1028 Altissimo
3278 979 3405 1027 vota
3427 979 3539 1026 tua.
3582 971 3649 1024 Et

2073 1060 2268 1115 invoca
2305 1076 2393 1117 me
2442 1062 2532 1118 die
2581 1062 2953 1120 tribulationis
2993 1071 3120 1130 ture,
3173 1073 3226 1119 et
3261 1078 3448 1120 eruam
3483 1070 3557 1127 te,
3595 1072 3651 1117 et

2073 1151 2377 1208 celebrabis
2417 1168 2505 1208 me
2533 1165 2583 1208 ι.
2616 1172 2634 1205 ι
2667 1152 2734 1208 Et
2782 1154 2980 1210 iterum
3011 1173 3024 1210 :
3050 1175 3069 1209 ι
3115 1155 3383 1222 Quoniam
3415 1197 3431 1221 ,
3466 1154 3513 1212 si
3553 1169 3651 1209 vo-

2075 1246 2273 1301 luisses
2308 1246 2661 1310 sacriﬁcium,
2691 1247 2964 1303 dedissem
3018 1249 3206 1320 utique
3247 1267 3261 1303 :
3316 1248 3649 1304 holocaustis

2073 1353 2185 1393 non
2204 1337 2586 1394 delectaberis.
2621 1338 2962 1395 Sacriﬁcium
3004 1339 3115 1397 Deo
3145 1339 3401 1411 (gratum)
3430 1340 3651 1410 spiritus

2074 1429 2368 1491 contritus,
2426 1445 2526 1485 cor
2566 1430 2863 1485 contritum
2905 1438 2958 1487 et
2987 1431 3335 1486 ltumiliatum
3368 1431 3511 1487 Deus
3541 1445 3649 1484 non

2045 1565 2048 1568 .
2074 1520 2338 1590 despiciet
2358 1520 2409 1573 ι).
2439 1539 2458 1572 ι
2486 1520 2687 1575 Eadem
2721 1536 2885 1592 porro
2913 1533 2966 1577 et
2998 1523 3141 1593 apud
3197 1538 3389 1577 omnes
3417 1521 3653 1592 prophe-

2075 1621 2162 1666 tas
2194 1610 2467 1669 invenias.
2501 1609 2616 1668 Hoc
2649 1612 2818 1683 igitur
2842 1615 3004 1668 etiam
3031 1614 3151 1668 loco
3181 1614 3341 1669 dicit:
3369 1612 3655 1668 Manifesta

2076 1710 2207 1758 sunt
2252 1719 2373 1774 quae
2423 1703 2522 1759 tibi
2571 1705 2824 1775 praecepi.
2864 1703 3145 1761 Justitiam
3200 1706 3345 1761 enim
3376 1712 3429 1760 te
3458 1719 3656 1760 curare

2075 1795 2223 1859 volo,
2270 1801 2327 1857 et
2384 1810 2513 1865 erga
2559 1795 2869 1863 proximum
2922 1796 3223 1851 humanum
3263 1811 3405 1861 esse,
3453 1802 3508 1851 et
3560 1810 3656 1865 per

2076 1886 2262 1942 omnia
2300 1886 2409 1941 Deo
2446 1886 2640 1943 factori
2672 1892 3075 1958 obtemperare.
3110 1885 3237 1944 llaec
3264 1893 3446 1941 autem
3489 1886 3652 1940 etiam

2076 1994 2175 2051 per
2213 1977 2399 2036 Mosen
2429 1978 2600 2035 edixit
2632 1995 2644 2031 ι
2681 1998 2700 2031 ι
2741 1979 2942 2047 Diliges
2969 1980 3263 2035 Dominum
3296 1977 3465 2033 Deum
3497 1985 3651 2032 tuutn

2076 2077 2194 2124 toto
2223 2069 2386 2125 corde
2420 2079 2600 2137 tuo,et
2625 2078 2738 2126 tota
2763 2071 2948 2125 anima
2978 2077 3161 2137 tua,et
3188 2078 3303 2125 tota
3326 2075 3513 2125 mente
3539 2076 3653 2130 tua,

2075 2167 2132 2216 et
2158 2159 2349 2229 diliges
2380 2161 2687 2231 proximum
2737 2167 2891 2217 tuum
2932 2161 3075 2216 sicut
3125 2160 3358 2231 teipsum
3384 2169 3432 2215 ο.
3477 2177 3497 2210 ι
3531 2156 3657 2213 Haec

2078 2252 2245 2323 igitur
2270 2267 2392 2308 cum
2425 2267 2455 2306 a
2482 2259 2534 2308 te
2567 2252 2732 2308 lient:

2149 2537 2315 2593 Vens.
2352 2537 2406 2592 9.
2445 2556 2464 2590 ι
2507 2535 2615 2592 Vox
2645 2534 2863 2592 Domini
2892 2536 3100 2592 civitati
3128 2535 3388 2593 clamabit
3418 2552 3432 2589 :
3467 2542 3520 2589 et
3544 2535 3657 2591 sal-

2076 2631 2225 2684 vabit
2247 2628 2502 2685 timentes
2528 2643 2729 2695 nomen
2753 2629 2926 2698 ejus.»
2953 2628 3088 2683 Nam
3116 2627 3291 2698 reipsa
3316 2626 3658 2698 providentia

2077 2720 2254 2791 ipsius
2289 2719 2539 2785 recreati,
2570 2718 2785 2790 1509
2817 2719 2989 2790 ipsam
3015 2718 3179 2773 etiam
3214 2718 3427 2772 Domini
3468 2732 3658 2773 vocem

2080 2812 2271 2867 audire
2298 2810 2618 2867 videbimini
2640 2812 2873 2866 salutem
2906 2810 3060 2866 vobis
3092 2809 3514 2880 impcrtientem.

2156 3006 2175 3040 ι
2213 2985 2376 3051 Audi,
2411 2983 2611 3050 tribus,
2638 2991 2694 3038 et
2721 2984 2845 3054 quis
2874 2982 3093 3039 ornabit
3118 2982 3435 3038 civitatem?
3474 2979 3658 3051 (Vens.

2083 3079 2194 3152 10.)
2220 3077 2477 3149 Nunquid
2510 3077 2673 3149 ignis,
2701 3084 2756 3131 et
2787 3075 2983 3131 domus
3014 3074 3187 3144 iniqui
3241 3074 3503 3144 colligens
3547 3073 3665 3126 lite.-

399 3184 496 3238 καὶ
548 3181 686 3253 μετὰ
753 3180 965 3254 ὕϐρεως
1023 3181 1259 3248 ἀδικίας;
1297 3202 1317 3232 ι
1357 3180 1623 3253 Καθάπερ
1649 3181 1760 3252 γάρ
1789 3182 1850 3234 οὐ
1882 3180 1972 3233 κό-

2078 3171 2529 3242 saurosiniquos,
2557 3177 2613 3225 et
2635 3184 2760 3225 cum
2784 3169 2983 3239 injuria
3005 3168 3330 3238 iniquitates
3357 3166 3381 3219 ?
3417 3185 3435 3219 ι
3465 3166 3665 3231 Quem-

401 3290 538 3345 σμον
568 3273 727 3327 πόλει
749 3272 809 3326 τὸ
837 3273 968 3345 πῦρ,
998 3272 1115 3327 ἀλλ’
1156 3272 1484 3344 ἐμπρησμὸν
1508 3272 1703 3341 ἐπάγει
1726 3273 1820 3325 καὶ
1861 3270 1978 3324 ὅλε-

400 3365 564 3436 θροψ
598 3363 772 3429 οὕτως
810 3366 843 3435 ἡ
900 3364 992 3418 ἐπὶ
1014 3366 1112 3436 τὴν
1145 3364 1359 3418 ἀδικίαν
1405 3365 1572 3435 ῥοπὴ,
1610 3362 1749 3433 μετά
1774 3361 1975 3434 θρασύ-

376 3473 561 3526 οτητος
590 3455 886 3528 γιγνομένη
939 3455 1032 3510 καὶ
1071 3454 1301 3527 ὕϐρεως,
1336 3453 1580 3508 λωϐᾶται
1619 3455 1746 3517 τοὺς
1773 3471 1975 3526 κεχρη-

304 3628 307 3629 ν
404 3547 624 3620 μένους.

477 3668 565 3724 ια’,
608 3661 696 3732 ιβ’.
742 3678 761 3713 ι
799 3662 863 3714 El
916 3660 1339 3729 δικαιωθήσεται
1393 3660 1451 3715 ἐν
1481 3658 1633 3730 ζυγῷ
1679 3658 1861 3724 ἄδικος
1893 3658 1961 3722 ¹⁰,

402 3751 498 3805 καὶ
555 3751 614 3803 ἐν
670 3750 974 3821 μαρσίππῳ
1030 3749 1274 3819 στάθμια
1346 3749 1528 3815 δόλους
1576 3748 1667 3813 Ἐξ
1699 3749 1739 3780 ¹¹
1770 3740 1845 3802 ὧν
1888 3749 1980 3802 τὸν

402 3836 633 3891 πλοῦτον
670 3838 851 3890 αὐτῶν
913 3822 1156 3901 ἀδικίαξ⁴
1172 3838 1473 3909 ἐνέπλησαν
1515 3838 1588 3908 ης,
1620 3838 1713 3891 καὶ
1750 3840 1798 3891 oi
1843 3840 1981 3893 ἐνοι-

401 3927 628 3992 κοῦντες
660 3931 717 3982 ἐν
776 3928 923 4000 αὐτῷ
971 3928 1195 3982 ἐλάλουν
1256 3929 1425 3998 ψευδῆ
1457 3930 1522 3993 ⁸⁸,
1571 3929 1665 3982 καὶ
1698 3930 1730 4000 ἡ
1761 3929 1982 3997 γλῶσσα

402 4018 585 4073 αὐτῶν
620 4019 811 4089 ὑψώθη
858 4020 917 4073 ἐν
942 4018 1019 4090 τῷ
1051 4019 1280 4090 στόματι
1306 4019 1505 4074 αὐτῶν.
1548 4038 1566 4070 ι
1607 4020 1749 4091 Πρὸς
1774 4023 1841 4091 τῇ
1875 4020 1981 4091 γάρ

402 4109 631 4181 ἀσεϐείᾳ
686 4112 780 4165 καὶ
834 4110 1173 4181 παρανομίᾳ,
1227 4110 1471 4181 ἐτόλμων
1517 4102 1592 4163 ὧν
1648 4109 1853 4181 ἀρτίως
1882 4111 1983 4181 τὴν

403 4202 748 4272 κατηγορίαν
771 4203 1068 4276 ἐποιήσατο
1088 4216 1101 4230 ’
1135 4201 1374 4272 στάθμια
1408 4202 1506 4272 μὲν
1534 4201 1695 4256 ἄδικα
1726 4200 1822 4254 καὶ
1845 4199 1983 4269 ζυγὰ

404 4294 758 4365 κεκτημένοι,
791 4296 856 4349 ἐκ
926 4294 1242 4360 πλεονεξίας
1294 4294 1351 4349 δὲ
1391 4294 1484 4347 τὸν
1523 4291 1752 4347 πλοῦτον
1799 4292 1986 4346 συλλέ-

352 4430 363 4456 ἱ
402 4400 617 4453 γοντες,
651 4385 870 4455 ψευδέσι
921 4384 977 4439 δὲ
1004 4385 1184 4454 λόγοις
1211 4386 1311 4455 τὴν
1345 4384 1591 4454 γλῶτταν
1635 4382 1979 4456 μολύνοντες.

403 4476 610 4529 Τούτου
643 4477 823 4548 χάριν,
854 4476 1041 4551 φησίν,
1083 4476 1257 4548 ἀρχὴν
1289 4477 1388 4547 τῆς
1418 4475 1558 4529 κατὰ
1589 4474 1684 4529 σοῦ
1714 4474 1985 4545 τιμωρίας

403 4569 730 4639 ποιήσομαι,
753 4568 845 4622 καὶ
877 4568 1030 4633 δίκας
1065 4586 1123 4622 σε
1171 4569 1270 4638 τῆς
1307 4567 1653 4639 παρανομίας
1691 4566 1984 4637 εἰσπράξο-

408 4676 530 4730 μαι,
555 4660 649 4713 καὶ
685 4660 857 4731 συχνά
877 4676 958 4714 σοι
987 4660 1079 4715 καὶ
1106 4659 1384 4733 ἐπάλληλα
1416 4658 1602 4725 ἐπάξω
1631 4659 1795 4714 κακά.
1814 4657 1986 4712 Τοῦτο

405 4750 515 4822 γάρ
547 4744 668 4805 εἷπε
692 4764 707 4780 ⁸

477 4864 559 4918 ιδ’.
597 4882 616 4915 ι
655 4864 728 4917 Σὺ
755 4863 1012 4933 φάγεσαι,
1048 4863 1143 4917 καὶ
1180 4863 1241 4917 ού
1269 4865 1344 4935 μὴ
1387 4862 1725 4935 ἐμπλησθῇς.
1757 4884 1777 4918 ι
1815 4868 1985 4937 Περι-

406 4951 557 5007 ϐαλῶ
590 4954 649 5008 δέ
670 4972 730 5007 σε
767 4954 845 5024 τῷ
873 4953 1022 5025 ζόφῳ
1038 4953 1147 5007 τῶν
1183 4954 1500 5027 συμφορῶν,
1533 4956 1629 5010 καὶ
1674 4961 1819 5029 φυγῇ
1850 4969 1986 5029 χρ]-

408 5043 645 5111 σάμενος
685 5044 784 5097 οὐκ
815 5043 1180 5116 ὰπαλλαγήσῃ
1214 5045 1324 5100 τῶν
1359 5038 1760 5117 πολεμούντων.
1798 5065 1817 5099 ι
1872 5048 1987 5100 Ἐκ-

407 5137 619 5198 νεύσεις
649 5136 692 5167 ίδ
731 5135 861 5206 γὰρ,
897 5136 1054 5206 φησὶ,
1083 5136 1179 5190 καὶ
1211 5137 1270 5189 οὐ
1307 5137 1380 5207 μὴ
1410 5138 1701 5209 διασωθῇς,
1738 5140 1833 5192 καὶ¹
1872 5139 1985 5193 ὅσοι

409 5223 503 5278 ἐὰν
532 5227 574 5259 ³⁸
590 5228 947 5293 διασωθῶσιν,
975 5229 1032 5285 ἐν
1075 5228 1319 5299 ῥομφαίᾳ
1354 5228 1397 5260 ³⁸
1429 5229 1914 5302 παραδοθήσονται.
1958 5249 1977 5281 ι

2081 3266 2375 3323 admodum
2421 3262 2572 3319 enim
2626 3261 2767 3332 ignis
2810 3261 2929 3314 urbi
2978 3275 3088 3315 non
3137 3266 3416 3320 ornatum,
3448 3258 3543 3313 sed
3574 3259 3662 3311 in-

2080 3357 2336 3414 cendium
2375 3353 2535 3409 aﬂert
2587 3360 2641 3408 et
2696 3353 3039 3423 perniciem:
3088 3350 3171 3406 sic
3218 3349 3287 3404 ad
3340 3349 3662 3420 iniustitiam

2082 3445 2402 3519 proclivitas
2453 3458 2577 3498 cum
2631 3441 2859 3497 audacia
2908 3441 3200 3512 conjuncta
3227 3448 3283 3496 et
3309 3438 3662 3503 contumelia,

2080 3539 2340 3595 damnum
2367 3544 2518 3592 creat
2546 3534 2854 3591 utentibus.

2149 3649 2313 3706 Vens.
2358 3649 2449 3715 ll,
2495 3647 2583 3702 l9...
2615 3667 2633 3701 ι
2675 3649 2760 3702 An
2806 3644 3203 3719 justiticabitur
3235 3644 3291 3701 in
3320 3652 3527 3701 statera
3556 3643 3665 3700 ini-

2081 3760 2247 3815 quus,
2269 3750 2324 3799 et
2359 3742 2448 3797 cui
2475 3740 2530 3796 in
2559 3740 2782 3797 sacculo
2809 3745 2943 3794 sunt
2988 3738 3233 3811 pondera
3271 3736 3619 3793 fraudulenta
3643 3737 3667 3791 ’ί

2083 3838 2294 3905 Quibus
2315 3835 2538 3892 divitias
2564 3831 2862 3903 impietatis
2885 3845 3000 3886 suae
3033 3830 3420 3901 repleverunt:
3463 3836 3519 3885 et
3570 3829 3667 3900 qui

2082 3926 2331 3982 habitant
2371 3926 2427 3980 in
2458 3927 2477 3947 ⁶
2527 3939 2615 3986 ea,
2646 3920 2815 3976 locuti
2858 3927 2988 3975 sum
3037 3918 3346 3983 mendacia,
3397 3928 3451 3973 et
3484 3918 3666 3987 lingua

2080 4032 2270 4074 eorum
2319 4015 2554 4071 exaltata
2593 4020 2678 4069 est
2731 4011 2786 4065 in
2842 4025 2937 4065 ore
2989 4024 3202 4065 eorum.
3245 4028 3262 4060 ι
3302 4007 3435 4062 Nam
3473 4017 3668 4079 praeter

2082 4107 2415 4178 impietatem
2455 4112 2511 4160 et
2559 4102 2930 4172 iniquitatem,
2978 4099 3393 4155 committebant
3436 4116 3498 4155 ea
3542 4115 3667 4171 qua:

2082 4206 2209 4255 ante
2238 4195 2556 4253 damnavit:
2609 4199 2842 4249 stateras
2870 4198 2925 4247 et
2960 4190 3203 4262 pondera
3259 4191 3447 4263 iniqua
3481 4192 3665 4264 possi-

2083 4292 2296 4356 dentes,
2333 4287 2554 4343 divitias
2612 4299 2708 4356 per
2758 4282 2941 4339 scelus
3002 4291 3422 4355 congregantes,
3481 4283 3666 4341 verbis

2085 4379 2439 4437 mendacibus
2506 4377 2746 4448 linguam
2806 4374 3176 4446 inquinantes.
3239 4373 3386 4448 [l5]
3459 4377 3666 4442 Quam-

2086 4477 2292 4541 obrem,
2342 4471 2542 4542 inquit,
2595 4468 2674 4524 tui
2728 4467 3029 4524 ulciscendi
3082 4468 3300 4523 initium
3357 4467 3576 4535 faciam,
3614 4477 3670 4523 et

2018 4545 2060 4599 θ
2087 4567 2156 4624 de
2199 4562 2582 4635 iniquitatibus
2638 4559 2749 4615 tuis
2795 4572 2987 4628 poenas
3038 4564 3300 4623 repetam,
3347 4558 3670 4628 crebrisque

2087 4666 2142 4714 et
2166 4655 2441 4713 continuis
2466 4651 2626 4708 malis
2655 4658 2707 4707 te
2731 4649 3043 4705 cumulabo.
3084 4646 3198 4706 Hoc
3236 4647 3382 4703 enim
3414 4657 3497 4704 est
3522 4649 3665 4720 quod

2088 4749 2198 4805 ait:

2159 4862 2322 4917 Vens.
2359 4859 2445 4912 14.
2484 4875 2502 4908 ι
2535 4855 2617 4911 Tu
2654 4854 2928 4919 comedes,
2964 4863 3020 4910 et
3068 4869 3181 4909 non
3237 4852 3598 4908 saturaberis.
3643 4872 3661 4907 ι

2086 4952 2352 5009 Tenebris
2381 4957 2562 5004 autem
2601 4947 2949 5002 miseriarum
2994 4958 3044 5001 te
3095 4945 3411 5016 implicabo,
3443 4956 3499 5003 et
3542 4948 3668 5004 licet

2092 5045 2234 5116 fugae
2284 5052 2338 5098 te
2383 5038 2622 5104 dederis,
2663 5036 2850 5092 hostes
2883 5052 2992 5093 non
3041 5038 3260 5095 evades.
3299 5058 3318 5091 ι
3359 5039 3668 5097 Declinabis

2089 5137 2261 5201 enim,
2293 5131 2491 5202 inquit,
2517 5138 2572 5185 et
2599 5143 2706 5183 non
2741 5128 3065 5194 salvaberis,
3099 5141 3154 5187 et
3199 5130 3517 5203 quicunque
3557 5136 3668 5189 sal-

2090 5229 2200 5284 vati
2232 5226 2468 5290 fuerint,
2495 5220 2677 5295 gladio
2721 5218 3056 5278 tradentur.»
3101 5222 3217 5298 [l5]
3251 5224 3366 5280 lmo
3442 5227 3663 5283 etiamsi

484 5391 505 5418 ²
538 5380 682 5437 l‘sal.
718 5398 867 5448 xux,
891 5382 943 5445 9,
982 5380 1063 5434 l0.
1140 5392 1164 5419 ιι
1189 5379 1322 5435 ibid.
1353 5380 1438 5446 Η,
1473 5379 1560 5438 15.
1639 5381 1666 5420 l'
1699 5380 1840 5440 Psal.
1874 5397 1926 5446 L,
1962 5383 1976 5436 l

2080 5380 2163 5435 l9.
2243 5390 2264 5417 ‘
2302 5378 2552 5440 Delli-Vl.
2583 5378 2647 5447 5;
2682 5383 2812 5441 coll.
2846 5380 3012 5437 Marc.
3050 5397 3150 5451 xu,
3182 5383 3271 5448 30,
3305 5384 3391 5438 5t.

1642 5539 1875 5595 VAllle
1911 5541 2206 5598 LECTION
2214 5544 2315 5599 ES.

507 5654 527 5684 "
557 5672 690 5724 μακ.
733 5654 773 5709 C
814 5670 1000 5725 prtem.
1045 5654 1193 5725 τοῦη
1244 5656 1266 5687 ⁸
1292 5655 1375 5723 δρ.
1412 5654 1609 5725 Supra,
1650 5666 1688 5713 t.
1726 5657 1766 5719 1,

1810 5674 1865 5729 ιι.
1907 5657 2031 5729 927,
2063 5658 2255 5729 ἀγροῦ.

2361 5658 2381 5690 9
2409 5659 2448 5729 Α
2474 5656 2825 5729 κληθήσεται.
2916 5660 2960 5691 ¹⁸
2992 5660 3075 5714 άδ.
3114 5660 3157 5711 Δ
3186 5658 3408 5729 ἄνομος.
3507 5654 3544 5684 ⁸³
3580 5655 3662 5721 ἐξ.

411 5722 857 5801 ᾑιρτὼιιμζίαίζμ
916 5727 957 5757 ⁸³
989 5726 1033 5801 Α
1063 5722 1609 5801 άσεὸείᾳςέπλησαν.
1666 5728 1708 5760 ¹³
1747 5729 1791 5782 Α
1814 5722 2321 5800 ’ἐλάλησανᾚδικι
2393 5727 2433 5759 ⁸⁸
2465 5722 2608 5785 Ἐκν.
2635 5722 2721 5783 Ἰιιι
2755 5744 2972 5801 quoque
2998 5729 3072 5796 C,
3103 5728 3197 5784 sed
3233 5722 3467 5782 A'ltabct
3506 5740 3665 5780 κατα-

412 5793 579 5864 λήψη.
685 5796 727 5826 ³⁵
761 5796 800 5848 Α
827 5795 910 5850 ἄν.
991 5796 1033 5828 ³⁸
1066 5795 1104 5849 Α
1132 5798 1212 5861 είς
1242 5793 1534 5866 ῥομφαίαν.
