4088 6408
456 378 585 446 1781

1640 374 1722 433 IN
1762 373 2084 433 MICH.E.E
2117 372 2273 432 CAP.
2312 374 2439 433 VII.

3553 371 3692 435 17δὲ

445 495 558 560 τῆς.
592 485 913 560 κηδε-στρίας
965 484 1375 556 ἐπιμελεῖσθαι·
1424 483 1638 538 πάντων
1673 479 1782 537 οἷον
1826 486 1883 536 ἐν
1909 484 2026 536 δια-

2144 475 2507 541 ιιιιιιεδ’νοιυιὶ
2551 484 2605 538 iu
2653 484 2887 540 dissidio
2944 484 3185 554 quodam
3209 485 3350 551 sint,
3388 486 3500 541 alio
3521 486 3688 539 alium

448 581 638 634 στάσει
664 578 772 632 τινὶ
795 578 1154 646 γιγνομὲνων,
1183 577 1278 630 καὶ
1317 573 1559 644 ἀλλήλων
1597 573 2017 643 ὐπερορώντων,

445 669 545 723 καὶ
601 667 756 738 μόλις
800 667 900 736 τῆς
949 666 1158 744 οξκείας
1219 665 1490 736 σωτηρίας
1529 665 2016 736 προμηθουμένων.

463 762 601 815 Ἀλλ’
624 763 820 814 ἐκεῖνοι
858 760 958 832 μὲν
991 762 1048 812 ἐν
1075 759 1284 821 τούτοις
1337 757 1548 810 ἔσονται
1578 773 1589 785 ·
1621 756 1730 824 ἐγὼ
1756 755 1834 821 δὲ,
1856 758 2020 829 φησὶν

449 857 480 906 ὁ
509 853 818 926 προφήτης,

521 964 589 1026 ζ’.
631 981 650 1014 ι
710 963 798 1017 Ἐν
829 961 908 1032 τῷ
934 963 1123 1032 Κυρίῳ
1150 960 1510 1032 ἐπιϐλέψομαι
1549 963 1616 1025 ’³,
1649 961 1904 1032 ὑπομενῶ
1931 961 2025 1014 ἐπὶ

452 1053 530 1125 τῷ
557 1053 676 1124 Θεῷ
705 1053 922 1123 Σωτῆρι
943 1052 988 1083 ³⁸
1015 1070 1136 1123 μου.
1183 1073 1202 1105 ι
1227 1053 1338 1108 Καὶ
1362 1053 1596 1120 δεικνὺς,
1625 1050 1734 1115 οἷος
1757 1053 1856 1122 τῆς
1890 1054 2024 1106 ὕπο·-

455 1145 626 1216 μονῆς
655 1146 684 1198 ὁ
707 1143 939 1215 καρπὸς,
994 1162 1012 1194 ι
1055 1143 1448 1196 Ἐπακούσεταί
1481 1162 1603 1214 μου,
1629 1145 1816 1215 φησὶν,
1839 1147 1867 1197 ὁ
1895 1144 2024 1208 Θεὸς

456 1252 581 1303 μου.
623 1253 641 1286 ι
667 1232 822 1286 Οὕτω
855 1231 1043 1301 σαφῶς
1059 1231 1276 1298 διδάξας
1309 1233 1408 1302 τῆς
1455 1236 1532 1296 είς
1559 1233 1692 1287 Θεὸν
1718 1233 1933 1297 ἐλπίδος
1965 1235 2027 1287 τὸ

454 1322 666 1394 κέρδος,
694 1324 795 1393 τῆς
834 1320 1188 1390 Ἰερουσαλὴμ
1214 1321 1584 1392 ἀναλαμϐάνει
1620 1323 1682 1376 τὸ
1717 1323 2025 1394 πρόσωπον,

455 1414 552 1467 καὶ
579 1413 713 1483 πρὸς
739 1411 838 1484 τὴν
854 1412 1158 1482 Ἰδουμαίαν
1175 1414 1408 1466 ποιεῖται
1433 1414 1557 1476 τοὺς
1587 1413 1800 1484 λόγους,
1827 1415 2029 1486 ἐχθράν

455 1501 623 1556 οὖσαν
651 1501 740 1555 ἀεὶ
769 1502 861 1555 καὶ
891 1502 1178 1571 πολεμίαν.

529 1624 600 1688 η’.
639 1635 658 1668 ι
696 1616 789 1685 Μὴ
851 1616 1101 1686 ἐπίχαιρὲ
1150 1633 1260 1684 μοι,
1313 1617 1345 1686 ἡ
1390 1616 1557 1686 ἐχθρά
1595 1633 1718 1686 μου,
1780 1618 1860 1669 ὅτι
1934 1617 2032 1669 πέ-

459 1726 672 1761 πτωκα.
709 1726 729 1759 ι
793 1709 1190 1778 Ἀναστήσομαι
1245 1709 1352 1778 γάρ
1401 1709 1499 1779 τῆς
1547 1710 1694 1772 Θείας
1734 1710 2032 1762 ἀπολαύου-

2117 577 2481 647 despiciente.
2517 585 2574 632 et
2594 576 2680 632 vix
2715 577 2991 646 propriam
3041 577 3274 632 salutem
3331 585 3686 646 procurante.

2122 669 2187 722 Et
2213 669 2291 722 illi
2323 668 2550 738 quidem
2577 670 2662 724 sic
2690 667 2873 724 aﬂ‘ccti
2897 677 3061 723 erunt
3100 687 3114 724 :
3147 684 3250 741 ego
3287 677 3491 736 autem,
3520 670 3694 740 inquit

2121 762 2384 830 pr0pheta
2419 779 2433 815 ;

2198 959 2367 1014 Vens.
2395 961 2445 1014 7.
2485 978 2503 1010 ι
2544 959 2602 1014 In
2657 960 2946 1016 Dominum
3008 960 3250 1016 intentus
3309 975 3405 1014 ero
3440 978 3452 1014 :
3497 974 3694 1028 exspe-

2124 1049 2288 1104 ctabo
2347 1047 2517 1103 Deum
2571 1050 2904 1105 salvatorem
2952 1065 3156 1105 meum.
3199 1069 3217 1101 ι
3255 1049 3321 1104 Et
3371 1049 3693 1111 ostendens,

2125 1141 2253 1210 quis
2280 1141 2356 1195 sit
2379 1141 2813 1210 exspectationis
2841 1142 3079 1207 fructus,
3117 1161 3136 1194 ι
3175 1140 3463 1205 Exaudiet,
3493 1140 3694 1212 inquit,

2127 1250 2213 1289 me
2239 1235 2382 1290 Deus
2408 1250 2584 1290 meus.
2620 1254 2638 1287 ι
2662 1233 2964 1305 Postquam
2988 1236 3060 1290 ad'
3086 1236 3230 1289 hunc
3259 1235 3483 1289 modum
3512 1243 3698 1304 aperte

2128 1325 2322 1380 docuit
2353 1328 2467 1395 spei
2500 1327 2556 1381 in
2595 1325 2764 1382 Deum
2797 1329 2993 1397 positae
3023 1327 3270 1391 lucrum,
3307 1325 3699 1398 Hierosolyma:

2128 1430 2423 1486 personam
2449 1416 2648 1481 induit,
2678 1424 2732 1472 et
2767 1418 2836 1472 ad
2863 1416 3160 1472 Idumaeam
3194 1417 3360 1474 verba
3395 1416 3545 1482 facit,
3579 1432 3702 1488 qua:

2129 1507 2355 1562 inimica
2389 1523 2605 1577 semper
2634 1515 2689 1562 et
2726 1507 2906 1563 hostis
2936 1515 3077 1562 erat.

2200 1615 2370 1672 Vens.
2407 1617 2459 1671 8.
2493 1635 2511 1668 ι
2542 1615 2619 1671 Ne
2660 1616 2896 1674 insultes
2928 1617 3082 1682 mihi,
3135 1618 3358 1673 inimica
3393 1632 3533 1685 mea,
3574 1618 3703 1690 quia

2133 1706 2328 1761 cecidi.
2369 1725 2387 1759 ›
2431 1707 2641 1776 1512
2691 1707 2990 1779 Resurgam
3015 1708 3160 1764 enim
3201 1709 3387 1762 divina
3417 1709 3706 1763 curatione

461 1819 530 1854 σα
585 1800 945 1870 κηδεμονίαςο
987 1801 1147 1864 αὐτὸς
1197 1803 1304 1872 γὰρ
1351 1801 1442 1853 καὶ
1488 1802 1546 1853 ἐν
1599 1802 1774 1871 σκότῳ
1817 1801 2032 1869 διαγού-

2144 1798 2467 1852 sublevata:
2515 1799 2634 1868 ipse
2694 1799 2841 1853 enim
2889 1799 3053 1854 etiam
3118 1800 3170 1854 in
3222 1800 3467 1855 tenebris
3523 1801 3705 1869 agenti

462 1908 534 1965 σῃ
579 1892 675 1962 τὴν
715 1891 920 1944 οἰκείαν
966 1891 1159 1962 αἴγλην
1195 1892 1439 1964 παρέξει.
1479 1892 1668 1945 Νῦνδέ
1716 1892 1886 1962 ὀργὴν
1922 1895 2032 1945 Κυ-

464 1982 582 2052 ρίου
632 1980 872 2043 ὑποίσω,
903 1981 984 2033 ὅτι
1032 1981 1281 2052 ἥμαρτον
1318 1980 1468 2051 αὐτῷ
1492 1998 1506 2012 ·
1541 1980 1658 2034 οἶδα
1690 1982 1799 2052 γάρ
1831 1982 1930 2052 τῆς
1954 1999 2035 2033 τι-

465 2069 678 2142 μωρίας
717 2068 776 2124 τὸ
816 2070 1056 2136 δίκαιον,
1093 2072 1173 2133 είς
1202 2070 1263 2123 τὸ
1300 2070 1530 2141 μέγεθος
1584 2071 1906 2125 ἁποὸλέπων
1936 2074 2036 2141 τῆς

463 2161 764 2236 ἁμαρτίας.
801 2161 1081 2232 ’Δναμένω
1105 2160 1162 2214 δὲ
1199 2162 1349 2231 ὅμως
1395 2161 1492 2232 τὴν
1522 2162 1732 2215 δικαίαν
1759 2162 1899 2216 κατά
1927 2161 2035 2215 τῶν

461 2253 891 2325 πολεμησάντων
917 2253 964 2287 ³³
993 2252 1197 2325 κρίσιν.
1225 2253 1289 2306 El
1319 2252 1428 2326 γὰρ
1456 2254 1549 2308 καὶ
1577 2253 1685 2321 ἐγὼ
1705 2253 1852 2318 δίκας
1885 2254 2038 2308 ἔτισα

465 2343 609 2414 ὑπὲρ
643 2336 716 2396 ὧν
742 2340 1164 2413 ἐπλημμέλησα,
1199 2341 1311 2396 ἀλλ’
1339 2344 1536 2397 ἐκεῖνοι
1558 2343 1727 2414 ἀδίκῳ
1761 2343 1881 2397 κατ’
1903 2343 2036 2413 ἐμοῦ

463 2435 770 2505 ἐχρήσαντο
811 2435 1026 2506 γνώμη.
1097 2433 1311 2505 Ταυτὴν
1374 2434 1484 2504 ἔχει
1532 2435 1632 2505 τὴν
1687 2435 1896 2488 ἔννοιαν
1944 2436 2035 2498 τὸ,

471 2543 490 2572 α
531 2525 678 2587 Ἕως
696 2523 762 2577 ἂν
796 2524 842 2556 ⁸⁸
879 2524 1147 2596 δικαιώσῃ
1175 2523 1273 2594 τὴν
1301 2523 1456 2594 δίκην
1491 2541 1614 2593 μου,
1650 2524 1743 2578 καὶ
1774 2525 2038 2596 ποιήσῃ²⁷

464 2614 530 2668 τὸ
565 2613 741 2686 κρτμά
776 2629 898 2685 μου,
927 2613 1022 2668 καὶ
1053 2613 1217 2684 ἐξάξῃ
1261 2631 1327 2683 με
1361 2617 1440 2676 είς
1460 2614 1517 2666 τὸ
1547 2615 1684 2682 φώς,
1715 2617 1810 2670 καὶ
1841 2616 1886 2647 ’⁸
1915 2615 2040 2685 ὅψο-

470 2725 570 2778 μαι
601 2709 700 2776 τὴν
737 2704 1087 2777 δικαιοσύνην
1126 2704 1316 2759 αὑτοῦ.
1356 2723 1375 2756 ι
1422 2705 1562 2759 ’Υπδ
1589 2705 1690 2776 μὲν
1732 2706 1842 2777 γὰρ
1874 2705 2038 2759 αὑτοῦ

467 2799 879 2870 κατακέκριμαι
931 2797 1154 2860 δικαίως
1173 2814 1187 2829 ·
1216 2797 1356 2851 κατά
1393 2797 1448 2850 δὲ
1480 2797 1704 2850 ἐκείνων
1735 2798 1841 2868 ἔχω
1859 2797 2042 2850 δίκαια

469 2891 784 2962 πάμπολλα,
813 2891 907 2944 καὶ
933 2889 1122 2943 τούτου
1158 2888 1318 2959 χάριν
1343 2888 1442 2959 τὴν
1469 2888 1619 2942 θείαν
1647 2887 1832 2958 ψῆφον
1865 2903 2041 2959 προσ-

473 2983 624 3058 μενῶ
645 3000 658 3014 ·
686 2983 817 3037 ὅταν
846 2981 905 3036 δὲ
955 2981 1158 3051 ταύτην
1185 2979 1554 3050 ἐξενεχθεῖσαν
1606 2978 1910 3051 θεάσωμαι,
1948 2979 2044 3032 καὶ

467 3073 570 3143 τῆς
593 3072 832 3132 ἐκείνων,
853 3069 1092 3131 δουλείας
1118 3069 1416 3140 ἀπαλλαγῶ
1433 3109 1448 3135 ,

2137 1889 2316 1944 lucem
2374 1904 2530 1944 suam
2569 1890 2832 1960 porriget.
2898 1888 2976 1962 [9]
3017 1889 3176 1946 Nunc
3235 1906 3364 1945 vero
3419 1891 3556 1944 iram
3612 1891 3706 1945 Dei

2137 1979 2444 2043 sustinebo,
2476 1978 2606 2048 quia
2671 1978 2893 2047 peccavi
2963 1988 3156 2033 contra
3219 1994 3344 2033 eum
3380 1997 3392 2031 :
3432 1993 3710 2048 cognosco

2137 2069 2288 2124 enim
2344 2069 2577 2123 ultionis
2608 2069 2950 2138 a'quitatcm,
3010 2068 3228 2140 peccati
3272 2068 3707 2140 magnitudinem

2137 2161 2525 2216 considerans.
2580 2159 2788 2216 Tamen
2844 2169 3107 2230 exspecto
3161 2159 3376 2229 justum
3435 2160 3708 2234 judicium

2139 2251 2406 2308 adversus
2458 2268 2578 2317 eos,
2628 2255 2721 2322 qui
2772 2251 2977 2306 bellum
3030 2249 3362 2307 intulerunt.
3404 2251 3518 2307 Etsi
3559 2252 3709 2306 enim

2140 2357 2239 2414 ego
2264 2357 2456 2412 poenas
2493 2343 2733 2413 persolvi
2765 2343 2833 2398 de
2861 2344 2948 2398 his
2974 2359 3097 2412 quae
3151 2343 3380 2412 deliqui,
3428 2353 3605 2398 tamen
3633 2343 3713 2396 illi

2141 2433 2345 2501 iniusta
2378 2441 2575 2486 contra
2600 2449 2605 2453 ·
2632 2447 2718 2487 me
2747 2435 2868 2487 usi‘
2901 2443 3030 2488 sunt
3088 2433 3395 2489 voluntate.
3448 2432 3712 2488 Eumdem

2141 2539 2362 2578 sensum
2403 2524 2568 2578 habet
2623 2523 2770 2593 quod
2803 2525 3078 2594 sequitur.
3129 2543 3149 2576 ι
3205 2525 3390 2580 Donec
3445 2524 3716 2596 justiﬁcet

2141 2629 2367 2669 causam
2403 2631 2601 2679 meam,
2641 2622 2696 2670 et
2732 2615 2894 2669 faciat
2925 2612 3202 2685 judicium
3255 2632 3460 2681 meum,
3487 2624 3543 2670 et
3581 2615 3718 2669 edu-

2142 2714 2234 2759 cat
2264 2722 2348 2761 me
2373 2707 2426 2760 in
2461 2707 2664 2770 lucem,
2705 2715 2760 2761 et
2793 2707 3007 2761 videam
3030 2706 3306 2776 justitiam
3331 2707 3473 2776 ejus.
3506 2726 3524 2759 ι
3559 2704 3718 2762 Juste

2144 2797 2365 2868 quidem
2401 2798 2471 2853 ab
2514 2814 2580 2853 eo
2619 2797 2991 2852 condemnata
3033 2813 3154 2852 sum
3197 2817 3211 2853 :
3247 2805 3303 2851 at
3339 2805 3536 2852 contra
3592 2798 3718 2852 illos

2141 2889 2268 2960 jura
2291 2889 2468 2943 habeo
2500 2889 2793 2957 permulta,
2826 2896 2881 2942 et
2925 2889 3046 2942 ideo
3094 2889 3337 2942 divinam
3385 2887 3717 2944 sententiam

2145 2980 2476 3050 exspectabo
2511 2998 2523 3033 :
2558 2980 2786 3050 quando
2837 2986 3022 3034 autem
3078 2980 3223 3034 hanc
3279 2980 3444 3032 latam
3503 2977 3718 3040 videbo,

2147 3077 2215 3128 ab
2242 3073 2460 3127 illorum
2495 3087 2714 3142 quoque
2746 3072 3012 3127 servitute
3052 3071 3281 3125 liberata
3314 3085 3411 3126 ero
3440 3088 3456 3126 :

545 3203 596 3238 ι.
637 3203 654 3236 ι
705 3181 931 3251 Ὀψεται
979 3181 1012 3252 ἡ
1057 3180 1230 3252 ἐχθρά
1293 3197 1417 3252 μου,
1463 3179 1561 3236 καὶ
1605 3179 1837 3250 καλύψει
1876 3179 2041 3251 αὐτὴν

2221 3179 2388 3235 Vsus.
2429 3179 2516 3233 10.
2560 3197 2579 3230 ι
2627 3177 2839 3235 Videbit
2867 3180 3087 3233 inimica
3124 3195 3242 3234 mea
3275 3180 3403 3250 (me)
3437 3180 3723 3248 ctopcrict

471 3274 702 3347 αἰσχύνη
729 3275 797 3339 ’³,
854 3276 886 3345 ὴ
934 3271 1166 3340 λέγουσα
1214 3271 1353 3342 πρὸς
1405 3287 1470 3340 με
1499 3271 1576 3303 ³⁸·
1615 3271 1722 3324 Ποῦ
1757 3274 1906 3324 ἐστιν
1932 3271 1975 3303 ⁸¹
2016 3273 2044 3324 ὁ

470 3367 606 3428 Θεός
641 3383 778 3432 σου;
819 3385 838 3418 ›
871 3365 945 3418 Ού
988 3363 1146 3436 μόνον
1177 3363 1233 3416 δὲ
1264 3361 1402 3432 αὕτη
1444 3361 1635 3432 ὄψεταί
1683 3379 1785 3434 μου
1827 3363 1928 3432 τὴν
1958 3363 2046 3415 εύ-

473 3456 732 3528 ημερίαν,
763 3455 856 3510 καὶ
882 3455 973 3508 τοῦ
1008 3453 1143 3506 Θεοῦ
1176 3470 1278 3523 μου
1305 3453 1402 3525 τὴν
1430 3451 1680 3522 δύναμιν,
1708 3451 1828 3505 καθ’
1860 3448 1920 3507 οὗ
1948 3451 2046 3524 τὴν

473 3546 722 3616 γλῶσσαν
753 3545 1035 3610 ἐξέτεινεν,
1068 3542 1201 3596 ἀλλά
1238 3542 1333 3597 καλ⁵
1382 3541 1491 3611 ἐγὼ
1516 3542 1614 3614 τὴν
1647 3541 1814 3612 αὐτῆς
1845 3541 2046 3617 ὂψομαι

408 3667 418 3674 -
472 3637 833 3710 δυσπραξίαν.

553 3749 571 3784 ι
601 3732 662 3784 Ol
716 3727 983 3800 ὀφθαλμοί
1043 3745 1144 3796 μου
1192 3727 1301 3799 γάρ
1349 3727 1639 3798 ἐπόψονται
1698 3725 1904 3799 αύτήν·
1953 3725 2048 3778 νῦν

476 3821 630 3876 εσται
676 3823 754 3884 είς
809 3819 1202 3888 καταπάτημα,
1254 3818 1330 3882 ὡς
1384 3819 1552 3890 πηλὸς
1600 3819 1658 3870 ἐν
1716 3822 1835 3882 ταῖς
1887 3819 2045 3880 ὁδοῖς.

477 3910 617 3985 (ια’.)
652 3910 864 3981 Ἡμέρα
884 3909 1109 3979 άλοιφῆς
1134 3907 1376 3972 πλίνθου,
1397 3907 1668 3977 ἐξάλειψίς
1694 3926 1787 3962 σου
1815 3911 1846 3979 ἠ
1869 3908 2051 3978 ἡμέρα

475 4002 662 4074 ἐκείνη
683 4017 695 4029 ⁸
722 4001 816 4054 καὶ
851 4001 895 4033 ³²
927 3999 1204 4054 ἀπώσεται
1240 3999 1447 4069 νόμιμά
1476 4017 1590 4053 σου.
1639 4000 1727 4051 Ἐν
1769 4002 1833 4070 τῇ
1867 3999 2050 4069 ἡμέρᾳ

474 4091 662 4164 ἐκείνη
688 4091 735 4125 ³³
761 4091 855 4145 καὶ
874 4092 929 4146 al
962 4089 1139 4152 πόλεις
1174 4105 1266 4143 σου
1300 4089 1522 4162 ἥξουσιν
1550 4091 1628 4152 είς
1662 4089 2044 4159 συγκλεισμδν,

475 4185 573 4238 καὶ
611 4183 656 4217 ³⁵
680 4183 760 4246 είς
782 4181 1144 4253 διαμερισμὸν
1178 4181 1497 4252 Ἀσσυρίων.
1545 4200 1562 4234 ι
1595 4181 1861 4252 Καθάπερ
1882 4181 1989 4252 γὰρ
2022 4183 2050 4233 ὁ

476 4273 558 4336 είς
587 4273 813 4343 ἀλοιφὴν
843 4272 936 4326 καὶ
966 4271 1173 4342 χρίσμα
1215 4271 1322 4324 τῶν
1372 4271 1608 4324 πλίνθων
1642 4271 2050 4336 κατασκευαζό-

481 4381 640 4437 μενος
659 4364 846 4435 πηλὸς,
874 4363 1075 4435 θύραζε
1100 4362 1290 4434 ριπτού
1299 4379 1478 4433 μενος,
1499 4362 1605 4415 ὑπὸ
1619 4362 1727 4417 τῶν
1748 4363 2052 4434 παριόντων

477 4456 736 4513 ἁπάντων
789 4457 1208 4522 καταπατεῖται,
1262 4453 1405 4509 ὥστε
1458 4454 1538 4518 είς
1568 4453 1687 4508 δέον
1709 4455 1808 4518 τὰς
1845 4454 2051 4524 βώλους

2145 3287 2264 3327 eam
2326 3272 2602 3337 confusio,
2667 3286 2790 3342 quze
2843 3272 2977 3326 dicit
3017 3272 3081 3326 ad
3120 3287 3205 3326 me
3236 3289 3249 3325 :
3285 3271 3389 3328 Ubi
3447 3281 3532 3326 est
3569 3271 3721 3326 Deus

2147 3365 2308 3418 tuus?
2346 3383 2363 3415 ›
2400 3363 2517 3418 Non
2554 3365 2734 3420 solum
2769 3373 2952 3419 autem
2987 3364 3196 3418 videbit
3235 3363 3356 3433 ipsa
3391 3377 3567 3417 meam
3593 3379 3722 3430 pro-

2147 3459 2489 3525 speritatem,
2529 3463 2583 3510 et
2618 3455 2715 3510 Dei
2747 3455 2850 3510 mei
2894 3455 3082 3519 robur,
3113 3455 3166 3508 in
3209 3467 3372 3524 quem
3423 3453 3718 3509 maledicta

2147 3546 2405 3614 conjecit,
2434 3545 2529 3602 sed
2565 3554 2619 3601 et
2654 3561 2756 3618 ego
2786 3547 2988 3603 videbo
3025 3545 3148 3617 ejus
3177 3545 3575 3602 calamitatem.

2228 3745 2246 3777 ι
2283 3725 2444 3782 Oculi
2482 3727 2626 3782 enim
2682 3726 2789 3783 mei
2835 3725 3104 3782 videbunt
3141 3739 3290 3789 eam,
3329 3739 3476 3778 nunc
3509 3722 3617 3777 erit
3667 3720 3722 3775 in

2153 3817 2662 3886 conculcatiouem,
2719 3819 2864 3876 sicut
2901 3819 3077 3872 lutum
3110 3819 3166 3872 in
3203 3818 3331 3871 viis.
3389 3815 3580 3888 (Vens.
3611 3815 3724 3883 ll.)

2154 3906 2283 3962 Dies
2319 3907 2496 3962 liturae
2533 3908 2974 3976 lateris,deletio
2999 3914 3091 3960 tua
3124 3906 3246 3960 dies
3287 3906 3379 3959 ille
3415 3922 3429 3959 :
3460 3911 3515 3959 et
3547 3903 3726 3972 repel-

2153 3997 2228 4051 let
2259 3996 2498 4066 legitima
2541 4007 2656 4051 tua.
2702 3996 2799 4052 Die
2840 3997 2934 4051 illo
2962 4004 3017 4050 et
3067 3995 3234 4049 urbes
3273 4001 3382 4048 tua:
3414 3992 3636 4047 venient
3670 3993 3724 4046 in

2153 4087 2592 4154 conclusionem,
2655 4094 2710 4142 et
2760 4087 2814 4140 in
2877 4086 3204 4142 divisionem
3267 4083 3642 4155 Assyriorum.
3703 4103 3723 4136 ι

2153 4179 2626 4248 Quemadmodum
2673 4178 2818 4234 enim
2877 4180 3076 4244 lutum,
3114 4176 3183 4231 ad
3217 4174 3509 4231 illinendos
3547 4183 3601 4230 et
3627 4177 3726 4229 lin-

2155 4271 2362 4342 gendos
2420 4270 2622 4326 lateres
2680 4276 3084 4340 comparatum,
3133 4266 3284 4321 foras
3311 4265 3620 4336 projectum
3656 4265 3726 4320 ab

2153 4363 2417 4418 omnibus
2490 4361 2953 4432 praetereuntibus
3005 4360 3389 4426 conculcatur,
3433 4369 3492 4413 ut
3530 4359 3725 4428 gleba.

2159 4455 2304 4510 sicut
2350 4469 2488 4525 opus
2553 4453 2743 4519 fuerit,
2805 4453 3018 4527 1513
3065 4453 3293 4508 dissolvi
3350 4453 3606 4522 possint:
3645 4450 3727 4503 sic

474 4545 794 4616 διαλυθῆναι
823 4563 837 4578 ’
892 4543 1064 4609 οὕτως
1121 4545 1220 4616 ἔσῃ
1263 4541 1550 4615 πρόχειρος
1609 4544 1783 4598 ἅπασι
1823 4545 1918 4598 καὶ
1959 4545 2041 4598 su-

2157 4547 2412 4616 exposita
2460 4545 2572 4601 eris
2605 4544 2884 4609 omnibus,
2929 4553 2983 4600 et
3012 4552 3173 4614 captu
3212 4543 3416 4607 facilis,
3449 4543 3518 4598 ab
3545 4541 3726 4595 omni-

477 4636 704 4702 ἀλωτος.
728 4636 834 4691 ὑπὸ
858 4637 1074 4690 πάντων
1103 4635 1214 4689 τῶν
1245 4637 1538 4707 περιοίκων
1561 4636 1928 4709 ἀναιρουμένη
1953 4637 2050 4692 καὶ

477 4728 816 4800 πατουμένη.
845 4727 977 4782 Τότε
1027 4744 1120 4780 σου
1184 4728 1280 4780 καὶ
1321 4729 1371 4782 οἱ
1428 4728 1732 4799 παράνομοι
1767 4728 1921 4800 νόμοι
1953 4729 2051 4801 λή-
2109 4717 2118 4725 ”

475 4817 669 4888 ψονται
704 4817 898 4896 πέρας,
927 4820 1018 4872 καὶ
1059 4819 1115 4872 αἱ
1147 4818 1329 4881 πόλεις
1360 4819 1688 4890 ὑπομενοῦσι
1713 4820 2048 4892 πολιορκίαν·

473 4910 634 4965 τοῦτο
691 4911 800 4984 γάρ
855 4911 1079 4965 ἐκάλεσε
1135 4913 1578 4981 συγκλεισμόν·
1626 4912 1718 4965 καὶ
1767 4913 1877 4966 τῶν
1915 4914 2050 4966 ἐνοι-

473 5000 717 5057 κούντων
757 5002 816 5054 τὸ
842 5001 1046 5070 πλῆθος
1096 5002 1201 5055 ὑπὸ
1231 5001 1337 5055 τῶν
1375 5002 1647 5073 πολεμίων
1675 5003 2049 5074 διαιρούμενον

475 5089 748 5150 δουλεύειν
775 5090 1274 5161 ἀναγκασθήσεται.
1313 5089 1529 5159 Ἐπειδὴ
1583 5090 1640 5143 δὲ
1687 5089 1780 5144 καὶ
1809 5091 1863 5142 αἱ
1893 5089 2050 5143 ἄλλαι

475 5180 747 5250 περίοικοι
777 5180 961 5244 πόλεις
989 5183 1112 5243 ταῖς
1142 5180 1410 5234 Ἰουδαίων
1429 5182 1686 5252 ἐφήδοντο
1720 5181 2049 5251 συμφοραῖς,

477 5273 790 5340 ἀναγκαίως
839 5274 934 5326 καὶ
981 5273 1180 5345 Τύρου,
1217 5273 1310 5326 καὶ
1359 5274 1576 5344 Συρίας,
1602 5273 1695 5328 καὶ
1729 5273 1833 5325 τών
1874 5272 2050 5325 ἄλλων

2159 4639 2262 4694 bus
2289 4637 2488 4692 vicinis
2510 4637 2796 4692 destructa
2820 4645 2875 4692 et
2901 4636 3244 4692 conculcata.
3275 4633 3390 4706 [l2]
3415 4633 3553 4689 Tum
3584 4633 3728 4702 leges

2159 4740 2266 4785 tuae
2313 4730 2518 4799 iniquas
2570 4728 2730 4783 finem
2785 4729 3080 4798 accipient,
3111 4736 3167 4782 et
3212 4727 3381 4782 urbes
3435 4725 3730 4781 obsidione

2157 4826 2514 4888 prementur;
2552 4818 2696 4872 hanc
2738 4816 2884 4872 enim
2936 4818 3153 4871 vocavit
3206 4815 3594 4870 conclusionem
3626 4830 3642 4868 :
3675 4822 3730 4870 et

2159 4908 2464 4963 multitudo
2489 4907 2860 4963 habitantium
2897 4907 2969 4963 ab
3004 4906 3258 4961 hostibus
3293 4906 3558 4974 dissipata
3615 4920 3733 4959 ser-

2162 5000 2280 5056 vire
2311 5007 2560 5070 cogetur.
2585 4999 2723 5066 Quia
2754 5009 2933 5053 autem
2961 4999 3082 5051 alia:
3106 5011 3326 5067 quoque
3343 4998 3538 5053 vicinae
3564 4996 3730 5052 urbes
3770 5045 3774 5050 λ

2157 5091 2228 5146 ob
2291 5089 2609 5146 Judaaorum
2669 5090 3015 5146 calamitates
3076 5088 3414 5162 gaudebant,
3478 5089 3768 5160 apposite.

2159 5179 2288 5250 Tyri
2317 5188 2372 5235 et
2411 5181 2603 5252 Syriae,
2640 5187 2694 5235 et
2745 5179 2978 5234 aliarum
3040 5181 3260 5235 urbium
3311 5180 3586 5243 meminit,
3637 5194 3730 5232 va-

2159 5279 2425 5336 statarum
2458 5273 2525 5326 ab
2551 5271 2796 5343 Assyriis
2818 5279 2873 5327 et
2897 5271 3212 5343 Babyloniis
3243 5291 3254 5327 :
3286 5279 3342 5328 et
3365 5285 3615 5342 quaenam
3651 5270 3728 5322 ἰω

1771 5425 2000 5480 \'.\l{l.-E
2044 5424 2443 5481 LECTIONES.

570 5543 617 5575 ⁸³
640 5544 730 5595 ἐπ.
775 5539 816 5592 Α
849 5539 1244 5609 ἀποσκοπεύσῳ
1344 5540 1388 5609 ιθ
1418 5541 1558 5592 Σωτ.
1593 5540 1630 5590 Α
1679 5556 1863 5608 puum.
1912 5537 2008 5609 τῷ.

476 5682 518 5714 ⁸⁸
544 5685 709 5735 ἐστιν.
727 5682 763 5732 Α
783 5681 1002 5748 Κύριος.

478 5753 679 5824 posito.
758 5749 801 5784 ”
827 5747 905 5814 εἷς
941 5748 1131 5817 συγκλ.
1169 5747 1281 5804 καί.
1312 5748 1432 5804 Des.
1464 5751 1514 5803 iu
1553 5747 1614 5805 εἱ.

2086 5539 2130 5570 ’⁵
2167 5537 2285 5592 ¹πολ.
2319 5539 2359 5593 C
2391 5538 2572 5600 addit,

475 5612 673 5666 deinde
715 5609 914 5677 ἐξάξει.
989 5608 1034 5640 ’⁸
1069 5607 1178 5663 καί,
1215 5607 1337 5664 Ιιεε.
1368 5608 1420 5661 in
1459 5613 1522 5663 Α.
1602 5610 1646 5639 ’θ
1673 5607 1800 5679 καλ.
1849 5607 1970 5663 αύτ.
1999 5609 2127 5679 αίσχ

2608 5555 2718 5608 μοι.
2797 5539 2842 5570 ³⁸
2871 5540 2954 5593 ἄν.
2989 5539 3034 5593 Α
3068 5557 3148 5594 ου.
3225 5540 3269 5571 ³⁷
3305 5539 3348 5591 Λ
3391 5538 3624 5608 ποιήσει,
3673 5545 3727 5608 et

2136 5650 2146 5660 .
2194 5610 2232 5661 Α
2272 5605 2644 5678 περιϐαλεῖται
2701 5609 2979 5678 αἰσχύνην.
3060 5611 3104 5640 ³¹³
3138 5625 3232 5676 πρ.
3277 5623 3365 5674 με.
3398 5605 3622 5678 _Des._in
3650 5605 3725 5678 ΔΑ.

1109 5679 1151 5709 ³³
1177 5679 1362 5753 7.1).:-
1407 5679 1630 5753 Ἄσσον.
1666 5678 1792 5735 Des.
1827 5679 1879 5737 iu
1909 5681 1970 5734 (3.
2048 5674 2171 5735 ³³’Ὰ
2205 5674 2442 5749 ήὴμέρα
2474 5679 2678 5749 ἐκείνη,
2705 5674 3042 5750 ριιιὶὲιοίιυιι
3076 5678 3139 5732 ad
3176 5674 3288 5753 σου,
3316 5675 3412 5732 sed
3452 5675 3518 5731 ad
3543 5674 3730 5750 ἐκείνη
