4090 6404
505 345 645 412 1783

1543 347 2031 410 THEODORETI
2070 346 2413 412 EPISCOPI
2441 354 2804 417 CYRENSIS

3623 346 3760 412 1784

503 469 618 523 sint
651 464 915 537 explicat,
934 465 1095 536 juxta
1130 464 1267 520 ﬁnies
1294 480 1391 521 eas
1418 463 1769 523 deScribens.
1811 478 1829 518 ι
1860 468 1908 520 A
1933 467 2062 519 mari

2183 468 2455 541 μέμνηται
2478 472 2713 538 πόλεων,·
2750 472 2861 528 τῶν
2897 472 3002 527 ὑπὸ
3045 471 3346 539 Ἀσσυρίων
3373 469 3467 523 καὶ
3501 468 3762 523 Βαϐυλω-

501 557 674 621 enim,
711 558 911 627 inquit,
940 558 1118 625 usque
1165 555 1236 609 ad
1282 571 1456 623 mare,
1488 565 1545 613 et
1592 557 1661 614 de
1694 565 1880 614 monte
1906 574 2081 628 usque

502 652 573 705 ad
630 659 894 706 montem.
928 670 950 704 ι
986 650 1104 707 Hoc
1160 659 1282 718 est,
1335 669 1366 706 a
1402 653 1545 707 mari
1570 651 1784 717 Rubro,
1827 655 1977 723 quod
2012 653 2080 708 ad

502 744 770 798 orientem
810 744 976 798 situm
1006 751 1110 809 est,
1143 760 1307 815 usque
1330 743 1400 798 ad
1430 760 1578 799 mare
1629 745 1696 799 ad
1736 744 2077 801 occidentem

500 848 734 903 vergens
765 849 777 885 :
806 842 855 889 et
891 850 923 888 a
954 844 1128 889 monte
1154 835 1520 892 ldumaaorum
1552 854 1717 907 usque
1743 838 1815 892 ad
1849 848 2080 892 montem

500 923 786 989 Libanum,
849 940 1042 983 omnes
1101 927 1377 998 intcrjecti
1449 928 1707 985 hostibus
1766 929 2073 985 tradentur.

498 1016 615 1074 lloc
643 1018 791 1074 enim
820 1019 1080 1090 subjecit,
1116 1036 1241 1076 cum
1270 1023 1366 1087 ait,
1394 1042 1412 1074 ι
1453 1021 1580 1078 Dies
1613 1038 1769 1093 aqua?
1783 1031 1837 1079 et
1866 1023 2076 1079 tumul-

500 1119 608 1166 tus.
650 1129 670 1163 ι
702 1108 817 1183 [15]
850 1110 988 1166 Nam
1024 1112 1206 1167 instar
1237 1128 1394 1185 aqua:
1425 1114 1853 1185 praeeipitantis,
1886 1113 2077 1169 multi-

495 1204 630 1259 tudo
685 1204 965 1262 exereitus
997 1205 1149 1261 illius
1203 1206 1470 1276 impetum
1527 1206 1694 1262 faciet
1742 1225 1757 1262 :
1808 1215 1865 1261 et
1915 1213 2075 1281 terra;

493 1295 719 1366 quidem
752 1297 1069 1352 vastitatem
1104 1297 1333 1364 inferet,
1369 1298 1491 1352 neci
1533 1314 1663 1354 vero
1709 1305 1764 1353 et
1814 1298 2071 1353 servituti

494 1388 809 1445 habitantes
839 1388 1044 1444 tradet.
1073 1388 1142 1444 Et
1165 1405 1390 1445 causam
1418 1390 1722 1446 ostendens
1749 1409 1762 1445 :
1791 1409 1809 1442 ι
1844 1390 2075 1461 Propter

493 1481 733 1547 fruetus,
771 1481 872 1542 ait.
914 1481 1225 1536 studiorum
1280 1482 1489 1551 quibus
1532 1482 1698 1538 dediti
1754 1481 2002 1538 fuerunt.
2049 1501 2069 1534 ι

490 1568 570 1621 Ad
610 1570 757 1625 hunc
796 1572 1019 1626 modum
1069 1573 1330 1643 gentibus
1363 1572 1616 1629 ﬁnitimis
1661 1581 1929 1630 eventura
1969 1591 2069 1629 va-

490 1663 779 1728 tictnatus,
837 1678 1026 1734 pacem
1087 1674 1215 1735 post
1255 1666 1494 1722 reditum
1566 1666 1809 1723 futuram
1870 1664 2083 1741 populo'

488 1756 838 1824 praenuntiat.

554 1927 726 1987 Vsus.
747 1929 834 1985 M.
856 1949 874 1982 ι
901 1929 1073 1988 Pasce
1096 1934 1358 2004 pupulum
1390 1943 1544 1991 tuum
1562 1938 1712 2009 virga
1741 1939 1919 1994 tribus
1938 1947 2065 2003 tuae,

484 2036 616 2079 aves
662 2024 999 2080 haereditatis
1037 2033 1206 2081 tum.»
1267 2028 1334 2082 Et
1355 2029 1483 2099 quia
1537 2030 1752 2101 tropice
1819 2030 2070 2087 homines

489 2133 607 2172 oves
638 2118 874 2185 vocavit,
907 2119 1148 2188 perstitit
1182 2120 1272 2174 in‘
1297 2122 1640 2193 metaphora.
1683 2141 1701 2175 ι
1744 2121 2069 2178 liabitantes

483 2213 540 2267 in
567 2211 710 2268 saltu
751 2226 1024 2269 seorsum.
1072 2232 1092 2263 ι
1130 2212 1212 2269 Ab
1245 2214 1519 2280 omnibus,
1557 2214 1758 2285 inquit,
1809 2216 2068 2286 gentibus

480 2312 787 2374 separatos,
825 2314 880 2361 et
961 2308 1182 2378 propria
1236 2306 1451 2380 1515I
1499 2306 1767 2364 habentes
1838 2322 2070 2378 pascua.

481 2394 639 2461 Quod
670 2411 800 2452 vero
831 2396 991 2461 dixit,
1029 2416 1048 2450 ι
1081 2398 1137 2453 in
1168 2398 1317 2471 virga
1354 2400 1530 2455 tribus
1564 2409 1689 2465 tuae,
1727 2420 1748 2453 ι
1774 2398 1929 2455 Iudae
1963 2401 2065 2454 tri-

478 2485 609 2540 bum
636 2487 929 2559 signiﬁcat.
957 2487 1052 2544 illa
1076 2491 1221 2545 enim
1246 2499 1371 2562 post
1396 2491 1634 2547 reditum
1659 2492 1783 2548 aliis
1809 2501 2062 2562 praeerat,

478 2593 605 2633 eum
633 2579 832 2636 divisio
856 2582 1108 2638 tribuum
1137 2598 1249 2638 non
1277 2584 1515 2655 amplius
1545 2584 1856 2641 exsisteret.
1901 2586 2063 2639 Dein-

476 2670 545 2729 de
577 2671 780 2729 docens
822 2690 922 2730 eos
967 2689 1188 2730 omnem
1218 2682 1440 2740 terram,
1473 2689 1643 2747 quam
1670 2684 1799 2732 ante
1832 2677 2064 2747 captivi-

478 2770 645 2817 tatem
689 2764 1041 2830 tenuissent,
1067 2775 1191 2834 post
1241 2764 1479 2821 reditum
1513 2780 1872 2835 possessuros
1915 2783 2065 2835 esse,

473 2853 675 2922 adjecit
709 2872 722 2908 :

551 2963 569 2994 ι
590 2944 652 2999 in
679 2945 818 2999 saltu
848 2948 903 3000 in
954 2944 1135 3002 medio
1171 2945 1411 3002 Carmeli
1444 2956 1760 3019 pascentur,
1791 2948 2061 3005 Basaniti-

472 3035 594 3091 dem
619 3045 674 3091 et
699 3037 1116 3105 Galaaditidem,
1143 3040 1305 3110 juxta
1331 3039 1449 3096 dies
1479 3042 1687 3096 saeculi.
1713 3041 1916 3113 (Vens.
1945 3044 2058 3107 15.)

2183 560 2310 614 νίων
2338 563 2816 634 ἐκπορθηθεισῶν·
2863 565 3013 634 λέγει
3047 564 3105 617 δὲ
3140 563 3235 617 καὶ
3254 563 3398 627 τίνες
3433 554 3613 628 αὗται,
3651 562 3760 614 ἀπὸ

2180 653 2289 707 τῶν
2314 654 2457 741 ὅρων
2489 658 2655 727 δήλας
2687 657 2858 722 αὐτὰς
2884 657 3075 711 ποιῶν.
3100 676 3120 709 ι
3168 655 3303 710 Ἀπὸ
3326 653 3599 725 θαλάσσης
3625 654 3758 722 γὰρ.

2182 748 2367 817 φησὶν,
2398 746 2504 813 ἕως
2526 748 2928 818 θαλάσσης,καὶ
2951 748 3059 803 ἀπὸ
3089 748 3249 818 ὅρους
3282 745 3387 809 ἕως
3409 744 3503 798 τοῦ
3524 743 3704 813 ὅρους.
3734 762 3753 793 δ

2181 838 2489 904 Τουτέστιν,
2527 838 2647 893 ἀπὸ
2676 843 2775 910 τῆς
2808 839 3075 910 Ἐρυθρᾶς
3107 835 3451 904 θαλάσσης,
3485 834 3583 903 τῆς
3621 832 3760 903 πρὸς

2180 930 2254 983 ἕω
2294 930 2575 1001 κειμένης,
2624 930 2727 992 ἓως
2755 930 2854 1000 τῆς
2889 930 3024 1002 πρὸς
3073 927 3336 998 ἑσπέραν,
3377 925 3471 978 καὶ
3502 920 3621 978 ἀπὸ
3660 921 3757 974 τοῦ

2181 1021 2354 1087 ὅρους
2379 1021 2487 1074 τῶν
2525 1021 2839 1089 Ἰδουμαίων
2865 1022 2970 1085 ἕως
2994 1019 3089 1075 τοῦ
3116 1017 3376 1083 Λιϐάνου,
3407 1016 3607 1078 πάντες
3628 1014 3676 1066 οἰ
3700 1014 3761 1064 ἐν

2181 1112 2333 1182 μέσῳ
2382 1113 2495 1175 τοῖς
2537 1111 2819 1182 πολεμίοις
2878 1109 3372 1183 παραδοθήσονται.
3444 1103 3756 1181 Τοῦτο-γὰρ

2176 1204 2458 1273 ἐπήγαγεν
2491 1200 2725 1272 εἰρηκώς
2745 1217 2757 1230 ο
2780 1220 2798 1251 ι
2831 1200 3043 1270 Ἡμέρα
3065 1198 3254 1260 ὓδατος
3278 1197 3374 1248 καὶ
3403 1193 3633 1265 θορύϐου
3652 1193 3715 1244 ³⁵.
3731 1211 3752 1244 ι

2178 1292 2348 1362 Δίκην
2376 1291 2486 1360 γὰρ
2525 1290 2717 1354 ὓδατος
2746 1291 2913 1362 ροίςῳ
2940 1291 3262 1361 φερομένου,
3298 1287 3399 1357 τῆς
3425 1286 3683 1355 στρατιᾶς
3710 1285 3758 1316 ³⁸

2177 1382 2392 1453 ἐκείνης
2417 1382 2716 1456 προσϐαλεῖ
2759 1381 2819 1435 τὸ
2849 1380 3075 1452 πλῆθος,
3106 1379 3199 1432 καὶ
3225 1379 3325 1450 τὴν
3356 1375 3455 1448 μέν
3494 1375 3597 1445 γῆν
3623 1375 3756 1445 ἐρη-

2180 1474 2280 1546 μίᾳ
2314 1473 2618 1542 περιϐαλεῖ,
2638 1475 2820 1544 σφαγῇ
2842 1473 2885 1505 ³⁷
2914 1472 2970 1524 δέ
2988 1471 3081 1525 καί
3098 1470 3309 1540 δουλείᾳ
3319 1468 3445 1532 τοὺς
3464 1468 3756 1538 οἰκήτορας

2176 1567 2509 1638 παραδώσει.
2553 1567 2662 1621 Καὶ
2699 1566 2798 1638 τὴν
2837 1566 3016 1620 αἰτίαν
3072 1562 3286 1625 δεικνὺς
3312 1603 3325 1629 ,
3362 1582 3380 1614 ι
3431 1560 3564 1613 ’Λπὸ
3616 1577 3754 1628 καρ-

2175 1658 2318 1724 πῶν,
2351 1659 2534 1729 φησὶν,
2580 1656 3025 1727 ἐπιτηδευμάτων
3065 1651 3261 1708 αὐτῶν.
3305 1671 3322 1704 ι
3365 1649 3601 1704 Οὓτωτὰ
3631 1650 3753 1702 ἐσύ-

2180 1768 2317 1821 μενα
2366 1753 2480 1815 τοῖς
2527 1750 2747 1822 ὁμόροις
2787 1748 2963 1802 ἔθνεσι
3034 1745 3428 1816 προθεσπίσας,
3464 1746 3562 1813 τὴν
3616 1742 3757 1812 μετᾶ

2172 1844 2272 1916 τὴν
2302 1842 2558 1898 ἐπάνοδον
2591 1845 2813 1913 εἰρήνην
2845 1839 2922 1911 τῷ
2949 1838 3064 1910 λαῷ
3092 1836 3472 1909 προαγγέλλει.

2245 1937 2326 1993 ιδ’.
2375 1955 2393 1989 ι
2421 1934 2682 2007 Ποίμαινε
2728 1933 2820 1987 τὸν
2863 1931 2992 1986 λαόν
3034 1948 3127 1984 σου
3173 1931 3230 1983 ἐν
3273 1927 3454 1999 ῥάϐδῳ
3501 1925 3677 1995 φυλῆς
3703 1924 3752 1955 ³¹⁸

2172 2046 2289 2094 σου,
2324 2027 2571 2098 πρόϐατα
2596 2021 2963 2096 κληρονομίας
2993 2037 3127 2075 σου..
3146 2039 3164 2071 ι
3205 2018 3315 2072 Καὶ
3348 2014 3534 2085 ἐπειδὴ
3559 2030 3752 2085 τροπι-

2170 2122 2280 2184 κῶς
2302 2121 2427 2184 τοὺς
2448 2119 2543 2173 ἀνθ
2552 2116 2766 2190 ρώπους
2781 2114 3006 2169 ἐκάλεσε
3020 2113 3283 2182 πρόϐατα
3298 2151 3311 2175 ,
3344 2110 3450 2171 ,ἐστέ
3459 2107 3663 2185 μετωνε⁵

2168 2217 2364 2286 τροπῇ.
2397 2231 2415 2265 ι
2442 2209 2944 2280 Κατασκηνοῦντας
2967 2207 3279 2280 καταμόνας
3303 2206 3528 2279 δρυμόν.
3564 2224 3582 2258 ι
3611 2207 3750 2270 Τοὺς

2168 2305 2275 2358 τῶν
2312 2303 2505 2368 ἐθνῶν,
2551 2301 2706 2373 φησὶ,
2738 2301 2957 2355 πάντων
2999 2297 3457 2371 κεχωρισμένους,
3486 2297 3581 2350 καὶ
3610 2297 3748 2350 ἰδιά-

2168 2396 2366 2461 ζουσαν
2391 2394 2615 2466 ἔχοντας
2646 2393 2747 2464 τὴν
2773 2392 2965 2464 νομήν.
2998 2391 3073 2445 Τὸ
3092 2391 3171 2456 δὲ,
3206 2391 3309 2445 Ἐν
3322 2390 3524 2460 ῥάϐδῳ
3544 2390 3749 2460 φυλῆς

2166 2503 2306 2553 σου,
2340 2487 2437 2558 τὴν
2468 2484 2563 2540 τοῦ
2606 2484 2776 2539 Ἰούδα
2823 2484 3081 2556 σημαίνει
3129 2472 3326 2553 φυλήν.
3388 2482 3600 2553 Ἐκείνη
3637 2483 3747 2552 γὰρ

2169 2578 2308 2648 μετὰ
2339 2579 2437 2649 τὴν
2484 2577 2764 2644 ἐπάνοδον,
2791 2577 2902 2630 τῶν
2947 2574 3121 2629 ἄλλων
3168 2576 3375 2644 ἡγεῖτο,
3428 2573 3761 2645 διαιρέσεως

2164 2671 2345 2725 ούκέτι
2393 2670 2502 2724 τῶν
2551 2670 2732 2741 φυλῶν
2782 2667 3099 2739 γενομένης.
3149 2662 3282 2720 Εἶτα
3330 2664 3618 2729 διδάσκων,
3667 2664 3742 2726 ὡς

2164 2764 2383 2817 ἃπασαν
2411 2762 2479 2832 ἥν
2509 2762 2614 2833 πρὸ
2644 2761 2744 2832 τῆς
2777 2759 3155 2831 αἰχμαλωσίας
3180 2760 3428 2829 κατεῖχον
3456 2755 3739 2821 καθέξουσι

2162 2856 2265 2926 γῆν
2293 2853 2433 2925 μετᾶ
2456 2854 2556 2924 τὴν
2582 2853 2861 2916 ἐπάνοδον,
2891 2853 3139 2922 ἐπήγαγε
3163 2867 3175 2880 ’

2239 2965 2257 2997 ι
2286 2944 2506 3017 Δρυμὸν
2534 2946 2593 2999 ἐν
2627 2944 2780 3015 μέσῳ
2807 2943 2902 2997 τοῦ
2932 2945 3230 3014 Καρμήλου
3257 2944 3607 3015 νεμήσονται,
3641 2940 3745 3012 τὴν

2160 3036 2448 3089 Βασανῖτιν
2478 3033 2570 3087 καὶ
2594 3033 2692 3104 τὴν
2735 3034 2773 3086 Γ
2776 3032 3075 3096 αλααδῖτιν,
3106 3032 3249 3086 κατὰ
3273 3032 3371 3096 τὰς
3400 3032 3610 3104 ἡμέρας
3641 3031 3741 3085 τοῦ

474 3124 535 3182 Et
558 3129 717 3198 juxta
760 3129 900 3196 dies,
921 3145 1180 3201 egressus
1208 3131 1284 3186 tui
1322 3141 1519 3190 eterra
1567 3133 1823 3207 :Egypti,
1874 3145 2060 3191 osten-

2164 3126 2378 3190 αἰῶνος.
2423 3124 2554 3196 (ιε’.)
2594 3126 2706 3179 Καὶ
2738 3126 2879 3179 κατὰ
2910 3125 3009 3187 τὰς
3055 3126 3269 3196 ἡμέρας
3308 3125 3515 3190 ἐξοδίας
3550 3142 3643 3179 σου
3671 3126 3741 3180 ἐκ

469 3228 594 3277 am
627 3221 710 3278 eis
734 3223 1025 3277 mirabilia.
1052 3242 1073 3277 ι
1120 3223 1390 3291 Quantam
1444 3226 1589 3282 enim
1625 3228 1799 3294 vobis,
1852 3228 2052 3299 inquit,

471 3327 594 3368 cum
621 3329 685 3370 ex
711 3314 947 3387 Egypto
983 3316 1183 3374 essetis
1209 3319 1439 3387 egressi,
1466 3327 1667 3396 terram
1694 3322 1917 3387 donavi,
1943 3333 2056 3377 tan-

470 3414 581 3483 tam
610 3405 889 3479 Babylone
920 3410 1161 3466 reversis
1220 3410 1397 3477 dabo,
1433 3413 1596 3469 editis
1621 3415 1903 3471 miraculis
1934 3430 2056 3485 per-

473 3499 832 3557 terreiaciens
866 3517 983 3569 eos,
1018 3504 1112 3573 qui
1144 3503 1291 3560 bello
1324 3520 1421 3562 vos
1459 3506 1749 3564 lacessent.
1784 3508 1901 3582 [16]
1930 3508 2055 3566 Haec

469 3590 615 3646 enim
675 3601 865 3661 gentes
921 3594 967 3650 si
1027 3596 1312 3663 videbunt,
1375 3598 1584 3667 pudore
1643 3601 2055 3669 suﬂundentur,

461 3692 525 3749 et
550 3697 777 3739 suarum
813 3683 1011 3738 viri-um
1052 3684 1427 3742 inﬁrmitatem
1464 3688 1808 3746 sentientes:

541 3879 561 3913 ι
598 3859 812 3918 Ponent
866 3877 1064 3918 manus
1092 3879 1258 3933 super
1318 3878 1382 3920 os
1413 3879 1598 3930 suum,
1642 3881 1802 3923 aures
1860 3881 2051 3923 eorum

466 3953 645 4011 surdae
693 3962 874 4009 erunt.
912 3952 1252 4025 (VERS.i7.)
1305 3952 1567 4027 Lingent'
1614 3955 1841 4011 humum
1910 3957 2053 4012 sicut

465 4049 749 4112 serpentes
783 4081 799 4106 ,
843 4041 935 4112 qui
995 4043 1221 4098 trahunt
1264 4051 1466 4099 terram
1502 4064 1514 4100 :
1579 4046 1947 4102 turbabuntur
1992 4047 2051 4102 in

463 4137 824 4195 conclusione
887 4153 988 4195 sua
1063 4155 1227 4209 super
1320 4137 1555 4197 Domino
1633 4140 1744 4198 Deo
1808 4150 2047 4199 nostro:

462 4231 857 4297 formidabunt,
887 4240 943 4288 et
974 4233 1248 4288 timebunt
1287 4241 1395 4289 te.»
1421 4232 1593 4289 Tuam
1623 4235 1769 4291 enim
1811 4234 2053 4307 repenti-

462 4333 593 4374 nam
621 4319 1043 4389 prosperitatem
1064 4361 1079 4382 .
1114 4330 1169 4376 et
1198 4335 1229 4374 a
1282 4337 1367 4377 me
1413 4322 1595 4378 datam
1637 4338 1796 4394 opem
1827 4341 2053 4381 cernen-

460 4417 566 4476 tes,
605 4410 847 4465 absurda
887 4411 940 4465 in
984 4419 1037 4467 te
1079 4412 1245 4466 verba
1284 4413 1534 4482 proferre
1584 4429 1693 4469 non
1746 4415 2046 4483 audebunt,

2157 3219 2261 3290 γῆς
2286 3217 2561 3288 Αἰγύπτου
2582 3217 2740 3284 δείξω
2764 3217 2949 3280 αὐτοῖς
2971 3216 3250 3286 θαυμάσια
3267 3217 3330 3271 ³⁵.
3362 3236 3380 3268 ι
3412 3218 3581 3289 ’Όσην
3604 3217 3739 3288 γὰρ,

2158 3308 2347 3379 φησὶν,
2372 3306 2682 3374 ἐξελθοῦσιν
2709 3307 2837 3377 ὑμῖν
2863 3305 2923 3369 ἐξ
2945 3304 3224 3375 Αἰγύπτου
3253 3304 3437 3376 χώραν
3467 3305 3736 3376 ὲδωρησά·

2159 3419 2289 3473 μην,
2311 3400 2582 3471 τοσαύτην
2598 3400 2726 3469 ύμῖν
2747 3397 2857 3452 ἀπὸ
2878 3395 3196 3459 Βαϐυλῶνος
3220 3395 3572 3449 ἐπανελθοῦσι
3594 3412 3734 3467 παρ.

2156 3493 2369 3564 έξομαι,
2391 3489 2860 3562 θαυματουργίαις
2894 3486 3288 3557 καταπλήττων
3316 3487 3440 3550 τοὺς
3474 3485 3732 3554 πολεμεῖν

2154 3585 2297 3655 ὑμᾶς
2329 3581 2724 3653 πειρωμένους.
2787 3578 2974 3633 Ταῦτα
3014 3577 3123 3648 γὰρ
3172 3576 3244 3629 τὰ
3286 3574 3415 3644 ἔθνη
3456 3573 3727 3643 θεώμενα,

2154 3673 2419 3745 αἰσχύνης
2445 3670 2947 3742 ἀναπλησθήσεται,
2970 3668 3065 3723 καὶ
3088 3668 3188 3739 τῆς
3216 3665 3420 3730 οἰκείας
3447 3665 3731 3734 δυνάμεως

2153 3763 2251 3835 τὴν
2283 3762 2569 3817 ἀσθένειαν
2598 3760 2887 3831 βλέποντα,

2229 3873 2250 3907 ι
2286 3854 2639 3922 Ἐπιθήσουσι
2661 3852 2709 3884 ⁸⁰
2742 3854 2929 3922 χεῖρας
2960 3850 3053 3903 ἐπὶ
3096 3848 3157 3902 τὸ
3188 3848 3363 3919 στόμα
3401 3846 3601 3910 αὐτῶν,
3632 3846 3731 3899 καὶ

2151 3945 2219 4000 τὰ
2248 3943 2364 4012 ῶτα
2392 3942 2572 3997 αὐτῶν
2600 3939 3125 4010 άποκωφωθήσεται.
3169 3937 3302 4010 (ιζ’.)
3338 3936 3597 4003 Λείξουσι
3621 3934 3731 4006 γὰρ

2152 4036 2282 4108 χοῦν
2318 4034 2394 4099 ὡς
2420 4033 2573 4103 ὄφεις
2610 4031 2864 4104 σύροντες
2899 4030 3003 4100 γῆν
3020 4030 3086 4095 ⁸¹,
3145 4027 3635 4099 συγχυθήσονται⁸²
3671 4026 3731 4080 ἐν

2154 4123 2506 4196 συγκλεισμῷ
2551 4123 2732 4177 αὐτῶν
2773 4121 2865 4176 ἐπὶ
2900 4121 3090 4192 Κυρίῳ
3120 4119 3196 4190 τῷ
3228 4117 3348 4189 Θεῷ
3381 4118 3539 4191 ἡμῶν
3566 4133 3581 4148 ·
3632 4117 3727 4170 ἐκ-

2153 4217 2442 4288 στήσονται
2486 4215 2581 4268 καὶ
2615 4212 3015 4284 φοϐηθήσονται
3063 4210 3173 4265 ἀπὸ
3217 4209 3333 4263 σοῦ.
3384 4228 3402 4261 ι
3465 4208 3729 4279 Ὀρῶντες

2149 4307 2260 4380 γάρ
2290 4325 2384 4361 σου
2412 4307 2510 4379 τὴν
2538 4306 2798 4377 ἐξαίφνης
2824 4303 3116 4376 γινομένην
3146 4301 3469 4374 εὐπραξίαν,
3506 4302 3600 4355 καὶ
3628 4299 3730 4370 τὴν

2150 4401 2280 4472 παρ’
2314 4397 2449 4470 ἐμοῦ
2478 4395 2891 4469 χορηγουμένην
2934 4393 3205 4464 βοήθειαν,
3232 4391 3353 4445 οὐδὲ
3397 4390 3588 4458 λόγους
3622 4388 3729 4441 άπ-

462 4501 557 4557 sed
591 4513 906 4574 serpentum
941 4519 1092 4575 more
1148 4503 1203 4558 in
1236 4513 1378 4559 terra
1424 4507 1729 4576 repentium
1783 4522 2045 4576 procum-

2164 4493 2307 4563 ηχεῖς
2336 4489 2479 4545 κατὰ
2509 4488 2605 4543 σοῦ
2635 4487 2966 4558 τολμήσουσι
2999 4483 3373 4554 φθέγξασθαι·
3407 4481 3542 4536 ἀλλὰ
3570 4479 3725 4576 δίκην

459 4590 611 4657 bent,
639 4591 820 4649 facere
840 4602 936 4649 aut
965 4593 1149 4650 dicere
1167 4594 1304 4648 nihil
1332 4595 1617 4651 audentes.
1654 4594 1751 4650 llis
1776 4598 2048 4651 sermoni-

463 4684 565 4737 bus
612 4687 829 4739 exactis
868 4723 884 4746 ,
938 4685 1204 4754 propheta
1271 4683 1515 4738 divinam
1598 4697 1732 4753 erga
1786 4683 2047 4743 homines

460 4769 762 4828 bonitatem
790 4773 1219 4844 obstupeseens.
1248 4773 1578 4829 exclamavit
1610 4798 1624 4831 :

573 4946 739 5006 Vens.
814 4950 904 5005 18.
964 4970 984 5003 ι
1047 4950 1182 5019 Quis
1245 4950 1391 5008 Deus
1457 4954 1601 5010 sicut
1637 4963 1715 5020 tu,
1784 4956 2042 5017 auferens

459 5038 779 5111 iniquitates
805 5084 820 5110 ,
849 5055 905 5099 et
937 5045 1223 5101 remittens
1262 5045 1562 5117 injustitias
1599 5046 1684 5103 his
1714 5049 1809 5118 qui
1845 5051 2042 5122 reliqui

462 5140 592 5188 sunt
634 5131 703 5189 de
729 5134 1048 5192 haereditate
1071 5137 1239 5203 ejus?
1293 5158 1315 5193 ι
1394 5137 1756 5195 inenarrabili
1794 5182 1809 5207 ,
1841 5140 2046 5212 inquit,

459 5220 726 5284 bonitate,
765 5230 818 5276 ct
862 5223 1072 5295 1515
1103 5228 1407 5283 orationem
1455 5242 1673 5283 onmem
1723 5240 2040 5300 superante,

464 5319 642 5378 utens,
667 5310 1037 5378 Dominc,non
1058 5317 1256 5384 repetis
1278 5319 1347 5371 ab
1368 5317 1683 5376 hominibus
1706 5334 2043 5392 paenae-pec-

2149 4585 2328 4654 δφεων
2368 4584 2447 4646 εἰς
2493 4581 2598 4653 γῆν
2646 4577 3036 4648 ἰλυσπωμένων
3081 4573 3539 4638 καταπεσοῦνται,
3573 4569 3727 4626 οὐδὲν

2149 4674 2275 4730 οὔτε
2309 4675 2530 4745 δρᾶσαι,
2563 4669 2687 4725 οὔτε
2741 4670 2915 4723 εἰπεῖν
2960 4685 3014 4722 τι
3061 4666 3390 4735 τολμῶντες.
3437 4663 3659 4727 Τούτοις
3696 4662 3726 4715 δ
3838 4702 3841 4705 λ

2149 4768 2436 4837 προφήτης
2459 4763 2783 4832 διακονήσας
2804 4761 2917 4823 τοῖς
2945 4759 3146 4827 λόγοις,
3175 4757 3272 4829 τὴν
3306 4756 3458 4810 θείαν
3486 4755 3725 4825 ἐκπλητο

2145 4860 2374 4929 τόμενος
2406 4853 2836 4927 φιλανθρωπίαν,
2862 4850 3056 4920 ἐϐόησε
3072 4867 3087 4882 ο

2223 4948 2312 5019 ιη’.
2359 4967 2377 4998 ι
2408 4946 2502 5010 Τίς
2529 4945 2661 5007 θεὸς
2690 4941 2879 5014 ὥσπερ
2906 4943 2970 4995 σὺ
3010 4939 3241 5011 ἐξαίρων
3287 4937 3576 5002 ἁδικίαςυ,
3629 4935 3724 4990 καὶ

2145 5040 2490 5114 ὑπερϐαίνων
2517 5036 2768 5099 ἀσεϐείας
2790 5035 2834 5066 ⁸⁸
2864 5037 2978 5098 τοῖς
3018 5032 3368 5095 καταλοίποις
3395 5030 3496 5103 τῆς
3521 5028 3720 5100 κληρο-

2144 5133 2338 5205 νομίας
2377 5130 2572 5199 auset};
2610 5148 2630 5182 ι
2700 5128 2951 5200 Ἀρρήτῳ
2997 5125 3127 5197 γὰρ,
3167 5126 3354 5196 φησὶν,
3381 5122 3717 5193 ζάγαθὸτητι,

2150 5229 2415 5290 Δέσποτα,
2450 5221 2808 5294 κεχρημένος,
2850 5222 2945 5274 καὶ
2986 5219 3157 5288 λόγων
3195 5215 3404 5290 νικώσῃ
3448 5215 3717 5286 διήγησιν,

2149 5321 2251 5374 οὐκ
2277 5319 2524 5380 ἀπαιτεῖς
2550 5315 2677 5378 τοὺς
2701 5311 3021 5385 ἀνθρώπους
3061 5309 3290 5372 εὐθύνας
3326 5307 3433 5361 τῶν
3474 5307 3723 5375 ἁμαρτη-

1773 5473 2011 5530 VARIAS
2051 5472 2455 5531 LECTIONES.

530 5581 576 5654 #5
600 5584 699 5651 ήμ.
724 5579 825 5654 se
849 5572 901 5654 κ,
925 5578 1040 5647 θορ.
1072 5576 1149 5654 lta
1188 5580 1636 5654 Alev.,_seddes.
1677 5583 1781 5639 ista
1809 5583 1862 5636 in
1891 5583 1954 5646 A,
1982 5597 2049 5635 ex
2078 5582 2283 5654 duplici
2321 5580 2795 5654 interpretatione,
2834 5587 2892 5631 ut
2918 5576 3151 5654 videtur,
3183 5582 3325 5625 orta.
3384 5568 3520 5654 fit.
3556 5585 3723 5641 στρα-

462 5643 654 5714 τείαςΪ
682 5651 763 5731 “3’
788 5651 828 5703 (2
848 5652 932 5731 εἰς
967 5643 1203 5731 σφαγήν,
1245 5643 1571 5731 ιιιλξῖύῃίίο,
1610 5653 1874 5731 δουλείαν.
1943 5643 1996 5685 ’³⁸
2033 5643 2170 5731 φυλ.’
2196 5652 2318 5731 lles.
2358 5654 2411 5705 in
2525 5668 2595 5731 οξ
2633 5652 2849 5731 get-ruina
2883 5643 3720 5731 ququue‘jlttul'ptclal‘iﬂtc_ut~

460 5727 631 5796 tutu._
680 5721 725 5752 ’9
846 5720 1155 5796 θαυμαστά..
1222 5720 1289 5796 _"°
1328 5721 1504 5776 Ἐπιθ.
1541 5753 1607 5763 ——
1649 5724 1823 5796 στόμα
1872 5725 1994 5779 αύτ.

466 5786 515 5821 ⁸³
545 5788 585 5842 Δ
610 5786 860 5861 άνσμίοῖς.
937 5787 983 5819 δ”
1022 5789 1065 5842 Α
1089 5790 1321 5856 ἀδικίας.

2090 5738 2169 5780 cs.
2209 5723 2262 5777 in
2304 5726 2369 5775 Α.
2456 5722 2497 5751 δ’
2532 5710 2662 5790 γῆνῖ
2709 5719 2830 5774 Des.
2882 5710 2936 5771 iii
2972 5710 3031 5769 Cl
3103 5713 3148 5744 ”
3182 5714 3222 5768 C
3270 5710 3712 5782 συναχθήσονται.
