4090 6402
350 395 490 460 1785

1566 379 1649 439 IN
1689 375 2017 438 ΜΙΩΗιΕιΕ
2063 378 2223 440 CAP.
2255 381 2387 441 VII.

3484 380 3619 444 1736

348 507 536 574 μάτων
570 497 763 562 ἀξίας·
798 493 909 548 ἀλλ’
943 493 1068 548 ὅταν
1119 490 1415 554 παιδεύσας
1449 491 1926 569 μικράνμεταμε-

2035 494 2169 548 catis
2196 495 2388 565 dignas
2425 513 2439 549 :
2474 494 2568 550 sed
2593 495 2684 549 ubi
2710 494 3072 564 castigatione
3095 493 3339 548 adhibita
3363 492 3616 563 exiguam

344 596 496 648 λειαν
526 590 662 660 ίδῃς,
699 587 947 657 παρορᾷς
974 585 1043 638 τά
1074 583 1413 653 ἐπταισμένα
1437 623 1453 648 ,
1484 583 1834 653 ὑπερϐαίνεις
1863 581 1934 634 τά

345 682 702 754 ἠσεϐημέναο
750 680 887 747 ὅπερ
940 676 1005 745 δὴ
1032 676 1125 729 καὶ
1172 673 1266 727 νῦν
1300 676 1380 736 εἰς
1413 674 1505 728 τὸν
1559 673 1650 727 σὺν
1692 673 1934 744 εἰργάσω

344 778 495 832 λαόν.
537 795 555 826 ι
582 775 658 828 υύ
685 771 941 840 συνέσχεν
959 769 1002 801 ⁸⁸
1027 770 1106 831 εἰς
1133 767 1432 838 μαρτύριον
1456 764 1621 837 ὀργὴν
1642 764 1829 827 αὑτοῦ,
1853 765 1935 817 δτι

346 867 581 939 θελητὴς
613 865 796 926 ἐλέους
826 864 993 915 ἐστίν.
1028 880 1045 911 ι
1088 859 1260 912 Τοῦτο
1287 858 1433 911 ἔοικε
1463 857 1539 928 τῷ
1573 857 1676 910 ὑπὸ
1704 856 1797 909 τοῦ
1829 873 1932 925 μα-

345 960 543 1031 καρίου
570 954 737 1010 Δαϐἰδ
773 952 1051 1024 εἰρημένῳ
1074 966 1087 979 ·
1129 970 1146 1002 ι
1168 952 1283 1003 υύκ
1317 951 1396 1013 είς
1430 949 1582 1011 τέλος
1614 946 1935 1017 ὀργισθήσε-

344 1071 461 1116 ται.
489 1049 612 1105 οὔτε
648 1050 728 1111 εἰς
756 1046 846 1101 τὸν
874 1043 1046 1098 αἰῶνα
1075 1044 1292 1113 μηνιεῖο
1339 1042 1402 1094 οὗ
1443 1040 1587 1095 κατά
1623 1040 1722 1104 τὰς
1756 1041 1933 1110 ἀμαρ-

345 1142 472 1205 τίας
499 1138 657 1211 ἡμῶν
706 1137 962 1204 ἐποίησεν
1000 1135 1156 1203 ἡμῖν,
1213 1131 1336 1186 οὐδὲ
1384 1131 1524 1184 κατά
1570 1129 1671 1193 τὰς
1706 1127 1932 1198 ἀνομίας

350 1232 511 1303 ἡμῶν
543 1228 922 1284 ἀνταπέδωκεν
970 1226 1119 1295 ἡμῖν.
1151 1243 1170 1275 ι
1226 1224 1336 1277 Καὶ
1365 1224 1394 1275 0
1436 1221 1722 1283 θεσπέσιος
1754 1220 1933 1273 τοίνυν

349 1322 595 1393 Μιχαίας
622 1320 740 1391 βοᾷ,
758 1320 840 1373 ὅτι
906 1316 1017 1388 Τὴν
1046 1316 1215 1386 ὀργὴν
1241 1316 1339 1368 οὐκ
1370 1312 1633 1382 ἐφύλαξεν
1661 1312 1755 1365 ὲπί
1779 1312 1931 1364 πλεῖ-

351 1430 477 1467 στον
511 1414 593 1476 είς
625 1410 844 1479 ἔλεγχον
871 1409 965 1461 καὶ
992 1406 1297 1478 μαρτυρίαν
1324 1406 1422 1475 τῆς
1454 1406 1547 1457 τοῦ
1579 1403 1708 1457 λαοῦ
1755 1420 1934 1472 παρα-

349 1505 568 1576 νομίας,
601 1502 716 1558 ἀλλ’
749 1500 885 1571 ἐλέῳ
920 1498 1201 1571 χρώμενος
1234 1496 1574 1567 ἐπιστρέψει.

426 1597 510 1653 ιθ’.
557 1614 576 1648 ι
608 1593 981 1663 Ἐπιστρέψει,
1030 1592 1126 1645 καὶ
1159 1590 1492 1661 οἰκτειρήσει
1540 1591 1707 1660 ἡμᾶς.
1757 1604 1933 1642 ⁸κατα-

350 1687 502 1741 δύσει
554 1686 652 1750 τάς
700 1684 975 1756 ἁμαρτίας
1007 1681 1186 1752 ἡμῶν,
1223 1682 1319 1734 καὶ
1355 1682 1823 1752 ἀπορῤιφήσονται
1853 1680 1932 1741 εἰς

350 1780 421 1834 τὰ
455 1778 593 1850 βάθη
630 1778 731 1847 τῆς
764 1776 1038 1846 θαλάσσης
1063 1777 1231 1829 πᾶσαι
1263 1776 1320 1828 αἱ
1350 1773 1616 1845 ἁμαρτίαι
1636 1771 1682 1804 ⁴⁸
1703 1771 1878 1843 ἡμῶν.
1908 1790 1925 1823 ο

353 1871 575 1933 Τούτοις
603 1868 961 1940 παραπλήσια
991 1868 1084 1921 καὶ
1129 1866 1291 1929 αὐτὸς
1324 1867 1351 1919 0
1380 1864 1490 1918 τῶν
1521 1865 1657 1918 ὅλων
1684 1864 1816 1926 Θεὸς
1842 1862 1932 1917 διὰ

364 1962 589 2016 Ἡσαΐου
634 1960 730 2015 τοῦ
769 1960 1050 2031 προφήτου
1279 1975 1296 2007 ι
1334 1955 1476 2025 Ἐγώ
1505 1958 1641 2026 εἰμι,
1678 1954 1788 2023 ἐγώ
1817 1954 1931 2026 εἰμι

352 2055 513 2119 αὐτὸς
540 2055 569 2107 0
600 2054 898 2121 ἑξαλείφων
924 2051 1022 2115 τὰς
1053 2048 1285 2120 ἀνομίας
1324 2066 1438 2113 σου,
1473 2048 1567 2103 καὶ
1595 2049 1656 2101 οὗ
1687 2048 1762 2119 μὴ
1796 2065 1932 2120 μνη-

355 2146 466 2201 σθῶ
491 2146 596 2200 τῶν
626 2144 853 2198 ἀδικιῶν
887 2160 1003 2197 σου.
1034 2160 1052 2192 ι
1093 2141 1263 2194 Τοῦτο
1295 2140 1403 2212 γὰρ
1430 2139 1493 2211 δὴ
1523 2140 1583 2192 τὸ
1606 2139 1929 2211 παράδοξον,

349 2238 432 2292 ὅτι
457 2237 518 2290 οὐ
545 2236 705 2308 μόνον
732 2235 979 2304 ἀφίησιν,
1011 2232 1147 2287 ἀλλά
1169 2232 1263 2285 καί
1284 2232 1384 2302 τῆς
1415 2232 1634 2302 μνήμης
1659 2229 1930 2296 ἐκϐάλλει,

352 2331 447 2384 καί
472 2324 586 2383 οἷόν
613 2346 721 2382 τινι
752 2326 900 2397 βυθῷ
944 2323 1280 2398 παραδίδωσι
1305 2324 1371 2394 τῇ
1413 2321 1572 2398 λήθῃ.
1621 2321 1792 2374 Τοῦτο
1824 2321 1933 2392 γάρ

351 2418 682 2494 ειαραδηλῶν
712 2384 807 2473 καί
838 2384 883 2473 ὁ.
915 2384 1185 2490 μακάριος
1230 2384 1608 2487 ἔφηηΜιθιίας
1632 2431 1646 2444 ·
1700 2432 1720 2468 ι
1751 2384 1936 2467 Καταί-

351 2512 499 2567 δύσει
530 2510 629 2575 τάς
674 2510 949 2580 ἁμαρτίας
984 2509 1162 2580 ἡμῶν,
1208 2508 1303 2562 καὶ
1342 2506 1809 2578 ἀπορῤιφήσονται
1853 2506 1934 2569 εἰς

352 2602 423 2655 τὰ
465 2600 603 2671 βάθη
631 2599 731 2669 τῆς
763 2598 1040 2667 θαλάσσης
1080 2598 1251 2651 πᾶσαι
1295 2598 1350 2651 αἰ
1385 2596 1650 2666 ἁμαρτίαι
1695 2593 1876 2665 ἡμῶν.
1909 2614 1927 2645 ι

355 2691 567 2763 ’Ὠσπερ
598 2689 708 2762 γὰρ
753 2689 814 2742 τὸ
857 2690 936 2751 εἰς
979 2689 1072 2741 τὸν
1119 2687 1277 2757 βυθὸν
1310 2687 1408 2757 τῆς
1439 2686 1707 2757 θαλάττης
1747 2684 1935 2755 βαλλό-

358 2800 538 2855 μενον,
570 2781 773 2860 ἀφανές
802 2782 917 2835 ἔστι
945 2778 1223 2844 παντελῶς
1262 2795 1276 2809 ’
1332 2778 1493 2844 οὔτω,
1527 2779 1678 2849 φησι,
1716 2779 1810 2832 καὶ
1837 2779 1935 2843 τάς

354 2874 629 2946 ἁμαρτίας
662 2873 818 2944 ἡμῶν
863 2871 1001 2943 λήθῃ
1036 2870 1292 2925 παντελεῖ
1322 2869 1659 2942 παραδώσει,
1704 2870 1793 2924 διὰ
1839 2870 1938 2935 τάς

354 2963 491 3033 πρὸς
518 2963 647 3026 τοὺς
666 2962 965 3033 ἡμετέρους
990 2961 1290 3034 προγόνους
1318 2961 1608 3031 συνὲήκας.
1645 2961 1754 3014 Καὶ
1780 2961 1943 3015 τοῦτο

351 3054 528 3126 δηλῶν
552 3056 798 3124 ἐπήγαγε
816 3071 831 3084 ’

436 3146 507 3203 κ’.
569 3167 588 3200 ί
628 3145 834 3210 Δώσεις
883 3144 1141 3216 ἀλήθειαν
1159 3144 1203 3176 ⁸⁷
1258 3142 1334 3216 τῷ
1395 3144 1609 3210 Ἰακὼϐ,
1668 3144 1815 3198 ἔλεον
1860 3144 1937 3215 τῷ

366 3237 638 3311 Ἀϐραάμ,
658 3237 909 3308 καθάπερ
929 3234 1153 3307 ὤμοσας
1181 3238 1291 3300 τοῖς
1321 3235 1593 3307 πατράσιν
1623 3234 1776 3306 ἡμῶν
1796 3235 1937 3288 κατά

350 3332 452 3395 τὰς
481 3329 692 3402 ἡμέρας
721 3328 821 3392 τάς
853 3325 1186 3399 ἔμπροσθεν.
1225 3345 1243 3376 ι
1284 3324 1442 3380 Οὕτω
1474 3326 1569 3378 καὶ
1600 3328 1628 3379 0
1669 3325 1934 3395 μακάριος

350 3422 501 3491 λέγει
546 3420 753 3489 Δαϐίδ;
803 3438 822 3470 ι
863 3418 1141 3489 Ἐμνήσθη
1188 3420 1267 3482 εἰς
1316 3417 1409 3472 τὸν
1455 3418 1629 3471 αἰῶνα
1673 3416 1937 3487 διαθήκης

353 3512 559 3570 αὐτοῦ’
612 3512 771 3579 λόγου
824 3503 884 3564 οῦ
919 3509 1222 3563 ἐνετείλατο
1266 3510 1347 3573 εἰς
1397 3507 1575 3579 χιλίας
1613 3506 1827 3577 γενεάς,
1876 3507 1936 3563 ὃν

353 3604 560 3659 διέθετο
582 3601 659 3674 τῷ
696 3601 968 3674 Ἁϐραάμ,
994 3602 1088 3656 καὶ
1110 3600 1205 3655 τοῦ
1228 3601 1391 3675 ὅρκου
1417 3600 1583 3655 αὑτοῦ
1608 3599 1687 3672 τῷ
1718 3601 1902 3654 Ἰσαάκ
1922 3615 1935 3631 ⁸

354 3696 449 3749 καί
475 3694 702 3763 ἔστησεν
722 3692 892 3763 αὐτὴν
917 3693 995 3763 τῷ
1026 3690 1221 3746 Ἰακὼϐ
1246 3693 1326 3754 εἰς
1355 3691 1705 3762 πρόσταγμα,
1743 3691 1836 3744 καὶ
1862 3690 1939 3762 τῷ

367 3785 587 3858 Ἰσραὴλ
616 3785 697 3848 είς
714 3783 981 3855 διαθήκην
1006 3783 1244 3838 αἰώνιον.
1276 3801 1295 3835 ι
1341 3784 1452 3847 ra;
1480 3783 1579 3854 μὲν
1601 3780 1694 3837 οὖν
1714 3783 1940 3838 ἐκείνων

360 3881 634 3953 ἁμαρτίας
678 3881 759 3941 εἰς
791 3880 881 3932 τὸν
920 3880 1023 3950 τῆς
1068 3878 1341 3950 θαλάττης
1390 3878 1553 3949 βυθὸν
1597 3880 1625 3932 0
1664 3879 1941 3949 Δεσπότης

356 3973 630 4046 ἀπέρριψε
655 3988 668 4002 ·
718 3972 815 4036 τάς
848 3973 903 4025 δὲ
932 3972 1208 4044 ἡμετέρας
1243 3975 1322 4035 εἰς
1346 3971 1446 4043 τὴν
1473 3970 1626 4039 ἰεράν
1657 3972 1753 4024 καὶ
1790 3971 1942 4025 θείαν

352 4065 631 4135 ἐξαλείφει
652 4063 1063 4134 κολυμϐήθραν,
1088 4059 1157 4134 ἦς
1181 4065 1214 4134 ἡ
1252 4061 1491 4134 Ἐρυθρά
1512 4062 1777 4126 θάλασσα,
1800 4060 1943 4115 κατά

355 4157 449 4211 τὸν
479 4157 623 4211 θεῖον
656 4155 1003 4220 Ἀπόστολον,
1030 4154 1322 4227 γεγένηται
1347 4154 1537 4219 τύπος,
1569 4155 1636 4224 ἥν
1662 4151 1885 4207 διελθὼν
1914 4154 1942 4205 0

355 4248 504 4313 λαὸς,
526 4250 627 4319 τῆς
654 4247 934 4316 Αἰγύπτου
962 4245 1256 4316 ἀπηλλάγη
1278 4245 1543 4309 δουλείας.
1577 4245 1714 4299 Κατ’
1737 4246 1943 4298 ἐκεῖνον

355 4340 454 4393 καὶ
484 4340 646 4411 ἡμεῖς
673 4337 765 4392 τὸν
792 4337 982 4400 τύπον,
1004 4337 1093 4391 διά
1115 4338 1216 4407 τῆς
1249 4336 1411 4404 ἁγίας
1440 4334 1824 4406 κολυμϐήθρας
1844 4338 1943 4405 τῆς

358 4430 454 4484 τοῦ
486 4431 735 4485 διαϐόλου
769 4430 1082 4502 τυραννίδος
1108 4428 1569 4501 ὲλευθερούμενοι,
1599 4427 1700 4497 τῆς
1738 4427 1944 4491 οἰκείας

358 4523 638 4594 σωτηρίας
691 4521 1106 4595 φροντίσωμεν·
1171 4519 1435 4589 διηνεκῶς
1493 4519 1590 4573 τὸν
1647 4518 1944 4590 εὐεργέτην

358 4614 678 4686 ὑμνοῦντες,
730 4614 825 4668 καὶ
866 4615 978 4676 τοῖς
1025 4612 1236 4665 ἐκείνου
1270 4611 1457 4681 νόμοις
1504 4609 1944 4675 ἀκολουθοῦντες,

357 4705 459 4760 καὶ
482 4706 581 4777 τὴν
605 4706 714 4759 ἀπὸ
737 4705 847 4758 τῶν
879 4703 1052 4774 ἁγίων
1077 4702 1450 4775 τετριμμένην
1479 4701 1703 4772 πορείαν
1730 4700 1942 4755 ὁδεύονο

358 4815 450 4861 τες
467 4813 480 4827 ·
512 4798 600 4852 ἵνα
631 4800 728 4852 σὺν
753 4798 938 4860 αὐτοῖς
966 4797 1049 4861 είς
1074 4795 1136 4849 τὸ
1160 4794 1365 4865 ἀγαθὸν
1387 4796 1485 4866 τῆς
1506 4794 1626 4848 ὁδοῦ
1649 4793 1945 4865 φθάσωμεν

356 4889 534 4955 τέλος,
578 4888 763 4961 χάριτι
813 4889 908 4943 καὶ
961 4887 1342 4960 φιλανθρωπία
1390 4886 1484 4940 τοῦ
1536 4887 1742 4957 Κυρίου
1790 4886 1947 4958 ἡμῶν

371 4983 549 5054 Ἰησοῦ
593 4983 859 5055 Χριστοῦ,
897 4981 1015 5053 μεθ’
1062 4972 1124 5036 οῦ
1164 4979 1244 5053 τῷ
1278 4978 1518 5050 Πατρίή
1560 4976 1706 5043 δόξα,
1738 4978 1835 5033 σὺν
1870 4978 1949 5049 τῷ

359 5076 502 5147 ἁγίῳ
530 5073 833 5145 Πνεύματι,
856 5072 951 5128 νῦν
972 5073 1067 5127 καὶ
1087 5072 1195 5138 ἀεὶ,
1226 5070 1323 5126 καί⁹
1346 5071 1428 5134 εἰς
1453 5069 1580 5133 τοὺς
1615 5069 1816 5134 αἰῶνας
1842 5068 1948 5123 τῶν

359 5167 595 5224 αἰώνων.
638 5166 831 5237 Ἀμήν.

2038 586 2208 641 animi
2268 588 2627 643 mutationem
2699 588 2924 652 videris,
2986 586 3305 641 dissimulas
3370 596 3614 656 peccata,

2038 678 2289 747 praeteris
2319 679 2675 749 impietates;
2722 678 2870 748 quod
2909 694 3043 734 sane
3098 678 3301 748 pepulo
3334 684 3430 730 tuo
3473 692 3619 729 nunc

2037 772 2200 826 etiam
2275 773 2596 843 praestitisti.
2669 793 2686 825 ι
2723 770 2844 827 Non
2913 773 3086 827 lenuit
3122 772 3178 825 in
3243 769 3619 824 testimonium

2037 862 2171 917 iram
2205 880 2381 929 suam,
2419 867 2547 935 quia
2592 865 2706 919 vult
2756 863 3187 918 misericordias.
3231 880 3249 914 ι
3293 862 3409 915 Hoc
3439 860 3621 914 simile

2035 964 2119 1012 est
2171 956 2320 1010 dicto
2348 956 2571 1011 Davidis
2605 976 2618 1011 :
2667 973 2685 1006 ι
2743 953 2863 1010 Non
2896 956 2950 1008 in
2993 962 3311 1024 perpetuum
3347 952 3620 1006 irascetur

2035 1065 2215 1118 neque
2246 1049 2300 1104 in
2356 1058 2622 1124 aeternum
2672 1046 3045 1117 indignabitur
3086 1062 3099 1096 :
3152 1059 3262 1098 non
3311 1041 3614 1096 secundum

2035 1148 2259 1212 peccata
2311 1148 2498 1196 nostra
2529 1140 2660 1196 fecit
2689 1139 2883 1203 nobis,
2925 1153 3103 1207 neque
3158 1135 3459 1191 secundum
3510 1132 3619 1187 ini-

2034 1232 2276 1302 quitates
2315 1239 2535 1288 nostras
2566 1231 2819 1287 retribuit
2848 1230 3007 1286 nobis
3021 1232 3070 1287 τι.
3093 1227 3395 1283 iMirabilis
3451 1224 3618 1295 igitur

2033 1324 2288 1380 Michmas
2318 1324 2559 1391 clamatj:
2591 1323 2731 1377 Iram
2780 1338 2890 1377 non
2934 1319 3244 1375 diutissime
3283 1317 3521 1373 servavit
3559 1315 3617 1369 iu

2036 1415 2476 1487 rcdargutionem
2512 1424 2567 1470 et
2599 1414 2973 1470 testimonium
3031 1410 3340 1482 iniquitatis
3408 1407 3614 1478 populi,

2034 1511 2128 1566 sed
2148 1507 2529 1564 misericordia
2576 1517 2733 1563 utens
2761 1512 3092 1561 revertetur.

2103 1602 2275 1658 Vens.
2314 1603 2399 1659 l9.
2442 1621 2461 1654 ι
2511 1599 2859 1664 Revertatur,
2896 1605 2950 1651 et
2973 1595 3322 1652 miserebitur
3356 1590 3570 1653 nostri,
3601 1591 3619 1611 ‘

2034 1693 2313 1762 demerget
2369 1701 2593 1763 peccata
2649 1698 2838 1745 nostra
2865 1728 2880 1755 ,
2917 1698 2970 1742 et
3002 1685 3368 1757 projieientur
3398 1681 3452 1735 in
3488 1694 3619 1749 pro-

2037 1786 2266 1842 fundum
2321 1785 2492 1841 maris
2525 1783 2709 1838 omnia
2735 1788 2956 1853 peccata
3001 1784 3212 1832 nostra.
3244 1793 3262 1826 ι
3297 1769 3619 1827 Consimilia

2034 1881 2119 1934 his
2164 1879 2328 1934 etiam
2386 1878 2503 1947 ipse
2539 1874 2924 1929 universorum
2988 1870 3130 1924 Deus
3176 1882 3273 1921 ore
3309 1863 3461 1918 Isaia:
3491 1876 3620 1930 pro-

2030 1971 2209 2041 pheta:
2236 1969 2439 2024 clamat
2468 1986 2482 2022 :
2512 1985 2533 2018 ι
2566 1966 2678 2036 Ego
2715 1980 2859 2027 sum,
2888 1977 2991 2032 ego
3017 1974 3137 2015 sum
3178 1958 3317 2027 ipse,
3346 1953 3441 2025 qui
3463 1951 3619 2006 deleo

2034 2061 2361 2132 iniquitates
2382 2066 2527 2122 tuas,
2555 2066 2609 2113 et
2640 2066 2991 2127 peccatorum
3024 2059 3244 2105 tuorum
3278 2061 3385 2102 non
3432 2057 3621 2098 recor-

2032 2154 2208 2209 dabor
2232 2163 2278 2207 σ.
2350 2150 2465 2205 iloc
2515 2148 2661 2205 enim
2707 2155 2857 2202 certe
2902 2140 3248 2204 admirabile,
3306 2135 3449 2208 quod
3509 2149 3618 2188 non

2033 2246 2212 2303 solum
2268 2246 2552 2316 ignoscat,
2600 2240 2694 2294 sed
2742 2239 2904 2291 etiam
2960 2232 3221 2289 memoria
3248 2245 3349 2286 sua
3383 2227 3621 2298 expellat

2036 2346 2282 2410 peccata,
2315 2343 2368 2391 et
2402 2342 2660 2402 tanquam
2718 2330 2772 2384 in
2811 2325 3143 2399 profundum
3176 2324 3232 2377 in
3282 2319 3618 2375 oblivionem

2034 2432 2239 2487 tradat.
2274 2430 2391 2483 Hoc
2426 2426 2572 2481 enim
2603 2423 2907 2493 explicans,
2944 2420 3141 2474 beatus
3175 2414 3339 2469 etiam
3368 2410 3621 2466 Miclitras

2035 2520 2174 2577 dixit
2208 2539 2221 2575 :
2263 2535 2283 2570 ι
2327 2516 2605 2586 Demerget
2646 2518 2871 2582 peccata
2906 2517 3130 2573 nostra,
3165 2512 3220 2559 et
3261 2502 3623 2574 projicientur

2037 2611 2093 2665 in
2149 2606 2481 2680 profundum
2546 2604 2714 2657 maris
2768 2601 2954 2656 omnia
3028 2604 3251 2667 peccata
3314 2603 3526 2649 nostra.
3595 2609 3613 2642 I

2036 2697 2511 2769 Quemadmodum
2542 2694 2687 2749 enim
2719 2693 2773 2747 id
2800 2691 2949 2763 quod
2987 2690 3042 2744 in
3078 2686 3410 2759 profundum
3452 2681 3623 2737 maris

2038 2793 2319 2863 abjicitur,
2354 2789 2572 2859 penitus
2623 2801 2732 2839 non
2757 2790 2937 2840 exstat
2970 2799 2984 2835 :
3022 2782 3125 2847 sic,
3151 2776 3368 2848 inquit,
3395 2781 3622 2845 peccata

2038 2893 2227 2957 nostra
2260 2882 2535 2938 oblivione
2577 2877 2827 2932 funditus
2855 2874 3070 2940 obruet,
3089 2878 3311 2940 propter
3338 2866 3624 2937 pactiones

2040 2995 2167 3037 cum
2219 2975 2521 3047 majoribus
2571 2971 2780 3027 nostris
2833 2968 3031 3025 factas.
3095 2965 3164 3020 Et
3200 2964 3306 3019 hoc
3344 2961 3625 3032 explicans

2043 3070 2245 3143 adjecit
2282 3086 2297 3123 :

1964 3178 2006 3233 c
2099 3167 2265 3221 Vens.
2292 3164 2387 3218 20.
2412 3182 2430 3216 ι
2459 3162 2622 3217 Dabis
2653 3159 2935 3215 veritatem
2960 3154 3182 3226 1516
3208 3151 3438 3215 Iacobo,
3464 3149 3626 3204 mise-

2039 3257 2331 3313 ricordiam
2356 3253 2691 3314 Abrahamo,
2720 3251 2865 3305 sicut
2882 3248 3082 3318 jurasti
3109 3244 3361 3315 patribus
3395 3239 3625 3301 nostris,

2033 3351 2190 3420 juxta
2221 3347 2341 3402 dies
2367 3345 2601 3415 priores.
2635 3362 2655 3395 ι
2700 3340 2794 3396 Sic
2821 3342 2990 3397 etiam
3048 3338 3244 3393 beatus
3276 3333 3446 3387 David
3494 3332 3573 3385 ait
3607 3349 3622 3385 :

2046 3418 2065 3491 ἡ
2088 3439 2296 3494 Memor
2320 3436 2423 3489 l’uit
2452 3435 2509 3488 in
2535 3431 2799 3489 swculum
2828 3425 3143 3484 testamenti
3170 3422 3282 3489 sui,
3303 3421 3452 3477 verbi
3477 3418 3627 3490 quod

2039 3530 2324 3587 mandavit
2383 3530 2439 3583 in
2501 3526 2650 3580 mille
2697 3522 3105 3595 generationes,
3160 3515 3307 3587 quod
3337 3513 3627 3571 constituit

2038 3622 2354 3679 Abraliamo
2374 3660 2389 3685 ,
2421 3628 2476 3676 et
2499 3615 2797 3688 juramenti
2828 3614 2913 3669 sui
2938 3611 3126 3667 lsaaco
3154 3608 3268 3665 dati
3298 3625 3314 3662 :
3345 3614 3402 3662 et
3433 3605 3629 3661 statuit

2042 3714 2178 3770 illud
2231 3711 2443 3767 Jacobo
2511 3709 2567 3763 in
2631 3715 2964 3777 praeceptum
3004 3709 3068 3757 et
3108 3698 3300 3756 lsraeli
3356 3699 3411 3751 in
3446 3693 3629 3751 [mdes

2040 3801 2450 3862 aeternumqut
2472 3801 2692 3855 illorum
2716 3794 2935 3867 quidem
2959 3800 3188 3865 peccata
3212 3789 3266 3845 in
3297 3787 3629 3860 profundum

2044 3895 2218 3952 maris
2244 3893 2512 3949 Dominus
2542 3890 2774 3962 projecit
2799 3906 2814 3955 ;
2840 3893 3032 3943 nostra
3089 3898 3223 3939 vero
3254 3882 3310 3935 in
3360 3895 3525 3936 sacro
3576 3886 3634 3934 et

2043 3989 2232 4044 divino
2274 3987 2496 4040 lavacro
2542 3983 2686 4039 delet
2724 3996 2738 4034 :
2779 3979 2941 4050 cujus
2986 3991 3137 4031 mare
3174 3972 3448 4033 Rubrum,
3471 3970 3632 4041 juxta

2045 4080 2290 4136 divinum
2343 4073 2724 4149 Apostolum‘,
2743 4082 2903 4145 typus
2960 4069 3109 4124 fuit:
3151 4081 3262 4137 quo
3300 4064 3634 4118 transmisso

2044 4173 2283 4245 populus
2358 4170 2433 4226 ab
2484 4167 2809 4239 Egyptiaca
2866 4163 3134 4219 servitute
3183 4158 3449 4213 liberatus
3502 4155 3630 4211 fuit.

2045 4267 2115 4319 At
2142 4276 2266 4326 nos,
2298 4259 2605 4318 secundum
2636 4257 2793 4312 illum
2822 4264 3036 4324 typum,
3055 4264 3149 4320 per
3179 4255 3438 4303 sanctum
3477 4247 3633 4298 lava-

2047 4370 2223 4421 crum,
2252 4368 2283 4407 a
2316 4350 2519 4406 diaboli
2555 4347 2849 4420 tyrannide
2903 4344 3143 4407 liberati,
3171 4339 3453 4413 prepriam
3484 4338 3635 4391 salu-
3748 4382 3757 4389 ,

2048 4457 2156 4504 tem
2188 4443 2384 4501 sedulo
2402 4456 2683 4506 curemus,
2718 4437 2946 4495 assidue
2993 4430 3407 4491 benefactorem
3457 4427 3636 4481 laudi-

1978 4551 2024 4610 ο
2052 4538 2153 4595 bus
2173 4541 2454 4599 ornantes,
2490 4539 2545 4587 et
2579 4531 2734 4587 illius
2758 4524 2917 4599 leges
2942 4532 3263 4596 sequentes,
3285 4530 3339 4576 et
3363 4535 3392 4572 a
3425 4516 3635 4575 sanctis

2044 4631 2230 4684 tritam
2262 4626 2409 4681 viam
2459 4630 2748 4679 tenentes:
2771 4629 2833 4676 ut
2863 4634 2971 4675 una
2993 4632 3121 4673 eum
3146 4614 3287 4686 ipsis
3319 4611 3384 4667 ad
3427 4611 3637 4666 bonum

2046 4723 2171 4779 vita
2202 4721 2362 4776 linem
2393 4717 2803 4790 perveniamus,
2840 4710 3184 4781 benignitate
3236 4714 3290 4763 et
3322 4704 3640 4759 misericor-

2044 4813 2133 4868 dia
2158 4811 2371 4867 Domini
2393 4786 2569 4866 nostri
2596 4807 2729 4862 Jesu
2753 4804 2981 4869 Christi,
3002 4814 3241 4873 quocum
3290 4795 3440 4851 Patri
3465 4793 3643 4867 gloria
3752 4786 3753 4789 “

2049 4922 2158 4961 una
2188 4921 2315 4960 cum
2347 4912 2538 4959 sancto
2566 4900 2772 4972 Spiritu
2797 4939 2813 4963 ,
2869 4913 3016 4953 nunc
3054 4906 3108 4953 et
3173 4905 3415 4963 semper,
3469 4896 3526 4944 et
3584 4885 3643 4945 in

2055 4997 2257 5053 saecula
2296 4996 2650 5053 saeculorum.
2698 4991 2895 5045 Amen.

432 5343 460 5384 δ
492 5344 639 5402 Psal.
668 5361 763 5413 cu,
796 5345 848 5412 9,
891 5346 976 5401 10.
1058 5356 1083 5386 ⁸
1113 5343 1219 5401 lsa.
1253 5358 1404 5409 xuii,
1434 5340 1524 5395 23.
1607 5336 1626 5379 ί
1663 5337 1811 5393 Psal.
1846 5351 1955 5403 CIV,
1981 5335 2142 5392 840.
2223 5338 2247 5377 ⁶
2280 5338 2298 5392 l
2330 5339 2461 5392 tior.
2503 5351 2555 5402 τ,
2588 5335 2677 5388 ll.

1678 5497 1910 5554 VAlllAS
1955 5496 2358 5555 LECTIONES.

464 5625 584 5681 δὀὐ
611 5644 726 5682 συν.
761 5626 803 5681 Α
824 5626 925 5680 ούκ
953 5625 1278 5698 ἐκράτησεν.

1376 5626 1422 5659 ⁵⁸
1454 5624 1497 5679 Α
1533 5626 1708 5690 πάσας
1734 5624 1832 5689 τάς
1863 5625 2161 5698 ἁμαρτίας.

2256 5624 2301 5659 δ’
2335 5626 2377 5680 Α
2418 5623 2588 5678 Δώσει
2624 5622 2702 5686 εἰς
2723 5618 2886 5691 ἀλήθ.
