4090 6436
472 402 608 469 1787

1490 402 1979 466 THEODORETI
2017 401 2355 462 EPISCOPI
2396 400 2759 464 CYRENSIS

3596 403 3731 469 1788

474 545 3521 585 Mm

829 737 1175 873 ΤΟΥ
1248 729 2132 871 ΜΑΚΑΡΙΟΥ
2219 727 3389 865 ΘΕΟΔΩΡΗΤΟΥ

1754 967 2155 1022 ΕΠΙΣΚΟΠΟΥ
2201 966 2441 1022 ΚΥΡΟΥ

1316 1130 1880 1222 ΕΡΜΗΝΕΙΑ
1941 1133 2114 1220 ΕΙΣ
2178 1134 2405 1218 ΤοΝ
2474 1128 2902 1220 ΝΑΟΥΜ.

1118 1514 1694 1670 BEATI
1819 1516 3070 1724 THEODORETI

1736 1811 2048 1870 EPISCOPI
2099 1812 2441 1873 CYRENSIS

946 1990 1937 2088 INTERPRETATIO
2019 1993 2447 2090 NAHUM
2519 1996 3250 2090 PROPHETIE.

888 2345 1099 2418 1517
1153 2346 1659 2405 ARGUMENTUM.

530 2442 666 2497 Cum
693 2441 944 2496 timorem
976 2438 1243 2495 Ninevitis
1277 2440 1598 2510 iniecissent
1620 2442 1716 2496 Dei
1748 2442 2047 2497 commina-

461 2535 683 2599 tiones,
750 2547 888 2603 quas
940 2529 1112 2587 Jonas
1166 2532 1306 2602 ipsis
1365 2533 1808 2596 denuntiavernt,
1840 2536 2042 2588 seriam

464 2634 689 2696 agentes
746 2622 1127 2694 paenitentiam
1162 2661 1178 2685 ,
1213 2625 1448 2678 salutem
1505 2624 1853 2679 invenerunt.
1908 2624 2045 2678 Nam

462 2732 564 2788 pro
601 2725 844 2772 extrema
899 2715 1163 2786 pernicie,
1221 2731 1344 2786 quae
1395 2717 1475 2772 eis
1527 2717 1796 2772 intentata
1845 2716 2044 2783 luerat,

462 2807 704 2863 divinam
770 2807 1214 2864 misericordiam
1292 2808 1580 2864 consecuti
1634 2816 1785 2864 sunt.
1847 2808 2045 2864 Verum

464 2900 615 2956 brevi
657 2912 778 2971 post
840 2907 1085 2969 tempore
1138 2899 1306 2970 hujus
1363 2898 1658 2956 ineil‘abilis
1712 2901 1805 2956 Dci
1858 2902 2048 2971 gratiae

464 2990 657 3058 obliti,
688 2998 744 3046 et
767 2992 832 3046 ad
861 2990 1153 3061 pristinam
1192 2990 1461 3044 malitiam
1496 2991 1703 3046 reversi
1741 3030 1756 3054 ,
1793 2998 1906 3045 tum
1939 2992 2046 3046 alia

467 3082 758 3138 innumera
808 3097 1094 3152 perperam
1132 3080 1511 3147 admiserunt,
1552 3093 1667 3137 tum
1720 3082 1918 3137 bellum
1952 3099 2049 3153 po-

466 3173 600 3244 pulo
633 3164 944 3228 Israelitico
982 3172 1190 3228 inferre
1234 3173 1355 3228 ausi
1402 3183 1533 3229 sunt
1566 3192 1579 3228 :
1619 3182 1673 3229 ct
1701 3172 1888 3229 decem
1926 3176 2049 3245 qui-

465 3264 590 3319 dem
621 3265 797 3319 tribus
837 3265 892 3320 in
923 3265 1243 3321 servitutem
1284 3265 1536 3323 redactas
1562 3265 2049 3338 Teglathphalasar

466 3365 524 3411 et
553 3353 910 3412 Salmanasar
942 3357 1192 3426 captivas
1250 3356 1595 3412 abduxerunt
1629 3376 1643 3412 :
1675 3359 2049 3416 Sennaclierib

467 3459 606 3501 vero
641 3444 889 3503 Iudaeam
923 3447 1069 3502 bello
1109 3463 1408 3518 aggressus
1441 3456 1496 3503 et
1529 3448 1666 3505 alias
1699 3450 1864 3507 urbes
1894 3451 2046 3507 obsi-

469 3535 636 3594 dione
669 3540 833 3608 cepit,
869 3545 925 3593 et
956 3539 1123 3595 misso
1147 3540 1410 3595 adversus
1430 3540 1875 3614 Hierosolymam
1893 3559 2051 3600 exer-

468 3629 607 3695 citu,
646 3638 842 3685 contra
886 3630 1065 3699 ipsum
1120 3632 1504 3686 universorum
1583 3631 1752 3689 Deum
1804 3635 2046 3706 linguam

468 3720 661 3775 movit.
691 3718 797 3776 Sed
830 3721 1123 3791 derepente
1150 3722 1201 3777 vi
1224 3723 1437 3778 occulta
1473 3738 1569 3793 per
1595 3724 1849 3794 angelum
1880 3700 2046 3779 unum
2082 3700 2122 3753 Β

470 3812 646 3867 multa
670 3827 859 3868 eorum
891 3814 1061 3868 millia
1091 3813 1374 3870 interfecta
1399 3814 1624 3871 fuerunt
1647 3835 1660 3870 :
1684 3832 1775 3872 rex
1801 3831 1928 3871 vero
1957 3831 2050 3870 eo-

477 3919 604 3959 rum
647 3919 712 3960 ex
747 3905 851 3961 bac
886 3906 1043 3977 plaga
1071 3906 1318 3979 elapsus,
1348 3922 1413 3962 ac
1432 3924 1612 3979 praeco
1636 3907 1900 3964 divinitus
1931 3906 2049 3959 illa-

472 4001 548 4050 tae
600 3994 831 4052 ultionis
888 3995 1070 4054 factus
1130 4001 1282 4067 (nam
1341 3998 1445 4054 hac
1504 3998 1574 4053 de
1623 4012 1791 4052 causa
1837 3995 2052 4066 1518

472 4087 683 4143 salvum
708 4103 832 4144 eum
860 4089 1104 4161 effugere
1138 4091 1391 4161 permisit
1414 4090 1603 4160 Deus),
1630 4091 1682 4144 in
1715 4088 1859 4158 regia
1887 4104 1985 4143 sua
2018 4102 2049 4141 a

472 4176 604 4234 ﬁliis
642 4179 761 4235 suis
804 4180 1021 4251 plagam
1065 4181 1284 4252 accipit.
1336 4181 1412 4235 Ac
1453 4195 1561 4234 non
1602 4179 1674 4233 ita
1711 4178 1884 4233 multo
1931 4187 2052 4248 post

477 4284 654 4340 regno
713 4268 1049 4342 Babylonem
1102 4274 1393 4336 translato,
1448 4271 1762 4325 universum
1822 4285 2050 4341 regnum

473 4362 707 4417 istorum
740 4378 916 4433 genus
956 4362 1198 4418 deletum
1225 4372 1341 4428 est,
1396 4362 1531 4415 urbs
1578 4370 1761 4416 autem
1819 4378 2051 4428 eversa,

474 4453 615 4509 etin
661 4454 1013 4510 solitudinem
1037 4456 1259 4512 redacta
1303 4461 1406 4510 est.
1443 4450 1599 4508 Hanc
1662 4452 2042 4510 Ninevitarum

474 4544 776 4616 perniciem
806 4546 996 4601 beatus
1046 4544 1258 4601 Nahum
1295 4544 1563 4616 propheta
1613 4543 1800 4600 divino
1841 4544 2055 4599 alllatus

483 4638 699 4709 Spiritu
731 4639 997 4708 praedicit,
1033 4649 1197 4708 atque
1230 4654 1325 4710 per
1364 4652 1427 4692 ea
1454 4653 1574 4708 quae
1599 4637 1931 4692 vaticinatur
1952 4637 2055 4692 do-

479 4734 589 4791 cet.
621 4728 805 4782 omnia
858 4726 1071 4783 Domini
1116 4728 1209 4784 Dei
1235 4739 1371 4783 nutu
1406 4735 1462 4782 et
1493 4726 1835 4798 providentia
1863 4730 1882 4749 ‘
1910 4727 2053 4798 regi,

481 4819 946 4890 eumquejustum
986 4819 1256 4887 judicium
1283 4820 1612 4887 exercendo,
1646 4821 1772 4876 vitae
1800 4829 1937 4875 actae
1966 4834 2060 4872 ra-s

476 4912 684 4967 tionem
714 4913 789 4968 ab.
811 4929 1142 4983 unoquoque
1172 4927 1419 4983 poscere.
1464 4912 1676 4968 Idcirco
1700 4952 1715 4976 ,
1749 4912 1948 4980 inquit,
1976 4906 2058 4962 lso

478 5004 702 5071 raelem,
730 5007 857 5075 quia
886 5004 1051 5071 impie
1079 5005 1210 5075 egit,
1241 5004 1485 5075 Assyriis
1520 5002 1749 5058 tradidit
1780 5018 1794 5054 :
1845 5014 1908 5053 ac
1930 5013 2057 5077 rnr-
2087 5025 2129 5083 ο

483 5111 580 5151 sus
611 5095 680 5148 alt
700 5096 962 5166 Assyriis,
996 5095 1255 5165 quoniam
1283 5093 1667 5148 cﬂ‘eratissitne
1683 5101 1737 5146 et
1760 5088 2060 5144 crudeliter

482 5188 587 5244 ltos
615 5186 953 5249 invaserant,
987 5201 1081 5256 per
1112 5186 1250 5240 alios
1281 5201 1472 5255 pceuas
1501 5182 1701 5238 multas
1730 5180 1930 5250 exegit.
1956 5178 2062 5234 Ne-

482 5291 592 5347 que
611 5276 782 5339 enim,
816 5285 874 5331 ut
902 5276 1172 5332 voluntati
1204 5274 1297 5330 Dei
1339 5275 1626 5342 servirent,
1663 5279 1855 5326 contra
1882 5271 2058 5327 Israe-

483 5372 593 5429 lem
628 5370 836 5427 bellum
878 5376 1164 5425 moverant
1193 5388 1208 5424 :
1238 5368 1331 5424 sed
1358 5376 1414 5421 ut
1444 5366 1691 5421 audacia:
1719 5380 1834 5419 suae,
1865 5375 1917 5421 et
1938 5364 2062 5419 libi-

485 5462 603 5519 dini
649 5463 1122 5533 obtemperarent,
1151 5467 1206 5515 et
1253 5475 1419 5530 quam
1448 5458 1719 5513 latissime
1749 5457 1804 5511 in
1866 5470 2062 5511 omnes

485 5554 777 5626 imperium
812 5570 972 5612 suum
1010 5558 1403 5624 propagarent.
1427 5551 1535 5607 Nec
1566 5565 1699 5607 vero
1731 5564 1923 5605 eorum
1964 5562 2059 5603 co-

2078 2355 2126 2412 Δ

2772 2349 3126 2403 ΥΠΟΘΕΣΙΣ.

2219 2442 2284 2494 Οἱ
2315 2439 2593 2495 Νινευῖται
2632 2440 2731 2512 τὴν
2777 2441 2928 2495 θείαν
2976 2441 3254 2506 δείσαντες
3294 2443 3543 2514 ἀπειλὴν,
3586 2446 3654 2517 ἦν
3700 2444 3733 2499 δ

2148 2533 2439 2598 θεσπέσιος
2465 2535 2649 2599 αὐτοῖς
2677 2534 2940 2605 ἐκήρυξεν
2976 2535 3182 2601 Ἰωνᾶς,
3217 2538 3549 2609 μεταμελείᾳ
3572 2556 3732 2593 σπου-

2146 2624 2272 2696 δαίᾳ
2300 2625 2661 2695 χρησάμενοι,
2696 2625 2795 2695 τὴν
2832 2627 3108 2697 σωτηρίαν
3145 2628 3402 2699 ηὖραντο.
3449 2632 3592 2683 Ἀντὶ
3621 2633 3730 2704 γὰρ

2148 2717 2247 2788 τῆς
2271 2716 2659 2788 άπειληθείσης
2692 2718 3086 2791 πανωλεθρίας,
3122 2720 3222 2789 τῆς
3246 2720 3396 2786 θείας
3422 2721 3728 2794 φιλανθρω-

2148 2806 2279 2870 πίας
2310 2808 2651 2878 ἀπήλαυσαν.
2690 2807 2901 2880 Χρόνου
2926 2807 2983 2862 δὲ
3018 2807 3246 2880 βραχέος
3271 2810 3590 2875 διελθόντος.
3631 2812 3730 2881 τῆς

2149 2898 2355 2967 άφάτου
2394 2901 2491 2969 μὲν
2521 2899 2725 2970 ταύτης
2768 2898 3096 2953 ἐπελάθοντο
3149 2901 3394 2972 χάριτος,
3444 2904 3523 2965 εἰς
3553 2900 3732 2972 δὲτὴν

2150 2990 2427 3062 προτέραν
2483 2991 2750 3062 πονηρίαν
2798 2990 3218 3057 ἐπανελθόντες,
3273 2992 3410 3047 ἄλλα
3452 3009 3512 3046 τε
3566 2993 3730 3064 μυρία

2150 3083 2442 3153 παράνομα
2488 3082 2802 3154 δεδράκασι,
2839 3084 3061 3146 καὶτὰς
3103 3083 3244 3138 κατὰ
3269 3084 3362 3139 τοῦ
3413 3084 3625 3156 Ἰσραὴλ
3650 3103 3737 3138 τε-

2150 3173 2460 3243 τολμήκασι
2496 3173 2788 3245 στρατείας
2813 3191 2826 3204 ε
2880 3175 3097 3240 καὶτὰς
3130 3175 3228 3247 μὲν
3267 3176 3402 3230 δέκα
3434 3175 3606 3246 φυλὰς
3633 3177 3737 3230 Θε-

2149 3261 2544 3337 γλαθφαλάσαρ
2597 3266 2694 3319 καὶ
2747 3264 3119 3338 Σαλμανάσαρ
3185 3266 3736 3339 ὲξανδραποδίσαντες

2150 3353 2529 3425 αἰχμαλώτους
2563 3357 2852 3428 ἀπήγαγον
2877 3374 2891 3388 ”
2926 3359 3070 3413 κατὰ
3100 3359 3156 3412 δὲ
3185 3360 3289 3429 τῆς
3322 3360 3582 3425 Ἰουδαίας
3610 3363 3736 3417 Σεν·

2150 3447 2425 3518 ναχηρεὶμ
2449 3449 2803 3520 στρατεύσας,
2837 3448 3005 3512 ἄλλας
3047 3465 3109 3501 τε
3152 3449 3340 3512 πόλεις
3372 3444 3483 3504 εἷλε
3523 3451 3737 3523 πολιορ-

2151 3537 2266 3608 κίᾳ,
2295 3538 2391 3592 καὶ
2417 3538 2480 3610 δὴ
2511 3541 2652 3592 κατὰ
2670 3540 2716 3570 ⁵⁸
2751 3541 2851 3610 τῆς
2885 3538 3240 3608 Ἰερουσαλὴμ
3283 3540 3383 3608 τὴν
3411 3541 3670 3611 στρατιὰν
3687 3544 3735 3575 ⁸⁸

2151 3632 2498 3698 ἀποστείλας,
2527 3634 2647 3687 κατ’
2675 3633 2838 3686 αὐτοῦ
2868 3632 2961 3686 τοῦ
2990 3631 3124 3683 Θεοῦ
3150 3631 3259 3684 τῶν
3278 3630 3416 3685 ὅλων
3437 3633 3537 3705 τὴν
3565 3633 3734 3701 γλῶτ-

2154 3738 2252 3776 ταν
2279 3721 2547 3790 ἐκίνησεν.
2597 3721 2754 3775 Ἀλλὰ
2792 3722 3104 3793 παραυτίκα
3132 3722 3231 3794 μὲν
3256 3722 3506 3794 ἀοράτως
3532 3724 3600 3777 δι’
3630 3725 3734 3794 άγο

2153 3810 2312 3878 γέλου
2361 3812 2479 3876 ἑνὸς
2522 3813 2578 3865 αί
2628 3813 2823 3868 πολλαὶ
2872 3812 2951 3885 τῷ
3000 3812 3218 3885 θανάτῳ
3255 3814 3736 3886 παρεπέμφθησαν

2157 3901 2419 3973 μυριάδες
2441 3921 2456 3934 ο
2511 3904 2604 3958 καὶ
2639 3903 2806 3968 αὐτὸς
2834 3904 2889 3958 δὲ
2923 3906 2951 3959 6
2978 3904 3185 3959 τούτων
3216 3904 3490 3976 βασιλεὺς,
3532 3906 3739 3978 ταύτην

2153 3991 2429 4062 διαφυγὼν
2457 3994 2558 4065 τὴν
2603 3994 2838 4066 πληγὴν,
2882 3996 2980 4048 καὶ
3010 3995 3185 4067 κῆρυξ
3229 3994 3330 4065 τῆς
3359 3994 3622 4063 θεηλάτου
3656 4013 3740 4049 τι-

2157 4086 2367 4157 μωρίας
2414 4088 2705 4158 γενόμενος
2753 4088 2962 4161 (τούτου
3013 4088 3122 4160 γὰρ
3168 4086 3328 4160 χάρίν
3381 4088 3521 4142 σῶον
3576 4090 3737 4144 αὐτὸν

2154 4175 2434 4245 διαφυγεῖν
2461 4178 2747 4233 ὲνδέδωκεν
2770 4181 2798 4233 6
2816 4178 2993 4245 Θεὸς),
3017 4180 3075 4233 ὲν
3100 4179 3284 4242 αὐτοῖς
3307 4181 3421 4243 τοῖς
3446 4179 3737 4250 βασιλείοις

2157 4265 2262 4318 ὑπὸ
2293 4265 2399 4319 τῶν
2444 4265 2659 4335 φύντων
2699 4267 2913 4338 δέχεται
2944 4266 3043 4338 τὴν
3091 4266 3328 4337 πληγήν.
3376 4267 3489 4320 Καὶ
3544 4266 3738 4338 μικρὸν

2158 4354 2385 4428 ὕστερον
2431 4358 2512 4420 είς
2540 4357 2837 4412 Βαϐυλῶνα
2868 4358 2971 4426 τῆς
3007 4355 3282 4427 βασιλείας
3329 4355 3736 4427 μετατεθείσης,

2157 4448 2391 4521 ὲσδὲσθη
2449 4449 2548 4520 μὲν
2603 4449 2748 4503 ἆπαν
2789 4447 2947 4502 τοῦτο
2990 4448 3101 4501 τῶν
3149 4445 3409 4517 βασιλέων
3461 4446 3522 4500 τὺ
3561 4445 3739 4515 γένος,

2158 4541 2460 4605 ἀνάστατος
2500 4541 2557 4594 δὲ
2590 4542 2623 4611 ἡ
2664 4539 2820 4603 πόλις
2858 4540 3095 4607 ἐγένετο,
3126 4538 3223 4592 καὶ
3250 4536 3455 4610 ἐρημίᾳ
3484 4537 3744 4591 παντελεῖ

2160 4631 2454 4703 παρεδόθη.
2474 4631 2677 4684 Τοῦτον
2703 4631 2801 4700 τῆς
2829 4629 3020 4683 Νινευῒ
3040 4629 3132 4682 τὸν
3156 4614 3276 4682 ὅλεο
3287 4645 3379 4698 ρον
3407 4628 3436 4681 6
3466 4628 3738 4701 μακάριος

2160 4725 2355 4794 Ναοὺμ
2397 4724 2426 4776 6
2470 4724 2755 4795 προφήτης
2807 4720 3083 4792 προλέγει,
3122 4719 3217 4774 τοῦ
3248 4719 3393 4774 θείου
3426 4717 3741 4790 Πνεύματος

2159 4814 2453 4885 δεξάμενος
2494 4813 2591 4884 τὴν
2631 4813 2931 4883 ἐνέργειαν,
2974 4812 3068 4865 καὶ
3107 4811 3175 4864 δι’
3206 4804 3282 4864 ὧν
3312 4808 3557 4873 θεσπίζει
3594 4809 3743 4864 διδά-

2164 4918 2305 4968 σκει,
2337 4903 2414 4965 ὡς
2456 4902 2608 4956 οὐδὲν
2650 4900 3013 4972 ἀτημέλητον,
3058 4901 3178 4954 οὐδὲ
3215 4898 3551 4971 ἀπρονόητον
3588 4899 3741 4969 παρὰ

2161 4993 2239 5064 τῷ
2269 4994 2517 5067 Δεσπότῃ
2548 4992 2688 5064 Θεῷ,
2730 4992 2893 5064 ψήφῳ
2921 4993 2979 5046 δὲ
3020 4992 3202 5063 δικαίᾳ
3252 4989 3591 5063 κεχρημένος
3632 4989 3742 5045 τῶν

2165 5084 2510 5158 βεσιωμένων
2539 5085 2770 5139 ἕκαστον
2795 5085 3015 5139 ἀπαιτεῖ
3054 5083 3153 5147 τὰς
3184 5082 3436 5147 εὐθύνας.
3480 5075 3557 5137 Οὗ
3579 5082 3742 5154 χάριν

2163 5178 2255 5232 τὸν
2286 5177 2382 5249 μὲν
2417 5176 2631 5248 Ἰσραὴλ
2647 5176 2956 5248 ἠσεϐηκότα
2980 5174 3360 5247 παραδέδωκεν
3393 5172 3698 5245 Ἀσσυρίοις
3722 5189 3741 5207 α

2177 5269 2495 5336 Ἀσσυρίους
2513 5269 2570 5323 δὲ
2595 5267 2874 5339 θηριωδῶς
2899 5268 3109 5330 τούτοις
3138 5264 3622 5337 προσενεχθέντας,
3644 5263 3742 5316 καὶ

2164 5359 2406 5432 ὠμότητι
2462 5359 2881 5433 χρησαμένους,
2935 5356 3139 5421 πολλὰς
3197 5357 3264 5410 δι’
3316 5356 3524 5424 ἐτέρων
3581 5352 3745 5407 πάλιν

2132 5536 2134 5538 γ
2165 5452 2527 5524 εἰσεπράξατο
2551 5452 2727 5515 δίκας.
2757 5450 2894 5505 υῦτε
2914 5449 3023 5521 γὰρ
3041 5450 3116 5511 ὡς
3136 5448 3257 5521 θείᾳ
3276 5446 3437 5519 βουλῇ
3464 5442 3748 5538 διακονού-

2170 5565 2319 5617 μενοι
2363 5546 2460 5619 τὴν
2491 5549 2634 5601 κατὰ
2668 5543 2761 5601 τοῦ
2815 5541 3028 5617 Ἰσραὴλ
3076 5541 3402 5613 ἐποιήσαντο
3431 5534 3737 5608 στρατείαν,

1794 5719 2031 5778 VARI/1‘3
2066 5718 2469 5779 LECTIONES.

533 5822 582 5855 "
615 5822 772 5877 κατά.
808 5820 846 5876 C
881 5837 1067 5892 prtum.
1105 5821 1216 5877 καί.
1273 5820 1349 5853 ’³⁵³
1400 5819 1439 5876 C
1492 5818 1804 5887 στρατεὶαν.
