4090 6416
514 381 643 449 1791

1461 387 1947 448 TlIEODORETI
2005 382 2344 445 EPISCOPI
2399 380 2763 441 CYRENSIS

3639 385 3775 452 1792

508 501 796 558 hominum
835 504 938 558 fert
974 504 1317 572 iniquitates,
1357 504 1510 556 novit
1557 506 1723 557 etiam
1763 520 1871 557 non
1911 503 2073 572 pomi-

2196 515 2302 568 ρων
2347 497 2438 550 ἐπὶ
2476 497 2727 551 πλεῖστον
2753 497 2853 562 τὰς
2903 498 3012 550 τῶν
3051 498 3358 570 ἀνθρώπων
3392 508 3771 574 παρανομεας,

511 594 756 649 tentihus
791 595 1060 664 supplicia
1122 595 1393 664 irrogare.
1446 594 1561 648 Hoc
1614 596 1762 649 enim
1803 603 1886 649 est
1943 594 2089 663 quod

511 684 610 744 ait,
641 701 658 734 ι
688 684 964 739 Mnndans
997 700 1105 737 non
1142 683 1308 739 faciet
1342 685 1694 739 innocentem
1735 704 1748 738 :
1795 704 1813 738 ι
1844 685 1946 739 hoc
1981 693 2087 750 est,

509 790 632 828 eum
665 777 756 843 qui
791 776 1080 844 suppliciis
1117 775 1282 846 digna
1333 777 1712 840 commiserit,
1756 792 1864 831 non
1911 777 2090 846 impu-

506 869 682 919 nitum
719 866 989 923 Dominus
1016 868 1310 938 relinquet.
1347 887 1366 919 ι
1403 869 1694 934 Dominus,
1738 870 1791 922 in
1821 885 2086 924 consum-

505 958 745 1013 matione
774 968 828 1014 et
861 959 914 1013 in
949 962 1318 1015 commotione
1339 964 1427 1014 via
1459 961 1600 1029 ejus.
1634 980 1652 1012 ι
1685 960 1800 1014 Non
1825 961 2083 1028 amplius,

499 1050 723 1118 inquit,
793 1050 935 1107 Deus
993 1052 1397 1106 universorum
1435 1052 1870 1106 misericordiam
1931 1051 2085 1106 vobis

504 1139 792 1210 largietur,
827 1142 920 1198 sed
970 1143 1270 1211 perniciem
1306 1141 1522 1196 inferet.
1553 1141 1687 1195 Huic
1719 1142 1922 1197 similia
1955 1148 2084 1194 sunt

499 1237 665 1289 verba
709 1235 915 1288 Psalmi
957 1253 969 1288 :
1007 1253 1024 1285 ι
1063 1234 1267 1290 Omnes
1302 1236 1400 1290 viae
1436 1234 1653 1290 Domini
1691 1234 2077 1289 misericordia

496 1323 848 1380 etveritasi.
911 1345 929 1377 ι
976 1323 1192 1381 Veritas
1249 1327 1398 1380 enim
1451 1342 1560 1380 non
1639 1325 2078 1379 misericordiam

494 1424 736 1479 tantum,
771 1416 870 1471 sed
903 1419 1066 1472 etiam
1118 1417 1464 1486 punitionem
1497 1417 1708 1486 justam
1759 1416 1944 1470 habet.
1978 1415 2081 1470 Per

497 1509 638 1562 viam
677 1509 864 1578 itaque
891 1517 1004 1562 tum
1042 1510 1155 1570 hic,
1187 1518 1300 1562 tum
1337 1509 1473 1571 illic,
1518 1508 1665 1562 actio
1719 1508 2078 1578 intelligenda

497 1609 599 1654 est.
634 1617 651 1649 ι
687 1600 754 1654 Ει
797 1601 972 1654 nubes
1023 1603 1202 1670 pulvis
1255 1601 1455 1672 pedum
1511 1601 1651 1668 ejus.
1697 1619 1713 1650 ι
1749 1601 2078 1655 Acconimo-

495 1689 787 1746 datissime
812 1692 1080 1759 pulverem
1112 1693 1210 1746 vim
1238 1693 1458 1762 adjecit.
1490 1690 1617 1746 Vult
1644 1702 1824 1746 autem
1862 1691 2072 1755 dicere,

493 1781 613 1836 Non
643 1785 880 1852 amplius
918 1786 1076 1854 longa
1109 1785 1373 1856 patientia
1417 1792 1622 1849 utetur,
1650 1785 1744 1839 sed
1774 1784 2072 1854 perniciem

491 1876 654 1930 vobis
678 1875 894 1940 inferet,
931 1877 1176 1942 nudique
1210 1879 1263 1932 in
1292 1893 1392 1933 vos
1421 1878 1690 1932 malorum
1731 1878 1930 1932 nubem
1979 1892 2071 1930 ac-

493 1983 742 2023 cersens.
791 1969 859 2022 Et
906 1969 1112 2025 docens
1172 1986 1295 2025 eum
1354 1969 1518 2025 facile
1566 1969 1941 2040 quodcunque
1992 1969 2072 2023 illi

494 2060 674 2114 visum
707 2059 895 2122 fuerit,
919 2060 1153 2124 edicere,
1181 2061 1469 2130 subjunxit
1504 2077 1516 2112 :

566 2149 735 2205 Vens.
760 2151 813 2205 4.
849 2171 866 2202 ι
895 2151 1196 2223 lnerepans
1229 2168 1400 2218 mare,
1426 2161 1480 2208 et
1503 2153 1793 2208 exsiccans
1826 2152 1983 2215 illud,
2017 2161 2072 2206 et

494 2244 680 2298 omnia
715 2243 942 2298 ﬂumina
998 2247 1216 2300 deserta
1270 2245 1502 2301 faciens.
1541 2264 1560 2297 ι
1598 2244 1654 2299 Si
1687 2246 1833 2300 enim
1881 2245 2074 2300 existi-

495 2336 729 2391 maverit
765 2351 981 2392 omnem
1014 2353 1211 2407 aquam
1255 2338 1424 2393 maris
1463 2337 1673 2408 1521
1708 2336 2068 2392 etﬂuminum

496 2426 753 2484 funditus
774 2427 1209 2484 exhauriendum
1260 2445 1406 2494 esse,
1459 2429 1728 2498 temporis
1775 2437 1982 2499 puncto
2018 2429 2071 2483 id

495 2518 679 2575 facere
702 2521 900 2589 poterit
941 2521 1130 2590 :qnod
1165 2519 1391 2590 quidem
1427 2536 1495 2574 ex
1535 2519 1603 2575 iis
1634 2536 1757 2589 quae
1783 2521 1896 2590 jam
1941 2529 2072 2576 sunt

494 2607 656 2673 facta,
690 2609 1116 2665 demonstravit.
1149 2627 1168 2661 ι
1208 2606 1503 2663 [inminuta
1552 2619 1637 2664 est
1693 2609 1985 2674 Basanitis,
2019 2621 2072 2664 et

491 2693 804 2757 Carmelus,
841 2705 896 2750 ct
939 2697 1126 2752 omnia
1160 2713 1283 2767 qua:
1315 2697 1584 2752 ﬂorebant
1621 2697 1818 2752 Libani
1860 2699 2072 2754 defere-

492 2793 642 2840 runt.
684 2805 702 2838 »
742 2786 880 2842 Cum
906 2789 1052 2842 enim
1105 2804 1301 2858 pmnas
1342 2797 1592 2858 repetere
1634 2790 1954 2846 statuissem
2003 2792 2072 2844 ab

491 2877 562 2931 iis
610 2878 700 2946 qui
743 2877 1138 2945 Basanitidem,
1175 2889 1230 2935 et
1274 2880 1626 2948 Carmelum,
1682 2889 1735 2935 et
1796 2880 2067 2936 Libanum

492 2967 763 3031 incolunt,
815 2969 973 3025 vobis
1031 2985 1128 3026 eos
1181 2971 1404 3027 tradidi.
1469 2971 1576 3028 Vos
1635 2981 1819 3028 autem
1877 2989 2066 3028 eorum

489 3073 653 3130 agros
687 3059 1105 3130 depopulantes,
1143 3072 1197 3118 et
1247 3064 1409 3120 urbes
1437 3073 1841 3134 expugnantes,
1883 3067 2068 3122 cives-

491 3164 602 3218 que
657 3149 709 3204 in
739 3152 1119 3221 captivitatem
1149 3154 1444 3219 ducentes,
1482 3156 1548 3210 ad
1580 3172 1854 3212 summam
1897 3160 2068 3213 vasti-
2099 3189 2142 3246 ε

489 3248 658 3296 tatem
687 3258 782 3297 eos
813 3243 1131 3312 redegistis.

597 3332 766 3390 Vsus.
798 3336 850 3391 5.
880 3356 898 3388 ι
933 3337 1146 3394 Montes
1170 3341 1433 3395 commoti
1460 3350 1592 3396 sunt
1618 3343 1687 3397 ab
1714 3358 1801 3406 eo,
1825 3351 1878 3398 et
1901 3346 2072 3401 colles

486 3428 746 3482 concussi
787 3435 957 3482 sunt:
997 3437 1050 3484 et
1085 3438 1375 3486 contracta
1401 3441 1488 3486 est
1521 3439 1670 3487 terra
1698 3448 1727 3486 a
1768 3432 1910 3489 faeie
1949 3435 2073 3502 ejus

487 3516 772 3581 universa,
821 3527 876 3573 et
929 3533 1122 3574 omnes
1164 3521 1256 3588 qui
1323 3522 1577 3576 habitant
1627 3524 1681 3577 in
1736 3539 1821 3579 ea.
1875 3545 1893 3576 ι
1931 3526 2070 3591 Quia

486 3609 635 3664 enim
665 3607 888 3676 quidam
937 3623 1060 3662 eum
1097 3609 1343 3662 solorum
1375 3609 1692 3664 Iudaeorum
1739 3612 1910 3666 Deum
1945 3629 2071 3669 esse

485 3699 897 3768 opinabantur,
942 3712 1055 3750 non
1117 3698 1214 3753 abs
1272 3715 1332 3753 re
1382 3700 1650 3768 propheta
1699 3701 1861 3756 docet
1913 3703 2066 3758 illum

487 3797 730 3849 montes,
764 3798 819 3841 et
848 3787 1036 3851 colles,
1067 3795 1120 3842 et
1169 3803 1386 3844 omnem
1444 3798 1648 3843 terram
1691 3805 1815 3845 cum
1868 3791 2067 3848 incolis

486 3877 610 3946 ejus
643 3879 762 3933 solo
798 3885 934 3932 nutu
979 3889 1297 3935 concutere.
1355 3881 1513 3947 Quod
1548 3897 1677 3938 vero
1717 3883 1812 3947 ait,
1849 3893 1899 3938 et
1941 3902 2067 3939 con-

489 3980 664 4025 tracta
715 3981 794 4026 est
855 3981 1019 4034 terra,
1087 3975 1284 4043 Aquila
1333 3974 1555 4045 quidem
1622 3974 1828 4030 horruit
1879 3975 2064 4034 dixit:

488 4059 855 4133 Symmachus
886 4078 1016 4117 vero
1050 4073 1194 4118 mota
1221 4074 1318 4120 est.

561 4150 727 4208 Vens.
758 4152 810 4206 6.
851 4173 869 4203 ι
906 4154 1203 4223 Aspectum
1241 4155 1339 4208 irm
1385 4153 1507 4224 ejus
1555 4155 1680 4226 quis
1730 4159 2068 4213 sustinebit?

483 4255 541 4298 et
571 4245 697 4314 quis
747 4246 971 4300 resistet
1011 4245 1065 4298 in
1102 4245 1182 4300 ira
1235 4245 1447 4300 furoris
1494 4246 1658 4316 eius?
1707 4247 1887 4304 Furor
1945 4251 2065 4320 ejus

485 4335 767 4389 consumit
799 4336 1166 4406 principatus,
1203 4344 1258 4391 et
1300 4345 1470 4407 petra:
1518 4339 1777 4394 contritae
1825 4351 1955 4398 sunt
1999 4344 2068 4397 ab

449 4441 573 4493 ,eo.
605 4445 621 4477 ι
671 4427 725 4480 Si
756 4429 902 4481 enim
939 4443 1033 4482 eos
1074 4429 1168 4499 qui
1206 4429 1276 4484 ob
1316 4430 1668 4500 principatus
1701 4449 1760 4488 se
1805 4434 2066 4499 elferunt,

2192 584 2299 642 οἶδε
2330 588 2424 642 καὶ
2448 589 2722 660 τιμωρίαν
2748 593 2858 652 τοῖς
2895 590 2968 659 μὴ
3002 593 3498 661 μεταμελουμὲνοις
3519 595 3770 662 ἐπάγειν.

2193 678 2363 731 Τοῦτο
2384 679 2492 750 γὰρ
2520 675 2692 730 εἶπενο
2729 696 2744 728 ι
2796 678 3013 732 Ἀθωῶν
3039 680 3138 732 οὐκ
3168 680 3470 734 ἀθωώσειοι
3509 684 3628 736 ἀντὶ
3653 683 3770 750 τοῦ,

2190 769 2279 822 τὸν
2303 769 2575 832 κολάσεως
2594 769 2720 834 ἄξια
2746 770 3234 842 πλημμελήσαντα,
3255 774 3353 843 τῆς
3381 778 3651 845 τιμωρίας
3673 777 3774 831 οὐκ

2189 859 2507 926 ἀπαλλάξει.
2534 881 2552 912 ι
2591 861 2796 931 Κύριος
2813 862 2857 892 ⁵⁸
2880 901 2894 925 ,
2929 864 2986 914 ὲν
3019 863 3300 934 συντελείᾳ
3331 865 3423 917 καὶ
3452 867 3509 917 ὲν
3551 882 3771 918 συσσει-

2191 952 2315 1021 σμῷ
2365 955 2397 1022 ή
2443 952 2563 1015 ὁδὸς
2604 951 2794 1006 αὑτοῦ.
2842 971 2860 1004 ι
2914 953 3110 1006 Οὐκέτι
3146 954 3574 1025 φιλανθρωπίας,
3609 958 3766 1027 φησι,

2191 1043 2490 1111 μεταδώσει
2545 1043 2673 1113 ὑμῖν
2701 1046 2728 1096 ὁ
2756 1044 2865 1096 τῶν
2895 1045 3032 1098 ὅλων
3062 1046 3214 1108 Θεὸς,
3267 1047 3404 1100 ἀλλὰ
3430 1049 3521 1101 τὸν
3546 1050 3768 1120 ὄλεθρον

2188 1134 2400 1199 ἐπάξει.
2437 1134 2624 1204 Τούτῳ
2673 1135 2816 1189 ἔοικε
2863 1136 2924 1189 τὸ
2969 1138 3028 1189 ἐν
3074 1138 3150 1208 τῷ
3195 1139 3396 1210 ψαλμῷ
3435 1141 3764 1210 εἰρημένον·

2197 1248 2215 1279 ι
2247 1231 2424 1283 Πᾶσαι
2452 1231 2507 1283 αἱ
2545 1230 2652 1282 ὁδοὶ
2681 1229 2888 1299 Κυρίου
2909 1230 3056 1292 ἕλεος
3086 1232 3180 1283 καὶ
3217 1231 3465 1302 ἀλήθεια.
3502 1251 3520 1282 ›
3568 1233 3631 1284 Ἡ
3657 1232 3766 1302 γάρ

2183 1323 2409 1392 ἀλήθεια
2439 1323 2499 1375 ού
2529 1322 2938 1394 φιλανθρωπίαν
2971 1323 3162 1394 μόνην,
3203 1323 3339 1378 ἀλλὰ
3369 1325 3462 1378 καὶ
3492 1328 3764 1396 τιμωρίαν

2183 1414 2296 1486 ἔχει
2329 1415 2562 1470 δικαίαν.
2593 1415 2767 1469 Ὀδὸν
2798 1416 2977 1469 τοίνυν
3005 1416 3281 1471 κάνταῦθα
3305 1418 3466 1471 κάκεῖ
3498 1419 3596 1488 τὴν
3624 1421 3764 1490 πρᾶ-

2183 1508 2265 1575 ξιν
2303 1509 2542 1578 νοητέον.
2572 1527 2590 1560 ι
2628 1509 2736 1561 Καὶ
2756 1509 2975 1578 νεφέλαι
3014 1510 3292 1580 κονιορτὸς
3321 1509 3496 1563 ποδῶν
3520 1510 3706 1564 αὐτοῦ.
3737 1531 3756 1562 ι

2194 1601 2495 1671 Ἀρμοδίως
2529 1601 2674 1672 μάλα
2694 1601 2785 1654 τὸν
2816 1603 3124 1670 κονιορτὸν⁴
3152 1606 3216 1673 τῇ
3249 1601 3356 1672 ὁδῷ
3386 1604 3759 1674 προστέθεικε.

2181 1693 2438 1746 Βούλεται
2467 1693 2524 1746 δὲ
2556 1695 2749 1760 εἰπεῖν,
2779 1694 2859 1747 ὅτι
2884 1693 2998 1746 Νῦν
3035 1693 3218 1747 οὐκέτι
3246 1694 3595 1767 μακροθυμίᾳ
3624 1697 3762 1768 χρή-

2183 1802 2355 1849 σεται,
2389 1785 2506 1838 ἀλλ’
2558 1783 2779 1855 ὄλεθρον
2829 1787 2959 1855 ὑμῖν
3005 1785 3229 1849 ἐπάξει,
3260 1787 3593 1857 πανταχόθεν
3632 1789 3762 1858 ὑμῖν

2180 1876 2288 1929 τῶν
2324 1875 2508 1929 κακῶν
2551 1875 2850 1944 ἐπιστήσας
2895 1877 2956 1929 τὺ
2997 1877 3176 1946 νέφος.
3213 1879 3323 1931 Καὶ
3360 1878 3647 1945 διδάσκων,
3684 1880 3760 1942 ὡς

2183 1967 2383 2040 ῥᾳδίως
2409 1969 2516 2021 πᾶν
2548 1968 2575 2021 ὃ
2602 1986 2653 2021 τι
2686 1967 2751 2021 ἂν
2776 1967 3010 2039 ὲθελήση
3039 1971 3200 2034 ποιεῖ,
3229 1970 3510 2040 ἐπήγαγεν
3531 1989 3543 2001 ο

2249 2144 2312 2198 δ’.
2351 2162 2370 2194 ι
2419 2143 2682 2196 Ἀπειλῶν
2715 2142 2980 2216 θαλάσσῃ,
3008 2142 3103 2195 καὶ
3149 2143 3420 2214 ξηραίνων
3452 2143 3641 2214 αὐτὴν,
3663 2147 3758 2198 καὶ

2179 2237 2387 2298 πάντας
2437 2236 2560 2297 τοὺς
2609 2235 2886 2304 ποταμοὺς
2918 2235 3202 2306 ἐξερημῶν
3218 2235 3283 2288 ⁸³.
3321 2254 3339 2286 ι
3374 2236 3436 2288 Et
3479 2235 3586 2306 γὰρ
3612 2236 3758 2288 δοκι-

2182 2327 2406 2396 μάσειεν
2458 2324 2603 2378 ἅπαν
2632 2324 2733 2392 τῆς
2791 2341 2849 2377 τε
2895 2324 3166 2394 θαλάττης
3199 2326 3292 2378 καὶ
3345 2325 3451 2378 τῶν
3495 2326 3756 2396 ποταμῶν

2180 2414 2408 2486 φροῦδον
2461 2415 2684 2485 ποιῆσαι
2731 2415 2792 2468 τὺ
2821 2415 2985 2486 ὓδωρ,
3017 2418 3074 2469 ὲν
3121 2419 3320 2488 ἀκαρεῖ
3365 2417 3521 2470 τοῦτο
3560 2419 3756 2490 δρᾶσαι

2178 2508 2461 2579 δυνήσεται
2483 2525 2497 2540 ’
2517 2509 2607 2561 καὶ
2631 2507 2820 2562 τούτου
2850 2507 2943 2578 τὴν
2967 2509 3238 2575 ἀπόδειξιν
3269 2512 3375 2564 ἀπὸ
3409 2513 3515 2565 τῶν
3539 2513 3636 2584 ἤδη
3664 2531 3758 2582 γε·

2179 2599 2494 2669 γενημένων
2521 2598 2811 2668 παρέσχεν.
2862 2618 2878 2649 ι
2937 2599 3263 2671 Ὠλιγώθηὴ
3318 2601 3604 2666 Βασανῖτις
3661 2603 3753 2656 καὶ

2179 2693 2206 2743 ὁ
2232 2691 2550 2762 Κάρμηλος,
2583 2691 2678 2743 καί¹
2708 2691 2886 2744 πάντα
2900 2691 2945 2722 ⁸³
2983 2691 3052 2744 τὰ
3087 2691 3412 2757 ἐξανθοῦντα
3445 2693 3538 2746 τοῦ
3583 2694 3750 2748 Λιϐά-

2179 2798 2270 2836 νου
2302 2782 2535 2845 ἐξέλιπε.
2572 2800 2589 2831 ι
2627 2781 2825 2852 Ποινὴν
2846 2782 2955 2854 γὰρ
2985 2783 3285 2852 ἀπαιτῆσαι
3322 2784 3604 2855 βουληθεὶς
3628 2784 3751 2847 τούς

2179 2891 2236 2926 τε
2265 2873 2361 2944 τὴν
2399 2874 2712 2936 Βασανῖτιν,
2759 2873 2854 2926 καὶ
2881 2874 2970 2926 τὸν
2996 2874 3314 2945 Κάρμηλον,
3347 2877 3439 2928 καὶ
3463 2876 3553 2928 τὸν
3589 2876 3755 2929 Λίϐα-

2179 2981 2267 3017 νον
2305 2963 2608 3027 οίκοῦντας,
2656 2965 2784 3034 ὑμῖν
2828 2963 3054 3028 τούτους
3110 2967 3422 3036 παρέδωκα.
3455 2968 3666 3036 έὙμείς
3699 2968 3755 3022 δὲ

2176 3055 2274 3118 τὰς
2305 3054 2509 3109 τούτων
2558 3055 2742 3126 χώρας
2780 3055 3108 3126 δῃώσαντες,
3141 3058 3233 3110 καὶ
3261 3059 3357 3121 τὰς
3408 3059 3593 3122 πόλεις
3623 3077 3754 3130 πορο

2178 3145 2464 3217 ϐήσαντες,
2514 3146 2608 3198 καὶ
2641 3147 2768 3208 τοὺς
2812 3145 3156 3210 ἐνοικοῦντας
3182 3147 3754 3219 ὲξανδραποδίσαντες,

2175 3236 2383 3307 ἐρημίᾳ
2416 3235 2672 3290 παντελεῖ
2704 3237 3080 3309 παρεδώκατε.

2245 3334 2305 3380 ε’.
2345 3346 2364 3380 ι
2395 3327 2477 3381 Τὰ
2498 3328 2598 3400 ὅρη
2625 3329 2951 3399 ἐσείσθησαν
2972 3331 3015 3362 ⁶¹
3049 3331 3143 3384 ἀπ’
3164 3330 3350 3393 αὐτοῦ,
3392 3333 3487 3383 καὶ
3502 3333 3548 3384 οἱ
3577 3332 3754 3401 βουνοὶ

2174 3420 2569 3489 ἐσαλεύθησαν,
2602 3422 2699 3474 καὶ
2733 3422 2998 3492 ἀνεστάλη
3035 3423 3067 3492 ἡ
3095 3422 3168 3491 γῆ
3197 3422 3305 3474 ἀπὸ
3329 3422 3623 3489 προσώπου
3653 3425 3753 3476 αὑ-

2174 3511 2341 3583 τοῦή
2400 3511 2703 3581 σύμπασα,
2739 3513 2834 3564 καὶ
2897 3513 3096 3574 πάντες
3151 3513 3199 3564 oi
3258 3513 3642 3575 κατοικοῦντες
3691 3517 3752 3565 ὲν

2173 3602 2329 3670 αὐτῇ.
2371 3621 2390 3652 ι
2437 3602 2651 3670 Ἐπειδὴ
2679 3602 2786 3670 γάρ
2815 3618 2956 3658 τινες
2999 3600 3377 3669 ὑπελάμϐανον
3402 3601 3564 3652 αὑτὸν
3590 3603 3752 3670 μόνον

2185 3692 2450 3746 Ἰουδαίων
2479 3687 2617 3745 εἶναι
2648 3691 2804 3754 Θεὸν,
2840 3692 3065 3756 εἰκότως
3103 3695 3130 3746 ὁ
3169 3695 3452 3764 προφήτης
3485 3693 3747 3756 διδάσκει,

2170 3781 2394 3853 ὄτιὸρη,
2436 3781 2532 3836 καὶ
2572 3781 2816 3852 βουνοὺς,
2848 3784 2942 3838 καὶ
2993 3785 3174 3838 πᾶσαν
3223 3785 3323 3856 τὴν
3370 3787 3473 3855 γῆν
3515 3787 3610 3839 σὺν
3639 3789 3750 3850 τοῖς

2171 3872 2484 3927 κατοικοῦσι
2504 3873 2734 3942 νεύματι
2767 3875 2912 3944 μόνῳ
2950 3875 3191 3927 συσσείει
3215 3891 3229 3905 ο
3250 3875 3309 3927 τὸ
3339 3875 3415 3940 δὲ,
3443 3875 3750 3942 ἀνεστάλη

2169 3966 2208 4032 ἡ
2234 3964 2330 4034 γῆ,
2351 3966 2380 4017 ὁ
2399 3965 2496 4032 μὲν
2532 3963 2784 4028 Ἀκύλας,
2806 3963 3070 4032 ἔφριξεν,
3097 3959 3271 4017 εἶπεν·
3291 3967 3317 4018 ὁ
3347 3965 3404 4018 δὲ
3431 3965 3750 4036 Σύμμαχος,

2169 4057 2441 4124 ἐκινήθη.

2243 4155 2317 4213 ς’.
2352 4166 2371 4199 ‹
2418 4147 2532 4219 Πρὸ
2577 4149 2620 4180 ⁸²
2653 4147 2947 4220 προσώπου
3001 4147 3170 4218 ὀργῆς
3204 4148 3250 4180 ⁸³
3279 4149 3446 4202 αὐτοῦ
3496 4149 3579 4212 τίς
3616 4150 3750 4203 ὑπο-

2171 4240 2468 4309 στήσεται;
2504 4239 2600 4290 καὶ
2624 4237 2708 4301 τίς
2754 4238 3141 4305 ἀντιστήσεται
3168 4238 3227 4290 ἐν
3273 4238 3409 4308 ὀργῇ
3443 4239 3617 4308 θυμοῦ
3649 4239 3748 4292 αύ-

2170 4329 2300 4395 τοῦ;
2346 4330 2405 4382 Ὀ
2458 4329 2627 4400 θυμὸς
2681 4329 2845 4382 αὑτοῦ
2901 4332 3057 4400 τήκει
3110 4331 3318 4402 ἀρχὰς,
3350 4332 3442 4384 καὶ
3476 4333 3673 4401 πέτραι
3703 4331 3748 4362 ⁸⁸

2168 4419 2529 4490 διεθρύϐησαν
2580 4420 2674 4472 ἀπ’
2710 4418 2895 4472 αὐτοῦ.
2935 4437 2954 4470 ι
2993 4421 3054 4472 Εἰ
3102 4423 3210 4491 γὰρ
3264 4421 3392 4484 τοὺς
3449 4421 3541 4474 ἐπὶ
3586 4422 3746 4474 δυνα-

448 4527 456 4551 '-
483 4526 538 4573 et
571 4529 850 4588 petrarum
895 4522 1068 4576 robur
1099 4538 1222 4578 sese
1248 4523 1452 4579 habere
1478 4527 1822 4592 existimant,
1860 4530 2063 4584 facilli-

2178 4513 2374 4576 στείαις
2433 4512 2897 4583 βρενθυομένους,
2951 4513 3047 4566 καὶ⁷
3116 4513 3332 4582 πετρῶν
3388 4514 3532 4584 ἔχειν
3593 4516 3748 4584 ἰσχὺν

482 4625 571 4665 me
600 4615 841 4666 conterit
868 4621 922 4667 et
948 4613 1204 4679 destruit,
1249 4617 1374 4685 quis
1426 4619 1766 4673 correctioni
1801 4621 1924 4688 ejus
1973 4639 2061 4677 re-

484 4699 685 4754 sistere
745 4703 990 4771 poterit?
1037 4703 1114 4776 [7]
1166 4706 1438 4761 Cmterum
1479 4716 1540 4762 ut
1572 4709 1843 4778 superbos
1909 4713 2062 4768 nullo

484 4791 708 4857 negotio
741 4792 908 4857 delet,
932 4795 1013 4850 sic
1050 4797 1228 4852 bonus
1264 4807 1347 4852 est
1381 4797 1645 4855 Dominus
1679 4815 1808 4870 erga
1836 4817 1930 4857 eos
1966 4804 2058 4873 qui

481 4890 808 4950 exspectant
837 4901 960 4940 eum
990 4887 1078 4942 die
1105 4889 1478 4945 tribulationis
1499 4929 1514 4954 ,
1557 4899 1611 4944 et
1663 4895 1954 4960 cognoscit
1990 4895 2064 4948 ti-

485 4983 699 5028 mentes
763 4992 910 5032 eum.
971 4978 1282 5036 Ostendens
1345 4990 1552 5055 autem,
1585 4986 1865 5052 quomodo
1918 4986 2062 5044 Deus

483 5063 710 5119 affectus
770 5068 840 5120 sit
896 5085 1024 5137 erga
1079 5087 1174 5127 eos
1228 5073 1321 5142 qui
1385 5073 1624 5128 inflictas
1683 5079 2059 5135 correCIiones

484 5153 786 5219 sustinent,
829 5166 882 5212 et
939 5160 1151 5231 1522
1201 5163 1336 5217 nihil
1398 5168 1473 5234 (in
1509 5166 1702 5230 Deum)
1757 5167 2056 5222 absurdum

485 5247 806 5314 loquuntur,
829 5265 1023 5308 rursus
1057 5261 1250 5308 contra
1280 5255 1480 5327 impios
1518 5255 1821 5313 constituta
1848 5261 2059 5332 suppli-

486 5337 572 5391 cia
606 5339 856 5408 exponit.

571 5521 584 5572 i
628 5521 778 5577 Psal.
812 5538 963 5589 xxiv,
1003 5524 1086 5577 l0.

2169 4603 2630 4674 ὑπειλημμένους,
2668 4602 2912 4667 εὐπετῶς
2945 4604 3090 4673 μάλα
3126 4605 3397 4674 συντρίϐει
3436 4607 3528 4659 καὶ
3576 4623 3746 4660 κατα-

2168 4694 2303 4748 λύει·
2361 4694 2446 4756 τίς
2503 4693 2685 4753 ἱκανὸς
2743 4693 3061 4762 ἀντιστῆναι
3111 4696 3176 4765 τῇ
3213 4696 3422 4749 ἐκεῖθεν
3469 4698 3744 4767 φερομένῃ

2169 4785 2421 4856 παιδείᾳ;
2482 4783 2622 4836 Ἀλλ’
2657 4783 2847 4854 ὥσπερ
2875 4787 3002 4847 τοὺς
3035 4785 3301 4849 ἀλαζόνας
3345 4787 3605 4840 καταλύει
3647 4791 3746 4858 ῥα-

2168 4879 2313 4940 δίως,
2347 4875 2520 4938 οὕτως
2575 4875 2811 4945 χρηστός
2843 4877 2958 4929 ἐστι
2986 4877 3190 4948 Κύριος
3226 4879 3340 4940 τοῖς
3383 4879 3746 4947 ὑπομένουσιν

2169 4970 2332 5024 αὐτὸν
2362 4971 2419 5021 ὲν
2448 4968 2633 5039 ἡμέρᾳ
2669 4968 2922 5036 θλίψεως,
2947 4970 3040 5022 καὶ
3093 4968 3377 5036 γινώσκων
3429 4973 3555 5035 τοὺς
3588 4973 3744 5027 εὐλα-

2171 5061 2464 5132 ϐουμένους
2499 5058 2682 5112 αὐτόν.
2717 5058 2906 5122 Δείξας
2945 5058 3021 5124 δὲ,
3059 5059 3206 5122 ὅπως
3233 5061 3603 5132 προσφέρεται
3635 5065 3748 5125 τοῖς

2168 5157 2268 5219 τὰς
2325 5152 2728 5222 ἐπιφερομένας
2775 5150 3108 5220 ὑπομένουσι
3139 5153 3389 5216 παιδείας
3409 5194 3423 5216 ,
3455 5155 3547 5207 καὶ
3579 5155 3748 5224 μηδὲν

2170 5247 2379 5317 ἀπηχὲς
2415 5244 2840 5314 φθεγγομένοις,
2874 5243 3036 5296 πάλιν
3075 5243 3170 5315 τὴν
3208 5246 3348 5298 κατά
3381 5235 3488 5300 τῶν
3516 5246 3746 5300 ἀνοσίων

2169 5337 2500 5408 διεξέρχεται
2520 5333 2812 5404 τιμωρίαν.

1762 5655 1997 5712 νΑΒΙιιΕ
2023 5652 2424 5712 LECTIONES.

596 5757 640 5786 ³⁸⁸
661 5756 800 5824 Κύρ.
825 5758 858 5807 Δ
897 5756 1006 5811 καί.

494 5826 547 5884 in
576 5825 632 5879 (Σ.
709 5826 750 5858 ⁸⁵
787 5827 900 5880 πξτ,
932 5830 971 5881 Δ
1009 5842 1194 5898 praem.
1237 5827 1308 5878 αί.

1107 5757 1150 5786 ⁸³
1187 5757 1226 5810 Α
1263 5751 1322 5816 ἐξ
1351 5752 1591 5823 ἐρήμων.
1672 5755 1715 5787 ⁸⁸
1743 5752 1936 5813 πάντα.
1966 5753 2087 5809 Des.
2122 5752 2172 5806 in
2197 5753 2260 5808 Α.

2349 5751 2388 5780 ⁸⁸
2427 5749 2468 5802 Δ
2495 5745 2733 5817 ἐσείσθη.
2808 5742 3004 5815 θ’ῐῐρό.
3036 5744 3078 5797 Δ
3109 5743 3234 5799 ἀπό.
3315 5745 3359 5776 ⁸³
3391 5742 3578 5818 ὀργῆς.
3613 5745 3740 5807 Del.
