4090 6410
300 361 439 427 1793

1585 369 1659 428 IN
1698 371 1971 431 NAIIUM
2033 336 2191 430 cal).
2234 374 2282 432 Ι.

3437 383 3571 446 1796

370 483 441 545 η’.
482 495 500 528 ι
544 475 656 529 Καὶ
703 477 762 528 ἐν
817 477 1188 550 κατακλυσμῷ
1241 480 1465 551 πορείας
1506 500 1813 536 συντελειαν
1842 485 1875 513 ⁶¹

2067 481 2232 538 Vsus.
2270 485 2326 539 8.
2371 504 2390 536 ι
2431 485 2498 540 Ει
2525 487 2576 541 in
2614 488 2827 544 diluvio
2869 498 3194 548 transeunte
3226 509 3574 550 consumma-

295 574 587 642 ποιήσεται
611 588 624 601 ο
666 574 792 636 τοὺς
825 574 1266 645 ἐξεγειρομενους
1303 577 1348 607 ⁶“
1375 577 1466 630 καὶ
1511 580 1635 642 τοὺς
1660 578 1888 649 ἐχθροὺς

296 663 466 716 αὑτοῦ
489 661 737 726 διώξεται
767 665 976 728 σκότος.
1021 683 1039 716 ι
1070 665 1422 738 Πανωλεορίᾳ
1456 669 1565 738 γάρ
1595 669 1687 722 καὶ
1711 670 1887 740 σκότῳ

293 755 543 825 διηνεκεῖ
566 757 692 819 τοὺς
725 757 848 810 κατ’
879 756 1043 809 αὑτοῦ
1073 757 1506 828 Θρασυνομένους
1549 759 1882 830 παραδώσει.

292 847 748 916 Κατακλυσμύν
779 849 888 919 γὰρ
937 849 1032 902 καὶ
1088 849 1471 918 συντέλειαν,
1498 851 1598 922 τὴν
1641 851 1885 905 πανωλε-

293 937 323 989 θ
334 938 460 1008 ρίαν
481 938 760 992 ἐκάλεσεν.
789 936 922 993 Εἶτα
973 940 1094 993 κατ’
1123 940 1391 1014 ἐρώτησιν
1410 960 1424 973 ·

370 1112 435 1167 8'.
471 1132 488 1162 ι
519 1113 584 1166 Τί
634 1111 915 1181 λογίζεσθε
953 1115 1044 1167 ἐπὶ
1095 1115 1184 1168 τὸν
1221 1116 1464 1187 Κύριον;
1505 1135 1522 1168 ι
1568 1107 1758 1184 Ποίαν,
1775 1136 1880 1188 φη-

291 1205 407 1269 σίν,
445 1205 858 1274 ὑπολαμϐάνετε
889 1205 1120 1278 δύναμιν
1157 1209 1318 1262 αὑτὸν
1352 1209 1529 1278 ἔχεινς
1558 1211 1882 1264 Συντέλειαν

287 1297 462 1360 αὑτὸς
491 1299 732 1368 ποιήσει,
786 1298 881 1350 καὶ
905 1299 946 1328 ⁸⁷
983 1299 1082 1352 οὑκ
1113 1299 1390 1371 ἐκδικήσει
1418 1301 1498 1364 δὶς
1540 1301 1632 1354 ἐπὶ
1665 1303 1723 1354 τὸ
1752 1303 1881 1355 αὑτό

288 1392 356 1442 ἐν
384 1389 582 1459 Θλίψει.
625 1409 643 1440 ι
693 1389 940 1460 Ἀθρόαν,
977 1392 1177 1462 φησὶν,
1211 1393 1340 1464 ὑμῖν
1371 1394 1562 1458 ἐπάξει
1594 1397 1693 1465 τὴν
1718 1413 1882 1467 τιμω-

289 1481 446 1551 ρίαν,
487 1479 629 1534 ὥστε
665 1481 741 1552 μὴ
772 1481 1029 1553 δεηθῆναι
1061 1483 1322 1556 δευτέρας
1353 1485 1590 1557 πληγῆς.

371 1681 423 1727 ι’.
454 1694 471 1726 ‹
501 1675 620 1728 ’Ὁτι
639 1675 743 1738 ἕως
764 1674 1064 1745 θεμελίου⁶⁸
1089 1676 1270 1730 αὑτῶν
1297 1696 1355 1748 χε
1367 1679 1757 1751 ρσωοήσονται,
1782 1683 1878 1735 καὶ

286 1768 370 1831 ὡς
395 1768 594 1838 σμίλαξ
621 1768 1060 1839 περιπλεκομένη
1095 1769 1161 1832 ⁸9,
1187 1769 1643 1841 βρωθήσονταιτο,
1676 1774 1769 1826 καὶ
1801 1773 1877 1836 ὡς

1994 573 2196 626 tionem
2231 573 2434 628 faciet:
2473 589 2879 647 consurgentes
2912 591 2967 635 et
3004 583 3264 638 inimicos
3303 584 3425 654 ejus
3447 602 3574 655 per-

1991 675 2290 732 sequentur
2313 667 2569 721 tenebrat.
2604 687 2623 718 ι
2655 668 2931 726 Funditns
2979 673 3126 725 enim
3167 676 3378 742 perdet,
3419 688 3476 731 et
3512 678 3569 732 in

1990 761 2287 822 perpetuas
2331 757 2590 812 tenebras
2641 758 2795 812 dabit
2841 775 2938 815 eos
2967 762 3059 830 qui
3097 770 3292 816 contra
3324 779 3447 818 eum
3489 772 3570 818 te-

1988 862 2138 899 mere
2170 847 2539 903 insolescunt.
2580 849 2851 904 Diluvium
2879 853 3026 906 enim
3062 860 3117 906 et
3148 849 3568 908 consum'matiao

1988 955 2103 992 nem
2133 942 2346 995 vocavit
2379 957 2700 1010 supremum
2731 945 2986 998 exitium.
3026 944 3229 1000 Deinde
3253 961 3353 1015 per
3379 947 3560 1002 inter-

1991 1032 2334 1098 rogationem
2365 1050 2378 1085 :

2059 1120 2227 1175 Vens.
2260 1123 2313 1176 9.
2359 1141 2375 1174 ι
2409 1123 2553 1189 Quid
2605 1128 2862 1195 cogitatis
2921 1137 3114 1182 contra
3171 1127 3508 1185 Dominum?
3539 1151 3565 1184 ια

1985 1213 2186 1278 Quam,
2221 1215 2419 1285 inquit,
2451 1225 2784 1284 potestatem
2802 1234 2926 1272 eum
2949 1220 3156 1274 habere
3178 1221 3571 1277 arbitramini?

1991 1323 2008 1354 ι
2057 1304 2607 1362 Consummationem
2651 1309 2770 1377 ipse
2818 1309 2983 1365 faciet
3033 1329 3045 1364 :
3091 1327 3200 1367 non
3257 1313 3563 1369 vindicabit

1985 1396 2070 1450 bis
2095 1397 2148 1450 in
2188 1397 2426 1467 idipsum
2461 1401 2514 1453 in
2562 1401 2940 1458 tribulatione.
2981 1421 3000 1454 ι
3036 1404 3414 1471 Cttmulatum,
3465 1407 3560 1470 ait,

1982 1489 2144 1543 vobis
2181 1489 2381 1544 inferet
2415 1486 2779 1562 suppli'cium,
2821 1494 2896 1546 ita
2949 1504 3006 1547 ut
3037 1510 3147 1547 non
3189 1495 3261 1548 sit
3302 1510 3442 1565 opus
3472 1511 3563 1550 se-

1981 1579 2220 1633 cundam
2251 1581 2465 1652 plagam
2493 1582 2751 1652 adjicere.

2050 1688 2221 1744 Vens.
2261 1691 2346 1744 10.
2387 1710 2406 1742 ι
2441 1691 2579 1756 Quia
2613 1707 2793 1761 usque
2826 1691 2890 1745 ad
2932 1691 3352 1747 fundamentum
3399 1711 3562 1751 suum

1981 1778 2309 1849 redigentur
2339 1780 2392 1834 in
2443 1780 2825 1846 solitudinem,
2859 1789 2914 1837 et
2948 1784 3108 1852 quasi
3144 1785 3320 1839 herba
3353 1801 3562 1840 convo-

290 1837 518 1930 καλάμη
576 1837 838 1932 ξηρασίας
876 1837 1071 1930 μεστή.
1115 1880 1134 1913 ι
1165 1837 1375 1933 ’Ὠσπερ
1407 1863 1516 1934 γὰρ
1559 1865 1620 1917 τὸ
1646 1864 1756 1934 πῦρ
1787 1865 1875 1934 ξη-

1983 1837 2516 1934 ιυιονουιηεάεηιιιτ,
2549 1878 2605 1926 et
2626 1871 2784 1941 quasi
2814 1837 3021 1942 stipula
3040 1874 3298 1930 ariditate
3328 1877 3508 1945 plena.
3534 1896 3554 1928 ι

294 1954 401 2022 ρὰν
433 1955 475 1982 τ’
515 1953 764 2023 καλάμην
809 1953 1198 2006 καταναλίσκει
1257 1954 1474 2024 ῥᾳδίως,
1519 1956 1678 2026 καὶὴ
1727 1957 1875 2026 παρὰ

1981 1959 2456 2025 Quemadmodum
2490 1963 2634 2032 ignis
2665 1963 2926 2034 stipulam
2962 1965 3174 2020 siccam
3219 1965 3382 2021 facile
3425 1982 3560 2023 con-

291 2049 421 2111 τοὺς
450 2048 738 2118 φραγμοὺς
759 2048 1002 2119 φυομένη
1045 2047 1264 2119 βοτάνη,
1297 2051 1528 2113 καὶτοῖς
1563 2050 1876 2122 παλιούροις

296 2140 533 2210 μάλιστα
556 2139 1002 2210 συμπλεκομένη,
1026 2138 1150 2192 οὔτε
1187 2140 1431 2203 ἐκείνους
1458 2141 1641 2194 ἀνθεῖν
1663 2144 1748 2213 ἐᾷ,
1781 2144 1874 2196 καὶ

293 2230 434 2302 αῦτη
465 2230 542 2300 τῷ
572 2230 746 2302 χρόνω
780 2229 1156 2300 διαφθείρεται
1183 2247 1196 2259 °
1232 2229 1404 2294 οὑτως
1458 2232 1616 2301 ὑμεῖς
1641 2234 1739 2296 τὰς
1769 2233 1876 2286 τῶν

294 2325 470 2378 ἄλλων
506 2325 913 2386 καταλύσαντες
971 2323 1272 2394 βασιλείας,
1323 2326 1418 2377 καὶ
1464 2326 1564 2395 τῆς
1596 2326 1877 2396 βασιλείας

293 2417 466 2487 αὑτῆς
491 2414 937 2487 γυμνωθήσεσθε,
969 2415 1064 2469 καὶ
1092 2415 1298 2486 ὀλέθρῳ
1340 2417 1872 2488 παραδοθήσεσθε⁷².

291 2513 405 2564 Καὶ
430 2513 529 2580 τῆς
562 2509 834 2580 τιμωρίας
865 2509 924 2561 τὸ
955 2508 1162 2561 δίκαιον
1183 2508 1416 2574 δεικνὺς,
1443 2511 1722 2580 ἐπήγαγεν
1750 2527 1764 2542 ο

366 2609 452 2656 ια’.
491 2621 509 2653 ι
571 2602 668 2654 Ἐκ
721 2599 815 2653 σοῦ
873 2598 1216 2666 ἐξελεύσεται
1271 2599 1532 2670 λογισμός
1589 2601 1731 2653 κατὰ
1778 2600 1871 2654 τοῦ

291 2694 522 2766 Κυρίου,
578 2693 791 2762 πονηρὰ
849 2692 1236 2763 βουλευόμενος
1277 2693 1515 2746 ἐναντία.
1555 2711 1573 2744 ι
1604 2693 1789 2747 Ταῦτα
1815 2693 1873 2747 δέ

291 2788 456 2860 πείσῃ
481 2786 569 2840 διὰ
612 2785 712 2849 τὰς
754 2783 989 2854 μανικὰς
1023 2783 1122 2851 τῆς
1156 2784 1258 2853 σῆς
1291 2783 1500 2847 ἐννοίας
1540 2784 1753 2847 ὠδῖνας.
1782 2789 1872 2838 Δι-

289 2880 477 2933 δάσκει
502 2877 559 2931 δὲ
592 2876 795 2938 ταύτας
826 2877 974 2947 ἡμᾶς
1005 2875 1100 2927 καὶ
1124 2875 1156 2944 ἡ
1181 2875 1414 2947 τετάρτη
1445 2875 1554 2928 τῶν
1577 2875 1872 2929 Βασιλειῶν

293 2971 528 3038 ἱστορία,
557 2971 653 3022 καὶ
696 2970 723 3021 6
766 2967 1050 3029 θεσπέσιος
1091 2966 1336 3030 Ἡσαΐας.
1379 2967 1468 3020 Ἐν
1495 2967 1734 3030 ἐκείναις
1765 2967 1872 3038 γὰρ

287 3065 410 3125 ταῖς
437 3061 638 3132 βίϐλοις
666 3062 694 3113 6
726 3057 1101 3128 Σενναχηρεὶμ
1127 3057 1566 3128 ἀναγέγραπται,
1585 3059 1680 3130 τὴν
1715 3058 1872 3130 βλασ-

288 3154 504 3224 φημίαν
533 3153 748 3224 ἐκείνην
789 3150 932 3205 κατὰ
959 3149 1052 3202 τοῦ
1091 3149 1226 3201 Θεοῦ
1254 3149 1361 3203 τῶν
1386 3151 1522 3204 ὅλων
1559 3151 1828 3224 λυττήσας
1852 3169 1865 3181 ·

293 3266 312 3296 ι
357 3245 562 3298 Εἴπατε
609 3241 862 3313 Ἐζεκία*
887 3241 1025 3294 Τάδε
1064 3239 1213 3307 λέγει
1235 3241 1263 3291 6
1291 3240 1544 3310 βασιλεὺς
1572 3245 1600 3295 6
1633 3243 1870 3313 μέγας,ό

290 3336 546 3408 βασιλεὺς
595 3336 704 3389 τῶν
746 3333 1048 3404 ’Λσσυρίων
1071 3345 1086 3360 ⁶
1112 3332 1202 3403 Μή
1257 3350 1316 3386 σε
1368 3335 1634 3388 ἀπατάτω
1672 3334 1701 3385 6
1737 3334 1869 3396 Θεός

289 3445 386 3481 σου
417 3429 475 3480 ἐν
514 3422 557 3495 ᾧ
594 3427 660 3480 σὺ
690 3427 958 3491 πέποιθας
1013 3427 1100 3482 ἐπ’
1149 3426 1298 3496 αὑτῷ
1324 3467 1338 3494 ,
1367 3427 1449 3480 ὅτι
1506 3425 1727 3496 ῥύσεται
1770 3425 1869 3493 τὴν

303 3519 658 3590 Ἰερουσαλὴμ
701 3520 767 3572 ἐκ
816 3520 998 3590 χειρός
1043 3537 1164 3590 μου.
1192 3539 1208 3569 ι
1243 3518 1352 3570 Καὶ
1387 3517 1455 3570 τὰ
1486 3517 1621 3571 ἄλλα
1650 3515 1719 3569 τὰ
1744 3515 1869 3568 τού-

287 3630 402 3676 τοις
431 3613 757 3682 προσόμοια.
793 3611 1010 3682 Ταύτην
1043 3611 1208 3665 αὑτοῦ
1243 3611 1341 3681 τὴν
1390 3608 1710 3672 ἀλαζονείαν
1736 3609 1868 3660 ὑπο-

288 3704 502 3766 δεικνὺς
535 3705 564 3756 6
618 3703 751 3766 Θεὸς
809 3703 962 3771 ἔλεγε
1012 3703 1098 3757 διὰ
1131 3703 1226 3756 τοῦ
1287 3701 1568 3773 προφήτου
1607 3715 1624 3728 ο
1655 3719 1672 3750 ι
1717 3700 1870 3751 Ἐπι-

297 3796 564 3866 σκέψομαι
591 3797 686 3848 ἐπὶ
737 3795 831 3848 τὸν
860 3795 984 3849 νοῦν
1034 3793 1127 3848 τὸν
1179 3794 1372 3865 μέγαν,
1397 3792 1488 3845 τὸν
1517 3791 1739 3861 βασιλέα
1764 3790 1871 3842 τῶν

311 3886 604 3957 ’Δσσυρίων
632 3902 646 3916 ·
687 3906 708 3937 ι
738 3885 880 3940 οὑτω
909 3885 1017 3938 τῶν
1061 3884 1335 3955 λογισμῶν
1367 3885 1531 3938 αὑτοῦ
1555 3883 1655 3954 τὴν
1679 3882 1872 3947 ἀλαζο-

290 3979 436 4030 νείαν
466 3995 533 4046 γυ
542 3979 684 4047 μνοῖ.

365 4091 451 4161 ιβ’.
475 4111 492 4143 ι
518 4092 656 4144 Τάδε
682 4089 830 4159 λέγει
850 4090 1072 4162 Κύριος,
1091 4089 1380 4159 κατάρχων
1407 4087 1614 4141 ὑδάτων
1637 4085 1867 4149 πολλῶν,

291 4184 386 4236 καὶ
405 4182 547 4235 οὑτω
567 4183 1038 4251 διασταλήσονται.
1070 4202 1087 4234 ι
1111 4181 1353 4250 Πλῆθος
1377 4179 1610 4235 ὑδάτων
1647 4179 1705 4231 τὸ
1733 4178 1868 4249 πλῆ-
1892 4239 1913 4246 _

293 4276 384 4338 οος
411 4275 518 4330 τῶν
544 4274 898 4329 Βαϐυλωνίων
927 4273 1100 4340 καλεῖ,
1115 4273 1174 4326 τὸ
1193 4272 1335 4326 κατὰ
1365 4276 1463 4342 τῆς
1491 4269 1677 4324 Νινευῒ
1709 4288 1873 4341 στρα-

290 4368 510 4430 τεῦσαν,
543 4367 570 4420 ὃ
607 4367 762 4436 δίκην
816 4365 1026 4419 ὑδάτων
1077 4367 1188 4428 τοῖς
1245 4363 1422 4433 λόχοις
1463 4362 1760 4433 διαιρεθὲν,
1791 4364 1872 4427 είς

289 4461 392 4530 τὴν
409 4460 506 4529 τῆς
523 4460 730 4522 πόλεως
751 4456 1066 4527 πολιορκίαν
1090 4456 1356 4527 ἐχώρησε.
1379 4454 1581 4509 Τούτου
1601 4455 1683 4520 δέ,
1713 4455 1867 4524 φησὶ,

1981 2052 2172 2116 sumit,
2197 2062 2248 2106 et
2269 2054 2439 2108 herba
2470 2055 2537 2108 ad
2575 2069 2733 2123 sepes
2774 2071 3037 2119 nascens,
3081 2067 3136 2112 et
3172 2074 3292 2128 quae
3324 2058 3558 2127 paliuris

1980 2144 2333 2213 potissimum
2384 2146 2726 2215 implicatur,
2772 2162 2874 2201 nec
2918 2148 3042 2203 illas
3093 2147 3291 2204 ﬂorere
3315 2150 3474 2216 sinit,
3505 2159 3558 2205 et

1977 2233 2098 2302 ipsa
2139 2241 2384 2304 tempore
2415 2235 2794 2306 corrumpitur
2827 2254 2842 2292 :
2881 2236 2964 2292 sic
3013 2253 3135 2301 vos,
3191 2239 3287 2308 qui
3324 2239 3558 2294 aliorum

1978 2338 2145 2394 regna
2179 2323 2487 2388 delcvistis,
2535 2334 2590 2380 et
2642 2327 2762 2397 ipso
2817 2343 2990 2396 regno
3052 2331 3444 2399 spoliahimini,
3503 2339 3560 2387 et

1978 2415 2222 2470 funditus
2271 2417 2544 2486 peribitis.
2579 2417 2645 2471 Et
2697 2419 2958 2489 supplicii
3006 2421 3322 2490 aequitatem
3362 2429 3554 2477 osten-

1977 2516 2137 2567 dens,
2166 2504 2455 2574 subjunxit
2490 2525 2503 2559 :
3577 2579 3582 2584 ο

2045 2593 2210 2649 Vens.
2249 2598 2334 2649 lt.
2370 2616 2387 2648 ι
2429 2596 2504 2650 Ex
2546 2606 2600 2652 te
2633 2598 2808 2653 exibit
2867 2599 3138 2670 cogitatio
3194 2607 3390 2653 contra
3446 2598 3556 2654 Do-

1976 2688 2206 2747 minum.
2233 2689 2474 2756 pessima
2509 2691 2763 2761 cogitans
2797 2692 3104 2746 contraria.
3146 2713 3165 2744 ι
3199 2689 3328 2746 Haec
3370 2701 3554 2748 autem

1975 2779 2202 2847 patieris
2246 2788 2470 2850 propter
2510 2781 2738 2836 insanas
2779 2783 2982 2837 mentis
3022 2792 3129 2836 tuae
3157 2785 3554 2852 cogitationes.

1976 2866 2086 2922 llas
2115 2883 2243 2922 vero
2285 2885 2386 2924 nos
2421 2870 2584 2924 docet
2605 2879 2841 2940 quartus
2864 2873 3030 2926 etiam
3053 2871 3370 2942 Regnorum
3391 2875 3554 2939 liber,

1973 2969 2030 3013 et
2063 2959 2320 3015 divinus‘
2352 2959 2551 3015 Isaias.
2586 2962 2643 3016 ln
2695 2964 2807 3018 illis
2835 2964 2984 3018 enim
3022 2964 3184 3020 libris
3238 2965 3560 3020 Sennache-

1975 3053 2062 3108 rib
2095 3053 2437 3109 describitur
2468 3053 2715 3109 rabidam
2743 3057 2892 3110 illam
2925 3058 3319 3128 blasphemiam
3346 3059 3558 3130 1523

1974 3153 2168 3199 contra
2224 3146 2611 3200 universorum
2667 3146 2836 3201 Deum
2903 3148 3235 3208 effundens:
3287 3168 3306 3199 ι
3379 3149 3559 3204 Dicite

1975 3237 2240 3300 Ezechiae,
2285 3237 2400 3291 hagc
2433 3238 2566 3292 dicit
2597 3253 2694 3291 rex
2722 3254 2980 3307 magnus,
3024 3254 3116 3293 rex
3149 3239 3506 3310 Assyriorum
3539 3259 3552 3294 :

1970 3329 2049 3383 Ne
2080 3329 2310 3383 seducat
2341 3337 2394 3383 te
2430 3328 2572 3383 Deus
2620 3337 2773 3394 tuus,
2835 3329 2891 3383 in
2921 3345 3032 3399 quo
3088 3330 3356 3394 confidis,
3406 3330 3552 3399 quod

1973 3419 2309 3474 liberaturus
2356 3419 2428 3474 sit
2471 3417 2903 3489 Hierosolymam
2955 3420 3026 3474 de
3072 3435 3238 3474 manu
3293 3435 3416 3474 mea
3440 3419 3486 3474 ¹ί.
3527 3439 3548 3472 ι

1972 3508 2037 3562 Ει
2065 3518 2261 3564 caetera
2291 3509 2377 3564 bis
2422 3509 2650 3566 similia.
2686 3508 2839 3565 [lane
2869 3509 2993 3579 ejus
3045 3509 3422 3580 arrogantiam
3459 3508 3556 3563 de-

1971 3603 2200 3673 signans
2256 3603 2473 3657 dicebat
2529 3601 2674 3656 Deus
2731 3619 2830 3672 per
2894 3603 3219 3672 prophetam
3256 3618 3268 3652 :
3305 3600 3556 3656 Visitabo

1971 3711 2138 3762 Stater
2177 3704 2418 3750 mentem
2476 3710 2765 3762 tnagnam,
2821 3709 3003 3764 regem
3058 3692 3439 3764 Assyriorum.
3478 3694 3555 3748 lta

1973 3788 2374 3858 cogitationum
2407 3787 2527 3856 ejus
2573 3785 2956 3856 arrogantiam
2993 3785 3277 3855 exprimit.

2043 4092 2210 4147 Vens.
2254 4093 2342 4145 12.
2384 4109 2402 4142 ι
2440 4089 2565 4146 llaec
2592 4089 2729 4145 dicit
2766 4089 3054 4154 Dominus,
3082 4091 3366 4159 imperans
3394 4093 3555 4162 aquis

1973 4184 2184 4250 multis,
2235 4189 2290 4238 et
2339 4182 2421 4238 sic
2473 4181 2816 4237 dividentur.
2850 4200 2870 4234 ι
2920 4181 3197 4251 Aquarum
3247 4183 3554 4239 multitudi-

1973 4292 2089 4330 nem
2123 4275 2366 4345 appellat
2400 4273 2834 4344 Babyloniorum
2875 4273 3314 4339 multitudinem,
3348 4276 3550 4330 bellum

1972 4369 2301 4424 inferentem
2327 4367 2624 4433 Ninevitis,
2657 4383 2781 4437 qua:
2806 4367 2875 4420 ad
2927 4367 3357 4423 similitudinem
3397 4382 3554 4438 aqua:

1973 4458 2151 4514 divisa
2177 4458 2234 4512 in
2275 4458 2579 4521 cohortes,
2637 4457 2704 4512 ad
2759 4457 2914 4511 urbis
2972 4456 3318 4512 obsidionem
3376 4458 3549 4512 venit.

291 4551 608 4621 γενομένου,
648 4570 666 4601 ‹
699 4550 761 4603 'H
793 4549 935 4619 ἀκοή,
963 4565 1055 4600 σου
1083 4548 1180 4600 οὐκ
1223 4545 1681 4616 ἐνακουσθήσεται
1709 4543 1808 4596 ἔτι.
1843 4562 1864 4594 ι

1977 4549 2111 4614 Ηοο,
2152 4548 2352 4619 inquit,
2419 4548 2588 4611 facto,
2626 4571 2644 4600 ι
2676 4549 2914 4604 Auditus
2946 4559 3075 4604 tuus
3120 4564 3230 4603 non
3300 4549 3555 4606 audietur

289 4637 452 4710 Λήθη
474 4636 582 4708 γάρ
610 4636 865 4691 παντελεῖ
891 4635 1268 4706 παραδοθήσῃ.

366 4755 454 4816 ιγ’.
481 4768 500 4801 ι
530 4749 640 4802 καὶ
659 4748 752 4803 νῦν
785 4747 1059 4819 συντρίψω
1084 4747 1182 4818 τὴν
1206 4747 1399 4817 ῥάϐδον
1431 4745 1597 4800 αὑτοῦ
1621 4746 1728 4801 ἀπὸ
1754 4747 1870 4812 σοῦ,

289 4841 389 4894 καὶ
415 4843 540 4905 τοὺς
579 4842 812 4914 δεσμούς
869 4859 963 4896 σου
983 4843 1031 4874 ⁷³
1055 4841 1350 4913 διαρρήξω.
1387 4860 1408 4892 ι
1452 4840 1710 4911 Λήψομαι
1765 4841 1872 4912 γὰρ

291 4934 448 5005 παρὰ
480 4935 575 4988 σοῦ
625 4937 725 5006 τὴν
773 4933 1024 4999 ἐξουσίαν
1049 4973 1066 4998 ,
1090 4934 1157 5004 ἢν
1207 4931 1385 4985 ἔδωκά
1420 4948 1504 4984 σοι
1552 4931 1753 4984 πάλαι·
1779 4932 1874 4985 καὶ

289 5027 586 5082 καταλύσω
626 5046 720 5082 σου
754 5029 853 5099 τὴν
886 5026 1228 5092 δυναστείαν,
1253 5024 1381 5088 τοὺς
1409 5024 1618 5096 ταύτης
1645 5025 1876 5096 διαρρή-

293 5119 394 5185 ξας
425 5120 771 5191 συνδέσμους.
828 5118 1074 5173 Ῥάὸδον
1102 5117 1214 5188 γὰρ
1238 5116 1338 5186 τὴν
1379 5115 1630 5181 ἐξουσίαν
1673 5116 1830 5171 καλεῖ
1858 5131 1873 5144 ·

294 5213 392 5265 καὶ
438 5211 598 5268 τοῦτο
652 5212 839 5282 σαφῶς
873 5212 1020 5282 ἡμᾶς
1069 5209 1161 5264 διὰ
1191 5209 1415 5262 Ἡσαΐου
1450 5207 1544 5262 τοῦ
1594 5209 1874 5278 προφήτου

371 5370 396 5408 ¹ι
427 5368 494 5424 ιγ
522 5368 658 5436 Reg.
687 5385 840 5434 xvut,
875 5369 947 5424 19
972 5383 1128 5436 seqq.

1971 4637 2264 4707 amplius.)
2301 4639 2535 4692 Prorsus
2571 4637 2720 4694 enim
2763 4638 3028 4693 oblivioni
3079 4639 3341 4694 traderis.

2042 4749 2210 4806 Vsus.
2247 4751 2333 4805 l3.
2373 4768 2391 4802 ι
2437 4750 2502 4804 Et
2535 4767 2684 4807 nune
2706 4759 2990 4807 conteram
3029 4753 3244 4823 virgam
3269 4753 3390 4823 ejus
3414 4767 3444 4806 a
3478 4759 3552 4814 te,

1975 4851 2030 4898 et
2064 4842 2287 4897 vincula
2337 4850 2432 4896 tua
2466 4842 2832 4914 disrumpam.
2875 4862 2894 4896 ›
2925 4843 3212 4915 Reeipiam
3263 4846 3433 4909 enim,
3469 4845 3555 4898 in-

1975 4935 2116 5004 quit,
2155 4933 2253 4988 abs
2276 4940 2332 4986 te
2356 4941 2714 5003 potestatem,
2753 4950 2920 5006 quam
2973 4935 3103 4989 olim
3152 4935 3278 4990 dedi
3327 4935 3465 5000 tibi,
3501 4943 3558 4989 et

1973 5025 2257 5081 destruam
2294 5025 2669 5095 principatum
2721 5031 2914 5090 tuum,
2961 5040 3091 5080 cum
3142 5027 3268 5098 ejus
3327 5027 3555 5081 vincula

1971 5117 2335 5186 disruperim.
2406 5115 2620 5187 Virgam
2673 5117 2821 5171 enim
2873 5126 3209 5188 potestatem
3263 5121 3552 5192 appellat:

1971 5207 2138 5279 idque
2168 5215 2358 5278 aperte
2387 5223 2490 5263 nos
2544 5208 2710 5263 docet
2768 5223 2867 5280 per
2912 5209 3114 5265 Isaiam
3172 5213 3499 5282 prophetam
3534 5229 3554 5266 :

1598 5519 1836 5575 VARLE
1871 5517 2281 5576 LECTIONES‘.

369 5662 416 5732 ’ξ
455 5661 502 5732 Α
556 5659 886 5725 συντελείας.
950 5729 958 5732 Α
997 5659 1042 5732 ‘_'
1070 5659 1114 5713 A
1138 5657 1621 5732 Δζεξπεγειρομένορς,

1732 5659 1774 5688 ⁸⁷
1822 5659 1938 5713 καί.
1985 5657 2112 5714 Des.
2167 5658 2220 5711 in
2254 5657 2320 5712 A.

2421 5655 2465 5686 ⁸⁸
2495 5655 2540 5710 Α
2579 5656 2847 5726 θεμελίων
2896 5655 3063 5712 αὑτοῦ
3117 5653 3557 5726 χερσωθήσεται.

299 5731 418 5785 "-C
448 5731 780 5804 πλεκομένη.
853 5732 898 5762 ’⁷ο
933 5729 979 5786 Α
1011 5725 1378 5802 βρωθήσεταί.
1408 5725 1420 5732 ’
1454 5730 1494 5760 ⁷¹
1526 5728 1647 5799 ξηρ.
1685 5726 1728 5781 C
1755 5743 1942 5800 prtem.
1971 5730 2090 5799 τήν.
2170 5729 2213 5759 τ’
2239 5729 2332 5781 καὶ
2360 5726 2439 5782 ὀλ.
2471 5743 2607 5798 παρ.
2631 5725 2756 5785 Des.
2789 5732 2844 5786 in
2869 5729 2930 5783 (Σ.
3004 5730 3047 5759 ⁷³
3084 5743 3200 5780 σου.
3227 5725 3369 5782 Des.’
3396 5727 3452 5778 in
3485 5726 3556 5777 Α.
