4090 6452
539 398 643 460 795

1458 389 1948 452 THEODORETI
2011 384 2390 456 EPISCOPIE
2416 387 2784 448 CYRENSIS

3634 379 3771 447 1796

512 529 532 564 ι
559 508 652 565 Vae
701 507 977 580 Assyriis!
1009 507 1156 574 virga
1191 502 1400 558 furoris
1448 504 1554 556 mei
1599 511 1648 554 et
1689 501 1784 554 irae
1832 517 1964 554 mea:
1995 508 2082 553 est

2198 499 2428 553 Βιδάσκει
2454 517 2471 533 ο
2514 519 2532 549 ι
2568 498 2706 550 υύαὶ
2750 494 3095 566 Ἀσσυρίοιςί
3133 494 3165 564 ἡ
3202 492 3395 564 ῥάϐδος
3448 490 3542 545 τοῦ
3599 492 3773 564 θυμοῦ

508 606 562 658 in
596 605 850 657 manibus
881 615 1067 655 eorum
1101 597 1140 652 ι.
1177 617 1193 648 ι

587 816 744 870 Vens.
779 818 863 868 Η.
898 833 917 864 ι
955 813 1020 866 Et
1070 813 1352 882 praeripiet
1392 811 1458 865 de
1515 819 1567 865 te
1623 809 1910 865 Dominus.
1946 831 1964 862 ι
2001 810 2083 865 Me

506 913 675 974 cnim,
739 908 932 975 inquit,
982 914 1283 966 annuente,
1345 905 1458 958 haec
1530 904 1855 958 sustinebis.
1902 921 1920 954 ι
1963 901 2084 956 Non

509 1001 875 1055 seminabitur
905 999 971 1052 de
1003 998 1222 1050 nomine
1249 1005 1344 1050 luo
1376 997 1633 1066 amplius.
1662 1016 1678 1045 ι
1709 994 1826 1048 Non
1847 996 2084 1064 amplius

505 1094 650 1145 enim
709 1106 906 1144 nomen
961 1100 1112 1140 tuum
1173 1089 1412 1140 subditis
1464 1088 1797 1152 imponetur.
1867 1084 2085 1137 Subditi

505 1183 650 1235 enim
681 1195 709 1231 a
745 1181 862 1233 suis
907 1179 1130 1248 regibus
1175 1193 1376 1231 nomen
1409 1176 1664 1245 accipere
1700 1177 1848 1229 soliti
1897 1183 2028 1230 sunt
2069 1192 2084 1228 :

507 1278 589 1326 sic
637 1287 666 1324 a
714 1271 990 1340 Babylone
1053 1269 1372 1340 Babylonii,
1412 1282 1441 1320 a
1479 1267 1625 1338 Cyro
1681 1267 1852 1321 Persa
1908 1268 2089 1320 Persa:

508 1363 776 1418 nominati
817 1371 947 1416 sunt
979 1379 992 1415 :
1025 1370 1079 1415 et
1107 1371 1292 1428 postea
1339 1360 1665 1414 Macedones
1697 1374 1726 1411 a
1772 1359 2086 1413 Macedoni-

511 1457 632 1519 bus,
673 1462 730 1508 et
766 1469 911 1506 nunc.
940 1467 969 1505 a
1005 1450 1176 1506 Roma
1211 1450 1425 1522 1524
1459 1449 1714 1510 Romani.
1752 1468 1769 1499 ι
1806 1449 1880 1503 De
1921 1449 2089 1505 domo

515 1547 606 1602 Dei
639 1548 717 1600 tui
766 1546 1081 1614 disperdam
1135 1545 1434 1614 sculptilia,
1467 1555 1520 1596 et
1548 1543 1842 1596 eonﬂatilia
1890 1559 2088 1613 ponam

511 1641 828 1708 sepulcrum
887 1648 1074 1701 tuum,
1130 1638 1261 1706 quia
1300 1637 1662 1690 inlionoratus
1695 1651 1774 1692 es.
1840 1655 1858 1688 ι
1917 1635 2089 1690 Porro

512 1746 619 1784 una
663 1740 844 1783 tecum
884 1727 1134 1782 funditus
1165 1731 1332 1781 etiam
1387 1729 1646 1797 peribunt
1684 1729 1771 1782 dei
1801 1729 1880 1782 tui
1919 1743 2088 1782 manu

2191 614 2294 666 μου
2326 597 2552 665 καὶτῆς
2603 595 2770 664 ὀργῆς
2823 609 2923 663 μου
2980 592 3128 644 ἐστιν
3176 592 3233 642 ὲν
3278 592 3398 652 ταῖς
3431 589 3621 660 χερσὶν
3674 592 3775 643 αύ-

2187 687 2318 739 τῶν.
2363 706 2382 736 ι

2265 824 2345 875 ιδ’.
2385 840 2402 872 ι
2441 821 2552 874 Καὶ
2595 817 2892 872 ἐντελεῖται
2949 814 3078 886 περὶ
3126 813 3219 866 σοῦ
3274 810 3500 884 Κύριος.
3541 832 3560 865 ι
3611 813 3776 883 Ἑμοῦ

2189 913 2298 983 γὰρ
2336 911 2586 974 νεύοντος
2621 909 2793 963 ταῦτα
2817 908 3002 979 πείσῃ.
3032 925 3050 957 ι
3090 905 3166 957 υύ
3207 889 3547 975 σπαρήὶεται
3586 903 3652 957 ἐκ
3681 902 3776 958 τοῦ

2189 1004 2452 1075 ὀνόματός
2479 1020 2569 1054 σου
2599 1001 2732 1054 ἔτι.»
2767 999 2964 1051 Οὐκέτι
2993 996 3102 1067 γὰρ
3129 999 3160 1066 ἡ
3193 996 3259 1065 σὴ
3288 990 3630 1066 προσηγορίαι
3664 998 3778 1058 τοῖς

2190 1093 2452 1162 ὑπηκόοις
2476 1090 2860 1160 ἐπιτεθήσεται
2879 1105 2892 1117 ⁸
2913 1087 3031 1149 ἔθος
3059 1086 3169 1154 γὰρ
3191 1086 3299 1138 ἀπὸ
3327 1087 3436 1138 τῶν
3470 1085 3779 1155 βασιλευόν-

2189 1202 2297 1235 των
2327 1184 2454 1246 τοὺς
2501 1180 2842 1252 ἀρχομένους
2891 1177 3176 1231 καλεῖσθαι
3197 1193 3209 1205 ·
3243 1172 3418 1238 οὕτως
3453 1179 3560 1230 ἀπ’)
3596 1179 3773 1230 Βαϐυο

2191 1271 2360 1333 λῶνος
2410 1269 2740 1323 Βαϐυλώνιοι
2775 1282 2789 1297 ⁸
2841 1267 2938 1320 καὶ
2991 1265 3100 1319 ἀπὸ
3155 1266 3341 1334 Κύρου
3411 1266 3505 1318 τοῦ
3561 1266 3773 1335 Πέρσου

2191 1362 2399 1432 Πέρσαι
2435 1377 2447 1390 °
2497 1361 2591 1414 καὶ
2628 1359 2940 1420 Μακεδόνες
2980 1354 3089 1410 ἀπὸ
3126 1355 3455 1410 Μακεδόνων
3505 1350 3731 1426 ὕστερον
3756 1372 3770 1384 ·

2191 1457 2286 1508 καὶ
2311 1453 2406 1506 νῦν
2459 1453 2567 1507 ἀπὸ
2609 1450 2832 1522 Ῥώμης
2894 1451 3175 1519 Ῥωμαῖοι.
3225 1467 3244 1498 ‹
3302 1447 3393 1511 Ἐξ
3438 1449 3589 1500 οἴκου
3637 1447 3773 1500 Θεοῦ

2194 1564 2288 1599 σου
2321 1544 2690 1615 ὲξολοθρεύσω
2720 1542 2959 1611 γλυπτά,
3002 1542 3096 1594 καὶ
3121 1540 3364 1610 χωνευτά
3401 1539 3640 1608 θήσομαι
3678 1551 3775 1591 τα-

2194 1637 2301 1706 φήν
2327 1651 2446 1700 σου,
2465 1635 2546 1687 ὅτι
2567 1632 2853 1704 ὴτιμώθης
2885 1633 2952 1686 ⁷⁸.
2994 1651 3012 1682 ι
3046 1632 3451 1701 Κοινωνήσουσι
3477 1630 3532 1682 δέ
3568 1646 3648 1682 σοι
3677 1630 3778 1699 τῆς

2193 1727 2472 1789 ἀπωλείας
2506 1726 2603 1780 καὶ
2652 1727 2701 1778 οἱ
2746 1723 3101 1796 χειρόκμητοί
3150 1740 3244 1775 σου
3281 1720 3426 1786 θεοὶ,
3449 1716 3542 1784 οὒς
3569 1723 3648 1783 είς
3678 1718 3778 1791 τὴν

513 1821 668 1883 facti,
711 1834 852 1888 quos
889 1819 1032 1872 intra
1096 1827 1302 1872 terram
1361 1819 1568 1874 abdes:
1606 1830 1660 1874 et
1718 1829 1980 1890 tanquam
2032 1821 2088 1875 in

2198 1819 2296 1889 γῆν
2327 1819 2718 1889 κατακρύψεις,
2769 1817 2861 1869 καὶ
2902 1817 2977 1878 ὼς
3017 1817 3074 1868 ἐν
3124 1814 3316 1882 τάφοις
3362 1813 3471 1864 τισὶ
3528 1812 3779 1882 καταχώ-

511 1910 783 1979 sepulcris
831 1908 1159 1976 quibusdam
1217 1908 1440 1972 obrues,
1475 1923 1542 1961 ne
1595 1909 1698 1978 ipsi
1728 1923 1948 1977 quoque
1989 1909 2090 1962 ho-

512 2000 690 2055 stibus
732 1999 914 2069 prteda
952 1999 1105 2053 (iant.

581 2111 751 2168 Vens.
789 2112 872 2167 I5.
920 2131 938 2163 ι
969 2111 1111 2177 Quia
1171 2110 1398 2166 veloces
1459 2125 1592 2165 ecce
1653 2125 1820 2179 super
1867 2119 2090 2165 montes

513 2205 683 2276 pedes
745 2203 1200 2273 evangelizantis,
1259 2211 1313 2256 et
1363 2204 1752 2258 annuntiantis
1812 2219 2024 2273 pacem.
2067 2223 2085 2254 ι

511 2298 650 2351 Cum
680 2296 796 2350 haec
829 2308 1020 2349 contra
1058 2304 1108 2348 te
1144 2294 1294 2358 (ient,
1329 2296 1489 2350 multi
1543 2304 1842 2349 accurrent
1874 2296 1938 2348 ad
1969 2311 2087 2360 eos,

513 2387 608 2456 qui
664 2386 912 2440 habitant
965 2386 1022 2439 in
1063 2384 1272 2448 Judzea,
1317 2386 1596 2455 jucundos
1653 2388 1804 2456 pacis
1866 2389 2090 2441 nuntios

517 2477 829 2532 :in‘erentes.
869 2495 885 2528 ι
914 2477 1160 2540 Celebra,
1183 2475 1344 2541 Juda,
1372 2477 1702 2533 festivitates
1734 2486 1855 2532 tuas
1886 2497 1898 2532 :
1929 2478 2092 2533 redde

516 2568 627 2624 Deo
655 2577 782 2624 vota
808 2579 899 2622 tua
946 2585 960 2620 :
993 2569 1123 2637 quia
1151 2583 1500 2637 nequaquam
1535 2577 1815 2638 apponant
1851 2569 1992 2622 ultra
2033 2579 2086 2622 ut

514 2670 901 2730 pertranseant
944 2659 998 2712 in
1046 2667 1380 2715 vetustatem
1434 2678 1447 2715 :
1497 2670 1916 2715 consummatus
1983 2672 2090 2728 est,

396 2755 416 2769 ‘
515 2748 767 2802 sublatus
801 2755 906 2802 est.
943 2747 1102 2802 »νος
1161 2758 1380 2813 autem,
1440 2749 1643 2819 inquit,
1702 2751 1795 2820 qui
1851 2752 2090 2806 hostium

513 2838 741 2893 exitium
775 2838 1088 2903 audivistis,
1124 2839 1400 2910 legitimos
1441 2841 1560 2895 dies
1589 2839 1701 2895 Deo
1722 2841 1895 2898 festos
1922 2845 2090 2913 agite,

513 2934 569 2980 et
611 2926 771 2980 solita
829 2942 990 2982 sacra
1044 2928 1368 2982 celebrate:
1407 2944 1533 2982 nam
1595 2931 1843 2987 funditus
1902 2935 2088 3002 periit,

513 3018 608 3084 qui
641 3017 844 3071 multas
865 3019 882 3036 ‘
916 3025 1108 3072 contra
1134 3035 1230 3074 vos
1250 3020 1868 3089 expeditionesl'ecerat,
1900 3034 1955 3078 et
1985 3042 2092 3079 non

515 3105 754 3175 amplius
779 3120 1108 3161 consumere
1139 3112 1196 3162 et
1247 3109 1477 3178 perdere
1525 3126 1624 3167 vos
1673 3115 2088 3183 aggrediemur.

1141 3431 1369 3487 CAPUT
1404 3433 1467 3487 II.

589 3561 762 3620 Vsus.
791 3565 842 3618 i.
890 3583 909 3617 ι
944 3565 1204 3619 Ascendit
1252 3565 1536 3624 insuﬂians
1574 3570 1628 3625 in
1670 3570 1864 3626 faciem
1919 3582 2091 3639 tuam,

518 3673 720 3712 eruens
739 3664 791 3710 te
817 3655 884 3710 de
911 3657 1292 3713 tribulatione.
1332 3679 1349 3711 ι
1384 3658 1588 3715 Horum
1625 3673 1806 3717 autem
1854 3665 1953 3719 tibi
1997 3681 2095 3718 au-

519 3758 640 3802 ctor
667 3746 832 3813 Deus,
869 3749 960 3818 qui
1003 3763 1106 3801 suo
1155 3757 1313 3815 nutu,
1368 3758 1630 3820 tanquam
1663 3754 1791 3807 ﬂatu
1829 3755 2089 3822 quodam,

521 3839 647 3893 illos
675 3838 896 3902 delevit,
924 3847 1090 3910 teque
1123 3842 1192 3895 ab
1226 3841 1450 3897 illorum
1488 3851 1764 3913 potestate
1811 3845 2090 3900 liberavit.

521 3929 655 3982 Nam
696 3929 1160 3999 quemadmodum
1195 3947 1321 3986 cum
1351 3932 1562 3987 Adamo
1599 3933 1931 4002 inSpirasset
1979 3937 2095 4004 spi-

520 4020 768 4074 raculum
800 4021 924 4076 vita:
951 4034 1013 4088 ω,
1043 4021 1174 4077 fecit
1202 4031 1260 4078 ut
1299 4031 1448 4081 esset
1500 4025 1688 4078 anima
1737 4026 1930 4082 vivens
1955 4066 1971 4092 ,
2010 4028 2096 4082 sic

520 4111 620 4165 tibi
650 4111 776 4166 vita:
807 4111 1174 4183 inspiratione
1207 4115 1440 4170 salutem
1468 4114 1696 4184 praebet.
1728 4115 1882 4170 Hanc
1927 4118 2096 4173 etiam

520 4211 643 4273 post
685 4205 1153 4260 resurrectionem
1209 4206 1466 4260 Christus
1525 4205 1675 4260 dedit
1737 4208 1912 4264 sacris
1963 4225 2100 4280 apo-

520 4292 698 4347 stolis.
736 4291 877 4358 Quia
916 4295 1064 4349 enim
1105 4295 1317 4365 1525
1360 4295 1532 4350 Adam
1571 4296 1862 4369 imaginem
1914 4301 2100 4370 perdi-

525 4385 629 4451 dit,
668 4400 830 4454 quam
868 4401 963 4455 per
1012 4388 1254 4442 divinam
1302 4389 1727 4455 inspirationem
1783 4403 2098 4464 acceperat,

2195 1928 2328 1975 σεις,
2351 1911 2438 1964 ἵνα
2490 1912 2566 1981 μὴ
2598 1909 2694 1963 καὶ
2753 1908 2905 1961 αὐτοὶ
2936 1907 3154 1977 λάφυρα
3191 1905 3456 1974 γένωνται
3484 1902 3593 1955 τῶν
3622 1904 3780 1957 πολε⁸

2195 2003 2356 2073 μίων.

2266 2121 2349 2170 ιε’.
2385 2134 2402 2166 ι
2442 2112 2565 2166 Ὅτι
2620 2113 2812 2183 ταχεῖς
2848 2111 2956 2164 ἰδοὺ
2991 2111 3086 2163 ἐπὶ
3120 2111 3189 2164 τὰ
3229 2107 3332 2182 ὅρη
3367 2107 3586 2175 πόδες’¹⁵
3612 2114 3780 2180 εὐαγ-

2191 2206 2567 2278 γελιζομένου,
2601 2205 2696 2260 καὶ
2744 2203 3185 2273 ἀπαγγέλλοντος
3228 2205 3472 2274 εἰρήνην.
3511 2222 3529 2255 ι
3560 2203 3780 2256 Τούτων

2192 2296 2248 2348 δὲ
2276 2295 2417 2349 κατὰ
2446 2294 2539 2348 σοῦ
2566 2291 2928 2364 γιγνομένων,
2956 2288 3142 2345 πολλοὶ
3168 2291 3502 2363 δραμοῦνται
3535 2294 3649 2354 τοῖς
3678 2292 3779 2362 τὴν

2205 2388 2463 2443 Ἰουδαίαν
2496 2386 2706 2440 οἰκοῦσι
2730 2385 2797 2437 τὰ
2828 2382 2928 2454 τῆς
2959 2385 3182 2454 εἰρήνης
3213 2381 3527 2453 κομίζοντες
3550 2383 3782 2451 εὐαγγέ-

2193 2482 2301 2536 λια.
2341 2500 2358 2532 ι
2396 2479 2672 2550 Ἐόρταζε,
2715 2476 2884 2530 Ἰούδα
2911 2474 2980 2539 ⁷⁸,
3012 2473 3108 2539 τὰς
3141 2474 3354 2546 ἑορτάς·
3378 2492 3468 2527 σου
3485 2475 3680 2538 ἀπόδος
3699 2472 3779 2544 τῷ

2193 2575 2311 2644 Θεῷ
2340 2574 2384 2604 ⁷⁷
2423 2573 2520 2635 τὰς
2561 2571 2726 2641 εὐχάς
2753 2587 2868 2622 σου.
2920 2568 3066 2621 Διότι
3095 2569 3154 2621 ού
3186 2568 3258 2638 μὴ
3293 2567 3666 2636 προστεθῶσιν
3697 2566 3778 2621 ἔτι

2191 2665 2285 2718 τοῦ
2327 2663 2554 2718 διελθεῖν
2602 2663 2682 2724 είς
2724 2657 3030 2713 παλαίωσιν
3068 2677 3082 2691 ·
3131 2656 3572 2720 συντετέλεσται,
3616 2656 3779 2726 ὲξῆρ-

2192 2758 2367 2811 rat".
2409 2775 2426 2807 ι
2472 2753 2660 2823 Ὑμεῖς
2701 2752 2780 2817 δὲ,
2815 2752 3001 2821 φησὶν,
3037 2747 3374 2812 ἀκούσαντες
3403 2748 3503 2819 τὴν
3542 2749 3648 2801 τῶν
3677 2765 3779 2801 πο·-

2193 2850 2251 2902 λε
2262 2848 2396 2918 μίων
2447 2846 2745 2898 κατάλυσιν
2767 2885 2780 2908 ,
2809 2843 2908 2906 τὰς
2932 2842 3329 2912 νενομισμένας
3380 2839 3674 2893 ὲπιτελεῖτε
3699 2838 3776 2911 τῷ

2195 2939 2312 3008 Θεῷ
2344 2933 2700 3006 πανηγύρεις,
2761 2933 2858 2986 καὶ
2913 2932 3012 2995 τὰς
3061 2932 3118 2998 ἐξ
3171 2931 3327 2994 ἔθους
3373 2930 3561 2993 θυσίας
3613 2946 3778 3000 προσ-

2196 3031 2386 3099 φέρετε
2423 3041 2435 3056 ’
2486 3025 2727 3094 παντελῆ
2780 3012 2888 3094 γὰρ
2927 3023 3188 3092 ὑπέμεινε
3234 3022 3326 3074 τὸν
3375 3021 3596 3092 ὀλεθρον
3622 3022 3650 3074 ὁ
3680 3021 3781 3083 τὰς

2197 3120 2398 3182 πολλὰς
2456 3118 2579 3172 καθ’
2621 3115 2777 3186 ὑμῶν
2830 3114 3199 3185 ποιησάμενος
3241 3113 3534 3182 στρατείας
3559 3153 3574 3176 ,
3612 3112 3706 3164 καὶ
3735 3110 3782 3141 τ’

2197 3212 2379 3266 οὐκέτι
2434 3209 2594 3263 οἰονεί
2644 3206 2918 3262 ἀναλῶσαι
2976 3203 3071 3257 καὶ
3121 3203 3429 3274 δαπανῆσαι
3484 3204 3628 3274 ὑμᾶς
3663 3204 3784 3255 ὲπι-

2199 3305 2465 3375 χειρήσει.

2720 3451 3121 3507 ΚΕΦΑΔΛΙΟΝ
3161 3452 3234 3504 B'.

2266 3597 2334 3644 α’.
2364 3609 2380 3640 ι
2406 3587 2597 3656 Ἀνέϐη
2623 3585 2882 3655 ἐμφυσῶν
2904 3585 2984 3645 εἰς
3008 3580 3296 3650 πρόσωπόν
3331 3597 3444 3644 σου,
3462 3577 3783 3649 ἐξαιρούμε-

2199 3681 2284 3741 vr};
2307 3696 2365 3730 σε
2386 3679 2429 3709 ³ο
2459 3679 2521 3730 ἐκ
2548 3675 2799 3743 θλίψεως.
2843 3693 2860 3723 ι
2903 3671 3121 3724 Τούτων
3150 3671 3205 3723 δέ
3246 3687 3328 3722 σοι
3361 3669 3534 3732 αἴτιος
3566 3672 3593 3722 ὁ
3625 3669 3777 3732 Θεὸς,

2198 3771 2274 3838 τῷ
2303 3767 2488 3836 οἰκείῳ
2533 3764 2785 3834 νεύματι,
2833 3759 2944 3816 οἶόν
2975 3779 3082 3816 τινι
3118 3763 3498 3832 ὲμφυσήματι,
3537 3761 3782 3822 ἐκείνους

2202 3862 2298 3931 μὲν
2335 3858 2662 3920 καταλύσας,
2699 3857 2758 3909 σὲ
2785 3857 2842 3909 δὲ
2872 3855 2974 3924 τῆς
3010 3853 3235 3907 ἐκείνων
3266 3853 3588 3916 δυναστείας
3629 3851 3783 3904 ἐλευ-

2199 3949 2466 4022 θερώσας.
2501 3950 2712 4020 ’Ὠσπερ
2744 3948 2856 4018 γὰρ
2909 3946 2987 4016 τῷ
3037 3945 3210 4015 Ἀδὰμ
3259 3945 3586 4015 ὲμφυσήσας
3616 3942 3784 4014 πνοὴν

2202 4044 2368 4114 ζωῆς,
2391 4041 2644 4110 εποίησεν
2671 4039 2834 4093 αὐτὸν
2864 4039 2944 4100 εἰς
2972 4037 3152 4107 ψυχὴν
3179 4035 3361 4100 ζῶσαν
3378 4052 3392 4066 ο
3429 4034 3571 4087 οὕτω
3598 4035 3680 4086 σοὶ
3707 4033 3784 4104 τῷ

2201 4135 2300 4204 τῆς
2335 4135 2479 4204 ζωῆς
2507 4133 2865 4204 ἐμφυσήματι
2895 4130 2995 4198 τὴν
3033 4127 3306 4200 σωτηρίαν
3337 4127 3587 4196 παρέχει.
3616 4123 3787 4178 Τοῦτο

2203 4227 2297 4279 καὶ¹
2340 4226 2479 4295 μετὰ
2531 4227 2630 4293 τὴν
2683 4222 2982 4275 ἀνάστασιν
3017 4219 3044 4270 ό
3094 4217 3371 4287 Δεσπότης
3399 4215 3636 4288 Χριστὸς
3673 4216 3787 4277 τοῖς

2208 4316 2372 4384 ἱεροῖς
2419 4313 2654 4366 δέδωκεν
2715 4311 3052 4367 ἀποστόλοις.
3085 4307 3306 4377 Ἐπειδὴ
3355 4307 3464 4378 γὰρ
3503 4305 3786 4360 ἀπώλεσεν

2205 4405 2380 4474 ’Δδὰμ
2416 4404 2477 4455 τὺ
2516 4402 2638 4454 κατ’
2664 4399 2871 4463 εἰκόνα,
2904 4399 2932 4451 ὃ
2970 4397 3062 4452 διὰ
3103 4397 3198 4451 τοῦ
3226 4397 3370 4450 θείου
3399 4396 3591 4451 ἐλαϐεν
3615 4397 3790 4465 ἐμφυ-

522 4478 722 4529 merito
751 4475 893 4528 hanc
922 4493 1197 4533 renovans
1235 4478 1497 4536 Christus
1539 4481 1810 4539 Dominus
1852 4486 2092 4538 restituit

2208 4496 2472 4565 σήματος,
2495 4492 2720 4555 εἰκότως
2760 4490 2966 4560 ταύτην
2997 4489 3356 4552 ἀνακαινίσας
3388 4491 3416 4542 ὁ
3450 4486 3784 4558 Δεσπότης⁶³

524 4567 700 4622 sacris
733 4569 1020 4636 apostolis,
1083 4578 1137 4624 et
1174 4586 1272 4641 per
1304 4587 1400 4627 eos
1438 4575 1696 4631 omnibus
1725 4576 2094 4630 credentibus.

527 4660 828 4714 lnsutliarit
878 4663 1026 4717 enim
1085 4679 1201 4730 eos,
1259 4675 1314 4720 et
1387 4666 1525 4722 dixit
1611 4670 1694 4724 eis
1731 4687 1743 4722 :
1787 4688 1805 4720 ι
1852 4670 2103 4739 Accipite

527 4749 792 4817 Spiritum
837 4763 1158 4810 sanetum".
1197 4775 1215 4806 ι
1251 4756 1387 4822 Quia
1436 4774 1572 4814 vero
1615 4775 1884 4814 novorum
1940 4769 2102 4831 typus

527 4848 710 4895 vetera
753 4851 904 4908 sunt,
941 4845 1314 4914 intelligamus
1361 4849 1714 4919 Assyriorum
1753 4851 1974 4920 quidem
2017 4870 2100 4910 re-

526 4945 694 4998 gnum
750 4934 1026 4999 deletum,
1088 4936 1292 4992 diaboli
1351 4947 1534 4993 autem
1592 4943 1934 5009 tyrannidem
2006 4960 2103 5014 per

528 5018 809 5076 Christum
865 5023 1155 5080 Dominum
1204 5027 1569 5093 exstinctam;
1602 5025 1798 5081 Judam
1845 5046 1975 5085 vero
2013 5032 2102 5085 in-

532 5111 826 5169 sultantem
870 5117 948 5171 illi
973 5126 1028 5172 et
1066 5117 1237 5174 festos
1267 5119 1388 5173 dies
1442 5127 1716 5189 agentem,
1775 5121 2106 5193 interprete-

534 5215 658 5256 mur
685 5203 873 5260 orbem
919 5215 1190 5264 terrarqu
1216 5210 1287 5264 ob
1317 5208 1551 5264 salutem
1577 5212 1942 5268 exsultantem
1969 5232 1986 5282 ;
2009 5216 2105 5285 qui

611 5383 632 5427 ι
671 5387 783 5444 lsa.
811 5405 866 5453 ιι,
904 5387 957 5442 ii.

1034 5397 1072 5425 ιη
1104 5388 1240 5446 Gen.
1278 5404 1336 5454 II,
1370 5391 1424 5445 7.
1502 5402 1524 5428 "
1558 5392 1718 5448 Joau.
1754 5410 1844 5456 xx,
1877 5393 1968 5447 ‘22.

2208 4583 2442 4656 Χριστὸς
2491 4585 2602 4646 τοῖς
2655 4583 2820 4654 ἰεροῖς
2856 4581 3196 4634 ἀποδέδωκεν
3227 4581 3566 4645 ἀποστόλοις,
3595 4582 3690 4638 καὶ
3719 4581 3786 4634 δι’

2209 4671 2387 4725 αὐτῶν
2429 4670 2600 4723 ἅπασι
2631 4672 2744 4733 τοῖς
2788 4670 3162 4725 πιστεύουσιν.
3188 4671 3517 4740 Ἐνεφύσησε
3552 4673 3662 4741 γὰρ
3693 4672 3790 4723 αύ-

2207 4764 2340 4825 τοῖς,
2373 4761 2467 4814 καὶ
2500 4757 2619 4814 εἷπε
2647 4778 2662 4792 ο
2693 4781 2711 4813 ι
2764 4762 2973 4815 Λάϐετε
3023 4762 3248 4833 Πνεῦμα
3295 4762 3470 4831 ἀγιον.
3513 4783 3532 4815 ι
3571 4762 3791 4834 Ἐπειδὴ

2207 4851 2387 4905 τοίνυν
2425 4851 2595 4914 τύπος
2619 4854 2728 4907 τῶν
2762 4854 2896 4907 νέων
2920 4854 2990 4907 τὰ
3026 4854 3256 4920 παλαιὰ,
3290 4856 3573 4924 νοήσωμεν
3597 4856 3792 4908 Ἀσσυο

2212 4943 2342 5013 ρίων
2383 4943 2482 5012 μὲν
2513 4943 2788 5013 βασιλείαν
2820 4947 3254 5018 καταλυομένην,
3281 4946 3375 4999 τοῦ
3407 4947 3656 5000 διαϐόλου
3692 4947 3795 5017 τὴν

2210 5033 2503 5102 τυραννίδα
2547 5032 2636 5086 διὰ
2682 5034 2776 5087 τοῦ
2823 5035 3096 5088 Δεσπότου
3153 5036 3470 5106 παυομένην
3518 5035 3790 5106 Χριστοῦο

2210 5125 2300 5178 τὸν
2331 5125 2390 5178 δὲ
2435 5125 2633 5180 Ἰούδαν
2663 5125 3071 5192 ἐπιτωθάζοντα
3104 5126 3277 5199 τούτῳ
3318 5129 3412 5183 καὶ
3437 5127 3790 5197 ὲορτάζοντα,

2210 5218 2310 5290 τὴν
2335 5220 2663 5290 οἰκουμένην
2691 5221 2784 5274 ἐπὶ
2819 5223 2885 5291 τῇ
2933 5219 3177 5292 σωτηρίᾳ
3204 5219 3532 5294 χορεύουσαν
3556 5258 3571 5284 ,
3603 5218 3700 5272 ἅτε
3725 5217 3792 5288 δὴ

1777 5545 2008 5603 νΑιιιΑῐ
2065 5550 2472 5609 LECTIONES.

603 5700 858 5776 "Syrte.
891 5701 1101 5776 Desa-in
1129 5703 1202 5776 VA.
1246 5774 1253 5776 Α
1306 5703 1347 5776 ζδ
1379 5704 1491 5759 πόὸ.
1518 5708 1554 5757 Α
1589 5723 1776 5776 pra-.m.
1817 5709 1884 5760 σε.

538 5769 582 5803 ’⁸
605 5772 714 5826 καί.
753 5769 877 5829 Des.
907 5775 961 5829 in
995 5775 1055 5831 Ο.
1123 5775 1167 5807 ⁸ο
1201 5774 1278 5828 σέ.
1315 5773 1438 5830 Des.
1481 5778 1532 5831 iu
1559 5769 1621 5830 Κ.

1997 5709 2038 5788 ἶδ
2072 5707 2412 5788 Αςῐουδαία.
2485 5712 2556 5780 ﬂ"
2594 5715 2829 5788 τῷΘυῖ).
2863 5715 2988 5774 Des.
3037 5720 3130 5775 ib.-

1702 5777 1742 5809 ⁸³
1775 5781 1940 5833 Δεσπ.
1981 5778 2104 5834 Des.
2139 5779 2191 5836 in
2223 5782 2283 5836 C.

3217 5721 3258 5750 τε
3287 5719 3364 5785 ἐξ,
3407 5721 3450 5776 Α
3492 5722 3798 5794 ἀνήλωται(
