4090 6440
486 389 624 453 1799

1477 376 1966 440 THEODORETI
2004 371 2344 435 EPISCOPI
2373 372 2739 433 CYRENSIS

3614 370 3753 436 1800

483 500 697 556 rebatis
727 520 739 555 :
770 504 1010 553 attamen
1040 496 1098 550 in
1130 492 1373 549 hostium
1407 491 1728 548 lncursione
1758 499 1940 546 metus
1969 505 2064 546 vos

2190 507 2231 541 ,α
2240 490 2417 560 μπάσι
2446 491 2542 544 καὶ
2558 489 2865 559 ἀστραπαῖς
2884 484 3290 556 ὲξεδειματοῦτε
3308 486 3435 549 τοὺς
3456 484 3752 556 ὑπηκόουςο

487 590 833 647 fortitudinis
878 591 1001 643 vice
1061 587 1344 657 corripiet.
1398 581 1509 637 lloc
1577 585 1725 638 enim
1777 584 2065 654 sequentia

487 684 777 738 declarant

560 860 726 916 Vens.
758 860 810 915 5.
844 876 862 910 ι
901 856 1357 912 Memorabuntur
1406 858 1589 921 enim,
1646 858 1865 929 inquit,
1913 859 2068 929 opti-

489 963 667 1007 mates
693 966 884 1008 eorum
913 991 928 1013 ,
965 957 1019 1004 et
1042 950 1255 1020 fugient
1280 950 1544 1016 interdiu,
1567 959 1620 1006 et
1643 951 2070 1006 inﬁrmabuntur

490 1044 547 1098 in
580 1043 776 1097 itinere
800 1056 902 1096 suo
928 1056 944 1105 ;
973 1049 1024 1095 et
1056 1039 1398 1095 festinabunt
1426 1041 1493 1096 ad
1522 1057 1747 1106 muros,
1774 1050 1831 1098 et
1861 1057 2073 1123 praepao

489 1133 692 1189 rabunt
718 1131 1138 1202 propugnacula
1171 1146 1297 1185 sua.
1332 1150 1352 1183 ι
1380 1132 1488 1198 Qui
1523 1134 1672 1188 enim
1706 1134 1775 1189 de
1800 1141 2073 1205 potestate

491 1225 848 1280 vehementer
890 1238 951 1278 se
990 1223 1272 1293 quondam
1308 1224 1648 1292 eﬂerebant,
1691 1227 1843 1280 omni
1884 1226 2072 1281 studio

491 1316 732 1386 effugere
769 1317 1145 1369 conabuntur.
1190 1316 1349 1381 Quod
1390 1331 1516 1371 cum
1558 1318 1781 1388 assequi
1822 1332 1933 1373 non
1971 1333 2073 1388 po-

494 1415 709 1471 terunt,
757 1422 951 1461 rursus
1009 1406 1063 1460 in
1122 1422 1313 1462 muros
1364 1407 1706 1472 ascenderit,
1750 1416 1807 1463 et
1856 1409 2075 1464 tuendae

496 1499 618 1552 urbi
656 1496 868 1551 dabunt
899 1511 1126 1567 operam
1156 1515 1171 1552 :
1210 1495 1290 1568 [6]
1329 1496 1503 1550 nihilo
1534 1497 1722 1552 secius
1761 1506 1944 1552 tamen
1972 1538 1988 1563 ,
2021 1503 2076 1549 et

498 1600 672 1658 portae
708 1587 1050 1658 aperientur,
1080 1593 1136 1642 et
1177 1586 1326 1657 regia
1366 1586 1419 1641 in
1462 1587 1708 1641 hostium
1742 1595 2074 1657 potestatem

495 1679 716 1743 veniet,
746 1684 799 1732 ct
835 1677 888 1731 in
932 1677 1051 1747 ipsa
1088 1677 1235 1748 regia
1271 1678 1522 1732 thesauri
1561 1678 1916 1748 diripieutur.
1960 1676 2076 1731 iloc

497 1772 644 1826 enim
676 1769 1112 1835 demonstravit,
1143 1784 1270 1823 cum
1300 1769 1481 1827 dixit:
1509 1787 1529 1820 ι
1565 1768 1891 1824 Substanlia
1920 1785 2077 1825 reve«

2167 580 2283 633 ἀλλ’
2317 582 2377 634 ὲν
2406 583 2474 651 τῇ
2498 580 2609 634 τῶν
2656 578 2934 650 πολεμίων
2959 575 3233 650 προσϐολῇ
3260 575 3434 631 δειλία
3467 577 3614 647 ὑμᾶς
3632 578 3758 632 ἀντὶ

2167 670 2267 737 τῆς
2308 669 2561 740 ἀνδρείας
2594 666 2836 733 καθέξει.
2862 666 3036 720 Τοῦτο
3070 666 3180 737 γὰρ
3227 664 3318 720 διὰ
3343 666 3454 720 τῶν
3483 666 3761 737 ἐπαγομέ-

2167 777 2277 813 νων
2307 751 2565 829 ἐδήλωσε.

2244 850 2304 905 ε’.
2338 872 2358 904 ι
2392 851 2811 922 Μνησθήσονται
2844 848 2978 920 γὰρ,
3003 847 3191 919 φησιν,
3219 849 3268 901 οἱ
3301 848 3628 918 μεγιστᾶνες
3654 847 3757 900 αύ-

2170 943 2298 1007 τῶν,
2329 943 2422 995 καὶ
2454 940 2739 1011 φεύξονται
2775 940 2990 1012 ἡμέρας
3014 940 3083 1004 ⁸⁸,
3133 939 3227 992 καὶ
3276 937 3669 1009 ἀσθενήσουσιν
3698 938 3758 992 ὲν

2170 1037 2238 1106 τῇ
2269 1033 2465 1105 πορείᾳ
2486 1033 2666 1087 αὐτῶν
2687 1049 2699 1062 ·
2736 1033 3067 1085 σπεύδουσιν
3091 1031 3184 1086 ἐπὶ
3204 1030 3274 1084 τὰ
3304 1030 3483 1103 τείχη,
3505 1030 3602 1084 καὶ
3622 1032 3762 1084 ἑτοι-

2190 1128 2423 1196 μάσουσι
2470 1124 2567 1189 τὰς
2623 1124 2978 1197 προφυλακὰς
3034 1122 3279 1178 αὐτῶν.»
3322 1124 3386 1176 Ol
3427 1125 3536 1194 γὰρ
3567 1123 3661 1176 ἐπὶ
3690 1124 3757 1194 τῇ

2168 1219 2460 1290 δυναστείᾳ
2502 1218 2672 1272 πάλαι
2709 1217 2853 1288 μέγα
2884 1216 3231 1289 φρονοῦντες,
3266 1215 3445 1270 πάντα
3471 1215 3639 1285 πόρον
3669 1232 3749 1268 κι-

2176 1313 2396 1382 νήσουσι
2441 1311 2722 1379 διαφυγεῖν
2774 1308 3139 1382 πειρώμενοι·
3181 1311 3274 1363 καὶ
3319 1307 3510 1363 τούτου
3557 1308 3613 1361 δὲ
3641 1308 3760 1361 δια-

2180 1402 2566 1473 μαρτάνοντες,
2593 1402 2753 1455 πάλιν
2783 1401 2863 1463 εις
2884 1403 3009 1464 τοὺς
3032 1400 3352 1471 περιϐόλους
3371 1399 3759 1471 ἀναϐήσονται,

2179 1494 2272 1548 καὶ
2312 1493 2411 1563 τῆς
2458 1492 2703 1563 φυλακῆς
2731 1491 3041 1563 φροντιοῦσι
3069 1493 3168 1562 τῆς
3198 1491 3406 1555 πόλεως
3427 1507 3441 1522 ⁸
3487 1490 3612 1562 (ς’.)
3642 1490 3759 1544 ἀλλ’

2177 1585 2327 1655 ὅμως
2357 1585 2508 1639 οὐδὲν
2534 1579 2695 1655 ἦττον
2724 1585 2816 1638 καὶ
2844 1585 2898 1637 αἱ
2934 1584 3102 1637 πύλαι
3132 1583 3536 1653 ἀνοιγήσονται,
3568 1583 3663 1636 καὶ
3692 1580 3763 1635 τά

2182 1676 2428 1748 βασίλεια
2470 1675 2576 1729 ὑπὸ
2611 1678 2724 1740 τοῖς
2771 1676 3052 1746 πολεμίοις
3102 1674 3418 1744 γενήσεται,
3458 1673 3558 1727 καὶ
3601 1675 3651 1726 ot
3704 1675 3762 1726 ὲν

2179 1771 2294 1831 τοῖς
2355 1768 2647 1839 βασιλείοις
2696 1768 3066 1839 ληφθήσονται
3122 1765 3410 1838 θησαυροί.
3453 1763 3625 1819 Τοῦτο
3654 1764 3764 1839 γὰρ

501 1864 611 1917 lata
651 1871 758 1917 est.
796 1881 814 1913 ι
846 1860 959 1915 Hoc
993 1869 1120 1925 est,
1164 1874 1289 1931 qua:
1321 1861 1452 1915 olim
1492 1863 1774 1916 occultata
1817 1861 2076 1926 fuerant,

2190 1860 2564 1931 παρεδήλωσεν
2586 1859 2824 1932 εἰρηκώς
2840 1876 2854 1890 υ
2886 1878 2905 1910 ι
2941 1860 3007 1913 Ἦ
3032 1858 3329 1921 ὑπόστασις
3345 1856 3760 1927 ἀπεκαλύφθη.»

498 1962 553 2007 et
582 1953 773 2007 multis
804 1950 1083 2021 repagulis
1115 1951 1454 2005 communita
1480 1989 1495 2012 ,
1539 1951 1803 2006 omnibus
1836 1953 2079 2007 revelata

500 2045 520 2066 ‘
546 2051 697 2098 sunt.
733 2062 749 2094 ι
780 2043 845 2096 Ει
874 2043 993 2112 ipsa
1030 2042 1387 2099 ascendebat.
1419 2062 1439 2096 ι
1468 2041 1718 2099 Nineven
1775 2044 2078 2116 intelligit:

501 2135 570 2189 de
602 2135 705 2189 hac
734 2135 881 2189 enim
917 2133 1190 2205 praedicit.

575 2307 743 2365 Vens.
778 2309 835 2363 7.
877 2328 897 2360 ι
931 2308 996 2364 Ει
1035 2309 1251 2365 ancillae
1290 2310 1414 2381 ejus
1452 2313 1804 2367 ducebantur
1840 2319 1895 2366 et
1934 2312 2085 2366 sicut

504 2401 807 2466 columbae,
848 2400 1142 2471 loquentes
1181 2401 1236 2455 in
1277 2402 1545 2458 cordibus
1587 2402 1727 2458 suis.
1766 2421 1784 2455 ι
1810 2402 1948 2458 Cum
1981 2403 2083 2457 hac

507 2501 688 2547 autem
717 2490 881 2547 simul
910 2491 1288 2561 captivitatem
1315 2491 1585 2546 subibunt
1611 2493 1777 2548 urbes
1805 2492 2041 2547 subdita:
2067 2533 2082 2559 ,

506 2592 561 2639 et
599 2585 754 2655 pagi,
797 2598 985 2639 secum
1026 2582 1214 2638 animo
1252 2591 1535 2654 gementes
1559 2622 1575 2649 ,
1604 2590 1659 2638 et
1693 2583 2083 2639 columbarum

508 2692 694 2731 vocem
722 2675 1019 2731 imitantes.

591 2785 759 2841 Vnus.
793 2784 847 2842 8.
880 2802 899 2834 ι
934 2783 1001 2837 Ει
1027 2785 1274 2848 Nineve,
1311 2785 1458 2839 sicut
1486 2799 1642 2856 aquae
1677 2785 1902 2855 piscinae
1929 2802 2087 2857 aqua!

510 2875 665 2945 ejus,
700 2885 757 2929 et
792 2875 895 2944 ipsi
929 2873 1208 2944 fugientes
1235 2891 1346 2929 non
1380 2884 1660 2933 steterunt
1686 2919 1702 2944 ,
1731 2886 1786 2933 et
1821 2894 1930 2933 non
1965 2887 2088 2934 erat

511 2968 605 3034 qui
637 2966 957 3035 respiceret.
1000 2984 1018 3017 ι
1050 2966 1189 3020 Cum
1224 2975 1305 3020 tot
1338 2976 1528 3022 essent
1562 2969 1713 3023 illius
1744 2970 1896 3024 urbis
1928 2972 2083 3026 inco-

512 3056 612 3119 lae,
643 3061 702 3108 ut
730 3053 959 3123 piscinae
992 3056 1153 3124 aquis
1189 3054 1405 3110 refertae
1440 3071 1504 3111 ac
1533 3073 1702 3128 supra
1737 3060 1959 3114 modum
2002 3076 2089 3116 re-

2194 1954 2341 2008 ‘Avrl.
2368 1952 2486 2017 τοῦ,
2519 1952 2589 2006 τὰ
2629 1953 2798 2006 πάλαι
2832 1951 3214 2022 κεκρυμμένα,
3245 1952 3341 2005 καὶ
3373 1949 3589 2012 πολλοῖς
3621 1949 3769 2002 κλεί-

2183 2044 2333 2116 θροις
2362 2042 2761 2113 ήσφαλισμένα,
2789 2041 2924 2111 δῆλα
2953 2044 3119 2095 πᾶσιν
3147 2042 3384 2110 ἐγένετο.
3426 2060 3443 2092 ι
3482 2040 3593 2093 Kal.
3625 2038 3766 2110 αῦτη

2183 2135 2456 2189 ἀνέϐαινε.
2494 2151 2512 2185 ι
2541 2133 2654 2206 Τήν
2678 2131 2868 2186 Νινευῒ
2908 2131 3058 2201 λέγει
3078 2147 3095 2162 ν
3126 2133 3257 2204 περὶ
3295 2131 3465 2202 αὐτῆς
3489 2128 3600 2201 γὰρ
3626 2146 3767 2201 προ-

2182 2226 2351 2294 λέγει.

2257 2314 2322 2378 ζ’.
2360 2332 2379 2365 ι
2415 2313 2526 2367 Ka‘t
2552 2313 2609 2366 ai
2636 2312 2819 2367 δοῦλαι
2841 2312 3011 2382 αὐτῆς
3040 2312 3254 2383 ήγοντο,
3286 2310 3381 2365 καὶ
3405 2312 3480 2375 ὡς
3512 2328 3772 2383 περιστε-

2187 2407 2281 2479 ραι⁵
2313 2405 2680 2475 φθεγγόμεναι
2708 2406 2767 2457 ὲν
2799 2404 3001 2476 καρδίᾳ
3029 2404 3259 2458 ἑαυτῶν.
3299 2424 3319 2457 ι
3359 2404 3770 2476 Κοινωνήσουσι

2182 2498 2243 2552 δὲ
2271 2498 2408 2568 αὐτῇ
2440 2497 2540 2568 τῆς
2564 2496 2944 2567 αἰχμαλωσίας
2977 2494 3075 2549 καὶ
3105 2497 3160 2548 αἱ
3196 2495 3427 2566 ὑπήκοοι
3460 2495 3645 2560 πόλεις
3672 2496 3769 2550 καὶ

2187 2589 2392 2659 κῶμαι,
2429 2588 2573 2641 κατά
2597 2589 2835 2643 διάνοιαν
2868 2586 3242 2653 στενάζουσαι,
3266 2586 3363 2641 καὶ
3387 2586 3495 2640 τῶν
3518 2604 3769 2659 περιστε-

2191 2679 2301 2750 ρῶν
2332 2679 2666 2751 μιμούμεναι
2688 2679 2787 2751 τὴν
2816 2678 2978 2750 ήχήν.
3537 2750 3544 2756 .

2258 2801 2330 2865 η’.
2359 2812 2378 2847 ι
2410 2794 2521 2847 Καὶ
2552 2791 2763 2858 Νινευῖ,
2792 2791 2869 2856 ὡς
2895 2790 3063 2845 ὕδατα
3089 2789 3474 2861 κολυμϐήθρας
3503 2791 3571 2844 τά
3604 2790 3765 2844 ὕδατα

2189 2890 2380 2959 αὐτῆς,
2419 2887 2514 2941 καὶ
2561 2887 2716 2940 αὐτοὶ
2750 2886 3046 2954 φεύγοντες
3080 2885 3182 2938 οὐκ
3228 2883 3501 2956 ἔστησαν,
3546 2885 3638 2939 καὶ
3668 2885 3767 2938 οὐκ

2188 2978 2256 3053 ἦν
2294 2982 2322 3034 ὁ
2349 2978 2679 3033 ἐπιϐλέπων.
2724 2997 2742 3028 ι
2787 2976 3042 3030 Τοσοῦτοι
3074 2975 3181 3047 γὰρ
3224 2976 3377 3039 ὄντες
3402 2978 3454 3029 οἱ
3489 2976 3588 3048 τὴν
3619 2976 3771 3030 πόλιν

2190 3067 2407 3137 ἐκείνην
2436 3064 2730 3128 οἰκοῦντες,
2762 3065 2837 3128 ὡς
2867 3064 3265 3130 ἀπεικάζεσθαι
3291 3064 3462 3136 αὐτὴν
3492 3065 3773 3138 κολύμϐήο

511 3143 783 3198 dundanti
816 3144 1026 3200 similes
1067 3154 1289 3212 essent,
1336 3147 1474 3202 nihil
1512 3164 1708 3205 omnes
1748 3152 1854 3207 nisi
1900 3150 2085 3225 fugam

2193 3161 2297 3233 θρα
2330 3158 2538 3213 ὑδάτων
2570 3156 3004 3230 πεπληρωμένη,
3044 3157 3139 3210 καλ⁹
3183 3156 3525 3230 ὲκϐλυζούσῃ
3566 3158 3634 3213 τά
3673 3175 3773 3210 πε-

514 3243 868 3306 spcctarunt,
906 3253 1084 3308 neque
1122 3238 1339 3309 1528
1374 3243 1742 3313 retrospicere
1781 3244 1903 3301 ausi
1936 3255 2085 3301 sunt.

514 3327 725 3383 Deinde
759 3329 990 3398 primam
1021 3344 1213 3384 eorum
1249 3331 1595 3401 iniquitatem
1624 3334 1887 3404 explicat.

593 3524 763 3583 Vens.
804 3526 860 3581 9.
905 3545 925 3578 ι
975 3527 1320 3598 Diripiebant
1366 3540 1697 3602 argentum,
1754 3532 2094 3603 diripiebant

517 3634 739 3682 aurum,
793 3624 849 3670 et
896 3632 1006 3671 non
1059 3626 1179 3671 erat
1231 3618 1356 3673 ﬁnis
1405 3621 1715 3675 ornamenti
1759 3621 1902 3690 ejus.
1934 3638 1953 3669 ι
1984 3618 2091 3673 Sed

519 3723 643 3779 qua:
680 3707 870 3777 inique
907 3709 1294 3779 congregavit,
1328 3710 1453 3765 aliis
1485 3709 1801 3765 tradentur.
1831 3727 1850 3759 ι
1881 3710 2095 3778 Aggra-

519 3799 634 3854 vati
679 3800 823 3853 enim
875 3808 1006 3853 sunt
1060 3815 1227 3869 super
1278 3802 1466 3856 omnia
1515 3815 1648 3855 vasa
1700 3798 2093 3854 desiderabilia

520 3888 662 3960 ejus.
697 3906 716 3938 ι
747 3889 803 3942 ln
834 3902 1026 3942 eorum
1060 3888 1206 3943 enim
1233 3890 1528 3945 thesauros
1550 3926 1565 3953 ,
1596 3887 1811 3956 inquit,
1845 3885 2092 3940 hostium

522 3978 820 4035 multitudo
854 3979 1098 4035 invadet.
1131 3977 1342 4034 Futura
1382 3987 1565 4033 autem
1599 3984 1660 4030 ut
1692 3977 1976 4046 praeterita
2010 3977 2095 4033 di-

523 4073 598 4129 cit
621 4073 810 4141 ,juxta
842 4073 1126 4144 proprium
1161 4072 1368 4126 idioma
1402 4069 1729 4140 Scriptum.

512 4343 519 4349 ,
598 4268 762 4326 Vens.
798 4272 887 4324 it).
923 4288 942 4321 ι
973 4269 1279 4334 Excussio,
1313 4267 1764 4331 et’reexcussio,
1806 4276 1860 4323 et
1899 4269 2102 4325 ebulli-

525 4363 603 4417 tio
625 4402 642 4427 ,
676 4370 732 4417 et
762 4360 953 4417 cordis
987 4360 1325 4426 contractio,
1381 4366 1435 4415 et
1478 4359 1774 4417 dissolutio
1812 4378 2056 4433 genuum
2082 4404 2098 4431 ,

525 4462 580 4507 et
607 4452 832 4506 dolores
865 4466 1031 4522 super
1061 4466 1277 4507 omnem
1314 4451 1595 4518 lumbum,
1649 4460 1704 4508 et
1752 4452 1926 4510 facies
1980 4470 2103 4509 om-

527 4543 680 4598 nium
714 4542 860 4598 sicut
888 4543 1106 4599 adustio
1156 4542 1299 4597 ollae.
1331 4561 1350 4594 ι
1396 4543 1533 4611 Quae
1570 4545 1625 4600 in
1653 4552 1817 4601 terra:
1857 4546 2100 4603 motibus

527 4632 647 4687 ﬁeri
695 4633 902 4694 solent.
931 4634 977 4687 si
1008 4641 1154 4689 terra
1178 4636 1495 4690 concutitur
1523 4643 1577 4690 et
1608 4636 1876 4705 quatitur,
1906 4635 2100 4691 eadem

527 4724 867 4780 de'hostium
893 4727 1212 4781 incursione
1235 4727 1377 4782 dixit
1414 4726 1533 4783 fore
1554 4734 1635 4792 ut,
1664 4726 1928 4783 cordibus
1952 4737 2101 4784 metu

530 4815 753 4873 afﬂictis
775 4855 790 4880 ,
819 4832 1061 4889 genuum
1089 4825 1246 4872 artus
1274 4819 1675 4884 dissolvantur,
1707 4824 1762 4872 et
1800 4819 1946 4875 sicut
1977 4837 2100 4901 mu;
2147 4822 2157 4827 ’

530 4909 1098 4979 lieresparturientes
1118 4907 1408 4964 doloribus
1434 4916 1827 4978 torqueantur,
1851 4921 1906 4967 et
1933 4911 2103 4968 facies

528 5011 793 5055 concreto
822 5000 1099 5072 sanguine
1125 4999 1397 5054 livescant
1417 5040 1433 5066 ,
1464 5006 1524 5054 ut
1552 5000 1677 5057 olla:
1705 5002 1914 5060 similes
1947 5005 2060 5061 sint
2081 5043 2097 5070 ,

530 5107 637 5163 qua
670 5100 828 5163 parte
858 5092 975 5163 igni
1005 5090 1287 5147 admoveri
1319 5093 1487 5149 solet.

601 5364 769 5422 Vens.
808 5367 894 5420 Η.
927 5385 944 5416 ι
976 5365 1077 5420 Ubi
1114 5376 1202 5422 est
1231 5369 1608 5425 habitaculum
1636 5370 1857 5426 leonum
1880 5413 1896 5437 ,
1922 5382 1979 5426 et
2006 5389 2103 5444 pa-

530 5467 662 5510 scua
694 5455 1008 5509 catulorum
1046 5454 1268 5510 leonum
1295 5457 1318 5510 ?
1346 5476 1366 5509 ι
1397 5456 1571 5516 Vocat
1603 5468 1789 5516 autem
1826 5462 2104 5517 habitavit.

2196 3251 2374 3325 ριττὰ,
2404 3249 2540 3321 πρὸς
2581 3249 2758 3321 φυγὴν
2791 3244 2931 3302 εἶδον
2966 3248 3224 3316 ἅπαντες,
3265 3249 3388 3302 οὐδὲ
3439 3250 3776 3322 ἐπιστραφῆ-

2194 3361 2282 3399 ναι
2329 3342 2490 3396 πάλιν
2538 3342 2618 3405 εἰς
2660 3341 2906 3394 τούπίσω
2936 3341 3328 3412 τολμήσαντες.
3360 3338 3495 3396 Εἶτα
3523 3343 3623 3415 τὴν
3651 3360 3780 3413 προσ

2194 3435 2358 3507 τέραν
2386 3433 2565 3487 αὐτῶν
2598 3432 2812 3486 ἀδικίαν
2834 3431 3078 3499 διέξεισι.

2267 3548 2330 3600 θ’.
2369 3566 2388 3597 ι
2440 3545 2752 3616 Διήρπαζον
2784 3544 2847 3596 τὸ
2874 3543 3158 3614 ἀργύριον,
3204 3543 3505 3613 διήρπαζον
3548 3544 3610 3597 τὸ
3637 3561 3775 3614 χρυ-

2197 3639 2331 3701 σίον,
2359 3638 2453 3689 καὶ
2481 3637 2581 3689 ούκ
2612 3631 2682 3705 ἦν
2713 3635 2886 3705 πέρας
2918 3635 3013 3687 τοῦ
3044 3634 3250 3704 κόσμου
3271 3636 3317 3667 ⁸⁰
3344 3636 3537 3705 αὐτῆς.
3572 3655 3593 3688 ι
3632 3636 3773 3689 Ἀλλ’

2194 3726 2231 3780 ἃ
2260 3725 2443 3788 κακῶς
2473 3723 2831 3794 συνήθροισεν
2871 3723 3080 3793 ἑτέροις
3115 3723 3578 3794 παραδοθήσεται.
3613 3744 3630 3777 ι
3671 3725 3774 3779 Be-

2196 3818 2457 3889 ϐάρυνται
2486 3817 2595 3888 γὰρ
2622 3816 2762 3887 ὑπὲρ
2791 3814 2974 3869 πάντα
2997 3815 3066 3869 τά
3097 3816 3267 3887 σκεύη
3298 3816 3472 3886 αὐτῆς
3495 3816 3540 3848 ’ί
3566 3817 3636 3871 τὰ
3657 3819 3776 3871 ἐπι-

2197 3909 2436 3983 θυμητὰ.
2490 3928 2509 3961 ι
2546 3908 2705 3963 Κατά
2740 3905 2952 3961 τούτων
2983 3906 3116 3978 γὰρ,
3151 3907 3308 3977 φησὶ,
3347 3906 3458 3960 τῶν
3487 3907 3778 3980 θησαυρῶν

2196 4004 2258 4058 τὸ
2297 4002 2503 4072 πλῆθος
2551 4001 2793 4072 χωρήσει
2823 3998 2931 4054 τῶν
2961 3999 3261 4073 πολεμίων.
3302 4000 3393 4064 Ὧς
3432 4002 3779 4072 γεγενημένα

2197 4095 2255 4148 δὲ
2280 4094 2351 4147 τά
2376 4094 2613 4164 ἐσόμενα
2652 4092 2839 4161 λέγει,
2893 4090 3037 4145 κατὰ
3080 4091 3145 4144 τὸ
3191 4091 3392 4145 οἰκεῖον
3428 4091 3530 4163 τῆς
3556 4092 3779 4163 Γραφῆς

2204 4186 2419 4255 ἰδίωμα.

2278 4296 2330 4351 ι’.
2364 4316 2382 4348 ι
2408 4295 2784 4366 Ἐκτιναγμδς,
2802 4296 2897 4348 καὶ
2917 4294 3306 4365 ἀνατιναγμδς,
3333 4296 3430 4349 καὶ
3450 4295 3694 4367 βρασμδς
3709 4297 3779 4362 ’⁸,

2205 4389 2299 4442 καὶ
2338 4387 2566 4456 καρδίας
2615 4386 2842 4456 θόρυϐος
2866 4387 2933 4452 ⁸³,
2969 4387 3063 4440 καὶ
3101 4386 3361 4450 ὑπόλυσις
3391 4388 3655 4455 γονάτων,
3686 4390 3782 4443 καὶ

2207 4479 2391 4541 ὠδῖνες
2416 4478 2510 4531 ἐπὶ
2536 4478 2716 4531 πᾶσαν
2742 4476 2938 4545 ὀσφὺν,
2973 4477 3077 4530 καὶ
3100 4477 3170 4532 τὰ
3200 4478 3470 4549 πρόσωπα
3492 4477 3537 4511 ⁸³
3564 4479 3783 4533 πάντων

2206 4569 2281 4632 ὡς
2310 4568 2642 4639 πρόσκαυμα
2673 4565 2900 4636 χύτρας.
2939 4586 2959 4619 ι
3002 4568 3067 4619 ’Δ
3095 4568 3186 4621 ἐπὶ
3214 4567 3324 4623 τῶν
3355 4569 3597 4638 σεισμῶν
3623 4569 3785 4623 εἴωθε

2206 4657 2453 4727 γίνεσθαι
2482 4657 2878 4728 τινασσομένης
2910 4657 3008 4727 τῆς
3038 4658 3163 4728 γῆς,
3190 4660 3285 4711 καὶ
3310 4658 3637 4730 παλλούσης,
3662 4678 3788 4713 ταυ-

2205 4747 2276 4800 τά
2308 4746 2403 4800 καὶ
2446 4746 2541 4799 ἐπὶ
2575 4746 2676 4816 τῆς
2708 4745 2814 4799 τῶν
2865 4746 3139 4815 πολεμίων
3176 4745 3391 4799 τέθεικε
3440 4746 3783 4818 προσϐολῆς·

2206 4840 2289 4892 ὅτι
2337 4837 2444 4891 τῶν
2494 4836 2732 4908 καρδιῶν
2775 4836 2854 4906 τῷ
2897 4836 3007 4890 δέει
3046 4836 3412 4906 βαλλομένων,
3449 4839 3544 4890 καὶ
3589 4838 3647 4891 at
3676 4837 3789 4890 τῶν

2207 4925 2448 4996 γονάτων
2479 4927 2739 4997 ἁρμονίαι
2769 4925 3129 4996 λυθήσονται,
3181 4926 3277 4980 καὶ
3320 4928 3442 4991 ταῖς
3469 4927 3790 4992 τικτούσαις

2207 5017 2604 5090 παραπλησίως
2630 5017 2999 5088 όδυνήσονται,
3035 5016 3220 5072 καὶτὰ
3250 5018 3542 5088 πρόσωπα,
3572 5018 3666 5074 τοῦ
3703 5020 3789 5073 αῖ-

2210 5127 2380 5181 ματος
2421 5110 2715 5179 παγέντος,
2774 5107 3300 5180 πελιδνωθήσονται,
3345 5110 3422 5174 ὡς
3466 5111 3660 5181 ἐκείνῳ
3709 5110 3789 5182 τῷ

2209 5202 2365 5273 μέρει
2398 5200 2500 5271 τῆς
2535 5200 2738 5271 χύτρας
2782 5198 3163 5270 προσεοικέναι
3186 5243 3201 5262 ,
3252 5200 3282 5254 ὃ
3325 5200 3404 5272 τῷ
3444 5201 3582 5273 πυρὶ
3613 5218 3785 5274 προσ-

2207 5292 2418 5361 ομιλεῖν
2432 5290 2626 5353 εἴωθε.

2280 5389 2368 5434 ια’.
2411 5401 2429 5434 ι
2466 5380 2577 5436 Ποῦ
2608 5383 2723 5434 ἐστι
2759 5380 2819 5435 τὸ
2839 5380 2886 5413 νδ
2935 5384 3360 5455 κατοικητήριον
3390 5380 3500 5438 τῶν
3529 5382 3783 5449 λεόντων,

2207 5471 2356 5540 καὶὴ
2393 5472 2534 5543 νομὴ
2562 5473 2595 5541 ἡ
2641 5467 2776 5526 οὖσα
2818 5474 2931 5536 τοῖς
2978 5473 3274 5546 σκύμνοις;
3309 5493 3328 5525 ι
3358 5475 3468 5528 Καὶ
3500 5477 3655 5530 καλεῖ
3686 5477 3786 5550 μὲν

1830 5635 2063 5693 VARle
2121 5640 2531 5700 LECTIONES.

607 5780 654 5794 "
684 5780 738 5816 κ.
772 5780 829 5830 φ.
853 5780 950 5833 ημ.
994 5780 1116 5820 Des.
1151 5781 1205 5818 In
1230 5780 1294 5820 Α.
1373 5780 1417 5798 "
1450 5785 1501 5821 τ.
1534 5780 1626 5825 κόσ

534 5826 580 5858 ⁸⁸
608 5832 651 5883 Δ
681 5832 742 5884 τὸ
772 5834 1078 5903 πρόσωπον.
1155 5836 1199 5867 ⁸⁵
1228 5837 1309 5890 τό.
1344 5835 1464 5893 Des.
1501 5841 1554 5895 in
1586 5841 1626 5894 C

772 5762 1116 5872 iﬁﬁzﬁg‘es.
1228 5764 1294 5872 ἐξ
1345 5766 1514 5872 “2.1.:
1522 5772 1697 5872 ,κόίσρη
1733 5772 1860 5831 Des.
1893 5776 1947 5831 in
1978 5776 2044 5834 A.
2073 5854 2078 5858 η
2122 5779 2166 5861 _"
2198 5780 2243 5834 Δ
2272 5780 2473 5838 αὐτῶν.
2549 5783 2595 5814 ⁹²
2700 5782 3073 5855 ἀναϐρασμός.
3180 5786 3233 5872 θ’.
3256 5783 3376 5855 θόρ.
3408 5783 3451 5838 Δ
3482 5785 3783 5859 θραυσμός.
