4090 6432
446 387 586 461 1803

1531 387 2010 455 I‘HEODORE’I‘I
2056 386 2395 447 EPISCOPI
2431 388 2794 450 CYRENSIS

3580 380 3719 447 1804

521 517 541 550 ι
574 498 1010 556 lnfinnabuntur
1069 501 1125 555 in
1186 501 1447 569 gentibus
1502 499 1641 553 suis.
1679 496 1894 567 (Vens.
1926 498 2021 567 4.]

2211 515 2228 548 ι
2282 498 2700 570 Ἀσθενήσουσιν
2727 500 2788 552 ἐν
2814 497 2924 561 τοῖς
2960 494 3166 550 ἔθνεσιν
3196 494 3396 549 αὐτῶν.
3429 492 3540 566 (δ’
3586 494 3720 549 Ἀπὸ

440 591 524 647 Oh
559 594 970 648 multitudinem
1006 591 1422 647 fornicationis.
1456 610 1473 645 ι
1508 590 1591 646 Ad
1629 606 1836 662 paucos
1877 591 2022 645 enim

440 683 751 755 redigetur,
790 685 1010 753 inquit,
1045 697 1238 738 eorum
1271 681 1602 746 multitudo,
1644 691 1757 737 tum
1798 690 2027 753 propter

441 775 720 834 idolorum
754 790 1035 838 errorem,
1073 783 1189 831 tum
1228 785 1454 847 propter
1488 776 1782 846 plurimam
1836 775 2026 831 libidi-

441 881 606 922 nem:
645 875 941 935 utrumque
969 865 1115 919 enim
1162 868 1267 920 hoc
1300 866 1422 920 loco
1471 864 1882 935 fornicationem
1927 881 2027 920 vo-

440 964 552 1012 cat.
584 955 743 1021 Quod
773 956 994 1025 planius
1021 956 1187 1010 etiam
1218 958 1509 1027 sequentia
1541 957 1777 1012 docent:
1807 976 1825 1008 ι
1855 956 2039 1017 Μαι-ετ

440 1053 544 1109 trix
602 1050 854 1120 speciosa
904 1056 960 1103 et
1002 1059 1193 1120 grata,
1247 1050 1361 1103 dux
1406 1049 1824 1104 maleﬁciorum.
1856 1046 2023 1104 )Jam

438 1156 564 1196 cum
626 1143 680 1195 in
745 1141 1026 1211 impietate
1069 1148 1124 1195 et
1187 1140 1481 1211 iniquitate
1522 1141 1694 1195 vitam
1757 1140 2023 1210 degeres,

437 1229 725 1303 splendida
776 1238 833 1285 et
879 1230 1110 1285 illustris
1141 1244 1265 1286 esse
1309 1229 1719 1285 existimabaris
1776 1228 1846 1282 ab
1898 1227 2022 1293 his,

435 1322 532 1392 qui
575 1336 760 1378 rerum
811 1330 1065 1377 naturam
1117 1329 1266 1377 recte
1304 1328 1323 1345 ‘
1365 1322 1673 1392 dijudicare
1719 1318 2019 1394 nesciunt:

435 1422 492 1469 et
508 1415 774 1473 Creatore
809 1428 873 1468 ac
897 1411 1187 1467 Salvatore
1219 1412 1622 1482 derelicto,qui
1655 1417 1713 1466 te
1746 1410 2026 1480 paeniten-

439 1517 547 1563 tem
600 1505 840 1576 plurima
859 1504 1238 1560 misericordia
1258 1503 1522 1574 dignatus
1561 1512 1703 1566 erat,
1724 1502 2023 1573 prrestigiis

435 1597 669 1667 teipsam
712 1596 995 1659 dedidisti,
1036 1602 1092 1651 et
1134 1610 1201 1650 ex
1234 1595 1321 1652 his
1348 1596 1536 1649 omnia
1580 1610 1801 1666 semper
1833 1596 2020 1667 egisti.

442 1710 458 1741 ι
488 1690 622 1756 Quae
677 1688 862 1744 vendit
908 1696 1102 1758 gentes
1156 1687 1528 1741 fornicatione
1572 1702 1674 1743 sua
1701 1727 1716 1750 ,
1752 1697 1807 1743 et
1840 1688 2022 1746 tribus

2131 587 2368 659 πλήθους
2399 589 2677 659 πορνείας.
2712 607 2732 641 ι
2768 588 2862 650 Ei;
2893 587 3109 656 ὀλίγους
3139 585 3273 661 γάρ,
3295 586 3451 655 φησὶ,
3478 584 3720 657 περιλει-

2132 678 2404 750 φθήσεται
2428 681 2491 732 τὸ
2517 680 2720 750 πλῆθος
2744 678 2949 744 αὐτῶν,
2967 678 3058 732 διά
3076 694 3136 731 τε
3161 678 3258 747 τὴν
3285 677 3501 748 περὶτὰ
3523 677 3719 731 εἴδωλα

2131 769 2363 841 πλάνην,
2398 772 2493 825 καὶ
2516 771 2614 842 τὴν
2649 770 2911 841 πλείστην
2941 768 3273 824 ἀκολασίανο
3300 768 3585 840 ἀμφότερα
3606 768 3718 839 γὰρ

2130 860 2366 916 ἐνταῦθα
2395 866 2686 932 πορνείαν
2713 861 2890 915 καλεῖ.
2939 859 3050 914 Καὶ
3078 858 3240 913 τοῦτο
3285 859 3621 929 σαῳὲστερον
3649 859 3720 913 τά

2128 954 2449 1024 ὲπαγόμενα
2492 953 2759 1007 διδάσκει·
2818 972 2837 1005 ι
2897 953 3080 1023 Πόρνη
3127 951 3270 1021 καλὴ
3305 950 3401 1004 καὶ
3439 950 3716 1020 ἐπίχαρις,

2128 1045 2407 1117 ἡγουμένη
2439 1045 2780 1119 φαρμάκων..
2802 1044 3121 1116 ιδἈσεϐεία
3142 1043 3253 1113 γὰρ
3275 1042 3370 1097 καὶ
3396 1041 3718 1113 παρανομίᾳ.

2131 1135 2350 1200 συζῶσα
2378 1135 2609 1208 λαμπρά
2630 1153 2715 1199 τις
2737 1130 2878 1190 εἶναι
2907 1136 3000 1189 καὶ
3023 1135 3332 1205 περιφανὴς
3372 1132 3577 1196 ἐδόκεις
3602 1135 3717 1197 τοῖς

2127 1229 2229 1282 οὐκ
2258 1228 2435 1299 ὀρθῶς
2464 1229 2672 1299 κρίνειν
2703 1228 3089 1300 ἐπισταμένοις
3117 1227 3227 1281 τῶν
3251 1225 3596 1297 πραγμάτιον
3614 1224 3709 1296 τὴδι

2134 1319 2322 1390 φύσιν,
2375 1312 2586 1374 καὶτὸν
2628 1319 2863 1390 Ποιητὴν
2901 1320 2998 1373 καὶ
3041 1319 3270 1388 Σωτῆρα
3312 1316 3714 1379 καταλιποῦσα,

2125 1410 2185 1476 ὃς
2203 1410 2396 1481 φιλανθ
2406 1410 2617 1482 ρωπίας
2634 1428 2694 1465 σε
2712 1410 2973 1482 πλείστης
2993 1409 3467 1481 μεταμεληθείσαν
3485 1407 3711 1479 ἠξίωσε,

2124 1506 2193 1574 τῇ
2243 1503 2468 1575 γοητείᾳ
2525 1503 2727 1573 σαυτὴν
2786 1502 3170 1567 άνατέθεικας,
3233 1500 3328 1554 καὶ
3377 1500 3448 1553 δι’
3495 1501 3716 1571 ἐκείνης

2127 1595 2343 1649 ἅπαντα
2363 1593 2668 1656 διετέλεσας
2689 1592 2893 1665 δρῶσα.
2928 1614 2948 1647 ι
2988 1594 3051 1647 Ἦ
3077 1591 3334 1647 πωλοῦσα
3360 1591 3431 1646 τὰ
3448 1592 3467 1621 ⁷
3497 1591 3626 1660 ἔθνη
3657 1593 3715 1645 iw

2126 1688 2194 1755 τῇ
2224 1685 2453 1756 πορνείᾳ
2480 1686 2672 1755 αὐτῆς,
2706 1687 2803 1739 καὶ
2841 1684 3015 1755 φυλὰς
3039 1687 3097 1740 ὲν
3131 1687 3242 1748 τοῖς
3267 1685 3583 1756 φαρμάκοις
3617 1684 3717 1738 αὑ»

434 1779 721 1835 malcficiis
744 1778 913 1834 suis.)
934 1775 1048 1833 Nec
1071 1787 1161 1832 tua
1189 1777 1469 1847 impietate
1491 1785 1776 1842 contenta,
1808 1778 2016 1851 1531

2127 1776 2244 1847 τῆς.
2283 1796 2302 1828 ι
2338 1777 2417 1847 Τῇ
2455 1776 2634 1848 οἰκείᾳ
2659 1776 2715 1829 δὲ
2742 1776 2969 1849 ἀσεϐείᾳ
3003 1777 3078 1848 μὴ
3100 1777 3437 1847 ἀρκουμένη,
3466 1777 3559 1829 καὶ
3586 1778 3714 1840 τοὺς

432 1871 668 1943 coegisti
704 1869 872 1926 etiam
906 1868 1199 1934 subditos,
1246 1876 1307 1923 ut
1351 1866 1540 1923 eadem
1583 1883 1709 1939 qua:
1750 1880 1808 1925 tu
1851 1870 2025 1926 senti-

419 1971 583 2019 -rent.
610 1960 982 2027 Quamobrem
1003 2002 1019 2026 ,
1051 1960 1251 2031 inquit,

360 2116 363 2119 1
506 2051 671 2107 Vens.
696 2051 751 2118 5,
775 2049 829 2106 6.
854 2070 873 2102 ‹
895 2050 1008 2121 Ego
1034 2049 1301 2107 Dominus
1326 2051 1710 2108 universorum
1733 2052 2025 2123 discoope-

430 2146 569 2200 riam
610 2143 917 2215 posteriora
946 2150 1045 2197 tua
1081 2157 1246 2213 super
1280 2142 1479 2199 faciem
1517 2153 1665 2203 tuam
1695 2185 1711 2210 ,
1747 2151 1801 2200 et
1832 2154 2025 2199 osten-

432 2239 559 2293 dam
599 2236 858 2306 gentibus
895 2234 1292 2291 confusionem
1330 2242 1482 2289 tuam
1505 2274 1521 2301 ,
1552 2243 1607 2290 et
1646 2235 1835 2306 regnis
1862 2236 2023 2305 igno-

432 2328 661 2384 miniam
686 2336 859 2382 tuam.
880 2326 949 2385 Et
966 2326 1256 2398 projiciam
1287 2342 1455 2398 super
1481 2339 1533 2383 te
1552 2327 2019 2383 abominationem

440 2419 746 2475 secundum
785 2418 1169 2473 immunditias
1205 2427 1352 2475 tuas.
1387 2438 1405 2471 ι
1428 2418 1586 2485 Quod
1621 2419 1739 2473 ait:
1774 2437 1792 2470 ι
1826 2418 2022 2475 Disco-

441 2512 689 2582 operiam
738 2512 1047 2582 posreriora
1090 2520 1182 2566 tua
1229 2526 1395 2582 super
1433 2509 1627 2566 faciem
1676 2518 1860 2573 tuam,
1898 2528 1918 2561 ι
1952 2526 2020 2566 ex

432 2605 754 2674 metaphora
787 2603 994 2661 dictum
1028 2611 1113 2659 est
1140 2617 1170 2657 a
1204 2602 1423 2659 famulis
1452 2604 1784 2673 desumpta,
1817 2603 1912 2673 qui
1949 2603 2019 2658 ad

426 2695 695 2771 majorem
745 2696 1137 2755 contumeliam
1187 2702 1494 2758 exuuntur,
1543 2702 1598 2750 et
1642 2694 2015 2764 llagellantur.

424 2786 515 2840 Ait
544 2801 717 2857 ergo:
764 2786 1038 2842 Omnibus
1068 2785 1416 2857 iniquitatem
1451 2792 1603 2840 tuam
1639 2802 1736 2858 per
1772 2788 2018 2857 punitio-

2127 1869 2404 1940 ὑπηκόους
2429 1867 2741 1939 ἠνάγκαζες
2770 1871 2948 1925 ταυτα
2989 1871 3073 1924 σοὶ
3103 1871 3340 1941 φρονεῖν.
3378 1867 3582 1923 Τούτου
3617 1869 3716 1940 χά-

2126 1975 2237 2032 ριν,

2194 2054 2258 2115 ε’,
2294 2054 2369 2114 ς’.
2403 2068 2423 2101 ι
2472 2049 2614 2120 Ἐγὼ
2642 2049 2753 2104 τῶν
2795 2049 2934 2105 ὅλων
2970 2052 2998 2104 ό
3040 2051 3248 2123 Κύριος
3275 2050 3612 2120 ἀποκαλύψω
3644 2050 3717 2105 τά

2122 2138 2299 2193 ὀπίσω
2342 2157 2437 2194 σου
2472 2141 2567 2195 ἐπὶ
2600 2141 2662 2196 τὸ
2709 2141 3004 2211 πρόσωπόν
3040 2160 3165 2209 σου,
3201 2144 3298 2198 καὶ
3342 2142 3504 2208 δείξω
3532 2142 3712 2197 ἔθνεσι

2122 2232 2223 2304 τὴν
2256 2232 2520 2305 αἰσχύνην
2555 2248 2671 2300 σου,
2707 2236 2803 2289 καὶ
2843 2233 3142 2305 βα’σιλείαις
3173 2235 3274 2305 τὴν
3321 2235 3545 2303 ἀτιμίαν
3590 2252 3713 2291 σου.

2123 2325 2233 2379 Καὶ
2263 2325 2539 2397 ὲπιῤῥίψω
2576 2327 2671 2381 ἐπὶ
2708 2328 2769 2381 σὲ
2812 2327 3112 2398 βδελυγμδν
3152 2327 3296 2382 κατὰ
3325 2327 3424 2391 τὶς
3460 2328 3712 2398 ἀκαθαρ-

2124 2414 2245 2479 σίας
2276 2432 2392 2470 σου.
2421 2435 2440 2468 ι
2477 2418 2573 2482 Τὸ,
2613 2436 2633 2469 ι
2690 2417 3055 2488 Ἀποκαλύιξνω
3090 2419 3158 2472 τὰ
3196 2419 3372 2472 ὀπίσω
3417 2435 3509 2472 σου
3536 2420 3629 2473 ἐπὶ
3652 2422 3716 2475 τὸ

2120 2512 2415 2585 πρόσωπόν
2470 2530 2586 2578 σου,
2628 2532 2647 2566 ι
2696 2513 2762 2566 ἐκ
2822 2514 3140 2585 μεταφορᾶς
3200 2513 3419 2585 εἴρηται
3465 2514 3576 2568 τῶν
3631 2516 3711 2577 εἰς

2121 2600 2280 2673 ὓϐριν
2323 2600 2549 2673 μείζονα
2584 2602 2973 2673 ἀποδιδομένων
3005 2602 3232 2658 οἰκετῶν
3279 2603 3375 2657 καὶ
3414 2621 3713 2674 μαστιγου-

2122 2694 2300 2765 μένων
2319 2696 2360 2750 ⁸.
2385 2696 2551 2765 Λέγει
2577 2695 2655 2763 δὲ,
2687 2697 2768 2750 ὅτι
2796 2697 2974 2769 Δήλην
3002 2696 3173 2751 ἅπασι
3202 2695 3291 2751 διὰ
3311 2695 3411 2766 τῆς
3442 2697 3711 2768 τιμωρίας

2117 2784 2218 2856 τὴν
2249 2786 2597 2859 παρανομίαν
2639 2803 2736 2841 σου
2773 2788 3125 2861 καταστήσω,
3160 2788 3255 2842 καὶ
3288 2785 3593 2856 βασιλεῦσι,
3614 2787 3709 2840 καὶ

425 2890 551 2932 nem
585 2882 770 2930 notam
808 2874 1007 2931 faciam
1029 2914 1048 2942 ,
1074 2886 1132 2931 et
1166 2877 1390 2945 regibus
1413 2918 1429 2943 ,
1461 2888 1516 2931 et
1543 2877 1835 2947 gentibus,
1872 2889 1932 2935 ut
1963 2888 2018 2936 et

2127 2879 2350 2946 ἔθνεσιν,
2384 2882 2472 2935 ἵνα
2502 2881 2597 2936 καὶ
2625 2884 2740 2947 τοῖς
2762 2882 2942 2945 ἄλλοις
2976 2879 3244 2951 ὠφελείας
3274 2881 3409 2954 γένῃ
3442 2880 3706 2953 παράδει-

424 2965 553 3021 aliis
585 2965 719 3019 utile
751 2964 853 3021 fias
882 2966 1217 3037 exemplum.
1247 2965 1366 3022 Hoc
1391 2968 1539 3022 enim
1577 2967 1865 3035 subiunxit
1892 2989 1905 3025 :

2127 2989 2253 3042 γμα.
2295 2971 2470 3026 Τοῦτο
2497 2972 2606 3044 γὰρ
2628 2972 2904 3042 ἐπήγαγεο

501 3075 520 3109 ι
552 3055 619 3110 Ει
647 3070 845 3124 ponam
877 3065 930 3111 te
964 3056 1019 3111 in
1054 3057 1393 3128 exemplum.
1432 3055 1623 3129 (Vens.
1660 3058 1751 3122 7.)
1780 3059 1848 3114 Et
1874 3061 2012 3128 erit,

425 3148 609 3205 omnis
649 3148 745 3218 qui
780 3147 987 3204 viderit
1015 3157 1106 3216 te,
1147 3147 1451 3204 descendet
1499 3163 1531 3203 ι
1586 3157 1677 3213 te.
1726 3158 1784 3206 et
1829 3151 2015 3209 dicet:

2127 3149 2230 3212 πᾶς
2256 3152 2286 3202 ό
2311 3149 2452 3223 όρῶν
2484 3169 2542 3206 σε
2582 3153 2957 3225 καταϐήσεται
2989 3154 3098 3209 ἀπὺ
3123 3155 3239 3220 σοῦ,
3281 3156 3376 3209 καὶ
3413 3158 3558 3229 ἐρεῖν
3591 3160 3710 3210 Δει-

426 3236 626 3295 Misera
663 3237 909 3306 Nineve,
941 3239 1068 3311 quis
1110 3249 1292 3310 gemet
1335 3254 1507 3310 super
1538 3240 1654 3296 ea?
1686 3242 1835 3299 unde
1862 3259 2018 3315 quaa-

2127 3241 2247 3295 λαὶα
2266 3242 2478 3313 Νινευῒ,
2506 3244 2592 3309 τίς
2619 3245 2865 3310 στενάξει
2890 3246 2978 3300 ἐπ’
3008 3247 3147 3319 αὐτῇ
3174 3248 3253 3314 ¹⁰;
3291 3247 3457 3302 πόθεν
3485 3249 3712 3319 ζητήσω

423 3346 543 3386 ram
578 3331 1015 3387 consolationem
1049 3331 1174 3387 illi?
1202 3350 1223 3386 ι
1266 3330 1460 3388 Tanta:
1494 3334 1645 3390 enim
1680 3336 1927 3392 vastitati
1964 3345 2019 3392 te

2127 3333 2470 3406 παράκλησιν
2504 3337 2665 3408 αὐτῇ.
2703 3355 2721 3390 ι
2773 3338 2817 3390 Τ
2818 3337 3024 3412 οσαύτῃ
3050 3338 3159 3409 γὰρ
3192 3339 3397 3411 ἐρημίᾳ
3427 3357 3488 3393 σε
3529 3357 3709 3412 παρα-

364 3494 371 3503 .
426 3423 643 3478 tr’adam
664 3460 682 3487 ,
715 3431 777 3478 ut
806 3424 903 3494 qui
936 3432 1103 3479 antea
1138 3422 1571 3494 indignabantur
1603 3425 1680 3482 ob
1708 3428 2014 3497 potentiam

2127 3423 2294 3491 δώσω,
2326 3426 2402 3491 ὡς
2444 3427 2574 3492 τοὺς
2616 3428 2854 3499 πρόσθεν
2897 3430 3357 3500 δυσχεραίνοντας
3399 3430 3499 3501 τὴν
3542 3432 3704 3485 δυνα-

424 3520 610 3581 luam,
642 3514 711 3569 ad
748 3513 1194 3570 misericordiam
1230 3514 1617 3571 inflectuntur.
1654 3515 1710 3570 Id
1747 3517 1895 3572 enim
1929 3525 2019 3573 est

2127 3514 2339 3579 στείαν,
2392 3517 2473 3578 εἰς
2510 3515 2661 3569 ἔλεον
2708 3517 3145 3589 ὲπικαμφθῆναι.
3182 3517 3354 3570 Τοῦτο
3397 3519 3508 3589 γάρ
3540 3517 3725 3574 εἴπεο·

424 3604 576 3674 quod
623 3603 798 3661 dixit:
827 3622 847 3657 ι
880 3603 1190 3661 Descendet
1220 3620 1252 3659 a
1296 3614 1384 3672 te,
1416 3626 1437 3660 ι
1464 3615 1522 3663 et
1562 3608 1747 3663 luctus
1790 3606 2014 3663 modum

2127 3620 2142 3652 ι
2182 3602 2569 3673 Καταϐήσεται
2611 3604 2721 3658 ἀπὸ
2765 3605 2881 3668 σοῦ,
2924 3624 2943 3654 ι
2983 3606 3075 3658 καὶ
3107 3604 3310 3675 θρήνου
3345 3606 3547 3677 τρόπον
3577 3611 3705 3662 ἐπι·-

422 3696 669 3765 re'quiret
686 3703 851 3751 tanta
883 3699 1141 3753 vastitate
1168 3697 1417 3768 dignum.

2127 3691 2343 3762 τητήσει
2370 3693 2470 3762 τῆς
2508 3693 2747 3764 ἐρημίας
2775 3693 2946 3758 ἄξιον.

502 3783 672 3840 Vsus.
704 3786 758 3841 8.
791 3803 809 3836 ι
838 3786 978 3856 Apta
1002 3786 1273 3841 chordam
1289 3827 1303 3853 ,
1325 3801 1459 3858 para
1485 3794 1558 3852 te,
1589 3802 1724 3857 pars
1740 3786 1972 3842 Ammon
1993 3826 2010 3854 ,

2185 3779 2256 3852 η’.
2292 3800 2311 3835 ι
2355 3782 2635 3854 ’Ἂρμοσαι
2686 3784 2903 3856 χορδὴν,
2941 3786 3230 3858 ἑτοίμασαι
3255 3789 3322 3854 “,
3349 3788 3508 3860 μερὶς
3567 3792 3702 3861 Ἀμ-

424 3891 547 3946 quae
575 3876 798 3933 habitas
830 3877 885 3931 in
921 3876 1245 3933 fluminibus
1273 3897 1288 3932 :
1323 3892 1465 3948 aqua
1494 3878 1554 3932 in
1580 3878 1819 3933 circuitu
1851 3877 2009 3947 ejus,

2127 3874 2262 3945 μὼν,
2296 3877 2331 3947 ἡ
2362 3876 2696 3931 κατοικοῦσα
2720 3878 2779 3930 ὲν
2806 3881 3094 3948 ποταμοῖς
3118 3879 3265 3952 ὕδωρ
3296 3880 3483 3951 κύκλῳ
3507 3883 3705 3952 αὐτῆς,

429 3970 589 4040 cujus
632 3969 970 4041 principium
1017 3986 1175 4027 mare
1216 3979 1294 4026 est
1318 4010 1335 4037 ,
1361 3979 1416 4024 et
1445 3983 1592 4040 aqua
1634 3970 1780 4025 muri
1810 3970 1954 4040 ejus.
1987 3991 2006 4025 ι

2127 3960 2182 4037 ἧς
2205 3967 2239 4037 ἡ
2280 3966 2424 4038 ἀρχὴ
2458 3966 2632 4039 αὐτῆς
2666 3968 2935 4036 θάλασσα,
2968 3971 3066 4024 καὶ
3112 3970 3260 4042 ὕδωρ
3286 3974 3355 4027 τά
3402 3974 3556 4045 τείχη
3606 3976 3706 4027 αύ-

426 4061 553 4118 llaec
582 4061 817 4134 [Egypto
847 4063 1143 4134 praecipit,
1178 4074 1303 4131 quae
1350 4061 1549 4115 acerba
1602 4070 1658 4117 et
1705 4061 1891 4118 tristia
1942 4063 2014 4119 ab

2127 4056 2238 4127 τῆς.
2284 4076 2303 4108 ι
2351 4058 2431 4130 Τῇ
2460 4057 2724 4130 Αἰγύπτῳ
2752 4059 2926 4113 ταῦτα
2962 4062 3399 4133 παρακελεύεται
3429 4065 3578 4120 δεινά
3606 4067 3706 4120 καὶ

424 4154 675 4225 Assyriis
718 4170 981 4225 perpessa
1007 4162 1113 4211 est.
1160 4153 1330 4222 idque
1359 4169 1425 4209 ex
1453 4153 1579 4210 aliis
1611 4153 1895 4225 prophetis
1922 4154 2012 4210 di-

2127 4147 2343 4217 Ξιλγεινὰ
2400 4150 2553 4223 παρὰ
2588 4150 2892 4223 Ἂσσυρίων
2927 4152 3197 4225 παθούσῃ.
3250 4157 3358 4209 Καὶ
3398 4158 3555 4213 τοῦτο
3593 4160 3707 4213 ἀπὸ

424 4244 707 4311 dicimus,
766 4246 861 4314 qui
892 4243 1165 4299 lsraelitis
1198 4241 1577 4314 pmdixerunt
1634 4242 1755 4300 fore
1801 4251 1864 4300 ut
1910 4259 2014 4301 nec

2127 4239 2225 4294 τῶν
2261 4239 2439 4294 ἄλλων
2471 4241 2881 4313 μεμαθήκαμεν
2915 4244 3233 4316 προφητῶν,
3260 4246 3309 4298 οἳ
3340 4247 3453 4311 τοῖς
3493 4249 3725 4321 Ἰσραη-α,

425 4336 482 4389 in
512 4334 811 4408 Egyptum
843 4336 1117 4407 fugientes
1140 4334 1286 4390 salvi
1318 4342 1545 4402 essent,
1600 4335 1698 4393 sed
1740 4336 1816 4392 ibi
1857 4351 2014 4392 eom-

2127 4331 2292 4395 λίταις
2336 4333 2773 4404 προηγόρευσαν,
2813 4332 2891 4396 ὡς
2921 4334 3041 4388 οὐδὲ
3072 4337 3335 4404 φυγόντες
3367 4339 3449 4402 εἰς
3481 4340 3580 4407 τὴν
3608 4340 3703 4392 Δί’-

427 4428 687 4498 preheusi
722 4429 793 4484 ab
826 4427 1084 4484 hostibus
1129 4427 1603 4484 interﬁcerentur.
1636 4428 2009 4495 Quemadmo-

2127 4436 2322 4489 γυπτον
2349 4424 2628 4494 σωτηρίας
2650 4423 2954 4492 τεύξονται,
2974 4424 3091 4479 ἀλλ’
3127 4429 3245 4480 ἐκεῖ
3262 4429 3702 4501 καταληφθέντες

422 4522 554 4573 dum
584 4534 714 4589 ergo
745 4520 799 4573 in
833 4518 1219 4589 superioribus
1246 4516 1402 4574 Julia:
1430 4515 1643 4589 1532
1668 4519 2008 4588 praccipitur,

2127 4511 2223 4565 ὕπὸ
2256 4512 2364 4566 τῶν
2397 4513 2677 4584 πολεμίων
2709 4514 2926 4586 θανάτῳ
2957 4518 3449 4590 παραδοθήσονται.
3490 4522 3706 4593 Ὠσπερ

423 4621 489 4667 ιιι
514 4613 689 4668 festos
717 4613 838 4667 dies
880 4621 1029 4680 agat,
1061 4620 1124 4665 ut
1156 4609 1542 4666 Ninevitarum
1579 4624 1751 4680 regno
1780 4608 1965 4663 deleto
1992 4627 2006 4663 :

2127 4602 2296 4657 τοίνυν
2312 4604 2496 4667 ἐντοῖς
2514 4604 2826 4677 ἔμπροσθεν
2842 4607 3156 4677 εἰρημένοις
3175 4609 3253 4680 τῷ
3280 4611 3450 4682 Ἰούδᾳ
3467 4629 3703 4683 παρακε-
3730 4638 3735 4643 -

423 4705 508 4758 sic
539 4702 708 4757 etiam
745 4702 839 4755 hic
865 4700 1106 4772 Egypto
1148 4701 1407 4771 praecipit
1446 4709 1508 4754 ut
1546 4700 1786 4755 choreas
1813 4699 2003 4756 ducat.

2127 4690 2327 4746 Ιιεύεται
2344 4694 2644 4763 ἑορτάζειν,
2666 4695 2761 4749 an
2781 4694 2845 4767 δὴ
2867 4696 2966 4764 τῆς
2986 4697 3034 4749 Ν
3040 4699 3285 4753 ινευῖτῶν
3305 4702 3702 4774 καταλυθείσης

423 4795 643 4849 Partem
669 4799 853 4847 autem
873 4792 1101 4847 Ammon
1125 4807 1248 4848 eam
1266 4833 1282 4857 ,
1303 4798 1365 4844 ut
1388 4790 1613 4860 opinor,
1632 4799 1830 4855 vocat,
1858 4790 2009 4861 quod

2127 4784 2397 4853 βασιλείας
2413 4805 2426 4818 ·
2450 4786 2594 4842 οὕτω
2609 4788 2673 4861 δὴ
2700 4788 2795 4842 καὶ
2823 4788 3060 4842 ἐνταῦθα
3074 4794 3142 4863 τῇ
3163 4792 3427 4865 Αἰγύπτῳ
3453 4795 3702 4866 χορεύειν

421 4885 676 4941 Ammoni
708 4883 944 4940 daemoni
989 4884 1241 4940 dedicata
1292 4883 1387 4939 sit.
1439 4879 1545 4937 llic
1590 4882 1741 4936 enim
1797 4883 2009 4940 nobilis

2127 4877 2572 4949 παρακελεύεται.
2604 4879 2830 4948 Μερίδα
2859 4878 3179 4951 δὲἎμμὼν,
3209 4885 3286 4949 ὡς
3321 4881 3497 4957 οἶμαι,
3530 4889 3702 4960 αὐτὴν

421 4976 554 5032 olim
586 4975 724 5041 fuit,
755 4974 830 5030 ita
862 4982 924 5030 ut
954 4973 1122 5029 etiam
1152 4987 1220 5026 ex
1251 4970 1468 5026 Gracia
1490 4969 1663 5024 multi
1695 4983 1762 5024 eo
1792 4971 2013 5042 naviga~

2127 4968 2290 5034 καλεῖ,
2317 4969 2393 5034 ὡς
2433 4970 2684 5042 Ἀμμῶνι
2733 4972 3104 5045 ἀνακειμένην
3128 4975 3209 5048 τῷ
3240 4976 3478 5048 δαίμονι.
3533 4974 3702 5048 οὗτος

423 5074 549 5125 rent
599 5066 812 5122 oraculi
868 5065 1068 5136 gratia.
1126 5061 1570 5120 Ferunt‘autem
1605 5060 2008 5118 'Alexandrum

2127 5063 2224 5135 γάρ
2269 5058 2339 5134 ἦν
2386 5063 2665 5135 ἐπίσημος
2703 5062 2894 5131 πάλαι,
2943 5066 3021 5131 ὡς
3054 5069 3148 5122 καὶ
3192 5068 3418 5135 πολλοὺς
3454 5072 3564 5126 ἀπὸ
3599 5073 3703 5143 τῆς

422 5160 588 5215 etiam
613 5196 629 5220 ,
661 5154 1021 5211 Macedonum
1058 5170 1242 5226 regem
1288 5153 1528 5225 primum
1551 5192 1567 5217 ,
1607 5152 1704 5224 qui
1751 5168 1840 5210 res
1884 5154 2009 5225 ejus

2127 5156 2375 5218 Ἑλλάδος
2419 5156 2686 5228 χρησμῶν
2720 5158 2884 5229 χάριν
2930 5162 3112 5216 ὲκείσε
3159 5164 3437 5237 ἀπαίρειν.
3471 5166 3610 5220 Φασὶ
3641 5167 3699 5221 δε

2044 4482 2086 4537 ι)

2194 3079 2215 3113 ι
2267 3062 2379 3117 Καὶ
2413 3062 2653 3136 θήσομαί
2687 3081 2747 3117 σε
2776 3064 3132 3136 παράδειγμα
3155 3066 3197 3120 ⁹.
3233 3066 3349 3137 (ζ’.)
3389 3066 3499 3120 Καὶ
3531 3066 3731 3129 ἔσται,³
3821 3132 3827 3139 ,

425 5249 652 5318 scriptis
682 5247 1087 5318 prodiderunt,
1122 5246 1190 5301 ad
1227 5244 1362 5302 illud
1398 5242 1705 5317 profectum
1727 5284 1744 5310 ,
1778 5246 1907 5301 inde
1932 5261 2011 5302 re-

427 5354 633 5414 sponsa
686 5337 994 5406 accepisse.
1045 5338 1183 5391 Cum
1235 5337 1426 5407 igitur,
1479 5336 1857 5393 invalescenle
1906 5338 2011 5393 hac

428 5441 774 5504 impostura,
825 5430 894 5482 ah
950 5428 1054 5482 hoc
1118 5428 1396 5498 praecipue
1440 5428 1693 5487 daemone
1743 5428 2011 5501 penderet

2114 5251 2210 5306 καὶ
2242 5250 2614 5323 Ἀλέξανδρον,
2638 5251 2728 5305 τὸν
2756 5253 2866 5307 τῶν
2890 5257 2934 5287 ’⁸
2956 5257 3278 5312 Μακεδόνων
3307 5257 3700 5329 βασιλεύσαντα

2116 5341 2353 5413 πρῶτον,
2397 5344 2446 5396 οἱ
2507 5341 2575 5396 τὰ
2617 5343 2825 5399 ἐκείνου
2870 5351 3338 5420 συγγεγραφότες,
3387 5352 3524 5423 πρὸς
3556 5352 3700 5405 ἐκεῖ-

2125 5450 2216 5487 νον
2242 5434 2496 5528 δραμεῖν,
2528 5434 2624 5489 καὶ
2658 5439 2944 5508 χρησμοὺς
2987 5440 3197 5495 ἐκεῖθεν
3236 5441 3444 5498 λαϐεῖν.
3482 5443 3701 5517 Ἐπειδὴ

1698 5610 1937 5670 VARIIE
1973 5609 2382 5672 LECTIONES.

489 5726 513 5762 ’
540 5729 627 5806 τά.
660 5728 789 5806 Des.
822 5729 878 5806 in
908 5728 970 5785 (ἶ.
991 5800 1005 5806 _
1038 5728 1059 5761 ⁸
1086 5728 1193 5783 οἰκ.
1244 5746 1300 5806 κ.
1347 5745 1510 5800 μαστ.
1571 5727 1698 5806 Des.
1740 5733 1821 5806 in-
1842 5729 1917 5806 C._
1991 5730 2043 5806 '_
2070 5747 2203 5806 παρ.
2236 5732 2295 5806 ΑΔ
2324 5744 2512 5806 pmm.
2544 5734 2645 5799 εἰς.

2793 5737 2913 5817 ‘°_A
2941 5735 3129 5811 αὐτὴν.
3211 5735 3251 5772 ³⁸
3283 5737 3363 5797 tz.
3393 5770 3465 5784 —
3493 5752 3711 5816 1:01:19.

425 5794 471 5851 Δ
499 5800 657 5873 μερὶς
700 5797 948 5874 Ἀμμὼν,
981 5800 1013 5871 ἠ
1046 5794 1378 5859 κατοικοῦσα
1408 5800 1702 5871 ποταμούς.
1758 5800 1978 5878 β’τῶν.
2012 5794 2225 5861 Μηδία
2255 5800 2297 5862 C
