4090 6406
370 420 514 488 1805

1648 420 1725 482 IN
1766 421 2037 481 NAHUM
2074 420 2231 482 CAP.
2270 415 2384 482 III.

3508 400 3641 483 1806

369 534 555 588 τοίνυν
582 530 790 602 ταύτης
821 524 1158 602 κατεχούσης
1183 531 1281 601 τῆς
1310 529 1606 599 ἐξαπάτης,
1631 532 1836 601 ἤρτητο
1864 530 1955 582 τοῦ

2066 530 2336 601 Εεῃιῑιιε
2359 572 2373 595 ,
2408 534 2419 549 ‘
2449 526 2657 600 partem
2690 528 2914 583 Ammon
2946 542 3065 585 eam
3102 529 3388 593 nominat,
3418 537 3473 588 et
3504 547 3642 600 prie-

367 624 623 697 δαίμονος
648 624 840 678 τούτου
867 624 1279 696 διαφερόντωςή
1304 625 1595 691 Αἴγυπτος,
1616 622 1829 693 μερίδα
1854 623 1953 675 αύ-

369 718 474 788 τὴν
524 715 764 787 Ἀμμὼν
811 714 1103 787 ὀνομάζει,
1156 714 1252 769 καὶ
1316 715 1754 785 παρακελεύεται
1814 714 1953 783 αὐτῇ

371 806 662 879 χορεύειν,
712 806 789 870 ὡς
838 806 942 876 τῆς
991 805 1184 859 Νινευῒ
1228 804 1323 859 τὸν
1360 805 1580 877 ὄλεθρον
1629 803 1951 876 δεξαμένης.

373 897 690 967 Ποταμοὺς
716 896 773 951 δὲ
802 897 1009 961 κύκλῳ
1026 897 1196 967 αὐτῆς
1216 895 1317 961 τὰς
1345 896 1601 967 διόρυγας
1622 895 1791 964 λέγει.
1822 892 1957 949 Εἶτα

369 992 502 1053 τοὺς
524 990 885 1058 ἐπικούρους
909 987 1329 1061 ἁπαριθμεῖται,
1362 989 1487 1052 τοὺς
1519 987 1802 1052 Αἰθίοπας,
1830 988 1958 1051 τοὺς

368 1082 601 1146 Λίϐυας,
621 1082 865 1144 καὶτοὺς
894 1081 1184 1152 ἑσπερίους
1207 1080 1414 1143 Λίϐυας
1438 1080 1566 1142 τοὺς
1592 1079 1689 1133 νῦν
1722 1080 1959 1151 Ἀφροὺς

371 1174 777 1247 καλουμένους⁶
824 1174 985 1228 Φοὺδ
1042 1174 1153 1246 γὰρ
1200 1173 1428 1236 τούτους
1476 1172 1757 1227 ἐκάλεσεν.
1815 1172 1956 1227 Ἀλλ’

368 1269 524 1340 ὅμως
577 1270 675 1324 καὶ
727 1268 1019 1333 τοσούτους
1058 1270 1259 1340 ἔχουσα
1310 1267 1664 1340 συμμάχους,
1718 1267 1816 1322 καὶ
1852 1265 1958 1321 ὑπὸ

370 1360 651 1431 θαλάσσης
714 1361 811 1414 καὶ
861 1361 1124 1431 ποταμῶν
1174 1359 1543 1431 κυκλουμένη,
1604 1359 1728 1414 οὐδὲ
1792 1358 1954 1429 αὕτη,

374 1449 562 1521 φησὶν,
594 1450 893 1522 ἀπείρατος
930 1452 1085 1520 μενεῖ
1113 1450 1323 1515 κακῶν,
1355 1449 1470 1505 ἀλλ’
1498 1452 1585 1514 εἰς
1608 1450 1959 1521 μετοικεσίαν

372 1540 703 1607 πορεύσεται
734 1540 1105 1610 αἰχμάλωτος.
1151 1558 1172 1594 ι
1203 1542 1311 1594 Καὶ
1338 1540 1407 1594 τὰ
1443 1542 1614 1611 νήπια
1639 1538 1808 1610 αὐτῆς
1837 1540 1959 1594 ἔδαο

369 1629 593 1699 φιοῠσιν
627 1630 714 1683 ἐπ’
744 1631 941 1702 ἀρχαῖς
968 1632 1013 1663 ⁸³
1043 1629 1180 1684 ὁδῶν
1204 1631 1400 1702 αὐτῆς,
1425 1631 1522 1685 καὶ
1553 1632 1649 1685 ἐπὶ
1685 1631 1863 1685 πάντα
1888 1631 1960 1684 τὰ

374 1723 565 1791 ἔνδοξα
606 1724 779 1794 αὐτῆς
807 1723 1029 1794 βαλοῦσι
1079 1723 1337 1795 κλήρους,
1373 1724 1466 1779 καὶ
1493 1724 1698 1787 πάντες
1726 1725 1775 1778 οἱ
1802 1741 1958 1795 μεγι-

378 1816 573 1879 στᾶνες
619 1815 795 1885 αὐτῆς
849 1815 1171 1881 δεθήσονται
1203 1815 1569 1887 χειροπέδαις.
1607 1834 1628 1868 ι
1680 1815 1869 1869 Ταῦτα
1898 1815 1956 1868 δὲ

2060 623 2199 692 cipit
2240 625 2322 688 ei,
2362 631 2423 677 ut
2464 621 2858 677 saltationibus
2895 620 3203 692 indulgeat,
3244 621 3395 692 quod
3439 620 3648 677 Nineve

2063 715 2311 787 perierit.
2348 714 2602 770 Flumina
2634 729 2769 770 vero
2813 716 2870 768 in
2904 714 3133 768 circuitu
3165 713 3290 783 ejus
3336 713 3518 771 fossas
3561 714 3648 769 di-

2061 808 2157 864 cit.
2187 805 2265 879 [9]
2293 805 2502 864 Deinde
2531 807 2856 862 auxiliarios
2886 813 3176 862 enumerat
3202 804 3492 876 Ethiopes
3516 846 3532 871 ,
3563 801 3650 861 Li-

2062 900 2198 970 byes
2218 939 2233 964 ,
2263 906 2320 953 et
2351 899 2727 955 occidentales
2760 897 2963 968 Libyes
2983 938 2998 962 ,
3034 896 3130 968 qui
3161 910 3311 951 nunc
3346 896 3465 951 Afri
3502 912 3650 952 nun-

2063 998 2361 1059 cupantur.
2392 988 2545 1043 Pliud
2571 990 2718 1044 enim
2746 988 2848 1043 hos
2872 988 3112 1043 vocavit.
3137 985 3255 1059 HO]
3284 983 3390 1041 Sed
3416 986 3646 1042 tametsi

2065 1084 2146 1131 tot
2173 1077 2358 1132 socios
2384 1076 2585 1131 habeat
2607 1116 2621 1140 ,
2654 1084 2709 1129 et
2741 1074 2860 1144 ipsa
2892 1074 3029 1128 mari
3059 1073 3493 1143 fluminibusque
3526 1073 3649 1127 ein-

2065 1176 2154 1223 cta
2197 1168 2297 1233 sit,
2329 1168 2634 1232 malorum,
2668 1167 2869 1237 inquit,
2911 1176 3107 1236 expers
3143 1182 3252 1221 non
3293 1167 3419 1231 erit,
3455 1165 3551 1221 sed
3588 1166 3645 1219 in

2065 1260 2445 1330 captivitatem
2475 1260 2718 1314 abducta
2770 1259 2951 1314 solum
3000 1265 3199 1314 vertet.
3235 1277 3253 1311 ι
3292 1258 3359 1311 Ει
3385 1258 3649 1329 parvulos

2066 1353 2220 1409 illius
2252 1352 2485 1407 allident
2515 1352 2573 1406 in
2618 1352 2899 1422 principio
2946 1351 3160 1406 viarum
3204 1351 3323 1422 ejus
3372 1359 3428 1407 et
3479 1363 3650 1420 super

2064 1446 2248 1500 omnia
2302 1446 2511 1516 inclyta
2542 1444 2665 1515 ejus
2712 1445 2931 1499 mittent
2983 1453 3233 1500 sortem:
3291 1452 3346 1499 et
3401 1442 3651 1498 universi

2064 1537 2363 1608 optimates
2391 1536 2515 1605 ejus
2557 1536 2883 1606 ligabuntur
2916 1535 3302 1606 compedibus.
3336 1553 3354 1587 ι
3390 1534 3516 1590 llaec
3553 1549 3652 1591 au-

2067 1636 2264 1685 temet
2300 1629 2824 1685 Nabuchodonosor
2872 1630 2925 1682 in
2970 1643 3090 1683 eam
3147 1627 3394 1682 facinora
3438 1628 3648 1690 edidit.

2064 1728 2121 1777 et
2171 1718 2473 1792 Cambyses
2530 1730 2758 1790 postea,
2808 1719 2938 1791 Cyri
3000 1718 3186 1782 filius,
3244 1734 3476 1790 regnum
3528 1720 3653 1789 ejus

2063 1828 2322 1870 eversum
2368 1812 2425 1866 in
2478 1819 2809 1882 potestatem
2858 1826 3016 1867 suam
3064 1809 3309 1880 redegit,
3354 1818 3411 1864 et
3458 1811 3655 1865 multis

375 1910 475 1962 καὶ
500 1907 976 1979 Ναθουχοδονόσορ
1002 1910 1082 1972 εἰς
1112 1908 1283 1979 αὐτὴν
1313 1908 1635 1980 εἰργάσατο,
1671 1909 1767 1962 καὶ
1794 1908 1957 1978 Καμ-

2066 1916 2189 1979 post
2221 1905 2444 1961 saeculis
2492 1902 2802 1960 Alexander
2842 1902 3201 1959 Macedonum
3236 1902 3468 1974 imperio
3499 1903 3651 1959 illam

376 2000 549 2071 ϐύσης
582 2000 809 2073 ὕστερον
832 2003 861 2055 ὀ
891 2001 1099 2072 Κύρου,
1136 2001 1233 2074 τὴν
1270 2001 1552 2072 βασιλείαν
1589 1998 1765 2073 αὐτῆς
1793 2018 1963 2055 κατα-

375 2091 564 2156 λύσας,
607 2093 713 2147 ύπδ
750 2093 851 2165 τὴν
888 2092 1056 2147 αὐτοῦ
1102 2093 1425 2147 δυναστείαν
1469 2094 1649 2148 τελεῖν
1681 2094 1963 2165 κατηνάγ-

2069 1997 2332 2068 subjecit.
2364 1994 2494 2051 Haec
2526 1994 2595 2051 de
2622 1995 2863 2067 IEgypIO
2902 1997 3279 2058 vaticinatus,
3330 2009 3651 2052 sermonem

2067 2105 2269 2145 rursus
2301 2088 2370 2143 ad
2399 2085 2650 2144 Nineven
2679 2088 2979 2142 convertit.

377 2204 548 2240 κασε·
576 2188 674 2241 καὶ
709 2186 1062 2259 Ἀλέξανδρος
1090 2186 1148 2240 δὲ
1193 2187 1332 2259 μετὰ
1377 2187 1579 2252 πολλὰς
1618 2188 1817 2257 γενεάς
1856 2186 1965 2241 ὑπὸ
2030 2184 2132 2256 τὴν
2175 2182 2563 2254 Μακεδονικὴν
2630 2182 2803 2253 αὐτὴν
2852 2180 3078 2254 ἐποίησε
3127 2181 3422 2252 βασιλείαν.
3468 2168 3653 2236 Ταῦτα

377 2282 508 2356 περὶ
553 2283 655 2353 τῆς
701 2280 979 2349 Αἰγύπτου
1025 2282 1432 2354 προθεσπίσας,
1470 2283 1633 2336 πάλιν
1674 2281 1813 2353 πρὸς
1851 2281 1954 2352 τὴν
1981 2276 2178 2333 Νινευῖ
2208 2277 2512 2348 μεταφέρει
2542 2275 2840 2345 τὸνλόγον.

452 2384 541 2433 ια’.
583 2396 603 2429 ι
626 2376 751 2431 *Καὶ
778 2377 843 2430 σὺ
876 2376 1190 2449 μεθυσθήσῃ
1214 2416 1228 2441 ,
1279 2379 1374 2431 καὶ
1402 2377 1499 2448 ἔσῃ
1529 2376 1961 2449 παρεωραμένη,

378 2469 475 2524 καὶ
526 2469 592 2523 σὺ
630 2466 890 2539 ζητήσεις
938 2468 1103 2540 ἑαυτῇ
1147 2470 1336 2523 στάσιν
1378 2469 1439 2535 ἐξ
1470 2467 1681 2541 ἐχθρῶν
1714 2486 1808 2522 σου
1837 2469 1903 2524 ¹⁵.
1938 2486 1956 2519 i

378 2559 647 2631 Καθάπερ
690 2560 801 2631 γάρ
848 2572 959 2613 τινι
993 2560 1135 2633 μέθῃ
1179 2560 1538 2632 παραδοθήσῃ
1571 2563 1634 2630 τῇ
1681 2558 1961 2631 συμφορᾷ,

376 2650 474 2703 καὶ
507 2649 635 2721 τῇδε
681 2650 906 2702 κάκεῖσε
957 2648 1269 2715 διαθέουσα,
1307 2648 1635 2720 ἀπαλλαγήν
1685 2666 1810 2703 τινα
1852 2649 1962 2702 τῶν

378 2739 716 2810 κατεχόντων
747 2738 1005 2810 ζητήσεις
1036 2737 1251 2803 δεινῶν,
1288 2738 1383 2792 καὶ
1407 2739 1508 2809 ούχ
1535 2739 1808 2810 εὑρήσεις.
1846 2739 1963 2792 Πα-

382 2829 700 2902 ραπλησίως
728 2829 785 2883 δὲ
821 2830 902 2883 σοὶ
926 2830 1021 2883 καὶ
1055 2831 1111 2882 αἰ
1143 2828 1339 2900 ὀχυραί
1370 2846 1466 2883 σου
1502 2828 1689 2892 πόλεις
1720 2829 1964 2897 παραδο-

377 2923 637 2993 θήσονται
667 2924 780 2985 τοῖς
822 2920 1125 2993 πολεμίοις.
1161 2921 1334 2975 Τοῦτο
1361 2922 1471 2994 γὰρ
1507 2921 1595 2975 διὰ
1626 2920 1726 2993 τῆς
1756 2921 1965 2988 εἰκόνος

377 3010 637 3082 ἐδήλωσε.

452 3102 538 3172 ιβ’.
580 3122 598 3153 ι
630 3100 816 3156 Πάντα
847 3103 915 3156 τὰ
947 3103 1283 3175 ὀχυρώματα
1326 3118 1421 3159 σου
1452 3103 1529 3169 ὡς
1553 3104 1598 3137 ⁸⁸
1632 3107 1794 3158 συκαῖ
1840 3121 1965 3159 σκο-

380 3195 517 3258 ποὺς
540 3196 583 3227 ¹⁶
632 3195 873 3266 ἔχουσαι,
907 3196 1004 3249 ἐὰν
1033 3192 1358 3263 σαλευθῶσι,
1410 3198 1506 3251 καὶ
1549 3197 1845 3252 πεσοῦνται
1883 3201 1964 3263 εἰς
1992 3187 2034 3244 C

381 3287 557 3357 στόμα
600 3287 896 3351 ἐσθίοντος.
936 3308 955 3341 ι
998 3289 1186 3359 Δίκην,
1218 3289 1371 3359 φησί,
1416 3290 1600 3342 συκῶν
1632 3288 1724 3343 ὑπ’
1758 3290 1963 3362 ἀνέμου

382 3378 780 3449 σαλευομένων,
821 3379 918 3432 καὶ
942 3378 1014 3433 τά
1047 3378 1275 3451 πρώϊμα
1311 3380 1451 3433 σῦκα
1490 3380 1691 3451 ῥαδίως
1722 3379 1965 3434 ἀποϐαλ-

381 3467 611 3531 λουσῶν,
645 3468 980 3541 γυμνωθήσῃ
1007 3469 1117 3530 τῶν
1150 3471 1485 3541 οἰκητόρωνο
1514 3473 1612 3525 καὶ
1637 3473 1687 3525 οἱ
1722 3474 1964 3541 γενναῖοι

284 3596 295 3600 ι
381 3560 440 3614 δέ
493 3577 586 3613 σου
620 3560 948 3631 στρατιῶται
977 3561 1129 3615 οὐδὲν
1172 3562 1432 3617 διοίσουσι
1464 3562 1761 3633 γυναικῶν,
1791 3563 1964 3636 δειλία

383 3651 768 3722 κατεχόμενον
796 3652 1211 3724 ἁνοιχθήσονται
1239 3654 1296 3709 δέ
1326 3671 1419 3708 σου
1450 3655 1509 3709 αἰ
1541 3652 1705 3710 πύλαι
1742 3656 1963 3728 ῥᾳδίως,

385 3740 478 3794 τοῦ
505 3743 677 3812 πυρὸς
705 3741 835 3806 τοὺς
861 3742 1091 3813 μοχλοὺς
1145 3743 1518 3811 δαπανῶντος,
1544 3746 1773 3801 καὶτῶν
1813 3734 1976 3801 ὲνανέ

383 3834 515 3887 τίων
542 3834 847 3905 χειμάρρου
877 3832 1035 3907 δίκην
1059 3834 1151 3889 διὰ
1175 3832 1384 3891 τούτων
1408 3837 1822 3892 εἰσϐαλλόντων.

458 3926 540 3981 ιδ’.
579 3944 598 3978 ι
632 3925 819 3995 ’Υδωρ
839 3925 971 3998 γὰρ,
995 3927 1153 3997 φησὶ,
1187 3930 1451 4001 περιοχῆς
1469 3930 1776 3984 ὲπίσπασαι
1804 3946 1968 3983 σεαυ-

388 4019 476 4089 τῇ.
520 4035 540 4070 ι
597 4011 735 4072 Εῖτα
769 4018 893 4072 κατ’
950 4019 1266 4091 εἰρωνείαν
1327 4039 1347 4072 ι
1387 4021 1498 4074 Καὶ
1547 4021 1967 4091 κατακράτησον

383 4110 492 4163 τῶν
530 4109 926 4182 ὀχυρωμάτων.
969 4129 989 4163 ›
1024 4112 1262 4184 Χρῆσαι,
1297 4112 1452 4183 φησί,
1481 4115 1548 4184 τῇ
1584 4112 1813 4184 δυνάμει
1848 4130 1966 4179 σου,

388 4200 708 4275 περιϐόλους
753 4201 975 4273 ἔχουσα.
1016 4202 1112 4257 καὶ
1159 4202 1401 4274 τάφρους
1444 4201 1548 4268 ἔξω
1579 4202 1688 4257 τῶν
1738 4203 1967 4276 περιϐό-

383 4292 509 4347 λων.

461 4405 479 4435 ι
509 4384 763 4456 .Ἒμδηθι
787 4386 869 4451 εἰς
885 4386 1077 4457 πηλὸν,
1098 4387 1195 4441 καὶ
1219 4387 1609 4462 συμπατήθητι
1637 4389 1695 4443 ὲν
1718 4390 1966 4462 ἀχύροις,

386 4475 479 4529 καὶ
506 4474 928 4548 κατακράτησον
958 4479 1100 4550 ὑπὲρ
1128 4478 1368 4534 πλίνθον.
1402 4479 1509 4550 (ιε’,
1536 4479 1657 4552 ις’.)
1690 4482 1967 4557 Ἐκεῖικα-

382 4565 692 4634 ταφάγεταί
726 4582 785 4621 σε
819 4565 954 4638 πῦρ,
1003 4568 1380 4641 ὲξολοθρεύσει
1408 4586 1467 4623 σε
1501 4569 1748 4642 μάχαιρα
1774 4572 1840 4639 ⁸⁷,
1870 4573 1969 4627 καὶ

384 4657 764 4728 καταφάγεταί
799 4676 859 4713 σε
893 4660 969 4724 ὡς
1011 4661 1193 4733 ἀκρὶς,
1230 4661 1324 4715 καὶ
1356 4659 1676 4734 βαρυνθήσῃ
1704 4662 1781 4727 ὡς
1813 4659 1971 4735 βροῦ-

382 4747 496 4819 χοξ.
528 4750 870 4823 Ἐπλήθυνας
891 4751 991 4817 τὰς
1018 4753 1290 4828 ἐμπορίας
1321 4770 1414 4807 σου
1453 4754 1597 4826 ὑπὲρ
1622 4753 1666 4788 ’⁸
1692 4755 1763 4810 τὰ
1791 4754 1972 4826 ἄστρα

383 4837 478 4894 τοῦ
508 4837 766 4913 ούρανοῦ.
810 4860 829 4895 ι
858 4839 952 4915 Μὴ
984 4841 1198 4919 θάρρει,
1235 4840 1394 4917 φησὶ,
1426 4842 1540 4910 τοῖς
1574 4846 1966 4919 ὀχυρώμασιν

382 4931 640 5004 οὐδεμίαν
691 4932 803 5005 γάρ
838 4933 984 4999 ἕξεις
1026 4935 1239 4991 ἐκεῖθεν
1281 4936 1570 5008 βοήθειαν
1623 4936 1763 4994 ἀλλὰ
1813 4936 1970 5012 δίκην
2036 4944 2039 4947 ’

383 5023 558 5096 πηλοῦ
614 5028 695 5090 εἰς
742 5025 1129 5100 πλινθουργίαν
1174 5031 1295 5101 μετ’
1324 5029 1531 5102 ἁχύρου
1583 5033 1970 5103 ωμπατουμὲ·

381 5132 496 5181 νου,
531 5115 638 5171 ὑπὸ
664 5116 772 5172 τῶν
802 5118 1068 5173 ἐπιόντων
1100 5136 1183 5174 σοι
1212 5120 1489 5193 πολεμίων
1528 5122 1961 5196 συμπατηθήσῃο

382 5208 482 5261 καὶ
512 5208 613 5279 τὴν
645 5209 744 5280 μὲν
774 5210 930 5264 πόλιν
958 5212 1357 5283 ἐμπρήσουσιν,
1387 5213 1534 5284 ὑμᾶς
1554 5214 1613 5268 δὲ
1634 5216 1761 5279 τοὺς
1781 5230 1969 5271 κατοι-

383 5296 615 5363 κοῦντας
662 5303 777 5365 τοῖς
832 5303 1194 5364 παντοδαποῖς
1242 5303 1655 5372 κατασφάζουσι
1715 5304 1927 5375 βέλεσιν
1947 5321 1963 5337 ·

382 5389 600 5463 ἀκρίδας
630 5391 686 5445 δὲ
715 5392 871 5464 δίκην
903 5394 1000 5447 καὶ
1046 5386 1280 5467 βρούχου
1315 5395 1486 5468 ἄρδην
1528 5397 1776 5464 ἅπαντας
1822 5398 1970 5472 ὑμᾶς

2136 2368 2301 2428 Vens.
2337 2373 2423 2427 ll.
2460 2391 2478 2424 ι
2512 2369 2580 2426 Ει
2625 2380 2681 2426 ιιι
2732 2368 3140 2436 iuebriaberis,
3181 2371 3393 2444 1533
3435 2380 3491 2429 et
3536 2372 3652 2429 eris

2068 2465 2368 2537 despecta:
2401 2473 2457 2520 et
2482 2471 2542 2519 tu
2568 2478 2783 2535 quaeres
2816 2463 2916 2518 tibi
2949 2464 3248 2519 stationem
3291 2465 3363 2519 ab
3403 2462 3652 2519 inimicis

2066 2560 2199 2614 tuis.
2228 2553 2567 2627 i'l‘anquam
2618 2557 2676 2611 iu
2721 2557 3047 2613 ebrietatem
3095 2553 3379 2628 dejicieris
3416 2558 3470 2612 in
3502 2559 3653 2612 calao

2064 2651 2285 2706 mitates
2317 2668 2330 2705 :
2358 2660 2412 2705 et
2446 2650 2551 2704 hac
2586 2649 2715 2704 illac
2748 2649 3233 2716 circumcursans,
3266 2649 3653 2707 liberationem

2072 2742 2319 2813 aliquam
2351 2742 2669 2811 urgentium
2707 2741 2979 2796 malorum
3010 2740 3295 2813 inquires,
3328 2750 3384 2797 et
3418 2758 3527 2797 non
3563 2744 3655 2795 in-

2066 2835 2281 2891 venies.
2316 2830 2592 2890 Similiter
2623 2836 2922 2889 autem'ac
2975 2841 3071 2900 tu,
3118 2834 3284 2890 urbes
3327 2835 3494 2890 etiam
3545 2841 3655 2887 tua:

2068 2926 2420 2983 communitas
2451 2927 2708 2984 hostibus
2736 2925 3051 2982 tradentur.
3102 2925 3220 2983 Hoc
3258 2927 3407 2982 enim
3443 2941 3541 2997 per
3575 2928 3655 2981 si-

2068 3019 2449 3075 militudinem
2493 3016 2816 3090 explicavit.

2138 3090 2401 3167 “333.12.
2455 3128 2473 3162 ι
2498 3109 2704 3166 Omnes
2735 3109 3074 3166 munitiones
3098 3118 3205 3164 tua:
3233 3118 3293 3165 ut
3326 3108 3488 3175 licus,
3520 3123 3644 3180 qua:

2067 3201 2353 3274 grossulos
2399 3200 2629 3262 habent,
2673 3200 2719 3256 si
2757 3209 3046 3255 commotae
3089 3198 3316 3266 fuerint,
3353 3199 3551 3254 cadent
3592 3194 3654 3255 iu

2067 3311 2132 3351 os
2163 3292 2531 3348 comedentis.
2557 3310 2577 3343 ι
2612 3290 2769 3345 Sicut
2805 3290 2970 3354 licus,
3002 3289 3206 3359 inquit,
3233 3298 3399 3344 vento
3433 3291 3657 3359 agitata:

2066 3401 2342 3459 prmcoces
2396 3384 2531 3440 licus
2588 3384 2749 3438 facile
2799 3381 3095 3436 amittunt:
3153 3379 3238 3435 sic
3287 3377 3657 3435 denudaberis

2068 3454 2498 3535 habitatoribus.
2548 3474 2772 3549 [151m
2804 3473 3017 3531 strenui
3061 3473 3140 3528 tui
3190 3472 3396 3528 milites
3445 3471 3584 3527 nihil
3624 3489 3656 3524 ιι

2067 3571 2396 3627 mulieribus
2456 3568 2740 3631 different,
2790 3575 2938 3623 metu
2994 3564 3277 3638 oppressi.
3320 3563 3657 3635 Aperientur

2068 3662 2232 3716 etiam
2263 3660 2417 3714 nullo
2446 3657 2668 3729 negotio
2705 3666 2878 3729 porta:
2915 3665 3043 3718 tute,
3085 3651 3339 3711 vectibus
3370 3655 3493 3725 igne
3522 3670 3661 3708 con-

2073 3749 2338 3819 sumptis,
2379 3759 2437 3805 et
2468 3748 2720 3805 hostibus
2760 3764 2858 3819 per
2910 3762 3006 3804 eas
3048 3746 3318 3803 torrentis
3360 3745 3538 3802 instar
3584 3744 3661 3799 ir-

2070 3839 2487 3913 rumpentibus.

2143 3932 2311 3988 Vsns.
2332 3932 2420 3987 M.
2459 3950 2477 3983 ι
2509 3932 2725 4002 Aquam
2755 3930 2900 3986 enim
2932 3926 3481 3998 obsidionis,inquit.
3499 3927 3667 3985 hauri

2068 4022 2234 4078 tibi.»
2274 4021 2339 4076 Et
2384 4018 2648 4091 deinceps
2680 4038 2776 4091 per
2808 4022 3042 4077 ironiam
3084 4040 3098 4077 :
3132 4039 3151 4072 ι
3191 4023 3258 4076 Et
3300 4023 3489 4078 obtine
3532 4038 3661 4077 mu-

2069 4115 2309 4171 nitiones
2344 4113 2571 4186 (tuas).
2598 4134 2616 4165 ι
2649 4111 2833 4177 Utere,
2870 4113 3076 4183 inquit,
3108 4113 3322 4168 viribus
3352 4113 3488 4181 tuis,
3528 4129 3660 4169 cum

2071 4222 2283 4275 muros,
2328 4213 2383 4263 et
2412 4214 2567 4263 extra
2602 4220 2792 4261 muros
2823 4204 3004 4261 fossas
3038 4204 3265 4262 habeas.

2149 4426 2169 4459 ι
2226 4401 2518 4479 ingredere
2601 4408 2800 4472 lutum,
2852 4414 2906 4462 et
2949 4410 3281 4465 conculcare
3321 4408 3375 4466 in
3429 4408 3605 4479 paleis
3640 4427 3670 4467 τι

2000 4530 2045 4586 ο
2074 4498 2261 4556 obtine
2288 4516 2457 4572 super
2474 4502 2720 4557 laterem.
2750 4500 2769 4573 (
2802 4500 2968 4557 Vens.
3030 4501 3121 4567 l5,
3159 4500 3367 4573 16.)lbi
3398 4503 3663 4558 absumet

2075 4591 2129 4644 te
2159 4588 2328 4661 ignis,
2366 4589 2648 4661 disperdet
2689 4598 2746 4646 te
2776 4590 3012 4662 gladius.
3041 4600 3098 4648 et
3127 4591 3377 4648 comedet
3407 4599 3462 4648 te
3494 4593 3661 4662 quasi

2073 4681 2288 4738 locusta
2325 4683 2759 4755 :aggravaberis
2784 4684 2942 4754 quasi
2980 4684 3246 4741 bruchus.
3283 4684 3665 4757 Multiplicastt

2073 4773 2477 4844 negotiationes
2515 4784 2661 4842 tuas,
2712 4777 2891 4848 magis
2920 4793 3086 4843 quam
3112 4778 3303 4835 stellas
3331 4779 3481 4835 cmli.
3521 4798 3542 4831 ι
3582 4777 3667 4834 Ne

2072 4863 2352 4930 confidas,
2408 4865 2607 4936 inquit,
2657 4868 3062 4925 munitionibus
3107 4868 3264 4936 tuis;
3297 4869 3453 4924 nullo
3512 4869 3662 4925 enim

2071 4956 2171 5013 tibi
2196 4964 2365 5013 erunt
2397 4959 2605 5015 auxilio
2639 4978 2654 5013 :
2690 4957 2787 5015 sed
2813 4960 2960 5016 sicut
2991 4961 3189 5025 lutum,
3219 4960 3368 5031 quod
3397 4975 3523 5015 cum
3563 4974 3664 5030 pa-

2074 5045 2176 5105 leis
2210 5049 2279 5104 ad
2317 5049 2519 5106 lateres
2558 5049 2936 5106 conficiendos
2964 5051 3352 5118 conculcatur,
3379 5052 3450 5109 ab
3476 5053 3660 5109 hosti-

2073 5138 2180 5194 bus
2227 5138 2572 5195 irruentibus
2611 5140 3070 5198 coneulcaberis:
3112 5151 3167 5197 et
3200 5144 3393 5201 urbem
3437 5145 3662 5216 quidem

2074 5228 2397 5294 incendent,
2436 5243 2536 5285 vos
2563 5244 2698 5285 vero
2730 5230 3074 5287 habitatores
3109 5234 3264 5290 omni
3297 5237 3315 5258 ⁶
3338 5249 3544 5305 genere
3581 5245 3664 5292 te.

2076 5316 2601 5385 lorum'conﬂcient,
2643 5316 2858 5393 1535.
2889 5325 2944 5375 et
2974 5335 3129 5377 more
3156 5323 3382 5379 locustae
3422 5340 3488 5380 ac
3530 5324 3663 5393 bru-

2076 5406 2167 5463 chi
2202 5407 2452 5465 funditus
2483 5424 2581 5467 vos
2615 5410 2848 5483 perdent
2880 5429 2895 5468 τ
2925 5419 2979 5469 ct
3001 5412 3179 5469 instar
3212 5414 3492 5471 stellarum
3533 5418 3669 5489 ccelt

1625 5576 1861 5635 varum
1896 5580 2300 5660 LECTIONES.

454 5728 573 5805 ’³,Α
604 5730 714 5805 ἀπ’.
738 5732 936 5805 ἀρχῆς.
999 5803 1007 5805 Α
1042 5732 1085 5765 ’⁸
1117 5752 1232 5792 σου.
1267 5734 1393 5793 Des.
1426 5737 1481 5793 in
1514 5739 1579 5793 Α.

386 5795 431 5827 I"
461 5798 588 5872 μάχ,
622 5803 672 5855 ιΑ
701 5795 1066 5876 ἐν’ῥὸμφαίᾳ,
1099 5806 1215 5861 καί.
1278 5808 1321 5839 ¹⁹
1362 5809 1452 5862 ὑπ.
1494 5811 1535 5866 Α
1567 5809 1777 5884 ῶσπερ.

1696 5740 1739 5772 ⁸⁸
1767 5742 1863 5808 ὡς.
1897 5741 2019 5803 Des.
2095 5741 2149 5799 in
2185 5745 2243 5800 Δ.

2351 5743 2395 5777 ¹⁶
2451 5762 2613 5805 σκοπ.
2682 5744 2811 5808 Vid.
2872 5764 3067 5823 supra,
3102 5763 3154 5820 p.
3221 5748 3377 5817 1353,
3424 5748 3658 5807 selum.
