4090 6454
417 424 550 492 1807

1428 421 2275 482 THEODORETIEPISCOPI
2298 421 2662 481 CYRENSIS

3543 421 3683 490 1808

417 535 869 602 imiumerabiles,
924 548 1061 605 quas
1113 531 1354 604 undique
1424 536 1706 605 coegistis,
1760 534 1992 591 divitias

2100 536 2499 606 δαπανήσουσι,
2524 537 2616 588 καὶ
2638 534 2697 587 ὃν
2727 533 3066 606 πανταχόθεν
3095 533 3486 605 συνηθροίσατε
3515 536 3682 590 πλοῦ-

415 632 603 685 ltostcs
633 630 875 699 capient.

482 822 503 855 ι
537 804 784 858 Bruclius
813 802 975 856 irruit
1006 811 1060 857 et
1086 803 1342 858 evolavit.
1376 811 1393 876 (
1435 804 1603 862 Vens.
1642 807 1727 861 l7.
1757 806 1999 879 )Exsiii-

411 899 488 950 vit
529 897 686 966 quasi
731 897 966 960 locusta,
1007 897 1333 953 commistus
1381 905 1510 954 tuus
1544 913 1558 952 :
1587 900 1734 954 sicut
1784 901 1998 955 locusta

413 1005 536 1058 quae
576 987 824 1042 ascendit
852 1003 1020 1057 super
1049 1003 1232 1058 sepem
1269 989 1358 1046 die
1387 991 1531 1061 gelu.
1562 990 1655 1046 Sol
1683 999 1840 1047 ortus
1889 1001 1998 1057 est,

409 1089 462 1137 et
491 1080 754 1144 exsilivit,
811 1094 919 1134 non
946 1087 1032 1135 est
1074 1080 1330 1151 cognitus
1383 1081 1538 1139 locus
1583 1081 1722 1150 ejus.
1757 1101 1776 1135 ι
1845 1081 2001 1138 Sicut

408 1175 555 1228 enim
590 1173 828 1236 locusta,
876 1173 1076 1242 inquit,
1132 1182 1187 1228 et
1219 1173 1486 1242 bruchus,
1537 1182 1593 1229 et
1641 1174 1727 1229 his
1776 1173 1997 1239 similia,

408 1265 536 1319 dum
567 1279 658 1318 ros
687 1263 830 1318 inest
860 1263 910 1316 in
940 1265 1156 1320 arbutis
1176 1265 1490 1329 consident,
1519 1265 1738 1320 avolare
1765 1279 1875 1319 non
1909 1278 2002 1317 va-

411 1353 614 1418 lentia,
660 1353 950 1422 ingruente
999 1361 1182 1408 autem
1227 1354 1360 1410 solis
1415 1355 1567 1409 radio
1619 1363 1891 1424 surgunt,
1945 1360 2001 1407 et

408 1447 525 1502 alas
555 1445 896 1516 expandunt,
934 1452 988 1499 et
1022 1446 1074 1499 in
1117 1445 1282 1499 alium
1324 1447 1504 1500 locum
1540 1453 1830 1501 transeunt
1863 1463 1878 1499 :
1908 1445 1994 1499 sic

409 1538 508 1608 qui
551 1538 652 1592 tibi
687 1545 962 1592 venerunt
999 1536 1268 1602 subsidio,
1303 1552 1428 1592 cum
1475 1536 1716 1593 hostium
1755 1535 2000 1591 viderint

410 1636 694 1707 impetum,
721 1650 835 1690 sua:
877 1635 1074 1690 salutis
1113 1648 1304 1689 curam
1354 1640 1566 1703 gerent,
1616 1632 1758 1688 etin
1807 1630 1996 1700 fugam

410 1738 471 1778 se
523 1723 738 1786 dantes,
795 1722 968 1776 solam
1035 1729 1088 1776 te
1146 1721 1476 1794 relinquent.
1535 1719 1740 1777 Deinde
1799 1719 1996 1776 aﬂ‘ectu

408 1813 795 1886 compalientis
827 1813 904 1868 ait
933 1831 948 1868 :

487 2081 610 2138 «Vae
640 2082 780 2136 illis!
812 2079 1000 2152 (Vens.
1025 2082 1136 2153 18.)
1162 2081 1608 2136 Dormitavcrunt
1626 2087 1874 2152 pastores
1891 2078 1994 2144 tui,

406 2189 505 2230 rex
521 2175 780 2245 Assyrius
793 2173 1102 2242 consopivit
1116 2172 1284 2227 fortes
1301 2182 1422 2227 tuos
1443 2173 1604 2227 :abi—it
1617 2171 1852 2242 populus
1869 2179 1996 2227 tuus

408 2283 470 2321 su
479 2281 575 2337 per
591 2274 828 2329 montes,
843 2272 1016 2319 etnon
1029 2270 1146 2319 erat
1157 2263 1250 2333 qui
1268 2265 1587 2332 susciperet.
1615 2281 1635 2315 ι
1655 2263 1736 2317 Ex
1757 2262 1842 2318 his
1856 2277 1995 2332 quo-

407 2373 514 2428 que
543 2357 761 2427 planum
791 2363 876 2411 est
917 2354 1061 2424 quod
1087 2352 1272 2408 divina
1317 2353 1603 2424 Scriptura
1636 2352 1996 2423 Babylonium

407 2441 568 2504 vocet
603 2450 906 2520 Assyrium.
942 2447 1033 2503 Sic
1074 2462 1240 2518 porro
1288 2447 1462 2501 exteri
1495 2446 1657 2501 etiam
1693 2445 1997 2516 scriptores

406 2558 532 2598 cum
583 2541 891 2596 nominant.
949 2537 1014 2593 Et
1045 2554 1203 2610 reges
1242 2539 1462 2610 quidem
1507 2536 1742 2594 Nineves
1791 2537 1998 2592 dormi-

405 2641 554 2687 tasse
585 2630 721 2686 dicit
751 2647 764 2684 :
820 2647 1063 2685 somnum
1098 2645 1231 2685 vero
1277 2640 1508 2685 mortem
1543 2629 1802 2699 appellat.
1854 2626 1992 2682 Nam

407 2722 481 2776 ita
516 2721 683 2777 etiam
718 2721 909 2776 beatus
954 2717 1122 2775 David
1173 2717 1395 2791 inquit:
1444 2739 1462 2772 ι
1490 2720 1572 2775 Ab
1620 2720 1998 2790 increpatione

406 2821 523 2878 tua,
558 2811 704 2868 Deus
738 2810 953 2878 Jacobi,
985 2810 1424 2865 dormitavcrunt
1478 2810 1574 2882 qui
1626 2805 1998 2868 ascenderunt

405 2919 579 2974 equos
603 2912 650 2956 ι’.
682 2922 700 2954 ι
743 2888 854 2956 llos
875 2917 1003 2956 vero
1038 2916 1194 2971 rcges
1225 2901 1294 2956 ab
1349 2901 1580 2971 Assyrio
1623 2917 1752 2972 rege
1800 2916 1996 2957 conso-

407 2997 554 3067 pitos
580 2995 754 3050 fuisse
788 2991 928 3048 dixit
959 3008 973 3045 :
1005 3010 1023 3043 ι
1049 2989 1167 3047 Rex
1193 2987 1458 3064 Assyrius
1484 2991 1794 3062 conSOpivit
1825 2992 1996 3048 fortes

408 3097 555 3144 tuos.
583 3107 600 3137 ι
637 3085 733 3142 llis
772 3100 901 3140 vero
959 3085 1190 3141 sublatis
1239 3084 1306 3140 de
1340 3086 1542 3152 medio,
1606 3082 1815 3156 1535
1871 3086 1997 3157 fuga

409 3183 656 3245 arrepta,
681 3175 820 3230 abiit
854 3173 1092 3245 populus
1123 3182 1251 3230 tuus
1286 3176 1340 3230 in
1369 3184 1608 3241 montes,
1639 3186 1692 3230 et
1734 3193 1842 3232 non
1878 3185 1998 3234 erat

2099 645 2214 693 τον,
2261 627 2385 681 οὐδὲ
2431 625 2804 698 ἀριθμηθῆναι
2855 627 3053 697 ῥᾳδίως
3084 626 3386 697 δυνάμενον
3431 626 3683 700 καθάπερ

2100 719 2172 774 τὰ
2200 720 2378 791 ἄστρα
2407 718 2500 772 τοῦ
2530 719 2783 790 ούρανοῦ,
2818 720 2868 772 οι
2897 719 3182 788 δυσμενεῖς
3219 719 3505 790 λήψονται.
3628 773 3632 777 ,

2182 828 2201 862 ι
2245 808 2488 881 Βροῦχος
2520 808 2773 879 ὥρμησε,
2835 809 2928 861 καὶ
2975 808 3333 880 ὲξεπετάσθη.
3387 807 3521 877 (ιζ’.)
3567 809 3687 874 Ἐξ-

2103 902 2267 972 ήλατο
2293 901 2368 964 ὼς
2389 899 2679 961 ἀττέλαϐος
2704 900 2746 930 ³⁸
2769 900 2797 952 ό
2822 899 3129 970 σύμμικτός
3153 915 3266 963 σου,
3285 900 3359 964 ὡς
3383 900 3543 973 ἀκρὶς
3569 903 3686 954 ἑπι-

2102 991 2368 1062 ϐεϐηκυῑα
2413 992 2508 1044 ἰπὶ
2544 989 2798 1063 φραγμὸν
2843 991 2900 1044 ἐν
2945 990 3130 1062 ἡμέρᾳ
3176 994 3422 1061 πάγουςο
3457 995 3486 1047 6
3532 994 3687 1064 ἥλιος

2101 1080 2365 1146 ἀνέτειλε,
2401 1080 2498 1134 καὶ
2531 1079 2780 1150 ἀφήλατο
2811 1081 2878 1144 ³⁸,
2921 1081 3018 1133 καὶ
3049 1082 3153 1136 οὐκ
3186 1081 3507 1154 ἐπεγνώσθη
3533 1085 3564 1137 6
3591 1083 3685 1135 τό·

2101 1188 2203 1235 πος
2239 1171 2413 1241 αὐτῆς
2434 1171 2503 1224 ’⁸.
2559 1187 2579 1221 ι
2631 1170 2902 1242 Καθάπερ
2944 1172 3090 1243 γάρ,
3131 1172 3320 1243 φησὶν,
3370 1174 3532 1244 ἀκρίς
3589 1175 3686 1228 καὶ

2103 1261 2364 1333 βροῦχος,
2418 1262 2513 1316 καὶ
2554 1260 2624 1316 τὰ
2669 1263 2880 1328 τούτοις
2928 1264 3277 1336 προσόμοια,
3329 1264 3523 1334 δρόσου
3585 1265 3687 1335 μὲν

2103 1351 2460 1422 ἐπικειμένης
2508 1350 2752 1418 ὲφιζάνει
2801 1356 2915 1417 τοῖς
2958 1353 3202 1425 θάμνοις,
3255 1357 3568 1426 ἀποπτῆναι
3607 1358 3685 1428 μὴ

2099 1441 2406 1514 δυνάμενα·
2460 1442 2559 1512 τῆς
2598 1442 2657 1495 δὲ
2705 1443 2937 1514 ἡλιακῆς
2978 1444 3428 1516 προσϐαλλούσης
3463 1447 3686 1511 ἀκτῖνος

2099 1533 2403 1599 ἀνίσταται,
2447 1534 2540 1587 καὶ
2574 1533 2871 1589 πετλάννυσι
2903 1534 2972 1588 τὰ
3019 1536 3216 1608 πτερὰ,
3249 1537 3346 1590 καὶ
3387 1537 3468 1601 είς
3495 1538 3686 1609 ἕτερον

2104 1626 2422 1698 μεταϐαίνει
2457 1625 2653 1680 τόπον·
2688 1626 2864 1692 οὕτως
2893 1629 2940 1681 oi
2981 1629 3060 1692 είς
3095 1629 3421 1699 ἐπικουρίαν
3455 1647 3550 1683 σου
3579 1649 3686 1685 πα-

2103 1718 2477 1788 ραγενόμενοι,
2503 1717 2612 1770 τῶν
2635 1717 2913 1788 πολεμίων
2936 1719 3035 1789 τὴν
3069 1719 3376 1791 προσϐολὴν
3401 1719 3685 1791 θεασάμε-

2099 1828 2202 1874 vet,
2233 1811 2330 1881 τῆς
2360 1809 2511 1880 σφῶν
2540 1809 2722 1863 αὐτῶν
2748 1809 3018 1880 τωτηρίας
3045 1809 3380 1881 φροντιοῦσι,
3407 1813 3504 1865 καὶ
3533 1815 3684 1883 φυγῇ

2023 1890 2068 1947 Β
2096 1900 2462 1972 χρησάμενοι,
2495 1899 2665 1971 μόνην
2706 1915 2767 1952 σε
2812 1899 3251 1971 καταλείψουσιν.
3292 1896 3426 1954 Εἶτα
3467 1919 3687 1972 συμπα-

2098 1991 2337 2063 θητικῶς
2357 2007 2370 2022 ·

2173 2103 2191 2136 ι
2227 2081 2364 2136 υὺαὶ
2401 2083 2622 2146 αύτοῖςί
2663 2079 2806 2154 (ιη’.)
2846 2078 3175 2146 Ἐνύστᾱξαν
3199 2082 3249 2136 οἱ
3273 2083 3534 2153 ποιμένες
3563 2100 3682 2148 σου,

2099 2174 2356 2246 βασιλεὺς
2399 2171 2687 2245 Ἀσσύριος
2708 2173 2753 2204 ²²
2789 2173 3038 2243 ὲκοίμισε
3078 2173 3205 2237 τοὺς
3236 2171 3508 2237 δυνάστας
3552 2189 3678 2226 σουο

2096 2267 2312 2338 ἀπῆρεν
2345 2268 2374 2320 6
2397 2266 2527 2328 λαός
2563 2282 2658 2319 σου
2709 2265 2802 2319 ἐπὶ
2833 2265 2900 2319 τὰ
2937 2266 3061 2337 ὄρη,
3103 2265 3198 2319 καὶ
3229 2266 3330 2320 οὐκ
3371 2260 3442 2338 ἦν
3468 2266 3497 2318 6
3531 2266 3684 2320 ἐκδε-

2096 2358 2345 2429 χόμενος.
2385 2376 2404 2408 ι
2440 2355 2551 2409 Καὶ
2589 2356 2655 2408 ὲκ
2688 2354 2896 2408 τούτων
2924 2355 3104 2425 δῆλον,
3147 2355 3223 2418 ὡς
3253 2355 3348 2409 καὶ
3379 2355 3472 2409 τὸν
3504 2352 3683 2408 Βαϐυ-

2097 2448 2286 2500 λώνιον
2333 2447 2658 2514 Ἀσσύριον
2687 2447 2721 2516 ὴ
2753 2445 2873 2498 θεία
2906 2445 3305 2517 προσαγορεύει
3333 2447 3544 2516 Γραφή.
3581 2444 3684 2499 0'6-

2095 2557 2176 2595 τω
2231 2539 2288 2594 δὲ
2342 2539 2438 2593 καὶ
2485 2539 2534 2591 οἱ
2586 2536 2691 2602 ἔξω
2729 2539 3069 2607 συγγραφεῖς
3116 2538 3280 2592 αὐτὸν
3328 2538 3678 2609 ὀνομάζουσι.

2097 2631 2237 2696 Τοὺς
2283 2631 2384 2702 μὲν
2413 2629 2524 2698 γὰρ
2561 2627 2664 2698 τῆς
2710 2626 2899 2680 Νινευῒ
2943 2626 3200 2697 βασιλέας
3233 2627 3338 2700 ἔφη
3381 2629 3681 2694 νυστάξαι·

2097 2723 2296 2777 ὕπερον
2323 2718 2379 2773 δὲ
2401 2719 2493 2773 τὸν
2521 2718 2753 2774 θάνατον
2779 2718 3057 2790 ὀνομάζει.
3090 2718 3246 2774 Οὕτω
3274 2720 3384 2792 γὰρ
3408 2721 3556 2790 λέγει
3580 2724 3676 2777 καὶ

2097 2815 2125 2868 6
2161 2811 2434 2884 μακάριος
2468 2811 2634 2864 Δαϐίδ
2653 2825 2666 2839 ⁸
2711 2829 2730 2863 ι
2784 2810 2918 2863 ’Λπὺ
2946 2809 3319 2882 ὲπιτιμήσεώς
3349 2829 3466 2876 σου,
3492 2815 3522 2866 6
3548 2814 3680 2878 Θεὸς

2112 2901 2304 2955 Ἰακὼϐ
2325 2939 2339 2964 ,
2399 2890 2700 2966 ἐνύσταξαν
2742 2899 2792 2952 οἱ
2837 2899 3229 2971 ἐπιϐεϐηκότες
3264 2903 3380 2962 τοῖς
3413 2902 3622 2967 ἵπποις.
3656 2923 3677 2956 ι

2099 2984 2337 3051 Τούτους
2402 2987 2459 3039 δὲ
2527 2988 2655 3050 τοὺς
2721 2986 2975 3057 βασιλέας
3050 2989 3386 3060 κοιμηθῆναι
3454 2991 3682 3064 εἴρηκε·

2107 3098 2125 3132 ι
2165 3079 2431 3144 Βασιλεὺς
2469 3078 2757 3149 Ἀσσύριος
2786 3078 3032 3149 ὲκοίμισε
3051 3080 3177 3144 τοὺς
3213 3081 3479 3146 δυνάστας
3509 3100 3622 3137 σου.
3655 3103 3674 3137 ι

2101 3164 2320 3225 Τούτων
2345 3170 2400 3223 δὲ
2428 3165 2826 3240 ἀναιρεθέντων
2858 3170 3072 3241 ἀπῆρεν
3109 3173 3138 3223 6
3176 3171 3304 3235 λαός
3350 3189 3445 3226 σου
3491 3175 3582 3227 ἐπὶ
3615 3177 3688 3230 τὰ

409 3267 501 3339 qui
534 3268 806 3336 excipere,
862 3281 1039 3338 neque
1068 3267 1162 3337 qui
1214 3263 1472 3323 resistere
1526 3276 1734 3339 posset.
1789 3265 1996 3326 Deinde

2098 3265 2196 3336 ὅρη
2228 3264 2370 3332 φυγῇ
2404 3261 2711 3332 χρώμενος,
2746 3260 2839 3313 καὶ
2871 3262 2972 3314 οὐκ
2999 3257 3067 3332 ἦν
3096 3264 3124 3316 6
3155 3264 3529 3335 ἐκδεχόμενος,
3563 3268 3688 3321 οὐδὲ

409 3357 550 3412 mala
584 3355 914 3412 insanabilia
943 3373 1066 3440 esse
1092 3361 1392 3418 ostendens
1425 3379 1439 3416 :

476 3525 644 3583 Vens.
709 3527 797 3584 l9.
863 3545 881 3580 ‹
906 3527 1027 3583 Non
1057 3536 1141 3583 est
1186 3529 1404 3586 sanatio
1436 3532 1758 3588 centritioni
1811 3539 1936 3590 tuae.
1971 3555 1990 3587 ι

409 3613 545 3684 Quia
586 3620 796 3688 tropice
827 3620 1215 3675 contritionem
1258 3629 1312 3676 et
1347 3625 1638 3679 sanitatem
1678 3627 1881 3695 posuit,
1918 3628 1996 3683 si-

408 3705 612 3760 militer
648 3706 858 3760 addidit
892 3724 908 3760 :
937 3725 956 3759 ι
983 3705 1147 3777 Plaga
1181 3715 1273 3763 tua
1305 3710 1586 3767 intumuit.
1624 3730 1642 3764 ι
1674 3715 1996 3770 lncurabili-

407 3799 534 3864 lius,
565 3797 762 3867 inquit,
798 3799 958 3853 malis
988 3800 1171 3854 traditl
1198 3809 1350 3856 sum.
1389 3821 1407 3854 ι
1431 3805 1636 3861 Omnes
1664 3807 1759 3877 qui
1812 3805 1996 3860 audie-

409 3895 540 3944 runt
566 3889 822 3943 nuntium
873 3898 1049 3956 tuum,
1082 3892 1347 3962 plaudent
1398 3897 1656 3953 manibus
1705 3911 1872 3967 super
1920 3907 1991 3961 te,

413 3995 580 4050 super
613 3995 775 4051 quem
834 3981 982 4036 enim
1046 3995 1155 4037 non
1210 3975 1442 4040 intravit.
1465 3987 1672 4042 malitia
1716 3997 1807 4040 tua
1850 4001 1994 4041 sem-

412 4071 598 4142 per?»
635 4070 1033 4139 Becordantes,
1081 4072 1300 4146 inquit,
1362 4091 1552 4134 eorum
1608 4093 1730 4148 qua:
1784 4077 1884 4132 abs
1945 4085 1999 4133 te

413 4163 566 4232 passi
613 4172 763 4229 sunt,
788 4164 1121 4234 gaudebunt,
1157 4173 1210 4222 te
1243 4166 1359 4224 ham
1409 4171 1705 4235 sustinere,
1739 4177 1795 4225 et
1823 4169 2000 4225 mani-

413 4255 518 4309 bus
542 4253 823 4324 plaudent.
850 4251 988 4309 Cum
1011 4270 1142 4326 ergo
1197 4254 1409 4315 Judlcis
1431 4261 1751 4332 aequitatem
1780 4276 2002 4334 perspe-

414 4352 558 4400 ctam
594 4345 911 4412 habeamus,
943 4346 1212 4416 judicium
1241 4351 1552 4419 timeamus,
1593 4365 1650 4410 ut
1680 4353 1807 4410 inde
1835 4354 1997 4426 prod-

415 4439 637 4492 euntem
681 4445 875 4492 contra
928 4438 1116 4508 inique
1158 4450 1381 4511 agentes
1412 4433 1737 4516 effugiemus
1783 4453 2004 4499 senten-

2097 3351 2412 3423 ἀντιστῆναι
2443 3353 2760 3424 δυνάμενος.
2789 3347 2925 3407 Εἶτα
2945 3353 3008 3406 τὸ
3036 3353 3335 3425 ἀνήκεστον
3361 3356 3472 3409 τῶν
3497 3359 3687 3414 κακῶν

2098 3445 2494 3517 προσημαίνων
2516 3461 2530 3475 °

2170 3538 2252 3592 ιϐ’.
2292 3557 2310 3590 ι
2349 3534 2462 3591 Οὐκ
2487 3531 2632 3590 ἔστιν
2663 3532 2805 3599 ἴασις
2843 3537 2908 3606 τῇ
2950 3535 3209 3605 συντριϐῇ
3236 3553 3349 3590 σου.
3381 3555 3400 3586 ι
3460 3537 3684 3610 Ἐπειδὴ

2096 3623 2373 3699 τροπικῶς
2433 3626 2530 3697 τὴν
2573 3619 2863 3696 συντριϐὴν
2917 3625 3012 3677 καὶ
3067 3624 3166 3694 τὴν
3217 3624 3358 3678 ἴασιν
3408 3624 3678 3689 τέθεικεν,

2095 3710 2353 3781 ὡσαύτως
2375 3709 2652 3787 ἐπήγαγεν
2675 3731 2692 3746 ο
2727 3733 2747 3767 ι
2793 3715 3164 3784 Ἐφλέγμανεν
3208 3717 3241 3786 ἡ
3279 3715 3464 3786 πληγή
3503 3733 3618 3769 σου.
3640 3736 3674 3790 ἱ»

2109 3800 2392 3868 Ἀνιάτοις,
2419 3803 2576 3876 φησὶ,
2602 3802 2980 3874 παρεδόθησαν
3022 3803 3070 3835 ’³
3103 3801 3318 3868 κακοῖς.
3347 3824 3366 3857 ι
3407 3800 3683 3868 Πάντεςοί

2095 3891 2428 3956 ἀκούσαντες
2455 3892 2554 3965 τὴν
2585 3892 2851 3962 ἀγγελίαν
2882 3909 2998 3959 σου,
3026 3895 3356 3964 κροτήσουσι
3380 3895 3571 3964 χεῖρας
3590 3896 3686 3947 ἐπὶ

2099 3987 2180 4050 σὲ,
2202 3985 2336 4039 διότι
2353 3984 2447 4038 ἐπὶ
2459 3984 2583 4038 τίνα
2601 3981 2700 4038 οὐκ
2717 3980 2879 4056 ἦλθεν
2895 3981 2940 4013 ⁸⁸
2961 3984 2995 4053 ἡ
3017 3981 3185 4036 κακία
3207 3986 3299 4037 σου
3319 3983 3607 4047 διαπαντός
3629 4003 3680 4050 ς»

2112 4071 2702 4146 Ἀναμιμνησκόμενοι,
2736 4071 2890 4144 φησὶ,
2934 4071 3044 4125 τῶν
3095 4073 3175 4136 εἰς
3215 4073 3412 4136 αὐτοὺς
3443 4073 3547 4128 ύπδ
3587 4073 3687 4127 σοῦ

2099 4167 2410 4239 γενομένων
2431 4165 2641 4230 κακῶν,
2664 4163 3068 4234 ὲφησθήσονταί
3100 4180 3180 4216 σοι
3202 4163 3378 4217 ταῦτα
3408 4163 3682 4236 παθούσῃ,

2102 4259 2197 4313 κα¹ι
2222 4257 2318 4319 τὰς
2346 4257 2536 4329 χεῖρας
2557 4255 2942 4326 κροτήσουσιν.
2968 4249 3185 4316 Εἰδότες
3218 4253 3398 4306 τοίνυν
3420 4251 3516 4306 τοῦ
3545 4255 3685 4324 Κρι-

2101 4349 2194 4402 τοῦ
2235 4349 2294 4402 τὸ
2317 4349 2546 4414 δίκαιον,
2567 4346 2834 4416 δείσωμεν
2859 4343 2921 4398 τὸ
2961 4345 3266 4416 κριτήριον,
3289 4345 3377 4399 ἴνα
3411 4344 3512 4416 τὴν
3539 4346 3684 4398 ἐκεῖ·

2104 4437 2196 4491 θεν
2214 4439 2590 4510 ἐκφερομένην
2610 4434 2750 4489 κατὰ
2773 4435 2884 4487 τῶν
2913 4435 3375 4511 παρανομούντων
3403 4435 3684 4507 διαφύγω-

417 4528 571 4591 tiam,
617 4538 672 4581 et
721 4529 880 4584 bonis
928 4529 1146 4584 aeternis
1215 4529 1466 4588 fruamur
1498 4515 1540 4600 ,ν
1575 4533 1910 4604 benignitate
1949 4537 1997 4585 et

2110 4537 2207 4592 μεν
2235 4523 2436 4593 ψῆφον,
2467 4523 2562 4575 καὶ
2583 4515 2691 4574 τῶν
2755 4520 2987 4573 αἰωνίων
3021 4521 3423 4594 ἀπολαύσωμεν
3460 4525 3686 4592 ἀγαθῶν

416 4617 796 4673 misericordia
856 4618 1070 4674 Domini
1103 4621 1278 4676 nostri
1327 4622 1456 4680 Jesu
1493 4625 1724 4690 Christi,
1754 4635 1993 4692 quocum

2107 4613 2290 4684 χάριτι
2333 4615 2379 4646 ’⁸
2409 4614 2500 4667 καὶ
2531 4609 2910 4682 φιλανθρωπίᾳ
2929 4611 3024 4664 τοῦ
3061 4614 3264 4685 Κυρίου
3293 4609 3449 4686 ἡμῶν
3482 4615 3681 4685 Ἰησοῦ,

418 4707 565 4762 Patri
621 4709 793 4780 gloria
826 4749 842 4774 ,
903 4719 1010 4765 una
1044 4712 1188 4767 'eum
1222 4722 1414 4770 sancto
1466 4715 1696 4784 Spiritu,
1755 4721 1902 4768 nunc
1947 4720 1997 4768 ct

2107 4702 2369 4773 Χριστοῦ,
2413 4703 2533 4774 μεθ’
2559 4697 2620 4755 οὗ
2661 4702 2738 4772 τῷ
2785 4701 2960 4771 nam
2990 4703 3024 4774 ἡ
3051 4702 3198 4774 δόξα,
3266 4706 3362 4759 σὺν
3415 4706 3494 4784 τῷ
3541 4709 3685 4777 ἁγίῳ

419 4812 652 4868 semper,
694 4808 750 4856 et
789 4800 846 4855 in
878 4802 1079 4857 saecula
1114 4803 1464 4862 secutorum.
1498 4809 1694 4859 Amen.

496 5068 515 5097 π
552 5059 694 5117 Psal.
728 5080 888 5129 Lxxv,
926 5069 979 5119 ο.

2109 4794 2409 4862 Πνεύματι,
2456 4787 2550 4846 νῦν
2583 4794 2676 4847 καὶ
2731 4793 2840 4860 ἀεὶ,
2906 4793 2999 4846 καὶ
3026 4794 3108 4859 εἰς
3149 4796 3274 4862 τοὺς
3325 4781 3531 4863 αἰῶνας
3575 4793 3686 4853 τῶν

2111 4904 2143 4938 α
2153 4885 2342 4938 ζώνων.
2379 4883 2436 4937 Ἀ
2449 4884 2574 4954 μήν.

1654 5220 1893 5278 VARUS.
1932 5223 2334 5281 LECTIONES.

527 5389 568 5419 ”
596 5391 713 5444 ἀττ.
746 5389 824 5460 Ita
844 5391 1074 5460 quoque
1125 5381 1189 5446 Λ,
1225 5380 1346 5460 sed
1375 5381 1438 5436 C.
1492 5375 1827 5460 63;_éle€o;;_
1858 5379 1904 5460 ’.⁸
1939 5380 2213 5460 ﬁgitur.
2483 5389 2551 5460 et_
2589 5381 2630 5435 C
2661 5383 2844 5460 suppl.
2908 5385 2949 5416 ἰ
3009 5386 3046 5441 Α
3082 5384 3183 5441 οὐχ
3233 5385 3374 5458 ῑγνω
3402 5389 3491 5444 τδν
3523 5387 3694 5444 τόπον

426 5461 614 5532 αὐτῆς.
647 5461 692 5492 ¹²
725 5462 771 5518 Α
813 5448 1136 5526 Ἀσσυρίων.
1225 5451 1270 5483 ³³
1301 5452 1342 5502 12
1374 5451 1699 5524 παρεδόθης.
1785 5451 1830 5481 ⁸⁵*
1861 5449 1903 5504 Α
1936 5448 2191 5520 ἐπῆλθεν.
2276 5453 2320 5483 ³⁵
2352 5453 2476 5522 χάρ,
2513 5451 2551 5508 ι]
2583 5448 2786 5523 ριάιιιίξ
2813 5455 2892 5510 ἐν.

2019 5671 2089 5696 ιι.
