4090 6400
364 387 503 455 1809

1516 396 1597 456 IN
1628 398 1995 466 IIABACUC.
2039 399 2458 463 PREFATIO.

3494 413 3635 480 1810

368 552 3453 589 .___————__—_____________________________

679 707 1030 840 ΤΟΥ
1135 698 2028 848 ΜΑΚΑΡΙΟΥ
2135 717 3314 862 ΘΕΟΔΩΡΗΤΟΥ

1655 945 2057 1006 ΕΠΙΣΚΟΠΟΥ
2097 949 2333 1006 ΚΥΡυΥ

769 1103 1341 1196 ΕΡΜΗΝΕΙΑ
1415 1106 1589 1196 ΕΙΣ
1638 1109 1867 1196 TON
1915 1111 2548 1205 ΠΡΟΦΗΤΗΝ
2577 1113 3235 1211 ΑΜΒΑΚΟΥΜ.

998 1467 1577 1630 ΒΕΑΤΙ
1726 1477 1946 1632 ΤΗ

2048 1473 2988 1631 ΞΟΒΟΒΕΤΙ

1628 1739 1938 1799 EPISCOPI
1998 1740 2347 1801 CYRE'NSIS

806 1912 1801 2013 INTERPRETATIO
1875 1917 2573 2016 PROPHETIE
2626 1920 3206 2017 HABACUC.

973 2264 1334 2320 ΥΠΟΘΕΣΙΣ.

434 2355 558 2411 Εἰσί
582 2373 749 2422 τινες,
777 2355 828 2409 οἳ
855 2357 1051 2427 κομιδῇ
1097 2356 1510 2428 δυσχεραίνουσι
1538 2359 1666 2422 τοὺς
1695 2359 1942 2413 ἀδικοῦν-

359 2466 461 2515 τας
487 2448 894 2521 εὑημεροῦντας
961 2447 1262 2519 θεώμενοι·
1293 2450 1387 2504 καὶ
1429 2451 1477 2504 oi
1513 2451 1612 2522 μὲν
1664 2452 1944 2517 ὲνδυάζου-

363 2560 449 2596 σιν
475 2545 521 2576 ’⁸
569 2544 618 2595 εί
657 2540 1028 2613 προμηθεῖται
1081 2541 1194 2595 τῶν
1235 2542 1538 2614 ἀνθρώπων
1576 2547 1605 2598 6
1653 2545 1762 2597 τῶν
1805 2546 1943 2599 ὅλων

361 2632 527 2698 Θεός·
552 2636 600 2687 οἰ
629 2632 686 2685 δὲ
737 2631 1053 2686 πιστεύουσι
1091 2632 1192 2703 μὲν
1233 2634 1348 2698 τοῖς
1400 2637 1528 2707 περὶ
1579 2637 1833 2708 προνοίας
1855 2637 1944 2690 λό-

360 2740 483 2792 γοις
503 2766 518 2789 ,
549 2721 889 2794 ὲπαποροῦσι
917 2721 975 2777 δὲ
1023 2723 1075 2777 τί
1119 2725 1321 2797 δήποτε
1353 2725 1540 2782 τοῦτον
1579 2730 1944 2800 οἰκονομεῖται

360 2815 454 2869 τὸν
486 2817 690 2889 τρόπον
717 2816 789 2869 τὰ
820 2816 1145 2887 πράγματα.
1192 2817 1410 2873 Τούτων
1444 2819 1553 2873 τῶν
1579 2820 1848 2892 δευτέρων
1885 2821 1946 2874 τὸ

362 2906 656 2978 πρόσωπον
677 2909 706 2962 6
733 2907 1037 2979 θαυμάσιος
1077 2909 1403 2982 Ἀμϐακοὺμ
1431 2911 1460 2964 6
1488 2912 1775 2984 προφήτης
1811 2913 1946 2967 ἀνα-

361 2997 566 3066 λαϐὼν,
593 2999 867 3071 ὲπαπορεῖ
924 3000 1047 3071 μὲν,
1085 3001 1158 3065 ὡς
1199 3001 1359 3072 δῆθεν
1389 3003 1552 3068 αὐτὸς
1579 3004 1772 3074 μαθεῖν
1801 3006 1950 3074 ἐφιέ-

365 3110 526 3162 μενος
565 3092 665 3162 τὴν
695 3093 874 3146 αἰτίαν
901 3093 1012 3147 τῶν
1067 3095 1410 3168 γιγνομένων
1436 3114 1449 3128 ·
1481 3097 1732 3170 ἐπιφέρει
1757 3099 1813 3152 δὲ
1849 3098 1948 3170 τὴν

334 3254 338 3258 _
360 3181 538 3248 λύσιν,
561 3184 630 3254 ἢν
663 3185 695 3256 ἡ
719 3184 813 3237 τοῦ
843 3184 1162 3256 Πνεύματος
1179 3188 1484 3259 ἐχορήγησε
1510 3189 1689 3260 χάρις.
1723 3191 1796 3244 Ού
1815 3191 1945 3262 γὰρ,

361 3272 442 3338 ὥς
465 3292 606 3339 τινες
639 3275 933 3341 ὑπέλαϐον,
958 3278 1123 3342 αὐτὸς
1150 3278 1309 3332 τοῦτό
1328 3295 1392 3347 γε
1424 3279 1488 3332 rb
1519 3281 1690 3344 πάθος
1719 3282 1948 3350 ὑπέμει-

361 3381 482 3424 νεν’
521 3367 658 3422 ἀλλὰ
705 3368 766 3421 τὸ
795 3369 843 3402 ’⁷
872 3369 1024 3440 παρὰ
1071 3369 1182 3422 τῶν
1218 3369 1392 3424 ἄλλων
1424 3370 1688 3441 εἰσφέρει,
1718 3374 1813 3425 καὶ
1845 3371 1949 3442 τὴν

363 3457 626 3528 περὶτῶν
684 3459 1035 3530 ζητουμένων
1080 3461 1332 3532 ἐπιφέρει
1365 3462 1737 3517 διδασκαλίαν.
1768 3463 1813 3516 Τ
1816 3463 1948 3517 αυτὸ

361 3549 612 3618 δήτοῦτο
666 3550 934 3622 πεποίηκε
992 3551 1088 3604 καὶ
1115 3551 1144 3603 6
1178 3551 1320 3616 θεῖος
1363 3552 1526 3606 Δαϐίδ
1551 3570 1565 3584 ·
1600 3553 1810 3622 εἰσάγει
1838 3554 1946 3625 γὰρ

1896 2246 1902 2250 ’
1980 2271 2028 2328 Α

2455 2271 2670 2344 1536
2739 2269 3249 2328 ARGUMENTUM.

2116 2358 2255 2414 Sunt
2274 2360 2368 2430 qui
2401 2363 2644 2430 graviter
2667 2370 3090 2416 commoventur
3109 2361 3427 2414 felicitatem
3459 2361 3631 2432 injus-

2044 2462 2221 2506 torum
2249 2459 2538 2507 cernentes
2560 2461 2642 2508 :et
2663 2461 2792 2508 sunt
2821 2451 3041 2522 quidem
3061 2451 3154 2522 qui
3173 2450 3425 2505 dubitant
3447 2460 3628 2506 utrum

2044 2544 2192 2598 Deus
2245 2543 2630 2598 universorum
2700 2557 2792 2596 res
2841 2541 3112 2596 lmmauas
3168 2547 3428 2610 procuret
3473 2557 3488 2592 :
3538 2540 3632 2593 alii

2046 2643 2228 2689 autem
2268 2633 2501 2689 credunt
2525 2633 2746 2703 quidem
2773 2630 3124 2688 sermonibus
3171 2631 3240 2685 de
3261 2629 3631 2700 providentia.

2046 2735 2420 2781 verumtamen
2474 2725 2731 2780 dubitant
2771 2738 2872 2784 cur
2925 2723 3029 2778 hoc
3059 2721 3225 2776 modo
3253 2737 3343 2777 res
3379 2721 3634 2774 humanae

2046 2818 2435 2889 gubernentur.
2462 2815 2666 2871 Herum
2688 2815 3054 2887 posteriorum
3071 2828 3358 2884 personam
3379 2811 3634 2867 llabacuc

2048 2909 2312 2978 propheta
2351 2907 2680 2978 suscipiens.
2714 2906 2876 2976 quasi
2910 2919 3100 2960 eorum
3133 2919 3259 2974 qua:
3285 2903 3425 2957 fiunt
3464 2902 3636 2956 ratio-

2047 3016 2174 3056 nem
2207 2999 2324 3070 ipse
2358 3000 2672 3070 perdiscere
2706 2998 2916 3068 cupiat,
2954 2998 3312 3068 quasstionem
3355 2993 3632 3063 proponit,

2049 3105 2105 3149 et
2132 3091 2252 3160 eius
2290 3091 2624 3147 solutionem
2649 3090 2954 3159 subiungit,
3005 3103 3171 3160 quam
3195 3086 3366 3142 divini
3397 3084 3636 3156 Spiritus

2050 3184 2226 3256 gratia
2260 3183 2650 3254 suppeditavit.
2702 3181 2815 3238 Nec
2853 3181 3028 3246 enim;
3063 3189 3124 3234 ut
3151 3179 3374 3250 quidam
3423 3177 3640 3248 opinati

2049 3285 2200 3342 sunt,
2236 3277 2354 3346 ipse
2385 3277 2490 3331 hoc
2523 3275 2718 3330 morbo
2739 3272 3010 3329 laboravit
3040 3289 3054 3326 :
3088 3273 3184 3328 sed
3214 3272 3446 3326 aliorum
3477 3285 3631 3339 quze-

2048 3367 2509 3433 Stionesindueit,
2535 3375 2589 3421 et
2612 3366 2968 3436 quaesitorum
3011 3362 3221 3434 profert
3260 3361 3632 3430 disciplinam.

2050 3457 2162 3513 Hoc
2189 3459 2329 3513 idem
2346 3457 2474 3513 fecit
2496 3457 2659 3512 etiam
2681 3457 2902 3512 divinus
2920 3454 3115 3520 David,
3143 3467 3436 3524 personam
3461 3453 3638 3507 intro-

2048 3550 2258 3605 ducens
2292 3535 2530 3606 hominis
2560 3549 2802 3620 graviter
2833 3547 3063 3603 ferentis
3095 3547 3364 3600 malorum
3404 3544 3637 3600 felicita-

363 3615 656 3708 πρόσωπον
699 3615 977 3703 δυσκόλως
1039 3639 1161 3710 ἔχον
1224 3641 1361 3713 πρὸς
1410 3641 1512 3706 τὰς
1555 3641 1665 3696 τῶν
1693 3615 1946 3716 πονηρῶν

2050 3650 2180 3705 tem,
2215 3642 2302 3697 his
2329 3641 2512 3696 verbis
2543 3615 2604 3695 εν(
2631 3640 2732 3695 Mei
2766 3649 2946 3696 autem
2972 3654 3112 3710 pene
3133 3637 3263 3694 moti
3295 3645 3423 3693 sunt
3444 3637 3636 3707 pedes.

363 3730 686 3802 εὐπραξίας,
701 3732 793 3785 καί
817 3749 1003 3803 φησιν·
1031 3752 1050 3783 ‹
1073 3733 1238 3804 Ἐμοῦ
1263 3734 1320 3788 δὲ
1338 3735 1490 3807 παρὰ
1513 3736 1708 3808 μικρὸν
1732 3736 1948 3790 ἐσαλεύ-

362 3819 539 3890 θησαν
564 3821 616 3874 οἰ
654 3821 835 3889 πόδες,
887 3826 1021 3894 παρ’
1060 3823 1241 3892 ὀλίγον
1283 3825 1511 3899 ἐξεχύθη
1541 3827 1948 3899 τὰβιαϐήματά

365 3927 490 3980 μου,
535 3911 618 3964 ὃτι
661 3911 913 3985 ἐζήλωσα
965 3914 1057 3967 ἐπὶ
1087 3917 1201 3976 τοῖς
1229 3913 1450 3986 ἀνόμοις
1489 3919 1715 3988 εἰρήνην
1764 3920 1948 3991 ἁμαρ-

362 3999 550 4053 τωλῶν
604 4000 848 4072 θεωρῶν.
885 4021 904 4052 ι
930 4003 1042 4056 Καὶ
1087 4002 1256 4057 πολλὰ
1291 4003 1515 4056 τοιαῦτα
1548 4005 1757 4068 τούτοις
1777 4023 1946 4076 προσ-

362 4087 498 4154 θεὶς,
533 4089 783 4158 ὑπέδειξε
836 4091 946 4144 τῶν
987 4093 1336 4163 ζητουμένων
1381 4095 1480 4164 τὴν
1516 4093 1687 4149 λύσιν.
1722 4114 1742 4146 r
1775 4096 1946 4149 Τοῦτο

277 4201 282 4204 ·
361 4181 490 4252 γὰρ.
523 4182 678 4254 φησὶ,
709 4185 876 4248 κόπος
907 4186 1055 4240 ἐστὶν
1086 4185 1316 4239 ἐνώπιόν
1337 4203 1459 4257 μου,
1495 4187 1603 4251 ἕως
1628 4180 1690 4241 οὗ
1723 4190 1947 4242 εἰσέλθω

362 4275 444 4337 είς
469 4273 532 4327 τὸ
563 4275 917 4348 ἀγιαστήριον
939 4277 1032 4331 τοῦ
1054 4277 1212 4345 Θεοῦ,
1245 4279 1341 4332 καὶ
1365 4279 1510 4332 συνῶ
1541 4281 1619 4344 εἰς
1642 4281 1710 4335 τὰ
1743 4279 1946 4351 ἔσχατα

363 4365 564 4418 αὐτῶν.
597 4383 618 4419 r
650 4366 821 4420 Τοῦτο
855 4367 914 4420 δὲ
975 4367 1164 4438 μαθὼν
1210 4369 1319 4423 ἀπὸ
1345 4370 1446 4440 τῆς
1487 4369 1580 4423 τοῦ
1629 4370 1948 4441 Πνεύματος

363 4457 608 4530 χάριτος,
661 4460 912 4532 ἐπήγαγε
938 4476 952 4490 ο
991 4480 1010 4512 ι
1048 4461 1195 4533 Πλὴν
1230 4462 1318 4515 διὰ
1368 4461 1470 4526 τὰς
1497 4462 1813 4532 δολιότητας
1847 4463 1946 4516 αύ-

364 4551 472 4604 τῶν
526 4551 648 4605 ἔθου
703 4554 890 4618 αὐτοῖς
934 4555 1113 4609 κακά·
1165 4555 1464 4619 κατέϐαλες
1522 4556 1723 4619 αὐτοὺς
1775 4557 1833 4608 ὲν
1870 4555 1948 4626 τῷ

362 4641 706 4714 ἐπαρθῆναιο
740 4645 859 4708 πῶς
923 4646 1175 4715 ἐγένοντο
1225 4649 1306 4709 εἰς
1353 4648 1670 4720 ὲρήμωσινς
1719 4646 1949 4713 ἐξάπινα

363 4733 632 4798 ἐξέλιπον,
684 4735 969 4790 ἀπώλοντο
1028 4736 1118 4790 διὰ
1171 4737 1270 4808 τὴν
1320 4737 1555 4808 ἀνομίαν
1593 4736 1794 4798 αὑτῶν,
1818 4735 1950 4788 ὡσεὶ

364 4826 617 4880 ἐνύπνιον
645 4825 1093 4899 ὲξεγειρομένων.
1135 4847 1153 4880 ι
1191 4829 1304 4883 Καὶ
1331 4830 1450 4899 μετ’
1473 4829 1651 4898 ὀλίγα,
1681 4827 1950 4882 διδάσκων

367 4916 444 4988 μὴ
469 4917 949 4989 πολυπραγμονεῖν
964 4919 1066 4982 τὰς
1087 4919 1238 4982 θείας
1261 4918 1598 4988 οἰκονομίας,
1623 4918 1736 4971 ἀλλ’
1763 4919 1950 4971 ἁπλοῖ-

364 5005 478 5070 κὼς
519 5009 648 5070 τοὺς
672 5007 852 5071 θείους
897 5008 1260 5078 ὑποδέχεσθαι
1315 5007 1509 5076 λόγους
1533 5025 1549 5039 ο
1573 5027 1593 5061 ι
1626 5009 1944 5079 Κτηνώδης,

363 5099 552 5170 φησιν,
604 5099 876 5170 ἐγενόμην
912 5099 1065 5171 παρὰ
1105 5099 1208 5164 σοὶ,
1248 5099 1408 5168 κάγὼ
1448 5099 1535 5153 διὰ
1574 5101 1776 5162 *παντὸς
1809 5101 1947 5169 μετὰ

366 5188 485 5242 σοῦ.
515 5207 533 5238 ι
571 5189 848 5260 Ιῐροσήκει
878 5189 986 5260 γάρ
1024 5206 1112 5259 με,
1156 5190 1313 5260 φησὶ,
1363 5189 1618 5260 καθάπερ
1661 5189 1854 5243 ἓπεται
1886 5190 1946 5243 τὸ

367 5281 564 5350 κτῆνος
597 5279 674 5350 τῷ
703 5281 992 5352 ἡγουμένῳ
1012 5272 1420 5353 καὶᾶγοντι,’μὴ
1452 5279 1944 5352 περιεργαζόμενοι)

368 5371 474 5428 ποῦ
504 5373 732 5443 βαδίζει,
765 5371 910 5430 οὕτω
965 5376 1079 5437 τοῖς
1121 5376 1234 5437 σοῖς
1290 5373 1468 5443 λόγοις
1503 5373 1800 5439 πιστεύειν,
1847 5375 1944 5428 καὶ

2053 3733 2264 3803 1537
2297 3748 2436 3802 pene
2463 3730 2621 3788 effusi
2647 3741 2777 3788 sunt
2801 3745 3028 3803 gressus
3065 3731 3203 3785 mei:
3237 3729 3365 3799 quia
3395 3729 3512 3784 zelo
3541 3743 3639 3783 ex-

2049 3824 2158 3877 arsi
2201 3832 2395 3877 contra
2426 3823 2669 3892 iniquos,
2715 3836 2903 3892 pacem
2934 3829 3285 3890 peccatorum
3323 3817 3516 3874 videns
3539 3827 3585 3871 ⁸.
3612 3835 3630 3867 ι

2049 3911 2116 3965 Ει
2149 3921 2273 3982 post
2303 3913 2409 3966 alia
2455 3911 2729 3981 ejusmodi
2761 3911 2952 3974 multa,
3002 3910 3361 3979 quaesitorum
3409 3908 3638 3963 solutio-

2046 4018 2172 4058 nem
2202 4003 2444 4058 ostendit
2470 4021 2482 4056 :
2513 4020 2533 4052 σ
2558 4001 2676 4058 Hoc
2705 4003 2876 4064 enim,
2907 4001 3107 4070 inquit,
3150 4010 3169 4029 '
3189 3999 3347 4055 labor
3374 4006 3460 4055 est
3508 4008 3639 4055 ante

2047 4109 2156 4158 me,
2181 4094 2357 4149 donec
2383 4094 2584 4150 inirem
2609 4094 2666 4148 in
2701 4093 3081 4149 sanetuarium
3109 4087 3223 4155 Dei,
3249 4101 3302 4146 et
3334 4092 3634 4163 intelligam

2048 4185 2347 4240 novissima
2373 4199 2563 4240 eorum
2590 4186 2630 4241 ⁸.
2662 4204 2682 4236 ι
2722 4181 2838 4239 Hoc
2873 4199 3008 4240 vero
3037 4199 3134 4254 per
3175 4183 3349 4238 divini
3391 4184 3634 4254 Spiritus

2047 4277 2277 4348 gratiam
2307 4276 2557 4342 edoctus,
2605 4276 2887 4332 subdidit:
2936 4276 3370 4331 «Verumtamen
3411 4287 3637 4346 propter

2047 4370 2208 4424 dolos
2237 4384 2428 4428 eorum
2458 4369 2693 4440 posuisti
2737 4370 2818 4425 eis
2846 4369 2988 4423 mala
3020 4388 3033 4424 :
3061 4369 3310 4439 deiecisti
3355 4385 3472 4432 eos,
3507 4386 3634 4425 cum

2050 4462 2441 4518 allevarentur.
2467 4461 2756 4528 Quomodo
2791 4459 2918 4515 facti
2955 4467 3085 4516 sunt
3116 4461 3171 4514 in
3201 4460 3638 4516 desolationem?

2051 4554 2232 4610 subito
2290 4554 2630 4617 defecerunt,
2675 4555 2960 4626 perierunt
3015 4561 3238 4626 propter
3291 4554 3632 4624 iniquitatem

2049 4659 2227 4712 suam,
2282 4646 2431 4701 velut
2497 4645 2771 4702 somnium
2809 4645 3150 4716 surgentium
3172 4656 3219 4698 ιι.
3259 4664 3278 4696 ι
3311 4645 3414 4700 ‘Et
3469 4645 3637 4714 paulo

2051 4744 2199 4807 post,
2239 4735 2445 4793 docens
2474 4735 2571 4792 Dei
2617 4735 3060 4805 dispensationes
3094 4736 3315 4792 curiose
3351 4735 3637 4806 inquiren—

2050 4827 2152 4883 das
2183 4821 2294 4883 ηὸη
2345 4841 2491 4894 esse,
2524 4829 2619 4884 sed
2653 4827 2978 4897 simpliciter
3017 4827 3203 4882 divina
3256 4827 3420 4885 verba
3461 4828 3638 4882 susci-

2051 4919 2288 4991 pienda:
2323 4939 2342 4972 ι
2367 4920 2435 4978 Ut
2458 4923 2788 4991 jumentum,
2823 4921 3020 4992 inquit,
3048 4919 3228 4976 factus
3261 4936 3379 4976 sum
3398 4919 3541 4990 apud
3560 4928 3634 4985 te,

2054 5021 2108 5068 et
2137 5028 2240 5084 ego
2278 5029 2495 5085 semper
2519 5023 2766 5072 tecum'.
2789 5035 2807 5068 ι
2848 5014 2982 5070 Nam
3012 5014 3494 5086 quemadmodum,
3553 5015 3638 5069 in-

2055 5106 2194 5175 quit,
2239 5105 2549 5175 jumentum
2605 5109 2858 5180 sequitur
2885 5110 3189 5172 ductorem,
3244 5123 3352 5162 non
3406 5105 3641 5164 sollicite

2051 5197 2336 5267 inquirens
2372 5214 2482 5269 quo
2514 5201 2702 5266 vadat,
2737 5203 2811 5256 ita
2865 5201 3125 5257 convenit
3179 5209 3240 5254 ut
3295 5202 3482 5257 verbis
3522 5201 3636 5257 tuis

2051 5287 2211 5344 ﬁdem
2243 5290 2495 5356 habeam,
2527 5300 2581 5346 et
2611 5293 2756 5364 leges
2798 5301 2922 5350 tuas
2957 5309 3192 5365 sequar:
3228 5293 3332 5348 hoc
3375 5294 3520 5348 enim
3555 5293 3633 5345 fa-

2051 5381 2222 5443 ciens,
2258 5388 2348 5436 tua
2383 5384 2775 5454 procuratione
2807 5400 2913 5442 non
2939 5386 3230 5443 destituar.
3258 5382 3415 5452 Quod
3449 5390 3632 5438 autem

439 5562 464 5591 ⁸
495 5546 644 5606 Psal.
676 5563 852 5616 Lxxu,
890 5547 944 5614 9,
977 5549 1031 5604 3.
1127 5554 1144 5589 ί
1175 5547 1308 5605 ibid.
1335 5547 1422 5617 l6,
1455 5548 1542 5603 ΓΙ.
1622 5558 1649 5588 ι’
1684 5547 1824 5612 ibid.
1859 5554 2043 5612 18-20.
2121 5566 2149 5596 '
2181 5555 2313 5613 ibid.
2338 5553 2430 5621 22,
2464 5556 2557 5612 9.3.

1640 5708 1875 5795 νΑῐΜῑ
1904 5710 2307 5797 LECTIONES.

424 5797 468 5830 ⁸⁵
502 5798 544 5854 C
573 5800 963 5866 ἐνδοιάζουσιν,
1028 5806 1072 5839 ⁸⁷
1102 5803 1181 5861 ld.
1214 5804 1307 5862 τὰ.
