4090 6402
330 418 335 423 -
375 368 528 466 ιεία

1635 376 2113 467 1ΝἰιΑΒΑωΟ
2158 413 2315 474 eae.
2359 414 2408 474 Ι.

3502 376 3638 471 Ista

371 516 497 578 τοῖς
543 514 953 587 θεσπιζομένοις
1012 519 1300 589 προσχεῖν,
1365 517 1807 588 καταπλαγῆναι,
1858 518 1959 572 καὶ

2063 521 2411 591 horrescant,
2433 535 2485 583 et
2508 527 2734 583 timeant
2760 525 2960 581 minas.
2985 523 3380 579 Verumtamen
3409 524 3637 585 sciebat,

368 605 555 660 δεῖσαι
601 608 702 677 τὴν
762 607 1012 679 ἀπειλήν.
1064 606 1188 663 Οῐδε
1215 609 1274 663 δὲ
1318 610 1488 676 ὅμως,
1518 608 1614 665 ἅτε
1642 610 1708 682 δὴ
1741 610 1958 665 ἅπαντα

371 694 478 749 καὶ
506 698 636 770 πρὶν
672 697 925 767 γενέσθαι
965 700 1151 771 σαφῶς
1192 701 1572 774 ἐπιστάμενος,
1609 703 1685 767 ὡς
1722 705 1956 777 ἀπιστή-

374 802 536 840 σουσι
591 789 706 852 τοῖς
754 787 1090 861 λεγομένοις,
1140 793 1236 845 καὶ
1291 792 1399 863 πρὸ
1461 796 1563 864 τῆς
1623 793 1821 866 πείρας
1846 795 1956 848 τῶν

371 880 728 951 πραγμάτων
747 881 962 952 ψευδεῖς
1014 883 1143 947 τοὺς
1195 885 1324 956 περὶ
1350 883 1560 940 τούτων
1589 886 1837 956 νομιοῦσι
1866 882 1959 940 λό-

369 988 531 1039 γους.
566 973 706 1027 Ἀλλ’
731 975 882 1045 ὅμως
903 975 1105 1045 ἀγαθὸς
1133 975 1209 1029 ὣν
1233 976 1327 1029 καὶ
1347 976 1575 1043 δίκαιος,
1616 979 1824 1049 κρίνειν
1853 979 1960 1034 ὑπὸ

371 1063 553 1136 μόνης
582 1067 684 1136 τῆς
713 1066 1074 1137 προγνώσεως
1104 1069 1204 1123 οὐκ
1244 1069 1498 1140 ἀνέχεται
1523 1088 1536 1102 ⁸
1572 1071 1708 1125 ἀλλὰ
1730 1072 1823 1125 καὶ
1848 1073 1960 1136 τοῖς

368 1152 668 1208 ἀπιστοῦσι
696 1154 798 1219 τὰς
827 1158 1163 1229 προρρήσεις
1188 1160 1508 1230 προσφέρει,
1534 1162 1628 1215 καὶ
1662 1160 1959 1233 θεραπείαν

364 1244 435 1297 οὐ
461 1245 775 1315 δεχομένοις
802 1249 899 1317 τὴν
931 1250 1198 1320 τιμωρίαν
1223 1251 1441 1319 ἐπάγει.

446 1336 526 1402 ς’.
555 1356 572 1389 ι
602 1337 694 1391 Διὸ
715 1337 760 1369 ’⁵⁸
794 1340 902 1393 ἰδοὺ
937 1340 1049 1409 ἐγὼ
1115 1342 1319 1413 ἐγείρω
1372 1344 1502 1408 τοὺς
1551 1346 1873 1414 Χαλδαίους,
1898 1348 1959 1402 τὸ

366 1429 530 1491 ἔθνος
551 1429 611 1483 τὸ
637 1430 833 1501 πικρὸν
872 1432 965 1486 καὶ
993 1432 1053 1486 τὸ
1098 1435 1337 1506 ταχινὸν,
1368 1436 1461 1490 καὶ
1498 1435 1544 1469 ⁸⁸
1570 1437 1633 1491 τὸ
1661 1440 1960 1510 πορευόμε-

367 1535 467 1572 νον
496 1520 587 1573 ἐπὶ
616 1520 685 1574 τά
719 1522 894 1594 πλάτη
930 1525 1028 1594 τῆς
1077 1526 1199 1595 γῆς,
1251 1525 1345 1579 τού
1408 1528 1959 1601 κατακληρονομῆσαι

322 1615 326 1619 “
370 1609 713 1682 σκηνώματα
745 1614 841 1683 οὐχ
887 1614 1075 1670 αὑτοῦ.
1119 1634 1138 1669 ι
1185 1616 1347 1687 ’Υμίν
1367 1618 1477 1690 γάρ
1512 1621 1624 1683 τοῖς
1653 1620 1839 1693 ἀδικία
1868 1624 1961 1676 καὶ

370 1704 698 1775 παρανομίᾳ
743 1703 950 1768 συζῶσι
1000 1706 1068 1760 δι’
1109 1705 1204 1772 οὓς
1273 1706 1722 1780 δυσχεραίνουσιν
1773 1714 1823 1765 oi
1863 1713 1961 1783 τῆς

371 1793 641 1865 Προνοίας
681 1794 1005 1863 ἀγνοοῦντες
1037 1796 1162 1860 τοὺς
1216 1798 1435 1865 νόμους,
1483 1802 1610 1866 τοὺς
1644 1803 1979 1875 ὠμοτάτους,

2066 616 2269 687 quippe
2298 619 2390 689 qui
2426 618 2611 673 omnia
2662 619 2815 674 novit
2862 624 3157 688 antequam
3201 616 3356 677 fiant,
3399 616 3541 684 quod
3577 617 3641 668 ιι.

2064 707 2185 763 dem
2212 708 2376 767 dictis
2407 709 2648 766 habituri
2689 725 2799 764 non
2840 718 3047 773 essent,
3089 717 3145 764 et
3191 708 3336 777 quod
3381 717 3505 762 ante
3557 723 3645 761 re—

2065 812 2186 851 rum
2211 801 2647 869 experimentum
2674 799 2844 856 falsos
2875 799 2966 871 qui
2995 801 3061 854 de
3093 800 3179 854 his
3208 784 3420 851 licbant
3440 813 3643 852 sermo-

2065 905 2165 944 nes
2202 890 2579 946 existimaturi
2605 900 2831 947 essent:
2861 899 3066 954 tamen,
3103 905 3227 945 cum
3264 887 3446 944 bonus
3478 889 3551 943 sit
3584 899 3643 941 ct

2051 964 2271 1050 justus,
2294 980 2550 1051 judicare
2579 998 2645 1037 ex
2672 984 2787 1037 sola
2825 982 3169 1053 prmnotione
3204 997 3312 1035 non
3356 981 3494 1043 vult,
3542 980 3638 1032 sed

2063 1073 2231 1126 etiam
2268 1088 2378 1127 non
2433 1071 2793 1129 credentibus
2847 1072 3238 1143 praedictiones
3299 1070 3534 1142 profert,
3584 1079 3639 1122 ιι

2065 1166 2412 1220 curationem
2439 1179 2552 1220 non
2583 1165 2979 1236 recipientibus
3017 1163 3287 1233 supplicia
3313 1162 3541 1232 irrogat.

2135 1342 2302 1398 Vens.
2336 1343 2391 1398 6.
2436 1361 2457 1397 ι
2500 1342 2712 1398 Idcirco
2762 1356 2893 1397 ecce
2947 1356 3047 1413 ego
3094 1341 3300 1395 suscito
3329 1339 3637 1401 Chaldaeos,

2062 1445 2278 1506 gentem
2326 1450 2572 1490 amaram
2620 1442 2676 1490 et
2730 1435 2999 1499 velocem,
3052 1447 3175 1502 qua:
3202 1432 3448 1487 ambulat
3476 1446 3641 1501 super

2061 1509 2408 1580 latitudinem
2443 1536 2636 1587 teme,
2679 1532 2741 1577 ιιι
2781 1521 3063 1593 possideat
3122 1523 3477 1577 tabernacula
3529 1538 3639 1577 non

2063 1633 2183 1674 sua.
2231 1635 2250 1669 ι
2286 1616 2476 1672 ln.vos
2503 1616 2675 1681 enim,
2705 1615 2906 1684 inquit,
2937 1613 3032 1684 qui
3067 1614 3235 1667 vitam
3287 1610 3557 1680 injuriose
3586 1625 3642 1667 et

2063 1709 2254 1778 inique
2284 1706 2497 1776 agendo
2529 1703 2884 1768 consumitis,
2913 1710 3138 1773 propter
3167 1718 3307 1773 quos
3350 1698 3642 1773 indignan-

2063 1809 2174 1865 tur,
2202 1798 2297 1869 qui
2333 1796 2696 1852 Providentiae
2723 1797 2869 1867 leges
2900 1798 3186 1867 ignorant,
3227 1792 3640 1848 crudelissimos

368 1884 473 1939 καὶ
497 1883 790 1949 ὀξυτάτους
835 1885 1021 1951 ὲπάξω
1066 1887 1389 1953 Χαλδαίους,
1433 1890 1483 1943 oi
1529 1891 1638 1945 τῶν
1663 1869 1958 1964 ἀλλοτρίων

2061 1904 2116 1947 et
2146 1891 2532 1946 velocissimos
2565 1889 2821 1944 inveham
2850 1886 3157 1950 Chaldaeos,
3187 1885 3281 1957 qui
3319 1886 3497 1941 aliena
3541 1900 3641 1955 ap-

369 1976 675 2046 ἐφιέμενοι,
707 1977 848 2030 κατὰ
872 1981 1091 2033 πάντων
1137 1980 1494 2050 στρατεύουσι
1522 1983 1633 2036 τῶν
1659 1984 1851 2040 ὲονῶν.

446 2068 512 2130 ζ’.
545 2086 563 2119 ι
599 2068 835 2139 Φοσερὸς
879 2069 975 2124 καὶ
1019 2072 1290 2144 ἐπιφανής
1319 2075 1470 2128 ἐστιν
1490 2092 1505 2106 ο
1534 2076 1593 2141 ἐξ
1629 2076 1676 2110 ³⁸
1703 2078 1869 2133 αὑτοῦ
1900 2079 1959 2133 τὸ

368 2162 548 2230 κρῖμα
600 2160 768 2215 αὐτοῦ
823 2161 997 2229 ἔσται,
1036 2163 1130 2217 καὶ
1166 2165 1225 2218 τὸ
1251 2164 1446 2237 λῆμμα
1484 2166 1650 2221 αὐτοῦ
1698 2168 1757 2234 ἐξ
1791 2169 1957 2223 αὐτοῦ

366 2250 736 2316 ἐξελεύσεται.
781 2274 800 2306 ι
850 2254 1154 2326 Ἐπίσημός
1180 2259 1315 2321 ἐστι,
1344 2259 1439 2312 καὶ
1485 2260 1669 2324 ἱκανὸς
1693 2262 1758 2314 ὲκ
1790 2262 1958 2333 μόνης

368 2341 897 2417 ἐκδειματιῖηαιτῆς
952 2348 1160 2418 φήμης.
1195 2347 1515 2415 Δικάζειῶ,
1549 2354 1610 2405 ού
1652 2352 1838 2423 νόμοις
1864 2354 1956 2407 ἀλα

368 2434 606 2506 λοτρίοις
633 2437 964 2503 ἀκολουθῶν,
1021 2439 1158 2493 ἀλλὰ
1182 2441 1243 2494 τὸ
1290 2443 1576 2514 παραστάν
1601 2447 1840 2498 ποιεῖται
1868 2446 1957 2500 νό-

368 2541 497 2595 μον.
557 2525 729 2581 Τοῦτο
772 2527 830 2582 δὲ
878 2531 907 2584 ὁ
960 2530 1255 2602 Σύμμαχος
1315 2533 1646 2606 σαφέστερον
1690 2535 1953 2590 τέθεικενο

374 2635 397 2666 ι
437 2617 607 2683 Αὐτὸς
652 2618 829 2692 ἑαυτῷ
885 2620 1120 2689 δικάσει,
1174 2624 1271 2678 καὶ
1326 2624 1505 2696 δόγμα
1552 2625 1613 2679 τδ
1663 2626 1711 2658 δ”
1762 2628 1957 2682 ἑαυτοῦ

369 2708 811 2773 ἐπεξελεύσεται.
844 2730 862 2762 ι

440 2806 516 2871 η’.
547 2822 565 2855 ι
608 2803 718 2857 Καὶ
761 2803 1141 2869 ὲξαλοῦνται“
1180 2807 1322 2881 ὑπὲρ
1370 2808 1663 2880 παρδάλεις
1709 2814 1756 2867 οί
1802 2812 1958 2868 ἵπποι

369 2892 539 2948 αὐτοῦ
569 2892 639 2960 ⁸⁸,
669 2897 764 2951 καὶ
793 2897 837 2929 ⁸ο
860 2897 1103 2969 ὀξύτεροι
1136 2900 1279 2972 ὑπὲρ
1297 2903 1424 2967 τοὺς
1445 2902 1644 2968 λύκους
1664 2904 1765 2976 τῆς
1796 2906 1958 2977 ’Δρα-

370 2984 495 3050 ﬁta;
517 3000 533 3016 °
567 2986 662 3041 καὶ
690 2987 1080 3054 ὲξιππάσονται
1107 2993 1159 3046 ot
1199 2994 1388 3058 ίππεῐς
1435 2994 1628 3060 αὑτοῦ,
1662 2998 1758 3049 καὶ
1792 2998 1961 3067 ὁρμή-

372 3093 527 3132 σουσι
562 3080 856 3151 μακρόθεν,
895 3083 993 3135 καὶ
1036 3083 1472 3156 πετασθήσονται
1524 3085 1598 3150 ὡς
1630 3087 1789 3151 ἀετὸς
1822 3088 1960 3160 πρό-

2061 1989 2309 2053 petentes
2334 1995 2461 2035 cum
2493 1979 2750 2034 omnibus
2782 1978 3093 2032 nationibus
3132 1978 3334 2031 bellum
3367 1985 3585 2047 gerunt.

2135 2070 2298 2127 Vens.
2359 2070 2410 2125 7.
2460 2088 2479 2121 ι
2535 2069 2829 2125 Terribilis
2889 2076 2947 2122 et
2997 2067 3231 2121 illustris
3259 2074 3367 2128 est,
3423 2081 3488 2122 ex
3521 2065 3641 2136 ipso

2056 2164 2327 2236 judicium
2348 2162 2471 2231 ejus
2501 2162 2637 2219 erit:
2672 2169 2730 2216 et
2755 2158 3061 2229 assumptio
3091 2157 3213 2223 ejus
3248 2174 3313 2212 ex
3338 2157 3460 2227 ipso
3482 2172 3641 2227 egre-

2060 2256 2264 2311 dietur.
2304 2274 2322 2306 ι
2362 2253 2601 2309 lllustris
2628 2260 2735 2317 est,
2768 2259 2823 2307 et
2854 2251 2946 2322 qui
2972 2250 3149 2320 possit
3175 2250 3258 2303 vel
3287 2247 3502 2319 155.0
3523 2250 3640 2304 sola

2063 2347 2208 2401 fama
2260 2355 2561 2401 exterrere.
2617 2343 2728 2398 Nec
2759 2357 2890 2397 vero
2942 2342 3153 2395 alienas
3196 2339 3341 2410 leges
3400 2354 3643 2411 sequens

2056 2437 2288 2504 judicat,
2323 2437 2419 2491 sed
2451 2438 2625 2505 legem
2656 2434 2789 2489 facit
2821 2432 2873 2487 id
2905 2434 3052 2504 quod
3094 2435 3148 2488 in
3185 2442 3421 2488 mentem
3464 2435 3638 2489 venit.

2062 2528 2178 2583 Hoc
2208 2535 2392 2583 autem
2418 2526 2746 2596 esplicatius
2782 2524 3150 2595 Symmachus
3179 2524 3361 2594 posuit
3390 2540 3403 2578 :
3454 2543 3474 2576 τ
3522 2522 3642 2595 Ipse

2060 2624 2165 2679 sibi
2196 2622 2490 2693 iudicabit,
2521 2628 2576 2678 et
2607 2619 2887 2676 decretum
2915 2632 3077 2674 suum
3100 2625 3454 2689 exsequetur.
3483 2637 3510 2672 ›

2132 2803 2302 2861 Vens.
2341 2804 2398 2860 8.
2425 2822 2444 2856 ι
2476 2803 2543 2858 Ει
2567 2804 2829 2860 exsilient
2850 2802 3094 2859 velocius
3123 2817 3285 2872 quam
3322 2799 3490 2873 pardi
3513 2802 3642 2871 equi

2061 2899 2203 2968 ejus,
2249 2907 2299 2953 et
2327 2897 2637 2953 velociores
2666 2904 2833 2953 erunt
2887 2897 3035 2967 lupis
3072 2896 3311 2957 Arabiae,
3345 2903 3399 2950 et
3428 2894 3643 2965 equita-

2064 2992 2201 3047 buut
2244 2990 2461 3061 equites
2508 2989 2653 3059 ejus,
2689 2995 2900 3044 etcum
2945 2989 3152 3057 impetu
3192 2987 3416 3042 venient
3454 3000 3484 3040 e
3519 2988 3641 3041 lon-

2062 3083 2273 3151 ginquo
2300 3099 2314 3135 :
2348 3090 2398 3135 et
2427 3081 2692 3135 volabunt
2718 3078 2878 3148 quasi
2907 3079 3103 3149 aquila
3122 3084 3376 3147 prompta
3400 3075 3468 3130 ad
3491 3089 3645 3133 com-

371 3167 545 3239 θυμος
591 3172 672 3235 είς
723 3172 784 3226 τδ
843 3177 1057 3243 φαγεῖν.
1094 3193 1112 3227 ι
1150 3175 1250 3229 Διά
1291 3176 1511 3230 πάντων
1547 3178 1606 3231 δὲ
1634 3178 1736 3250 τὴν
1767 3178 1959 3252 ῥώμην

2065 3174 2362 3230 edendum.
2401 3190 2423 3226 ι
2473 3170 2580 3227 Per
2626 3172 2807 3225 omnia
2843 3178 3027 3224 autem
3076 3167 3251 3223 robur
3284 3168 3551 3237 ipsorum,
3586 3176 3642 3219 et

371 3260 571 3324 αὐτῶν,
604 3263 699 3316 καὶ
726 3264 827 3333 τὴν
858 3264 1131 3335 ἀνδρείαν,
1162 3266 1257 3320 καὶ
1286 3265 1385 3336 τὴν
1406 3265 1687 3337 ταχύτητα
1722 3270 1959 3340 προεσήε-

2064 3266 2466 3329 l‘ortitudinem,
2495 3271 2551 3319 et
2606 3262 2954 3317 velocitatem
2988 3259 3263 3331 praedixit.
3304 3258 3457 3314 Talis
3489 3258 3639 3313 enim

376 3366 535 3420 μηνε.
565 3351 818 3418 Τοιοῦτος
860 3353 969 3426 γάρ
994 3357 1052 3407 ὲν
1097 3355 1194 3425 μὲν
1230 3358 1453 3426 πτηνοῖς
1478 3357 1513 3410 ό
1539 3356 1729 3420 ἀετὸς,
1764 3350 1808 3425 ᾧ
1829 3357 1960 3421 τοὺς

376 3441 579 3506 ἱππέας
606 3444 826 3500 εἴκασεν
844 3463 858 3475 ·
892 3447 949 3499 ὲν
970 3446 1026 3500 δὲ
1053 3446 1262 3519 θηρίοις
1277 3449 1334 3501 αἱ
1351 3445 1699 3517 παρδάλεις,
1733 3451 1827 3502 καὶ
1849 3447 1960 3518 τῆς
1987 3514 1993 3519 _

387 3533 661 3602 Ἀραϐίας
698 3539 754 3591 οἱ
796 3538 994 3604 λύκοι,
1044 3531 1125 3601 οἷς
1182 3537 1290 3592 τῶν
1341 3538 1525 3593 ἵππων
1553 3538 1828 3611 παρέϐαλε
1860 3538 1959 3612 τὴν

373 3623 629 3698 ὀξύτητα.
1462 3664 1472 3675 .

445 3716 510 3773 θ’.
544 3737 563 3769 ι
595 3716 882 3773 Συντέλεια
930 3720 1015 3773 ἐπ’
1046 3721 1090 3753 ⁸¹
1121 3720 1337 3786 ἀσεδεῖς
1373 3719 1516 3792 ἥξει,
1558 3721 1960 3794 ἀνθεστηκότας

375 3808 695 3881 προσώποις
741 3812 922 3865 αὐτῶν
960 3813 1290 3879 ἐξεναντίας.
1335 3832 1353 3865 ι
1383 3807 1545 3868 Οὗτοι
1593 3818 1706 3880 τοῖς
1765 3816 1960 3870 δυσσε-

350 3900 528 3955 ἐἑσιν
551 3901 672 3955 δλεθ
681 3920 771 3974 ρον
795 3904 1057 3971 ἐπάξουσι
1083 3905 1344 3972 παντελῆ,
1371 3905 1466 3960 καὶ
1490 3906 1664 3960 ταῦτα
1702 3906 1830 3959 πολε
1840 3910 1961 3978 μεῖν

375 3996 561 4058 αὐτοῖς
588 3996 684 4048 καὶ
734 3996 1175 4068 παρατάττεσθαι
1233 3996 1616 4067 πειρωμένοις.
1664 3998 1775 4051 Καὶ
1802 3996 1960 4051 τοῦτο

340 4084 431 4139 ’δὲ
459 4086 794 4158 σαφέστερον
841 4088 872 4139 ό
922 4087 1217 4158 Σύμμαχος
1267 4087 1515 4141 τέθεικε·
1567 4107 1587 4139 ι
1639 4089 1826 4143 Πάντα
1879 4089 1960 4151 είς

377 4173 692 4242 πλεονεξίαν
737 4178 939 4249 ἥξει,ή
980 4177 1248 4250 πρόσοψις
1300 4177 1396 4232 τοῦ
1441 4178 1734 4251 προσώπου
1780 4179 1958 4233 αὐτῶν

376 4267 578 4340 ἄνεμος
606 4268 846 4324 καύσων.
883 4288 901 4320 ι
938 4269 1206 4342 Καθάπερ
1235 4269 1346 4342 γὰρ
1372 4268 1481 4324 τῶν
1520 4270 1704 4323 ἵππων
1731 4271 1824 4324 καὶ
1849 4271 1958 4327 τῶν

330 4378 333 4383 ·
379 4357 591 4412 ἱππέων
646 4357 1030 4429 παραϐολικῶς
1081 4358 1252 4424 ἔδειξε
1302 4359 1402 4430 τὴν
1449 4358 1755 4430 ταχύτητα⁴
1817 4359 1960 4414 οὕτω

376 4450 471 4504 καὶ
522 4450 634 4504 τῶν
678 4449 987 4522 προσώπων
1030 4452 1092 4507 τὸ
1137 4450 1405 4524 θηριῶδες
1455 4451 1644 4523 ἀνέμῳ
1689 4453 1957 4507 ἀπείκασε

2062 3360 2211 3413 inter
2238 3358 2488 3412 volucres
2514 3354 2736 3424 quidem
2772 3360 2855 3407 est
2873 3353 3078 3421 aquila,
3116 3352 3206 3406 cui
3245 3352 3461 3421 equites
3492 3352 3640 3406 assi~

2061 3449 2278 3506 milavit
2306 3465 2320 3513 ;
2352 3448 2497 3502 inter
2545 3445 2691 3501 feras
2722 3458 2855 3499 vero
2881 3441 3084 3514 'pardi,
3135 3450 3192 3497 et
3250 3443 3467 3497 Arabia:
3497 3439 3634 3508 lupi,

2020 3555 2027 3559 '
2060 3542 2299 3615 quibus'
2329 3553 2598 3611 equorum
2640 3536 2988 3593 velocitatem
3020 3534 3381 3606 comparavit.

2135 3718 2303 3774 Vens.
2330 3719 2384 3775 9.
2416 3735 2435 3770 ι
2483 3716 2904 3775 Consummatio
2934 3717 2989 3771 in
3019 3714 3223 3787 impios
3250 3717 3457 3778 veniet,
3491 3714 3635 3771 resi-

2062 3822 2275 3871 stentes
2322 3812 2572 3869 faciebus
2605 3827 2797 3868 eorum
2831 3826 2897 3867 ex
2939 3811 3195 3868 adverso.
3232 3830 3251 3863 ι
3298 3810 3363 3864 Hi
3417 3810 3637 3881 impios,

2062 3905 2280 3961 tametsi
2311 3905 2512 3961 bellum
2545 3905 2682 3974 ipsis
2743 3902 2972 3968 inferre,
3004 3911 3060 3959 et
3090 3918 3313 3957 manum
3347 3918 3642 3959 conserere

2058 4003 2349 4062 conantes,
2411 3993 2663 4050 funditus
2716 3993 2968 4065 perdent.
3033 3992 3138 4050 Sed
3174 4004 3230 4049 et
3273 3994 3640 4065 Symmachus

2020 4089 2163 4143 hoc
2196 4089 2440 4157 apertius
2492 4086 2888 4155 interpretatus
2917 4094 3045 4141 est:
3101 4103 3121 4137 ι
3164 4084 3363 4140 Omnia
3406 4086 3460 4139 in
3508 4100 3641 4140 ava-

2018 4179 2245 4233 'ritiam
2301 4178 2564 4242 venient,
2633 4183 2893 4246 aspectus
2952 4175 3115 4235 faciei
3178 4190 3372 4232 eorum
3442 4185 3639 4233 ventus

2014 4288 2019 4293 ·
2060 4283 2251 4324 urens.
2282 4287 2308 4320 ›
2338 4267 2817 4334 Quemadmodum
2837 4266 2987 4321 enim
3009 4282 3281 4337 equorum
3311 4275 3366 4325 et
3386 4268 3638 4338 equitum

2063 4376 2167 4432 per
2191 4359 2613 4416 similitudinem
2661 4358 2907 4415 ostendit
2938 4360 3317 4425 velocitatem,
3362 4360 3443 4417 sic
3470 4362 3636 4417 etiam

2063 4451 2233 4508 facies
2265 4450 2480 4507 feroces
2502 4458 2665 4507 vento
2698 4451 2880 4506 urenti
2916 4448 3279 4520 comparavit.
3316 4448 3638 4511 Sicutenim

376 4542 640 4598 καύσωνι.
682 4544 896 4616 Ὠσπερ
944 4544 1052 4616 γὰρ
1101 4546 1307 4609 ἐκεῖνος
1359 4545 1503 4599 καίει
1539 4543 1607 4599 τά
1637 4545 1820 4621 γυμνὰ
1850 4545 1959 4599 τῶν

2066 4544 2160 4601 ille
2182 4558 2417 4615 corpora
2448 4543 2595 4599 nuda
2620 4544 2830 4608 exurit,
2860 4542 2947 4599 sic
2967 4541 3349 4597 Chaldaeorum
3382 4549 3642 4614 aspectus

377 4634 669 4706 σωμάτων,
720 4635 894 4699 οὕτως
947 4636 1104 4707 ἱκανὴ
1160 4635 1270 4690 τῶν
1338 4635 1620 4691 Χαλδαίων
1662 4635 1820 4708 ήθέα
1846 4635 1955 4693 τῶν

318 4725 323 4729 ’
373 4725 628 4798 ὁρώντων
654 4727 990 4782 κατασϐέσαι
1021 4728 1084 4781 τὸ
1111 4728 1291 4792 ἄνθος.

451 4833 470 4867 ι
503 4817 613 4870 Καὶ
644 4818 862 4882 συνάξει
907 4817 983 4881 ὼς
1026 4818 1213 4889 ἄμμον
1261 4819 1665 4891 αἰχμαλωσίαν.
1713 4820 1817 4890 (ι’.)
1845 4822 1955 4874 Καὶ

372 4906 538 4971 αὐτὸς
572 4908 630 4961 ὲν
671 4908 982 4977 βασιλεῦσιν
1028 4910 1381 4981 ὲντρυφήσει,
1418 4910 1513 4963 καὶ
1537 4908 1791 4983 τύραννοι
1828 4912 1956 4967 παί-

373 5015 501 5069 γνια
542 4998 709 5054 αὐτοῦ
731 5017 745 5033 ο
776 5001 871 5054 καὶ
893 5002 1058 5067 αὐτὸς
1081 5004 1160 5067 είς
1184 5004 1291 5057 πᾶν
1308 5002 1571 5073 ὀχύρωμα
1603 5001 1953 5072 ὲμπαίξεται,

374 5091 469 5145 καὶ
500 5092 655 5162 βαλεῖ
677 5092 860 5164 χῶμα,
899 5095 994 5148 καὶ
1028 5094 1294 5166 κρατήσει
1317 5094 1505 5150 αὑτοῦ.
1546 5118 1565 5147 ο
1595 5097 1815 5161 Παίζων
1844 5095 1954 5165 γὰρ

376 5180 599 5251 μᾶλλον,
633 5180 665 5251 ἢ
690 5181 1134 5248 σπουδάζων,κα“ι
1163 5184 1261 5247 τάς
1292 5184 1548 5255 ἐννόμους
1579 5184 1886 5256 βασιλείας.
1906 5187 1951 5218 ⁵¹

374 5272 471 5325 καὶ
534 5271 634 5337 τὰς
714 5275 1067 5345 παρανόμους
1132 5275 1425 5329 καταλύσει
1470 5276 1810 5349 τυραννίδας,
1860 5280 1955 5332 καὶ

371 5362 593 5435 χώμασι
637 5364 733 5419 καὶ
783 5367 1142 5439 μηχανήμασι
1182 5369 1543 5440 κεχρημένος,
1578 5370 1757 5425 πάντα
1796 5373 1952 5445 περί-

2016 4646 2023 4653 ‘
2064 4635 2185 4706 ipse
2224 4634 2557 4691 intuentium
2585 4641 2768 4707 potest
2801 4633 2990 4690 florem
3032 4633 3413 4704 exstinguere.

2139 4838 2159 4870 ι
2194 4818 2263 4874 Et
2315 4818 2672 4890 congregabit
2722 4817 2884 4888 quasi
2946 4832 3169 4874 arenam
3230 4814 3637 4888 captivitatem.

2062 4911 2410 4983 (\’sns.10.)
2464 4911 2527 4966 Et
2559 4911 2677 4982 ipse
2733 4911 2955 4982 regibus
2993 4909 3385 4973 delectabitur,
3442 4916 3499 4965 et
3553 4916 3644 4981 ty-

2063 5005 2223 5060 ranni
2248 5004 2483 5059 ludibria
2504 5004 2629 5073 ejus
2657 5022 2670 5057 :
2696 5010 2753 5057 et
2778 5003 2896 5073 ipse
2922 5004 3071 5057 omni
3103 5002 3396 5058 munitioni
3426 5002 3638 5065 illudet,

2061 5105 2117 5152 et
2149 5097 2331 5152 mittet
2359 5111 2636 5167 aggerem,
2667 5103 2722 5150 et
2762 5095 3038 5150 obtinebit
3067 5111 3217 5150 eum.
3259 5114 3280 5148 ι
3319 5094 3425 5151 Per
3461 5094 3640 5152 lusum

2060 5189 2208 5244 enim
2250 5187 2457 5258 potius,
2489 5200 2656 5257 quam
2686 5185 2835 5240 serio
2866 5201 3057 5256 agens,
3089 5193 3145 5240 et
3200 5186 3439 5257 legitima
3470 5200 3639 5257 regna

2061 5280 2285 5344 delebit,
2323 5289 2380 5336 et
2412 5278 2619 5348 injusta
2652 5277 2882 5347 imperia
2924 5276 3134 5347 15!“,
3173 5286 3557 5349 tyrannorum,
3585 5286 3642 5331 et

2060 5374 2360 5446 aggeribus
2397 5371 2782 5441 machinisque
2824 5369 3063 5426 admotis
3119 5385 3338 5427 omnem
3385 5375 3658 5433 murum,

1644 5574 1884 5633 VARUE
1923 5575 2331 5636 LECTIONES.

441 5724 489 5779 ‘9
516 5729 557 5779 .-\
587 5724 745 5783 διότι.
852 5728 896 5760 ⁸⁸
925 5727 1037 5783 καί.
1083 5727 1207 5784 Des.
1241 5728 1313 5784 ib.
1430 5730 1475 5764 “
1506 5733 1529 5787 ὲ

372 5790 418 5829 δ’
450 5796 490 5852 C
526 5797 723 5853 αὐτῶν.
803 5797 847 5832 ⁸ο
879 5801 971 5854 καὶ
1000 5831 1066 5841 ——
1110 5798 1298 5871 Ἀραϐ.
1332 5799 1454 5858 Des.
1490 5790 1641 5860 itt'A.
1745 5806 1784 5836 ⁸³
1821 5805 1910 5859 ἐπ.
1940 5805 1984 5860 Λ

1537 5730 1565 5796 ξ
1596 5764 1662 5772 -
1692 5733 1863 5789 ἔσται.
1906 5732 2031 5789 Des.
2082 5734 2155 5790 ili.

2017 5805 2113 5871 εἰς.
2211 5804 2254 5835 ³³
2288 5798 2497 5874 ﬁatﬁat.
2531 5818 2578 5856 τ.
2612 5817 2744 5873 παρ.
2778 5798 2898 5859 υθέ.
2932 5799 2987 5857 in
3011 5799 3076 5858 .C.

2260 5728 2313 5812 ιζ
2348 5729 2507 5800 δόγμ.
2548 5729 2624 5786 τά,
2683 5730 2725 5784 α
2770 5729 3053 5812 ἱόγμᾳτμῃ
3138 5724 3181 5760 ι’
3238 5720 3295 5780 Α.
3331 5719 3638 5789 ἐξαλοῦται.
