4090 6402
505 350 640 418 1815

1503 369 1991 432 THEODORETI
2029 368 2368 430 EPISCOPI
2403 372 2773 432 CYRENSIS

3633 369 3775 434 I816

502 469 757 535 quamvis
784 474 1076 542 munitum,
1113 476 1361 535 funditus
1393 477 1746 536 demolietur.
1794 478 1862 532 At
1902 478 2072 534 bonus

2189 477 2344 534 ϐολον
2378 480 2574 551 ὀχυρὸν
2635 481 2699 534 ἐκ
2730 478 2949 550 βάθρων
3010 478 3316 536 ἀνασπάσει
3340 495 3358 510 ο
3389 479 3528 534 ἀλλά
3560 481 3776 552 ταύτην

504 557 793 629 Dominus,
829 565 969 621 hanc
999 567 1120 637 ejus
1153 569 1346 626 videns
1391 570 1686 636 insaniam,
1724 569 2081 626 miserebitur

502 664 715 718 corum,
748 655 844 723 qui
875 657 930 711 in
964 658 1065 713 has
1091 661 1436 716 calamitates
1461 663 1778 718 inciderint.

574 742 741 801 Vens.
773 747 860 802 ll.
901 767 920 799 ι
962 748 1100 805 Tum
1143 753 1290 808 enim
1332 769 1531 818 suum,
1590 756 1792 826 inquit,
1841 757 2081 813 mutabit

503 837 759 906 spiritum
785 858 797 892 :
829 849 882 894 et
908 844 1184 912 transibit,
1227 853 1284 900 et
1310 847 1726 918 propitiabitur.
1767 869 1786 902 ›
1816 846 1902 904 Ira
1933 849 2081 904 enim

500 931 558 983 in
597 931 1037 989 misericordiam
1064 951 1356 1003 conversa,
1407 940 1684 1011 propitius
1721 942 1935 1004 erit,'ct
1984 943 2082 996 tri-

499 1022 606 1076 stia
672 1023 926 1094 depellet.
975 1027 1158 1094 Quare
1210 1031 1475 1101 propheta
1531 1034 1936 1105 obstupescens
1979 1037 2083 1090 mi-

499 1116 852 1173 sericordiam
889 1120 1008 1186 Dei,
1044 1124 1412 1181 exclamavit:
1467 1145 1485 1177 ι
1525 1102 1654 1182 Haec
1685 1102 1769 1183 est
1816 1128 2082 1183 fortitudo

497 1206 610 1262 Deo
632 1225 774 1265 meo.
817 1231 834 1263 ›
871 1212 992 1268 Tibi
1015 1216 1160 1270 enim
1191 1218 1318 1280 soli,
1344 1217 1593 1286 Domine,
1628 1220 1783 1274 adest
1807 1227 2078 1290 potestas,

497 1307 553 1352 et
588 1302 854 1369 puniendi
891 1321 988 1376 pro
1028 1307 1280 1374 arbitrio,
1311 1319 1362 1366 et
1397 1311 1776 1368 commutandi
1811 1312 2080 1368 ultionem

497 1392 553 1446 in
588 1393 1048 1454 misericordiam.

575 1482 737 1539 Vens.
768 1487 856 1540 12.
895 1507 914 1539 ι
952 1486 1145 1546 Nonne
1173 1499 1231 1546 tu
1259 1507 1286 1546 a
1317 1493 1614 1564 principio,
1652 1494 1908 1560 Domine,
1935 1497 2078 1553 Deus

491 1590 674 1640 meus,
706 1587 759 1632 et
785 1587 1034 1646 sanctus,
1064 1590 1252 1638 etnon
1282 1586 1623 1642 moriemur?
1651 1607 1670 1640 ›
1711 1588 1815 1654 Qui
1847 1589 1993 1644 enim
2027 1598 2080 1644 te

494 1681 526 1719 a
566 1667 839 1739 principio
892 1670 1184 1730 Dominum
1240 1683 1296 1731 et
1351 1675 1523 1732 Deum
1573 1681 1965 1750 cognovimus,
2023 1689 2078 1736 et

492 1758 753 1816 omnibus
779 1762 946 1818 rebus
974 1766 1344 1834 superiorem,
1389 1768 1487 1824 abs
1523 1779 1577 1824 te
1625 1771 1856 1826 salutem
1885 1787 2078 1830 conse-

491 1851 737 1920 quimur.
793 1873 811 1905 ι
850 1853 1080 1911 Domine
1103 1897 1121 1923 ,
1170 1857 1226 1912 in
1271 1857 1541 1928 judicium
1576 1863 1810 1931 posuisti
1842 1878 1992 1930 eum,
2022 1872 2078 1919 et

491 1943 753 2000 formavit
805 1962 914 2011 me,
950 1956 1009 2002 ut
1039 1949 1418 2007 demonstrem
1469 1951 1820 2024 disciplinam
1850 1955 1991 2025 ejus.
2048 1975 2069 2008 ι

487 2034 572 2088 Ad
606 2037 732 2100 hoc,
766 2039 965 2108 inquit,
997 2041 1129 2095 olim
1163 2057 1249 2097 me
1280 2045 1600 2126 creastihut
1640 2055 1938 2116 peccantes
1984 2063 2069 2102 ar-

489 2143 677 2196 guam,
709 2135 762 2184 et
793 2128 1116 2202 ingruentes
1144 2133 1537 2205 castigationes
1571 2135 1893 2206 praedicam.

560 2307 728 2365 Vens.
763 2309 854 2374 13,
887 2309 975 2366 M.
1010 2328 1029 2361 ι
1085 2310 1327 2368 Mundus
1372 2313 1570 2369 oculus
1618 2323 1768 2378 tuus,
1793 2330 1864 2371 ne
1884 2315 2067 2372 videat

489 2401 654 2468 mala,
689 2410 742 2456 et
771 2404 1021 2472 aspicere
1051 2403 1274 2464 labores
1305 2420 1414 2463 non
1440 2407 1650 2477 poteris
1677 2425 1689 2462 :
1715 2422 1889 2477 quare
1919 2409 2072 2478 aspi-

489 2492 569 2546 eis
597 2500 1030 2565 contemptores,
1063 2496 1295 2563 tacebis,
1327 2511 1453 2552 cum
1485 2497 1836 2554 devoraverit
1865 2499 2068 2569 impius

484 2584 742 2650 justum?
771 2584 837 2639 Et
867 2584 1038 2643 facies
1084 2586 1339 2643 homines
1388 2589 1546 2659 quasi
1580 2590 1762 2658 pisoes
1793 2590 1984 2650 maris.
2014 2597 2068 2644 et

489 2675 647 2743 quasi
680 2675 900 2744 reptilia
934 2691 1042 2731 non
1073 2677 1337 2751 habentia
1367 2679 1608 2735 ducem?
1647 2699 1663 2731 ι
1705 2678 1760 2733 In
1793 2680 2067 2750 principio

487 2767 712 2838 quidem
738 2769 973 2838 positam
997 2771 1362 2840 quaestionem
1388 2781 1613 2842 propter
1638 2788 1734 2830 eos
1757 2776 2066 2844 proposuit,

485 2859 582 2928 qui
616 2859 671 2912 in
705 2860 842 2914 urbe
873 2858 1253 2933 Hierosolyma
1284 2862 1476 2932 inique
1523 2863 1800 2930 vivebant,
1860 2863 2066 2933 praedi-

487 2966 622 3005 cens
672 2951 1018 3020 punitio-nem
1051 2953 1187 3023 ipsis
1219 2968 1316 3024 per
1347 2951 1640 3010 Chaldaeos
1689 2955 2062 3025 irrogandam,

492 3042 706 3115 1542
759 3045 851 3099 et‘
903 3059 1014 3099 non
1075 3046 1297 3101 nescius
1350 3045 1471 3103 fore
1517 3054 1577 3100 ut
1621 3046 1689 3101 de
1742 3048 1847 3102 hoc
1899 3049 2065 3102 etiam

2184 571 2354 625 αὑτοῦ
2407 572 2506 642 τὴν
2562 571 2806 643 μανίανὸ
2837 570 3041 639 ἀγαθὸς
3083 571 3417 642 θεασάμενος
3468 573 3768 644 Δεσπότης,
3878 603 3884 606 ν

2184 662 2397 733 ἐλεήσει
2427 663 2552 725 τοὺς
2584 665 2706 726 ταῖς
2739 663 3051 732 συμφοραῖς
3086 659 3312 725 ταύταις
3345 663 3768 733 περιπεσόντας.

2257 760 2346 808 ια’.
2384 772 2402 805 ι
2445 754 2580 810 Τότε
2612 753 2741 824 γὰρ,
2779 755 2935 822 φησὶ,
2978 751 3276 822 μεταϐαλεῖ
3320 753 3384 806 τὸ
3427 752 3648 824 πνεῦμα
3675 754 3774 807 αύ-

2181 845 2276 898 τοῦ
2300 848 2368 911 ⁵³,
2423 847 2517 902 καὶ
2554 846 2906 910 διελεύσεται,
2929 846 3024 898 καὶ
3063 844 3388 910 ἐξιλάσεται.
3420 865 3439 898 ι
3471 847 3565 910 Εἰς
3591 842 3774 900 οἶκτον

2184 938 2294 1009 γὰρ
2325 937 2644 1008 μεταϐαλὼν
2688 939 2788 1006 τὴν
2830 937 3001 1009 ὀργὴν
3041 937 3199 1002 ἵλεως
3255 937 3431 1001 ἔσται,
3465 939 3562 992 καὶ
3585 938 3772 992 σϐέσει

2181 1031 2252 1086 τὰ
2277 1029 2421 1101 λυπη
2432 1030 2520 1100 ρά.
2543 1031 2634 1088 Διὸ
2666 1029 2786 1082 λίαν
2813 1030 3108 1096 ἐκπλαγεὶς
3131 1031 3159 1082 ὁ
3180 1030 3468 1100 προφήτης
3493 1027 3590 1098 τὴν
3620 1029 3772 1082 θείαν

2184 1120 2616 1189 φιλανθρωπίαν,
2679 1121 2940 1192 ἐϐόησεν
2985 1140 3002 1172 ι
3041 1121 3190 1192 Αὕτη
3243 1124 3277 1192 ἠ
3337 1123 3492 1192 ἰσχὺς
3535 1122 3613 1193 τῷ
3651 1122 3770 1193 Θεῷ

2187 1229 2309 1282 μου.
2345 1230 2363 1263 ι
2397 1212 2489 1265 Σοὶ
2511 1213 2618 1284 γὰρ
2649 1213 2796 1283 μόνῳ
2819 1212 3131 1282 πρόσεστιν,
3158 1206 3203 1265 ὦ
3222 1213 3488 1276 Δέσποτα,
3516 1212 3767 1282 δύναμις,

2183 1304 2279 1359 καὶ
2320 1303 2571 1368 κολάζειν
2609 1303 2684 1368 ὡς
2714 1304 2917 1375 βούλει,
2947 1305 3042 1359 καὶ
3084 1303 3447 1376 μεταϐάλλειν
3476 1303 3575 1376 τὴν
3593 1321 3768 1374 τιμω-

2183 1395 2309 1466 ρίαν
2342 1397 2423 1460 είς
2445 1395 2613 1449 ἔλεον.

2255 1485 2342 1554 ιβ’.
2374 1503 2392 1536 ι
2434 1485 2567 1556 Ούχὶ
2596 1486 2661 1539 σὺ
2688 1486 2784 1539 ἀπ’
2813 1485 3011 1558 ἀρχῆς,
3040 1484 3212 1555 Κύριε
3250 1484 3317 1551 ⁸⁸,
3365 1485 3393 1537 ὁ
3423 1483 3556 1548 Θεός
3591 1502 3693 1555 μου
3720 1487 3770 1519 ⁵⁸

2180 1577 2209 1628 ό
2239 1576 2415 1645 ἅγιος,
2453 1578 2550 1632 καί⁵
2583 1579 2643 1630 ού
2688 1578 2764 1650 μὴ
2813 1576 3216 1648 ἀποθάνωμεν;
3261 1597 3280 1630 ι
3309 1578 3377 1630 Σὲ
3423 1577 3534 1650 γάρ
3561 1578 3771 1634 ἀνωθεν

2182 1674 2464 1743 Δεσπότην
2495 1673 2589 1726 καὶ
2619 1673 2755 1728 Θεὸν
2784 1674 3106 1742 ἐγνωκότες,
3143 1674 3366 1730 καὶτῶν
3397 1675 3567 1729 ὄντων
3594 1675 3771 1730 ἁπάν-

2181 1783 2290 1820 των
2325 1767 2648 1838 ὑπέρτερον,
2691 1767 2790 1838 τῆς
2845 1767 2999 1839 παρὰ
3035 1766 3128 1820 σοῦ
3175 1766 3451 1838 σωτηρίας
3504 1767 3773 1839 τυγχάνο-

2185 1875 2305 1929 μεν.
2361 1878 2378 1910 ι
2427 1859 2623 1930 Κύριε,
2677 1860 2757 1924 είς
2809 1862 2986 1932 κρῖμα
3040 1859 3274 1930 τέταχας
3337 1859 3502 1914 αὐτὸν
3545 1861 3612 1926 ⁵⁸,
3671 1859 3772 1914 καὶ

2178 1951 2382 2006 ἐπλασέ
2407 1970 2474 2024 με
2501 1952 2594 2008 τοῦ
2652 1953 2896 2024 ἐλέγχειν
2933 1954 3182 2010 παιδείαν
3206 1953 3394 2010 αὑτοῦ.
3430 1973 3451 2008 a
3475 1955 3569 2017 Εἰς
3596 1954 3759 2008 τοῦτό

2181 2058 2270 2112 με,
2293 2043 2481 2112 φησὶν,
2516 2041 2724 2098 ἄνωθεν
2753 2044 2834 2108 εἰς
2860 2044 2922 2097 τὸ
2947 2038 3089 2098 εἶναι
3123 2046 3472 2118 παρήγαγες,
3509 2045 3652 2099 ὥστε
3671 2046 3771 2099 καὶ

2176 2131 2302 2193 τοὺς
2329 2132 2746 2202 ἁμαρτάνοντας
2763 2133 3086 2204 διελέγχειν,
3112 2134 3209 2188 καὶ
3237 2138 3337 2199 τὰς
3363 2135 3769 2206 ἐπιφερομένας

2122 2252 2129 2261 -
2175 2222 2466 2294 προλέγειν
2501 2224 2773 2289 παιδείας.

2247 2320 2334 2383 ιγ’,
2356 2315 2438 2368 ιδ’.
2463 2335 2481 2367 ‹
2519 2315 2776 2388 Καθαρὸς·
2804 2317 2894 2370 ό⁸⁷
2921 2317 3199 2387 ὀφθαλμός
3245 2314 3504 2387 σου.⁸⁵ίτοῧ
3537 2314 3612 2386 μὴ
3630 2316 3768 2386 δρᾷν

2171 2405 2407 2476 πονηρὰ,
2439 2407 2533 2460 καὶ
2565 2407 2882 2462 ἐπιϐλέπειν
2928 2409 3021 2462 ἐπὶ
3074 2410 3120 2442 ⁸9
3173 2408 3373 2472 πόνους
3405 2408 3467 2461 ού
3507 2407 3714 2479 δυνήσῃ
3740 2421 3759 2439 °

2170 2496 2224 2548 τί
2257 2497 2303 2528 ⁸ο
2345 2497 2661 2562 ἐπιϐλέπεις
2687 2499 2780 2552 ἐπὶ
2825 2498 3326 2570 καταφρονοῦντας,
3394 2498 3762 2570 παρασιωπή-

2172 2603 2286 2646 σεις
2319 2589 2359 2621 ⁶¹
2399 2590 2454 2642 ἐν
2484 2589 2560 2660 τῷ
2619 2590 2942 2645 καταπίνειν
2981 2592 3153 2663 ἀσεϐῆ
3184 2591 3278 2644 τὸν
3301 2590 3509 2646 δίκαιον
3541 2590 3620 2655 ⁶¹;
3648 2589 3762 2642 Καὶ

2171 2680 2418 2749 ποιήσεις
2437 2681 2564 2742 τοὺς
2583 2679 2905 2750 ἀνθρώπους
2939 2681 3012 2746 ὡς
3038 2681 3164 2744 τοὺς
3205 2680 3395 2751 ἰχθύας
3432 2683 3532 2752 τῆς
3566 2678 3757 2733 θαλάσ.

2171 2788 2291 2840 σης,
2322 2771 2414 2824 καὶ
2441 2771 2516 2835 ὡς
2549 2773 2754 2842 ἐρπετά
2791 2775 2837 2807 ⁸³
2862 2774 2961 2830 οὐκ
2987 2773 3178 2846 ἔχοντα
3220 2774 3563 2846 ἡγούμενον;
3601 2791 3620 2824 ι
3643 2771 3756 2841 Τὴν

2173 2862 2272 2930 μὲν
2306 2857 2398 2916 οὖν
2433 2865 2490 2916 ἐν
2522 2862 2599 2933 τῷ
2646 2865 2916 2934 προοιμίῳ
2969 2864 3234 2937 κειμένην
3283 2867 3625 2936 ἐπαπόρησιν
3663 2864 3754 2918 διὰ

2168 2955 2296 3018 τοὺς
2358 2955 2416 3008 ἐν
2464 2958 2532 3027 τῇ
2577 2956 2944 3028 Ἰερουσαλὴμ.
2994 2957 3451 3027 παρανομοῦντας
3494 2956 3753 3020 τέθεικε,

2170 3047 2547 3118 προθεσπίσας
2571 3048 2750 3118 δὲτὴν
2791 3048 2878 3102 διὰ
2907 3047 2952 3079 ⁸⁵
2984 3047 3094 3102 τῶν
3135 3047 3419 3102 Χαλδαίων
3450 3045 3756 3116 ἐπαχθησο-

484 3133 677 3189 multis
703 3135 936 3204 quaestio
965 3145 1311 3202 nasceretur,
1355 3152 1464 3208 qua
1493 3137 1561 3192 de
1592 3152 1760 3194 causa
1789 3139 2068 3194 scelestis-

2179 3141 2347 3212 μένην
2380 3141 2564 3204 αὐτοῖς
2599 3141 2894 3213 τιμωρίαν,
2937 3143 3032 3194 καὶ
3064 3140 3221 3205 εἰδὼς
3255 3141 3331 3204 ὼς
3357 3142 3450 3194 καὶ
3483 3141 3610 3212 περὶ
3631 3138 3755 3192 τούο

487 3227 646 3283 simis
674 3243 770 3287 eos
802 3229 896 3298 qui
927 3229 1180 3299 graviora
1214 3238 1582 3301 peccaverant
1629 3231 1946 3297 tradiderit,
1999 3247 2062 3288 ea

2174 3245 2264 3281 του
2288 3227 2501 3291 πολλοῖς
2532 3228 2856 3300 τεχθήσεται
2885 3228 3136 3299 ζήτησις,
3164 3229 3282 3284 ἀνθ’
3303 3231 3425 3284 ὅτου
3460 3232 3571 3292 τοῖς
3593 3246 3760 3296 πονη-

486 3335 611 3388 quae
661 3319 822 3375 modo
858 3320 1006 3376 dicta
1050 3329 1180 3378 sunt
1230 3323 1527 3393 apposuit:
1582 3338 1690 3377 non
1741 3330 1802 3378 ut
1862 3324 1980 3393 ipse
2009 3323 2067 3378 in

487 3413 730 3469 divinam
753 3414 1153 3484 providentiam
1175 3416 1454 3472 curiosius
1481 3416 1726 3486 inquirat
1748 3435 1761 3471 :
1787 3417 2068 3488 quomodo

487 3506 634 3560 enim
667 3505 776 3561 hoc
812 3506 928 3562 ﬁeri
954 3505 1230 3577 potuisset
1256 3507 1326 3563 ab
1355 3522 1421 3563 eo
1451 3509 1545 3578 qui
1575 3524 1636 3565 se
1665 3508 1733 3562 ad
1762 3510 2066 3580 reprehen-

487 3598 699 3654 dendos
742 3599 881 3654 alios
912 3609 1163 3654 creatum
1197 3598 1379 3653 dixit?
1405 3599 1503 3654 sed
1550 3607 1611 3653 ut
1650 3600 1780 3653 talia
1814 3615 2068 3670 quaeren-

488 3691 636 3750 tium,
679 3692 1045 3763 cositationes
1093 3691 1374 3764 depingat.
1430 3692 1596 3758 Scio,
1649 3693 1865 3763 inquit,
1920 3693 2066 3764 quod

491 3781 793 3838 abhorreas
823 3783 893 3839 ab
913 3784 1063 3839 omni
1095 3785 1326 3848 malitia,
1361 3800 1488 3840 nam
1515 3785 1751 3856 iustitiae
1795 3786 1920 3843 fons
1955 3801 2058 3842 es:

491 3872 589 3929 sed
610 3887 951 3943 cognoscere
976 3873 1164 3945 cupio,
1193 3889 1296 3929 cur
1332 3875 1612 3945 superbos
1649 3885 1705 3930 et
1742 3875 2068 3947 stupiditate

487 3968 810 4025 laborantes
847 3967 1040 4025 felices
1094 3984 1220 4025 esse
1275 3969 1586 4037 permittas,
1639 3976 1693 4024 et
1744 3977 2068 4026 contemnas

487 4074 610 4122 eos,
641 4059 736 4130 qui
783 4059 851 4114 ab
881 4059 1068 4130 impiis
1116 4059 1379 4130 iniuriam
1413 4075 1525 4116 non
1573 4061 1712 4118 tales
1761 4061 2064 4133 accipiunt.

487 4150 710 4206 Iustum
739 4151 886 4208 enim
919 4151 1023 4218 hoc
1055 4152 1176 4208 loco
1201 4168 1310 4207 non
1331 4167 1430 4222 per
1453 4153 1635 4207 omnia
1662 4152 1874 4222 justum
1905 4167 2069 4208 voca-

487 4246 587 4307 vit,
614 4244 710 4301 sed
746 4259 843 4315 per
873 4245 1366 4316 comparationem,
1409 4245 1670 4315 iniuriam
1696 4244 1935 4300 faciente
1972 4245 2069 4313 ju-

489 4337 742 4392 stiorem.
775 4335 868 4391 Sic
899 4336 1046 4391 enim
1074 4337 1300 4407 Aquila,
1323 4343 1379 4392 et
1413 4335 1786 4407 Symmachus
1807 4345 1862 4392 et
1896 4333 2070 4389 Theo-

490 4427 649 4482 (lotio
677 4425 1025 4497 interpretati
1063 4436 1237 4482 sunt:
1275 4445 1296 4477 σ
1348 4425 1525 4482 Taces
1547 4425 1849 4480 devorante
1901 4424 2068 4494 impio

486 4519 780 4589 iustiorem
810 4535 888 4576 se.
919 4539 939 4572 θ
973 4518 1129 4585 Quod
1159 4519 1206 4575 si
1243 4519 1360 4576 haec
1387 4517 1464 4574 ita
1497 4518 1652 4584 fiant,
1677 4517 1818 4575 nihil
1849 4515 2068 4572 differet
2101 4542 2145 4597 Β

490 4611 778 4665 hominum
813 4619 1013 4686 natura
1067 4625 1100 4664 ιι
1136 4610 1357 4674 belluis,
1405 4624 1526 4678 quae
1567 4609 1622 4663 in
1654 4606 1816 4676 aquis
1845 4605 2064 4672 vivunt,

491 4717 614 4771 quae
643 4716 742 4756 nec
785 4703 1149 4773 legislatores,
1189 4718 1292 4757 nec
1323 4701 1540 4771 judices
1583 4699 1814 4763 habent,
1854 4698 1949 4752 sed
2001 4698 2069 4753 ad

490 4794 732 4863 praedam
780 4796 1187 4864 potentioribus
1239 4794 1575 4850 infirmiores
1630 4791 1870 4860 expositi
1915 4797 2069 4848 sunt.

494 4886 710 4942 Similis
757 4887 902 4942 enim
948 4896 1004 4943 et
1052 4887 1142 4942 hic
1192 4886 1383 4957 inique
1437 4899 1536 4942 sua
1591 4882 1840 4954 potentia
1886 4890 2068 4938 utens.

494 4977 853 5049 Ribylonium
885 4988 1067 5036 autem
1100 4979 1375 5050 designat.
1841 4971 1844 4974 ’

568 5236 737 5294 Vsus.
789 5239 876 5306 1-5,
914 5240 998 5295 l6.
1042 5259 1060 5291 ε
1107 5239 1528 5297 Consummatio
1570 5240 1626 5293 in
1677 5237 1839 5291 hamo
1887 5236 2073 5294 suble-

497 5329 646 5392 vavit
671 5345 818 5401 cum,
853 5338 908 5386 et
939 5333 1162 5387 attraxit
1198 5315 1324 5390 eum
1357 5333 1412 5388 in
1435 5331 1668 5388 reticulo
1697 5341 1818 5391 suo,
1845 5334 1899 5382 et
1926 5343 2058 5384 con-

2174 3321 2418 3392 ροτάτοις
2443 3322 2571 3384 τοὺς
2611 3321 2835 3392 μείζονα
2872 3323 3208 3384 πταίσαντας
3265 3321 3641 3390 παραδέδωκε,
3690 3318 3762 3372 τὰ

2170 3411 2265 3466 νῦν
2305 3413 2574 3484 εἰρημένα
2623 3412 2890 3476 τέθεικεν,
2920 3413 3018 3482 οὐχ
3048 3413 3123 3476 ὼς
3168 3412 3331 3475 αὐτὸς
3358 3411 3456 3481 τὴν
3481 3412 3632 3463 θείαν
3663 3427 3765 3462 πε-

2171 3505 2598 3578 ριεργαζόμενος
2657 3506 2936 3575 πρόνοιαν,
2975 3504 3112 3573 (πῶς
3142 3505 3249 3574 γὰρ
3285 3505 3378 3571 ὅγε
3405 3505 3486 3564 εἰς
3532 3503 3758 3571 ἔλεγχον

2167 3597 2277 3651 τῶν
2305 3598 2479 3652 ἄλλων
2507 3597 2900 3666 διαπλασθῆναι
2949 3595 3180 3666 φήσαςς)
3225 3594 3362 3648 ἀλλὰ
3409 3593 3517 3646 τῶν
3556 3593 3623 3646 τὰ
3645 3609 3758 3648 τοι-

2169 3690 2310 3743 αὔτα
2359 3687 2669 3760 ζητούντων
2715 3687 2844 3750 τοὺς
2900 3686 3195 3756 λογισμοὺς
3263 3682 3589 3755 διαγράψας.
3632 3683 3746 3736 Καί

2171 3799 2338 3854 φησιν
2363 3798 2377 3812 ·
2416 3782 2540 3834 Ὅτι
2564 3779 2743 3832 πᾶσαν
2791 3776 3049 3850 βδελύττῃ
3100 3776 3388 3847 πονηρίαν,
3415 3775 3752 3844 ἐπίσταμαιο

2168 3871 2518 3941 δικαιοσύνης
2585 3869 2694 3940 γὰρ
2749 3867 3021 3940 ὑπάρχεις
3072 3869 3258 3939 πηγή·
3310 3867 3530 3937 ἐφίεμαι
3559 3867 3616 3919 δὲ
3643 3883 3751 3935 μα·-

2172 3963 2304 4028 θεῖν,
2340 3963 2394 4016 τί
2430 3963 2628 4034 δήποτε
2674 3960 2802 4023 τοὺς
2849 3957 3116 4023 ἀλαζόνας
3159 3958 3252 4013 καὶ
3298 3958 3632 4026 ἀναλγησίαν
3659 3974 3753 4011 νο-

2173 4055 2422 4120 σοῦντας,
2451 4052 2780 4122 εύπράττειν
2801 4052 2919 4122 ἐᾷς,
2951 4050 3046 4104 καὶ
3069 4050 3333 4122 περιορᾷς
3361 4049 3466 4103 ὑπὸ
3487 4049 3593 4103 τῶν
3619 4049 3749 4102 δυσ-

2173 4144 2476 4199 σεϐούντων
2511 4144 2639 4206 τοὺς
2661 4141 2722 4195 ού
2748 4141 3022 4204 τοιούτους
3062 4141 3472 4211 ἀδικουμένους.
3509 4139 3620 4194 Τὸν
3650 4139 3765 4212 γὰρ

2171 4236 2406 4292 δίκαιον
2434 4233 2669 4289 ἐνταῦθα
2706 4233 2767 4285 ού
2791 4232 2881 4286 τὸν
2911 4234 2969 4284 ἐν
3012 4230 3186 4284 ἅπασι
3224 4232 3432 4286 δίκαιον
3471 4231 3758 4303 κέκληκεν,

2172 4327 2309 4381 ἀλλά
2337 4326 2476 4380 κατὰ
2497 4325 2786 4395 σύγκρισιν
2819 4322 2910 4375 τὸν
2930 4323 3024 4376 τοῦ
3061 4321 3374 4388 ἀδικοῦντος
3399 4323 3758 4394 δικαιότερον.

2175 4419 2331 4473 Οὕτω
2355 4417 2464 4488 γάρ
2487 4415 2583 4470 καὶ
2612 4417 2640 4468 ό
2679 4413 2934 4479 Ἀκύλας,
2961 4415 3056 4468 καὶ
3085 4415 3114 4467 ὁ
3153 4415 3475 4488 Σύμμαχος,
3513 4416 3608 4469 καὶ
3626 4416 3760 4469 Θεο-

2173 4509 2361 4563 δοτίων
2395 4504 2776 4579 ήρμηνεύκασι
2800 4521 2814 4536 ·
2872 4525 2891 4557 ι
2956 4507 3331 4577 Παρασιωπᾷς
3373 4505 3762 4570 καταπίνοντος

2171 4596 2404 4660 ἀσεϐοῦς
2431 4596 2522 4651 τὸν
2553 4595 2892 4666 δικαιότερον
2937 4593 3125 4647 αὐτοῦ.
3170 4612 3188 4645 ι
3227 4592 3387 4646 Ούτω
3417 4593 3476 4646 δὲ
3512 4593 3606 4646 κοιλ⁵
3635 4591 3763 4645 τού-

2171 4706 2282 4742 των
2313 4686 2677 4757 γιγνομένων,
2719 4685 2872 4738 οὐδὲν
2899 4683 3089 4736 διοίσει
3119 4681 3229 4735 τῶν
3256 4681 3563 4752 ἀνθρώπων
3601 4684 3634 4752 ή
3657 4682 3764 4750 φύ-

2176 4796 2279 4842 σις,
2306 4777 2416 4831 τῶν
2447 4779 2504 4831 ἐν
2536 4779 2652 4838 τοῖς
2705 4775 2860 4830 ὕδασι
2887 4771 3259 4841 διαιτωμένων
3298 4770 3528 4838 ἀλόγων,
3577 4770 3614 4824 ἃ.
3638 4770 3764 4824 οὕτε

2173 4868 2492 4939 νομοθέτας,
2509 4867 2636 4920 οὔτε
2671 4865 2863 4936 κριτὰς
2883 4863 3116 4933 ἔχουσιν·
3139 4860 3254 4913 ἀλλ’
3268 4863 3348 4924 είς
3366 4859 3530 4932 βορὰν
3546 4866 3657 4928 τοῖς
3672 4864 3767 4918 δυ-

2177 4959 2504 5028 νατωτέροις
2530 4958 2580 5010 οἱ
2599 4955 2979 5024 ἀσθενέστεροι
3004 4952 3341 5022 πρόκεινται.
3367 4953 3524 5008 Κατὰ
3543 4956 3766 5019 τούτους

2177 5052 2284 5123 γὰρ
2309 5051 2400 5104 καὶ
2433 5040 2591 5108 οὗτος
2634 5046 2822 5109 κακῶς
2842 5047 2909 5116 τῇ
2934 5045 3226 5117 δυναστείᾳ
3265 5045 3572 5118 χρώμενος.
3599 5049 3765 5118 Λέγει

2180 5143 2238 5198 δὲ
2266 5142 2356 5197 τὸν
2389 5138 2755 5194 Βαϐυλώνιον.

2255 5235 2339 5302 ιε’,
2374 5241 2469 5300 ις’.
2504 5251 2523 5286 ι
2559 5231 2940 5286 Συντέλειανθδ
2975 5232 3032 5284 ἐν
3061 5233 3347 5304 ἀγκίστρῳ
3375 5232 3682 5288 ἀνέσπασεν
3720 5235 3767 5268 ⁸⁵

2163 5329 2351 5396 αὐτὸν,
2395 5326 2492 5380 καὶ
2528 5325 2782 5380 εἵλκυσεν
2819 5324 2986 5378 αύτὺν
3029 5325 3088 5380 ὲν
3135 5326 3532 5396 ἀμφιϐλήστρῳ
3575 5325 3766 5393 αὑτοῦ,

1802 5491 2036 5546 νΑῐυιιΕ
2075 5489 2480 5548 LECTIONES.

596 5593 641 5624 ⁵³
664 5591 787 5646 αὐτ.
820 5590 945 5645 Des.
983 5590 1036 5643 in
1080 5589 1144 5640 Α.
1253 5585 1297 5618 ⁵⁵
1329 5586 1369 5638 Α
1397 5585 1623 5654 Κύριος.

500 5661 549 5693 ⁸³
582 5678 699 5718 σου,
734 5661 860 5718 Des.
887 5661 966 5717 ib.
1073 5660 1118 5690 '9
1159 5655 1269 5712 ἐπί.
1307 5655 1386 5712 Ex
1415 5656 1456 5706 Α
1488 5665 1541 5707 et
1573 5657 1613 5709 C
1649 5655 1824 5726 suppl.

501 5729 681 5784 αὐτὸν.
782 5731 828 5762 ⁸³
860 5730 1059 5788 Supra.
1108 5730 1149 5781 ι.
1185 5724 1225 5788 1,
1281 5741 1332 5788 p.
1389 5723 1547 5787 19.76,
1607 5727 1739 5779 ὡσεὶ
1795 5729 1820 5781 ὲ

501 5745 1225 5855 e'u?’euvz2:l.::‘£m“uti,
1250 5745 1984 5866 ’Λὲ

1020 5859 1050 5877 Ἡ

1280 5741 1332 5796 p.
1357 5723 1574 5802 _l‘2'l'6,_
1607 5723 1766 5802 diqu
1795 5729 1942 5802 ἑρπ.
1969 5728 2043 5800 μὴ
2096 5731 2204 5802 ἔχη
2261 5747 2314 5784 κ.
2361 5745 2412 5782 τ.
2443 5725 2494 5779 λ.
2525 5725 2569 5781 C
2620 5726 2696 5788 ὠς
2726 5723 2813 5783 τά.

1728 5586 1930 5659 δ’ᾼμου.
1984 5588 2038 5641 in
2099 5591 2143 5642 A
2175 5596 2304 5659 post
2354 5588 2513 5659 arto;
2571 5583 2818 5659 ponitur.
2897 5579 3018 5659 “_C
3048 5579 3207 5659 αὐτόἒ
3240 5578 3323 5659 ﬂ"
3357 5576 3405 5659 ὁ,
3441 5574 3566 5659 Des.
3608 5574 3663 5659 in
3699 5573 3767 5659 ᾼ.

1930 5659 1975 5691 ⁶⁰
2006 5659 2048 5712 C
2083 5651 2243 5713 ἱνατί.
2322 5657 2365 5689 εί
2396 5651 2440 5709 It
2481 5651 2602 5710 etC
2642 5651 3074 5724 παρασιωπήσῃ.

3164 5649 3208 5679 σε
3235 5647 3342 5701 δίκ.
3372 5647 3424 5715 Α-
3449 5645 3572 5699 add.
3626 5645 3771 5715 ὑπὲρ

2917 5713 3176 5789 Νδὲτὴν
3234 5717 3344 5771 διά.
3387 5713 3529 5770 ExC
3586 5713 3768 5790 suppl.
