4090 6412
358 327 498 393 1817
1569 345 1653 408 ΙΝ
1679 349 1925 414 IIABAC

2062 356 2221 418 CAP.
2257 361 2340 421 II.
3478 379 3626 446 1313

355 444 456 498 καὶ
489 441 538 476 ⁸⁷
562 443 870 514 συνήγαγεν
919 443 1081 501 αὐτὸν
1136 447 1195 501 ἐν
1244 449 1364 512 ταῖς
1420 453 1692 525 σαγήναις
1746 459 1928 514 αὑτοῦ.

2044 467 2292 539 gregavit
2322 484 2447 524 eum
2485 486 2539 524 In
2579 473 2799 544 sagenis
2828 477 2969 538 suis.
3003 479 3237 556 Propter
3279 483 3386 542 hoc

356 535 589 589 Ἕνεκεν
639 535 832 588 τούτου
891 538 1354 612 εὐφρανθήσεται,
1405 543 1500 598 καὶ
1557 549 1861 620 χαρήσεται
1907 555 1928 606 Ἰ

2053 564 2165 622 tur,
2193 566 2244 612 et
2271 559 2530 627 gaudebit
2559 578 2658 617 cor
2687 565 2831 634 ejus.
2864 535 3166 640 Proptere'a
3207 574 3514 636 immolabit
3535 535 3627 640 sa-

358 625 562 695 καρδία
617 625 783 680 αὑτοῦ
839 627 905 682 ⁸⁸.
949 629 1181 683 Ἕνεκεν
1219 632 1408 686 τούτου
1455 633 1606 690 θύσει
1639 641 1704 709 τῇ
1733 642 1928 714 enim

359 716 527 741 -.⁸.--3τ
583 717 670 741 --.Α
707 716 962 741 ο-.---Δ---
995 720 1062 741 __‘,
1123 722 1164 741 λ.
1202 739 1224 741 η
1262 723 1313 741 ρκ
1338 725 1356 741 ρ
1602 729 1614 741 ι
1692 729 1714 740 α
1791 732 1814 741 .-
1899 733 1928 741 Α,

2047 662 2199 718 genae
2229 666 2362 716 suae,
2404 661 2459 710 et
2483 653 2728 714 sullitum
2781 659 3040 718 incendet
3077 665 3177 722 reti
3209 681 3350 724 suo:
3405 671 3539 741 quia
3569 673 3623 728 in

355 716 550 780 αὐτοῦ,
583 717 676 770 καὶ
707 716 965 786 θυμιάσει
991 720 1069 790 τῷ
1113 722 1513 796 ἀμφιδλήστρῳ
1555 729 1720 782 αὑτοῦ
1751 747 1766 761 ο
1787 732 1869 784 ὅτι
1897 733 1928 765 ⁶¹

2046 737 2180 808 ipsis
2214 741 2549 802 inerassavit
2594 758 2803 818 partem
2850 767 3030 815 suam,
3071 764 3126 813 et
3155 772 3301 814 escae
3342 716 3466 829 eju's
3510 764 3626 822 ele-

356 811 419 860 ἐν
452 811 632 871 αὐτοῖς
664 809 886 864 ἐλίπανε
944 813 1137 884 μερίδα
1170 816 1358 881 αὑτοῦ,
1414 819 1508 872 καὶ
1553 822 1621 874 τὰ
1676 821 1928 894 βρώματα

2045 835 2164 884 etas.
2194 850 2212 882 ι
2252 831 2427 890 Tanto
2456 837 2604 891 enim
2642 840 2842 896 robore
2868 844 3129 912 praeditus
3152 857 3262 911 est,
3292 809 3626 923 utintegras

355 900 526 954 αὐτοῦ
555 901 805 956 ἐκλεκτά.
843 922 860 953 ι
896 903 1179 975 Τοσαύτην
1204 907 1311 976 γὰρ
1343 908 1651 979 περίκειται
1686 912 1928 986 δύναμιν,

357 994 434 1015 -⁶,-
469 994 726 1015 ιιιλμ-..
776 995 864 1015 In,
1033 997 1092 1015 ΛΙ
1332 1001 1345 1015 ι
1515 1003 1527 1015 ι
1725 1007 1737 1015 .
1789 1009 1800 1015 -
1897 1009 1908 1015 -

2044 924 2303 980 nationes
2346 936 2606 999 tanquam
2635 947 2836 1004 sagena
2863 900 3098 1004 euadam
3138 940 3348 1015 1543
3384 951 3436 998 et
3460 900 3625 1001 DZIIIO

352 994 436 1053 ὡς
462 994 730 1064 ὁλόκληρα
775 995 901 1064 ἔθνη
957 997 1207 1069 καθάπερ
1249 1001 1356 1054 τινὶ
1394 1003 1608 1078 σαγήνῃ
1652 1007 1748 1058 καὶ
1777 1009 1940 1077 ἀγκί-

356 1101 510 1156 στρῳ
531 1085 802 1156 θηρεύειν,
834 1091 930 1140 καί
959 1091 1022 1159 τῇ
1054 1088 1197 1162 θήρα
1245 1092 1604 1166 ἐπεντρυφᾷν.
1643 1097 1737 1160 Εἰς
1788 1097 1846 1151 δέ
1878 1100 1940 1152 τὸ

353 1177 462 1246 τῆς
507 1179 825 1244 ἀλαζονείας
883 1181 1053 1246 πάθος
1100 1183 1349 1238 ἐντεῦθεν
1400 1186 1704 1254 ἐκπίπτων,
1758 1191 1938 1246 αἰτίαν

353 1269 468 1321 τῶν
489 1271 824 1342 γιγνομένων
878 1273 1048 1342 μόνην
1093 1275 1192 1344 τὴν
1236 1277 1444 1332 οἰκείαν
1478 1279 1651 1332 οίεται
1680 1279 1935 1353 δύναμιν,

353 1360 453 1412 καὶ
489 1359 663 1434 ταύτῃ
688 1361 786 1425 τὰς
814 1362 964 1426 Θείας
989 1365 1319 1436 προσφέρειν
1358 1371 1721 1440 παρακελεύει
1747 1374 1933 1445 τιμάς.

353 1450 529 1504 Τοῦτο
558 1453 615 1505 δὲ
648 1453 978 1523 σαφέστερον
1029 1457 1177 1525 ἡμᾶς
1216 1460 1244 1510 ὁ
1295 1459 1436 1524 θεῖος
1476 1461 1683 1528 ἐδίδαξε
1713 1466 1932 1538 Δανιὴλ,

351 1543 564 1612 χρυσῆν
594 1544 756 1597 αὐτὸν
786 1546 972 1599 εἰκόνα
1008 1551 1416 1604 κατασκευάσαι
1443 1553 1645 1623 φήσας,
1673 1557 1766 1609 καὶ
1798 1557 1932 1610 ταύ-

2041 1023 2296 1077 venetur,
2333 1026 2390 1072 et
2438 1021 2678 1089 praedam
2722 1025 2777 1079 in
2808 1024 3023 1086 deliciis
3069 1028 3292 1086 habeat.
3326 1031 3458 1090 Inde
3488 1051 3621 1090 vero

2042 1107 2298 1177 Superbia
2353 1110 2552 1176 elatus,
2611 1125 2891 1184 gestorum
2948 1133 3176 1175 suorum
3209 1135 3437 1178 causam
3470 1126 3622 1180 solas

2040 1199 2291 1269 proprias
2322 1201 2469 1258 vires
2498 1219 2619 1259 esse
2652 1214 2830 1276 putat,
2861 1215 2916 1262 et
2956 1208 3110 1266 his¢e
3137 1211 3356 1268 divinas
3380 1213 3619 1272 honores

2039 1289 2230 1346 haberi
2263 1292 2441 1360 jubet.
2495 1294 2651 1361 Quod
2712 1300 2960 1370 apertius
3015 1316 3120 1360 nos
3166 1305 3386 1360 divinus
3427 1305 3618 1364 Daniel

2037 1385 2288 1450 docuit‘,
2325 1394 2564 1444 statuam
2621 1403 2844 1446 auream
2870 1391 3023 1446 illum
3076 1392 3279 1450 fecisse
3319 1395 3536 1463 dicens,
3563 1405 3619 1454 et

2036 1475 2178 1530 hanc
2207 1485 2268 1529 ut
2314 1476 2634 1541 adorarent,
2685 1481 3037 1538 subditorum
3084 1484 3522 1553 multitudinem,
3563 1495 3621 1543 et
3675 1484 3682 1490 ’

2034 1566 2202 1621 simul
2257 1581 2384 1620 cum
2436 1567 2674 1624 subditis
2732 1570 3012 1641 principes
3065 1573 3339 1644 coegisse.
3392 1574 3621 1634 Diviuus

347 1648 454 1702 την
480 1635 852 1704 προσκυνῆσαι
878 1636 986 1688 τῶν
1020 1636 1275 1708 ὑπηκόων
1292 1641 1600 1708 ἀναγκάσαι
1626 1643 1685 1696 τὸ
1707 1646 1930 1714 πλῆθος,

2034 1657 2212 1712 etiam
2253 1655 2449 1724 Isaias,
2502 1659 2624 1728 ejus
2672 1661 2984 1731 superbiam
3049 1663 3215 1720 simul
3257 1675 3314 1722 et
3351 1668 3618 1726 ultionem

349 1723 449 1775 καὶ
479 1724 614 1794 πρὸς
645 1728 758 1789 τοῖς
789 1726 1115 1798 ἀρχομένοις
1140 1729 1267 1793 τοὺς
1298 1731 1582 1802 ἄρχοντας.
1604 1737 1712 1789 Καὶ
1737 1737 1765 1788 6
1789 1738 1930 1801 θεῖος

2034 1749 2245 1818 tragice
2278 1749 2628 1814 describens,
2662 1761 2720 1806 et
2752 1753 3121 1821 cogitationes
3144 1755 3265 1826 ejus
3293 1758 3618 1820 ostendens,

349 1814 411 1866 δέ
451 1815 696 1880 Ἡσαΐας,
725 1819 818 1872 καὶ
845 1819 942 1890 τήν
977 1821 1298 1885 ἀλαζονείαν
1331 1825 1496 1878 αὐτοῦ
1523 1827 1614 1879 καὶ
1639 1827 1737 1898 τὴν
1765 1847 1928 1900 τιμω-

2035 1838 2148 1891 ait:
2185 1857 2204 1888 ‹
2269 1837 2580 1892 Ascendam
2645 1853 2811 1908 super
2841 1839 3040 1904 nubes,
3066 1814 3233 1911 supra
3272 1841 3454 1896 sidera
3485 1843 3617 1898 εαξιί

355 1905 477 1976 ρίαν
509 1909 651 1961 κατά
699 1911 898 1963 ταυτὸν
955 1911 1274 1984 τραγῳδῶν,
1342 1914 1436 1967 καί
1469 1917 1594 1980 τοὺς
1629 1918 1927 1988 λογισμοὺς

2031 1942 2229 1998 ponam
2299 1927 2558 1981 thronum
2616 1942 2797 1982 meum
2845 1945 2858 1982 :
2914 1929 3375 1998 comprehendam
3425 1930 3615 1986 orbem

349 1997 518 2051 αὑτοῦ
555 1999 744 2070 δήλους
773 2001 963 2066 ποιῶν,
1005 2002 1203 2071 φησίν·
1243 2020 1262 2054 ι
1313 2003 1682 2076 Ἀναϐήσομαι
1712 2009 1806 2061 ἐπί
1824 2010 1928 2064 τῶν

2031 2026 2330 2081 terrarum,
2359 2017 2508 2072 sicut
2543 2017 2759 2084 nidum,
2793 2026 2848 2073 et
2878 2019 3022 2074 sicut
3072 2034 3174 2073 ova
3221 2021 3482 2077 derelicta
3509 2021 3616 2076 tol-

348 2091 608 2158 νεφελῶν,
632 2092 819 2146 ἐπάνω
855 2093 963 2146 τῶν
1007 2093 1225 2165 ἄστρων
1267 2095 1362 2149 τοῦ
1392 2098 1625 2168 οὐρανοῦ
1662 2100 1812 2170 θήσω
1841 2101 1928 2154 τὸν

2031 2107 2205 2161 Ιιιιιιῐ.
2236 2128 2252 2160 ι
2278 2107 2492 2176 Quibus
2535 2115 2660 2180 post
2696 2110 2879 2180 aliqua
2926 2110 3210 2182 subjungit
3237 2129 3251 2167 :
3279 2130 3297 2164 ι
3326 2111 3528 2170 Subter
3560 2121 3617 2168 te

350 2180 538 2250 θρόνον
560 2201 659 2254 μου
681 2201 694 2214 ⁸
721 2185 1108 2256 καταλήψομαι
1126 2186 1225 2258 τὴν
1241 2189 1572 2260 οἰκουμένην
1593 2190 1668 2253 ὡς
1688 2193 1928 2259 νοσσιὰν,

2031 2205 2280 2252 sternent
2327 2199 2556 2262 tineam,
2607 2180 3216 2269 operimentum'tuum
3272 2200 3424 2272 (erit)
3480 2216 3612 2256 ver-

348 2277 446 2330 καί
466 2277 542 2341 ὡς
577 2279 1050 2350 καταλελειμμένα
1079 2280 1164 2334 ὠὰ
1198 2282 1336 2354 ἀρῶ.
1366 2301 1383 2332 ι
1414 2277 1511 2346 Οἷς
1544 2285 1707 2349 εὐθὺς
1735 2287 1928 2354 ἐπιφέ-

2031 2289 2130 2344 mis
2152 2300 2200 2342 ι.
2231 2309 2249 2341 ι
2293 2289 2356 2342 Et
2388 2289 2584 2347 beatus
2617 2289 2880 2345 llabacuc
2909 2292 3178 2361 propheta
3205 2310 3220 2347 :

351 2385 480 2442 ρει·
523 2387 542 2420 ι
587 2370 878 2424 ’Υποκάτω
915 2388 1009 2425 σου
1059 2373 1361 2446 στρώσουσι
1396 2375 1581 2448 σῆψιν,
1612 2376 1706 2430 καὶ
1734 2377 1794 2431 τὺ
1823 2379 2092 2452 κάλυμμά
2113 2399 2208 2436 σου
2245 2380 2482 2453 σκώληξ.
2521 2400 2539 2433 ι
2608 2382 2721 2438 Καὶ
2786 2383 2817 2435 6
2873 2383 3145 2455 μακάριος
3207 2381 3533 2454 Ἀμϐακοὺμ
3586 2386 3616 2440 6

350 2463 644 2536 προφήτης
673 2463 849 2532 φησί’

432 2571 450 2603 ι
481 2551 647 2606 Θύσει
669 2554 737 2622 τῇ
763 2553 976 2626 σαγήνῃ
1009 2555 1198 2619 αὑτοῦ,
1232 2555 1328 2608 καὶ
1362 2554 1618 2626 θυμιάσει
1649 2554 1728 2626 τῷ
1751 2556 1928 2628 ἀμφι-

2110 2575 2128 2608 ‹
2157 2555 2492 2622 lmmolabit,
2529 2558 2728 2630 inquit,
2776 2563 3032 2630 sagenae'
3067 2575 3208 2624 suae,
3255 2569 3309 2616 et
3354 2561 3616 2616 incendet

353 2643 606 2716 σλήστρῳ
629 2643 820 2708 αὐτοῦ.
850 2646 932 2699 ὅτι
955 2647 1012 2698 ἐν
1040 2647 1224 2709 αὐτοῖς
1258 2647 1476 2701 ὲλίπανε
1504 2647 1700 2718 μερίδα
1738 2645 1928 2713 αὑτοῦ,

2031 2647 2138 2700 reti
2162 2662 2263 2701 suo
2299 2649 2469 2718 :quia
2501 2648 2552 2702 in
2587 2649 2723 2719 ipsis
2769 2649 3104 2706 incrassavit
3165 2660 3376 2722 partem
3429 2666 3612 2715 suam,

353 2739 446 2792 καὶ
477 2740 544 2792 τὰ
573 2739 836 2811 βρώματα
892 2741 1057 2795 αὑτοῦ
1115 2742 1370 2797 ἐκλεκτά.
1412 2741 1580 2816 (ιζ’.)
1616 2743 1714 2797 Διά
1773 2743 1928 2798 τοῦτο

2033 2743 2088 2788 et
2129 2751 2269 2791 escae
2299 2737 2420 2806 ejus
2453 2739 2662 2793 electae.
2708 2738 2898 2808 (Vsus.
2955 2739 3066 2810 i7.)
3103 2738 3396 2809 Propterea
3447 2740 3616 2809 jacict

349 2825 650 2895 ἁμφιϐαλεῖ
691 2827 753 2880 τὸ
795 2828 1210 2902 ἀμφίϐληστρον
1267 2831 1458 2898 αὑτοῦ,
1507 2831 1602 2886 καί
1641 2832 1928 2896 διαπαντὸς

2036 2834 2154 2881 rete
2180 2842 2364 2893 suum,
2393 2837 2450 2885 et
2499 2839 2768 2900 perpetuo
2817 2831 3118 2886 interﬁciet
3164 2839 3378 2904 gentes,
3410 2840 3466 2886 et
3501 2847 3611 2886 non

347 2915 641 2968 ἀποκτενεῖ
687 2915 852 2988 ἔθνη,
919 2919 1013 2972 καὶ
1043 2919 1088 2951 ⁷⁸
1138 2921 1199 2973 οὐ
1257 2922 1522 2992 φείσεται.
1554 2941 1572 2973 ι
1639 2922 1928 2994 Ἐξουρίων

347 3005 458 3076 γὰρ
480 3007 800 3076 φερόμενος,
830 3008 922 3061 καὶ
947 3010 1151 3080 ῥᾳδίως
1188 3013 1503 3082 σαγηνεύων
1525 3013 1621 3078 οὓς
1653 3013 1924 3084 βούλεται,

347 3097 444 3148 καί
481 3096 652 3149 κακοῦ
694 3115 838 3161 τινος
873 3102 1069 3170 πεῖραν
1107 3101 1246 3166 τέως
1285 3104 1545 3174 οὐδεμίαν
1589 3104 1792 3171 λαϐὼν,
1833 3107 1928 3158 καί

347 3187 491 3240 κατὰ
511 3186 620 3241 τῶν
645 3189 820 3243 ἄλλων
843 3190 1012 3245 ἐθνῶν
1047 3193 1408 3264 ἐπιχειρήσει,
1441 3196 1536 3248 καὶ
1561 3195 1620 3248 οὐ
1656 3196 1929 3250 παύσεται

345 3280 416 3350 τῇ
440 3279 665 3350 δυνάμει
693 3281 946 3352 καθάπερ
978 3285 1086 3337 τινὶ
1117 3285 1458 3355 κεχρημένος
1495 3285 1721 3358 δικτύῳ.

873 3395 1274 3449 ΚΕΦΑΛΑΙΗΝ
1317 3397 1392 3449 B'.

415 3508 487 3566 α’.
523 3527 542 3560 ι
571 3508 698 3562 Ἐπί
727 3508 827 3578 τῆς
859 3508 1106 3580 φυλακῆς
1142 3527 1248 3579 μου
1276 3511 1566 3580 στήσομαι,
1592 3511 1689 3564 καὶ
1727 3510 1924 3582 ἐπιϐή-

347 3615 512 3670 σομαι
541 3601 635 3653 ἐπὶ
663 3600 890 3672 πέτραν,
920 3601 1016 3653 καὶ
1057 3601 1460 3654 ἀποσκοπεύσω
1503 3599 1595 3654 τοῦ
1625 3601 1668 3631 τί
1709 3601 1836 3655 ἰδεῖν
1873 3601 1928 3654 τί

342 3691 656 3764 λαλήσειέν
692 3692 835 3762 ἐμοὶ,
876 3692 970 3746 καί
1002 3692 1054 3745 τί
1095 3692 1381 3764 ἀποκριθῶ
1424 3692 1520 3746 ἐπὶ
1568 3694 1660 3748 τὸν
1706 3693 1927 3764 ἐλεγχόν

347 3801 470 3854 μου.
499 3802 516 3835 ι
550 3784 737 3838 Ἐοικε
782 3783 944 3838 τοῦτο
990 3786 1104 3846 τοῖς
1151 3783 1259 3836 ὑπὸ
1290 3784 1382 3836 τοῦ
1433 3785 1706 3857 μακαρίου
1762 3785 1928 3840 Δαὸἰδ

343 3875 658 3944 εἰρημένοις
681 3891 694 3904 ·
729 3892 747 3925 ι
775 3874 946 3928 Τοῦτο
981 3874 1149 3937 κόπος
1187 3875 1339 3928 ἐστὶν
1368 3875 1612 3928 ἐναντίον
1659 3894 1780 3946 μου,
1816 3877 1925 3942 ἕως

342 3959 404 4020 οὗ
435 3965 664 4022 εἰσέλθω
685 3967 778 4021 ἐπὶ
801 3967 844 3998 τ’
875 3966 936 4020 τὸ
958 3967 1316 4036 ἀγιαστήριον
1341 3964 1437 4018 τοῦ
1471 3966 1630 4031 Θεοῦ,
1656 3968 1751 4022 καί
1779 3967 1925 4021 συνῶ

345 4059 426 4120 εἰς
452 4057 521 4112 τὰ
553 4057 758 4128 ἔσχατα
788 4058 990 4112 αὐτῶν.
1025 4078 1045 4110 ι
1085 4058 1197 4110 Καὶ
1225 4056 1461 4111 ἐνταῦθα
1499 4057 1608 4128 γὰρ
1641 4058 1670 4110 6
1704 4059 1923 4130 προφήί-

344 4165 446 4219 της
471 4165 488 4178 ⁸
534 4144 730 4220 Ἐφ“ἦς
759 4150 1012 4221 ἐτάχθην,
1041 4151 1196 4220 φησὶ,
1231 4150 1437 4215 τάξεως
1474 4149 1643 4220 μενῶ,
1672 4152 1734 4203 τὸ
1763 4153 1925 4224 στερο

349 4240 443 4312 ρὸν
482 4242 546 4296 οὐ
600 4242 913 4312 καταλείψω
939 4259 953 4275 ο
981 4241 1096 4296 ἀλλ’
1142 4241 1235 4294 ἐπὶ
1279 4241 1379 4312 τῆς
1422 4240 1679 4311 τοιαύτης
1721 4239 1926 4311 πέτρας

346 4331 544 4396 ἑστὼς,
568 4329 732 4404 ἐφ’ἦς
761 4334 854 4388 καί
883 4334 1124 4387 Μωῦσέα
1152 4333 1242 4388 τὸν
1266 4333 1439 4402 μέγαν
1455 4333 1684 4404 ἔστησεν
1717 4333 1748 4384 6
1766 4332 1920 4397 Θεὸς,

340 4427 457 4491 τοῖς
487 4427 848 4496 προφητικοῖς
889 4424 1192 4495 ὀφθαλμοῖς
1227 4424 1494 4496 θεωρήσω
1520 4425 1628 4480 τῶν
1657 4424 1924 4495 ζητουμέο

2037 2925 2248 2986 parcet.
2281 2938 2298 2970 ι
2332 2918 2526 2975 Ventis
2560 2921 2706 2974 enim
2740 2921 3002 2977 secundis
3035 2929 3216 2988 utens,
3246 2931 3299 2977 et
3325 2923 3478 2976 nullo
3507 2937 3607 2976 ne-

2037 3011 2186 3080 gotio
2241 3010 2467 3080 capiens
2518 3027 2660 3081 quos
2724 3011 2864 3075 vult,
2911 3019 2966 3068 et
3020 3013 3172 3068 nullo
3211 3012 3434 3068 interim
3464 3013 3616 3067 malo

2035 3102 2289 3166 aﬂ‘ectus,
2333 3103 2472 3156 alias
2507 3103 2674 3157 etiam
2701 3104 2952 3158 nationes
2983 3103 3226 3167 invadet,
3255 3112 3312 3157 et
3349 3113 3613 3174 tanquam

2033 3193 2134 3249 reti
2167 3195 2408 3265 quodam
2439 3194 2654 3250 viribus
2689 3196 2808 3250 suis
2843 3195 2922 3250 uti
2963 3211 3075 3252 non
3110 3195 3352 3253 desinet.

2631 3389 2865 3447 CAPUT
2929 3389 3000 3448 ll.

2100 3506 2270 3564 Vens.
2303 3507 2357 3562 ἰ.
2389 3525 2408 3558 ι
2447 3505 2629 3578 Sper
2655 3506 2906 3562 custodia
2940 3519 3066 3559 mea
3091 3504 3287 3568 stabo,
3323 3510 3378 3560 et
3412 3517 3612 3560 ascen-

2028 3600 2160 3655 dam
2193 3600 2252 3654 in
2281 3608 2518 3670 petram,
2551 3607 2607 3654 et
2640 3598 3080 3668 contemplabor,
3117 3607 3179 3652 ut
3204 3597 3442 3659 videam,
3473 3596 3608 3664 quid

2029 3696 2292 3764 loquatur
2347 3709 2588 3757 mecum,
2631 3700 2688 3747 et
2734 3691 2868 3761 quid
2901 3690 3266 3760 respondeam
3297 3689 3365 3743 ad
3417 3703 3608 3744 corre-

2029 3787 2270 3842 ctionem
2301 3801 2503 3842 meam.
2532 3803 2551 3837 ι
2591 3785 2705 3840 Hoc
2736 3785 2920 3840 simile
2947 3792 3033 3839 est
3067 3783 3157 3848 iis,
3189 3798 3310 3853 quae
3343 3781 3556 3854 ιω
3581 3795 3611 3836 a

2033 3880 2237 3935 Davide
2269 3880 2535 3935 dicuntur
2571 3897 2585 3932 :
2619 3896 2638 3929 ‹
2681 3877 2797 3932 Hoc
2829 3877 2986 3932 labor
3013 3884 3101 3931 est
3135 3886 3265 3931 ante
3295 3891 3403 3938 mc,
3435 3875 3612 3928 donec

2029 3971 2232 4027 intrem
2259 3971 2313 4025 in
2337 3969 2721 4026 sanctuarium
2748 3968 2865 4034 Dei,
2889 3976 2944 4023 et
2965 3967 3265 4037 inteliigam
3306 3967 3608 4022 novissima

2025 4075 2220 4115 eorum
2239 4072 2292 4113 ι.
2334 4078 2355 4110 ι
2394 4061 2489 4114 Sic
2519 4060 2690 4114 etiam
2723 4058 2827 4113 hoc
2869 4059 2992 4113 loco
3029 4057 3298 4126 propheta
3333 4073 3349 4111 :
3385 4056 3440 4109 In
3473 4071 3606 4124 quo,

2028 4152 2230 4222 inquit,
2262 4152 2603 4207 constitutus
2635 4166 2756 4207 sum
2799 4149 3018 4214 ordine,
3052 4149 3310 4212 manebo,
3333 4154 3390 4201 et
3433 4145 3608 4200 ﬁrmi-

2027 4251 2202 4298 tatem
2228 4257 2336 4298 non
2368 4242 2622 4298 deseram
2666 4240 2813 4296 :sed
2861 4241 2919 4296 in
2970 4248 3126 4310 petra
3191 4237 3283 4292 illa
3323 4244 3504 4301 stans,
3551 4235 3607 4290 in

2026 4348 2196 4404 quam
2232 4342 2288 4389 et
2314 4332 2506 4388 Mosen
2537 4347 2799 4403 magnum
2838 4331 3027 4401 posuit
3068 4329 3235 4394 Deus,
3261 4327 3445 4382 oculis
3481 4341 3608 4396 pro-

2027 4423 2265 4494 pheticis
2295 4421 2714 4491 contemplabor
2742 4421 2940 4476 harum
2981 4418 3350 4489 quaestionum
3379 4414 3609 4470 solutio-

342 4532 452 4570 νων
477 4514 578 4586 τήν
620 4515 794 4568 λύσιν.
841 4516 954 4572 Καὶ
1007 4514 1260 4568 ἐντεῦθεν
1289 4515 1346 4569 δὲ
1378 4515 1563 4585 σαφῶς
1606 4515 1926 4588 μεμαθήκα-

2031 4529 2179 4568 nem.
2242 4512 2320 4568 Ex
2372 4513 2576 4584 quibus
2631 4513 2790 4582 plane
2845 4511 3235 4580 cognovimus,
3285 4523 3400 4563 non
3432 4503 3607 4560 divini

343 4625 468 4680 μεν,
513 4609 590 4671 ὡς
619 4609 680 4661 οὐ
725 4606 828 4676 τοῦ,
880 4608 1024 4666 θείου
1098 4610 1400 4680 προφήτου,
1461 4608 1577 4662 ἀλλ’
1637 4609 1812 4665 ἄλλων
1867 4610 1927 4662 ai

341 4699 592 4755 τοιαῦται
620 4701 934 4772 προτάσεις.
975 4695 1113 4754 Eii-cs
1138 4701 1248 4773 γάρ
1273 4717 1286 4732 ·
1323 4721 1342 4753 σ
1377 4699 1803 4756 ’Δποσκοπεύσω
1827 4699 1923 4754 τοῦ

344 4793 477 4848 ἰδεῖν
507 4793 563 4848 τί
605 4792 834 4864 λαλήσει
860 4795 920 4850 ἐν
951 4793 1077 4863 ἐμοὶ
1124 4793 1354 4865 Κύριος,
1403 4794 1498 4848 καὶ
1543 4794 1596 4850 τί
1639 4793 1924 4866 ἀποκριθῶ

343 4885 439 4938 ἐπὶ
471 4884 564 4938 τὸν
590 4885 826 4956 ,ἐλεγχόν
877 4902 1040 4956 μου.»
1089 4886 1365 4958 Προσήκει
1412 4885 1526 4957 γάρ
1579 4904 1647 4957 με
1703 4885 1923 4958 μαθεῖν,

345 4974 507 5028 ποίαν
533 4991 598 5044 με
615 4975 720 5045 χρὴ
743 4975 1077 5046 προσφέρειν
1105 4975 1398 5047 ἀπόκρισιν
1427 4978 1540 5040 τοῖς
1571 4975 1921 5047 βουλομένοις

343 5067 480 5135 παρ’
515 5065 649 5134 ἐμοῦ
673 5065 743 5119 τά
769 5066 996 5124 τοιαῦτα
1033 5067 1352 5137 μανθάνειν.

419 5158 484 5226 β’,
509 5157 581 5225 γ’.
614 5159 724 5212 Καὶ
747 5156 1020 5229 ἀπεκρίθη
1055 5158 1318 5229 Κύριοςτδ
1349 5158 1487 5232 πρός
1517 5176 1609 5229 με,
1643 5158 1744 5215 καὶ
1765 5152 1922 5212 εἴπεο

419 5348 442 5376 ι
465 5333 600 5390 Dan.
635 5351 716 5402 ιιι,
751 5336 804 5390 5.

2027 4606 2341 4675 prephetre,
2399 4605 2495 4664 sed
2562 4606 2800 4662 aliorum
2852 4604 3038 4683 (fuisse
3100 4600 3369 4672 ejusmodi
3419 4597 3604 4657 cliata.

2027 4697 2178 4754 Dixit
2229 4699 2374 4754 enim
2408 4715 2423 4757 :
2459 4715 2478 4752 ι
2510 4696 2963 4766 Coatemplabor,
2995 4704 3057 4748 ut
3091 4693 3328 4756 videam,
3365 4690 3496 4761 quid
3528 4691 3608 4744 lo-

2027 4796 2229 4859 quatur
2285 4804 2500 4846 meeum
2540 4788 2824 4852 Dominus,
2862 4794 2918 4842 et
2950 4786 3078 4856 quid
3129 4784 3487 4856 respondeam
3537 4781 3606 4836 ad

2024 4879 2424 4938 correctionem
2453 4895 2651 4935 meam.
2670 4897 2690 4930 ι
2717 4876 2948 4948 Expedit
2980 4877 3128 4932 enim
3158 4891 3248 4930 me
3277 4874 3607 4943 intelligere.

2026 4987 2150 5042 qua:
2175 4972 2305 5025 mihi
2345 4971 2656 5027 adhibenda
2698 4971 2766 5026 sit
2799 4969 3087 5041 responsio
3118 4968 3433 5026 volentibus
3464 4981 3494 5020 a
3521 4981 3612 5022 me

2027 5063 2160 5120 talia
2196 5063 2434 5121 discere.

2099 5154 2268 5212 Vsus.
2300 5156 2356 5222 Ξ,
2385 5155 2439 5210 ’5.
2474 5173 2492 5206 ι
2537 5153 2602 5208 Et
2648 5153 2931 5225 respondit
2961 5153 3031 5209 ad
3078 5169 3168 5210 me
3217 5152 3504 5221 Dominus,
3555 5158 3609 5205 et

879 5346 908 5386 7
939 5338 1044 5392 lsa.
1077 5352 1188 5403 xw,
1226 5336 1312 5402 l5,
1347 5335 1412 5390 Η
1444 5354 1458 5403 ;
1489 5335 1612 5390 coll.
1647 5350 1702 5397 ιι,
1737 5335 1827 5390 M.
1905 5343 1928 5372 ι
1963 5332 2095 5389 ibid.
2133 5335 2224 5389 ll.
2302 5347 2326 5378 ο
2356 5332 2499 5389 Ρεςιι.
2534 5349 2702 5400 Lxxn,
2735 5334 2935 5398 l6,'l7.

1633 5487 1870 5546 VARIA‘I
1910 5488 2320 5546 LECTION’ES.

413 5643 454 5674 ⁸⁷
487 5643 580 5698 καὶ
608 5674 676 5683 ——
709 5661 832 5712 σαγ.
869 5645 989 5698 αὐτ.
1026 5643 1149 5698 Des.
1187 5645 1238 5697 in
1276 5645 1336 5700 (3.
1414 5644 1520 5716 ⁶³ή

340 5712 396 5771 in
425 5717 491 5769 Α.
569 5716 614 5748 τ’
644 5716 756 5770 ἐπί.
789 5716 830 5771 C
861 5718 957 5771 εἰς.
989 5725 1045 5770 ιιι
1070 5732 1123 5771 n.
1159 5715 1314 5770 1557.
1389 5717 1438 5749 ⁷³
1466 5719 1514 5771 Κ

361 5727 491 5768 ιιιι.

1678 5647 1738 5682 ,ἰς-
1801 5647 1903 5682 nnc
1959 5649 2012 5682 ἶη
2054 5648 2082 5682 Δ
2189 5648 2230 5679 89
2298 5648 2325 5682 Λ
2378 5648 2464 5682 πρε
2587 5650 2632 5682 τυ

569 5660 676 5691 ιυ-
709 5661 832 5712 σαγ.
869 5647 989 5698 αὐτ.
1026 5647 1149 5698 Des.
1187 5647 1238 5697 in
1276 5647 1336 5700 (3.
1414 5647 1459 5677 ⁸³
1488 5648 1520 5716 ἡ
1553 5664 1604 5700 κ.
1639 5647 1758 5701 αὐτ.
1801 5647 1924 5705 Des.

569 5716 614 5748 τ’
644 5716 756 5770 ἐπί.
789 5716 830 5771 C
861 5718 957 5782 εἰς,
989 5725 1045 5770 ιιι
1069 5732 1123 5786 p.
1159 5715 1314 5770 1557.
1389 5717 1438 5749 ⁷³
1466 5717 1607 5790 Κύρ.
1640 5717 1693 5774 lu
1721 5720 1762 5772 Α
1795 5728 1920 5790 post

2047 5648 2112 5703 A.
2189 5648 2230 5679 θ’
2295 5648 2332 5700 Δ
2378 5648 2487 5702 ὅτε.

2031 5720 2080 5783 ός
2113 5737 2182 5790 με
2241 5721 2480 5789 ponitur.

2683 5648 2796 5703 καί.
2839 5645 2964 5704 Des.
3006 5645 3059 5701 in
3095 5644 3159 5700 Α.
3236 5644 3280 5677 ⁷⁸
3309 5639 3423 5697 τοῦ.
3464 5638 3594 5699 Dos.
