4090 6454
493 403 633 492 1319

1455 425 1948 486 THEODC’RETI
1988 425 2330 486 EPISCOPI
2368 422 2737 485 CYRENSIS

3563 487 3569 493 ,
3621 419 3765 499 1820'

472 540 633 596 'dixit
668 557 681 582 ε
717 539 912 596 Scribe
954 537 1221 592 visidnem
1282 532 1575 588 manifeste
1631 535 1687 588 in
1737 533 1968 597 buxum,
2010 546 2069 585 ut

2175 531 2390 602 Γράψον
2426 532 2617 602 όρασιν
2652 527 2903 598 σαφῶςτδ
2942 529 3023 594 εἰς
3057 528 3284 596 πυξίον,
3335 529 3484 594 ὅπως
3526 530 3698 605 διώκῃ
3729 534 3762 588 6

471 636 863 701 ‘persequatur
916 630 1010 698 qui
1067 625 1195 696 legit
1248 634 1332 679 ea.
1384 623 1523 689 Quia
1584 623 1767 678 adhuc
1824 624 1969 678 visio
2015 622 2071 679 in

497 730 717 791 tempus
772 722 992 789 longum
1048 714 1379 787 (differetur)
1419 735 1431 767 :
1470 726 1525 770 et
1545 714 1757 769 orietur
1786 715 1840 768 in
1882 715 2069 779 linem,

476 818 551 866 'ct
588 827 696 865 non
728 810 781 863 in
813 822 1048 862 vacuum
1072 806 1198 860 erit.
1238 824 1257 856 ›
1290 802 1410 858 Non
1445 804 1516 860 iis
1565 812 1803 870 tantum,
1845 804 1944 869 ait,
1978 804 2073 874 qui

496 899 564 954 de
594 887 682 953 bis
735 899 841 952 hoc
874 906 1126 966 tempore
1181 895 1459 958 dubitant,
1490 896 1661 950 verba
1727 895 1921 961 facias,
1975 894 2073 949 sed

498 989 736 1062 posteris
766 989 931 1044 etiam
963 990 1158 1043 harum
1201 1003 1388 1044 rerum
1454 990 1779 1071 memoriam
1830 988 2072 1060 perscri-

497 1090 642 1151 ptam
671 1081 827 1135 trade
868 1098 883 1134 :
922 1081 1008 1136 his
1036 1082 1182 1136 enim
1240 1080 1424 1151 potius
1456 1097 1621 1152 quam
1676 1080 1787 1135 illis
1836 1080 2071 1136 dicenda

495 1172 849 1236 conveniunt,
884 1187 1010 1227 nam
1042 1173 1225 1244 longis
1251 1184 1376 1243 post
1405 1173 1748 1242 temporibus
1783 1172 2072 1244 prophetia

496 1266 656 1318 linem
685 1266 937 1336 accipiet.
994 1264 1199 1322 Deinde
1250 1265 1575 1321 adhortatur
1637 1276 1700 1320 ut
1758 1266 1919 1320 linem
1979 1280 2075 1321 ex-

495 1365 724 1425 spectet,
759 1364 815 1413 et
867 1357 920 1412 in
954 1357 1179 1413 dubium
1231 1373 1345 1412 rem
1408 1374 1520 1413 non
1581 1366 1801 1415 revocet
1848 1368 2074 1429 propter

492 1453 711 1515 tempus
741 1446 884 1516 quod
908 1449 963 1502 in
995 1448 1177 1503 medio
1207 1448 1607 1504 intercesserit.
1652 1467 1671 1499 ι
1719 1448 1779 1502 Si
1825 1457 2072 1504 moratus

493 1536 680 1602 fuerit,
711 1544 968 1605 exspecta
1000 1552 1147 1599 eum,
1202 1539 1334 1606 quia
1380 1537 1608 1593 veniens
1648 1537 1848 1604 veniet,
1880 1545 1933 1592 et
1962 1553 2071 1591 non

493 1627 749 1681 tardabit.
789 1647 806 1678 ι
842 1626 1039 1695 Verus,
1078 1628 1279 1698 inquit,
1298 1637 1383 1683 est
1417 1629 1800 1699 praedictionis
1833 1644 2016 1685 sermo
2055 1646 2069 1682 :

496 1732 564 1770 ne
598 1718 762 1785 igitur
811 1717 1068 1782 dubites,
1102 1718 1355 1787 quamvis
1415 1719 1650 1774 multum
1682 1719 1948 1789 temporis
1988 1718 2074 1773 in-

494 1807 827 1873 tercesserit,
887 1822 1063 1877 neque
1119 1809 1306 1864 videas
1358 1809 1519 1863 linem
1582 1828 1596 1863 :
1655 1825 1784 1864 nam
1842 1810 2071 1866 omnino

497 1898 709 1969 1545
745 1898 1082 1970 perﬁcietur,
1107 1909 1162 1954 ct
1193 1901 1518 1970 imperfecta
1555 1917 1664 1955 non
1698 1903 1962 1957 manebit.

564 1985 733 2041 Vsus.
770 1987 825 2042 4.
861 2007 880 2040 ι
928 1987 986 2043 Si
1020 1989 1363 2044 subtraxerit
1405 2005 1484 2055 se,
1517 2006 1626 2044 non
1664 1990 2068 2062 beneplacitum

493 2075 658 2131 habet
693 2078 872 2132 anima
900 2094 1019 2134 mea
1047 2083 1060 2100 ”
1095 2081 1152 2134 in
1202 2095 1291 2145 eo,
1347 2080 1536 2150 justus
1564 2089 1746 2135 autem
1780 2098 1935 2139 meus
2000 2100 2068 2138 ex

495 2167 601 2223 tlde
630 2168 796 2222 vivet.
834 2188 854 2222 ι
889 2169 991 2236 Qui
1049 2171 1195 2225 enim
1249 2186 1400 2226 meas
1430 2172 1813 2242 praedictiones
1870 2175 1923 2227 in
1964 2175 2068 2228 du~

494 2258 646 2313 bium
698 2268 878 2325 vocat,
924 2277 1035 2317 non
1069 2263 1269 2335 dignus
1302 2272 1385 2318 est
1425 2265 1519 2334 qui
1575 2265 1707 2319 mihi
1765 2280 1910 2321 cura:
1944 2267 2016 2320 sit
2052 2285 2067 2323 :

491 2350 597 2417 qui
618 2355 799 2404 autem
830 2351 916 2406 his
941 2366 1063 2422 qua:
1093 2367 1123 2406 a
1160 2368 1248 2409 me
1299 2353 1561 2410 dicuntur
1598 2353 1757 2410 fidem
1794 2355 1981 2419 habet,
2013 2365 2071 2412 et

494 2438 618 2495 lidei
657 2455 961 2513 congruam
996 2443 1164 2498 vitam
1200 2443 1334 2515 agit,
1364 2445 1488 2500 vitae
1515 2445 1756 2502 fructum
1784 2449 2070 2519 percipiet.

491 2528 618 2587 llaec
650 2532 817 2603 igitur
852 2549 976 2588 cum
1026 2536 1194 2599 scias,
1228 2551 1297 2591 ne
1329 2536 1547 2592 dubites
1586 2538 1655 2594 iis
1692 2540 1918 2596 credere
1949 2556 2072 2613 qua:

494 2623 591 2677 tibi
625 2626 692 2679 de
726 2625 1029 2697 Babylonio
1052 2626 1446 2697 praedicuntur.
1482 2626 1680 2685 Postea
1714 2630 1918 2687 fastum
1948 2633 2069 2701 ejus

491 2728 551 2772 et
580 2717 967 2790 inexplebilem
996 2717 1313 2775 aviditatem
1338 2728 1586 2775 enarrat.

560 2888 731 2947 Vens.
752 2892 806 2946 5.
831 2912 849 2945 ι
879 2892 981 2960 Qui
1000 2900 1181 2949 autem
1205 2908 1469 2966 arrogans
1495 2904 1603 2959 est,
1630 2904 1684 2951 et
1706 2905 2073 2969 contemptor,

488 2982 579 3036 vir
605 2984 875 3053 superbus
928 2985 1065 3038 nihil
1119 2984 1373 3055 perducit
1405 2986 1471 3040 ad
1515 2985 1698 3042 linem.
1734 3006 1752 3039 ι
1791 2989 1934 3058 Ergo
1968 2990 2071 3045 hoc

492 3071 633 3128 scito
678 3073 796 3128 fore
828 3081 885 3128 ut
912 3074 1006 3144 qui
1038 3074 1178 3130 fastu
1217 3076 1495 3149 tumescit,
1526 3085 1582 3131 et
1612 3077 1759 3131 elato
1814 3087 1902 3134 est
1961 3079 2070 3150 spi-

2175 618 2563 689 ἀναγινώσκων
2617 617 2839 672 αύτάπ.
2890 617 3035 672 Διότι
3082 617 3164 671 ἔτι
3196 619 3396 697 ,ὅρασις
3441 619 3522 684 εἰς
3566 622 3759 694 καιρὸν

2178 712 2471 784 μακρδντο,
2497 711 2589 765 καὶ
2614 709 2962 769 ἁνατελεῖείς
2984 709 3288 781 πέρας,καὶ
3308 711 3407 763 οὐκ
3433 713 3516 773 εἰς
3544 712 3752 767 κενόν..

2174 803 2267 873 Μὴ
2290 803 2495 874 μόνοις,
2529 801 2685 873 φησὶ,
2717 802 2838 863 τοῖς
2865 799 2962 853 νῦν
2994 802 3124 870 περὶ
3151 801 3356 853 τούτων
3381 799 3696 865 ὲνδυάζουσι
3714 801 3760 833 ⁷⁷

2176 892 2552 965 προσενέγκῃς
2573 894 2700 956 τοὺς
2718 891 2935 959 λόγους,
2975 890 3114 945 ἀλλὰ
3152 891 3247 945 καὶ
3274 893 3388 955 τοῖς
3420 891 3504 956 είς
3531 890 3760 965 ὕστερον

2174 983 2456 1055 ἐσομένοις
2512 970 2867 1055 ἀνάγραπτον
2910 982 3012 1054 τὴν
3076 982 3207 1053 περὶ
3264 981 3473 1036 τούτων
3534 983 3761 1054 μνήμην

2176 1075 2579 1148 παράπεμψον
2624 1073 2904 1146 μᾶλλονδὲ
2944 1071 3177 1136 ἐκείνοις
3210 1072 3244 1143 ἢ
3285 1070 3503 1134 τούτοις
3555 1073 3762 1143 ἁρμότ-

2174 1189 2257 1225 τει
2287 1169 2358 1224 τὰ
2388 1169 2740 1241 ῥηθησόμενα
2762 1185 2775 1197 ·
2805 1167 2945 1239 μετὰ
2977 1167 3171 1237 συχνὸν
3191 1163 3303 1236 γὰρ
3322 1164 3515 1236 χρόνον
3547 1164 3759 1230 δέξεται

2174 1263 2420 1333 πέραςὴ
2473 1260 2796 1333 προφητεία.
2854 1255 2989 1312 Εἶτα
3042 1257 3136 1311 καὶ
3187 1257 3451 1327 παραινεῖ
3492 1255 3556 1307 τὸ
3608 1253 3759 1317 τέλος

2175 1353 2538 1427 προσμένειν,
2596 1354 2688 1406 καὶ
2751 1352 2825 1423 μὴ
2875 1348 3152 1412 ἐνδυόιζειν
3204 1346 3296 1401 διὰ
3338 1349 3432 1400 τὸν
3473 1348 3532 1399 ἐν
3604 1345 3759 1416 μέσῳ

2174 1444 2564 1514 δαπανώμενον
2614 1444 2825 1516 χρόνον.
2878 1461 2895 1493 ι
2920 1442 3047 1494 Ἐὰν
3082 1438 3360 1510 ύστερήσῃ
3386 1477 3402 1500 ,
3462 1436 3759 1507 ὑπόμεινον

2174 1539 2371 1601 αὐτὸν,
2421 1537 2502 1590 ὅτι
2545 1535 2839 1607 ἐρχόμενος
2888 1534 3044 1602 ἥξει,
3081 1531 3179 1585 καὶ
3233 1531 3294 1584 οὐ
3355 1533 3564 1601 χρονιεῖ
3592 1531 3660 1583 ⁷⁸.
3726 1549 3745 1579 ι

2186 1628 2455 1702 Ἀληθὴς,
2525 1629 2717 1699 φησὶν,
2748 1629 2776 1680 ό
2824 1626 2925 1696 τῆς
2986 1624 3345 1696 προρρήσεως
3410 1622 3571 1688 λόγος
3611 1637 3627 1651 ο
3679 1620 3756 1691 μὴ

2172 1721 2353 1774 τοίνυν
2402 1718 2687 1789 ἐνδυάσῃς,
2729 1718 2835 1772 κᾶν
2878 1714 3075 1771 πολλοῦ
3103 1714 3401 1777 διελθόντος
3445 1712 3642 1784 χρόνου
3682 1711 3759 1781 μὴ

2174 1810 2347 1882 θεάσῃ
2394 1810 2456 1861 τὸ
2496 1808 2688 1871 τέλος·
2744 1806 3147 1878 περανθήσεται
3189 1803 3300 1874 γὰρ
3356 1803 3612 1865 πάντως,
3664 1801 3761 1854 καὶ

2103 1867 2144 1961 Β
2172 1867 2462 1966 ἀτέλεστος
2489 1902 2551 1954 ού
2585 1867 2758 1970 μενεῖ.

2242 1995 2304 2048 δ’.
2340 2012 2357 2045 ι
2408 1994 2534 2047 Ἐὰν
2574 1993 2989 2062 ὑποστείληται,
3039 1992 3141 2045 οὐκ
3167 1990 3437 2059 εὐδοκεῖὴ
3470 1988 3619 2059 ψυχή
3653 2005 3758 2057 μου

2172 2088 2229 2140 ἐν
2253 2085 2404 2156 αύτῷ
2427 2103 2439 2116 ο
2473 2086 2555 2139 ό⁷⁹
2585 2084 2643 2137 δὲ
2671 2083 2881 2147 δίκαιός
2912 2101 3015 2154 μου
3033 2083 3079 2117 ⁸⁰
3093 2084 3158 2135 ἐκ
3183 2080 3422 2144 πίστεως
3454 2080 3702 2152 ζήσεται.
3733 2097 3752 2131 ι

2183 2177 2241 2230 'U
2261 2177 2358 2248 μὲν
2379 2175 2489 2247 γὰρ
2515 2175 2645 2246 περὶ
2660 2175 2759 2238 τὰς
2788 2174 2880 2226 ὑπ’
2903 2172 3040 2245 ἐμοῦ
3068 2173 3401 2242 γιγνομένας
3419 2171 3759 2242 προρρήσεις

2172 2266 2462 2337 ἀμφιϐόλῳ
2504 2268 2790 2337 χρώμενος
2831 2264 3049 2334 γνώμῃ,
3082 2262 3187 2330 τῆς
3238 2261 3381 2332 ἐμῆς
3428 2258 3758 2331 κηδεμονίας

2170 2357 2421 2420 ἀνάξιος
2453 2358 2483 2411 ὁ
2519 2355 2580 2409 δέ
2610 2359 2727 2419 τοῖς
2771 2355 2865 2408 ὑπ’
2909 2353 3046 2423 ἐμοῦ
3093 2352 3410 2422 λεγομένοις
3456 2351 3755 2414 πιστεύων,

2171 2450 2265 2502 καὶ
2317 2451 2383 2520 τῇ
2436 2449 2618 2503 πίστει
2675 2447 2991 2519 πρόσφορον
3051 2446 3447 2517 μετερχόμενος
3492 2445 3626 2515 βίον,
3663 2445 3758 2497 τὸν

2169 2537 2273 2608 τῆς
2323 2538 2470 2609 ζωῆς
2509 2537 2774 2608 τρυγήσει
2803 2537 3037 2607 καρπόν.
3089 2535 3276 2588 Ταῦτα
3310 2535 3494 2588 τοίνυν
3526 2534 3759 2588 ἐπιστά-

2175 2646 2365 2699 μενος,
2406 2628 2615 2692 πιστῶς
2657 2628 2807 2694 δέξαι
2839 2629 2908 2682 τὰ
2954 2627 3083 2699 περὶ
3120 2626 3214 2679 τοῦ
3260 2626 3605 2680 Βαϐυλωνίου
3671 2643 3752 2681 σοι

2173 2718 2602 2793 προδηλούμενα.
2631 2714 2765 2773 Εἶτα
2796 2719 2887 2773 τὸν
2930 2718 3098 2789 τῦφον
3123 2716 3290 2772 αὐτοῦ
3322 2718 3418 2772 καὶ
3449 2719 3550 2791 τὴν
3583 2717 3752 2789 ἄπλη-

2174 2830 2299 2866 στον
2326 2812 2597 2882 διηγεῖται
2627 2809 2972 2875 πλεονεξίαν.

2242 2908 2303 2957 ε’.
2341 2922 2360 2955 ι
2395 2903 2452 2956 Ὁ
2487 2901 2544 2955 δέ
2579 2901 2950 2973 κατοιόμενος,
3003 2901 3099 2955 καὶ
3128 2900 3570 2982 καταφρονητὴς.
3601 2898 3743 2968 ἀνὴρ

2172 2995 2389 3060 ἀλαζὼν
2417 2995 2574 3050 οὐθὲν
2600 2996 2661 3050 οὐ
2695 2994 2771 3067 μὴ
2804 2995 3032 3065 περανεῖ
3052 2993 3119 3047 ⁸¹.
3152 3011 3168 3042 ι
3216 2994 3356 3046 Ἰσθι
3388 2992 3689 3055 τοίνυν,’ὠς
3731 2990 3761 3042 ό

2172 3090 2350 3161 οἰήσει
2379 3087 2684 3161 χρώμενος,
2716 3088 2811 3142 καὶ
2853 3087 2939 3157 ἐφ’
2983 3085 3164 3153 ἑαυτῷ
3202 3086 3346 3157 μέγα
3379 3085 3613 3157 φρονῶν,
3666 3084 3763 3139 καὶ

485 3164 625 3225 ritu,
674 3164 879 3233 quique
933 3180 1109 3218 meam
1164 3166 1481 3235 patientiam
1536 3175 1890 3237 aspernatur,
1959 3187 2066 3225 non

2175 3182 2276 3251 τῆς
2301 3181 2441 3252 ἐμῆς
2475 3180 2861 3252 μακροθυμίας
2904 3178 3286 3251 καταφρονῶν,
3328 3180 3391 3231 οὐ
3422 3179 3588 3249 μέχρι
3629 3178 3760 3232 πολ-

491 3252 586 3308 diu
623 3253 726 3308 hac
766 3261 1038 3322 potestate
1088 3255 1143 3310 in
1203 3256 1341 3312 alios
1390 3264 1599 3311 utatur.
1638 3275 1658 3309 ι
1692 3257 1795 3324 Qui
1827 3259 2075 3315 dilatavit

493 3341 641 3398 sicut
684 3343 935 3402 infernus
967 3346 1206 3401 animam
1259 3361 1439 3411 suam,
1480 3356 1534 3403 et
1567 3349 1670 3403 iste
1711 3352 1869 3419 quasi
1924 3367 2074 3408 mors

494 3450 603 3490 non
641 3436 971 3506 adimpletur
1005 3455 1018 3491 :
1050 3449 1104 3493 et
1133 3439 1491 3511 congregabit
1523 3439 1589 3494 ad
1624 3457 1684 3496 se
1706 3457 1897 3498 omnes
1944 3459 2075 3513 gen-

490 3532 598 3586 tes.
632 3533 687 3581 et
733 3528 970 3597 accipiet
1018 3527 1085 3581 ad
1116 3543 1178 3583 se
1220 3543 1413 3584 omnes
1453 3530 1707 3600 populos.
1753 3549 1772 3582 ι
1804 3531 2076 3589 Similiter

490 3617 639 3671 enim
669 3624 728 3671 ut
771 3617 1020 3673 infernus
1055 3625 1111 3674 et
1162 3632 1333 3684 mors,
1374 3620 1569 3674 satiari
1601 3636 1716 3675 non
1759 3630 1983 3691 potest:
2018 3632 2077 3679 et

490 3722 620 3762 enim
653 3722 847 3762 omnes
896 3708 1161 3762 mortales
1218 3709 1324 3764 sub
1362 3709 1554 3779 iugum
1588 3724 1748 3766 suum
1790 3713 2072 3784 subjiciat,

492 3805 678 3854 tamen
710 3798 1028 3854 aviditatem
1063 3799 1374 3870 imperandi
1412 3816 1524 3858 non
1556 3813 1858 3860 exsaturat.

567 3978 735 4038 Vens.
772 3981 826 4036 6.
869 4000 887 4032 ι
938 3981 1132 4038 Nonne
1167 3984 1427 4040 universa
1474 3985 1589 4042 haec
1625 3987 1893 4044 adversus
1942 3998 2072 4045 eum

496 4074 813 4146 parabolam
840 4084 1081 4141 sument,
1109 4083 1167 4128 et
1213 4079 1650 4148 propositionem
1682 4080 1749 4134 ad
1792 4084 2072 4136 narratio-

494 4183 619 4225 nem
653 4169 819 4239 ejus?
845 4178 901 4226 et
930 4171 1158 4225 dicent:
1196 4169 1290 4226 Vm
1320 4172 1415 4242 qui
1440 4173 1769 4245 multiplicat
1813 4176 1918 4232 sibi
1951 4190 2075 4247 qua:

494 4277 608 4319 non
661 4273 792 4319 sunt
840 4267 979 4319 sua!
1020 4281 1314 4336 usquequo
1369 4278 1426 4323 et
1475 4276 1739 4340 aggravat
1787 4270 2071 4326 vinculum

492 4369 659 4408 suum
697 4357 979 4426 graviter?
1003 4376 1021 4409 ι
1061 4356 1256 4412 Omnis
1300 4359 1448 4413 enim
1484 4369 1638 4416 recte
1680 4362 1909 4432 sapiens
1950 4362 2073 4432 ejus

497 4446 884 4504 inexhaustam
919 4449 1243 4506 aviditatem
1287 4451 1507 4508 inferno
1548 4461 1605 4509 et
1634 4455 1799 4510 morti
1845 4470 2072 4526 compa-

2175 3273 2268 3326 λοῦ
2297 3272 2474 3345 ταύτῃ
2511 3272 2651 3327 κατὰ
2683 3271 2790 3326 τῶν
2831 3271 3008 3328 ἄλλων
3038 3273 3300 3342 χρήσεται
3346 3273 3411 3342 τῇ
3449 3269 3757 3348 δυναστεία.

2182 3383 2201 3417 ι
2230 3365 2328 3426 Ὃς
2357 3364 2627 3418 ἐπλάτυνε
2660 3361 2848 3427 καθὼς
2877 3364 2905 3415 ὁ
2930 3362 3065 3434 ᾃδης
3097 3362 3198 3431 τὴν
3229 3361 3409 3432 ψυχὴν
3446 3360 3635 3423 αὑτοῦ,
3668 3360 3764 3413 καὶ

2175 3457 2338 3521 αὐτὸς
2367 3457 2444 3520 ὡς
2461 3456 2689 3518 θάνατος
2710 3456 2810 3509 οὐκ
2839 3454 3255 3525 ἐμπιπλάμενος
3279 3455 3325 3485 ⁸⁸
3352 3471 3365 3483 ’
3395 3454 3492 3506 καὶ
3532 3454 3730 3505 ἐπισυν
3747 3482 3762 3493 -

2176 3549 2293 3614 ἀξει
2311 3547 2446 3619 πρὸς
2458 3548 2505 3581 ⁸³
2527 3548 2689 3601 αὐτὸν
2713 3548 2892 3600 πάντα
2940 3546 3008 3598 τὰ
3051 3544 3202 3612 ἔθνη,
3231 3544 3323 3597 καὶ
3349 3542 3760 3614 προσδέξεταιθδ

2175 3640 2315 3711 πρὸς
2368 3637 2561 3692 ἑαυτὸν
2609 3637 2818 3699 πάντας
2864 3637 2989 3698 τοὺς
3036 3634 3214 3698 λαούς.
3252 3652 3271 3684 ι
3310 3633 3447 3706 ᾊδῃ
3497 3633 3606 3703 γὰρ
3661 3635 3756 3685 καὶ

2176 3730 2390 3803 θανάτῳ
2421 3729 2825 3804 παραπλησίως
2864 3727 3025 3800 κόρον
3053 3726 3239 3781 λαϐεῖν
3278 3728 3378 3780 οὐκ
3422 3726 3621 3785 ἐθέλει,
3656 3725 3756 3777 καὶ

2177 3822 2388 3887 πάντας
2412 3818 2732 3891 ἀνθρώπους
2765 3817 2857 3887 ὑφ’
2899 3818 3092 3870 ἐαυτὸν
3123 3815 3476 3885 ποιούμενος,
3520 3815 3622 3867 οὒκ
3653 3815 3758 3884 ἐμε-

2176 3912 2407 3982 πίπλησι
2431 3910 2532 3980 τῆς
2558 3907 2856 3979 ἐπιθυμίας
2887 3907 2989 3978 τὴν
3020 3906 3365 3960 δυναστείαν.

2249 4009 2324 4068 ς’.
2365 4020 2384 4054 ι
2419 4000 2554 4071 Οὐχὶ
2578 3998 2754 4052 ταῦτα
2795 3999 2972 4053 πάντα
3008 3995 3327 4068 παραϐολὴν
3343 3996 3391 4029 ⁸³
3426 3997 3546 4049 κατ’
3586 3992 3757 4047 αὐτοῦ

2174 4094 2458 4167 λήψονται,
2510 4091 2607 4146 καὶ
2643 4090 2937 4161 πρόδλημα
2984 4090 3067 4151 είς
3100 4088 3355 4159 διήγησιν
3393 4085 3597 4153 αὐτούς
3648 4085 3759 4138 Kal.

2175 4185 2395 4257 ἐροῦσιν
2425 4201 2438 4214 ·
2483 4183 2625 4237 Οὐαὶ
2656 4183 2684 4234 ὁ
2716 4180 3007 4252 πληθύνων
3033 4180 3079 4213 ⁸⁸
3113 4181 3180 4232 τὰ
3214 4180 3315 4233 οὐκ
3366 4179 3495 4232 ὄντα
3550 4176 3754 4231 αύτοῦί

2174 4274 2281 4338 ἓως
2301 4274 2440 4338 τίνος
2464 4273 2559 4327 καὶ
2581 4269 2821 4342 βαρύνας
2832 4269 2878 4302 ⁸⁷
2898 4269 2991 4323 τὸν
3016 4269 3195 4323 κλοιὸν
3208 4268 3375 4323 αὑτοῦ
3399 4267 3706 4338 στιϐαρῶςς
3733 4285 3753 4320 ι

2177 4368 2359 4429 ’Ἅπας
2386 4365 2496 4436 γὰρ
2528 4359 2588 4418 εὖ
2628 4361 2844 4434 φρονῶν
2891 4361 2995 4435 ᾅδῃ
3047 4362 3146 4434 μὲν
3190 4360 3354 4415 αὑτοῦ
3404 4361 3500 4415 καὶ
3544 4359 3760 4429 θανάτῳ

2175 4458 2274 4530 τὴν
2316 4456 2625 4528 ἀπληστίαν
2669 4452 2985 4525 παραϐαλεῖ
3015 4472 3032 4488 ·
3076 4454 3336 4525 θρηνήσει
3370 4453 3430 4507 δέ
3472 4451 3654 4516 αὑτὸν,
3699 4448 3763 4516 ἐξ

494 4539 659 4606 rabit,
685 4554 926 4612 eumque
950 4542 1162 4614 lugebit
1194 4543 1431 4600 aliorum
1461 4545 1664 4601 damno
1697 4544 1912 4618 1546
1938 4562 2072 4617 opes

2176 4528 2472 4618 ἀλλοτρίων
2505 4544 2690 4600 κακῶν
2725 4543 2825 4617 τὴν
2873 4546 3191 4617 περιουσίαν
3237 4544 3489 4609 αὔξοντα,
3533 4545 3630 4598 καὶ
3665 4543 3763 4597 κό-

495 4646 628 4687 suas
652 4640 968 4703 augentem,
1009 4643 1065 4689 et
1110 4634 1308 4690 satiari
1343 4651 1455 4691 non
1487 4637 1788 4702 valentem,
1843 4644 1939 4693 sed
1974 4640 2074 4694 tri-

495 4723 646 4779 butis
668 4732 725 4778 et
764 4724 1125 4795 vectigalibus
1158 4724 1414 4782 subditos
1465 4734 1828 4797 gravantem;
1876 4734 1933 4783 et
1986 4729 2076 4785 di-

493 4820 626 4867 cet:
663 4803 964 4885 Quousque
1001 4831 1110 4871 non
1163 4816 1337 4872 satias
1367 4816 1756 4886 inexplebilem
1797 4817 2072 4889 cupidita-

494 4912 603 4960 tem
666 4907 856 4979 tuam?
895 4907 1002 4965 Sed
1050 4916 1236 4964 tamen
1280 4908 1491 4964 invitus
1562 4907 1852 4978 iniustitia:
1910 4909 2074 4967 linem

496 4998 684 5053 faciet.

569 5082 737 5141 Vens.
761 5085 817 5151 7,
849 5085 905 5141 8.
945 5106 966 5138 ι
1004 5086 1143 5154 Quia
1175 5088 1361 5146 subito
1386 5097 1725 5162 consurgent
1754 5091 2076 5150 mordentes

493 5188 646 5239 eum,
682 5185 735 5230 et
772 5177 1080 5249 vigilabunt
1111 5179 1467 5236 insidiatores
1501 5182 1603 5249 tui,
1641 5189 1696 5235 et
1726 5182 1839 5238 eris
1882 5184 1938 5238 in
1982 5199 2075 5239 ra-

496 5264 683 5335 pinam
736 5264 893 5323 illis.‘
931 5267 1070 5335 Quia
1106 5276 1162 5324 tu
1213 5270 1540 5343 exspoliasti
1591 5279 1783 5342 gentes
1848 5275 2071 5338 multas,

2182 4657 2274 4712 ρον
2316 4638 2503 4692 λαϐεῖν
2554 4637 2656 4689 οὐκ
2707 4635 2981 4700 ἐθέλοντα,
3004 4634 3141 4690 ἀλλὰ
3182 4635 3261 4706 τῷ
3312 4634 3503 4704 δασμῷ
3555 4635 3651 4689 καὶ
3680 4634 3762 4706 τῷ

2179 4732 2333 4801 φόρῳ
2364 4729 2489 4791 τοὺς
2513 4724 2848 4796 ἀρχομένους
2875 4723 3175 4793 βαρύνοντα
3195 4742 3210 4756 ·
3245 4725 3339 4778 καὶ
3365 4725 3488 4795 ἐρεῖ
3522 4740 3538 4755 ο
3578 4724 3760 4796 Μέχρι

2180 4824 2311 4877 πότε
2333 4822 2495 4891 κόρον
2520 4819 2581 4872 οὐ
2606 4816 2904 4888 λαμδάνεις
2924 4816 3021 4887 τῆς
3057 4815 3362 4887 ἀπληστίας
3383 4832 3397 4883 ;
3446 4814 3608 4871 Ἀλλὰ
3649 4816 3762 4891 γὰρ

2172 4917 2321 4972 ἄκων
2348 4913 2452 4984 τῆς
2476 4908 2688 4973 ἀδικίας
2720 4906 3010 4962 παύσεται.

2245 5088 2313 5153 ζ’,
2354 5085 2426 5157 η’.
2482 5105 2501 5137 ι
2534 5084 2659 5136 Ὅτι
2710 5079 2974 5151 ἐξαίφνης
3019 5078 3421 5150 ἀναστήσονται
3468 5078 3758 5142 δάκνοντες

2174 5178 2361 5243 αὺτδν,
2405 5176 2501 5230 καὶ
2541 5172 2870 5245 ἐκνήψουσιν
2902 5173 2953 5225 οἱ
3002 5170 3278 5227 ἐπίϐουλοι
3344 5188 3459 5234 σου,
3512 5172 3606 5224 καὶ
3656 5169 3759 5242 ἔσῃ

2176 5270 2425 5334 autem”
2452 5269 2532 5332 είς
2584 5265 2916 5336 διαρπαγήν.
2958 5262 3103 5317 Διότι
3148 5265 3213 5318 σὺ
3254 5263 3588 5326 ἐσκύλευσας
3624 5261 3754 5332 ἔθνη

1772 5384 2008 5440 VARIAS
2053 5380 2468 5441 LECTIONES.

570 5470 613 5502 ἠ
645 5486 774 5539 σαφ.
807 5469 848 5522 Α
876 5486 1063 5541 przrm.
1098 5473 1213 5526 καί.
1288 5473 1334 5505 ⁷³
1364 5472 1523 5527 αὐτά.
1570 5471 1691 5529 Dcs.
1738 5474 1790 5528 in
1831 5475 1897 5532 C.
1969 5477 2017 5508 7“

571 5541 703 5599 ssim
732 5542 997 5615 scribitur
1029 5559 1153 5599 cum
1184 5559 1275 5615 ot_._
1364 5544 1411 5615 7?
1438 5545 1485 5615 ᾼ
1516 5543 1589 5613 μὴ
1614 5546 1858 5615 χρονίσῃ.

504 5759 562 5827 tu
594 5754 637 5805 Δ
664 5751 881 5827 ponitur
939 5762 1059 5827 post
1138 5753 1258 5807 αὐτ.

504 5821 832 5891 διαρπαγήν.

1385 5753 1429 5787 ’θ
1480 5752 1567 5805 πλ.
1606 5756 1650 5807 Α
1711 5752 1835 5812 add.
1871 5752 2066 5827 ἐαυτῷ.

2076 5493 2209 5547 μακ.
2244 5474 2369 5547 Des.
2403 5475 2456 5528 in
2488 5472 2551 5547 .‘l.
2657 5472 2700 5502 ⁷⁷
2732 5472 2773 5522 (Ξ
2829 5472 3140 5547 ἐνδοιᾴζορσ

1956 5547 1999 5579 ⁷³
2028 5535 2158 5600 δ’--
2205 5546 2448 5611 ζήσεται.
2487 5544 2562 5595 Ita
2588 5555 2806 5611 quoque
2834 5540 2903 5611 ΛΑ
2936 5545 2992 5593 et
3123 5536 3277 5611 juxta
3321 5536 3474 5611 Ales.
3551 5535 3597 5567 ⁸⁰
3630 5553 3752 5611 μου.

500 5558 703 5663 Bassmt
732 5558 997 5597 scrtmtur
1029 5559 1153 5599 cum
1184 5559 1257 5595 οι.
1370 5558 1411 5576 ἰ’
1441 5558 1485 5596 Α
1516 5558 1589 5613 μη
1614 5561 1858 5618 χρονισῃ.
1958 5558 1999 5579 η’
2028 5558 2057 5600 ο
2088 5576 2158 5586 ——
2205 5558 2448 5609 ςῡσεται.
2487 5558 2562 5595 tta
2588 5558 2648 5609 qr

549 5627 625 5667 es.
669 5610 1092 5684 apudNostrutn
1126 5622 1166 5667 ι.
1212 5610 1302 5674 IlI,
1335 5613 1399 5668 ad
1436 5612 1594 5667 Rom.
1630 5629 1669 5673 ι.
1702 5616 1801 5684 l7;
1833 5617 1951 5673 Gal.
1984 5632 2066 5673 ιιι.
2108 5618 2164 5671 ll
2198 5633 2211 5678 ;
2260 5589 2426 5670 l'let'.
2472 5629 2526 5672 κ.
2558 5612 2648 5665 58.

506 5699 684 5756 ωινος,
728 5682 821 5756 sed
860 5685 924 5737 ab
957 5685 1061 5737 alia
1094 5697 1257 5756 manu
1291 5691 1621 5756 correctum.
1649 5683 1721 5739 Ita
1744 5682 1966 5756 tltlnqttc
1992 5694 2115 5755 pust
2147 5701 2341 5755 pauca.

2657 5470 2700 5502 ⁷⁷
2732 5467 2773 5522 C
2829 5466 3178 5532 ὲνδοιάζουσι.
3242 5464 3505 5534 Deinceps
3538 5481 3758 5535 utroque

2747 5611 2792 5642 ⁸⁸
2822 5608 2863 5662 C
2922 5604 3159 5679 περάνῄ.
3208 5605 3293 5679 _‘_‘_
3333 5604 3373 5657 C
3434 5605 3756 5679 ἐμπιμπλὰ-

2935 5674 3006 5708 ⁹¹³⁷
3042 5678 3081 5729 Λ
3105 5674 3433 5740 ἐἰσδέξεται.
3537 5676 3582 5707 ⁸⁵
3616 5691 3752 5743 παρ,

2435 5684 2481 5714 ιη
2514 5698 2587 5714 ..ἡ
2651 5683 2676 5714 Δ
2720 5682 2804 5714 ἕνα*

2514 5698 2608 5750 πρ.
2644 5683 2683 5733 Λ
2718 5683 2828 5734 ἐπ’.
2935 5683 2982 5708 ’⁸³
3042 5683 3081 5729 Δ
3116 5683 3433 5740 εἰσδεξεται.
3537 5683 3582 5707 ⁵³
3616 5691 3752 5743 παρ,

2534 5751 2803 5816 βαρύνων.
2907 5750 2951 5782 ⁸⁸
3009 5748 3129 5800 αύτ.
3170 5743 3223 5797 In
3273 5748 3313 5797 Α
3388 5744 3607 5800 uenitur
3631 5752 3757 5816 post

2170 5757 2213 5787 ⁸⁷
2269 5756 2309 5808 Α
2343 5765 2395 5811 ct
2427 5753 2465 5808 C
2534 5751 2803 5822 βαρύνων.
