4090 6478
464 466 602 536 ῐ823
1419 465 1912 530 THEODOBE‘TI
1951 464 2074 524 ΕΡΙ

2117 463 2290 523 ΕΟΡΙ
2322 460 2685 523 CYRENSIS
3594 449 3732 518 18⁸⁸24

465 573 832 632 subversione
865 575 1113 638 turbida,
1156 582 1210 631 et
1242 575 1496 640 inebriat,
1543 584 1604 629 ut
1637 576 1924 638 intueatur
1986 575 2041 626 in
2074 617 2080 631 ε

2147 572 2254 640 πὴν
2304 570 2552 642 θολερὰν,
2596 568 2691 621 καὶ
2733 563 3024 638 μεθύσκοιν
3060 564 3208 630 ὅπως
3239 561 3513 634 ἐπιϐλέπῃ
3544 562 3636 617 ἐπὶ
3662 563 3734 618 τὰ

468 667 761 738 speluncas
815 681 1030 722 eorum.
1105 665 1172 720 Et
1223 667 1574 722 saturitatem
1631 665 1950 738 ignominiae
1980 664 2048 718 de

2153 671 2395 741 σπήλαια
2442 667 2644 722 αὐτῶν.
2691 663 2801 717 Καὶ
2844 660 3162 732 πλησμονὴν
3194 657 3420 729 ἀτιμίας
3454 659 3518 712 ἐκ
3553 658 3732 728 δόξης.

467 759 664 831 gloria.
699 758 828 814 Bibe
858 759 1024 813 etinm
1072 765 1154 822 tu,
1206 767 1262 813 et
1309 758 1656 813 concutiaris
1717 757 1935 836 1548
1983 771 2048 810 ac

2152 762 2249 815 Πίε
2305 761 2403 814 καὶ
2461 759 2567 825 σὺ,
2620 758 2715 811 καὶ
2769 749 3352 822 διασαλεύθητι¹⁵,καἰ
3409 748 3676 820 σείσθητι.
3709 768 3728 800 ι

472 851 898 906 commovearis.
953 867 972 900 ι
1029 847 1488 918 Quandoquidem
1546 851 1692 904 enim
1756 850 2047 918 inquirens

2163 851 2382 922 Ἐπειδὴ
2429 851 2538 922 γὰρ
2583 844 2696 904 οἷόν
2720 867 2772 902 τι
2819 845 3047 908 Θολῶδες
3094 844 3244 914 πόμα
3303 841 3401 914 τὴν
3462 841 3737 912 τιμωρίαν

471 943 763 994 thesauros
803 937 1083 1003 defossos,
1135 940 1261 994 aliis
1328 939 1676 994 vexationem
1725 939 1896 993 veluti
1929 946 2050 992 tur-

2150 946 2260 1006 τοῖς
2307 942 2486 1005 ἄλλοις
2515 942 2804 1012 ὲπέφερες,
2849 938 2976 1002 τοὺς
3018 931 3547 1006 κατορωρυγμένους
3602 932 3739 984 ἁνα-

468 1029 649 1083 hidam
685 1029 976 1098 quamdam
1003 1030 1280 1100 potionem
1313 1032 1551 1087 intulisti
1586 1049 1598 1083 :
1632 1031 1821 1100 accipe
1856 1028 2047 1094 etiam,

2155 1032 2332 1104 ζητῶν
2375 1032 2701 1102 Θησαυροὺς,
2749 1028 2900 1097 δέξαι
2969 1027 3064 1081 καὶ
3094 1027 3158 1079 σὺ
3189 1025 3219 1078 ὃ
3249 1024 3520 1094 ὲκέρασας
3560 1021 3735 1090 πόμα,

468 1124 526 1169 ιιι
571 1117 718 1186 quod
771 1119 1095 1187 temperasti
1143 1120 1404 1189 poculum
1452 1136 1467 1172 :
1527 1134 1706 1190 eoque
1755 1119 2048 1183 exhausto,

2152 1127 2247 1178 καὶ
2272 1123 2411 1177 πιὼν
2442 1122 2649 1176 ἀπόθου
2674 1121 2772 1192 μὲν
2801 1120 2902 1192 τὴν
2923 1117 3196 1189 προτέραν
3235 1114 3511 1176 εὔκλειαν,
3540 1110 3741 1182 ἀτιμία

469 1207 650 1277 abjice
681 1209 924 1277 priorem
960 1210 1153 1279 gloria:
1188 1211 1565 1282 splendorem,
1606 1219 1774 1280 atque
1817 1210 2052 1284 ignomi-

2152 1214 2208 1275 δὲ
2265 1212 2613 1288 περιϐληθεὶς
2660 1211 2926 1283 όλοφύρου
2974 1208 3074 1279 τὴν
3126 1205 3332 1277 ἀθρόαν
3405 1202 3733 1277 μεταϐολήν.

469 1299 561 1352 nia
616 1309 910 1367 coopertus
971 1301 1317 1369 repentinam
1377 1300 1742 1355 mutationem
1801 1299 2052 1369 deplora.

2159 1322 2178 1356 ι
2220 1303 2564 1358 Ἐκύκλωσεν
2602 1301 2696 1357 ἐπὶ
2741 1302 2800 1354 σὲ
2839 1301 3100 1372 ποτήριον
3129 1296 3308 1364 δεξιᾶς
3338 1295 3569 1367 Κυρίου,
3603 1294 3736 1348 xui."

475 1409 494 1442 ε
533 1390 913 1446 Circutndcdit
938 1398 991 1446 te
1025 1392 1172 1445 calix
1221 1391 1463 1447 dexterae
1520 1391 1758 1454 Domini,
1827 1397 1883 1446 et
1919 1405 2052 1445 con-

2157 1395 2397 1473 συνήχθη
2422 1394 2616 1466 ἀτιμία
2641 1393 2735 1446 ἐπὶ
2767 1392 2866 1466 τὴν
2898 1391 3055 1462 δόξαν
3099 1407 3213 1444 σου.
3241 1407 3260 1440 ι
3298 1385 3544 1456 Ἐφθασέ
3574 1402 3633 1438 σε
3659 1385 3740 1438 δι-

471 1489 694 1552 gregala
720 1489 805 1536 est
827 1481 1131 1556 ignominia
1166 1497 1335 1552 super
1370 1482 1603 1552 gloriam
1640 1491 1816 1536 tuam.
1850 1500 1867 1533 ι
1895 1481 2051 1545 Justa

2155 1488 2286 1542 καία
2328 1487 2479 1558 παρὰ
2521 1486 2615 1539 τοῦ
2655 1485 2790 1538 Θεοῦ
2827 1483 3088 1554 τιμωρία.
3142 1477 3593 1550 Ποτήριονβιὰρ
3641 1475 3742 1528 καί

475 1572 575 1626 Dei
620 1573 833 1641 punitio
883 1580 937 1628 te
989 1573 1368 1642 apprehendit.
1420 1570 1679 1627 Paculam
1712 1573 1857 1627 enim
1891 1584 1946 1628 et
1977 1573 2055 1626 vi-

2155 1577 2325 1635 οϊνον
2369 1579 2470 1651 τὴν
2522 1577 2794 1652 τιμωρίαν
2845 1576 3022 1643 καλεῖ,
3078 1573 3224 1634 καθὰ
3265 1570 3529 1634 πολλάκις
3585 1568 3740 1640 είρή-

475 1681 601 1717 num
637 1663 982 1733 punitionem
1038 1673 1219 1730 vocat,
1285 1663 1797 1734 quemadmodum‘
1851 1665 2055 1736 schius
2156 1688 2352 1743 καμεν.

475 1752 744 1808 diximus.

547 1842 713 1899 Vens.
745 1844 833 1898 Η.
865 1862 883 1896 ι
935 1841 1075 1912 Quia
1119 1845 1376 1914 impietas
1449 1844 1646 1902 Libani
1708 1849 1923 1919 operiet
1975 1856 2052 1914 te,
2087 1901 2128 1919 ,,

2233 1853 2319 1919 ιζ’.
2357 1873 2376 1906 ι
2406 1852 2553 1906 Διότι
2583 1849 2806 1904 ἀσέϐεια
2839 1846 2935 1900 τοῦ
2981 1844 3216 1904 Λιϐάνου
3262 1840 3494 1911 καλύψει
3528 1858 3612 1905 σε,
3650 1839 3745 1894 καὶ

474 1942 532 1986 et
564 1933 790 1988 miseria
824 1934 1124 1990 bestiarum
1179 1901 1414 1990 terrebit
1458 1944 1533 2001 te,
1565 1901 1794 2007 propter
1827 1939 2055 2011 sangui-
2087 1949 2089 1958 ί

2157 1943 2502 2013 ταλαιπωρία
2549 1938 2755 2010 θηρίων
2809 1937 3036 2004 πτοήσει
3085 1951 3166 1996 σε,
3191 1931 3260 1985 δι’
3293 1932 3504 2006 αἵματα
3532 1925 3747 1999 ἀνθρώ-

477 2037 599 2076 nem
633 2023 942 2089 hominum,
981 2032 1036 2080 et
1094 2026 1403 2096 impietates
1451 2035 1634 2093 terras,
1686 2038 1743 2084 et
1778 2031 2053 2099 civitatis,

2161 2055 2300 2102 πων,
2337 2035 2433 2089 καὶ
2481 2030 2740 2093 ἀσεϐείας
2784 2031 2911 2098 γῆς,
2953 2026 3048 2079 καὶ
3090 2023 3321 2094 πόλεως,
3369 2019 3470 2082 κατ¹
3514 2016 3744 2073 πάντων

478 2123 535 2168 et
564 2115 812 2169 omnium
856 2116 1222 2172 habitantium
1288 2118 1460 2173 inea.
1506 2137 1525 2170 ι
1587 2119 1812 2183 Eorum,
1849 2121 2055 2198 inquit,

2157 2128 2268 2183 τῶν
2322 2122 2722 2184 κατοικούντων
2766 2119 2938 2189 αὐτήν
2955 2117 3047 2175 ⁸.»
3087 2115 3304 2180 Τίσεις,
3351 2112 3507 2183 φησὶ,
3549 2109 3747 2180 ποινὴν

476 2218 601 2272 quas
627 2212 822 2258 contra
867 2204 1305 2277 Hierosolymam
1354 2216 1577 2278 patrare
1619 2223 1792 2270 ausus
1827 2226 1913 2275 es,
1940 2227 2058 2282 pue-

2157 2211 2234 2272 ὧν
2292 2213 2438 2270 κατὰ
2492 2212 2591 2282 τῆς
2632 2207 2990 2281 Ἰερουσαλὴμ
3042 2205 3384 2277 τετόλμηκας
3423 2219 3438 2233 ·
3480 2201 3747 2259 Λίϐανον

479 2307 584 2346 nas
614 2291 773 2348 dabis
800 2295 966 2363 (hanc
999 2295 1147 2350 enim
1204 2294 1467 2365 Libanum
1493 2300 1757 2367 vocavit),
1800 2309 1855 2355 et
1905 2302 2060 2356 velut

2157 2307 2268 2378 γὰρ
2322 2304 2530 2374 ταύτην
2577 2301 2859 2371 ὠνόμασε-,ο
2889 2298 2986 2352 καὶ
3040 2293 3154 2355 οἷόν
3208 2312 3323 2352 τισι
3361 2294 3572 2367 θηρίοις
3629 2295 3748 2355 τοῖς

480 2383 615 2441 feris
641 2385 970 2454 quibusdam
1019 2387 1274 2444 hostibus
1307 2389 1568 2457 traderis,
1603 2391 1848 2446 omnium
1889 2393 2059 2451 male-

2158 2397 2438 2468 πολεμίοις
2475 2392 2848 2462 παραδοθήσῃ,
2883 2388 2994 2444 τῶν
3023 2386 3380 2443 παντοδαπῶν
3415 2402 3507 2438 σου
3554 2382 3749 2437 κακῶν

479 2475 728 2531 liciorum
757 2487 974 2532 tuorum
1011 2495 1200 2550 pmnas
1228 2481 1572 2554 persolvens.

1151 2495 1200 2536 as
1228 2481 1572 2554 persolvens.
2159 2484 2559 2554 ἀπαιτούμενος
2590 2482 2766 2545 δίκας.

557 2568 718 2625 Vens.
741 2570 828 2624 18.
849 2590 868 2622 ‹
891 2570 1030 2636 Quid
1047 2573 1267 2640 prodest
1281 2573 1552 2644 sculptile,
1571 2575 1697 2645 quia
1712 2575 2060 2646 sculpserunt

2234 2582 2326 2646 ιη’.
2389 2592 2408 2624 ι
2432 2573 2499 2626 Τί
2559 2572 2764 2642 ὡφελεί
2809 2567 3048 2641 γλυπτδν
3074 2611 3088 2635 ,
3133 2568 3217 2621 ὅτι
3277 2564 3516 2636 ἔγλυψαν
3578 2562 3744 2628 αὐτός

479 2658 656 2713 illud?
685 2659 1084 2717 Formaverunt
1116 2663 1251 2717 illud
1282 2664 1578 2730 conﬂatile,
1609 2666 2058 2737 imaginationem

2163 2667 2448 2722 Ἐπλασαν
2473 2663 2492 2696 ”¹
2519 2663 2654 2718 αὐτὸ
2699 2663 2957 2734 χὼνευμα
2981 2701 2996 2725 ,
3054 2659 3358 2732 φαντασίαν
3413 2655 3584 2727 ψευδῆ
3613 2673 3627 2686 ·
3662 2655 3745 2708 ὅτι

480 2747 697 2812 ῐιιεοιη,
715 2751 847 2819 quia
874 2751 1102 2806 conlidit
1124 2754 1282 2806 lictor
1308 2753 1363 2806 in
1393 2753 1650 2823 ﬁgmento
1678 2769 1802 2819 suo,
1820 2755 2062 2810 utfaciat

2160 2754 2420 2810 πέποιθεν
2443 2755 2474 2806 ὁ
2503 2753 2716 2818 πλάσας
2745 2753 2840 2807 ἐπὶ
2887 2751 2949 2807 τὸ
2987 2750 3216 2819 πλάσμα
3237 2746 3425 2813 αὑτοῦ,
3461 2745 3556 2800 τοῦ
3587 2743 3747 2815 ποιῆ-

411 2834 416 2840 ’
480 2837 630 2892 idola
659 2850 834 2894 muta.
869 2860 890 2892 ν
933 2839 1081 2906 Quid
1113 2841 1432 2898 dementius
1466 2858 1594 2899 esse
1616 2851 1795 2914 potest
1829 2845 1937 2910 his,
1962 2861 2026 2915 qu

2162 2867 2252 2904 σαι
2293 2847 2486 2902 εἴδωλα
2536 2847 2715 2916 κωφά.
2769 2865 2788 2898 ι
2843 2845 2910 2898 Τί
2957 2845 3314 2915 ἀνοητότερον
3357 2839 3470 2896 τῶν
3514 2835 3586 2891 τὰ
3632 2851 3751 2908 χει-

482 2928 628 2983 idoia
657 2931 974 2985 manuiacta
1023 2932 1296 2987 adoranti
1333 2934 1433 2999 Qui
1480 2948 1607 2988 cum
1657 2935 1946 2990 materiam
2005 2942 2060 2990 et

2162 2940 2426 3013 ροποίητα
2459 2937 2657 2991 εἴδωλα
2689 2934 3142 3007 προσκυνούντων
3173 2951 3189 3003 ;
3240 2933 3292 2987 οἳ
3321 2931 3417 2986 καὶ
3457 2930 3560 3002 τὴν
3605 2926 3748 3000 ὕλην

488 3019 784 3075 artiﬁcium
843 3022 1024 3078 oculis
1077 3023 1323 3089 videant,
1364 3030 1628 3102 tanquam
1681 3025 1788 3082 diis
1841 3025 2061 3100 stupidc

2160 3035 2256 3088 xui.
2280 3033 2380 3104 τὴν
2421 3031 2620 3102 τέχνην
2667 3031 2928 3104 ὁρῶντες,
2955 3027 3032 3091 ὡς
3061 3027 3203 3096 θεοῖς
3238 3025 3301 3079 τὸ
3331 3023 3492 3090 σέϐας
3525 3020 3750 3092 ἠλιθίως

486 3110 698 3164 cultum
731 3110 977 3166 divinum
1006 3112 1294 3168 adhibent.

972 3132 977 3166 I
1006 3112 1294 3168 adhibent.
2161 3122 2587 3196 προσφέρουσιν.

501 3197 688 3256 Vsus.
714 3201 801 3256 19.
1289 3205 1480 3300 ligno:
1515 3205 1750 3300 Evigila,
1783 3215 1838 3263 et
1859 3224 2055 3264 exsur-
2089 3240 2116 3300 ί

2132 3247 2134 3295 ς
2237 3216 2323 3270 ιθν.
2360 3233 2380 3266 ε
2414 3213 2602 3268 Orbata
2647 3212 2823 3282 λέγων
2844 3211 2924 3284 τῷ
2971 3210 3144 3281 ξύλῳσ
3187 3203 3747 3300 Ἕκνηψονηὲξεγέρ-

486 3304 589 3358 ge;
640 3305 722 3345 vat
775 3293 874 3361 qui
907 3293 1043 3347 dicit
1097 3295 1288 3365 lapidi,
1323 3295 1572 3354 Elevare.
1607 3297 1672 3351 Et
1734 3298 1916 3369 ipsum
1979 3293 2101 3354 est‘

2164 3309 2286 3381 θητι
2332 3325 2347 3340 ο
2384 3306 2523 3360 stall.“
2562 3304 2640 3376 τῷ
2692 3303 2865 3374 λίθῳ’
2915 3301 3192 3372 Ὑψὼθητι
3241 3316 3255 3331 ο
3314 3298 3409 3352 καὶ
3455 3295 3588 3350 αὐτό
3640 3296 3755 3347 ἐστι

486 3382 691 3450 imago,
717 3393 768 3439 et
799 3393 883 3440 est
915 3387 1206 3456 productio
1231 3391 1352 3444 auri
1389 3399 1445 3446 et
1469 3391 1709 3463 argenti,
1745 3400 1802 3447 et
1830 3394 2063 3463 spiritus

2165 3399 2434 3470 φαντασία
2470 3415 2483 3429 ο
2511 3396 2672 3450 τοῦτο
2705 3396 2763 3449 δέ
2804 3397 2954 3450 ἐστιν
2987 3393 3204 3462 ἔλασμα
3255 3392 3322 3444 ὲκ
3345 3393 3366 3422 ν
3396 3387 3623 3460 χρυσίου
3662 3386 3756 3439 καὶ

492 3475 652 3544 plane
687 3493 796 3532 non
853 3487 940 3533 est
1001 3480 1056 3534 in
1103 3481 1208 3539 eis.
1237 3501 1254 3534 ν
1286 3480 1422 3549 Quis
1467 3499 1578 3538 non
1634 3485 1832 3540 merito
1882 3487 2066 3556 lugeat

2165 3491 2454 3564 ἀργυρίου,
2491 3489 2588 3542 καὶ
2617 3489 2725 3542 πᾶν
2761 3486 2984 3557 πνεῦμα
3032 3484 3133 3537 οὐκ
3169 3482 3315 3537 ἔστιν
3343 3481 3401 3533 ἐν
3432 3479 3618 3539 αὐτοῖς
3638 3477 3703 3530 ¹⁰.
3733 3496 3748 3525 ι

487 3581 605 3630 eos,
635 3568 728 3636 qui
757 3583 951 3637 preces
1002 3570 1200 3627 oiierre
1237 3589 1346 3628 non
1380 3574 1639 3629 dubitant
1674 3577 1785 3630 diis
1819 3592 1883 3632 ex
1928 3591 2066 3632 auro

2166 3585 2263 3646 Τίς
2307 3583 2408 3636 οὐκ
2446 3581 2514 3634 ἂν
2562 3577 2786 3641 εἰκότως
2815 3576 3105 3646 θρηνήσειε
3165 3573 3278 3633 τοῖς
3313 3572 3376 3623 ἐκ
3415 3565 3619 3640 χρυσοῦ
3659 3567 3753 3619 καὶ

489 3662 548 3708 et
575 3667 804 3726 argento
833 3658 991 3716 factis
1007 3661 1031 3714 ἲ
1047 3661 1159 3717 Nec
1182 3664 1330 3718 enim
1361 3665 1698 3720 erubescunt
1731 3665 1947 3738 1559
1969 3681 2065 3722 eos

2165 3673 2429 3747 ἀργυρίου
2484 3667 3024 3737 κατεσκευασμένοις
3079 3663 3222 3724 θεοῖς
3252 3679 3266 3728 ;
3296 3662 3411 3714 Οὐκ
3452 3657 3749 3747 ἐρυθριῶσι

491 3748 662 3801 veluti
683 3749 1024 3806 dormientes
1050 3754 1294 3809 excitare
1320 3773 1333 3809 :
1369 3756 1498 3810 licet
1529 3771 1637 3810 non
1681 3757 1938 3826 ignorent
1969 3771 2065 3812 eos

2167 3745 2276 3837 γὰρ
2317 3745 2487 3819 οἱονεὶ
2543 3758 2906 3819 καθεύδοντας
2958 3752 3158 3816 αὐτοὺς
3206 3747 3572 3820 διεγείροντες
3606 3762 3623 3779 ο
3656 3745 3756 3837 καὶ

492 3851 726 3902 prorsus
755 3838 1034 3896 inanimos
1080 3857 1229 3907 esse,
1265 3844 1362 3909 qui
1419 3844 1556 3899 nihil
1601 3846 1814 3901 eliicere
1859 3856 2068 3918 queant

2167 3835 2342 3909 ταῦτα
2397 3851 2597 3914 εἰδότες
2635 3849 2712 3911 ὡς
2762 3845 2946 3916 ἄψυχα
2996 3842 3235 3912 πάμπαν
3289 3839 3462 3903 ἐστὶν,
3508 3835 3759 3907 ἐνεργεῖν

493 3924 582 3980 bis
621 3929 901 3997 sensibus,
937 3932 1141 4003 quibus
1172 3935 1342 4005 vulgo
1379 3936 1592 4006 prmditi
1635 3938 1920 3995 videntur.

2167 3939 2254 3993 διὰ
2281 3937 2391 3992 τῶν
2449 3930 2789 4005 φαινομένων
2819 3925 3191 3998 αἰσθητηρίων
3228 3922 3290 3977 οὺ
3320 3920 3612 3992 δυνάμενα.

564 4020 731 4077 Vns.
758 4022 849 4078 20.
884 4043 907 4076 ‹
965 4023 1232 4081 Dominus
1278 4035 1460 4082 autem
1503 4029 1560 4082 in
1616 4030 1821 4099 templo
1873 4041 2068 4088 sancto

2240 4027 2311 4082 κ’.
2356 4047 2375 4078 ι
2407 4027 2467 4078 '0
2493 4023 2551 4076 δὲ
2579 4020 2786 4089 Κύριος
2813 4021 2871 4072 ὲν
2907 4015 3020 4086 ναῷ
3053 4014 3193 4083 ἁγίῳ
3237 4009 3429 4074 αὐτοῦ,
3472 4009 3631 4063 xui.“
3663 4006 3759 4099 εύ-

495 4125 599 4166 suo
632 4127 648 4164 :
684 4121 1008 4168 revereatur
1033 4129 1062 4168 a
1106 4113 1245 4170 facie
1271 4116 1397 4183 ejus
1439 4118 1623 4174 omnis
1653 4098 1824 4174 terra.
1868 4139 1888 4172 ι
1927 4119 2066 4175 Nam

2169 4115 2442 4172 λαὸείσθω
2463 4111 2573 4168 ἀπὸ
2606 4108 2903 4184 προσώπου
2926 4102 3096 4158 αὐτοῦ
3124 4103 3276 4157 πᾶσα
3309 4103 3344 4172 ἡ
3373 4101 3469 4169 γῆ.
3507 4117 3525 4150 ι
3555 4099 3636 4152 Τὰ
3660 4098 3759 4168 μὲν

495 4202 642 4256 idola
703 4203 924 4270 quidem
974 4205 1127 4258 muta
1185 4212 1239 4260 et
1268 4206 1442 4260 surda
1483 4214 1636 4271 sunt,
1699 4208 2069 4278 omnibusque

2169 4210 2281 4279 γὰρ
2304 4207 2499 4261 εἴδωλα
2529 4203 2693 4272 κωφά
2724 4203 2854 4265 εἰσι,
2885 4198 2978 4252 καλ⁵
3009 4196 3191 4265 πάσης
3225 4191 3507 4263 δυνάμεως
3536 4190 3718 4262 ἔρημα
3738 4206 3754 4223 ο

496 4291 708 4346 uiribus
736 4291 999 4348 destituta
1039 4311 1054 4348 :
1107 4293 1373 4350 Dominus
1442 4312 1576 4351 vero
1628 4308 1817 4352 noster
1866 4299 2066 4353 coelum

2170 4303 2200 4353 ό
2231 4300 2288 4352 δὲ
2323 4297 2592 4368 ἡμέτερος
2624 4293 2906 4361 Δεσπότης
2933 4289 3049 4358 ἔχει
3088 4287 3186 4358 μὲν
3217 4279 3333 4338 οἷόν
3360 4301 3480 4337 τινα
3509 4283 3636 4336 ναὸν
3665 4281 3759 4335 τὸν

497 4381 719 4448 quidem
756 4383 931 4440 instar
956 4385 1147 4454 templi
1177 4386 1467 4456 cujusdam
1510 4388 1699 4452 habet,
1753 4390 1919 4445 habet
1964 4404 2070 4443 au-

2172 4392 2422 4460 οὐρανὺν,
2466 4389 2581 4459 ἔχει
2628 4385 2686 4438 δὲ
2723 4384 2820 4438 καὶ
2848 4385 2906 4436 ὲν
2937 4382 3003 4452 τῇ
3040 4381 3111 4450 γῇ
3158 4377 3250 4431 τὸν
3293 4379 3350 4430 ὲν
3403 4373 3760 4445 Ἰερουσαλὴμ

499 4478 608 4525 tem
643 4473 698 4526 in
735 4473 906 4529 terris
958 4475 1124 4530 etiam
1177 4477 1284 4532 sibi
1323 4487 1718 4532 consecratum
1780 4479 1962 4533 locum
2013 4479 2070 4532 in

2173 4481 2554 4555 ἀφιερωμένον
2585 4478 2752 4532 τόπον
2777 4494 2794 4508 ο
2849 4475 2943 4528 καὶ
2991 4471 3212 4526 πάντων
3240 4468 3403 4522 ἓνεκα
3431 4466 3636 4528 δίκαιος
3665 4464 3759 4517 δέ·-

500 4561 880 4633 liierosoiyma
919 4583 932 4620 :
969 4575 1135 4637 atque
1196 4568 1442 4624 omnium
1495 4582 1666 4624 causa
1730 4583 1952 4638 mquum
2015 4575 2115 4637 et]

2175 4574 2365 4644 χεσθαι
2412 4570 2565 4641 παρὰ
2603 4570 2705 4640 τῆς
2745 4567 2976 4628 κτίσεως
3041 4563 3261 4631 ἁπάσης
3307 4561 3370 4614 τὺ
3412 4558 3597 4622 σέϐας.
3648 4557 3762 4611 Καὶ

495 4653 706 4721 justum
735 4663 820 4711 est
844 4664 905 4711 ut
934 4657 1005 4713 ab
1024 4657 1282 4712 omnibus
1299 4658 1574 4713 creaturis
1599 4659 1852 4728 religiose.
1875 4658 2068 4713 obser-

2172 4662 2349 4717 ταῦτα
2391 4662 2449 4714 δὲ
2492 4661 2671 4730 δῆλον,
2706 4659 2784 4721 ὡς
2821 4656 2960 4728 πρὸς
3002 4654 3098 4707 τὸν
3133 4649 3477 4705 Βαϐυλώνιον
3520 4649 3757 4720 εἴρηται,

500 4754 678 4800 vatur.
703 4747 831 4802 Hac
862 4757 1046 4803 autem
1099 4763 1206 4803 non
1242 4750 1539 4805 obscurum
1597 4758 1682 4805 est
1719 4749 1785 4803 ad
1842 4748 2076 4821 Babylo-

2176 4753 2666 4824 καταφρονήσαντα
2703 4749 2800 4818 μὲν
2825 4746 2922 4800 τοῦ
2966 4745 3120 4806 δντος
3156 4739 3314 4802 Θεοῦ,
3358 4740 3456 4792 καὶ
3484 4739 3575 4792 τὸν
3616 4738 3756 4791 θεῖοι

505 4838 657 4893 nium
678 4839 825 4894 dicta
855 4840 1047 4903 fuisse,
1076 4841 1169 4911 qui
1201 4841 1372 4897 Deum
1401 4857 1594 4897 verum
1620 4843 2071 4912 contempsisset,

2179 4843 2343 4898 αὑτοῦ
2375 4839 2510 4894 νεὼν
2545 4837 2964 4912 παραδεδωκότα
3007 4834 3085 4902 τῷ
3117 4833 3161 4866 "
3214 4831 3370 4901 πυρὶ,
3406 4833 3520 4894 τοῖς
3561 4830 3617 4883 δὲ
3665 4831 3741 4883 ὑπ

505 4937 562 4984 et
589 4929 835 4985 divinum
867 4931 989 5000 ejus
1020 4933 1281 5002 templum
1324 4932 1666 4990 incendisset
1720 4934 1855 5003 igni,
1909 4942 2077 5001 atque

2177 4933 2526 5004 ἀνθρωπείας
2547 4931 2732 5001 χειρὸς
2753 4925 3287 4994 κατεσκευασμένοις
3309 4922 3550 4986 εἰδώλοις
3578 4926 3761 4978 πᾶσαν

509 5018 654 5074 idola
688 5022 924 5075 humana
960 5038 1125 5076 manu
1172 5023 1318 5078 facta
1351 5023 1503 5078 omni
1550 5023 1703 5077 cultu
1745 5035 2077 5093 prosecutus

2179 5025 2555 5093 ἁπονείμαντα
2585 5021 2906 5092 θεραπείαν.
2964 5016 3121 5072 Οὕτω
3154 5012 3544 5086 διαμορφὼσας
3577 5017 3606 5068 ό
3656 5033 3767 5085 μα-

507 5118 675 5164 esset.
706 5108 842 5165 Cum
871 5111 938 5166 ad
974 5113 1121 5168 hunc
1146 5115 1368 5170 modum
1414 5114 1611 5169 beatus
1643 5117 1914 5186 propheta
1954 5132 2083 5172 ora-

2181 5115 2371 5187 κὰριος
2419 5113 2706 5186 προφήτης
2762 5109 2859 5164 τοῦ
2909 5109 3070 5178 λόγου
3118 5109 3210 5162 τὸν
3258 5107 3620 5178 χαρακτῆρα,
3667 5109 3765 5161 καὶ

510 5199 682 5254 tionis
725 5199 1100 5259 characterem
1169 5205 1497 5269 eﬂinxisset,
1555 5205 1963 5278 formassetque
2026 5209 2080 5262 in

2182 5204 2526 5277 σχηματίσας
2554 5204 2634 5265 είς
2669 5199 2939 5273 ἐρώτησιν
2966 5200 3058 5254 καὶ
3090 5198 3407 5269 ἀπόκρισιν,
3439 5199 3517 5260 εἰς
3551 5198 3764 5250 ὲπαπό-

512 5290 1003 5362 interrogationem
1051 5304 1105 5351 et
1152 5297 1611 5367 responsionem,
1671 5299 2083 5354 dubitationum

2183 5314 2340 5368 ρησιν
2363 5295 2458 5350 καλ⁸
2482 5293 2636 5348 λύσιν
2655 5293 2766 5347 τῶν
2791 5291 3161 5364 ζητουμένων,
3193 5289 3288 5343 καὶ
3313 5288 3492 5353 δείξας
3512 5288 3604 5341 τοῦ
3625 5289 3763 5342 Θεοῦ

514 5385 944 5453 propositionem
971 5396 1024 5444 et
1064 5391 1424 5460 quaesitorum
1466 5390 1825 5460 solutionem,
1875 5391 2084 5462 Deique

2181 5390 2242 5444 τὸ
2263 5391 2490 5456 δίκαιον,
2521 5388 2618 5443 καὶ
2641 5389 2788 5452 ὅπως
2821 5385 3106 5449 Ἰουδαίους
3139 5383 3238 5456 μὲν
3267 5381 3356 5435 διὰ
3379 5380 3761 5450 Βαϐυλωνίων,

1812 5607 2050 5690 vanus
2087 5606 2385 5666 uacuos
2401 5607 2505 5666 ss.

620 5755 642 5787 ⁸
674 5757 816 5814 διασ.
865 5759 941 5815 lta
987 5760 1204 5865 quidem
1256 5764 1325 5822 Α,
1377 5758 1469 5814 scil
1524 5759 1566 5815 C
1610 5761 1673 5813 σὺ
1721 5760 1916 5865 ηαρδία
1976 5760 2136 5817 σαλεύ

526 5828 547 5860 τ
584 5827 612 5865 Δ
656 5828 884 5865 επὶηιιρυ
1062 5833 1150 5865 υηι
1209 5831 1307 5865 "nu
1357 5829 1408 5865 in
1446 5829 1473 5865 Α
1580 5831 1683 5865 νξν
1761 5834 1838 5865 ιηε
1896 5832 1948 5865 at.
2051 5831 2141 5865 to!

2144 5759 2286 5827 θητι.
2387 5763 2408 5794 ⁵
2442 5761 2536 5815 καὶ
2565 5791 2634 5802 -—-
2661 5758 2770 5826 δὸξ.
2808 5778 2922 5816 σου.
2964 5759 3088 5820 Des.
3128 5761 3180 5814 in
3212 5756 3274 5811 Α.
3378 5759 3402 5790 ⁸
3435 5758 3478 5812 Α
3513 5759 3572 5812 ἰν
3599 5762 3759 5835 αὐτῇ.

2144 5831 2158 5865 t
2197 5831 2341 5865 κε’...τι
2479 5833 2516 5862 tt
2555 5832 2647 5865 ...ὅ
2707 5833 2804 5865 It...
2871 5832 2922 5865 ἰ..
2961 5833 2990 5865 ι
3127 5832 3168 5863 ts
3197 5827 3274 5865 η-οτ.
3332 5827 3436 5865 ha.
3494 5829 3613 5865 in“
3746 5834 3750 5836 '

578 5827 619 5879 Α
656 5828 904 5885 ἔπλατεν.
1001 5827 1022 5865 ⁸
1062 5833 1171 5886 καί.
1209 5831 1330 5886 Des.
1357 5829 1408 5884 in
1439 5829 1500 5883 A.
1580 5832 1600 5861 ⁹
1623 5831 1706 5884 ὲκ.
1738 5827 1862 5886 Des.
1896 5832 1969 5886 ib.
2051 5832 2092 5862 ⁸ο
2126 5831 2164 5884 Α

2051 5832 2092 5862 ⁸ο
2126 5831 2164 5884 Α
2195 5831 2360 5903 αὐτῷ.
2479 5833 2516 5862 “
2555 5832 2665 5886 καί.
2707 5833 2828 5888 Des.
2871 5832 2923 5887 in
2954 5833 3018 5885 Α.
3127 5832 3168 5863 ⁸²
3197 5827 3294 5900 τῷ.
3332 5827 3455 5885 Des.
3492 5829 3546 5885 in
3569 5833 3637 5910 (1.
