  <div class='ocr_page' id='page_1' title='image "/cluster/home/n/w/nwhite01/storage/ocr_20150623/81:no.2/coo.31924054869825/921.png"; bbox 0 0 4090 6432; ppageno 0'>
   <div class='ocr_carea' id='block_1_1' title="bbox 501 427 638 496">
    <p class='ocr_par' dir='ltr' id='par_1_1' title="bbox 501 427 638 496">
     <span class='ocr_line' id='line_1_1' title="bbox 501 427 638 496; baseline 0.015 -4"><span class='ocrx_word' id='word_1_1' title='bbox 501 427 638 496; x_wconf 70' lang='lat'><strong>1827</strong></span> 
     </span>
    </p>
   </div>
   <div class='ocr_carea' id='block_1_2' title="bbox 1504 427 2763 489">
    <p class='ocr_par' dir='ltr' id='par_1_2' title="bbox 1504 427 2763 489">
     <span class='ocr_line' id='line_1_2' title="bbox 1504 427 2763 489; baseline 0.001 -1"><span class='ocrx_word' id='word_1_2' title='bbox 1504 427 1988 488; x_wconf 80' lang='lat' dir='ltr'><strong>THEODORETI</strong></span> <span class='ocrx_word' id='word_1_3' title='bbox 2028 427 2363 487; x_wconf 83' lang='lat' dir='ltr'><strong>EPISCOPI</strong></span> <span class='ocrx_word' id='word_1_4' title='bbox 2402 430 2763 489; x_wconf 72' lang='lat' dir='ltr'><strong>CYRENSIS</strong></span> 
     </span>
    </p>
   </div>
   <div class='ocr_carea' id='block_1_3' title="bbox 3631 417 3766 498">
    <p class='ocr_par' dir='ltr' id='par_1_3' title="bbox 3631 417 3766 498">
     <span class='ocr_line' id='line_1_3' title="bbox 3631 417 3766 498; baseline 0.03 -4"><span class='ocrx_word' id='word_1_5' title='bbox 3631 417 3766 498; x_wconf 76' lang='lat'><strong>1528</strong></span> 
     </span>
    </p>
   </div>
   <div class='ocr_carea' id='block_1_4' title="bbox 501 528 2093 618">
    <p class='ocr_par' dir='ltr' id='par_1_4' title="bbox 501 539 2072 608">
     <span class='ocr_line' id='line_1_4' title="bbox 501 539 2072 608; baseline -0.006 -6"><span class='ocrx_word' id='word_1_6' title='bbox 501 546 868 608; x_wconf 74' lang='lat' dir='ltr'><strong>monstravit,</strong></span> <span class='ocrx_word' id='word_1_7' title='bbox 895 545 989 598; x_wconf 86' lang='lat' dir='ltr'><strong>sed</strong></span> <span class='ocrx_word' id='word_1_8' title='bbox 1021 542 1186 596; x_wconf 90' lang='lat' dir='ltr'><strong>etiam</strong></span> <span class='ocrx_word' id='word_1_9' title='bbox 1222 541 1270 593; x_wconf 86' lang='lat' dir='ltr'><strong>vi</strong></span> <span class='ocrx_word' id='word_1_10' title='bbox 1300 539 1694 593; x_wconf 76' lang='lat' dir='ltr'><strong>miraculorum</strong></span> <span class='ocrx_word' id='word_1_11' title='bbox 1723 540 1993 594; x_wconf 74' lang='lat' dir='ltr'><strong>editorum</strong></span> <span class='ocrx_word' id='word_1_12' title='bbox 2017 541 2072 593; x_wconf 93' lang='lat' dir='ltr'><strong>in</strong></span> 
     </span>
    </p>
   </div>
   <div class='ocr_carea' id='block_1_5' title="bbox 2195 528 3767 618">
    <p class='ocr_par' dir='ltr' id='par_1_5' title="bbox 2195 528 3767 618">
     <span class='ocr_line' id='line_1_5' title="bbox 2195 528 3767 618; baseline 0.007 -28"><span class='ocrx_word' id='word_1_13' title='bbox 2195 539 2316 603; x_wconf 69' lang='grc' dir='ltr'>ἱειξε</span> <span class='ocrx_word' id='word_1_14' title='bbox 2352 540 2451 610; x_wconf 72' lang='grc' dir='ltr'><strong>τὴν</strong></span> <span class='ocrx_word' id='word_1_15' title='bbox 2479 538 2904 611; x_wconf 71' lang='grc' dir='ltr'>ἀλήθειαν,ἀλλὰ</span> <span class='ocrx_word' id='word_1_16' title='bbox 2933 528 3027 593; x_wconf 70' lang='grc' dir='ltr'>καὶ</span> <span class='ocrx_word' id='word_1_17' title='bbox 3044 543 3107 612; x_wconf 72' lang='grc' dir='ltr'>τῇ</span> <span class='ocrx_word' id='word_1_18' title='bbox 3138 541 3363 612; x_wconf 82' lang='grc' dir='ltr'><strong>δυνάμει</strong></span> <span class='ocrx_word' id='word_1_19' title='bbox 3395 545 3493 616; x_wconf 79' lang='grc' dir='ltr'>τῆς</span> <span class='ocrx_word' id='word_1_20' title='bbox 3520 542 3767 618; x_wconf 85' lang='grc' dir='ltr'>θαυματ-</span> 
     </span>
    </p>
   </div>
   <div class='ocr_carea' id='block_1_6' title="bbox 500 631 2083 701">
    <p class='ocr_par' dir='ltr' id='par_1_6' title="bbox 500 631 2083 701">
     <span class='ocr_line' id='line_1_6' title="bbox 500 631 2083 701; baseline -0.005 -9"><span class='ocrx_word' id='word_1_21' title='bbox 500 637 866 692; x_wconf 79' lang='lat' dir='ltr'><strong>admiratione</strong></span> <span class='ocrx_word' id='word_1_22' title='bbox 882 649 1095 688; x_wconf 91' lang='lat' dir='ltr'><strong>omnem</strong></span> <span class='ocrx_word' id='word_1_23' title='bbox 1119 633 1363 700; x_wconf 82' lang='lat' dir='ltr'><strong>linguam</strong></span> <span class='ocrx_word' id='word_1_24' title='bbox 1383 631 1670 686; x_wconf 81' lang='lat' dir='ltr'><strong>excitavit:</strong></span> <span class='ocrx_word' id='word_1_25' title='bbox 1697 631 1844 701; x_wconf 89' lang='lat' dir='ltr'><strong>quod</strong></span> <span class='ocrx_word' id='word_1_26' title='bbox 1872 641 2083 684; x_wconf 88' lang='lat' dir='ltr'><strong>utrum-</strong></span> 
     </span>
    </p>
   </div>
   <div class='ocr_carea' id='block_1_7' title="bbox 503 721 2081 798">
    <p class='ocr_par' dir='ltr' id='par_1_7' title="bbox 503 721 2081 798">
     <span class='ocr_line' id='line_1_7' title="bbox 503 721 2081 798; baseline -0.006 -16"><span class='ocrx_word' id='word_1_27' title='bbox 503 745 610 798; x_wconf 90' lang='lat' dir='ltr'><strong>qtte</strong></span> <span class='ocrx_word' id='word_1_28' title='bbox 647 727 806 790; x_wconf 89' lang='lat' dir='ltr'><strong>fecit,</strong></span> <span class='ocrx_word' id='word_1_29' title='bbox 863 725 1122 794; x_wconf 87' lang='lat' dir='ltr'><strong>quoniam</strong></span> <span class='ocrx_word' id='word_1_30' title='bbox 1165 721 1433 774; x_wconf 83' lang='lat' dir='ltr'><strong>acerrime</strong></span> <span class='ocrx_word' id='word_1_31' title='bbox 1481 731 1735 774; x_wconf 87' lang='lat' dir='ltr'><strong>naturam</strong></span> <span class='ocrx_word' id='word_1_32' title='bbox 1783 721 2081 774; x_wconf 83' lang='lat' dir='ltr'><strong>humanam</strong></span> 
     </span>
    </p>
   </div>
   <div class='ocr_carea' id='block_1_8' title="bbox 503 812 2085 883">
    <p class='ocr_par' dir='ltr' id='par_1_8' title="bbox 503 812 2085 883">
     <span class='ocr_line' id='line_1_8' title="bbox 503 812 2085 883; baseline -0.003 -10"><span class='ocrx_word' id='word_1_33' title='bbox 503 820 738 882; x_wconf 81' lang='lat' dir='ltr'><strong>dilexit;</strong></span> <span class='ocrx_word' id='word_1_34' title='bbox 795 815 846 869; x_wconf 89' lang='lat' dir='ltr'><strong>id</strong></span> <span class='ocrx_word' id='word_1_35' title='bbox 907 814 1053 883; x_wconf 86' lang='lat' dir='ltr'><strong>quod</strong></span> <span class='ocrx_word' id='word_1_36' title='bbox 1110 813 1378 867; x_wconf 88' lang='lat' dir='ltr'><strong>Dominus</strong></span> <span class='ocrx_word' id='word_1_37' title='bbox 1429 813 1549 880; x_wconf 88' lang='lat' dir='ltr'><strong>ipse</strong></span> <span class='ocrx_word' id='word_1_38' title='bbox 1600 812 1742 866; x_wconf 93' lang='lat' dir='ltr'><strong>dixit</strong></span> <span class='ocrx_word' id='word_1_39' title='bbox 1796 815 1850 867; x_wconf 91' lang='lat' dir='ltr'><strong>in</strong></span> <span class='ocrx_word' id='word_1_40' title='bbox 1908 813 2085 868; x_wconf 87' lang='lat' dir='ltr'><strong>sacris</strong></span> 
     </span>
    </p>
   </div>
   <div class='ocr_carea' id='block_1_9' title="bbox 505 905 2086 980">
    <p class='ocr_par' dir='ltr' id='par_1_9' title="bbox 505 905 2086 980">
     <span class='ocr_line' id='line_1_9' title="bbox 505 905 2086 980; baseline -0.004 -15"><span class='ocrx_word' id='word_1_41' title='bbox 505 909 819 980; x_wconf 83' lang='lat' dir='ltr'><strong>Evangeliis</strong></span> <span class='ocrx_word' id='word_1_42' title='bbox 850 927 863 962; x_wconf 88' lang='lat'><strong>:</strong></span> <span class='ocrx_word' id='word_1_43' title='bbox 891 925 909 958; x_wconf 88' lang='grc'><em>‹</em></span> <span class='ocrx_word' id='word_1_44' title='bbox 934 905 1045 976; x_wconf 77' lang='lat' dir='ltr'><strong>Ego</strong></span> <span class='ocrx_word' id='word_1_45' title='bbox 1081 921 1201 960; x_wconf 93' lang='lat' dir='ltr'><strong>sum</strong></span> <span class='ocrx_word' id='word_1_46' title='bbox 1231 914 1422 975; x_wconf 91' lang='lat' dir='ltr'><strong>pastor</strong></span> <span class='ocrx_word' id='word_1_47' title='bbox 1444 907 1622 962; x_wconf 87' lang='lat' dir='ltr'><strong>bonus</strong></span> <span class='ocrx_word' id='word_1_48' title='bbox 1645 946 1658 969; x_wconf 91' lang='lat'><strong>,</strong></span> <span class='ocrx_word' id='word_1_49' title='bbox 1687 906 1866 960; x_wconf 87' lang='lat' dir='ltr'><strong>bonus</strong></span> <span class='ocrx_word' id='word_1_50' title='bbox 1896 913 2086 976; x_wconf 77' lang='lat' dir='ltr'><strong>pastor</strong></span> 
     </span>
    </p>
   </div>
   <div class='ocr_carea' id='block_1_10' title="bbox 503 995 2084 1068">
    <p class='ocr_par' dir='ltr' id='par_1_10' title="bbox 503 995 2084 1068">
     <span class='ocr_line' id='line_1_10' title="bbox 503 995 2084 1068; baseline -0.003 -14"><span class='ocrx_word' id='word_1_51' title='bbox 503 1002 744 1054; x_wconf 86' lang='lat' dir='ltr'><strong>animam</strong></span> <span class='ocrx_word' id='word_1_52' title='bbox 778 1013 932 1052; x_wconf 90' lang='lat' dir='ltr'><strong>suam</strong></span> <span class='ocrx_word' id='word_1_53' title='bbox 966 996 1116 1068; x_wconf 88' lang='lat' dir='ltr'><strong>ponit</strong></span> <span class='ocrx_word' id='word_1_54' title='bbox 1147 1013 1248 1066; x_wconf 92' lang='lat' dir='ltr'><strong>pro</strong></span> <span class='ocrx_word' id='word_1_55' title='bbox 1279 997 1474 1051; x_wconf 90' lang='lat' dir='ltr'><strong>ovibus</strong></span> <span class='ocrx_word' id='word_1_56' title='bbox 1503 997 1552 1051; x_wconf 78' lang='grc' dir='ltr'>ά.</span> <span class='ocrx_word' id='word_1_57' title='bbox 1589 1016 1606 1047; x_wconf 75' lang='grc' dir='ltr'><strong>ι</strong></span> <span class='ocrx_word' id='word_1_58' title='bbox 1635 995 1702 1049; x_wconf 85' lang='grc' dir='ltr'>Ει</span> <span class='ocrx_word' id='word_1_59' title='bbox 1731 1014 1746 1051; x_wconf 84' lang='grc' dir='ltr'><strong>ι</strong></span> <span class='ocrx_word' id='word_1_60' title='bbox 1777 1017 1794 1046; x_wconf 72' lang='grc' dir='ltr'><strong>ι</strong></span> <span class='ocrx_word' id='word_1_61' title='bbox 1823 995 2084 1064; x_wconf 80' lang='lat' dir='ltr'><strong>Majoretn</strong></span> 
     </span>
    </p>
   </div>
   <div class='ocr_carea' id='block_1_11' title="bbox 506 1087 2080 1158">
    <p class='ocr_par' dir='ltr' id='par_1_11' title="bbox 506 1087 2080 1158">
     <span class='ocr_line' id='line_1_11' title="bbox 506 1087 2080 1158; baseline -0.003 -13"><span class='ocrx_word' id='word_1_62' title='bbox 506 1093 607 1145; x_wconf 89' lang='lat' dir='ltr'><strong>hac</strong></span> <span class='ocrx_word' id='word_1_63' title='bbox 645 1091 996 1145; x_wconf 83' lang='lat' dir='ltr'><strong>dilectionem</strong></span> <span class='ocrx_word' id='word_1_64' title='bbox 1039 1103 1202 1142; x_wconf 89' lang='lat' dir='ltr'><strong>nemo</strong></span> <span class='ocrx_word' id='word_1_65' title='bbox 1242 1087 1529 1142; x_wconf 84' lang='lat' dir='ltr'><strong>declarare</strong></span> <span class='ocrx_word' id='word_1_66' title='bbox 1569 1094 1782 1158; x_wconf 77' lang='lat' dir='ltr'><strong>potest,</strong></span> <span class='ocrx_word' id='word_1_67' title='bbox 1820 1103 1988 1157; x_wconf 90' lang='lat' dir='ltr'><strong>quam</strong></span> <span class='ocrx_word' id='word_1_68' title='bbox 2031 1087 2080 1142; x_wconf 88' lang='lat' dir='ltr'><strong>si</strong></span> 
     </span>
    </p>
   </div>
   <div class='ocr_carea' id='block_1_12' title="bbox 505 1177 2087 1256">
    <p class='ocr_par' dir='ltr' id='par_1_12' title="bbox 505 1177 2087 1256">
     <span class='ocr_line' id='line_1_12' title="bbox 505 1177 2087 1256; baseline -0.001 -20"><span class='ocrx_word' id='word_1_69' title='bbox 505 1185 632 1256; x_wconf 84' lang='lat' dir='ltr'><strong>quis</strong></span> <span class='ocrx_word' id='word_1_70' title='bbox 663 1184 903 1236; x_wconf 89' lang='lat' dir='ltr'><strong>animam</strong></span> <span class='ocrx_word' id='word_1_71' title='bbox 936 1196 1092 1236; x_wconf 88' lang='lat' dir='ltr'><strong>suam</strong></span> <span class='ocrx_word' id='word_1_72' title='bbox 1122 1189 1291 1251; x_wconf 89' lang='lat' dir='ltr'><strong>ponat</strong></span> <span class='ocrx_word' id='word_1_73' title='bbox 1319 1197 1418 1251; x_wconf 92' lang='lat' dir='ltr'><strong>pro</strong></span> <span class='ocrx_word' id='word_1_74' title='bbox 1443 1182 1638 1236; x_wconf 83' lang='lat' dir='ltr'><strong>amicis</strong></span> <span class='ocrx_word' id='word_1_75' title='bbox 1669 1181 1788 1236; x_wconf 89' lang='lat' dir='ltr'><strong>suis</strong></span> <span class='ocrx_word' id='word_1_76' title='bbox 1825 1192 1870 1234; x_wconf 77' lang='grc' dir='ltr'>ι’.</span> <span class='ocrx_word' id='word_1_77' title='bbox 1906 1201 1923 1231; x_wconf 75' lang='grc' dir='ltr'><strong>ι</strong></span> <span class='ocrx_word' id='word_1_78' title='bbox 1950 1177 2087 1234; x_wconf 72' lang='lat' dir='ltr'><strong>Cor-</strong></span> 
     </span>
    </p>
   </div>
   <div class='ocr_carea' id='block_1_13' title="bbox 506 1273 2088 1342">
    <p class='ocr_par' dir='ltr' id='par_1_13' title="bbox 506 1273 2088 1342">
     <span class='ocr_line' id='line_1_13' title="bbox 506 1273 2088 1342; baseline -0.004 -12"><span class='ocrx_word' id='word_1_79' title='bbox 506 1292 612 1330; x_wconf 83' lang='lat' dir='ltr'><strong>nua</strong></span> <span class='ocrx_word' id='word_1_80' title='bbox 641 1283 822 1329; x_wconf 90' lang='lat' dir='ltr'><strong>autem</strong></span> <span class='ocrx_word' id='word_1_81' title='bbox 854 1274 1078 1328; x_wconf 88' lang='lat' dir='ltr'><strong>vocavit</strong></span> <span class='ocrx_word' id='word_1_82' title='bbox 1107 1275 1412 1342; x_wconf 83' lang='lat' dir='ltr'><strong>potentiam</strong></span> <span class='ocrx_word' id='word_1_83' title='bbox 1436 1314 1450 1335; x_wconf 90' lang='lat'><strong>,</strong></span> <span class='ocrx_word' id='word_1_84' title='bbox 1483 1274 1746 1342; x_wconf 87' lang='lat' dir='ltr'><strong>quoniam</strong></span> <span class='ocrx_word' id='word_1_85' title='bbox 1785 1273 1901 1326; x_wconf 75' lang='lat' dir='ltr'><strong>haec</strong></span> <span class='ocrx_word' id='word_1_86' title='bbox 1935 1287 2088 1325; x_wconf 85' lang='lat' dir='ltr'><strong>arma</strong></span> 
     </span>
    </p>
   </div>
   <div class='ocr_carea' id='block_1_14' title="bbox 506 1363 2084 1432">
    <p class='ocr_par' dir='ltr' id='par_1_14' title="bbox 506 1363 2084 1432">
     <span class='ocr_line' id='line_1_14' title="bbox 506 1363 2084 1432; baseline -0.003 -11"><span class='ocrx_word' id='word_1_87' title='bbox 506 1374 634 1421; x_wconf 92' lang='lat' dir='ltr'><strong>sunt</strong></span> <span class='ocrx_word' id='word_1_88' title='bbox 665 1365 988 1419; x_wconf 85' lang='lat' dir='ltr'><strong>animalium</strong></span> <span class='ocrx_word' id='word_1_89' title='bbox 1027 1379 1148 1432; x_wconf 65' lang='lat' dir='ltr'><strong>quae</strong></span> <span class='ocrx_word' id='word_1_90' title='bbox 1183 1365 1289 1418; x_wconf 87' lang='lat' dir='ltr'><strong>ista</strong></span> <span class='ocrx_word' id='word_1_91' title='bbox 1344 1365 1571 1418; x_wconf 83' lang='lat' dir='ltr'><strong>habent.</strong></span> <span class='ocrx_word' id='word_1_92' title='bbox 1624 1363 1908 1432; x_wconf 85' lang='lat' dir='ltr'><strong>Ejusmodi</strong></span> <span class='ocrx_word' id='word_1_93' title='bbox 1967 1372 2084 1427; x_wconf 91' lang='lat' dir='ltr'><strong>est,</strong></span> 
     </span>
    </p>
   </div>
   <div class='ocr_carea' id='block_1_15' title="bbox 505 1453 2090 1529">
    <p class='ocr_par' dir='ltr' id='par_1_15' title="bbox 505 1453 2090 1529">
     <span class='ocr_line' id='line_1_15' title="bbox 505 1453 2090 1529; baseline 0 -19"><span class='ocrx_word' id='word_1_94' title='bbox 505 1459 651 1529; x_wconf 87' lang='lat' dir='ltr'><strong>quod</strong></span> <span class='ocrx_word' id='word_1_95' title='bbox 685 1459 880 1512; x_wconf 89' lang='lat' dir='ltr'><strong>beatus</strong></span> <span class='ocrx_word' id='word_1_96' title='bbox 930 1455 1102 1509; x_wconf 85' lang='lat' dir='ltr'><strong>David</strong></span> <span class='ocrx_word' id='word_1_97' title='bbox 1147 1455 1287 1508; x_wconf 84' lang='lat' dir='ltr'><strong>dixit</strong></span> <span class='ocrx_word' id='word_1_98' title='bbox 1323 1471 1336 1508; x_wconf 90' lang='lat'><strong>:</strong></span> <span class='ocrx_word' id='word_1_99' title='bbox 1367 1474 1385 1505; x_wconf 75' lang='grc' dir='ltr'><strong>ι</strong></span> <span class='ocrx_word' id='word_1_100' title='bbox 1416 1455 1624 1509; x_wconf 82' lang='lat' dir='ltr'><strong>Tecum</strong></span> <span class='ocrx_word' id='word_1_101' title='bbox 1677 1453 1941 1509; x_wconf 87' lang='lat' dir='ltr'><strong>inimicos</strong></span> <span class='ocrx_word' id='word_1_102' title='bbox 1991 1470 2090 1510; x_wconf 91' lang='lat' dir='ltr'><strong>no-</strong></span> 
     </span>
    </p>
   </div>
   <div class='ocr_carea' id='block_1_16' title="bbox 507 1547 1418 1608">
    <p class='ocr_par' dir='ltr' id='par_1_16' title="bbox 507 1547 1418 1608">
     <span class='ocr_line' id='line_1_16' title="bbox 507 1547 1418 1608; baseline -0.007 -2"><span class='ocrx_word' id='word_1_103' title='bbox 507 1560 656 1608; x_wconf 87' lang='lat' dir='ltr'><strong>stros</strong></span> <span class='ocrx_word' id='word_1_104' title='bbox 687 1549 1076 1604; x_wconf 87' lang='lat' dir='ltr'><strong>ventilabimus</strong></span> <span class='ocrx_word' id='word_1_105' title='bbox 1103 1562 1278 1602; x_wconf 90' lang='lat' dir='ltr'><strong>cornu</strong></span> <span class='ocrx_word' id='word_1_106' title='bbox 1321 1547 1366 1601; x_wconf 70' lang='grc' dir='ltr'>ΐ.</span> <span class='ocrx_word' id='word_1_107' title='bbox 1399 1567 1418 1600; x_wconf 73' lang='grc' dir='ltr'><strong>ι</strong></span> 
     </span>
    </p>
   </div>
   <div class='ocr_carea' id='block_1_17' title="bbox 584 1640 2090 1710">
    <p class='ocr_par' dir='ltr' id='par_1_17' title="bbox 584 1640 2090 1710">
     <span class='ocr_line' id='line_1_17' title="bbox 584 1640 2090 1710; baseline 0.001 -15"><span class='ocrx_word' id='word_1_108' title='bbox 584 1641 746 1696; x_wconf 77' lang='lat' dir='ltr'><strong>Vens.</strong></span> <span class='ocrx_word' id='word_1_109' title='bbox 788 1642 841 1698; x_wconf 80' lang='grc'>5.</span> <span class='ocrx_word' id='word_1_110' title='bbox 882 1659 900 1692; x_wconf 86' lang='grc'><strong><em>‹</em></strong></span> <span class='ocrx_word' id='word_1_111' title='bbox 932 1642 1072 1696; x_wconf 87' lang='lat' dir='ltr'><strong>Ante</strong></span> <span class='ocrx_word' id='word_1_112' title='bbox 1129 1640 1326 1695; x_wconf 80' lang='lat' dir='ltr'><strong>faciem</strong></span> <span class='ocrx_word' id='word_1_113' title='bbox 1385 1641 1508 1710; x_wconf 89' lang='lat' dir='ltr'><strong>ejus</strong></span> <span class='ocrx_word' id='word_1_114' title='bbox 1560 1641 1660 1695; x_wconf 83' lang='lat' dir='ltr'><strong>ibit</strong></span> <span class='ocrx_word' id='word_1_115' title='bbox 1714 1641 1982 1702; x_wconf 88' lang='lat' dir='ltr'><strong>verbum,</strong></span> <span class='ocrx_word' id='word_1_116' title='bbox 2035 1649 2090 1696; x_wconf 94' lang='lat' dir='ltr'><strong>et</strong></span> 
     </span>
    </p>
   </div>
   <div class='ocr_carea' id='block_1_18' title="bbox 2181 629 3763 708">
    <p class='ocr_par' dir='ltr' id='par_1_18' title="bbox 2181 629 3763 708">
     <span class='ocr_line' id='line_1_18' title="bbox 2181 629 3763 708; baseline 0.006 -27"><span class='ocrx_word' id='word_1_117' title='bbox 2181 629 2410 700; x_wconf 88' lang='grc' dir='ltr'>ουργίας</span> <span class='ocrx_word' id='word_1_118' title='bbox 2467 633 2546 694; x_wconf 82' lang='grc' dir='ltr'><strong>είς</strong></span> <span class='ocrx_word' id='word_1_119' title='bbox 2609 631 2863 702; x_wconf 74' lang='grc' dir='ltr'>θαύματα</span> <span class='ocrx_word' id='word_1_120' title='bbox 2942 633 3124 686; x_wconf 77' lang='grc' dir='ltr'>πᾶσαν</span> <span class='ocrx_word' id='word_1_121' title='bbox 3175 633 3424 701; x_wconf 82' lang='grc' dir='ltr'>γλῶτταν</span> <span class='ocrx_word' id='word_1_122' title='bbox 3473 637 3763 708; x_wconf 67' lang='grc' dir='ltr'>ἐκίνησεν*</span> 
     </span>
    </p>
   </div>
   <div class='ocr_carea' id='block_1_19' title="bbox 2185 720 3771 798">
    <p class='ocr_par' dir='ltr' id='par_1_19' title="bbox 2185 720 3771 798">
     <span class='ocr_line' id='line_1_19' title="bbox 2185 720 3771 798; baseline 0.007 -27"><span class='ocrx_word' id='word_1_123' title='bbox 2185 720 2444 787; x_wconf 76' lang='grc' dir='ltr'>ἑκάτερον</span> <span class='ocrx_word' id='word_1_124' title='bbox 2471 721 2528 776; x_wconf 80' lang='grc' dir='ltr'>δὲ</span> <span class='ocrx_word' id='word_1_125' title='bbox 2558 723 2824 792; x_wconf 88' lang='grc' dir='ltr'>πεποίηκε</span> <span class='ocrx_word' id='word_1_126' title='bbox 2854 722 2974 776; x_wconf 94' lang='grc' dir='ltr'>λίαν</span> <span class='ocrx_word' id='word_1_127' title='bbox 3003 724 3297 792; x_wconf 80' lang='grc' dir='ltr'><strong>ἀγαπήσας</strong></span> <span class='ocrx_word' id='word_1_128' title='bbox 3326 725 3436 778; x_wconf 84' lang='grc' dir='ltr'><strong>τῶν</strong></span> <span class='ocrx_word' id='word_1_129' title='bbox 3463 727 3771 798; x_wconf 83' lang='grc' dir='ltr'>ἀνθρώπων</span> 
     </span>
    </p>
   </div>
   <div class='ocr_carea' id='block_1_20' title="bbox 2183 809 3772 886">
    <p class='ocr_par' dir='ltr' id='par_1_20' title="bbox 2183 809 3772 886">
     <span class='ocr_line' id='line_1_20' title="bbox 2183 809 3772 886; baseline 0.006 -24"><span class='ocrx_word' id='word_1_130' title='bbox 2183 809 2282 879; x_wconf 83' lang='grc' dir='ltr'><strong>τὴν</strong></span> <span class='ocrx_word' id='word_1_131' title='bbox 2315 809 2475 878; x_wconf 79' lang='grc' dir='ltr'>φύσιν</span> <span class='ocrx_word' id='word_1_132' title='bbox 2503 829 2518 842; x_wconf 87' lang='grc'><strong>·</strong></span> <span class='ocrx_word' id='word_1_133' title='bbox 2564 811 2724 865; x_wconf 83' lang='grc' dir='ltr'>τοῦτο</span> <span class='ocrx_word' id='word_1_134' title='bbox 2757 813 2814 866; x_wconf 87' lang='grc' dir='ltr'>δὲ</span> <span class='ocrx_word' id='word_1_135' title='bbox 2853 815 2947 866; x_wconf 77' lang='grc' dir='ltr'><strong>καὶ</strong></span> <span class='ocrx_word' id='word_1_136' title='bbox 2975 814 3138 876; x_wconf 70' lang='grc' dir='ltr'>αὐτὸς</span> <span class='ocrx_word' id='word_1_137' title='bbox 3165 816 3192 868; x_wconf 99' lang='lat'><strong>6</strong></span> <span class='ocrx_word' id='word_1_138' title='bbox 3227 814 3430 886; x_wconf 81' lang='grc' dir='ltr'>Κύριος</span> <span class='ocrx_word' id='word_1_139' title='bbox 3458 818 3654 882; x_wconf 79' lang='grc' dir='ltr'>ἐν-τοῖς</span> <span class='ocrx_word' id='word_1_140' title='bbox 3694 821 3772 872; x_wconf 77' lang='lat' dir='ltr'><strong>i=-</strong></span> 
     </span>
    </p>
   </div>
   <div class='ocr_carea' id='block_1_21' title="bbox 2191 897 3773 977">
    <p class='ocr_par' dir='ltr' id='par_1_21' title="bbox 2191 897 3773 977">
     <span class='ocr_line' id='line_1_21' title="bbox 2191 897 3773 977; baseline 0.005 -25"><span class='ocrx_word' id='word_1_141' title='bbox 2191 903 2302 969; x_wconf 87' lang='grc' dir='ltr'>ροίς</span> <span class='ocrx_word' id='word_1_142' title='bbox 2335 900 2686 969; x_wconf 77' lang='grc' dir='ltr'>Εὑαγγελίοις</span> <span class='ocrx_word' id='word_1_143' title='bbox 2718 897 2905 955; x_wconf 75' lang='grc' dir='ltr'>εἶπενο</span> <span class='ocrx_word' id='word_1_144' title='bbox 2948 920 2967 953; x_wconf 78' lang='lat' dir='ltr'><strong>t</strong></span> <span class='ocrx_word' id='word_1_145' title='bbox 3005 902 3146 970; x_wconf 84' lang='grc' dir='ltr'>Ἐγώ</span> <span class='ocrx_word' id='word_1_146' title='bbox 3172 905 3287 973; x_wconf 90' lang='grc' dir='ltr'>είμι</span> <span class='ocrx_word' id='word_1_147' title='bbox 3319 905 3348 957; x_wconf 90' lang='lat'><strong>6</strong></span> <span class='ocrx_word' id='word_1_148' title='bbox 3373 905 3576 977; x_wconf 80' lang='grc' dir='ltr'>ποιμὴν</span> <span class='ocrx_word' id='word_1_149' title='bbox 3609 908 3638 960; x_wconf 90' lang='lat'><strong>6</strong></span> <span class='ocrx_word' id='word_1_150' title='bbox 3669 924 3773 960; x_wconf 88' lang='grc' dir='ltr'>κα-</span> 
     </span>
    </p>
   </div>
   <div class='ocr_carea' id='block_1_22' title="bbox 2185 993 3768 1068">
    <p class='ocr_par' dir='ltr' id='par_1_22' title="bbox 2185 993 3768 1068">
     <span class='ocr_line' id='line_1_22' title="bbox 2185 993 3768 1068; baseline 0.005 -24"><span class='ocrx_word' id='word_1_151' title='bbox 2185 993 2274 1054; x_wconf 86' lang='grc' dir='ltr'><strong>λός</strong></span> <span class='ocrx_word' id='word_1_152' title='bbox 2295 1008 2308 1021; x_wconf 85' lang='grc'><strong>·</strong></span> <span class='ocrx_word' id='word_1_153' title='bbox 2341 995 2368 1046; x_wconf 89' lang='lat'><strong>6</strong></span> <span class='ocrx_word' id='word_1_154' title='bbox 2400 995 2602 1062; x_wconf 79' lang='grc' dir='ltr'>ποιμὴν</span> <span class='ocrx_word' id='word_1_155' title='bbox 2620 995 2648 1046; x_wconf 90' lang='lat'><strong>6</strong></span> <span class='ocrx_word' id='word_1_156' title='bbox 2670 995 2834 1057; x_wconf 83' lang='grc' dir='ltr'>καλὸς</span> <span class='ocrx_word' id='word_1_157' title='bbox 2864 995 2963 1065; x_wconf 80' lang='grc' dir='ltr'><strong>τὴν</strong></span> <span class='ocrx_word' id='word_1_158' title='bbox 2987 995 3164 1065; x_wconf 66' lang='grc' dir='ltr'>ψυχὴν</span> <span class='ocrx_word' id='word_1_159' title='bbox 3192 995 3356 1049; x_wconf 78' lang='grc' dir='ltr'>αὑτοῦ</span> <span class='ocrx_word' id='word_1_160' title='bbox 3387 997 3598 1068; x_wconf 79' lang='grc' dir='ltr'><strong>τίθησιν</strong></span> <span class='ocrx_word' id='word_1_161' title='bbox 3628 1000 3768 1068; x_wconf 84' lang='grc' dir='ltr'>ὑπὲρ</span> 
     </span>
    </p>
   </div>
   <div class='ocr_carea' id='block_1_23' title="bbox 2185 1084 3770 1158">
    <p class='ocr_par' dir='ltr' id='par_1_23' title="bbox 2185 1084 3770 1158">
     <span class='ocr_line' id='line_1_23' title="bbox 2185 1084 3770 1158; baseline 0.004 -21"><span class='ocrx_word' id='word_1_162' title='bbox 2185 1085 2294 1138; x_wconf 85' lang='grc' dir='ltr'><strong>τῶν</strong></span> <span class='ocrx_word' id='word_1_163' title='bbox 2318 1084 2625 1155; x_wconf 81' lang='grc' dir='ltr'>προϐάτων.</span> <span class='ocrx_word' id='word_1_164' title='bbox 2661 1105 2679 1137; x_wconf 74' lang='grc' dir='ltr'><strong>ι</strong></span> <span class='ocrx_word' id='word_1_165' title='bbox 2720 1085 2828 1139; x_wconf 85' lang='grc' dir='ltr'>Καί</span> <span class='ocrx_word' id='word_1_166' title='bbox 2845 1102 2859 1117; x_wconf 76' lang='grc' dir='ltr'><strong>ο</strong></span> <span class='ocrx_word' id='word_1_167' title='bbox 2895 1105 2914 1138; x_wconf 76' lang='grc' dir='ltr'><strong>ι</strong></span> <span class='ocrx_word' id='word_1_168' title='bbox 2941 1087 3178 1151; x_wconf 77' lang='grc' dir='ltr'><strong>Μείζονα</strong></span> <span class='ocrx_word' id='word_1_169' title='bbox 3204 1087 3409 1158; x_wconf 84' lang='grc' dir='ltr'><strong>ταύτης</strong></span> <span class='ocrx_word' id='word_1_170' title='bbox 3433 1089 3658 1157; x_wconf 81' lang='grc' dir='ltr'><strong>ἀγάπην</strong></span> <span class='ocrx_word' id='word_1_171' title='bbox 3683 1091 3770 1142; x_wconf 77' lang='grc' dir='ltr'><strong>οὐ·</strong></span> 
     </span>
    </p>
   </div>
   <div class='ocr_carea' id='block_1_24' title="bbox 2185 1172 3769 1248">
    <p class='ocr_par' dir='ltr' id='par_1_24' title="bbox 2185 1172 3769 1248">
     <span class='ocr_line' id='line_1_24' title="bbox 2185 1172 3769 1248; baseline 0.005 -24"><span class='ocrx_word' id='word_1_172' title='bbox 2185 1172 2298 1234; x_wconf 73' lang='grc' dir='ltr'>δεὶς</span> <span class='ocrx_word' id='word_1_173' title='bbox 2327 1172 2550 1226; x_wconf 86' lang='grc' dir='ltr'>δύναται</span> <span class='ocrx_word' id='word_1_174' title='bbox 2581 1173 2838 1238; x_wconf 64' lang='lat' dir='ltr'><strong>defiat&quot;,</strong></span> <span class='ocrx_word' id='word_1_175' title='bbox 2876 1175 2963 1228; x_wconf 79' lang='grc' dir='ltr'>ἵνα</span> <span class='ocrx_word' id='word_1_176' title='bbox 2988 1190 3072 1238; x_wconf 91' lang='grc' dir='ltr'><strong>τις</strong></span> <span class='ocrx_word' id='word_1_177' title='bbox 3109 1175 3174 1246; x_wconf 80' lang='grc' dir='ltr'>θῇ</span> <span class='ocrx_word' id='word_1_178' title='bbox 3191 1177 3235 1207; x_wconf 73' lang='grc' dir='ltr'>’ί</span> <span class='ocrx_word' id='word_1_179' title='bbox 3263 1177 3362 1246; x_wconf 83' lang='grc' dir='ltr'><strong>τὴν</strong></span> <span class='ocrx_word' id='word_1_180' title='bbox 3393 1177 3573 1248; x_wconf 80' lang='grc' dir='ltr'>ψυχὴν</span> <span class='ocrx_word' id='word_1_181' title='bbox 3599 1175 3769 1232; x_wconf 79' lang='grc' dir='ltr'>αὑτοῦ</span> 
     </span>
    </p>
   </div>
   <div class='ocr_carea' id='block_1_25' title="bbox 2189 1264 3772 1340">
    <p class='ocr_par' dir='ltr' id='par_1_25' title="bbox 2189 1264 3772 1340">
     <span class='ocr_line' id='line_1_25' title="bbox 2189 1264 3772 1340; baseline 0.004 -24"><span class='ocrx_word' id='word_1_182' title='bbox 2189 1265 2326 1335; x_wconf 81' lang='grc' dir='ltr'>ὑπὲρ</span> <span class='ocrx_word' id='word_1_183' title='bbox 2375 1264 2485 1316; x_wconf 83' lang='grc' dir='ltr'><strong>τῶν</strong></span> <span class='ocrx_word' id='word_1_184' title='bbox 2530 1265 2698 1334; x_wconf 76' lang='grc' dir='ltr'>φίλων</span> <span class='ocrx_word' id='word_1_185' title='bbox 2735 1266 2922 1318; x_wconf 80' lang='grc' dir='ltr'>αὑτοῦ.</span> <span class='ocrx_word' id='word_1_186' title='bbox 2969 1286 2987 1317; x_wconf 73' lang='grc' dir='ltr'><strong>ι</strong></span> <span class='ocrx_word' id='word_1_187' title='bbox 3032 1266 3261 1336; x_wconf 81' lang='grc' dir='ltr'>Κέρατα</span> <span class='ocrx_word' id='word_1_188' title='bbox 3293 1267 3349 1320; x_wconf 87' lang='grc' dir='ltr'>δὲ</span> <span class='ocrx_word' id='word_1_189' title='bbox 3399 1268 3497 1340; x_wconf 75' lang='grc' dir='ltr'>τὴν</span> <span class='ocrx_word' id='word_1_190' title='bbox 3543 1269 3772 1340; x_wconf 78' lang='grc' dir='ltr'>δύναμιν</span> 
     </span>
    </p>
   </div>
   <div class='ocr_carea' id='block_1_26' title="bbox 2187 1355 3771 1431">
    <p class='ocr_par' dir='ltr' id='par_1_26' title="bbox 2187 1355 3771 1431">
     <span class='ocr_line' id='line_1_26' title="bbox 2187 1355 3771 1431; baseline 0.006 -27"><span class='ocrx_word' id='word_1_191' title='bbox 2187 1355 2650 1424; x_wconf 82' lang='grc' dir='ltr'><strong>προσηγόρευσεν,</strong></span> <span class='ocrx_word' id='word_1_192' title='bbox 2694 1357 2880 1428; x_wconf 77' lang='grc' dir='ltr'>ἐπειδὴ</span> <span class='ocrx_word' id='word_1_193' title='bbox 2913 1357 3050 1410; x_wconf 80' lang='grc' dir='ltr'>ὅπλα</span> <span class='ocrx_word' id='word_1_194' title='bbox 3076 1359 3251 1411; x_wconf 79' lang='grc' dir='ltr'>ταῦτα</span> <span class='ocrx_word' id='word_1_195' title='bbox 3277 1360 3385 1412; x_wconf 83' lang='grc' dir='ltr'><strong>τῶν</strong></span> <span class='ocrx_word' id='word_1_196' title='bbox 3415 1363 3771 1431; x_wconf 84' lang='grc' dir='ltr'><strong>κεκτημένων</strong></span> 
     </span>
    </p>
   </div>
   <div class='ocr_carea' id='block_1_27' title="bbox 2189 1445 3770 1524">
    <p class='ocr_par' dir='ltr' id='par_1_27' title="bbox 2189 1445 3770 1524">
     <span class='ocr_line' id='line_1_27' title="bbox 2189 1445 3770 1524; baseline 0.006 -27"><span class='ocrx_word' id='word_1_197' title='bbox 2189 1445 2364 1507; x_wconf 81' lang='grc' dir='ltr'>ζώων.</span> <span class='ocrx_word' id='word_1_198' title='bbox 2393 1445 2642 1499; x_wconf 84' lang='grc' dir='ltr'>Τοιοῦτόν</span> <span class='ocrx_word' id='word_1_199' title='bbox 2663 1448 2780 1500; x_wconf 78' lang='grc' dir='ltr'>ἐστι</span> <span class='ocrx_word' id='word_1_200' title='bbox 2805 1449 2866 1501; x_wconf 84' lang='grc' dir='ltr'><strong>τὸ</strong></span> <span class='ocrx_word' id='word_1_201' title='bbox 2889 1449 2993 1502; x_wconf 73' lang='grc' dir='ltr'><strong>ὑπὸ</strong></span> <span class='ocrx_word' id='word_1_202' title='bbox 3013 1450 3107 1503; x_wconf 85' lang='grc' dir='ltr'>τοῦ</span> <span class='ocrx_word' id='word_1_203' title='bbox 3135 1451 3406 1523; x_wconf 87' lang='grc' dir='ltr'>μακάριου</span> <span class='ocrx_word' id='word_1_204' title='bbox 3429 1454 3594 1507; x_wconf 80' lang='grc' dir='ltr'>Δαϐὶδ</span> <span class='ocrx_word' id='word_1_205' title='bbox 3616 1457 3770 1524; x_wconf 87' lang='grc' dir='ltr'>είρη-</span> 
     </span>
    </p>
   </div>
   <div class='ocr_carea' id='block_1_28' title="bbox 2191 1539 3765 1617">
    <p class='ocr_par' dir='ltr' id='par_1_28' title="bbox 2191 1539 3765 1617">
     <span class='ocr_line' id='line_1_28' title="bbox 2191 1539 3765 1617; baseline 0.004 -27"><span class='ocrx_word' id='word_1_206' title='bbox 2191 1539 2372 1608; x_wconf 78' lang='grc' dir='ltr'>μὲνον.</span> <span class='ocrx_word' id='word_1_207' title='bbox 2417 1557 2436 1589; x_wconf 80' lang='grc'>‹</span> <span class='ocrx_word' id='word_1_208' title='bbox 2475 1539 2568 1592; x_wconf 80' lang='grc' dir='ltr'>Ἐν</span> <span class='ocrx_word' id='word_1_209' title='bbox 2599 1540 2682 1592; x_wconf 73' lang='grc' dir='ltr'><strong>σοὶ</strong></span> <span class='ocrx_word' id='word_1_210' title='bbox 2721 1539 2849 1604; x_wconf 83' lang='grc' dir='ltr'>τοὺς</span> <span class='ocrx_word' id='word_1_211' title='bbox 2877 1541 3107 1613; x_wconf 73' lang='grc' dir='ltr'>ἐχθροὺς</span> <span class='ocrx_word' id='word_1_212' title='bbox 3137 1543 3296 1612; x_wconf 82' lang='grc' dir='ltr'>ἡμῶν</span> <span class='ocrx_word' id='word_1_213' title='bbox 3331 1545 3715 1617; x_wconf 81' lang='grc' dir='ltr'>κερατιοῦμεν.</span> <span class='ocrx_word' id='word_1_214' title='bbox 3748 1567 3765 1597; x_wconf 79' lang='lat' dir='ltr'><strong>r</strong></span> 
     </span>
    </p>
   </div>
   <div class='ocr_carea' id='block_1_29' title="bbox 2260 1630 3774 1706">
    <p class='ocr_par' dir='ltr' id='par_1_29' title="bbox 2260 1630 3774 1706">
     <span class='ocr_line' id='line_1_29' title="bbox 2260 1630 3774 1706; baseline 0.007 -24"><span class='ocrx_word' id='word_1_215' title='bbox 2260 1635 2321 1682; x_wconf 83' lang='grc' dir='ltr'>ε’.</span> <span class='ocrx_word' id='word_1_216' title='bbox 2369 1648 2388 1680; x_wconf 75' lang='grc' dir='ltr'><strong>ι</strong></span> <span class='ocrx_word' id='word_1_217' title='bbox 2421 1631 2532 1701; x_wconf 82' lang='grc' dir='ltr'>Πρὸ</span> <span class='ocrx_word' id='word_1_218' title='bbox 2562 1630 2853 1700; x_wconf 81' lang='grc' dir='ltr'><strong>προσώπου</strong></span> <span class='ocrx_word' id='word_1_219' title='bbox 2903 1633 3067 1686; x_wconf 82' lang='grc' dir='ltr'>αὑτοῦ</span> <span class='ocrx_word' id='word_1_220' title='bbox 3103 1636 3426 1704; x_wconf 80' lang='grc' dir='ltr'>πορεύσεται</span> <span class='ocrx_word' id='word_1_221' title='bbox 3463 1636 3638 1706; x_wconf 83' lang='grc' dir='ltr'>λόγος,</span> <span class='ocrx_word' id='word_1_222' title='bbox 3676 1639 3774 1692; x_wconf 79' lang='grc' dir='ltr'>καὶ</span> 
     </span>
    </p>
   </div>
   <div class='ocr_carea' id='block_1_30' title="bbox 507 1718 2093 1804">
    <p class='ocr_par' dir='ltr' id='par_1_30' title="bbox 507 1731 2088 1804">
     <span class='ocr_line' id='line_1_30' title="bbox 507 1731 2088 1804; baseline -0.002 -15"><span class='ocrx_word' id='word_1_223' title='bbox 507 1735 824 1804; x_wconf 83' lang='lat' dir='ltr'><strong>egredietur</strong></span> <span class='ocrx_word' id='word_1_224' title='bbox 853 1733 908 1786; x_wconf 95' lang='lat' dir='ltr'><strong>in</strong></span> <span class='ocrx_word' id='word_1_225' title='bbox 938 1732 1292 1802; x_wconf 89' lang='lat' dir='ltr'><strong>disciplinam</strong></span> <span class='ocrx_word' id='word_1_226' title='bbox 1332 1740 1460 1802; x_wconf 91' lang='lat' dir='ltr'><strong>post</strong></span> <span class='ocrx_word' id='word_1_227' title='bbox 1489 1732 1655 1801; x_wconf 85' lang='lat' dir='ltr'><strong>pedes</strong></span> <span class='ocrx_word' id='word_1_228' title='bbox 1688 1733 1831 1801; x_wconf 84' lang='lat' dir='ltr'><strong>ejus.</strong></span> <span class='ocrx_word' id='word_1_229' title='bbox 1867 1752 1884 1784; x_wconf 71' lang='grc' dir='ltr'><strong>ι</strong></span> <span class='ocrx_word' id='word_1_230' title='bbox 1912 1731 2088 1802; x_wconf 87' lang='lat' dir='ltr'><strong>Opera</strong></span> 
     </span>
    </p>
   </div>
   <div class='ocr_carea' id='block_1_31' title="bbox 2195 1718 3777 1804">
    <p class='ocr_par' dir='ltr' id='par_1_31' title="bbox 2195 1718 3777 1796">
     <span class='ocr_line' id='line_1_31' title="bbox 2195 1718 3777 1796; baseline 0.008 -26"><span class='ocrx_word' id='word_1_231' title='bbox 2195 1718 2528 1784; x_wconf 65' lang='grc' dir='ltr'>ἐξελεύσεται</span> <span class='ocrx_word' id='word_1_232' title='bbox 2558 1722 2638 1784; x_wconf 89' lang='grc' dir='ltr'><strong>είς</strong></span> <span class='ocrx_word' id='word_1_233' title='bbox 2667 1721 2915 1774; x_wconf 79' lang='grc' dir='ltr'><strong>παιδείαν</strong></span> <span class='ocrx_word' id='word_1_234' title='bbox 2939 1721 3079 1775; x_wconf 79' lang='grc' dir='ltr'>κατὰ</span> <span class='ocrx_word' id='word_1_235' title='bbox 3112 1725 3277 1788; x_wconf 85' lang='grc' dir='ltr'>πόδας</span> <span class='ocrx_word' id='word_1_236' title='bbox 3305 1725 3494 1780; x_wconf 84' lang='grc' dir='ltr'>αὐτοῦ.</span> <span class='ocrx_word' id='word_1_237' title='bbox 3528 1746 3546 1778; x_wconf 84' lang='grc'>›</span> <span class='ocrx_word' id='word_1_238' title='bbox 3593 1729 3777 1796; x_wconf 82' lang='grc' dir='ltr'>Ἡγεῖ-</span> 
     </span>
    </p>
   </div>
   <div class='ocr_carea' id='block_1_32' title="bbox 507 1812 2093 1891">
    <p class='ocr_par' dir='ltr' id='par_1_32' title="bbox 507 1821 2090 1891">
     <span class='ocr_line' id='line_1_32' title="bbox 507 1821 2090 1891; baseline 0.001 -14"><span class='ocrx_word' id='word_1_239' title='bbox 507 1824 655 1878; x_wconf 87' lang='lat' dir='ltr'><strong>enint</strong></span> <span class='ocrx_word' id='word_1_240' title='bbox 721 1822 947 1876; x_wconf 85' lang='lat' dir='ltr'><strong>verbum</strong></span> <span class='ocrx_word' id='word_1_241' title='bbox 981 1821 1292 1886; x_wconf 87' lang='lat' dir='ltr'><strong>antecedit,</strong></span> <span class='ocrx_word' id='word_1_242' title='bbox 1326 1829 1381 1875; x_wconf 90' lang='lat' dir='ltr'><strong>et</strong></span> <span class='ocrx_word' id='word_1_243' title='bbox 1429 1821 1610 1876; x_wconf 89' lang='lat' dir='ltr'><strong>futura</strong></span> <span class='ocrx_word' id='word_1_244' title='bbox 1663 1823 1969 1891; x_wconf 69' lang='lat' dir='ltr'><strong>praadicens</strong></span> <span class='ocrx_word' id='word_1_245' title='bbox 2014 1825 2090 1878; x_wconf 89' lang='lat' dir='ltr'><strong>ita</strong></span> 
     </span>
    </p>
   </div>
   <div class='ocr_carea' id='block_1_33' title="bbox 2195 1812 3777 1891">
    <p class='ocr_par' dir='ltr' id='par_1_33' title="bbox 2195 1812 3777 1889">
     <span class='ocr_line' id='line_1_33' title="bbox 2195 1812 3777 1889; baseline 0.006 -26"><span class='ocrx_word' id='word_1_246' title='bbox 2195 1829 2280 1864; x_wconf 87' lang='grc' dir='ltr'><strong>ται</strong></span> <span class='ocrx_word' id='word_1_247' title='bbox 2324 1812 2434 1883; x_wconf 81' lang='grc' dir='ltr'><strong>γὰρ</strong></span> <span class='ocrx_word' id='word_1_248' title='bbox 2478 1812 2586 1866; x_wconf 83' lang='grc' dir='ltr'><strong>τῶν</strong></span> <span class='ocrx_word' id='word_1_249' title='bbox 2631 1813 2807 1884; x_wconf 77' lang='grc' dir='ltr'>ἔργων</span> <span class='ocrx_word' id='word_1_250' title='bbox 2849 1816 2878 1868; x_wconf 91' lang='lat'><strong>6</strong></span> <span class='ocrx_word' id='word_1_251' title='bbox 2922 1815 3098 1883; x_wconf 82' lang='grc' dir='ltr'><strong>λόγος,</strong></span> <span class='ocrx_word' id='word_1_252' title='bbox 3147 1817 3242 1869; x_wconf 68' lang='grc' dir='ltr'><strong>καὶ</strong></span> <span class='ocrx_word' id='word_1_253' title='bbox 3272 1818 3662 1889; x_wconf 76' lang='grc' dir='ltr'>προαγορεύων</span> <span class='ocrx_word' id='word_1_254' title='bbox 3705 1820 3777 1872; x_wconf 75' lang='grc' dir='ltr'>τὰ</span> 
     </span>
    </p>
   </div>
   <div class='ocr_carea' id='block_1_34' title="bbox 508 1898 2093 1979">
    <p class='ocr_par' dir='ltr' id='par_1_34' title="bbox 508 1912 2087 1979">
     <span class='ocr_line' id='line_1_34' title="bbox 508 1912 2087 1979; baseline -0.001 -10"><span class='ocrx_word' id='word_1_255' title='bbox 508 1931 600 1971; x_wconf 87' lang='lat' dir='ltr'><strong>res</strong></span> <span class='ocrx_word' id='word_1_256' title='bbox 633 1915 846 1968; x_wconf 91' lang='lat' dir='ltr'><strong>inducit</strong></span> <span class='ocrx_word' id='word_1_257' title='bbox 879 1914 1069 1968; x_wconf 85' lang='lat' dir='ltr'><strong>verbis</strong></span> <span class='ocrx_word' id='word_1_258' title='bbox 1103 1913 1263 1968; x_wconf 89' lang='lat' dir='ltr'><strong>valde</strong></span> <span class='ocrx_word' id='word_1_259' title='bbox 1299 1915 1719 1968; x_wconf 88' lang='lat' dir='ltr'><strong>convenientes.</strong></span> <span class='ocrx_word' id='word_1_260' title='bbox 1762 1912 1920 1979; x_wconf 87' lang='lat' dir='ltr'><strong>Quod</strong></span> <span class='ocrx_word' id='word_1_261' title='bbox 1956 1929 2087 1968; x_wconf 89' lang='lat' dir='ltr'><strong>vero</strong></span> 
     </span>
    </p>
   </div>
   <div class='ocr_carea' id='block_1_35' title="bbox 2195 1898 3778 1979">
    <p class='ocr_par' dir='ltr' id='par_1_35' title="bbox 2195 1901 3778 1978">
     <span class='ocr_line' id='line_1_35' title="bbox 2195 1901 3778 1978; baseline 0.006 -24"><span class='ocrx_word' id='word_1_262' title='bbox 2195 1901 2446 1972; x_wconf 78' lang='grc' dir='ltr'>ἐσόμενα,</span> <span class='ocrx_word' id='word_1_263' title='bbox 2473 1903 2646 1967; x_wconf 79' lang='grc' dir='ltr'>οὕτως</span> <span class='ocrx_word' id='word_1_264' title='bbox 2668 1905 2864 1972; x_wconf 82' lang='grc' dir='ltr'>ὲπάγει</span> <span class='ocrx_word' id='word_1_265' title='bbox 2889 1906 2960 1958; x_wconf 71' lang='grc' dir='ltr'>τὰ</span> <span class='ocrx_word' id='word_1_266' title='bbox 2993 1907 3292 1977; x_wconf 84' lang='grc' dir='ltr'>πράγματα</span> <span class='ocrx_word' id='word_1_267' title='bbox 3323 1908 3527 1978; x_wconf 84' lang='grc' dir='ltr'>σφόδρα</span> <span class='ocrx_word' id='word_1_268' title='bbox 3551 1913 3664 1973; x_wconf 81' lang='grc' dir='ltr'>τοῖς</span> <span class='ocrx_word' id='word_1_269' title='bbox 3690 1911 3778 1963; x_wconf 76' lang='grc' dir='ltr'>λό-</span> 
     </span>
    </p>
   </div>
   <div class='ocr_carea' id='block_1_36' title="bbox 509 2003 2090 2073">
    <p class='ocr_par' dir='ltr' id='par_1_36' title="bbox 509 2003 2090 2073">
     <span class='ocr_line' id='line_1_36' title="bbox 509 2003 2090 2073; baseline -0.002 -14"><span class='ocrx_word' id='word_1_270' title='bbox 509 2008 619 2071; x_wconf 86' lang='lat' dir='ltr'><strong>ait,</strong></span> <span class='ocrx_word' id='word_1_271' title='bbox 674 2007 728 2058; x_wconf 86' lang='lat' dir='ltr'><strong>in</strong></span> <span class='ocrx_word' id='word_1_272' title='bbox 767 2005 1142 2072; x_wconf 79' lang='lat' dir='ltr'><strong>disciplinam,</strong></span> <span class='ocrx_word' id='word_1_273' title='bbox 1191 2005 1439 2073; x_wconf 73' lang='lat' dir='ltr'><strong>quzedam</strong></span> <span class='ocrx_word' id='word_1_274' title='bbox 1495 2005 1834 2072; x_wconf 79' lang='lat' dir='ltr'><strong>exemplaria</strong></span> <span class='ocrx_word' id='word_1_275' title='bbox 1885 2003 2090 2056; x_wconf 81' lang='lat' dir='ltr'><strong>habent</strong></span> 
     </span>
    </p>
   </div>
   <div class='ocr_carea' id='block_1_37' title="bbox 505 2095 2088 2165">
    <p class='ocr_par' dir='ltr' id='par_1_37' title="bbox 505 2095 2088 2165">
     <span class='ocr_line' id='line_1_37' title="bbox 505 2095 2088 2165; baseline -0.004 -13"><span class='ocrx_word' id='word_1_276' title='bbox 505 2113 633 2153; x_wconf 93' lang='lat' dir='ltr'><strong>cum</strong></span> <span class='ocrx_word' id='word_1_277' title='bbox 667 2097 730 2150; x_wconf 79' lang='grc' dir='ltr'>νῦ</span> <span class='ocrx_word' id='word_1_278' title='bbox 759 2114 773 2150; x_wconf 83' lang='grc' dir='ltr'><strong>ι</strong></span> <span class='ocrx_word' id='word_1_279' title='bbox 807 2107 862 2150; x_wconf 88' lang='lat' dir='ltr'><strong>et</strong></span> <span class='ocrx_word' id='word_1_280' title='bbox 918 2096 1195 2165; x_wconf 86' lang='lat' dir='ltr'><strong>signiﬁcat</strong></span> <span class='ocrx_word' id='word_1_281' title='bbox 1241 2095 1410 2149; x_wconf 92' lang='lat' dir='ltr'><strong>Deutn</strong></span> <span class='ocrx_word' id='word_1_282' title='bbox 1443 2095 1833 2149; x_wconf 89' lang='lat' dir='ltr'><strong>universorum</strong></span> <span class='ocrx_word' id='word_1_283' title='bbox 1870 2102 1926 2148; x_wconf 91' lang='lat' dir='ltr'><strong>et</strong></span> <span class='ocrx_word' id='word_1_284' title='bbox 1965 2110 2088 2147; x_wconf 87' lang='lat' dir='ltr'><strong>ver-</strong></span> 
     </span>
    </p>
   </div>
   <div class='ocr_carea' id='block_1_38' title="bbox 511 2185 2091 2258">
    <p class='ocr_par' dir='ltr' id='par_1_38' title="bbox 511 2185 2091 2258">
     <span class='ocr_line' id='line_1_38' title="bbox 511 2185 2091 2258; baseline -0.002 -16"><span class='ocrx_word' id='word_1_285' title='bbox 511 2190 600 2245; x_wconf 82' lang='lat' dir='ltr'><strong>bis</strong></span> <span class='ocrx_word' id='word_1_286' title='bbox 625 2196 679 2242; x_wconf 82' lang='lat' dir='ltr'><strong>et</strong></span> <span class='ocrx_word' id='word_1_287' title='bbox 707 2187 969 2258; x_wconf 90' lang='lat' dir='ltr'><strong>operibus</strong></span> <span class='ocrx_word' id='word_1_288' title='bbox 997 2186 1062 2240; x_wconf 90' lang='lat' dir='ltr'><strong>ad</strong></span> <span class='ocrx_word' id='word_1_289' title='bbox 1095 2187 1446 2256; x_wconf 89' lang='lat' dir='ltr'><strong>disciplinam</strong></span> <span class='ocrx_word' id='word_1_290' title='bbox 1480 2185 1690 2256; x_wconf 77' lang='lat'><strong>1552</strong></span> <span class='ocrx_word' id='word_1_291' title='bbox 1716 2186 1999 2240; x_wconf 91' lang='lat' dir='ltr'><strong>hominum</strong></span> <span class='ocrx_word' id='word_1_292' title='bbox 2036 2194 2091 2240; x_wconf 91' lang='lat' dir='ltr'><strong>et</strong></span> 
     </span>
    </p>
   </div>
   <div class='ocr_carea' id='block_1_39' title="bbox 509 2275 2087 2333">
    <p class='ocr_par' dir='ltr' id='par_1_39' title="bbox 509 2275 2087 2333">
     <span class='ocr_line' id='line_1_39' title="bbox 509 2275 2087 2333; baseline -0.001 -1"><span class='ocrx_word' id='word_1_293' title='bbox 509 2281 827 2333; x_wconf 87' lang='lat' dir='ltr'><strong>doctrinam</strong></span> <span class='ocrx_word' id='word_1_294' title='bbox 866 2295 1026 2332; x_wconf 91' lang='lat' dir='ltr'><strong>usum</strong></span> <span class='ocrx_word' id='word_1_295' title='bbox 1063 2293 1209 2333; x_wconf 89' lang='lat' dir='ltr'><strong>esse.</strong></span> <span class='ocrx_word' id='word_1_296' title='bbox 1251 2278 1370 2331; x_wconf 82' lang='lat' dir='ltr'><strong>Alia</strong></span> <span class='ocrx_word' id='word_1_297' title='bbox 1410 2292 1542 2331; x_wconf 90' lang='lat' dir='ltr'><strong>vero</strong></span> <span class='ocrx_word' id='word_1_298' title='bbox 1585 2277 1788 2330; x_wconf 88' lang='lat' dir='ltr'><strong>habent</strong></span> <span class='ocrx_word' id='word_1_299' title='bbox 1828 2278 1949 2331; x_wconf 80' lang='lat' dir='ltr'><strong>sine</strong></span> <span class='ocrx_word' id='word_1_300' title='bbox 1982 2275 2087 2330; x_wconf 79' lang='grc' dir='ltr'><strong>νῦι</strong></span> 
     </span>
    </p>
   </div>
   <div class='ocr_carea' id='block_1_40' title="bbox 511 2367 2089 2440">
    <p class='ocr_par' dir='ltr' id='par_1_40' title="bbox 511 2367 2089 2440">
     <span class='ocr_line' id='line_1_40' title="bbox 511 2367 2089 2440; baseline 0 -18"><span class='ocrx_word' id='word_1_301' title='bbox 511 2379 569 2422; x_wconf 72' lang='grc' dir='ltr'><strong>ιιι</strong></span> <span class='ocrx_word' id='word_1_302' title='bbox 609 2371 924 2440; x_wconf 87' lang='lat' dir='ltr'><strong>signiﬁcat,</strong></span> <span class='ocrx_word' id='word_1_303' title='bbox 957 2369 1130 2424; x_wconf 91' lang='lat' dir='ltr'><strong>multa</strong></span> <span class='ocrx_word' id='word_1_304' title='bbox 1189 2383 1316 2422; x_wconf 91' lang='lat' dir='ltr'><strong>cum</strong></span> <span class='ocrx_word' id='word_1_305' title='bbox 1375 2367 1675 2433; x_wconf 82' lang='lat' dir='ltr'><strong>facilitate,</strong></span> <span class='ocrx_word' id='word_1_306' title='bbox 1724 2376 1986 2438; x_wconf 87' lang='lat' dir='ltr'><strong>tanquam</strong></span> <span class='ocrx_word' id='word_1_307' title='bbox 2034 2369 2089 2422; x_wconf 93' lang='lat' dir='ltr'><strong>in</strong></span> 
     </span>
    </p>
   </div>
   <div class='ocr_carea' id='block_1_41' title="bbox 511 2459 2090 2532">
    <p class='ocr_par' dir='ltr' id='par_1_41' title="bbox 511 2459 2090 2532">
     <span class='ocr_line' id='line_1_41' title="bbox 511 2459 2090 2532; baseline -0.003 -16"><span class='ocrx_word' id='word_1_308' title='bbox 511 2477 708 2532; x_wconf 87' lang='lat' dir='ltr'><strong>campo</strong></span> <span class='ocrx_word' id='word_1_309' title='bbox 743 2463 908 2532; x_wconf 87' lang='lat' dir='ltr'><strong>plano</strong></span> <span class='ocrx_word' id='word_1_310' title='bbox 941 2471 998 2516; x_wconf 92' lang='lat' dir='ltr'><strong>et</strong></span> <span class='ocrx_word' id='word_1_311' title='bbox 1035 2460 1335 2515; x_wconf 84' lang='lat' dir='ltr'><strong>incitandis</strong></span> <span class='ocrx_word' id='word_1_312' title='bbox 1366 2461 1527 2530; x_wconf 89' lang='lat' dir='ltr'><strong>equis</strong></span> <span class='ocrx_word' id='word_1_313' title='bbox 1563 2469 1729 2532; x_wconf 88' lang='lat' dir='ltr'><strong>apto,</strong></span> <span class='ocrx_word' id='word_1_314' title='bbox 1761 2475 1852 2515; x_wconf 87' lang='lat' dir='ltr'><strong>res</strong></span> <span class='ocrx_word' id='word_1_315' title='bbox 1884 2459 2090 2515; x_wconf 61' lang='lat' dir='ltr'><strong>decur-</strong></span> 
     </span>
    </p>
   </div>
   <div class='ocr_carea' id='block_1_42' title="bbox 513 2553 1582 2625">
    <p class='ocr_par' dir='ltr' id='par_1_42' title="bbox 513 2553 1582 2625">
     <span class='ocr_line' id='line_1_42' title="bbox 513 2553 1582 2625; baseline -0.004 -16"><span class='ocrx_word' id='word_1_316' title='bbox 513 2571 634 2609; x_wconf 89' lang='lat' dir='ltr'><strong>rere</strong></span> <span class='ocrx_word' id='word_1_317' title='bbox 672 2554 978 2625; x_wconf 86' lang='lat' dir='ltr'><strong>prephetiis</strong></span> <span class='ocrx_word' id='word_1_318' title='bbox 1010 2553 1398 2622; x_wconf 86' lang='lat' dir='ltr'><strong>obsequentes.</strong></span> <span class='ocrx_word' id='word_1_319' title='bbox 1579 2616 1582 2619; x_wconf 96' lang='lat'><em>_</em></span> 
     </span>
    </p>
   </div>
   <div class='ocr_carea' id='block_1_43' title="bbox 589 2643 2094 2712">
    <p class='ocr_par' dir='ltr' id='par_1_43' title="bbox 589 2643 2094 2712">
     <span class='ocr_line' id='line_1_43' title="bbox 589 2643 2094 2712; baseline -0.001 -14"><span class='ocrx_word' id='word_1_320' title='bbox 589 2645 758 2700; x_wconf 73' lang='lat' dir='ltr'><strong>Vens.</strong></span> <span class='ocrx_word' id='word_1_321' title='bbox 793 2646 848 2700; x_wconf 89' lang='lat'>6.</span> <span class='ocrx_word' id='word_1_322' title='bbox 879 2663 898 2696; x_wconf 77' lang='grc' dir='ltr'><strong>ι</strong></span> <span class='ocrx_word' id='word_1_323' title='bbox 921 2645 1084 2698; x_wconf 88' lang='lat' dir='ltr'><strong>Stetit</strong></span> <span class='ocrx_word' id='word_1_324' title='bbox 1105 2652 1158 2698; x_wconf 86' lang='lat' dir='ltr'><strong>et</strong></span> <span class='ocrx_word' id='word_1_325' title='bbox 1183 2651 1454 2698; x_wconf 90' lang='lat' dir='ltr'><strong>commota</strong></span> <span class='ocrx_word' id='word_1_326' title='bbox 1477 2651 1562 2698; x_wconf 90' lang='lat' dir='ltr'><strong>est</strong></span> <span class='ocrx_word' id='word_1_327' title='bbox 1588 2651 1734 2698; x_wconf 92' lang='lat' dir='ltr'><strong>terra</strong></span> <span class='ocrx_word' id='word_1_328' title='bbox 1756 2680 1772 2706; x_wconf 94' lang='lat'><strong>,</strong></span> <span class='ocrx_word' id='word_1_329' title='bbox 1801 2643 2014 2712; x_wconf 78' lang='lat' dir='ltr'><strong>aspexit</strong></span> <span class='ocrx_word' id='word_1_330' title='bbox 2040 2652 2094 2697; x_wconf 90' lang='lat' dir='ltr'><strong>et</strong></span> 
     </span>
    </p>
   </div>
   <div class='ocr_carea' id='block_1_44' title="bbox 513 2733 2096 2804">
    <p class='ocr_par' dir='ltr' id='par_1_44' title="bbox 513 2733 2096 2804">
     <span class='ocr_line' id='line_1_44' title="bbox 513 2733 2096 2804; baseline -0.003 -15"><span class='ocrx_word' id='word_1_331' title='bbox 513 2737 928 2790; x_wconf 87' lang='lat' dir='ltr'><strong>contabuerunt</strong></span> <span class='ocrx_word' id='word_1_332' title='bbox 959 2746 1190 2804; x_wconf 87' lang='lat' dir='ltr'><strong>gentes:</strong></span> <span class='ocrx_word' id='word_1_333' title='bbox 1222 2733 1445 2788; x_wconf 81' lang='lat' dir='ltr'><strong>contriti</strong></span> <span class='ocrx_word' id='word_1_334' title='bbox 1480 2740 1610 2788; x_wconf 90' lang='lat' dir='ltr'><strong>sunt</strong></span> <span class='ocrx_word' id='word_1_335' title='bbox 1638 2741 1855 2787; x_wconf 91' lang='lat' dir='ltr'><strong>montes</strong></span> <span class='ocrx_word' id='word_1_336' title='bbox 1888 2733 2096 2785; x_wconf 87' lang='lat' dir='ltr'><strong>violen-</strong></span> 
     </span>
    </p>
   </div>
   <div class='ocr_carea' id='block_1_45' title="bbox 517 2823 2095 2894">
    <p class='ocr_par' dir='ltr' id='par_1_45' title="bbox 517 2823 2095 2894">
     <span class='ocr_line' id='line_1_45' title="bbox 517 2823 2095 2894; baseline -0.003 -14"><span class='ocrx_word' id='word_1_337' title='bbox 517 2827 594 2880; x_wconf 90' lang='lat' dir='ltr'><strong>tia</strong></span> <span class='ocrx_word' id='word_1_338' title='bbox 619 2866 633 2888; x_wconf 90' lang='lat'><strong>,</strong></span> <span class='ocrx_word' id='word_1_339' title='bbox 661 2827 957 2880; x_wconf 87' lang='lat' dir='ltr'><strong>tabuerunt</strong></span> <span class='ocrx_word' id='word_1_340' title='bbox 985 2827 1158 2880; x_wconf 90' lang='lat' dir='ltr'><strong>colles</strong></span> <span class='ocrx_word' id='word_1_341' title='bbox 1188 2825 1379 2880; x_wconf 61' lang='lat' dir='ltr'><strong>saeculi</strong></span> <span class='ocrx_word' id='word_1_342' title='bbox 1415 2823 1708 2878; x_wconf 87' lang='lat' dir='ltr'><strong>itineribus</strong></span> <span class='ocrx_word' id='word_1_343' title='bbox 1739 2824 2095 2894; x_wconf 85' lang='lat' dir='ltr'><strong>sempiternis</strong></span> 
     </span>
    </p>
   </div>
   <div class='ocr_carea' id='block_1_46' title="bbox 517 2915 2096 2987">
    <p class='ocr_par' dir='ltr' id='par_1_46' title="bbox 517 2915 2096 2987">
     <span class='ocr_line' id='line_1_46' title="bbox 517 2915 2096 2987; baseline -0.003 -15"><span class='ocrx_word' id='word_1_344' title='bbox 517 2921 664 2987; x_wconf 86' lang='lat' dir='ltr'><strong>ejus.</strong></span> <span class='ocrx_word' id='word_1_345' title='bbox 695 2939 714 2970; x_wconf 71' lang='grc' dir='ltr'><strong>ι</strong></span> <span class='ocrx_word' id='word_1_346' title='bbox 737 2917 838 2972; x_wconf 85' lang='lat' dir='ltr'><strong>Per</strong></span> <span class='ocrx_word' id='word_1_347' title='bbox 863 2920 977 2972; x_wconf 72' lang='lat' dir='ltr'><strong>hrec</strong></span> <span class='ocrx_word' id='word_1_348' title='bbox 1000 2918 1183 2972; x_wconf 91' lang='lat' dir='ltr'><strong>omnia</strong></span> <span class='ocrx_word' id='word_1_349' title='bbox 1213 2925 1394 2971; x_wconf 87' lang='lat' dir='ltr'><strong>autem</strong></span> <span class='ocrx_word' id='word_1_350' title='bbox 1419 2915 1512 2972; x_wconf 87' lang='lat' dir='ltr'><strong>Dei</strong></span> <span class='ocrx_word' id='word_1_351' title='bbox 1536 2915 1974 2984; x_wconf 82' lang='lat' dir='ltr'><strong>inexplicabilem</strong></span> <span class='ocrx_word' id='word_1_352' title='bbox 1997 2929 2096 2983; x_wconf 92' lang='lat' dir='ltr'><strong>po-</strong></span> 
     </span>
    </p>
   </div>
   <div class='ocr_carea' id='block_1_47' title="bbox 507 3007 2095 3076">
    <p class='ocr_par' dir='ltr' id='par_1_47' title="bbox 507 3007 2095 3076">
     <span class='ocr_line' id='line_1_47' title="bbox 507 3007 2095 3076; baseline -0.003 -11"><span class='ocrx_word' id='word_1_353' title='bbox 507 3010 745 3065; x_wconf 77' lang='lat' dir='ltr'><strong>‘tentiam</strong></span> <span class='ocrx_word' id='word_1_354' title='bbox 771 3025 873 3065; x_wconf 88' lang='lat' dir='ltr'><strong>nos</strong></span> <span class='ocrx_word' id='word_1_355' title='bbox 899 3010 1106 3064; x_wconf 89' lang='lat' dir='ltr'><strong>docuit.</strong></span> <span class='ocrx_word' id='word_1_356' title='bbox 1128 3007 1408 3063; x_wconf 85' lang='lat' dir='ltr'><strong>Voluntati</strong></span> <span class='ocrx_word' id='word_1_357' title='bbox 1431 3009 1575 3063; x_wconf 89' lang='lat' dir='ltr'><strong>enim</strong></span> <span class='ocrx_word' id='word_1_358' title='bbox 1599 3008 1720 3076; x_wconf 89' lang='lat' dir='ltr'><strong>ejus</strong></span> <span class='ocrx_word' id='word_1_359' title='bbox 1746 3021 1885 3076; x_wconf 86' lang='lat' dir='ltr'><strong>epus</strong></span> <span class='ocrx_word' id='word_1_360' title='bbox 1910 3007 2095 3060; x_wconf 84' lang='lat' dir='ltr'><strong>statim</strong></span> 
     </span>
    </p>
   </div>
   <div class='ocr_carea' id='block_1_48' title="bbox 513 3097 2097 3171">
    <p class='ocr_par' dir='ltr' id='par_1_48' title="bbox 513 3097 2097 3171">
     <span class='ocr_line' id='line_1_48' title="bbox 513 3097 2097 3171; baseline -0.005 -15"><span class='ocrx_word' id='word_1_361' title='bbox 513 3102 864 3171; x_wconf 88' lang='lat' dir='ltr'><strong>obsequitur,</strong></span> <span class='ocrx_word' id='word_1_362' title='bbox 906 3109 961 3153; x_wconf 89' lang='lat' dir='ltr'><strong>et</strong></span> <span class='ocrx_word' id='word_1_363' title='bbox 1007 3100 1052 3154; x_wconf 91' lang='lat' dir='ltr'><strong>si</strong></span> <span class='ocrx_word' id='word_1_364' title='bbox 1105 3099 1239 3154; x_wconf 88' lang='lat' dir='ltr'><strong>velit</strong></span> <span class='ocrx_word' id='word_1_365' title='bbox 1301 3098 1574 3153; x_wconf 85' lang='lat' dir='ltr'><strong>duntaxat</strong></span> <span class='ocrx_word' id='word_1_366' title='bbox 1634 3097 1779 3168; x_wconf 91' lang='lat' dir='ltr'><strong>(hoc</strong></span> <span class='ocrx_word' id='word_1_367' title='bbox 1825 3097 1971 3151; x_wconf 89' lang='lat' dir='ltr'><strong>enim</strong></span> <span class='ocrx_word' id='word_1_368' title='bbox 2012 3103 2097 3150; x_wconf 86' lang='lat' dir='ltr'><strong>est</strong></span> 
     </span>
    </p>
   </div>
   <div class='ocr_carea' id='block_1_49' title="bbox 518 3191 2093 3263">
    <p class='ocr_par' dir='ltr' id='par_1_49' title="bbox 518 3191 2093 3263">
     <span class='ocr_line' id='line_1_49' title="bbox 518 3191 2093 3263; baseline -0.003 -20"><span class='ocrx_word' id='word_1_369' title='bbox 518 3194 666 3263; x_wconf 81' lang='lat' dir='ltr'><strong>quod</strong></span> <span class='ocrx_word' id='word_1_370' title='bbox 695 3193 829 3248; x_wconf 86' lang='lat' dir='ltr'><strong>dicit</strong></span> <span class='ocrx_word' id='word_1_371' title='bbox 861 3211 874 3247; x_wconf 87' lang='lat'><strong>:</strong></span> <span class='ocrx_word' id='word_1_372' title='bbox 910 3191 1068 3247; x_wconf 81' lang='lat' dir='ltr'><strong>Stetit</strong></span> <span class='ocrx_word' id='word_1_373' title='bbox 1103 3199 1158 3248; x_wconf 90' lang='lat' dir='ltr'><strong>et</strong></span> <span class='ocrx_word' id='word_1_374' title='bbox 1187 3191 1391 3259; x_wconf 77' lang='lat' dir='ltr'><strong>aspexit</strong></span> <span class='ocrx_word' id='word_1_375' title='bbox 1425 3199 1469 3256; x_wconf 88' lang='lat'><strong>),</strong></span> <span class='ocrx_word' id='word_1_376' title='bbox 1521 3197 1828 3243; x_wconf 86' lang='lat' dir='ltr'><strong>commovet</strong></span> <span class='ocrx_word' id='word_1_377' title='bbox 1863 3197 2093 3251; x_wconf 90' lang='lat' dir='ltr'><strong>terram,</strong></span> 
     </span>
    </p>
   </div>
   <div class='ocr_carea' id='block_1_50' title="bbox 519 3281 2098 3350">
    <p class='ocr_par' dir='ltr' id='par_1_50' title="bbox 519 3281 2098 3350">
     <span class='ocr_line' id='line_1_50' title="bbox 519 3281 2098 3350; baseline -0.006 -10"><span class='ocrx_word' id='word_1_378' title='bbox 519 3288 801 3340; x_wconf 89' lang='lat' dir='ltr'><strong>hominum</strong></span> <span class='ocrx_word' id='word_1_379' title='bbox 853 3296 1107 3340; x_wconf 87' lang='lat' dir='ltr'><strong>naturam</strong></span> <span class='ocrx_word' id='word_1_380' title='bbox 1161 3282 1450 3347; x_wconf 89' lang='lat' dir='ltr'><strong>dissolvit,</strong></span> <span class='ocrx_word' id='word_1_381' title='bbox 1505 3289 1722 3337; x_wconf 88' lang='lat' dir='ltr'><strong>montes</strong></span> <span class='ocrx_word' id='word_1_382' title='bbox 1767 3281 2006 3350; x_wconf 90' lang='lat' dir='ltr'><strong>rumpit,</strong></span> <span class='ocrx_word' id='word_1_383' title='bbox 2041 3287 2098 3332; x_wconf 90' lang='lat' dir='ltr'><strong>et</strong></span> 
     </span>
    </p>
   </div>
   <div class='ocr_carea' id='block_1_51' title="bbox 517 3371 2098 3448">
    <p class='ocr_par' dir='ltr' id='par_1_51' title="bbox 517 3371 2098 3448">
     <span class='ocr_line' id='line_1_51' title="bbox 517 3371 2098 3448; baseline -0.006 -17"><span class='ocrx_word' id='word_1_384' title='bbox 517 3379 690 3432; x_wconf 84' lang='lat' dir='ltr'><strong>colles</strong></span> <span class='ocrx_word' id='word_1_385' title='bbox 720 3385 779 3430; x_wconf 92' lang='lat' dir='ltr'><strong>ut</strong></span> <span class='ocrx_word' id='word_1_386' title='bbox 812 3392 997 3431; x_wconf 92' lang='lat' dir='ltr'><strong>ceram</strong></span> <span class='ocrx_word' id='word_1_387' title='bbox 1033 3374 1341 3448; x_wconf 91' lang='lat' dir='ltr'><strong>liquefaeit.</strong></span> <span class='ocrx_word' id='word_1_388' title='bbox 1378 3371 1502 3426; x_wconf 70' lang='lat' dir='ltr'><strong>llaec</strong></span> <span class='ocrx_word' id='word_1_389' title='bbox 1530 3373 1675 3426; x_wconf 91' lang='lat' dir='ltr'><strong>enim</strong></span> <span class='ocrx_word' id='word_1_390' title='bbox 1699 3413 1713 3436; x_wconf 94' lang='lat'><strong>,</strong></span> <span class='ocrx_word' id='word_1_391' title='bbox 1741 3381 1794 3426; x_wconf 91' lang='lat' dir='ltr'><strong>et</strong></span> <span class='ocrx_word' id='word_1_392' title='bbox 1819 3385 1940 3440; x_wconf 60' lang='lat' dir='ltr'><strong>quae</strong></span> <span class='ocrx_word' id='word_1_393' title='bbox 1967 3376 2098 3424; x_wconf 90' lang='lat' dir='ltr'><strong>sunt</strong></span> 
     </span>
    </p>
   </div>
   <div class='ocr_carea' id='block_1_52' title="bbox 520 3462 2098 3540">
    <p class='ocr_par' dir='ltr' id='par_1_52' title="bbox 520 3462 2098 3540">
     <span class='ocr_line' id='line_1_52' title="bbox 520 3462 2098 3540; baseline -0.005 -16"><span class='ocrx_word' id='word_1_394' title='bbox 520 3469 883 3540; x_wconf 83' lang='lat' dir='ltr'><strong>hujusmodi,</strong></span> <span class='ocrx_word' id='word_1_395' title='bbox 945 3468 1011 3522; x_wconf 92' lang='lat' dir='ltr'><strong>ad</strong></span> <span class='ocrx_word' id='word_1_396' title='bbox 1066 3466 1516 3522; x_wconf 88' lang='lat' dir='ltr'><strong>commoditatem</strong></span> <span class='ocrx_word' id='word_1_397' title='bbox 1570 3463 1856 3518; x_wconf 90' lang='lat' dir='ltr'><strong>hominum</strong></span> <span class='ocrx_word' id='word_1_398' title='bbox 1917 3462 2098 3516; x_wconf 87' lang='lat' dir='ltr'><strong>facere</strong></span> 
     </span>
    </p>
   </div>
   <div class='ocr_carea' id='block_1_53' title="bbox 519 3553 2097 3626">
    <p class='ocr_par' dir='ltr' id='par_1_53' title="bbox 519 3553 2097 3626">
     <span class='ocr_line' id='line_1_53' title="bbox 519 3553 2097 3626; baseline -0.005 -12"><span class='ocrx_word' id='word_1_399' title='bbox 519 3577 628 3614; x_wconf 90' lang='lat' dir='ltr'><strong>non</strong></span> <span class='ocrx_word' id='word_1_400' title='bbox 661 3568 862 3616; x_wconf 83' lang='lat' dir='ltr'><strong>cessat.</strong></span> <span class='ocrx_word' id='word_1_401' title='bbox 901 3557 1106 3612; x_wconf 82' lang='lat' dir='ltr'><strong>Itinera</strong></span> <span class='ocrx_word' id='word_1_402' title='bbox 1147 3560 1294 3614; x_wconf 91' lang='lat' dir='ltr'><strong>enim</strong></span> <span class='ocrx_word' id='word_1_403' title='bbox 1345 3571 1511 3626; x_wconf 89' lang='lat' dir='ltr'><strong>opera</strong></span> <span class='ocrx_word' id='word_1_404' title='bbox 1565 3562 1752 3610; x_wconf 88' lang='lat' dir='ltr'><strong>vocat.</strong></span> <span class='ocrx_word' id='word_1_405' title='bbox 1808 3553 2097 3624; x_wconf 87' lang='lat' dir='ltr'><strong>Signiﬁcat</strong></span> 
     </span>
    </p>
   </div>
   <div class='ocr_carea' id='block_1_54' title="bbox 520 3646 2097 3717">
    <p class='ocr_par' dir='ltr' id='par_1_54' title="bbox 520 3646 2097 3717">
     <span class='ocr_line' id='line_1_54' title="bbox 520 3646 2097 3717; baseline -0.003 -15"><span class='ocrx_word' id='word_1_406' title='bbox 520 3658 702 3703; x_wconf 89' lang='lat' dir='ltr'><strong>autem</strong></span> <span class='ocrx_word' id='word_1_407' title='bbox 738 3663 836 3717; x_wconf 87' lang='lat' dir='ltr'><strong>per</strong></span> <span class='ocrx_word' id='word_1_408' title='bbox 878 3663 942 3702; x_wconf 88' lang='lat' dir='ltr'><strong>ea</strong></span> <span class='ocrx_word' id='word_1_409' title='bbox 990 3663 1115 3717; x_wconf 65' lang='lat' dir='ltr'><strong>qua:</strong></span> <span class='ocrx_word' id='word_1_410' title='bbox 1162 3647 1308 3702; x_wconf 87' lang='lat' dir='ltr'><strong>dieta</strong></span> <span class='ocrx_word' id='word_1_411' title='bbox 1361 3654 1527 3712; x_wconf 90' lang='lat' dir='ltr'><strong>sunt,</strong></span> <span class='ocrx_word' id='word_1_412' title='bbox 1575 3661 1794 3701; x_wconf 86' lang='lat' dir='ltr'><strong>crucem</strong></span> <span class='ocrx_word' id='word_1_413' title='bbox 1841 3646 2097 3699; x_wconf 90' lang='lat' dir='ltr'><strong>omnibus</strong></span> 
     </span>
    </p>
   </div>
   <div class='ocr_carea' id='block_1_55' title="bbox 523 3735 2097 3807">
    <p class='ocr_par' dir='ltr' id='par_1_55' title="bbox 523 3735 2097 3807">
     <span class='ocr_line' id='line_1_55' title="bbox 523 3735 2097 3807; baseline -0.003 -13"><span class='ocrx_word' id='word_1_414' title='bbox 523 3741 848 3794; x_wconf 87' lang='lat' dir='ltr'><strong>hominibus</strong></span> <span class='ocrx_word' id='word_1_415' title='bbox 874 3740 1172 3793; x_wconf 85' lang='lat' dir='ltr'><strong>salutarem</strong></span> <span class='ocrx_word' id='word_1_416' title='bbox 1197 3778 1212 3803; x_wconf 90' lang='lat'><strong>,</strong></span> <span class='ocrx_word' id='word_1_417' title='bbox 1257 3738 1310 3792; x_wconf 91' lang='lat' dir='ltr'><strong>in</strong></span> <span class='ocrx_word' id='word_1_418' title='bbox 1338 3753 1446 3807; x_wconf 91' lang='lat' dir='ltr'><strong>qua</strong></span> <span class='ocrx_word' id='word_1_419' title='bbox 1501 3738 1655 3793; x_wconf 88' lang='lat' dir='ltr'><strong>stetit</strong></span> <span class='ocrx_word' id='word_1_420' title='bbox 1687 3737 1940 3792; x_wconf 87' lang='lat' dir='ltr'><strong>Christus</strong></span> <span class='ocrx_word' id='word_1_421' title='bbox 1989 3735 2097 3790; x_wconf 79' lang='lat' dir='ltr'><strong>Do-</strong></span> 
     </span>
    </p>
   </div>
   <div class='ocr_carea' id='block_1_56' title="bbox 523 3831 2095 3895">
    <p class='ocr_par' dir='ltr' id='par_1_56' title="bbox 523 3831 2095 3895">
     <span class='ocr_line' id='line_1_56' title="bbox 523 3831 2095 3895; baseline -0.003 -10"><span class='ocrx_word' id='word_1_422' title='bbox 523 3833 740 3895; x_wconf 91' lang='lat' dir='ltr'><strong>minus,</strong></span> <span class='ocrx_word' id='word_1_423' title='bbox 791 3842 845 3885; x_wconf 93' lang='lat' dir='ltr'><strong>et</strong></span> <span class='ocrx_word' id='word_1_424' title='bbox 895 3831 1192 3884; x_wconf 86' lang='lat' dir='ltr'><strong>commovit</strong></span> <span class='ocrx_word' id='word_1_425' title='bbox 1245 3837 1484 3892; x_wconf 90' lang='lat' dir='ltr'><strong>terram,</strong></span> <span class='ocrx_word' id='word_1_426' title='bbox 1537 3837 1592 3882; x_wconf 92' lang='lat' dir='ltr'><strong>et</strong></span> <span class='ocrx_word' id='word_1_427' title='bbox 1631 3839 1842 3884; x_wconf 90' lang='lat' dir='ltr'><strong>montes</strong></span> <span class='ocrx_word' id='word_1_428' title='bbox 1885 3842 2095 3882; x_wconf 91' lang='lat' dir='ltr'><strong>concu-</strong></span> 
     </span>
    </p>
   </div>
   <div class='ocr_carea' id='block_1_57' title="bbox 523 3919 2106 3992">
    <p class='ocr_par' dir='ltr' id='par_1_57' title="bbox 523 3919 2106 3992">
     <span class='ocr_line' id='line_1_57' title="bbox 523 3919 2106 3992; baseline -0.002 -17"><span class='ocrx_word' id='word_1_429' title='bbox 523 3923 672 3978; x_wconf 89' lang='lat' dir='ltr'><strong>tiens</strong></span> <span class='ocrx_word' id='word_1_430' title='bbox 705 3921 968 3992; x_wconf 89' lang='lat' dir='ltr'><strong>disrupit,</strong></span> <span class='ocrx_word' id='word_1_431' title='bbox 989 3928 1044 3975; x_wconf 90' lang='lat' dir='ltr'><strong>et</strong></span> <span class='ocrx_word' id='word_1_432' title='bbox 1078 3919 1457 3992; x_wconf 86' lang='lat' dir='ltr'><strong>perterrefecit</strong></span> <span class='ocrx_word' id='word_1_433' title='bbox 1486 3920 1792 3974; x_wconf 61' lang='lat' dir='ltr'><strong>datmonum</strong></span> <span class='ocrx_word' id='word_1_434' title='bbox 1839 3927 2054 3990; x_wconf 86' lang='lat' dir='ltr'><strong>gentem</strong></span> <span class='ocrx_word' id='word_1_435' title='bbox 2073 3957 2106 3988; x_wconf 63' lang='lat'><strong>,_</strong></span> 
     </span>
    </p>
   </div>
   <div class='ocr_carea' id='block_1_58' title="bbox 521 4009 2096 4080">
    <p class='ocr_par' dir='ltr' id='par_1_58' title="bbox 521 4009 2096 4080">
     <span class='ocr_line' id='line_1_58' title="bbox 521 4009 2096 4080; baseline -0.001 -16"><span class='ocrx_word' id='word_1_436' title='bbox 521 4021 578 4065; x_wconf 90' lang='lat' dir='ltr'><strong>et</strong></span> <span class='ocrx_word' id='word_1_437' title='bbox 610 4013 784 4078; x_wconf 88' lang='lat' dir='ltr'><strong>posita</strong></span> <span class='ocrx_word' id='word_1_438' title='bbox 817 4012 872 4066; x_wconf 90' lang='lat' dir='ltr'><strong>in</strong></span> <span class='ocrx_word' id='word_1_439' title='bbox 904 4013 1184 4066; x_wconf 85' lang='lat' dir='ltr'><strong>montibus</strong></span> <span class='ocrx_word' id='word_1_440' title='bbox 1219 4018 1273 4066; x_wconf 90' lang='lat' dir='ltr'><strong>et</strong></span> <span class='ocrx_word' id='word_1_441' title='bbox 1305 4010 1541 4064; x_wconf 91' lang='lat' dir='ltr'><strong>collibus</strong></span> <span class='ocrx_word' id='word_1_442' title='bbox 1572 4010 1772 4080; x_wconf 90' lang='lat' dir='ltr'><strong>templa</strong></span> <span class='ocrx_word' id='word_1_443' title='bbox 1799 4009 2096 4063; x_wconf 89' lang='lat' dir='ltr'><strong>destruxit.</strong></span> 
     </span>
    </p>
   </div>
   <div class='ocr_carea' id='block_1_59' title="bbox 525 4099 2096 4170">
    <p class='ocr_par' dir='ltr' id='par_1_59' title="bbox 525 4099 2096 4170">
     <span class='ocr_line' id='line_1_59' title="bbox 525 4099 2096 4170; baseline -0.003 -16"><span class='ocrx_word' id='word_1_444' title='bbox 525 4100 652 4154; x_wconf 71' lang='lat' dir='ltr'><strong>llase</strong></span> <span class='ocrx_word' id='word_1_445' title='bbox 696 4116 725 4154; x_wconf 90' lang='lat' dir='ltr'><strong>a</strong></span> <span class='ocrx_word' id='word_1_446' title='bbox 779 4099 1085 4170; x_wconf 86' lang='lat' dir='ltr'><strong>principio,</strong></span> <span class='ocrx_word' id='word_1_447' title='bbox 1134 4108 1190 4155; x_wconf 89' lang='lat' dir='ltr'><strong>et</strong></span> <span class='ocrx_word' id='word_1_448' title='bbox 1238 4107 1364 4154; x_wconf 91' lang='lat' dir='ltr'><strong>ante</strong></span> <span class='ocrx_word' id='word_1_449' title='bbox 1410 4099 1600 4153; x_wconf 91' lang='lat' dir='ltr'><strong>mundi</strong></span> <span class='ocrx_word' id='word_1_450' title='bbox 1650 4099 2096 4154; x_wconf 86' lang='lat' dir='ltr'><strong>constitutionem</strong></span> 
     </span>
    </p>
   </div>
   <div class='ocr_carea' id='block_1_60' title="bbox 524 4191 2100 4258">
    <p class='ocr_par' dir='ltr' id='par_1_60' title="bbox 524 4191 2100 4258">
     <span class='ocr_line' id='line_1_60' title="bbox 524 4191 2100 4258; baseline -0.001 -12"><span class='ocrx_word' id='word_1_451' title='bbox 524 4208 656 4246; x_wconf 90' lang='lat' dir='ltr'><strong>cum</strong></span> <span class='ocrx_word' id='word_1_452' title='bbox 711 4193 1089 4258; x_wconf 84' lang='lat' dir='ltr'><strong>decrevisset,</strong></span> <span class='ocrx_word' id='word_1_453' title='bbox 1137 4191 1360 4246; x_wconf 89' lang='lat' dir='ltr'><strong>tandem</strong></span> <span class='ocrx_word' id='word_1_454' title='bbox 1415 4191 1470 4245; x_wconf 90' lang='lat' dir='ltr'><strong>in</strong></span> <span class='ocrx_word' id='word_1_455' title='bbox 1531 4191 1850 4247; x_wconf 91' lang='lat' dir='ltr'><strong>novissimis</strong></span> <span class='ocrx_word' id='word_1_456' title='bbox 1903 4191 2100 4245; x_wconf 89' lang='lat' dir='ltr'><strong>diebus</strong></span> 
     </span>
    </p>
   </div>
   <div class='ocr_carea' id='block_1_61' title="bbox 523 4283 840 4352">
    <p class='ocr_par' dir='ltr' id='par_1_61' title="bbox 523 4283 840 4352">
     <span class='ocr_line' id='line_1_61' title="bbox 523 4283 840 4352; baseline -0.003 -16"><span class='ocrx_word' id='word_1_457' title='bbox 523 4283 840 4352; x_wconf 87' lang='lat' dir='ltr'><strong>complevit.</strong></span> 
     </span>
    </p>
   </div>
   <div class='ocr_carea' id='block_1_62' title="bbox 598 4373 2101 4446">
    <p class='ocr_par' dir='ltr' id='par_1_62' title="bbox 598 4373 2101 4446">
     <span class='ocr_line' id='line_1_62' title="bbox 598 4373 2101 4446; baseline 0 -18"><span class='ocrx_word' id='word_1_458' title='bbox 598 4375 764 4430; x_wconf 78' lang='lat' dir='ltr'><strong>Vens.</strong></span> <span class='ocrx_word' id='word_1_459' title='bbox 804 4374 858 4428; x_wconf 86' lang='lat'><strong>7.</strong></span> <span class='ocrx_word' id='word_1_460' title='bbox 892 4391 910 4424; x_wconf 77' lang='grc' dir='ltr'><strong>ι</strong></span> <span class='ocrx_word' id='word_1_461' title='bbox 941 4373 1050 4429; x_wconf 84' lang='lat' dir='ltr'><strong>Pro</strong></span> <span class='ocrx_word' id='word_1_462' title='bbox 1088 4373 1380 4430; x_wconf 89' lang='lat' dir='ltr'><strong>laboribus</strong></span> <span class='ocrx_word' id='word_1_463' title='bbox 1420 4382 1600 4430; x_wconf 90' lang='lat' dir='ltr'><strong>autem</strong></span> <span class='ocrx_word' id='word_1_464' title='bbox 1641 4391 1782 4446; x_wconf 88' lang='lat' dir='ltr'><strong>quos</strong></span> <span class='ocrx_word' id='word_1_465' title='bbox 1823 4376 1932 4430; x_wconf 86' lang='lat' dir='ltr'><strong>vidi</strong></span> <span class='ocrx_word' id='word_1_466' title='bbox 1957 4416 1971 4440; x_wconf 94' lang='lat'><strong>,</strong></span> <span class='ocrx_word' id='word_1_467' title='bbox 2015 4381 2101 4428; x_wconf 77' lang='lat' dir='ltr'><strong>ta~</strong></span> 
     </span>
    </p>
   </div>
   <div class='ocr_carea' id='block_1_63' title="bbox 526 4464 2100 4538">
    <p class='ocr_par' dir='ltr' id='par_1_63' title="bbox 526 4464 2100 4538">
     <span class='ocr_line' id='line_1_63' title="bbox 526 4464 2100 4538; baseline 0.001 -19"><span class='ocrx_word' id='word_1_468' title='bbox 526 4465 822 4520; x_wconf 87' lang='lat' dir='ltr'><strong>bernacula</strong></span> <span class='ocrx_word' id='word_1_469' title='bbox 879 4464 1204 4537; x_wconf 60' lang='lat' dir='ltr'><strong>[Ethiopum</strong></span> <span class='ocrx_word' id='word_1_470' title='bbox 1259 4466 1580 4538; x_wconf 86' lang='lat' dir='ltr'><strong>pavebunt,</strong></span> <span class='ocrx_word' id='word_1_471' title='bbox 1634 4476 1688 4522; x_wconf 91' lang='lat' dir='ltr'><strong>et</strong></span> <span class='ocrx_word' id='word_1_472' title='bbox 1737 4468 2100 4523; x_wconf 88' lang='lat' dir='ltr'><strong>tabernacula</strong></span> 
     </span>
    </p>
   </div>
   <div class='ocr_carea' id='block_1_64' title="bbox 2190 1992 3778 2070">
    <p class='ocr_par' dir='ltr' id='par_1_64' title="bbox 2190 1992 3778 2070">
     <span class='ocr_line' id='line_1_64' title="bbox 2190 1992 3778 2070; baseline 0.006 -27"><span class='ocrx_word' id='word_1_473' title='bbox 2190 2008 2308 2058; x_wconf 85' lang='grc' dir='ltr'>γοις</span> <span class='ocrx_word' id='word_1_474' title='bbox 2341 1992 2726 2064; x_wconf 80' lang='grc' dir='ltr'>συμϐαίνοντα.</span> <span class='ocrx_word' id='word_1_475' title='bbox 2761 1995 2834 2047; x_wconf 81' lang='grc' dir='ltr'><strong>Τὸ</strong></span> <span class='ocrx_word' id='word_1_476' title='bbox 2854 1995 2928 2059; x_wconf 82' lang='grc' dir='ltr'>δὲ,</span> <span class='ocrx_word' id='word_1_477' title='bbox 2959 1998 3047 2062; x_wconf 83' lang='grc' dir='ltr'><strong>είς</strong></span> <span class='ocrx_word' id='word_1_478' title='bbox 3076 1997 3369 2064; x_wconf 75' lang='grc' dir='ltr'>παιδείαν,</span> <span class='ocrx_word' id='word_1_479' title='bbox 3402 1999 3520 2052; x_wconf 79' lang='grc' dir='ltr'>ἔνια</span> <span class='ocrx_word' id='word_1_480' title='bbox 3543 2001 3642 2070; x_wconf 79' lang='grc' dir='ltr'><strong>μὲν</strong></span> <span class='ocrx_word' id='word_1_481' title='bbox 3664 2002 3778 2054; x_wconf 84' lang='grc' dir='ltr'><strong>τῶν</strong></span> 
     </span>
    </p>
   </div>
   <div class='ocr_carea' id='block_1_65' title="bbox 2189 2084 3779 2158">
    <p class='ocr_par' dir='ltr' id='par_1_65' title="bbox 2189 2084 3779 2158">
     <span class='ocr_line' id='line_1_65' title="bbox 2189 2084 3779 2158; baseline 0.004 -21"><span class='ocrx_word' id='word_1_482' title='bbox 2189 2084 2539 2156; x_wconf 56' lang='grc' dir='ltr'>ἀντιγράφων</span> <span class='ocrx_word' id='word_1_483' title='bbox 2565 2086 2703 2156; x_wconf 87' lang='grc' dir='ltr'><strong>μετὰ</strong></span> <span class='ocrx_word' id='word_1_484' title='bbox 2722 2086 2816 2139; x_wconf 80' lang='grc' dir='ltr'>τοῦ</span> <span class='ocrx_word' id='word_1_485' title='bbox 2840 2087 2964 2140; x_wconf 77' lang='grc' dir='ltr'>νῦ¹¹</span> <span class='ocrx_word' id='word_1_486' title='bbox 2990 2087 3122 2157; x_wconf 77' lang='grc' dir='ltr'>ἔχει,</span> <span class='ocrx_word' id='word_1_487' title='bbox 3146 2089 3239 2141; x_wconf 79' lang='grc' dir='ltr'><strong>καὶ</strong></span> <span class='ocrx_word' id='word_1_488' title='bbox 3259 2089 3428 2158; x_wconf 84' lang='grc' dir='ltr'>δηλοῖ,</span> <span class='ocrx_word' id='word_1_489' title='bbox 3449 2090 3522 2154; x_wconf 83' lang='grc' dir='ltr'>ὡς</span> <span class='ocrx_word' id='word_1_490' title='bbox 3546 2093 3640 2144; x_wconf 78' lang='grc' dir='ltr'>καὶ</span> <span class='ocrx_word' id='word_1_491' title='bbox 3664 2097 3779 2155; x_wconf 83' lang='grc' dir='ltr'>τοίς</span> 
     </span>
    </p>
   </div>
   <div class='ocr_carea' id='block_1_66' title="bbox 2191 2174 3780 2247">
    <p class='ocr_par' dir='ltr' id='par_1_66' title="bbox 2191 2174 3780 2247">
     <span class='ocr_line' id='line_1_66' title="bbox 2191 2174 3780 2247; baseline 0.006 -22"><span class='ocrx_word' id='word_1_492' title='bbox 2191 2174 2395 2243; x_wconf 85' lang='grc' dir='ltr'>λόγοις,</span> <span class='ocrx_word' id='word_1_493' title='bbox 2429 2178 2526 2230; x_wconf 69' lang='grc' dir='ltr'>καὶ</span> <span class='ocrx_word' id='word_1_494' title='bbox 2555 2180 2669 2240; x_wconf 76' lang='grc' dir='ltr'>τοῖς</span> <span class='ocrx_word' id='word_1_495' title='bbox 2699 2177 2882 2247; x_wconf 82' lang='grc' dir='ltr'>ἔργοις</span> <span class='ocrx_word' id='word_1_496' title='bbox 2913 2179 2942 2230; x_wconf 84' lang='lat'><strong>6</strong></span> <span class='ocrx_word' id='word_1_497' title='bbox 2967 2179 3076 2232; x_wconf 82' lang='grc' dir='ltr'>τῶν</span> <span class='ocrx_word' id='word_1_498' title='bbox 3105 2179 3241 2232; x_wconf 81' lang='grc' dir='ltr'>ὅλων</span> <span class='ocrx_word' id='word_1_499' title='bbox 3267 2181 3400 2244; x_wconf 81' lang='grc' dir='ltr'>Θεὸς</span> <span class='ocrx_word' id='word_1_500' title='bbox 3432 2184 3510 2245; x_wconf 83' lang='grc' dir='ltr'>εἰς</span> <span class='ocrx_word' id='word_1_501' title='bbox 3530 2184 3780 2237; x_wconf 75' lang='grc' dir='ltr'>παιδείαν</span> 
     </span>
    </p>
   </div>
   <div class='ocr_carea' id='block_1_67' title="bbox 2191 2267 3779 2345">
    <p class='ocr_par' dir='ltr' id='par_1_67' title="bbox 2191 2267 3779 2345">
     <span class='ocr_line' id='line_1_67' title="bbox 2191 2267 3779 2345; baseline 0.006 -25"><span class='ocrx_word' id='word_1_502' title='bbox 2191 2267 2300 2320; x_wconf 78' lang='grc' dir='ltr'>τῶν</span> <span class='ocrx_word' id='word_1_503' title='bbox 2333 2267 2633 2339; x_wconf 82' lang='grc' dir='ltr'>ἀνθρώπων</span> <span class='ocrx_word' id='word_1_504' title='bbox 2681 2271 2776 2322; x_wconf 74' lang='grc' dir='ltr'><strong>καὶ</strong></span> <span class='ocrx_word' id='word_1_505' title='bbox 2815 2269 3164 2326; x_wconf 75' lang='grc' dir='ltr'>διδασκαλίαν</span> <span class='ocrx_word' id='word_1_506' title='bbox 3213 2273 3513 2345; x_wconf 79' lang='grc' dir='ltr'>κέχρηταιο</span> <span class='ocrx_word' id='word_1_507' title='bbox 3563 2276 3678 2329; x_wconf 78' lang='grc' dir='ltr'>ἔνια</span> <span class='ocrx_word' id='word_1_508' title='bbox 3721 2274 3779 2330; x_wconf 71' lang='grc' dir='ltr'>δὲ</span> 
     </span>
    </p>
   </div>
   <div class='ocr_carea' id='block_1_68' title="bbox 2194 2361 3778 2438">
    <p class='ocr_par' dir='ltr' id='par_1_68' title="bbox 2194 2361 3778 2438">
     <span class='ocr_line' id='line_1_68' title="bbox 2194 2361 3778 2438; baseline 0.004 -24"><span class='ocrx_word' id='word_1_509' title='bbox 2194 2362 2319 2414; x_wconf 84' lang='grc' dir='ltr'>ἄνευ</span> <span class='ocrx_word' id='word_1_510' title='bbox 2348 2361 2442 2414; x_wconf 78' lang='grc' dir='ltr'>τοῦ</span> <span class='ocrx_word' id='word_1_511' title='bbox 2475 2363 2573 2426; x_wconf 78' lang='grc' dir='ltr'><strong>νῦ,</strong></span> <span class='ocrx_word' id='word_1_512' title='bbox 2607 2363 2701 2415; x_wconf 73' lang='grc' dir='ltr'><strong>καὶ</strong></span> <span class='ocrx_word' id='word_1_513' title='bbox 2735 2365 2990 2432; x_wconf 83' lang='grc' dir='ltr'>σημαίνει</span> <span class='ocrx_word' id='word_1_514' title='bbox 3020 2365 3100 2418; x_wconf 85' lang='grc' dir='ltr'><strong>ὅτι</strong></span> <span class='ocrx_word' id='word_1_515' title='bbox 3141 2367 3281 2432; x_wconf 84' lang='grc' dir='ltr'>μετὰ</span> <span class='ocrx_word' id='word_1_516' title='bbox 3317 2366 3519 2436; x_wconf 81' lang='grc' dir='ltr'>πολλῆς</span> <span class='ocrx_word' id='word_1_517' title='bbox 3554 2368 3654 2438; x_wconf 79' lang='grc' dir='ltr'><strong>τῆς</strong></span> <span class='ocrx_word' id='word_1_518' title='bbox 3684 2370 3778 2421; x_wconf 68' lang='grc' dir='ltr'>εί.-</span> 
     </span>
    </p>
   </div>
   <div class='ocr_carea' id='block_1_69' title="bbox 2194 2455 3778 2532">
    <p class='ocr_par' dir='ltr' id='par_1_69' title="bbox 2194 2455 3778 2532">
     <span class='ocr_line' id='line_1_69' title="bbox 2194 2455 3778 2532; baseline 0.004 -24"><span class='ocrx_word' id='word_1_519' title='bbox 2194 2455 2402 2520; x_wconf 86' lang='grc' dir='ltr'>κολίας,</span> <span class='ocrx_word' id='word_1_520' title='bbox 2442 2456 2519 2519; x_wconf 86' lang='grc' dir='ltr'><strong>ώς</strong></span> <span class='ocrx_word' id='word_1_521' title='bbox 2550 2457 2607 2510; x_wconf 81' lang='grc' dir='ltr'>ἐν</span> <span class='ocrx_word' id='word_1_522' title='bbox 2639 2458 2928 2527; x_wconf 79' lang='grc' dir='ltr'>ἱππηλάτῳ</span> <span class='ocrx_word' id='word_1_523' title='bbox 2958 2457 3143 2528; x_wconf 84' lang='grc' dir='ltr'>πεδίῳ,</span> <span class='ocrx_word' id='word_1_524' title='bbox 3173 2458 3353 2529; x_wconf 79' lang='grc' dir='ltr'>τρέχει</span> <span class='ocrx_word' id='word_1_525' title='bbox 3384 2460 3451 2513; x_wconf 76' lang='grc' dir='ltr'>τὰ</span> <span class='ocrx_word' id='word_1_526' title='bbox 3477 2461 3778 2532; x_wconf 73' lang='grc' dir='ltr'>πράγματα</span> 
     </span>
    </p>
   </div>
   <div class='ocr_carea' id='block_1_70' title="bbox 2192 2547 3151 2618">
    <p class='ocr_par' dir='ltr' id='par_1_70' title="bbox 2192 2547 3151 2618">
     <span class='ocr_line' id='line_1_70' title="bbox 2192 2547 3151 2618; baseline 0.004 -21"><span class='ocrx_word' id='word_1_527' title='bbox 2192 2548 2314 2609; x_wconf 83' lang='grc' dir='ltr'>ταῖς</span> <span class='ocrx_word' id='word_1_528' title='bbox 2344 2547 2705 2618; x_wconf 81' lang='grc' dir='ltr'>προφητείαις</span> <span class='ocrx_word' id='word_1_529' title='bbox 2734 2547 3151 2603; x_wconf 75' lang='grc' dir='ltr'>ἀκολουθοῦντα.</span> 
     </span>
    </p>
   </div>
   <div class='ocr_carea' id='block_1_71' title="bbox 2269 2639 3773 2711">
    <p class='ocr_par' dir='ltr' id='par_1_71' title="bbox 2269 2639 3773 2711">
     <span class='ocr_line' id='line_1_71' title="bbox 2269 2639 3773 2711; baseline 0.001 -20"><span class='ocrx_word' id='word_1_530' title='bbox 2269 2644 2342 2701; x_wconf 83' lang='grc' dir='ltr'>ς’.</span> <span class='ocrx_word' id='word_1_531' title='bbox 2389 2656 2408 2688; x_wconf 75' lang='grc' dir='ltr'><strong>ι</strong></span> <span class='ocrx_word' id='word_1_532' title='bbox 2438 2639 2632 2708; x_wconf 87' lang='grc' dir='ltr'>Ἕστη.</span> <span class='ocrx_word' id='word_1_533' title='bbox 2669 2641 2763 2692; x_wconf 75' lang='grc' dir='ltr'>καὶ</span> <span class='ocrx_word' id='word_1_534' title='bbox 2810 2639 3074 2710; x_wconf 69' lang='grc' dir='ltr'>ἐσαλεύθη</span> <span class='ocrx_word' id='word_1_535' title='bbox 3102 2641 3136 2710; x_wconf 81' lang='grc' dir='ltr'><strong>ἡ</strong></span> <span class='ocrx_word' id='word_1_536' title='bbox 3166 2639 3240 2711; x_wconf 81' lang='grc' dir='ltr'>γῆ</span> <span class='ocrx_word' id='word_1_537' title='bbox 3268 2655 3282 2670; x_wconf 89' lang='grc'><strong>·</strong></span> <span class='ocrx_word' id='word_1_538' title='bbox 3331 2640 3594 2710; x_wconf 61' lang='grc' dir='ltr'>ὲπέϐλεψε</span> <span class='ocrx_word' id='word_1_539' title='bbox 3615 2679 3629 2704; x_wconf 90' lang='grc'><strong>,</strong></span> <span class='ocrx_word' id='word_1_540' title='bbox 3679 2645 3773 2694; x_wconf 82' lang='grc' dir='ltr'>καὶ</span> 
     </span>
    </p>
   </div>
   <div class='ocr_carea' id='block_1_72' title="bbox 2197 2728 3777 2803">
    <p class='ocr_par' dir='ltr' id='par_1_72' title="bbox 2197 2728 3777 2803">
     <span class='ocr_line' id='line_1_72' title="bbox 2197 2728 3777 2803; baseline 0.001 -21"><span class='ocrx_word' id='word_1_541' title='bbox 2197 2729 2370 2799; x_wconf 78' lang='grc' dir='ltr'>ἐτάκη</span> <span class='ocrx_word' id='word_1_542' title='bbox 2399 2729 2525 2800; x_wconf 77' lang='grc' dir='ltr'>ἔθνη</span> <span class='ocrx_word' id='word_1_543' title='bbox 2552 2746 2567 2760; x_wconf 90' lang='grc'><strong>·</strong></span> <span class='ocrx_word' id='word_1_544' title='bbox 2614 2728 2869 2800; x_wconf 73' lang='grc' dir='ltr'>διεθρύὸη</span> <span class='ocrx_word' id='word_1_545' title='bbox 2903 2731 2971 2783; x_wconf 80' lang='grc' dir='ltr'>τὰ</span> <span class='ocrx_word' id='word_1_546' title='bbox 3001 2732 3100 2803; x_wconf 67' lang='grc' dir='ltr'><strong>ὅρη</strong></span> <span class='ocrx_word' id='word_1_547' title='bbox 3140 2731 3252 2802; x_wconf 72' lang='grc' dir='ltr'>βίᾳ,</span> <span class='ocrx_word' id='word_1_548' title='bbox 3287 2731 3560 2801; x_wconf 79' lang='grc' dir='ltr'>ὲτάκησαν</span> <span class='ocrx_word' id='word_1_549' title='bbox 3601 2730 3777 2800; x_wconf 65' lang='grc' dir='ltr'>βουνοί</span> 
     </span>
    </p>
   </div>
   <div class='ocr_carea' id='block_1_73' title="bbox 2196 2821 3778 2894">
    <p class='ocr_par' dir='ltr' id='par_1_73' title="bbox 2196 2821 3778 2894">
     <span class='ocr_line' id='line_1_73' title="bbox 2196 2821 3778 2894; baseline 0.001 -19"><span class='ocrx_word' id='word_1_550' title='bbox 2196 2821 2424 2884; x_wconf 86' lang='grc' dir='ltr'>αίώνιοι,</span> <span class='ocrx_word' id='word_1_551' title='bbox 2457 2823 2704 2894; x_wconf 84' lang='grc' dir='ltr'>πορείαις</span> <span class='ocrx_word' id='word_1_552' title='bbox 2731 2823 2970 2886; x_wconf 86' lang='grc' dir='ltr'>αἰωνίοις</span> <span class='ocrx_word' id='word_1_553' title='bbox 2988 2825 3038 2856; x_wconf 71' lang='grc'><strong>’³</strong></span> <span class='ocrx_word' id='word_1_554' title='bbox 3068 2824 3254 2879; x_wconf 74' lang='grc' dir='ltr'>αὑτοῦ.</span> <span class='ocrx_word' id='word_1_555' title='bbox 3291 2843 3308 2875; x_wconf 71' lang='grc' dir='ltr'><strong>ι</strong></span> <span class='ocrx_word' id='word_1_556' title='bbox 3345 2825 3444 2878; x_wconf 84' lang='grc' dir='ltr'>Διὰ</span> <span class='ocrx_word' id='word_1_557' title='bbox 3473 2826 3688 2878; x_wconf 83' lang='grc' dir='ltr'>πάντων</span> <span class='ocrx_word' id='word_1_558' title='bbox 3721 2825 3778 2878; x_wconf 73' lang='grc' dir='ltr'>δὲ</span> 
     </span>
    </p>
   </div>
   <div class='ocr_carea' id='block_1_74' title="bbox 2197 2913 3781 2988">
    <p class='ocr_par' dir='ltr' id='par_1_74' title="bbox 2197 2913 3781 2988">
     <span class='ocr_line' id='line_1_74' title="bbox 2197 2913 3781 2988; baseline 0.004 -23"><span class='ocrx_word' id='word_1_559' title='bbox 2197 2913 2306 2967; x_wconf 81' lang='grc' dir='ltr'><strong>τῶν</strong></span> <span class='ocrx_word' id='word_1_560' title='bbox 2337 2915 2641 2984; x_wconf 82' lang='grc' dir='ltr'>εἰρημένων</span> <span class='ocrx_word' id='word_1_561' title='bbox 2671 2915 2771 2985; x_wconf 77' lang='grc' dir='ltr'><strong>τὴν</strong></span> <span class='ocrx_word' id='word_1_562' title='bbox 2800 2916 3039 2987; x_wconf 76' lang='grc' dir='ltr'>ἄρρητον</span> <span class='ocrx_word' id='word_1_563' title='bbox 3068 2918 3161 2970; x_wconf 74' lang='grc' dir='ltr'>τοῦ</span> <span class='ocrx_word' id='word_1_564' title='bbox 3208 2917 3342 2970; x_wconf 82' lang='grc' dir='ltr'>Θεοῦ</span> <span class='ocrx_word' id='word_1_565' title='bbox 3376 2918 3604 2988; x_wconf 76' lang='grc' dir='ltr'>δύναμιν</span> <span class='ocrx_word' id='word_1_566' title='bbox 3633 2919 3781 2988; x_wconf 71' lang='grc' dir='ltr'>ἡμᾶς</span> 
     </span>
    </p>
   </div>
   <div class='ocr_carea' id='block_1_75' title="bbox 2198 3005 3778 3081">
    <p class='ocr_par' dir='ltr' id='par_1_75' title="bbox 2198 3005 3778 3081">
     <span class='ocr_line' id='line_1_75' title="bbox 2198 3005 3778 3081; baseline 0.003 -24"><span class='ocrx_word' id='word_1_567' title='bbox 2198 3005 2443 3072; x_wconf 79' lang='grc' dir='ltr'>ἐδίδαξεο</span> <span class='ocrx_word' id='word_1_568' title='bbox 2490 3009 2557 3077; x_wconf 79' lang='grc' dir='ltr'>τῇ</span> <span class='ocrx_word' id='word_1_569' title='bbox 2611 3008 2772 3079; x_wconf 82' lang='grc' dir='ltr'>βουλῇ</span> <span class='ocrx_word' id='word_1_570' title='bbox 2808 3010 2918 3078; x_wconf 75' lang='grc' dir='ltr'>γὰρ</span> <span class='ocrx_word' id='word_1_571' title='bbox 2953 3009 3114 3064; x_wconf 74' lang='grc' dir='ltr'>αὑτοῦ</span> <span class='ocrx_word' id='word_1_572' title='bbox 3157 3009 3219 3062; x_wconf 73' lang='grc' dir='ltr'>τὸ</span> <span class='ocrx_word' id='word_1_573' title='bbox 3267 3011 3427 3081; x_wconf 77' lang='grc' dir='ltr'>ἔργον</span> <span class='ocrx_word' id='word_1_574' title='bbox 3477 3011 3778 3073; x_wconf 75' lang='grc' dir='ltr'>ἀκολουθεῖ,</span> 
     </span>
    </p>
   </div>
   <div class='ocr_carea' id='block_1_76' title="bbox 2198 3095 3780 3170">
    <p class='ocr_par' dir='ltr' id='par_1_76' title="bbox 2198 3095 3780 3170">
     <span class='ocr_line' id='line_1_76' title="bbox 2198 3095 3780 3170; baseline 0.004 -22"><span class='ocrx_word' id='word_1_575' title='bbox 2198 3097 2291 3149; x_wconf 70' lang='grc' dir='ltr'>καὶ</span> <span class='ocrx_word' id='word_1_576' title='bbox 2321 3095 2549 3167; x_wconf 85' lang='grc' dir='ltr'>θελήσας</span> <span class='ocrx_word' id='word_1_577' title='bbox 2588 3097 2747 3167; x_wconf 91' lang='grc' dir='ltr'>μόνον</span> <span class='ocrx_word' id='word_1_578' title='bbox 2777 3099 2957 3168; x_wconf 81' lang='grc' dir='ltr'>(τοῦτο</span> <span class='ocrx_word' id='word_1_579' title='bbox 2986 3099 3094 3170; x_wconf 78' lang='grc' dir='ltr'>γὰρ</span> <span class='ocrx_word' id='word_1_580' title='bbox 3127 3096 3297 3162; x_wconf 74' lang='grc' dir='ltr'>εἶπεν,</span> <span class='ocrx_word' id='word_1_581' title='bbox 3357 3101 3507 3168; x_wconf 73' lang='grc' dir='ltr'>ἔστη</span> <span class='ocrx_word' id='word_1_582' title='bbox 3541 3103 3634 3155; x_wconf 73' lang='grc' dir='ltr'>καὶ</span> <span class='ocrx_word' id='word_1_583' title='bbox 3673 3103 3780 3154; x_wconf 60' lang='grc' dir='ltr'><strong>ἐπ-</strong></span> 
     </span>
    </p>
   </div>
   <div class='ocr_carea' id='block_1_77' title="bbox 2199 3189 3781 3266">
    <p class='ocr_par' dir='ltr' id='par_1_77' title="bbox 2199 3189 3781 3266">
     <span class='ocr_line' id='line_1_77' title="bbox 2199 3189 3781 3266; baseline 0.003 -24"><span class='ocrx_word' id='word_1_584' title='bbox 2199 3189 2464 3258; x_wconf 68' lang='grc' dir='ltr'>έϐνίεψε),</span> <span class='ocrx_word' id='word_1_585' title='bbox 2487 3191 2668 3244; x_wconf 79' lang='grc' dir='ltr'>κλονεῖ</span> <span class='ocrx_word' id='word_1_586' title='bbox 2691 3192 2790 3262; x_wconf 71' lang='grc' dir='ltr'>τὴν</span> <span class='ocrx_word' id='word_1_587' title='bbox 2809 3190 2934 3262; x_wconf 79' lang='grc' dir='ltr'>γῆν,</span> <span class='ocrx_word' id='word_1_588' title='bbox 2964 3193 3167 3246; x_wconf 79' lang='grc' dir='ltr'>διαλύει</span> <span class='ocrx_word' id='word_1_589' title='bbox 3181 3194 3288 3248; x_wconf 80' lang='grc' dir='ltr'>τῶν</span> <span class='ocrx_word' id='word_1_590' title='bbox 3309 3192 3613 3266; x_wconf 83' lang='grc' dir='ltr'>ἀνθρώπων</span> <span class='ocrx_word' id='word_1_591' title='bbox 3627 3195 3781 3265; x_wconf 63' lang='grc' dir='ltr'>τὴν⁹⁸</span> 
     </span>
    </p>
   </div>
   <div class='ocr_carea' id='block_1_78' title="bbox 2201 3281 3784 3357">
    <p class='ocr_par' dir='ltr' id='par_1_78' title="bbox 2201 3281 3784 3357">
     <span class='ocr_line' id='line_1_78' title="bbox 2201 3281 3784 3357; baseline 0.004 -25"><span class='ocrx_word' id='word_1_592' title='bbox 2201 3281 2382 3348; x_wconf 81' lang='grc' dir='ltr'>φύσιν,</span> <span class='ocrx_word' id='word_1_593' title='bbox 2418 3281 2649 3352; x_wconf 78' lang='grc' dir='ltr'>ῥήγνυσι</span> <span class='ocrx_word' id='word_1_594' title='bbox 2683 3283 2751 3336; x_wconf 75' lang='grc' dir='ltr'>τὰ</span> <span class='ocrx_word' id='word_1_595' title='bbox 2787 3282 2909 3353; x_wconf 75' lang='grc' dir='ltr'>ὄρη,</span> <span class='ocrx_word' id='word_1_596' title='bbox 2937 3282 3032 3337; x_wconf 73' lang='grc' dir='ltr'><strong>καὶ</strong></span> <span class='ocrx_word' id='word_1_597' title='bbox 3067 3285 3192 3347; x_wconf 75' lang='grc' dir='ltr'>τοὺς</span> <span class='ocrx_word' id='word_1_598' title='bbox 3229 3285 3450 3354; x_wconf 63' lang='grc' dir='ltr'>βουνοὺς</span> <span class='ocrx_word' id='word_1_599' title='bbox 3494 3287 3666 3357; x_wconf 78' lang='grc' dir='ltr'>κηροῦ</span> <span class='ocrx_word' id='word_1_600' title='bbox 3707 3284 3784 3339; x_wconf 85' lang='grc' dir='ltr'>δί-</span> 
     </span>
    </p>
   </div>
   <div class='ocr_carea' id='block_1_79' title="bbox 2199 3372 3782 3446">
    <p class='ocr_par' dir='ltr' id='par_1_79' title="bbox 2199 3372 3782 3446">
     <span class='ocr_line' id='line_1_79' title="bbox 2199 3372 3782 3446; baseline 0.004 -23"><span class='ocrx_word' id='word_1_601' title='bbox 2199 3388 2303 3442; x_wconf 86' lang='grc' dir='ltr'><strong>κην</strong></span> <span class='ocrx_word' id='word_1_602' title='bbox 2332 3375 2653 3445; x_wconf 76' lang='grc' dir='ltr'>κατατήκει.</span> <span class='ocrx_word' id='word_1_603' title='bbox 2700 3372 2885 3428; x_wconf 82' lang='grc' dir='ltr'>Ταῦτα</span> <span class='ocrx_word' id='word_1_604' title='bbox 2917 3375 3025 3446; x_wconf 79' lang='grc' dir='ltr'><strong>γὰρ</strong></span> <span class='ocrx_word' id='word_1_605' title='bbox 3053 3376 3146 3429; x_wconf 72' lang='grc' dir='ltr'><strong>καί</strong></span> <span class='ocrx_word' id='word_1_606' title='bbox 3179 3376 3246 3429; x_wconf 78' lang='grc' dir='ltr'>τὰ</span> <span class='ocrx_word' id='word_1_607' title='bbox 3274 3375 3500 3429; x_wconf 77' lang='grc' dir='ltr'>τοιαῦτα</span> <span class='ocrx_word' id='word_1_608' title='bbox 3527 3379 3605 3440; x_wconf 82' lang='grc' dir='ltr'>εἰς</span> <span class='ocrx_word' id='word_1_609' title='bbox 3638 3375 3782 3446; x_wconf 79' lang='grc' dir='ltr'><strong>ὠφέ-</strong></span> 
     </span>
    </p>
   </div>
   <div class='ocr_carea' id='block_1_80' title="bbox 2199 3463 3783 3538">
    <p class='ocr_par' dir='ltr' id='par_1_80' title="bbox 2199 3463 3783 3538">
     <span class='ocr_line' id='line_1_80' title="bbox 2199 3463 3783 3538; baseline 0.004 -23"><span class='ocrx_word' id='word_1_610' title='bbox 2199 3463 2348 3517; x_wconf 86' lang='grc' dir='ltr'>λειαν</span> <span class='ocrx_word' id='word_1_611' title='bbox 2377 3465 2678 3535; x_wconf 82' lang='grc' dir='ltr'>ἀνθρώπων</span> <span class='ocrx_word' id='word_1_612' title='bbox 2708 3466 2876 3519; x_wconf 84' lang='grc' dir='ltr'>ποιῶν</span> <span class='ocrx_word' id='word_1_613' title='bbox 2909 3467 3266 3519; x_wconf 78' lang='grc' dir='ltr'>διατετέλεκε.</span> <span class='ocrx_word' id='word_1_614' title='bbox 3298 3468 3548 3532; x_wconf 59' lang='grc' dir='ltr'>Παρείας</span> <span class='ocrx_word' id='word_1_615' title='bbox 3581 3470 3684 3538; x_wconf 73' lang='grc' dir='ltr'><strong>γὰρ</strong></span> <span class='ocrx_word' id='word_1_616' title='bbox 3714 3469 3783 3522; x_wconf 76' lang='grc' dir='ltr'>τὰ</span> 
     </span>
    </p>
   </div>
   <div class='ocr_carea' id='block_1_81' title="bbox 2202 3554 3781 3628">
    <p class='ocr_par' dir='ltr' id='par_1_81' title="bbox 2202 3554 3781 3628">
     <span class='ocr_line' id='line_1_81' title="bbox 2202 3554 3781 3628; baseline 0.001 -20"><span class='ocrx_word' id='word_1_617' title='bbox 2202 3557 2338 3628; x_wconf 81' lang='grc' dir='ltr'>ἔργα</span> <span class='ocrx_word' id='word_1_618' title='bbox 2371 3556 2542 3611; x_wconf 85' lang='grc' dir='ltr'>καλεῖ.</span> <span class='ocrx_word' id='word_1_619' title='bbox 2580 3557 2840 3628; x_wconf 85' lang='grc' dir='ltr'>Σημαίνει</span> <span class='ocrx_word' id='word_1_620' title='bbox 2868 3557 2924 3610; x_wconf 83' lang='grc' dir='ltr'>δὲ</span> <span class='ocrx_word' id='word_1_621' title='bbox 2953 3556 3039 3608; x_wconf 83' lang='grc' dir='ltr'>διὰ</span> <span class='ocrx_word' id='word_1_622' title='bbox 3069 3556 3175 3608; x_wconf 84' lang='grc' dir='ltr'><strong>τῶν</strong></span> <span class='ocrx_word' id='word_1_623' title='bbox 3205 3554 3531 3626; x_wconf 81' lang='grc' dir='ltr'>εἰρημένων,</span> <span class='ocrx_word' id='word_1_624' title='bbox 3568 3557 3660 3609; x_wconf 70' lang='grc' dir='ltr'><strong>καὶ</strong></span> <span class='ocrx_word' id='word_1_625' title='bbox 3686 3556 3781 3610; x_wconf 73' lang='grc' dir='ltr'>τὸν</span> 
     </span>
    </p>
   </div>
   <div class='ocr_carea' id='block_1_82' title="bbox 2200 3647 3774 3721">
    <p class='ocr_par' dir='ltr' id='par_1_82' title="bbox 2200 3647 3774 3721">
     <span class='ocr_line' id='line_1_82' title="bbox 2200 3647 3774 3721; baseline -0.003 -17"><span class='ocrx_word' id='word_1_626' title='bbox 2200 3653 2525 3721; x_wconf 77' lang='grc' dir='ltr'>πηγάσαντα</span> <span class='ocrx_word' id='word_1_627' title='bbox 2555 3653 2718 3704; x_wconf 80' lang='grc' dir='ltr'>πᾶσιν</span> <span class='ocrx_word' id='word_1_628' title='bbox 2743 3648 3047 3721; x_wconf 84' lang='grc' dir='ltr'>ἀνθρώποις</span> <span class='ocrx_word' id='word_1_629' title='bbox 3081 3649 3178 3718; x_wconf 80' lang='grc' dir='ltr'><strong>τὴν</strong></span> <span class='ocrx_word' id='word_1_630' title='bbox 3210 3647 3484 3717; x_wconf 82' lang='grc' dir='ltr'>σωτηρίαν</span> <span class='ocrx_word' id='word_1_631' title='bbox 3513 3649 3774 3719; x_wconf 85' lang='grc' dir='ltr'>σταυρόν·</span> 
     </span>
    </p>
   </div>
   <div class='ocr_carea' id='block_1_83' title="bbox 2201 3735 3780 3813">
    <p class='ocr_par' dir='ltr' id='par_1_83' title="bbox 2201 3735 3780 3813">
     <span class='ocr_line' id='line_1_83' title="bbox 2201 3735 3780 3813; baseline -0.003 -18"><span class='ocrx_word' id='word_1_632' title='bbox 2201 3744 2284 3811; x_wconf 73' lang='grc' dir='ltr'><strong>ἐφ’</strong></span> <span class='ocrx_word' id='word_1_633' title='bbox 2308 3735 2368 3795; x_wconf 71' lang='grc' dir='ltr'><strong>οὗ</strong></span> <span class='ocrx_word' id='word_1_634' title='bbox 2395 3742 2523 3813; x_wconf 77' lang='grc' dir='ltr'>ἔστη</span> <span class='ocrx_word' id='word_1_635' title='bbox 2558 3743 2653 3812; x_wconf 79' lang='grc' dir='ltr'>μὲν</span> <span class='ocrx_word' id='word_1_636' title='bbox 2682 3741 2710 3794; x_wconf 91' lang='lat'><strong>6</strong></span> <span class='ocrx_word' id='word_1_637' title='bbox 2740 3740 3017 3811; x_wconf 76' lang='grc' dir='ltr'>Δεσπότης</span> <span class='ocrx_word' id='word_1_638' title='bbox 3052 3739 3307 3809; x_wconf 80' lang='grc' dir='ltr'>Χριστὸς,</span> <span class='ocrx_word' id='word_1_639' title='bbox 3333 3736 3564 3791; x_wconf 82' lang='grc' dir='ltr'>διέσεισε</span> <span class='ocrx_word' id='word_1_640' title='bbox 3595 3737 3651 3791; x_wconf 73' lang='grc' dir='ltr'><strong>δὲ</strong></span> <span class='ocrx_word' id='word_1_641' title='bbox 3681 3738 3780 3810; x_wconf 76' lang='grc' dir='ltr'><strong>τὴν</strong></span> 
     </span>
    </p>
   </div>
   <div class='ocr_carea' id='block_1_84' title="bbox 2201 3827 3785 3904">
    <p class='ocr_par' dir='ltr' id='par_1_84' title="bbox 2201 3827 3785 3904">
     <span class='ocr_line' id='line_1_84' title="bbox 2201 3827 3785 3904; baseline -0.003 -18"><span class='ocrx_word' id='word_1_642' title='bbox 2201 3833 2326 3904; x_wconf 79' lang='grc' dir='ltr'>γῆν,</span> <span class='ocrx_word' id='word_1_643' title='bbox 2359 3836 2454 3888; x_wconf 75' lang='grc' dir='ltr'><strong>καὶ</strong></span> <span class='ocrx_word' id='word_1_644' title='bbox 2484 3835 2552 3887; x_wconf 70' lang='grc' dir='ltr'>τὰ</span> <span class='ocrx_word' id='word_1_645' title='bbox 2578 3834 2678 3904; x_wconf 70' lang='grc' dir='ltr'>ὅρη</span> <span class='ocrx_word' id='word_1_646' title='bbox 2707 3833 2972 3902; x_wconf 81' lang='grc' dir='ltr'>κλονήσας</span> <span class='ocrx_word' id='word_1_647' title='bbox 3000 3831 3272 3904; x_wconf 66' lang='grc' dir='ltr'>διέρρηξε,</span> <span class='ocrx_word' id='word_1_648' title='bbox 3297 3830 3602 3899; x_wconf 81' lang='grc' dir='ltr'>κατέπληξε</span> <span class='ocrx_word' id='word_1_649' title='bbox 3625 3830 3681 3882; x_wconf 78' lang='grc' dir='ltr'>δὲ</span> <span class='ocrx_word' id='word_1_650' title='bbox 3705 3827 3785 3898; x_wconf 77' lang='grc' dir='ltr'><strong>τῷ</strong></span> 
     </span>
    </p>
   </div>
   <div class='ocr_carea' id='block_1_85' title="bbox 2199 3921 3786 3994">
    <p class='ocr_par' dir='ltr' id='par_1_85' title="bbox 2199 3921 3786 3994">
     <span class='ocr_line' id='line_1_85' title="bbox 2199 3921 3786 3994; baseline -0.003 -16"><span class='ocrx_word' id='word_1_651' title='bbox 2199 3926 2308 3978; x_wconf 89' lang='grc' dir='ltr'>δέει</span> <span class='ocrx_word' id='word_1_652' title='bbox 2350 3925 2458 3979; x_wconf 86' lang='grc' dir='ltr'><strong>τῶν</strong></span> <span class='ocrx_word' id='word_1_653' title='bbox 2511 3925 2780 3994; x_wconf 81' lang='grc' dir='ltr'>δαιμόνων</span> <span class='ocrx_word' id='word_1_654' title='bbox 2830 3922 2898 3976; x_wconf 79' lang='grc' dir='ltr'>τὰ</span> <span class='ocrx_word' id='word_1_655' title='bbox 2942 3923 3100 3994; x_wconf 85' lang='grc' dir='ltr'>γένη,</span> <span class='ocrx_word' id='word_1_656' title='bbox 3149 3921 3244 3974; x_wconf 77' lang='grc' dir='ltr'><strong>καὶ</strong></span> <span class='ocrx_word' id='word_1_657' title='bbox 3287 3922 3355 3974; x_wconf 78' lang='grc' dir='ltr'>τὰ</span> <span class='ocrx_word' id='word_1_658' title='bbox 3387 3923 3444 3974; x_wconf 82' lang='grc' dir='ltr'>ὲν</span> <span class='ocrx_word' id='word_1_659' title='bbox 3487 3921 3640 3991; x_wconf 80' lang='grc' dir='ltr'>ὄρεσι</span> <span class='ocrx_word' id='word_1_660' title='bbox 3688 3923 3786 3974; x_wconf 71' lang='grc' dir='ltr'><strong>καὶ</strong></span> 
     </span>
    </p>
   </div>
   <div class='ocr_carea' id='block_1_86' title="bbox 2202 4010 3786 4088">
    <p class='ocr_par' dir='ltr' id='par_1_86' title="bbox 2202 4010 3786 4088">
     <span class='ocr_line' id='line_1_86' title="bbox 2202 4010 3786 4088; baseline -0.004 -18"><span class='ocrx_word' id='word_1_661' title='bbox 2202 4017 2410 4088; x_wconf 77' lang='grc' dir='ltr'>βουνοῖς</span> <span class='ocrx_word' id='word_1_662' title='bbox 2437 4017 2638 4088; x_wconf 87' lang='grc' dir='ltr'>τεμένη</span> <span class='ocrx_word' id='word_1_663' title='bbox 2669 4015 2954 4070; x_wconf 87' lang='grc' dir='ltr'>κατέλυσε.</span> <span class='ocrx_word' id='word_1_664' title='bbox 2971 4013 3157 4070; x_wconf 76' lang='grc' dir='ltr'>Ταῦτα</span> <span class='ocrx_word' id='word_1_665' title='bbox 3187 4015 3392 4068; x_wconf 79' lang='grc' dir='ltr'>ἄνωθεν</span> <span class='ocrx_word' id='word_1_666' title='bbox 3419 4015 3540 4085; x_wconf 81' lang='grc' dir='ltr'>μὲν,</span> <span class='ocrx_word' id='word_1_667' title='bbox 3563 4010 3658 4067; x_wconf 73' lang='grc' dir='ltr'>καὶ</span> <span class='ocrx_word' id='word_1_668' title='bbox 3679 4012 3786 4083; x_wconf 75' lang='grc' dir='ltr'>πρὸ</span> 
     </span>
    </p>
   </div>
   <div class='ocr_carea' id='block_1_87' title="bbox 2201 4103 3786 4179">
    <p class='ocr_par' dir='ltr' id='par_1_87' title="bbox 2201 4103 3786 4179">
     <span class='ocr_line' id='line_1_87' title="bbox 2201 4103 3786 4179; baseline -0.003 -19"><span class='ocrx_word' id='word_1_669' title='bbox 2201 4107 2299 4179; x_wconf 79' lang='grc' dir='ltr'>τῆς</span> <span class='ocrx_word' id='word_1_670' title='bbox 2341 4107 2436 4160; x_wconf 79' lang='grc' dir='ltr'>τοῦ</span> <span class='ocrx_word' id='word_1_671' title='bbox 2467 4109 2674 4178; x_wconf 86' lang='grc' dir='ltr'>κόσμου</span> <span class='ocrx_word' id='word_1_672' title='bbox 2713 4108 3025 4170; x_wconf 77' lang='grc' dir='ltr'>συστάσεως</span> <span class='ocrx_word' id='word_1_673' title='bbox 3071 4105 3395 4177; x_wconf 79' lang='grc' dir='ltr'>δοκιμάσας,</span> <span class='ocrx_word' id='word_1_674' title='bbox 3434 4103 3520 4159; x_wconf 75' lang='grc' dir='ltr'>ἐπ’</span> <span class='ocrx_word' id='word_1_675' title='bbox 3553 4106 3786 4174; x_wconf 79' lang='grc' dir='ltr'>ἐσχάτου</span> 
     </span>
    </p>
   </div>
   <div class='ocr_carea' id='block_1_88' title="bbox 2200 4194 3111 4266">
    <p class='ocr_par' dir='ltr' id='par_1_88' title="bbox 2200 4194 3111 4266">
     <span class='ocr_line' id='line_1_88' title="bbox 2200 4194 3111 4266; baseline 0.003 -19"><span class='ocrx_word' id='word_1_676' title='bbox 2200 4195 2256 4248; x_wconf 84' lang='grc' dir='ltr'><strong>δὲ</strong></span> <span class='ocrx_word' id='word_1_677' title='bbox 2286 4195 2394 4248; x_wconf 85' lang='grc' dir='ltr'><strong>τῶν</strong></span> <span class='ocrx_word' id='word_1_678' title='bbox 2428 4194 2652 4266; x_wconf 81' lang='grc' dir='ltr'>ἡμερῶν</span> <span class='ocrx_word' id='word_1_679' title='bbox 2685 4194 3111 4266; x_wconf 82' lang='grc' dir='ltr'>ἀποπληρώσας.</span> 
     </span>
    </p>
   </div>
   <div class='ocr_carea' id='block_1_89' title="bbox 2273 4360 3786 4438">
    <p class='ocr_par' dir='ltr' id='par_1_89' title="bbox 2273 4360 3786 4438">
     <span class='ocr_line' id='line_1_89' title="bbox 2273 4360 3786 4438; baseline -0.002 -15"><span class='ocrx_word' id='word_1_680' title='bbox 2273 4366 2337 4432; x_wconf 80' lang='grc' dir='ltr'><strong>ζ’.</strong></span> <span class='ocrx_word' id='word_1_681' title='bbox 2405 4387 2424 4418; x_wconf 71' lang='grc' dir='ltr'><strong>ι</strong></span> <span class='ocrx_word' id='word_1_682' title='bbox 2467 4367 2616 4420; x_wconf 61' lang='grc' dir='ltr'>Ἀντί</span> <span class='ocrx_word' id='word_1_683' title='bbox 2644 4368 2700 4421; x_wconf 79' lang='grc' dir='ltr'>δὲ</span> <span class='ocrx_word' id='word_1_684' title='bbox 2716 4369 2762 4400; x_wconf 69' lang='grc'><strong>³³</strong></span> <span class='ocrx_word' id='word_1_685' title='bbox 2800 4368 2983 4422; x_wconf 86' lang='grc' dir='ltr'>κόπων</span> <span class='ocrx_word' id='word_1_686' title='bbox 3011 4360 3085 4420; x_wconf 80' lang='grc' dir='ltr'>ὧν</span> <span class='ocrx_word' id='word_1_687' title='bbox 3115 4363 3278 4431; x_wconf 80' lang='grc' dir='ltr'>εἶδον,</span> <span class='ocrx_word' id='word_1_688' title='bbox 3329 4366 3662 4438; x_wconf 82' lang='grc' dir='ltr'>σκηνώματα</span> <span class='ocrx_word' id='word_1_689' title='bbox 3693 4368 3786 4420; x_wconf 60' lang='grc' dir='ltr'><strong>Δία</strong></span> 
     </span>
    </p>
   </div>
   <div class='ocr_carea' id='block_1_90' title="bbox 2201 4457 3780 4530">
    <p class='ocr_par' dir='ltr' id='par_1_90' title="bbox 2201 4457 3780 4530">
     <span class='ocr_line' id='line_1_90' title="bbox 2201 4457 3780 4530; baseline -0.001 -19"><span class='ocrx_word' id='word_1_690' title='bbox 2201 4457 2408 4512; x_wconf 87' lang='grc' dir='ltr'>θιόπων</span> <span class='ocrx_word' id='word_1_691' title='bbox 2453 4459 2874 4530; x_wconf 80' lang='grc' dir='ltr'>πτοηθήσονται,</span> <span class='ocrx_word' id='word_1_692' title='bbox 2915 4460 3010 4513; x_wconf 70' lang='grc' dir='ltr'>καὶ</span> <span class='ocrx_word' id='word_1_693' title='bbox 3027 4460 3073 4492; x_wconf 77' lang='grc'><strong>’⁸</strong></span> <span class='ocrx_word' id='word_1_694' title='bbox 3115 4460 3309 4529; x_wconf 76' lang='grc' dir='ltr'>σκηναὶ</span> <span class='ocrx_word' id='word_1_695' title='bbox 3349 4457 3454 4529; x_wconf 82' lang='grc' dir='ltr'>γῆς</span> <span class='ocrx_word' id='word_1_696' title='bbox 3480 4459 3725 4528; x_wconf 81' lang='grc' dir='ltr'>Μαδιάμ.</span> <span class='ocrx_word' id='word_1_697' title='bbox 3764 4479 3780 4509; x_wconf 75' lang='grc' dir='ltr'><strong>ι</strong></span> 
     </span>
    </p>
   </div>
   <div class='ocr_carea' id='block_1_91' title="bbox 526 4547 2093 4627">
    <p class='ocr_par' dir='ltr' id='par_1_91' title="bbox 526 4555 2093 4627">
     <span class='ocr_line' id='line_1_91' title="bbox 526 4555 2093 4627; baseline 0 -18"><span class='ocrx_word' id='word_1_698' title='bbox 526 4567 686 4610; x_wconf 69' lang='lat' dir='ltr'><strong>terrae</strong></span> <span class='ocrx_word' id='word_1_699' title='bbox 723 4561 741 4579; x_wconf 78' lang='lat'><strong><em>‘</em></strong></span> <span class='ocrx_word' id='word_1_700' title='bbox 778 4555 1038 4611; x_wconf 87' lang='lat' dir='ltr'><strong>Madiam.</strong></span> <span class='ocrx_word' id='word_1_701' title='bbox 1075 4575 1093 4608; x_wconf 72' lang='grc' dir='ltr'><strong>ι</strong></span> <span class='ocrx_word' id='word_1_702' title='bbox 1121 4556 1334 4612; x_wconf 89' lang='lat' dir='ltr'><strong>Etenim</strong></span> <span class='ocrx_word' id='word_1_703' title='bbox 1377 4564 1503 4627; x_wconf 90' lang='lat' dir='ltr'><strong>post</strong></span> <span class='ocrx_word' id='word_1_704' title='bbox 1539 4557 1834 4612; x_wconf 89' lang='lat' dir='ltr'><strong>salutarem</strong></span> <span class='ocrx_word' id='word_1_705' title='bbox 1878 4557 2093 4626; x_wconf 89' lang='lat' dir='ltr'><strong>passio-</strong></span> 
     </span>
    </p>
   </div>
   <div class='ocr_carea' id='block_1_92' title="bbox 2195 4547 3791 4627">
    <p class='ocr_par' dir='ltr' id='par_1_92' title="bbox 2217 4547 3791 4622">
     <span class='ocr_line' id='line_1_92' title="bbox 2217 4547 3791 4622; baseline 0.001 -19"><span class='ocrx_word' id='word_1_706' title='bbox 2217 4551 2377 4604; x_wconf 85' lang='grc' dir='ltr'>Ἀλλὰ</span> <span class='ocrx_word' id='word_1_707' title='bbox 2421 4549 2530 4622; x_wconf 77' lang='grc' dir='ltr'><strong>γὰρ</strong></span> <span class='ocrx_word' id='word_1_708' title='bbox 2567 4550 2706 4621; x_wconf 82' lang='grc' dir='ltr'>μετὰ</span> <span class='ocrx_word' id='word_1_709' title='bbox 2750 4550 2820 4604; x_wconf 75' lang='grc' dir='ltr'>τὰ</span> <span class='ocrx_word' id='word_1_710' title='bbox 2859 4553 3098 4622; x_wconf 78' lang='grc' dir='ltr'>σωτήρια</span> <span class='ocrx_word' id='word_1_711' title='bbox 3128 4551 3428 4622; x_wconf 81' lang='grc' dir='ltr'>παθήματα</span> <span class='ocrx_word' id='word_1_712' title='bbox 3453 4547 3593 4604; x_wconf 73' lang='grc' dir='ltr'>εἶδον</span> <span class='ocrx_word' id='word_1_713' title='bbox 3619 4567 3791 4604; x_wconf 84' lang='grc' dir='ltr'>κατα-</span> 
     </span>
    </p>
   </div>
   <div class='ocr_carea' id='block_1_93' title="bbox 526 4647 2102 4718">
    <p class='ocr_par' dir='ltr' id='par_1_93' title="bbox 526 4647 2102 4718">
     <span class='ocr_line' id='line_1_93' title="bbox 526 4647 2102 4718; baseline 0 -18"><span class='ocrx_word' id='word_1_714' title='bbox 526 4662 653 4700; x_wconf 89' lang='lat' dir='ltr'><strong>nem</strong></span> <span class='ocrx_word' id='word_1_715' title='bbox 684 4647 794 4701; x_wconf 87' lang='lat' dir='ltr'><strong>vidi</strong></span> <span class='ocrx_word' id='word_1_716' title='bbox 828 4647 1134 4702; x_wconf 74' lang='lat' dir='ltr'><strong>dzemonum</strong></span> <span class='ocrx_word' id='word_1_717' title='bbox 1159 4663 1332 4718; x_wconf 87' lang='lat' dir='ltr'><strong>genus</strong></span> <span class='ocrx_word' id='word_1_718' title='bbox 1349 4654 1713 4717; x_wconf 89' lang='lat' dir='ltr'><strong>prostratum,</strong></span> <span class='ocrx_word' id='word_1_719' title='bbox 1740 4647 1833 4717; x_wconf 91' lang='lat' dir='ltr'><strong>qui</strong></span> <span class='ocrx_word' id='word_1_720' title='bbox 1875 4658 2102 4700; x_wconf 85' lang='lat' dir='ltr'><strong>natura-</strong></span> 
     </span>
    </p>
   </div>
   <div class='ocr_carea' id='block_1_94' title="bbox 527 4737 2100 4808">
    <p class='ocr_par' dir='ltr' id='par_1_94' title="bbox 527 4737 2100 4808">
     <span class='ocr_line' id='line_1_94' title="bbox 527 4737 2100 4808; baseline 0.002 -18"><span class='ocrx_word' id='word_1_721' title='bbox 527 4737 631 4793; x_wconf 86' lang='lat' dir='ltr'><strong>lem</strong></span> <span class='ocrx_word' id='word_1_722' title='bbox 660 4737 980 4808; x_wconf 58' lang='lat' dir='ltr'><strong>Atlthiopum</strong></span> <span class='ocrx_word' id='word_1_723' title='bbox 1006 4741 1247 4794; x_wconf 89' lang='lat' dir='ltr'><strong>colorem</strong></span> <span class='ocrx_word' id='word_1_724' title='bbox 1273 4739 1327 4793; x_wconf 92' lang='lat' dir='ltr'><strong>in</strong></span> <span class='ocrx_word' id='word_1_725' title='bbox 1349 4741 1634 4794; x_wconf 85' lang='lat' dir='ltr'><strong>voluntate</strong></span> <span class='ocrx_word' id='word_1_726' title='bbox 1655 4754 1751 4794; x_wconf 90' lang='lat' dir='ltr'><strong>sua</strong></span> <span class='ocrx_word' id='word_1_727' title='bbox 1776 4737 2100 4806; x_wconf 81' lang='lat' dir='ltr'><strong>referentes,</strong></span> 
     </span>
    </p>
   </div>
   <div class='ocr_carea' id='block_1_95' title="bbox 525 4826 2104 4897">
    <p class='ocr_par' dir='ltr' id='par_1_95' title="bbox 525 4826 2104 4897">
     <span class='ocr_line' id='line_1_95' title="bbox 525 4826 2104 4897; baseline 0.003 -19"><span class='ocrx_word' id='word_1_728' title='bbox 525 4827 738 4882; x_wconf 89' lang='lat' dir='ltr'><strong>animas</strong></span> <span class='ocrx_word' id='word_1_729' title='bbox 770 4827 1054 4882; x_wconf 90' lang='lat' dir='ltr'><strong>hominum</strong></span> <span class='ocrx_word' id='word_1_730' title='bbox 1090 4827 1395 4897; x_wconf 91' lang='lat' dir='ltr'><strong>decipiunt.</strong></span> <span class='ocrx_word' id='word_1_731' title='bbox 1428 4826 1582 4894; x_wconf 86' lang='lat' dir='ltr'><strong>Quod</strong></span> <span class='ocrx_word' id='word_1_732' title='bbox 1615 4829 1660 4882; x_wconf 88' lang='lat' dir='ltr'><strong>si</strong></span> <span class='ocrx_word' id='word_1_733' title='bbox 1688 4828 1814 4897; x_wconf 92' lang='lat' dir='ltr'><strong>quis</strong></span> <span class='ocrx_word' id='word_1_734' title='bbox 1841 4828 2004 4882; x_wconf 86' lang='lat' dir='ltr'><strong>etiam</strong></span> <span class='ocrx_word' id='word_1_735' title='bbox 2035 4828 2104 4883; x_wconf 89' lang='lat' dir='ltr'><strong>de</strong></span> 
     </span>
    </p>
   </div>
   <div class='ocr_carea' id='block_1_96' title="bbox 527 4917 2102 4988">
    <p class='ocr_par' dir='ltr' id='par_1_96' title="bbox 527 4917 2102 4988">
     <span class='ocr_line' id='line_1_96' title="bbox 527 4917 2102 4988; baseline 0.003 -18"><span class='ocrx_word' id='word_1_736' title='bbox 527 4917 844 4971; x_wconf 90' lang='lat' dir='ltr'><strong>hominibus</strong></span> <span class='ocrx_word' id='word_1_737' title='bbox 884 4917 1000 4970; x_wconf 65' lang='lat' dir='ltr'><strong>haec</strong></span> <span class='ocrx_word' id='word_1_738' title='bbox 1037 4917 1344 4988; x_wconf 81' lang='lat' dir='ltr'><strong>intelligere</strong></span> <span class='ocrx_word' id='word_1_739' title='bbox 1380 4919 1547 4982; x_wconf 87' lang='lat' dir='ltr'><strong>velit,</strong></span> <span class='ocrx_word' id='word_1_740' title='bbox 1587 4933 1695 4972; x_wconf 91' lang='lat' dir='ltr'><strong>non</strong></span> <span class='ocrx_word' id='word_1_741' title='bbox 1743 4918 2020 4974; x_wconf 86' lang='lat' dir='ltr'><strong>aberrabit</strong></span> <span class='ocrx_word' id='word_1_742' title='bbox 2071 4935 2102 4974; x_wconf 74' lang='grc' dir='ltr'><strong><em>λ</em></strong></span> 
     </span>
    </p>
   </div>
   <div class='ocr_carea' id='block_1_97' title="bbox 525 5004 2093 5078">
    <p class='ocr_par' dir='ltr' id='par_1_97' title="bbox 525 5004 2093 5078">
     <span class='ocr_line' id='line_1_97' title="bbox 525 5004 2093 5078; baseline 0.001 -18"><span class='ocrx_word' id='word_1_743' title='bbox 525 5021 696 5072; x_wconf 87' lang='lat' dir='ltr'><strong>scopo</strong></span> <span class='ocrx_word' id='word_1_744' title='bbox 756 5005 958 5059; x_wconf 81' lang='lat' dir='ltr'><strong>divinae</strong></span> <span class='ocrx_word' id='word_1_745' title='bbox 1016 5004 1371 5077; x_wconf 75' lang='lat' dir='ltr'><strong>Scrtpturte:</strong></span> <span class='ocrx_word' id='word_1_746' title='bbox 1430 5023 1558 5061; x_wconf 87' lang='lat' dir='ltr'><strong>nam</strong></span> <span class='ocrx_word' id='word_1_747' title='bbox 1618 5017 1742 5078; x_wconf 90' lang='lat' dir='ltr'><strong>post</strong></span> <span class='ocrx_word' id='word_1_748' title='bbox 1797 5010 2093 5063; x_wconf 85' lang='lat' dir='ltr'><strong>salutarem</strong></span> 
     </span>
    </p>
   </div>
   <div class='ocr_carea' id='block_1_98' title="bbox 527 5093 2093 5165">
    <p class='ocr_par' dir='ltr' id='par_1_98' title="bbox 527 5093 2093 5165">
     <span class='ocr_line' id='line_1_98' title="bbox 527 5093 2093 5165; baseline 0.003 -19"><span class='ocrx_word' id='word_1_749' title='bbox 527 5093 738 5163; x_wconf 75' lang='lat'><strong>1553</strong></span> <span class='ocrx_word' id='word_1_750' title='bbox 771 5109 990 5149; x_wconf 86' lang='lat' dir='ltr'><strong>crucem</strong></span> <span class='ocrx_word' id='word_1_751' title='bbox 1013 5105 1116 5160; x_wconf 51' lang='lat' dir='ltr'><strong>yet</strong></span> <span class='ocrx_word' id='word_1_752' title='bbox 1145 5097 1459 5165; x_wconf 89' lang='lat' dir='ltr'><strong>passionem</strong></span> <span class='ocrx_word' id='word_1_753' title='bbox 1484 5134 1502 5161; x_wconf 93' lang='lat'><strong>,</strong></span> <span class='ocrx_word' id='word_1_754' title='bbox 1531 5103 1586 5150; x_wconf 88' lang='lat' dir='ltr'><strong>et</strong></span> <span class='ocrx_word' id='word_1_755' title='bbox 1625 5097 2093 5152; x_wconf 89' lang='lat' dir='ltr'><strong>resurrectionem</strong></span> 
     </span>
    </p>
   </div>
   <div class='ocr_carea' id='block_1_99' title="bbox 525 5180 2124 5256">
    <p class='ocr_par' dir='ltr' id='par_1_99' title="bbox 525 5180 2124 5256">
     <span class='ocr_line' id='line_1_99' title="bbox 525 5180 2124 5256; baseline 0.001 -20"><span class='ocrx_word' id='word_1_756' title='bbox 525 5183 780 5248; x_wconf 85' lang='lat' dir='ltr'><strong>Domini,</strong></span> <span class='ocrx_word' id='word_1_757' title='bbox 814 5182 1089 5252; x_wconf 87' lang='lat' dir='ltr'><strong>spirituali</strong></span> <span class='ocrx_word' id='word_1_758' title='bbox 1121 5185 1300 5256; x_wconf 88' lang='lat' dir='ltr'><strong>gratia</strong></span> <span class='ocrx_word' id='word_1_759' title='bbox 1341 5185 1672 5239; x_wconf 85' lang='lat' dir='ltr'><strong>cumulatus</strong></span> <span class='ocrx_word' id='word_1_760' title='bbox 1701 5184 1924 5239; x_wconf 86' lang='lat' dir='ltr'><strong>divinus</strong></span> <span class='ocrx_word' id='word_1_761' title='bbox 1962 5180 2124 5255; x_wconf 14' lang='lat' dir='ltr'><strong>apo-7</strong></span> 
     </span>
    </p>
   </div>
   <div class='ocr_carea' id='block_1_100' title="bbox 592 5340 1007 5408">
    <p class='ocr_par' dir='ltr' id='par_1_100' title="bbox 592 5340 1007 5408">
     <span class='ocr_line' id='line_1_100' title="bbox 592 5340 1007 5408; baseline 0 -11"><span class='ocrx_word' id='word_1_762' title='bbox 592 5340 620 5383; x_wconf 77' lang='grc' dir='ltr'>ιι</span> <span class='ocrx_word' id='word_1_763' title='bbox 650 5340 808 5397; x_wconf 81' lang='lat' dir='ltr'><strong>Joan.</strong></span> <span class='ocrx_word' id='word_1_764' title='bbox 840 5343 1007 5408; x_wconf 83' lang='lat' dir='ltr'><strong>x,tl.</strong></span> 
     </span>
    </p>
   </div>
   <div class='ocr_carea' id='block_1_101' title="bbox 1086 5340 2115 5410">
    <p class='ocr_par' dir='ltr' id='par_1_101' title="bbox 1086 5340 2115 5410">
     <span class='ocr_line' id='line_1_101' title="bbox 1086 5340 2115 5410; baseline -0.001 -13"><span class='ocrx_word' id='word_1_765' title='bbox 1086 5354 1110 5382; x_wconf 79' lang='grc' dir='ltr'><strong>ο</strong></span> <span class='ocrx_word' id='word_1_766' title='bbox 1143 5340 1303 5400; x_wconf 82' lang='lat' dir='ltr'><strong>Joan.</strong></span> <span class='ocrx_word' id='word_1_767' title='bbox 1335 5358 1425 5410; x_wconf 83' lang='lat' dir='ltr'><strong>xv,</strong></span> <span class='ocrx_word' id='word_1_768' title='bbox 1462 5341 1547 5398; x_wconf 82' lang='lat' dir='ltr'><strong>l3.</strong></span> <span class='ocrx_word' id='word_1_769' title='bbox 1629 5341 1650 5381; x_wconf 73' lang='grc' dir='ltr'><strong><em>ῖ</em></strong></span> <span class='ocrx_word' id='word_1_770' title='bbox 1676 5340 1825 5398; x_wconf 86' lang='lat' dir='ltr'><strong>Psal.</strong></span> <span class='ocrx_word' id='word_1_771' title='bbox 1873 5358 2027 5397; x_wconf 83' lang='lat' dir='ltr'><strong>xutt.</strong></span> <span class='ocrx_word' id='word_1_772' title='bbox 2060 5344 2115 5398; x_wconf 84' lang='lat'><strong>6.</strong></span> 
     </span>
    </p>
   </div>
   <div class='ocr_carea' id='block_1_102' title="bbox 2202 4641 3789 4712">
    <p class='ocr_par' dir='ltr' id='par_1_102' title="bbox 2202 4641 3789 4712">
     <span class='ocr_line' id='line_1_102' title="bbox 2202 4641 3789 4712; baseline -0.002 -16"><span class='ocrx_word' id='word_1_773' title='bbox 2202 4643 2495 4706; x_wconf 78' lang='grc' dir='ltr'>πεπτωκὸς</span> <span class='ocrx_word' id='word_1_774' title='bbox 2532 4642 2642 4696; x_wconf 86' lang='grc' dir='ltr'><strong>τῶν</strong></span> <span class='ocrx_word' id='word_1_775' title='bbox 2698 4642 2972 4710; x_wconf 81' lang='grc' dir='ltr'>δαιμόνων</span> <span class='ocrx_word' id='word_1_776' title='bbox 3012 4642 3074 4694; x_wconf 75' lang='grc' dir='ltr'><strong>τὸ</strong></span> <span class='ocrx_word' id='word_1_777' title='bbox 3114 4643 3292 4709; x_wconf 83' lang='grc' dir='ltr'>γένος,</span> <span class='ocrx_word' id='word_1_778' title='bbox 3337 4641 3386 4694; x_wconf 85' lang='grc' dir='ltr'>οἳ</span> <span class='ocrx_word' id='word_1_779' title='bbox 3419 4643 3517 4712; x_wconf 73' lang='grc' dir='ltr'>τὴν</span> <span class='ocrx_word' id='word_1_780' title='bbox 3551 4641 3789 4711; x_wconf 75' lang='grc' dir='ltr'>φυσικὴν</span> 
     </span>
    </p>
   </div>
   <div class='ocr_carea' id='block_1_103' title="bbox 2198 4729 3784 4800">
    <p class='ocr_par' dir='ltr' id='par_1_103' title="bbox 2198 4729 3784 4800">
     <span class='ocr_line' id='line_1_103' title="bbox 2198 4729 3784 4800; baseline 0 -17"><span class='ocrx_word' id='word_1_781' title='bbox 2198 4729 2309 4783; x_wconf 80' lang='grc' dir='ltr'><strong>τῶν</strong></span> <span class='ocrx_word' id='word_1_782' title='bbox 2354 4730 2627 4784; x_wconf 73' lang='grc' dir='ltr'>Αἰθιόπων</span> <span class='ocrx_word' id='word_1_783' title='bbox 2673 4730 2844 4800; x_wconf 87' lang='grc' dir='ltr'>χρόαν</span> <span class='ocrx_word' id='word_1_784' title='bbox 2885 4731 2944 4781; x_wconf 79' lang='grc' dir='ltr'>ὲν</span> <span class='ocrx_word' id='word_1_785' title='bbox 2974 4732 3042 4798; x_wconf 81' lang='grc' dir='ltr'>τῇ</span> <span class='ocrx_word' id='word_1_786' title='bbox 3077 4730 3394 4800; x_wconf 80' lang='grc' dir='ltr'>προαιρέσει</span> <span class='ocrx_word' id='word_1_787' title='bbox 3432 4729 3784 4800; x_wconf 81' lang='grc' dir='ltr'>μιμούμενοι,</span> 
     </span>
    </p>
   </div>
   <div class='ocr_carea' id='block_1_104' title="bbox 2198 4819 3790 4892">
    <p class='ocr_par' dir='ltr' id='par_1_104' title="bbox 2198 4819 3790 4892">
     <span class='ocr_line' id='line_1_104' title="bbox 2198 4819 3790 4892; baseline -0.001 -18"><span class='ocrx_word' id='word_1_788' title='bbox 2198 4822 2297 4885; x_wconf 78' lang='grc' dir='ltr'>τὰς</span> <span class='ocrx_word' id='word_1_789' title='bbox 2326 4821 2434 4874; x_wconf 86' lang='grc' dir='ltr'>τῶν</span> <span class='ocrx_word' id='word_1_790' title='bbox 2466 4822 2771 4892; x_wconf 85' lang='grc' dir='ltr'>ἀνθρώπων</span> <span class='ocrx_word' id='word_1_791' title='bbox 2800 4819 3113 4883; x_wconf 72' lang='grc' dir='ltr'>ἐξαπατῶσι</span> <span class='ocrx_word' id='word_1_792' title='bbox 3160 4819 3358 4888; x_wconf 79' lang='grc' dir='ltr'>ψυχάς.</span> <span class='ocrx_word' id='word_1_793' title='bbox 3401 4819 3465 4872; x_wconf 82' lang='lat' dir='ltr'><strong>Ei</strong></span> <span class='ocrx_word' id='word_1_794' title='bbox 3494 4819 3549 4874; x_wconf 81' lang='grc' dir='ltr'>δὲ</span> <span class='ocrx_word' id='word_1_795' title='bbox 3575 4821 3670 4874; x_wconf 80' lang='grc' dir='ltr'>καὶ</span> <span class='ocrx_word' id='word_1_796' title='bbox 3694 4821 3790 4873; x_wconf 66' lang='grc' dir='ltr'><strong>ἐπὶ</strong></span> 
     </span>
    </p>
   </div>
   <div class='ocr_carea' id='block_1_105' title="bbox 2198 4909 3792 4984">
    <p class='ocr_par' dir='ltr' id='par_1_105' title="bbox 2198 4909 3792 4984">
     <span class='ocr_line' id='line_1_105' title="bbox 2198 4909 3792 4984; baseline 0 -20"><span class='ocrx_word' id='word_1_797' title='bbox 2198 4912 2310 4964; x_wconf 85' lang='grc' dir='ltr'><strong>τῶν</strong></span> <span class='ocrx_word' id='word_1_798' title='bbox 2338 4911 2642 4980; x_wconf 76' lang='grc' dir='ltr'>ἀνθρώπων</span> <span class='ocrx_word' id='word_1_799' title='bbox 2665 4909 2842 4964; x_wconf 79' lang='grc' dir='ltr'>ταῦτά</span> <span class='ocrx_word' id='word_1_800' title='bbox 2868 4926 2953 4973; x_wconf 88' lang='grc' dir='ltr'><strong>τις</strong></span> <span class='ocrx_word' id='word_1_801' title='bbox 2982 4909 3156 4962; x_wconf 75' lang='grc' dir='ltr'>ἐθέλει</span> <span class='ocrx_word' id='word_1_802' title='bbox 3189 4912 3352 4972; x_wconf 76' lang='grc' dir='ltr'>νοεῖν,</span> <span class='ocrx_word' id='word_1_803' title='bbox 3387 4911 3483 4964; x_wconf 81' lang='grc' dir='ltr'>τοῦ</span> <span class='ocrx_word' id='word_1_804' title='bbox 3511 4916 3612 4984; x_wconf 76' lang='grc' dir='ltr'>τῆς</span> <span class='ocrx_word' id='word_1_805' title='bbox 3637 4913 3792 4975; x_wconf 82' lang='grc' dir='ltr'>θείας</span> 
     </span>
    </p>
   </div>
   <div class='ocr_carea' id='block_1_106' title="bbox 2202 5001 3789 5076">
    <p class='ocr_par' dir='ltr' id='par_1_106' title="bbox 2202 5001 3789 5076">
     <span class='ocr_line' id='line_1_106' title="bbox 2202 5001 3789 5076; baseline -0.001 -18"><span class='ocrx_word' id='word_1_806' title='bbox 2202 5005 2427 5076; x_wconf 66' lang='grc' dir='ltr'>Γραφῆς</span> <span class='ocrx_word' id='word_1_807' title='bbox 2452 5005 2551 5058; x_wconf 79' lang='grc' dir='ltr'><strong>οὐκ</strong></span> <span class='ocrx_word' id='word_1_808' title='bbox 2580 5005 2893 5057; x_wconf 73' lang='grc' dir='ltr'>ἐκπεσεῖται</span> <span class='ocrx_word' id='word_1_809' title='bbox 2923 5001 3126 5054; x_wconf 88' lang='grc' dir='ltr'>σκοποῦ</span> <span class='ocrx_word' id='word_1_810' title='bbox 3145 5017 3158 5030; x_wconf 92' lang='grc'><strong>·</strong></span> <span class='ocrx_word' id='word_1_811' title='bbox 3193 5002 3331 5072; x_wconf 82' lang='grc' dir='ltr'>μετὰ</span> <span class='ocrx_word' id='word_1_812' title='bbox 3352 5003 3462 5074; x_wconf 87' lang='grc' dir='ltr'><strong>γὰρ</strong></span> <span class='ocrx_word' id='word_1_813' title='bbox 3491 5004 3585 5058; x_wconf 78' lang='grc' dir='ltr'><strong>τὸν</strong></span> <span class='ocrx_word' id='word_1_814' title='bbox 3611 5005 3789 5073; x_wconf 82' lang='grc' dir='ltr'>σωτή-</span> 
     </span>
    </p>
   </div>
   <div class='ocr_carea' id='block_1_107' title="bbox 2209 5093 3788 5170">
    <p class='ocr_par' dir='ltr' id='par_1_107' title="bbox 2209 5093 3788 5170">
     <span class='ocr_line' id='line_1_107' title="bbox 2209 5093 3788 5170; baseline -0.001 -21"><span class='ocrx_word' id='word_1_815' title='bbox 2209 5113 2323 5170; x_wconf 89' lang='grc' dir='ltr'>ριον</span> <span class='ocrx_word' id='word_1_816' title='bbox 2350 5096 2602 5168; x_wconf 79' lang='grc' dir='ltr'>σταυρὸν,</span> <span class='ocrx_word' id='word_1_817' title='bbox 2640 5097 2736 5150; x_wconf 72' lang='grc' dir='ltr'>καὶ</span> <span class='ocrx_word' id='word_1_818' title='bbox 2763 5095 2825 5147; x_wconf 84' lang='grc' dir='ltr'><strong>τὸ</strong></span> <span class='ocrx_word' id='word_1_819' title='bbox 2862 5093 3054 5158; x_wconf 84' lang='grc' dir='ltr'>πάθος,</span> <span class='ocrx_word' id='word_1_820' title='bbox 3097 5094 3195 5147; x_wconf 77' lang='grc' dir='ltr'>καὶ</span> <span class='ocrx_word' id='word_1_821' title='bbox 3224 5093 3322 5165; x_wconf 77' lang='grc' dir='ltr'><strong>τὴν</strong></span> <span class='ocrx_word' id='word_1_822' title='bbox 3361 5094 3660 5148; x_wconf 73' lang='grc' dir='ltr'>ἀνάστασιν</span> <span class='ocrx_word' id='word_1_823' title='bbox 3691 5095 3788 5147; x_wconf 74' lang='grc' dir='ltr'>τοῦ</span> 
     </span>
    </p>
   </div>
   <div class='ocr_carea' id='block_1_108' title="bbox 2206 5182 3789 5256">
    <p class='ocr_par' dir='ltr' id='par_1_108' title="bbox 2206 5182 3789 5256">
     <span class='ocr_line' id='line_1_108' title="bbox 2206 5182 3789 5256; baseline -0.002 -17"><span class='ocrx_word' id='word_1_824' title='bbox 2206 5186 2498 5251; x_wconf 79' lang='grc' dir='ltr'>Δεσπότου,</span> <span class='ocrx_word' id='word_1_825' title='bbox 2544 5185 2644 5255; x_wconf 83' lang='grc' dir='ltr'>τῆς</span> <span class='ocrx_word' id='word_1_826' title='bbox 2689 5183 3072 5256; x_wconf 80' lang='grc' dir='ltr'>πνευματικῆς</span> <span class='ocrx_word' id='word_1_827' title='bbox 3118 5183 3341 5254; x_wconf 79' lang='grc' dir='ltr'>χάριτος</span> <span class='ocrx_word' id='word_1_828' title='bbox 3386 5182 3725 5254; x_wconf 75' lang='grc' dir='ltr'>ἐμπλησθεὶς</span> <span class='ocrx_word' id='word_1_829' title='bbox 3759 5186 3789 5236; x_wconf 90' lang='lat'><strong>6</strong></span> 
     </span>
    </p>
   </div>
   <div class='ocr_carea' id='block_1_109' title="bbox 1805 5475 2486 5537">
    <p class='ocr_par' dir='ltr' id='par_1_109' title="bbox 1805 5475 2486 5537">
     <span class='ocr_line' id='line_1_109' title="bbox 1805 5475 2486 5537; baseline 0.001 -4"><span class='ocrx_word' id='word_1_830' title='bbox 1805 5477 1893 5533; x_wconf 83' lang='lat' dir='ltr'><strong>VA</strong></span> <span class='ocrx_word' id='word_1_831' title='bbox 1903 5475 2039 5532; x_wconf 71' lang='lat' dir='ltr'><strong>[{le</strong></span> <span class='ocrx_word' id='word_1_832' title='bbox 2079 5477 2486 5537; x_wconf 75' lang='lat' dir='ltr'><strong>LECTIONES.</strong></span> 
     </span>
    </p>
   </div>
   <div class='ocr_carea' id='block_1_110' title="bbox 590 5590 1491 5661">
    <p class='ocr_par' dir='ltr' id='par_1_110' title="bbox 590 5590 1491 5661">
     <span class='ocr_line' id='line_1_110' title="bbox 590 5590 1491 5661; baseline -0.003 -13"><span class='ocrx_word' id='word_1_833' title='bbox 590 5594 638 5627; x_wconf 82' lang='lat'>”</span> <span class='ocrx_word' id='word_1_834' title='bbox 668 5593 718 5648; x_wconf 90' lang='grc' dir='ltr'><strong>δ.</strong></span> <span class='ocrx_word' id='word_1_835' title='bbox 745 5591 874 5659; x_wconf 75' lang='grc' dir='ltr'>δεῒξ.</span> <span class='ocrx_word' id='word_1_836' title='bbox 908 5592 1053 5661; x_wconf 77' lang='lat' dir='ltr'><strong>Loco</strong></span> <span class='ocrx_word' id='word_1_837' title='bbox 1085 5593 1183 5648; x_wconf 91' lang='lat' dir='ltr'><strong>cit.</strong></span> <span class='ocrx_word' id='word_1_838' title='bbox 1214 5593 1320 5661; x_wconf 89' lang='lat' dir='ltr'><strong>leg.</strong></span> <span class='ocrx_word' id='word_1_839' title='bbox 1357 5590 1491 5660; x_wconf 79' lang='grc' dir='ltr'>ἔχει.</span> 
     </span>
    </p>
   </div>
   <div class='ocr_carea' id='block_1_111' title="bbox 1599 5590 3790 5665">
    <p class='ocr_par' dir='ltr' id='par_1_111' title="bbox 1599 5590 3790 5665">
     <span class='ocr_line' id='line_1_111' title="bbox 1599 5590 3790 5665; baseline 0.001 -20"><span class='ocrx_word' id='word_1_840' title='bbox 1599 5593 1641 5624; x_wconf 83' lang='grc'>¹¹</span> <span class='ocrx_word' id='word_1_841' title='bbox 1678 5592 1767 5664; x_wconf 81' lang='grc' dir='ltr'><strong>θῇ.</strong></span> <span class='ocrx_word' id='word_1_842' title='bbox 1811 5591 1956 5665; x_wconf 72' lang='lat' dir='ltr'><strong>Loco</strong></span> <span class='ocrx_word' id='word_1_843' title='bbox 1986 5591 2081 5665; x_wconf 82' lang='lat' dir='ltr'><strong>cit.</strong></span> <span class='ocrx_word' id='word_1_844' title='bbox 2116 5603 2234 5662; x_wconf 91' lang='lat' dir='ltr'><strong>post</strong></span> <span class='ocrx_word' id='word_1_845' title='bbox 2257 5593 2388 5663; x_wconf 73' lang='grc' dir='ltr'>ψυχ.</span> <span class='ocrx_word' id='word_1_846' title='bbox 2428 5593 2553 5665; x_wconf 82' lang='grc' dir='ltr'>αὐτ.</span> <span class='ocrx_word' id='word_1_847' title='bbox 2591 5594 2837 5665; x_wconf 84' lang='lat' dir='ltr'><strong>ponitur.</strong></span> <span class='ocrx_word' id='word_1_848' title='bbox 2913 5592 2959 5626; x_wconf 81' lang='grc'>”</span> <span class='ocrx_word' id='word_1_849' title='bbox 2988 5592 3100 5665; x_wconf 37' lang='grc' dir='ltr'><strong>νῦη</strong></span> <span class='ocrx_word' id='word_1_850' title='bbox 3139 5591 3336 5665; x_wconf 82' lang='lat' dir='ltr'><strong>Bosius</strong></span> <span class='ocrx_word' id='word_1_851' title='bbox 3364 5590 3422 5644; x_wconf 86' lang='grc' dir='ltr'>ιι.</span> <span class='ocrx_word' id='word_1_852' title='bbox 3445 5591 3495 5665; x_wconf 74' lang='lat' dir='ltr'><strong>_l.</strong></span> <span class='ocrx_word' id='word_1_853' title='bbox 3523 5601 3599 5665; x_wconf 10' lang='lat' dir='ltr'><strong>get</strong></span> <span class='ocrx_word' id='word_1_854' title='bbox 3662 5604 3790 5663; x_wconf 72' lang='lat' dir='ltr'><strong>post</strong></span> 
     </span>
    </p>
   </div>
   <div class='ocr_carea' id='block_1_112' title="bbox 519 5647 3788 5734">
    <p class='ocr_par' dir='ltr' id='par_1_112' title="bbox 519 5647 3788 5734">
     <span class='ocr_line' id='line_1_112' title="bbox 519 5647 3788 5734; baseline -0.001 -16"><span class='ocrx_word' id='word_1_855' title='bbox 519 5647 692 5734; x_wconf 85' lang='lat' dir='ltr'><strong>pauca</strong></span> <span class='ocrx_word' id='word_1_856' title='bbox 725 5647 886 5734; x_wconf 70' lang='lat' dir='ltr'><strong>habet</strong></span> <span class='ocrx_word' id='word_1_857' title='bbox 911 5647 1228 5734; x_wconf 51' lang='lat' dir='ltr'><strong>septemc,</strong></span> <span class='ocrx_word' id='word_1_858' title='bbox 1268 5647 1417 5734; x_wconf 48' lang='lat' dir='ltr'><strong>ante&quot;</strong></span> <span class='ocrx_word' id='word_1_859' title='bbox 1437 5661 1598 5718; x_wconf 88' lang='lat' dir='ltr'><strong>lectio</strong></span> <span class='ocrx_word' id='word_1_860' title='bbox 1656 5647 1876 5734; x_wconf 63' lang='lat' dir='ltr'><strong>sensum</strong></span> <span class='ocrx_word' id='word_1_861' title='bbox 1911 5647 2219 5734; x_wconf 55' lang='lat' dir='ltr'><strong>faciliorem</strong></span> <span class='ocrx_word' id='word_1_862' title='bbox 2268 5647 2467 5719; x_wconf 68' lang='lat' dir='ltr'><strong>reddit.</strong></span> <span class='ocrx_word' id='word_1_863' title='bbox 2519 5647 2888 5734; x_wconf 66' lang='grc' dir='ltr'>δί’παιδείαν</span> <span class='ocrx_word' id='word_1_864' title='bbox 2941 5647 3232 5734; x_wconf 79' lang='lat' dir='ltr'><strong>scribimus</strong></span> <span class='ocrx_word' id='word_1_865' title='bbox 3278 5662 3398 5734; x_wconf 83' lang='lat' dir='ltr'><strong>sine</strong></span> <span class='ocrx_word' id='word_1_866' title='bbox 3421 5647 3788 5734; x_wconf 63' lang='lat' dir='ltr'><strong>diphthongo,</strong></span> 
     </span>
    </p>
   </div>
   <div class='ocr_carea' id='block_1_113' title="bbox 522 5727 3108 5806">
    <p class='ocr_par' dir='ltr' id='par_1_113' title="bbox 522 5727 3108 5806">
     <span class='ocr_line' id='line_1_113' title="bbox 522 5727 3108 5806; baseline 0 -22"><span class='ocrx_word' id='word_1_867' title='bbox 522 5727 711 5806; x_wconf 66' lang='lat' dir='ltr'><strong>parum</strong></span> <span class='ocrx_word' id='word_1_868' title='bbox 743 5732 954 5806; x_wconf 66' lang='lat' dir='ltr'><strong>differet.</strong></span> <span class='ocrx_word' id='word_1_869' title='bbox 979 5727 1182 5806; x_wconf 45' lang='lat' dir='ltr'><strong>3:28}ti</strong></span> <span class='ocrx_word' id='word_1_870' title='bbox 1199 5727 1423 5806; x_wconf 46' lang='lat' dir='ltr'><strong>arista,</strong></span> <span class='ocrx_word' id='word_1_871' title='bbox 1444 5746 1565 5806; x_wconf 69' lang='lat' dir='ltr'><strong>qua:</strong></span> <span class='ocrx_word' id='word_1_872' title='bbox 1595 5742 1679 5806; x_wconf 72' lang='lat' dir='ltr'><strong>est</strong></span> <span class='ocrx_word' id='word_1_873' title='bbox 1713 5733 1879 5806; x_wconf 62' lang='lat' dir='ltr'><strong>lectip</strong></span> <span class='ocrx_word' id='word_1_874' title='bbox 1905 5731 2029 5806; x_wconf 69' lang='lat' dir='ltr'><strong>cod.</strong></span> <span class='ocrx_word' id='word_1_875' title='bbox 2056 5727 2235 5806; x_wconf 10' lang='lat' dir='ltr'><strong>Vgatic.</strong></span> <span class='ocrx_word' id='word_1_876' title='bbox 2287 5734 2333 5765; x_wconf 84' lang='grc'><strong>³³</strong></span> <span class='ocrx_word' id='word_1_877' title='bbox 2365 5739 2403 5790; x_wconf 84' lang='lat' dir='ltr'><strong>A</strong></span> <span class='ocrx_word' id='word_1_878' title='bbox 2427 5743 2482 5790; x_wconf 90' lang='lat' dir='ltr'><strong>ct</strong></span> <span class='ocrx_word' id='word_1_879' title='bbox 2510 5735 2551 5786; x_wconf 72' lang='lat' dir='ltr'><strong>t1</strong></span> <span class='ocrx_word' id='word_1_880' title='bbox 2581 5736 2808 5806; x_wconf 84' lang='grc' dir='ltr'>πορείας</span> <span class='ocrx_word' id='word_1_881' title='bbox 2837 5733 3108 5796; x_wconf 75' lang='grc' dir='ltr'>αἰωνίους.</span> 
     </span>
    </p>
   </div>
   <div class='ocr_carea' id='block_1_114' title="bbox 523 5792 2148 5874">
    <p class='ocr_par' dir='ltr' id='par_1_114' title="bbox 523 5792 2148 5874">
     <span class='ocr_line' id='line_1_114' title="bbox 523 5792 2148 5874; baseline 0.001 -19"><span class='ocrx_word' id='word_1_882' title='bbox 523 5792 569 5833; x_wconf 50' lang='grc' dir='ltr'>θ’</span> <span class='ocrx_word' id='word_1_883' title='bbox 591 5803 643 5855; x_wconf 76' lang='grc' dir='ltr'><strong>δέ</strong></span> <span class='ocrx_word' id='word_1_884' title='bbox 671 5812 724 5856; x_wconf 87' lang='lat' dir='ltr'><strong>et</strong></span> <span class='ocrx_word' id='word_1_885' title='bbox 754 5802 951 5874; x_wconf 84' lang='lat' dir='ltr'><strong>deinde</strong></span> <span class='ocrx_word' id='word_1_886' title='bbox 980 5796 1054 5857; x_wconf 86' lang='grc' dir='ltr'>ὧν</span> <span class='ocrx_word' id='word_1_887' title='bbox 1077 5802 1194 5868; x_wconf 83' lang='lat' dir='ltr'><strong>des.</strong></span> <span class='ocrx_word' id='word_1_888' title='bbox 1230 5803 1285 5855; x_wconf 87' lang='lat' dir='ltr'><strong>in</strong></span> <span class='ocrx_word' id='word_1_889' title='bbox 1319 5800 1363 5854; x_wconf 77' lang='grc' dir='ltr'><strong>Α</strong></span> <span class='ocrx_word' id='word_1_890' title='bbox 1385 5797 1438 5854; x_wconf 84' lang='lat' dir='ltr'><strong>et</strong></span> <span class='ocrx_word' id='word_1_891' title='bbox 1602 5803 1646 5834; x_wconf 77' lang='lat'><strong><em>“</em></strong></span> <span class='ocrx_word' id='word_1_892' title='bbox 1679 5802 1791 5857; x_wconf 88' lang='grc' dir='ltr'>καί.</span> <span class='ocrx_word' id='word_1_893' title='bbox 1836 5792 1959 5858; x_wconf 84' lang='lat' dir='ltr'><strong>Des.</strong></span> <span class='ocrx_word' id='word_1_894' title='bbox 2007 5802 2060 5857; x_wconf 90' lang='lat' dir='ltr'><strong>in</strong></span> <span class='ocrx_word' id='word_1_895' title='bbox 2088 5803 2148 5858; x_wconf 71' lang='grc' dir='ltr'><strong>(ἰ.</strong></span> 
     </span>
    </p>
   </div>
   <div class='ocr_carea' id='block_1_115' title="bbox 3179 5731 3786 5806">
    <p class='ocr_par' dir='ltr' id='par_1_115' title="bbox 3179 5731 3786 5806">
     <span class='ocr_line' id='line_1_115' title="bbox 3179 5731 3786 5806; baseline 0.01 -24"><span class='ocrx_word' id='word_1_896' title='bbox 3179 5731 3223 5762; x_wconf 69' lang='grc'>⁸³</span> <span class='ocrx_word' id='word_1_897' title='bbox 3263 5731 3384 5800; x_wconf 70' lang='grc' dir='ltr'>τήι.</span> <span class='ocrx_word' id='word_1_898' title='bbox 3420 5731 3500 5788; x_wconf 62' lang='lat' dir='ltr'><strong>Et</strong></span> <span class='ocrx_word' id='word_1_899' title='bbox 3533 5733 3573 5786; x_wconf 83' lang='lat' dir='ltr'><strong><em>C</em></strong></span> <span class='ocrx_word' id='word_1_900' title='bbox 3605 5731 3786 5806; x_wconf 70' lang='lat' dir='ltr'><strong>suppl.</strong></span> 
     </span>
    </p>
   </div>
  </div>
