4090 6444
313 372 340 437 1
353 371 460 437 829

1557 379 1638 439 IN
1678 377 2025 440 HABACUC
2064 381 2220 443 CAP.
2273 383 2388 444 III.

3439 397 3464 474 1
3477 400 3580 466 830

307 478 457 550 θεῖος
502 487 609 540 τῶν
661 488 975 542 ἀποστόλων
1020 490 1198 561 χορὸς,
1246 492 1342 545 καὶ
1386 491 1480 544 τοῦ
1529 493 1756 564 Μαδιάμ
1802 494 1894 555 τὰς

2005 497 2272 552 stolorum
2305 501 2546 564 chorus.
2597 511 2651 555 et
2701 501 3125 560 Madianitarum
3181 509 3576 576 tabernacula,

309 577 544 647 σκηνάς,
592 579 688 631 καὶ
729 578 838 631 τῶν
871 580 1142 634 Αἰθιόπων
1187 581 1288 642 τὰς
1323 584 1565 652 οἰκήσεις
1609 584 1888 648 ἐθεάσατο,

303 672 408 722 καὶ
448 671 629 724 πᾶσαν
658 671 757 741 τὴν
788 672 1117 743 οἰκουμένην
1151 676 1250 743 τῆς
1280 673 1432 737 Θείας
1466 675 1724 746 ἐνέπλησε
1756 676 1894 745 γνώ-

309 776 472 822 σεως.

381 858 455 919 η’.
498 869 517 902 ι
545 850 636 922 Μὴ
677 853 737 906 ἐν
771 855 1035 922 ποταμοῖς
1075 853 1376 925 ὠργίσθης,
1411 855 1604 928 Κύριε,
1645 856 1679 926 ἣ
1714 859 1773 910 ἐν
1800 875 1895 912 πο-

304 943 510 1011 ταμοῖς
535 943 564 994 ὁ
591 941 762 1012 θυμός
792 958 907 1008 σου,
936 941 968 1013 ἢ
999 945 1056 996 ἐν
1084 943 1325 1016 θαλάσσῃ
1354 945 1414 997 τὸ
1443 945 1672 1017 ὅρμημά
1702 963 1834 1014 σου;
1865 965 1888 1000 ι

309 1033 555 1097 Κλονῶν,
592 1035 779 1102 φησὶν,
825 1027 872 1086 ὦ
912 1034 1179 1096 Δέσποτα,
1229 1036 1331 1102 τὴν
1363 1036 1489 1105 γῆν,
1538 1036 1635 1088 καὶ
1685 1037 1751 1089 τὰ
1790 1037 1891 1109 ὄρη

313 1128 637 1200 συντρίϐων,
672 1129 746 1200 μὴ
783 1131 950 1182 πᾶσιν
998 1127 1196 1201 ὀργίζῃ
1241 1133 1354 1194 τοῖς
1397 1131 1594 1197 ἔθνεσι,
1626 1133 1720 1186 καὶ
1755 1147 1892 1184 παν-

308 1219 450 1274 ωλεθ
461 1220 580 1291 ρίαν
594 1220 798 1274 ἅπασιν
810 1221 1092 1290 ἐπιφέρεις
1109 1221 1412 1294 ἀνθρώποις
1429 1241 1442 1288 ;
1463 1223 1774 1294 Ποταμοὺς
1788 1226 1892 1296 γὰρ

309 1311 409 1364 καὶ
440 1309 763 1364 θάλασσαν
787 1311 856 1365 τὰ
881 1312 1006 1382 ἔθνη
1033 1313 1494 1384 προσηγόρευσεν.

388 1422 408 1453 ι
440 1403 562 1456 Ὀτι
595 1403 835 1475 ἐπιδήσῃ
883 1405 977 1456 ἐπὶ
1012 1405 1140 1467 τοὺς
1176 1405 1378 1469 ἵππους
1429 1422 1546 1469 σου,
1592 1407 1688 1460 καὶ
1724 1409 1756 1478 ή
1806 1408 1894 1460 ἰπ-

306 1493 486 1547 πασία
518 1511 611 1546 σου
647 1494 908 1565 σωτηρία.
940 1494 1052 1566 (θ’.)
1088 1497 1369 1550 Έντείνων
1395 1499 1626 1562 ἐντενεῖς
1647 1499 1708 1553 τὸ
1739 1499 1893 1567 τόξον

312 1603 410 1638 σου
447 1586 539 1638 ἐπὶ
571 1585 848 1656 σκῆπτρα,
878 1586 1028 1656 λέγει
1058 1587 1284 1658 Κύριος.
1319 1607 1336 1640 ι
1383 1589 1542 1643 Ἀλλά
1574 1590 1681 1660 γὰρ
1709 1589 1890 1660 δῆλον,

311 1677 390 1737 ὡς
435 1674 536 1743 τῆς
587 1675 700 1727 τῶν
748 1674 1055 1746 ἀνθρώπων
1120 1676 1572 1747 προμηθούμενος
1617 1679 1892 1750 σωτηρίας

307 1765 483 1818 ταῦτα
516 1766 785 1830 κστεδέξω
819 1768 889 1820 τὰ
937 1767 1106 1838 πάθη.
1144 1769 1290 1820 Arb"
1327 1769 1578 1841 καθάπερ
1621 1771 1763 1824 τισὶν
1797 1771 1890 1824 ἴπ-

310 1875 436 1920 ποις
478 1857 844 1928 ἐποχούμενος
883 1861 998 1922 τοῖς
1045 1861 1209 1930 ἱεροῖς
1241 1861 1580 1924 ἀποστόλοις,
1615 1865 1750 1915 πᾶσι
1781 1865 1894 1927 τοῖς
1928 1855 1967 1910 Β

308 1949 626 2003 πιστεύουσι
661 1951 916 2021 παρέξεις
930 1952 974 1983 ⁸⁸
1010 1951 1107 2021 τὴν
1144 1953 1420 2023 σωτηρίαν
1446 1970 1461 1984 ·
1510 1957 1622 2018 τοῖς
1651 1955 1706 2008 δὲ
1733 1955 1895 2009 κολα-

313 2044 520 2103 στικοϊς
565 2041 752 2105 ὅπλοις
808 2043 954 2097 κατὰ
1002 2043 1112 2096 τῶν
1150 2044 1537 2111 ἀντιλεγόντων
1571 2047 1772 2118 χρήσῃ,
1819 2040 1894 2101 ὧν

305 2133 683 2204 πρωτεύουσιν
710 2134 768 2187 αἱ
807 2134 900 2188 τοῦ
942 2136 1157 2207 Ἰσραὴλ
1203 2136 1407 2204 φυλαί·
1462 2137 1746 2206 σκῆπτρα
1785 2139 1894 2211 γὰρ

308 2225 561 2294 ὠνόμασε
591 2225 688 2288 τὰς
715 2225 910 2292 φυλάς.
941 2225 1128 2297 Τούτῳ
1157 2226 1317 2291 ἔοικε,
1353 2226 1415 2280 τὸ
1442 2228 1545 2280 ὑπὸ
1567 2228 1660 2281 τοῦ
1684 2230 1892 2300 Κυρίου

309 2317 440 2386 περὶ
471 2313 566 2368 τοῦ
600 2315 868 2386 μακαρίου
901 2317 1118 2370 Παύλου
1150 2319 1287 2388 πρὸς
1329 2319 1420 2372 τὸν
1465 2321 1715 2374 ’Λνανίαν
1740 2323 1893 2392 εἰρη-

312 2405 562 2478 μένονοέν
598 2406 916 2476 Δαμασκῷ·
972 2426 990 2458 ι
1025 2408 1286 2479 Πορεύου,
1317 2410 1396 2462 ὅτι
1430 2410 1620 2473 σκεῦος
1662 2412 1894 2482 ἐκλογῆς

313 2515 404 2568 μοι
434 2499 581 2550 ἐστὶν
606 2492 782 2563 οὗτος,
816 2500 913 2553 τοῦ
950 2499 1218 2570 βαστάσαι
1242 2502 1303 2554 τὸ
1331 2502 1502 2572 ὄνομά
1529 2521 1630 2573 μου
1665 2504 1893 2558 ἐνώπιον

309 2589 484 2643 ἐθνῶν
515 2591 609 2643 καὶ
641 2591 925 2662 βασιλέων,
957 2593 1053 2646 καὶ
1081 2595 1189 2646 τῶν
1221 2594 1352 2647 υἱῶν
1399 2596 1632 2668 Ἰσραήλ.
1663 2616 1681 2648 ι
1718 2597 1788 2649 Τὸ
1813 2597 1888 2662 δὲ,

314 2700 335 2731 σ
383 2682 666 2736 Ἐντείνων
700 2685 936 2748 ἐντενεῖς
983 2685 1043 2738 τδ
1088 2685 1242 2750 τόξον
1293 2703 1407 2751 σου,
1439 2707 1457 2738 ι
1513 2688 1716 2758 σφόδρα
1751 2707 1891 2760 συμ-

309 2772 486 2826 ϐαίνει
516 2773 592 2842 τῷ
625 2773 727 2827 ὑπὸ
757 2774 851 2827 τοῦ
886 2777 1157 2847 μακαρίου
1187 2776 1352 2829 Δασὶδ
1381 2779 1680 2851 εἰρημένῳ·
1721 2799 1739 2830 ι
1769 2781 1895 2833 Ἔν-

307 2881 506 2930 τεινον,
567 2867 664 2918 καὶ
712 2866 1027 2929 κατευοδοῦ,
1080 2869 1175 2920 καὶ
1224 2868 1507 2938 βασίλευεο
1557 2889 1575 2922 ι
1629 2871 1726 2924 καὶ
1776 2873 1892 2941 μετ’

307 2956 466 3025 ὀλίγα
491 2973 507 2990 ·
566 2974 586 3007 ι
613 2956 694 3010 Τὰ
741 2956 868 3028 βέλη
917 2974 1009 3010 σου
1068 2961 1403 3030 ἠκονημένα,
1432 2962 1654 3023 Δυνατὲ,
1713 2962 1827 3015 λαοὶ
1847 2963 1892 2996 ¹⁹

311 3045 571 3100 ὑποκάτω
619 3063 713 3100 σου
761 3046 1054 3102 πεσοῦνται
1088 3050 1146 3102 ἐν
1184 3050 1386 3120 καρδίᾳ
1418 3051 1528 3103 τῶν
1562 3051 1772 3121 ἐχθρῶν
1798 3051 1892 3107 τοῦ

311 3138 595 3206 βασιλέως.
641 3157 660 3189 ι
715 3165 786 3178 -
843 3157 860 3190 ι
900 3142 1172 3210 Ποταμοῖς
1221 3143 1605 3213 ραγήσεταιή
1662 3146 1732 3215 γῆ
1760 3145 1825 3200 ⁸⁸.
1869 3164 1888 3196 ι

310 3229 581 3300 Καθάπερ
601 3229 708 3302 γὰρ
735 3233 782 3284 οι
807 3230 1036 3301 γηπόνοι
1066 3233 1147 3294 εἰς
1179 3231 1453 3303 διώρυγας
1479 3234 1744 3305 διαιροῦσι
1766 3239 1893 3299 τοὺς

311 3321 613 3390 ποταμοὺς,
667 3321 890 3392 άρδείαν
929 3325 996 3394 τῇ
1033 3325 1102 3392 γῇ
1136 3323 1480 3393 σοφιζόμενοι
1514 3341 1529 3354 ο
1577 3324 1751 3388 οὕτως
1781 3320 1891 3378 οἷόν

309 3428 463 3474 τινας
491 3413 820 3482 ποταμοὺς,
861 3414 988 3477 τοὺς
1030 3413 1209 3476 θείους
1259 3415 1590 3478 ἀποστόλους
1640 3417 1733 3468 καὶ
1766 3417 1892 3479 τοὺς

312 3503 538 3556 ἐκείνων
561 3503 886 3568 ἀκολούθους
913 3505 1236 3575 διαιρήσεις,
1267 3506 1364 3558 καὶ
1389 3507 1488 3578 τήν
1517 3507 1891 3578 πνευματικήν

310 3593 532 3664 ὰρδείαν
561 3597 674 3657 τοίς
704 3595 1014 3664 ἀνθρώποις
1049 3596 1380 3665 προσοίσεις.

384 3691 434 3738 ι’.
483 3706 502 3737 ‹
536 3685 797 3755 Ὄψονταί
819 3692 902 3751 σε,
935 3689 1028 3741 καὶ
1052 3688 1370 3759 ὼδινήσουσι
1395 3688 1533 3743 λαοί.
1568 3706 1587 3741 ι
1611 3688 1812 3759 Διπλῆν
1834 3688 1892 3742 δὲ

309 3775 471 3829 τοῦτο
494 3775 736 3828 διάνοιαν
765 3776 898 3846 ἔχει.
920 3776 988 3830 Οἵ
1009 3793 1065 3829 τε
1088 3777 1197 3847 γὰρ
1218 3777 1640 3840 πεπιστευκότες
1660 3778 1893 3849 ὁρῶντές

313 3883 408 3919 σου
442 3868 889 3940 προφαινομένην
933 3868 1031 3938 τὴν
1075 3869 1304 3939 δύναμιν
1351 3870 1534 3940 ἐρῶσι,
1588 3871 1682 3923 καὶ
1731 3871 1894 3924 οἱονεὶ

311 3956 792 4020 ιέιδίνουσιν,’ἰδεῖν
847 3977 940 4012 σου
990 3959 1282 4024 ποθοῦντες
1332 3960 1432 4031 τὴν
1479 3961 1696 4014 αἰώνιον
1741 3961 1894 4030 βασι-

311 4049 462 4102 λείαν
490 4066 503 4080 °
550 4051 604 4103 οἵ
641 4069 699 4102 τε
733 4052 962 4122 ἀπιστία
991 4052 1349 4122 κατεχόμενοι
1380 4052 1596 4116 ὀδύναις
1637 4053 1893 4120 γυναικὸς

312 4141 611 4210 ὼδινούσης
637 4141 1019 4212 βληθήσονται,
1046 4142 1366 4212 φθονοῦντες
1395 4143 1487 4202 καὶ¹
1511 4143 1893 4212 βασκαίνοντες

313 4248 408 4283 σου
439 4233 502 4301 τῇ
533 4231 679 4304 δόξῃ.
716 4250 735 4282 ι
774 4232 1093 4301 Σκορπίζων
1125 4232 1296 4284 ὕδατα
1323 4232 1547 4302 πορείας
1581 4231 1745 4284 αὑτοῦ
1760 4233 1823 4284 ³⁸.
1867 4248 1886 4281 ι

310 4319 423 4372 Καὶ
463 4319 624 4372 τοῦτο
673 4323 785 4384 τοῖς
822 4321 1138 4392 εἰρημένοις
1182 4321 1489 4393 συμϐαίνει.
1543 4321 1625 4374 Τὰ
1654 4321 1762 4392 γὰρ
1795 4321 1894 4390 τῆς

312 4410 464 4473 θείας
491 4410 652 4464 αὐτοῦ
681 4411 1028 4476 διδασκαλίας
1071 4413 1238 4466 ὕδατα
1279 4414 1368 4466 διὰ
1410 4414 1519 4467 τῶν
1563 4412 1723 4466 θείων
1754 4415 1892 4467 ιῖιποσ⁸

312 4499 518 4553 στόλων
543 4502 622 4563 εἰς
655 4503 834 4557 πάντα
866 4503 937 4556 τὰ
969 4503 1097 4575 ἔθνη
1128 4504 1418 4575 διένειμεν.

383 4691 403 4724 ι
433 4673 677 4727 Ἔδωκεν
711 4677 743 4746 ή
779 4674 1016 4740 ἄϐυσσος
1045 4678 1230 4748 φωνὴν
1278 4678 1472 4747 αὐτῆς,
1510 4677 1644 4746 ὕψος
1689 4694 1894 4746 φαντα-

313 4764 438 4828 σίας
462 4765 634 4836 αὐτῆς
658 4767 874 4837 ἐπήρθη
892 4768 958 4821 ⁸².
992 4768 1130 4840 (ια’.)
1171 4769 1230 4822 '0
1247 4769 1293 4800 ³³
1321 4768 1471 4838 ἥλιος
1499 4770 1596 4822 καὶ
1626 4770 1659 4838 ἡ
1696 4769 1894 4840 σελήνη

310 4855 444 4924 ἔστη
472 4857 530 4908 ἐν
569 4859 634 4927 τῇ
668 4857 819 4923 τάξει
861 4860 1053 4930 αὐτῆς.
1092 4879 1111 4912 ι
1156 4861 1444 4930 Ἐπέμεινε
1475 4863 1541 4932 τῇ
1573 4863 1770 4932 τροπῇ.
1800 4861 1896 4915 καὶ

311 4945 417 5015 τὴν
453 4945 562 4999 τῶν
595 4949 884 5019 νοημάτων
929 4950 1255 5004 ἀκολουθίαν
1287 4950 1542 5020 ἐφύλαξε.
1584 4951 1898 5020 Ποταμοὺς

312 5038 426 5109 γὰρ
447 5038 574 5102 τοὺς
607 5041 786 5112 ἱεροὺς
812 5042 1144 5106 ἀποστόλους
1171 5042 1642 5114 προσαγορεύσας,
1671 5042 1897 5097 adduco

310 5140 439 5180 σαν
465 5128 722 5199 ὀνομάζει
762 5129 834 5183 τὰ
864 5129 992 5202 ἔθνη
1041 5133 1106 5202 τῇ
1156 5131 1258 5200 τῆς
1310 5131 1568 5195 ἀσεϐείας
1608 5131 1897 5204 πικρότητι

314 5219 678 5290 κατεχόμενα.
734 5222 894 5275 Ἀλλά
935 5222 1187 5292 καθάπερ
1216 5225 1479 5293 ποταμῶν
1509 5223 1899 5277 εἰσϐαλλόντων

391 5395 416 5434 ε
447 5395 566 5452 Act.
616 5396 787 5464 Ix,l5.
865 5397 892 5437 ιι
925 5396 1069 5454 Psal.
1105 5359 1250 5465 xtw,
1285 5399 1338 5454 5.
1424 5399 1612 5455 iibid.
1649 5398 1702 5454 ο.

2002 595 2056 641 et
2084 587 2405 659 {Ethiopum
2439 591 2810 649 habitationes
2841 596 3018 660 vidit,
3051 607 3104 651 et
3137 614 3356 656 omnem
3388 603 3578 661 orbem

2001 688 2162 734 terra:
2191 682 2377 736 divina
2410 685 2725 755 cognitione
2758 685 3098 757 adimplevit.
3557 683 3561 687 ’

2074 855 2239 913 Vens.
2267 858 2322 912 8.
2355 877 2373 908 ι
2396 858 2534 913 Num
2561 859 2615 913 in
2646 858 2966 917 ﬂuminibus
2991 862 3165 917 iratus
3195 876 3276 929 es,
3303 862 3535 918 Domine
3561 865 3582 918 1

1999 953 2097 998 aut
2129 947 2185 1000 in
2221 946 2542 1001 ﬂuminibus
2576 948 2731 1002 furor
2763 959 2926 1013 tuus,
2961 951 3046 1004 vel
3076 951 3131 1004 in
3164 953 3302 1006 mari
3342 953 3580 1023 impetus

2001 1037 2177 1091 tuus?
2207 1057 2225 1089 ι
2255 1036 2480 1092 Terram
2505 1078 2518 1104 ,
2553 1040 2768 1109 inquit,
2824 1043 3174 1108 concutiens,
3218 1042 3480 1110 Domine,
3523 1054 3580 1101 et

2001 1137 2219 1186 montes
2246 1139 2579 1196 conterens,
2611 1149 2744 1186 num
2789 1135 3048 1191 omnibus
3098 1136 3360 1192 irasceris
3402 1140 3580 1206 genti-

2000 1220 2134 1284 bus,
2168 1229 2220 1275 et
2250 1223 2548 1291 perniciem
2577 1225 2836 1279 omnibus
2866 1225 3038 1281 infers
3065 1225 3418 1282 hominibus?
3444 1225 3581 1280 Flu-

2001 1312 2148 1365 mina
2177 1315 2322 1366 enim
2365 1322 2420 1368 et
2456 1332 2603 1370 mare
2643 1317 2948 1387 appellavit
2981 1326 3195 1389 gentes.

2075 1421 2094 1454 ι
2127 1403 2266 1470 Quia
2301 1406 2574 1463 aseendes
2605 1422 2776 1478 super
2813 1424 2991 1480 equos
3028 1417 3155 1464 tuos
3177 1450 3193 1475 ,
3226 1415 3280 1464 et
3312 1408 3582 1479 equitatio

1999 1501 2091 1548 tua
2142 1497 2312 1551 salus.
2349 1496 2560 1568 (Vens.
2599 1499 2699 1570 9.)
2733 1501 3029 1555 lntendens
3080 1501 3336 1555 intendes
3391 1514 3580 1554 arcum

1998 1596 2152 1641 tuum
2195 1605 2363 1660 super
2411 1599 2665 1660 sceptra,
2700 1589 2837 1644 dicit
2867 1587 3155 1645 Dominus.
3190 1609 3208 1641 ι
3248 1592 3318 1643 At
3349 1591 3586 1644 manife-

1999 1695 2145 1739 stum
2173 1695 2258 1739 est
2299 1691 2351 1738 te
2391 1683 2676 1737 hominum
2727 1681 2930 1736 salutis
2963 1683 3140 1752 gratia
3173 1683 3273 1737 hos
3300 1681 3581 1737 cruciatus

2001 1777 2316 1846 pertulisse.
2369 1772 2530 1828 Unde
2578 1773 2753 1828 sacris
2805 1773 3073 1843 apostolis
3111 1783 3376 1842 tanquam
3417 1773 3580 1841 equis

1997 1866 2330 1936 quibusdam
2365 1863 2616 1919 insidens
2635 1904 2648 1924 ,
2678 1862 2935 1916 omnibus
2963 1861 3316 1916 credentibus
3341 1862 3578 1916 salutem

1997 1957 2193 2012 aﬂeres
2223 1975 2235 2010 :
2268 1955 2568 2010 ultricibus
2596 1961 2782 2008 autem
2815 1954 2984 2007 armis
3012 1961 3205 2007 contra
3239 1951 3580 2020 refragantes

1997 2049 2204 2113 uteris,
2248 2047 2394 2101 inter
2431 2059 2572 2116 quos
2618 2044 2825 2114 primas
2864 2050 3056 2097 tenent
3099 2041 3279 2095 tribus
3317 2038 3538 2094 lsraelis
3563 2076 3579 2100 .

1996 2157 2123 2195 nam
2175 2151 2383 2208 sceptra
2433 2136 2738 2191 nominavit
2768 2138 2780 2198 ἶ
2808 2135 3008 2188 tribus.
3060 2132 3198 2186 lluic
3237 2131 3416 2187 simile
3453 2137 3579 2194 est,

1995 2230 2140 2301 quod
2179 2228 2444 2282 Dominus
2476 2225 2544 2281 de
2582 2225 2748 2280 beato
2785 2222 2958 2277 Paulo
3017 2223 3244 2276 Ananiae
3287 2222 3426 2275 dixit
3476 2219 3583 2273 Da-

1993 2321 2169 2376 masci
2199 2339 2212 2373 :
2245 2339 2262 2372 ‹
2293 2317 2443 2372 Vade
2465 2357 2480 2382 ,
2511 2317 2774 2388 quoniam
2824 2330 2924 2369 vas
2969 2314 3260 2369 electionis
3307 2320 3394 2368 est
3445 2312 3579 2365 mihi

1996 2412 2132 2473 iste,
2170 2417 2229 2463 ut
2268 2416 2449 2478 portet
2496 2422 2696 2461 nomen
2749 2419 2930 2459 meum
2979 2419 3166 2457 coram
3221 2403 3477 2472 gentibus
3524 2410 3580 2456 et

1997 2502 2220 2574 regibus
2243 2543 2257 2566 ,
2298 2509 2351 2555 et
2386 2496 2513 2553 ﬁliis
2549 2499 2770 2552 Israelis
2804 2499 2852 2548 ε.
2887 2517 2904 2548 ›
2934 2495 3090 2560 Quod
3123 2509 3255 2549 vero
3289 2493 3404 2548 ait:
3438 2511 3456 2544 ι
3489 2493 3581 2547 ln'-

1995 2596 2229 2650 tendens
2283 2593 2542 2649 intendes
2598 2607 2790 2644 arcum
2846 2597 3047 2652 tuum,
3084 2607 3101 2639 ι
3137 2595 3262 2657 apte
3321 2587 3581 2642 convenit

1994 2702 2122 2741 cum
2160 2686 2246 2739 his
2279 2700 2401 2755 qua:
2437 2699 2465 2736 a
2501 2684 2666 2739 beato
2700 2681 2906 2735 Davide
2936 2679 3200 2734 dicuntur
3228 2695 3240 2732 :
3274 2696 3290 2727 ι
3314 2678 3575 2741 Intende,

1995 2794 2258 2850 prospere
2309 2777 2583 2846 procede,
2639 2784 2695 2831 et
2744 2790 2916 2846 regna
2951 2775 3018 2842 h;
3053 2794 3071 2826 ι
3101 2781 3153 2828 et
3195 2782 3316 2842 post
3359 2787 3535 2842 pauca
3555 2773 3576 2825 ἐ

2003 2891 2020 2922 ι
2057 2870 2283 2938 Sagitta:
2315 2879 2420 2922 tua;
2449 2877 2625 2921 acutae
2646 2906 2661 2928 .
2690 2865 3125 2932 Potentissime,
3158 2865 3350 2935 populi
3391 2865 3496 2918 sub
3529 2873 3583 2919 te

1996 2963 2195 3016 cadent
2249 2962 2299 3014 iu
2354 2959 2518 3013 corde
2556 2957 2771 3030 1554
2808 2957 3154 3012 inimicorum
3208 2957 3354 3026 regis
3393 2957 3436 3009 ι.
3471 2975 3488 3007 ι
3513 2941 3565 2995 -ὲ

2002 3071 2020 3104 ι
2055 3051 2262 3106 Fluviis
2300 3050 2586 3106 seindetur
2659 3060 2827 3104 terra.
2863 3068 2881 3101 ›
2911 3048 3383 3114 Quemadmodum
3423 3048 3569 3101 enim

1999 3144 2255 3213 agricolae
2304 3143 2358 3196 in
2410 3141 2590 3197 fossas
2641 3140 2895 3196 derivant
2930 3138 3131 3192 ﬂuvios
3158 3179 3172 3202 ,
3208 3147 3270 3192 ut
3306 3138 3583 3208 irrigatio-

1997 3252 2120 3291 nem
2165 3244 2325 3290 terrm
2361 3241 2593 3303 parent:
2637 3232 2718 3287 sic
2761 3240 3022 3300 tanquam
3063 3230 3294 3298 ﬂumina
3332 3229 3580 3298 qtttedam

1994 3331 2214 3386 divinos
2244 3327 2529 3398 apostolos
2569 3333 2623 3379 et
2662 3333 2972 3379 sectatores
3007 3337 3200 3378 eorum
3240 3321 3578 3381 distribues,

1992 3429 2046 3477 et
2083 3420 2427 3492 spiritualem
2464 3417 2847 3490 irrigationem
2887 3415 3212 3471 hominibus
3244 3413 3463 3468 aﬂeres.
3561 3405 3569 3414 ’

2063 3678 2232 3734 Vens.
2271 3677 2360 3734 10.
2392 3695 2411 3727 ι
2446 3674 2726 3731 Videbunt
2756 3680 2808 3728 te
2829 3713 2844 3740 ,
2876 3679 2932 3727 et
2964 3671 3232 3727 dolebunt
3273 3671 3419 3726 sicut
3453 3685 3582 3742 par-

1997 3773 2249 3845 turiens,
2287 3769 2498 3840 p0puli.
2533 3787 2551 3820 ›
2580 3767 2697 3822 Hoc
2737 3781 2870 3822 vero
2909 3765 3186 3834 duplicem
3235 3764 3578 3818 intellectum

1997 3865 2182 3920 habet.
2220 3862 2354 3916 Nam
2383 3871 2438 3917 et
2472 3859 2565 3931 qui
2596 3857 2992 3920 crediderunt,
3024 3863 3300 3926 patentem
3331 3857 3582 3910 videntes

1995 3957 2298 4026 potentiam
2333 3960 2482 4005 tuam
2508 3992 2522 4017 ,
2552 3958 2741 4004 amant
2768 3957 2823 4002 et
2847 3946 3165 4016 parturiunt
3194 3944 3472 3998 desiderio
3503 3947 3584 3997 vi-

1995 4044 2157 4098 dendi
2187 4055 2421 4111 regnum
2449 4047 2604 4092 tuum
2640 4036 3036 4106 sempiternum
3065 4052 3078 4088 :
3117 4040 3170 4087 et
3203 4033 3294 4102 qui
3324 4033 3596 4087 incredu-‘

1995 4134 2148 4188 litate
2199 4131 2544 4193 detinentur,
2595 4128 2853 4183 mulieris
2899 4126 3263 4196 parturientis
3309 4126 3533 4179 dolores
3561 4129 3577 4148 ⁶

1996 4222 2384 4286 sustinebunt,
2422 4221 2766 4275 tabescentes
2805 4219 3008 4273 invidia
3042 4217 3231 4290 gloriae
3265 4225 3389 4272 tuae.
3440 4237 3457 4268 ι
3489 4215 3580 4269 Di-

1998 4328 2259 4382 spergens
2305 4325 2479 4380 aquas
2523 4310 2744 4365 itineris
2784 4311 2930 4380 ejus.
2966 4329 2983 4359 ι
3024 4308 3150 4363 llam
3201 4323 3420 4378 quoque
3465 4309 3579 4375 join

1996 4406 2158 4460 dictis
2189 4405 2525 4459 conveniunt
2556 4421 2569 4457 :
2607 4417 2780 4473 aquas
2830 4403 2977 4456 enim
3023 4401 3225 4455 divinae
3266 4416 3380 4455 suae
3412 4399 3582 4452 disci-

1925 4537 1973 4595 υ
1999 4497 2164 4567 plinas
2194 4511 2290 4566 per
2315 4495 2536 4550 divinos
2569 4494 2852 4564 apostolos
2881 4495 2936 4548 in
2970 4508 3162 4549 omnes
3189 4493 3440 4547 nationes
3465 4491 3581 4546 dis-

2001 4589 2214 4643 tribuit.

2079 4697 2098 4729 c
2134 4677 2291 4732 Dedit
2316 4677 2554 4750 abyssus
2579 4693 2768 4732 vocem
2797 4691 2952 4731 suam
2971 4716 2986 4741 ,
3011 4673 3243 4729 altitudo
3264 4671 3582 4727 ostentatio-

2000 4770 2090 4826 nis
2116 4773 2289 4841 ipsius
2326 4771 2538 4826 elevata
2570 4777 2676 4826 est.
2712 4768 2903 4840 (Vens.
2930 4768 3042 4838 ll.)
3070 4766 3164 4821 Sol
3188 4773 3242 4822 et
3270 4767 3398 4820 luna
3430 4763 3579 4820 stetit

2004 4862 2060 4916 in
2085 4860 2279 4916 ordine
2301 4849 2422 4916 sub.
2451 4879 2470 4913 ι
2497 4860 2748 4916 Perstitit
2775 4860 2832 4914 in
2862 4858 3182 4928 metaphora
3201 4897 3214 4915 .
3240 4865 3293 4910 et
3317 4867 3577 4909 sensuum

2004 4954 2456 5010 consecutionem
2498 4953 2758 5008 servavit.
2804 4951 2939 5006 Nam
2976 4965 3101 5005 eum
3147 4949 3339 5019 ﬂuvios
3391 4962 3584 5004 sacros

2006 5043 2286 5113 apostolos
2319 5043 2567 5105 vocarit,
2597 5058 2744 5095 mare
2771 5041 3024 5095 nominat
3053 5047 3250 5108 gentes
3280 5036 3584 5107 impietatis

2006 5132 2375 5187 amaritudine
2401 5132 2642 5185 aﬂ‘ectas.
2671 5129 2776 5185 Sed
2803 5129 3268 5200 quemadmodum
3292 5128 3583 5182 ﬂuviorum

2006 5223 2063 5277 in
2091 5237 2249 5277 mare
2287 5220 2636 5277 inﬂuentium
2679 5221 2892 5276 multus
2939 5221 2999 5274 ﬁt
3049 5222 3268 5276 sonitus
3299 5228 3354 5274 et
3385 5218 3585 5288 strepi-

1706 5553 1942 5609 VAle
1984 5551 2278 5608 LECTION
2287 5551 2390 5608 ES.

389 5640 436 5671 ’⁷
466 5639 752 5719 Ο-διόρπερ.
815 5644 862 5719 ³-⁸
901 5661 1034 5719 παρ.
1060 5646 1146 5719 _lta
1182 5661 1304 5702 cum
1333 5647 1374 5701 C
1405 5647 1669 5719 legimus._
1694 5645 1866 5719 _S_irIT_I._
1884 5649 2180 5719 παρέχεις.

2285 5646 2330 5678 ’θ
2351 5644 2470 5698 λαοὶ
2497 5673 2567 5684 --
2593 5662 2718 5699 πεσ.
2750 5641 2872 5699 Des.
2907 5643 2960 5697 in
2995 5641 3082 5695 ed.
3115 5655 3200 5711 pr.
3279 5640 3322 5671 '°
3364 5639 3409 5711 Δ
3447 5648 3499 5692 et
3541 5635 3582 5689 (Ἰ

314 5712 578 5788 ’ξοτᾳμῶν
604 5710 902 5788 ῥαγήσεται
931 5710 1025 5787 γῆ.
1059 5716 1136 5788 Ita
1167 5730 1386 5788 quoque
1415 5710 1534 5780 t.'l,
1565 5733 1616 5788 p.
1646 5716 1774 5782 900,
1810 5716 1951 5770 1275
1979 5710 2222 5788 ὲιἨΗ.
2255 5715 2514 5788 Eamdem
2547 5716 2604 5770 ll.
2659 5731 2745 5788 ec.
2804 5714 2991 5788 videas
3051 5710 3576 5788 Lnlet'pretationem.

315 5773 358 5812 ⁶¹
390 5773 511 5836 αὐτ.
546 5773 835 5841 Des.'inA
865 5794 920 5843 et
944 5773 1009 5842 ΕΖ
1086 5787 1132 5819 δ’
1163 5773 1246 5840 Et.
1284 5773 1360 5841 [id
1395 5773 1610 5845 initium
1643 5773 1787 5845 vers.
1831 5788 1917 5855 ll,
1951 5787 2148 5844 referri
2180 5789 2338 5843 solet.
2418 5787 2462 5820 "
2492 5789 2608 5840 ὁσ-
2637 5787 2759 5841 αὐτ.
2807 5783 2930 5840 Des.
2960 5784 3019 5838 in
3049 5781 3113 5837 (ἐ.
