4090 6444
461 568 560 615 tus
580 599 598 626 ,
649 557 886 615 marinis
935 555 1206 615 ﬂuctibus
1239 559 1593 615 obstantibus
1618 597 1633 621 ,
1665 554 2046 626 inlluxumque
2072 559 2101 618 Α

2188 554 2228 619 ῖς
2263 553 2499 623 πέλαγος
2529 553 2700 617 πολὺς
2727 539 2862 626 ἦχος
2887 550 2984 606 καὶ
3013 550 3184 622 ψόφος
3219 549 3590 613 ἀποτελεῖται,
3623 549 3734 603 τῶν

462 652 930 724 prohibentibus:
961 651 1043 705 sic
1088 661 1214 704 cum
1265 649 1499 719 apostoli
1554 655 1744 720 gentes
1789 661 2050 719 peragra-

2188 643 2456 698 αλαττίων
2507 643 2766 714 κυμάτων
2804 641 3118 714 εἰργόντων,
3163 641 3257 695 καὶ
3285 639 3592 710 ἐπεχόντων
3634 637 3738 711 τὴν

470 753 630 806 rent,
667 750 721 797 et
750 744 1050 798 salutarem
1088 739 1540 811 praedicationem
1584 738 1917 811 perferrent,
1960 745 2053 791 tu-

2188 737 2402 808 ἱσϐολήν
2435 753 2449 769 ο
2497 736 2670 800 οὕτως
2695 734 2803 789 τῶν
2848 734 3008 788 θείων
3043 732 3358 789 ἀποστόλων
3385 730 3455 784 τὰ
3478 730 3605 801 ἔθνη
3638 747 3740 784 πε-

465 833 684 908 multus
711 838 905 885 contra
934 845 1031 885 eos
1063 830 1512 894 concitabantur,
1547 835 1601 884 et
1629 828 1934 884 seditiones
1967 827 2056 880 in-

2195 827 2566 890 ινοστούντων,
2599 827 2694 880 καὶ
2724 825 2786 878 τὸ
2812 825 3081 895 σωτήριον
3109 822 3616 894 διαπορθμευόντων
3639 819 3742 892 κή-

469 921 713 978 1idellum
763 922 1294 986 contradicentium,
1352 930 1406 976 et
1460 921 1727 976 doctrinae
1775 919 2054 978 ﬂammam

2188 937 2367 989 νυγμα,
2415 919 2632 990 θόρυϐοι
2681 918 2800 970 κατ’
2827 916 3008 969 αὐτῶν
3038 914 3334 980 ἐκινοῦντο,
3381 914 3477 970 καὶ
3522 912 3742 974 στάσεις

471 1012 818 1084 resfrnguere
849 1011 1194 1068 conantium.
1243 1013 1298 1067 ld
1331 1012 1478 1082 quod
1515 1018 1700 1082 aperte
1734 1016 1856 1066 nos
1881 1010 2058 1064 Acto-

2192 1005 2266 1064 ῶν
2313 1011 2559 1063 ἀπίστων
2607 1008 3029 1076 ἀντιλεγόντων,
3078 1007 3176 1060 καὶ
3221 1004 3506 1058 σϐεννύναι
3537 1018 3742 1072 πειρω-

467 1116 595 1158 rum
624 1101 860 1159 historia
893 1105 1074 1159 docet.
1098 1100 1312 1175 1555
1337 1099 1538 1176 Ephesi
1573 1103 1719 1158 enim
1747 1094 2061 1157 Demetrius

2188 1103 2341 1157 ιένων
2369 1105 2466 1172 τῆς
2499 1102 2846 1164 διδασκαλίας
2883 1100 2982 1170 τὴν
3013 1101 3207 1169 φλόγα.
3239 1099 3353 1152 Kal
3375 1097 3535 1152 τοῦτο
3555 1096 3744 1165 σαφῶς

475 1193 823 1264 argentarius
869 1202 1064 1248 contra
1113 1196 1397 1264 apostolos
1443 1193 1642 1248 turbas
1689 1192 1960 1246 excitavit
2009 1185 2060 1239 ἱ.

2188 1195 2311 1263 ιμᾶς
2341 1195 2375 1263 ή
2405 1191 2513 1246 τῶν
2547 1191 2806 1262 Πράξεων
2847 1187 3057 1261 ίστορία
3086 1189 3346 1243 διδάσκει.
3404 1187 3493 1240 Ἐν
3534 1179 3744 1254 Ἐφέσῳ

467 1280 729 1340 Corinthi
768 1297 898 1342 vero
933 1285 1024 1341 alii
1055 1287 1484 1349 exclamabant,
1516 1304 1534 1338 ι
1567 1281 1670 1351 Qui
1717 1283 1904 1338 orbem
1952 1289 2066 1338 ter-

2188 1286 2268 1338 ιὲν
2297 1285 2404 1356 γὰρ
2451 1285 2762 1355 Δημήτριος
2807 1285 2836 1336 ὁ
2882 1281 3261 1353 ἀργυροκόπος
3308 1279 3409 1350 τὴν
3457 1277 3598 1332 κατὰ
3635 1277 3747 1329 τῶν

478 1394 664 1435 rarum
695 1378 1120 1444 subverterunt,
1155 1378 1210 1431 hi
1244 1377 1333 1431 hic
1368 1377 1575 1432 adsunt
1613 1377 1660 1428 Ιι.
1693 1395 1711 1426 ι
1739 1373 2064 1444 Hierosoly-

2188 1368 2477 1429 ιποστόλων
2511 1375 2730 1445 ἐκίνησε
2767 1373 3014 1445 ταραχήν
3035 1390 3048 1404 ο
3101 1373 3160 1425 ὲν
3198 1369 3448 1441 Κορίνθῳ
3479 1368 3538 1422 δὲ
3565 1367 3747 1436 ἕτεροι

2166 1467 2337 1520 ἐϐόων
2363 1483 2375 1497 ·
2423 1485 2442 1517 ι
2473 1467 2537 1520 Ol
2566 1465 2663 1537 τὴν
2705 1463 3030 1535 οἰκουμένην
3057 1462 3558 1524 ἀναστατώσαντες,
3599 1454 3747 1513 οὗτοι

467 432 604 510 1831
1419 403 1904 506 THEODORETI
1953 436 2295 502 EPISCOPI
2335 437 2699 502 CYRENSIS

482 1474 588 1526 mis
631 1483 851 1540 quoque
897 1467 1069 1523 Judaei
1118 1476 1288 1522 totam
1336 1469 1529 1522 urbem
1577 1473 1772 1521 contra
1818 1465 2064 1519 divinum

475 1558 712 1617 Paulum
742 1567 1180 1626 commoventes.
1215 1559 1479 1613 Romanis
1508 1557 1727 1612 tandem
1759 1557 1917 1610 illum
1946 1566 2062 1610 tra—

483 1656 742 1713 diderunt
769 1673 783 1709 :
811 1657 976 1723 atque
1008 1650 1281 1723 ejusmodi
1316 1650 1534 1704 inﬁnita
1561 1649 1692 1705 licet
1718 1649 1990 1704 invenire.

2165 1561 2261 1613 καὶ
2286 1559 2471 1614 ἐνθάδε
2495 1560 2768 1630 πάρεισιν.
2797 1577 2816 1610 ι
2836 1550 3333 1626 ἙνΊεροσολύμοις
3353 1553 3409 1606 δὲ
3434 1555 3481 1606 οἱ
3505 1553 3749 1607 Ἰουδαῖοι

2165 1651 2348 1703 πᾶσαν
2389 1650 2487 1719 τὴν
2521 1648 2674 1701 πόλιν
2718 1647 2859 1701 κατὰ
2889 1645 2984 1700 τοῦ
3023 1645 3310 1699 θεσπεσίου
3350 1637 3566 1696 Παύλου
3595 1642 3750 1712 κινή-

2169 1757 2380 1806 σαντες,
2432 1739 2744 1810 Ῥωμαίοις,
2793 1739 2854 1792 τὸ
2887 1739 3217 1801 τελευταῖον,
3263 1735 3586 1807 παρέδοσαν.
3637 1733 3752 1788 Καὶ

2169 1833 2306 1886 ἄλλα
2327 1834 2383 1886 δὲ
2413 1831 2586 1903 μυρία
2615 1831 2837 1885 τοιαῦτα
2872 1830 3019 1883 ἐστιν
3051 1829 3232 1898 εὑρεῖν

2245 1942 2266 1974 ‹
2299 1925 2393 1986 Είς
2433 1923 2548 1993 φῶς
2581 1922 2786 1993 βολίδες
2830 1937 2924 1974 σου
2968 1918 3366 1990 πορεύσονταυ
3424 1917 3504 1980 εἰς
3547 1915 3752 1984 φέγγος

487 2030 826 2090 ruscationis
854 2043 1134 2083 armorum
1162 2035 1405 2082 tuorum.
1436 2024 1639 2096 (Vsus.
1671 2023 1758 2079 12.
1785 2023 1803 2092 )
1831 2021 1890 2075 ln
1915 2035 2065 2074 com-

2188 2014 2460 2085 ὶστραπῆς
2499 2013 2679 2067 ὅπλων
2731 2030 2847 2068 σου.
2898 2011 3035 2082 (ιβ’.)
3076 2011 3168 2066 Ἐν
3215 2007 3414 2080 ἀπειλῇ
3465 2007 3756 2077 συμπατή-

489 2124 796 2180 minatione
820 2121 1176 2176 conculcabis
1209 2127 1414 2174 terram
1437 2156 1451 2182 ,
1481 2126 1538 2172 et
1567 2118 1620 2170 in
1653 2113 1842 2170 furore
1869 2127 2068 2183 percu-

2188 2121 2288 2168 rst;
2305 2105 2352 2136 "
2401 2106 2506 2175 γῆν
2531 2144 2546 2170 ,
2580 2105 2678 2160 καὶ
2714 2106 2772 2158 ὲν
2810 2102 2969 2174 θυμῷ
3022 2100 3283 2164 πατάξεις
3299 2100 3345 2132 ³⁸
3392 2099 3544 2169 ἔθνη.
3577 2117 3596 2149 ι
3642 2097 3759 2151 Kal

491 2217 598 2272 tias
641 2223 854 2286 gentes.
887 2233 906 2266 ι
949 2213 1017 2266 Ει
1050 2212 1166 2266 Ιιτοο
1206 2211 1338 2266 dum
1377 2211 1514 2264 liunt
1549 2210 1604 2264 in
1641 2205 2067 2262 concionatores

2188 2195 2380 2248 retith
2409 2196 2711 2267 γινομένων
2741 2197 2822 2259 είς
2846 2195 2974 2256 τοὺς
3006 2191 3114 2246 ἀπό
3143 2190 3235 2244 σοῦ
3266 2189 3618 2261 πεμφθέντας
3640 2189 3758 2251 τοῖς

486 2279 752 2379 gentibus
794 2306 892 2362 abs
930 2312 986 2360 te
1033 2304 1273 2367 missos,
1307 2317 1408 2372 per
1450 2300 1776 2372 patientiam
1825 2296 2067 2358 toleras,

2188 2286 2351 2340 ἔθνεσι
2380 2289 2631 2358 κήρυκας
2655 2325 2671 2351 ,
2705 2284 3080 2358 μακροθυμεῖς
3103 2323 3119 2348 ,
3149 2281 3316 2354 φησιν
3340 2319 3356 2344 ,
3390 2282 3629 2352 ἄρρητον
3658 2279 3760 2348 μὲν

493 2367 709 2467 inquit,
754 2410 878 2451 cum
919 2367 1619 2464 inexplicabili—potestate
1661 2385 1926 2458 prteditus
1957 2384 2070 2446 sis,

2188 2377 2316 2448 ἔχων
2335 2377 2434 2448 τὴν
2457 2377 2710 2446 δύναμιν,
2739 2376 2922 2429 ὅπλων
2950 2374 3007 2427 δὲ
3040 2371 3378 2428 κολαστικῶν
3399 2367 3760 2424 παντοδαπῶν

495 2497 553 2545 et
587 2487 880 2543 ultricibus
907 2485 1149 2541 omnium
1180 2460 1442 2554 generum
1490 2479 1665 2536 armis
1707 2476 1954 2532 abundes
1974 2515 1988 2538 ,
2019 2480 2074 2528 et

2188 2469 2447 2540 εὐπορῶν,
2480 2469 2576 2522 καὶ
2603 2469 2691 2521 διὰ
2725 2468 2892 2539 μόνης
2935 2465 3168 2536 ἀπειλῆς
3200 2463 3296 2536 τὴν
3325 2461 3617 2533 σύμπασαν
3654 2460 3761 2529 γῆν

493 2580 616 2636 sola
656 2580 932 2634 minarum
983 2574 1392 2646 signiﬁcatione
1439 2585 1661 2626 omnem
1702 2577 1909 2624 terram
1962 2579 2073 2620 una

2188 2560 2324 2633 μετὰ
2367 2560 2475 2616 τῶν
2529 2558 2828 2632 οἰκητόρων
2879 2557 3187 2629 διαφθεῖραι
3225 2555 3543 2626 δυνάμενος.
3593 2548 3760 2622 Τῇδδ

496 2686 622 2726 cum
655 2669 852 2725 incolis
887 2667 1116 2739 perdere
1149 2665 1354 2735 possis.
1402 2661 1519 2717 [lac
1571 2675 1704 2718 vero
1743 2658 1930 2714 divina
1972 2670 2073 2728 pa-

2188 2651 2537 2724 μακροθυμίᾳ
2562 2651 2829 2724 κέχρησαι
2851 2649 3048 2724 ταύτῃ,
3083 2647 3275 2720 ἐπειδὴ

499 2760 692 2815 tientia
723 2774 860 2814 usus
891 2772 951 2812 es
971 2794 986 2821 ,
1024 2755 1286 2826 quoniam

569 2854 738 2911 Vsns.
777 2854 865 2908 l5.
904 2871 922 2904 ι
958 2851 1225 2923 Egressus
1254 2865 1313 2906 cs
1347 2849 1404 2903 in
1437 2848 1672 2904 salutem
1717 2844 1909 2917 populi
1953 2843 2073 2909 tui,

563 1955 583 1992 ι
611 1935 672 1994 ιη
702 1934 884 1993 lucem
913 1935 1101 2007 jacula
1135 1945 1226 1990 tua
1265 1931 1456 2001 ibunt,
1491 1933 1546 1987 in
1579 1929 1932 2003 splendorem
1961 1941 2064 1982 eo-

2255 2851 2322 2918 ιγ’
2329 2890 2344 2906 .
2379 2867 2398 2901 ι
2442 2847 2697 2919 Ἐξῆλθες
2727 2848 2810 2912 εἰς
2841 2846 3116 2918 σωτηρίαν
3145 2845 3242 2900 τοῦ
3265 2845 3309 2878 ³⁸
3345 2843 3479 2898 λαοῦ
3509 2859 3636 2908 σου,
3667 2839 3762 2896 τοῦ

513 2955 576 3002 ιιι
598 2947 844 3002 salvares
869 2943 1109 2998 christos
1133 2939 1447 2997 tuos.;ll:ec
1469 2952 1688 3010 quoque
1715 2936 1918 2992 similia
1947 2941 2079 2989 sunt

2188 2942 2357 2996 σῶσαι
2399 2941 2528 3004 τοὺς
2572 2939 2828 3010 χριστούς
2864 2956 2979 2992 σου.
3031 2958 3049 2990 ›
3091 2938 3202 2992 Καὶ
3243 2935 3419 2991 ταῦτα
3457 2935 3602 2990 ἔοικε
3652 2937 3767 2996 τοῖς

505 3040 577 3096 iis
606 3053 729 3110 qua:
759 3037 815 3092 in
851 3036 1025 3092 sacris
1057 3031 1370 3103 Evangeliis
1412 3032 1678 3086 dicuntur
1717 3044 1748 3082 a
1795 3016 2080 3082 Salvatore

2188 3032 2291 3087 ὑπὸ
2329 3031 2422 3086 τοῦ
2467 3031 2718 3102 Σωτῆρος
2744 3030 2903 3100 ἡμῶν
2949 3033 3008 3083 ὲν
3053 3032 3166 3092 τοῖς
3201 3030 3367 3099 ἱεροῖς
3409 3013 3766 3094 Εὐαγγελίοις

508 3141 744 3187 nostro:
777 3146 795 3180 ι
826 3127 990 3182 Venit
1039 3125 1212 3181 Filius
1259 3123 1504 3180 hominis
1539 3122 1596 3176 in
1627 3119 1892 3175 mundum
1917 3157 1932 3182 ,
1969 3132 2078 3172 non

2188 3123 2530 3195 εἰρημένοις·
2583 3138 2603 3171 ι
2637 3117 2842 3174 Ἦλθεν
2867 3121 2910 3152 ³⁷
2957 3122 2987 3174 ὁ
3035 3120 3166 3182 Tib;
3210 3119 3306 3173 τοῦ
3353 3117 3646 3190 ἀνθρώπου
3689 3117 3768 3179 εἰς

505 3232 568 3278 ιιι
595 3222 805 3292 judicet
839 3218 1109 3274 mundum
1131 3258 1145 3283 ,
1182 3217 1279 3272 sed
1311 3224 1370 3271 ut
1412 3216 1656 3270 salvetur
1707 3214 1951 3266 mundus
1984 3223 2080 3278 per

2188 3215 2276 3269 τὸν
2316 3215 2555 3284 κόσμον,
2605 3213 2704 3283 οὐχ
2735 3211 2822 3265 ἴνα
2866 3212 3030 3282 κρίνῃ
3079 3211 3173 3264 τὸν
3223 3209 3459 3280 κόσμον,
3513 3206 3631 3262 ἀλλ’
3681 3207 3768 3259 ἵνα

505 3315 689 3386 ipsum
724 3309 1052 3366 iaC/tristes
1081 3317 1264 3364 autem
1291 3314 1454 3364 vocat
1477 3320 1572 3361 eos
1596 3305 1689 3375 qui
1717 3302 1896 3358 vocati
1918 3305 2077 3363 sunt,

2188 3305 2333 3377 σωθῇ
2357 3306 2386 3358 ό
2412 3303 2614 3373 κόσμος
2644 3303 2711 3356 δι’
2753 3301 2943 3357 αὐτοῦ,
2980 3320 2999 3353 ι
3031 3299 3329 3370 ,Χριστοὺς
3364 3299 3423 3352 δὲ
3450 3298 3610 3352 καλεῖ
3641 3296 3769 3358 τοὺς

505 3414 562 3460 et
593 3419 716 3459 cum
747 3401 853 3458 [ide
874 3399 1320 3473 praedicationem
1356 3395 1642 3467 Evangelii
1671 3399 2036 3464 susceperunt
2062 3431 2078 3456 ,

509 3494 798 3564 divinique
847 3489 1085 3562 Spiritus
1129 3489 1360 3560 gratiam
1406 3485 1698 3542 consecuti
1745 3492 1896 3541 sunt.
1932 3501 1951 3535 ι
1985 3481 2084 3536 Mi-

510 3585 634 3641 sisti
671 3584 725 3637 in
758 3583 938 3652 capita
977 3581 1297 3650 iniquorum
1332 3586 1567 3632 mortem
1591 3615 1607 3643 ,
1643 3576 1929 3631 suscitasti
1959 3573 2084 3626 vin-

509 3675 636 3728 cula
663 3671 941 3742 usquead
976 3670 1176 3725 collum
1197 3709 1214 3736 ,
1245 3668 1303 3722 in
1339 3667 1523 3721 linem.
1554 3683 1575 3719 ο
1603 3663 1702 3722 His
1730 3664 1952 3735 quidem
1989 3663 2084 3732 qui

512 3763 898 3825 crediderunt,
949 3761 1188 3817 salutem
1241 3757 1527 3812 attulisti:
1579 3770 1676 3810 eos
1724 3769 1890 3821 vero,
1921 3757 1936 3776 '
1986 3753 2083 3824 qui

513 3867 748 3924 prorsus
797 3850 1062 3906 increduli
1117 3855 1482 3914 manserunt,
1538 3846 1704 3901 morti
1756 3842 2084 3911 tradidisti,

515 3944 820 4013 mortisque
849 3939 1088 3996 vinculis
1117 3939 1454 3995 astrinxisti.

586 4034 752 4090 Vsus.
793 4033 878 4088 14.
919 4051 938 4083 ι
969 4030 1214 4086 Divisisti
1253 4031 1309 4084 in
1354 4037 1583 4099 stupore
1613 4027 1829 4100 capita,
1873 4025 2090 4097 1556

517 4127 870 4197 potentium,
902 4121 1402 4179 commovebuntur
1427 4120 1484 4175 in
1515 4135 1582 4175 eo
1608 4137 1623 4174 :
1661 4119 1908 4189 aperient
1937 4117 2091 4172 frena

515 4233 651 4282 sua,
691 4219 834 4273 sicut
866 4227 1076 4286 pauper
1107 4215 1406 4270 comedens
1437 4212 1493 4267 in
1537 4211 1888 4266 abscondito.
1921 4227 1942 4262 ι
1986 4207 2094 4263 Po-

2183 3397 2282 3468 τῆς
2309 3396 2554 3467 κλήσεως
2587 3393 2918 3460 ἀξιωθέντας
2942 3431 2958 3459 ,
2996 3393 3090 3446 καὶ
3117 3390 3326 3452 πιστῶς
3349 3387 3679 3458 δεξαμένους
3708 3386 3772 3440 τὸ

2187 3490 2472 3562 κήρυγμα,
2501 3486 2596 3540 καὶ
2623 3488 2722 3556 τῆς
2745 3485 2837 3540 τοῦ
2867 3483 3012 3537 θείου
3040 3481 3357 3551 Πνεύματος
3383 3479 3607 3548 χάριτος
3628 3477 3772 3531 ἀπο-

2184 3581 2512 3644 λαύσαντας.
2552 3599 2572 3631 ι
2606 3578 2838 3640 Ἔϐαλες
2874 3577 2956 3638 είς
2986 3571 3228 3641 κεφαλὰς
3263 3570 3479 3637 ἀνόμων
3514 3566 3768 3630 θάνατον,

2187 3671 2475 3741 ιξήγειραις
2517 3667 2747 3737 δεσμοὺς
2791 3664 2894 3725 ἕως
2925 3659 3196 3731 τραχήλου
3239 3658 3319 3719 είς
3369 3653 3542 3741 τέλος.
3581 3670 3602 3704 ε
3642 3652 3771 3741 Τοῖς

2189 3739 2290 3830 μὲν
2327 3753 2423 3811 οὖν
2449 3750 2870 3809 πεπιστευκόσιν
2901 3745 3111 3818 ὤρεξας
3149 3744 3249 3815 τὴν
3294 3740 3570 3812 σωτηρίαν
3591 3756 3605 3770 ο
3641 3739 3772 3801 τοὺς

2187 3829 2246 3908 δὲ
2273 3851 2360 3905 διὰ
2388 3849 2572 3910 τέλους
2599 3841 2974 3915 ὴπιστηκότας
3003 3837 3080 3908 τῷ
3103 3835 3319 3902 θανάτῳ
3357 3832 3688 3904 παρέδωκας
3703 3829 3773 3896 ⁸⁸,

2189 3937 2577 4016 περιτεθεικὼς
2604 3937 2786 3998 αὐτοῖς
2821 3931 2892 3985 τὰ
2917 3929 3111 3984 τούτου
3145 3926 3341 3998 δεσμά.

2263 4011 2347 4088 ἰδ’.
2401 4050 2420 4083 ι
2460 4027 2730 4097 Διέκοψας
2774 4027 2833 4078 ὲν
2873 4022 3130 4077 ἐκστάσει
3177 4015 3420 4089 κεφαλὰς
3469 4011 3772 4076 δυναστῶν,

2194 4123 2572 4194 σεισθήσονται
2615 4121 2677 4194 ἐν
2723 4116 2860 4186 αὐτῇ
2886 4115 2976 4178 ³³η
3021 4109 3346 4175 διανοίξουσι
3393 4106 3646 4176 χαλινοὺς
3680 4103 3778 4156 αύ-

2191 4215 2338 4277 τῶν,
2370 4191 2446 4276 ῶς
2491 4213 2522 4264 ὁ
2571 4191 2774 4262 ἐσθίων
2809 4203 3020 4274 πτωχὸς
3068 4200 3266 4272 λάθρα.
3303 4218 3323 4250 ι
3357 4198 3538 4268 Δήλης
3579 4195 3638 4247 δέ
3682 4209 3777 4246 σου

517 4311 689 4365 tentia
742 4283 924 4363 autem
981 4283 1078 4361 tua
1123 4305 1414 4362 manifesta
1472 4304 1732 4360 omnibus
1775 4301 2093 4357 hominibus

2194 4305 2362 4357 πᾶσιν
2400 4299 2715 4371 ἀνθρώποις
2756 4297 2856 4366 τῆς
2889 4293 3175 4362 δυνάμεως
3208 4286 3544 4358 γενομένης,
3602 4283 3695 4336 καὶ
3728 4283 3778 4334 ot

519 4403 688 4465 facta,
722 4402 886 4456 etiam
923 4399 1015 4470 qui
1056 4399 1269 4467 magnis
1309 4394 1519 4466 praediti
1551 4401 1707 4448 erant
1735 4393 2096 4463 potestatibus

2194 4393 2293 4455 τὰς
2317 4391 2560 4463 μεγάλας
2585 4387 2964 4459 περικείμενοι
2985 4378 3304 4441 δυναστείας
3328 4380 3386 4431 ιν
3408 4377 3518 4429 δέει
3536 4373 3782 4443 τοσούτῳ

520 4490 579 4543 in
609 4495 764 4543 tanto
789 4465 955 4542 erunt
983 4465 1182 4541 timore
1205 4523 1220 4548 .
1255 4465 1323 4538 ut
1341 4498 1451 4539 non
1486 4485 1661 4537 libere
1681 4521 1696 4546 ,
1742 4481 1835 4536 sed
1878 4480 2097 4534 occulte

2197 4484 2517 4553 γενήσονται
2539 4519 2554 4543 ,
2599 4479 2676 4542 ὼς
2699 4477 2826 4538 τοὺς
2855 4472 3134 4535 ἐναντίους
3161 4471 3352 4538 λόγους
3386 4465 3463 4537 μὴ
3506 4465 3603 4519 σὺν
3635 4465 3782 4534 παῤ-

519 4589 737 4634 tantum
766 4589 821 4633 et
849 4579 906 4632 in
936 4577 1126 4632 abdito
1155 4577 1270 4630 sint
1296 4574 1608 4629 oblocuturi
1633 4591 1648 4626 :
1675 4587 1815 4642 quos
1843 4571 1948 4628 rite
1974 4571 2100 4640 quis

2203 4573 2372 4645 ρησίᾳ
2396 4569 2692 4643 προφέρειν
2713 4607 2727 4628 ,
2760 4566 2874 4620 ἀλλ’
2913 4567 2971 4617 ὲν
3003 4561 3340 4633 παραϐύστῳ
3379 4559 3474 4610 καὶ
3517 4555 3783 4628 κρύϐδην,

521 4687 652 4725 cum
695 4669 948 4725 mendico
994 4666 1258 4738 quopiam
1303 4672 1625 4735 comparet,
1675 4664 1769 4734 qui
1811 4663 2096 4733 propalam

2203 4663 2296 4727 οὓς
2321 4661 2548 4722 εἰκότως
2575 4658 2641 4712 ἄν
2671 4674 2757 4719 τις
2783 4652 3094 4724 παραϐάλοι
3121 4648 3322 4720 πτωχῷ
3346 4664 3452 4700 τινι
3485 4645 3786 4717 προφανῶς

522 4763 712 4817 cibum
765 4775 964 4832 capere
1010 4775 1122 4814 non
1176 4757 1411 4820 audeat,
1447 4756 1542 4812 sed
1589 4769 1687 4810 ore
1717 4755 1908 4810 clauso
1953 4755 2101 4810 hunc

2205 4752 2535 4824 μεταλαϐεῖν
2580 4749 2642 4802 ού
2687 4745 2956 4816 τολμῶντι
3004 4742 3212 4813 τροφῆς
3237 4777 3252 4804 ,
3297 4738 3436 4792 ἀλλὰ
3471 4736 3786 4808 μεμυκότος

529 4855 682 4911 intus
716 4854 1000 4910 conﬁciat.

599 4948 770 5004 Vsns.
807 4949 892 5002 15.
920 4966 939 4998 ε
972 4946 1037 5000 Et
1078 4942 1379 5001 ascendere
1413 4941 1593 4996 fecisti
1628 4940 1684 4996 in
1729 4953 1884 4994 mare
1929 4952 2102 5008 equos

533 5051 660 5097 tuos
683 5079 698 5103 .
729 5041 1126 5096 conturbantes
1157 5051 1334 5106 aquas
1363 5034 1590 5089 multas.
1623 5053 1641 5086 ι
1671 5033 1847 5102 Supra
1880 5031 2101 5101 quidem

531 5131 822 5185 ﬂuviorum
856 5131 913 5183 in
943 5143 1096 5182 mare
1125 5125 1473 5181 iuﬂuentium
1500 5121 1818 5177 conﬂictum
1853 5121 1992 5176 dixit
2021 5121 2105 5174 fu-

533 5230 760 5275 turum:
792 5221 896 5276 hoc
941 5235 1074 5275 vero
1122 5221 1280 5284 loco,
1333 5231 1473 5288 quos
1519 5214 1717 5268 ﬂuvios
1767 5211 2104 5282 appellavit,

534 5328 692 5384 equos
724 5327 918 5368 rursus
950 5312 1191 5367 nominat
1219 5327 1234 5376 ;
1267 5311 1469 5379 quibus
1501 5312 1696 5374 gentes
1731 5303 2103 5368 obeuntibus,

2206 4843 2301 4898 τοῦ
2329 4843 2594 4911 στόματος
2625 4837 2830 4906 ταύτην
2869 4833 3019 4887 ἔνδον
3047 4828 3387 4884 λεπτύνοντι.

2280 4938 2364 4986 ιε’.
2403 4951 2419 4983 ι
2449 4930 2560 4984 Kal
2599 4924 2934 4986 ὲπεϐίϐασας
2960 4921 3086 4983 τοὺς
3119 4920 3318 4981 ἵππους
3352 4933 3447 4970 σου
3472 4917 3517 4949 ⁸ο
3571 4918 3654 4981 εις
3685 4917 3790 4971 θά-

2210 5030 2432 5088 λασσαν,
2468 5019 2842 5091 ταράσσοντας
2873 5012 3042 5065 ὕδατα
3077 5007 3272 5062 πολλά.
3310 5025 3330 5060 ›
3368 5007 3518 5058 Ἀνω
3555 5006 3656 5077 μὲν
3691 5003 3790 5060 οὖν

2209 5116 2320 5170 τῶν
2357 5111 2615 5183 ποταμῶν
2657 5106 3053 5162 είσϐαλλόντων
3105 5101 3187 5164 εἰς
3221 5100 3322 5169 τὴν
3369 5098 3649 5153 θάλασσαν
3687 5099 3790 5170 τὴν

2211 5210 2380 5280 ζάλην
2415 5203 2536 5271 εἷπε
2570 5201 2894 5274 γενήσεσθαι
2922 5214 2938 5230 ⁸
2973 5192 3208 5250 ἐνταῦθα
3248 5192 3306 5246 δὲ
3328 5229 3343 5254 ,
3375 5189 3468 5252 οὓς
3509 5191 3791 5280 not—apol);

2215 5273 2697 5370 προσηγόρευσεν,
2741 5293 2970 5354 ἵππους
3011 5286 3173 5340 πάλιν
3212 5283 3496 5352 ὠνόμασεν
3524 5296 3538 5311 ·
3589 5273 3667 5335 ὧν
3721 5281 3792 5334 τὰ

613 5494 628 5546 i
666 5496 788 5550 Act.
820 5507 934 5557 xu,
963 5490 1034 5544 Ἡ
1058 5505 1210 5559 seqq.
1245 5489 1269 5528 ιι
1303 5489 1422 5543 Aet.
1457 5499 1598 5551 xvn,
1637 5483 1694 5539 6.
1780 5482 1798 5522 ι
1832 5481 1991 5538 Joan.
2027 5493 2111 5544 Ill,
2147 5479 2230 5532 l7.
2296 5556 2307 5570 ἱ

1843 5589 2089 5648 VARI}!!!
2128 5585 2538 5645 LECTIONLS.

611 5724 655 5757 at
686 5742 858 5795 συμπ.
885 5723 930 5777 Α
960 5718 1261 5794 ὁλιγώσεις,
1365 5718 1408 5751 aa
1440 5733 1566 5772 πατ.
1595 5713 1781 5769 Lectio
1811 5708 1993 5760 minus
2023 5703 2300 5772 frequens.
2334 5703 2376 5754 A
2405 5701 2568 5756 habet
2584 5697 2869 5795 ρκατάξεξξ
2895 5701 3077 5795 [quta
3271 5689 3400 5743 lect.
3433 5683 3562 5795 Vah}:
3603 5700 3795 5795 sypra,

1192 5791 1215 5795 ρ
1274 5789 1306 5795 _
1428 5790 1439 5795 _
1521 5788 1552 5795 --
1654 5785 1695 5795 ..
1727 5776 1930 5795 ......__.
2313 5772 2472 5795 ιιι.--
2504 5773 2554 5795 εκ
2681 5786 2743 5795 ,η
2963 5777 3110 5795 --.η
3205 5774 3347 5795 ...νη
3551 5775 3619 5795 .,.
3645 5773 3791 5795 ,πμ

542 5809 596 5864 p.
619 5758 1395 5864 ιθῖδῗῆίῖίιῗιόῒωίῒτδύῗῡεε.
1596 5758 2033 5864 ωξῖῆὶλρενῌῖ
2047 5758 2271 5864 κόσμον..
2303 5758 2782 5864 έῑὶιὲἓηίηιίξηιςϐλῐ
2818 5758 3374 5864 ξξὶξὶπαραδέδωκας·
3445 5758 3490 5792 ⁸⁸
3518 5759 3560 5814 C
3587 5758 3794 5820 αὐτοῖς.

540 5833 902 5918 πὲῗίξέτῗέζ
928 5833 993 5919 ἷίι
1022 5867 1062 5919 Α
1098 5833 1790 5933 ρόξῖ’θᾶἷᾶὶςᾶἆν’ῥοηῑιιιτ.
1825 5847 1899 5900 na
1929 5833 2283 5914 quoque-tul.
2318 5855 2372 5910 p.
2405 5841 2529 5908 899,
2564 5833 2788 5904 10341::
2818 5833 2986 5930 1060.
