4090 6406
350 372 486 432 1.533

341 590 470 643 χετο
518 573 575 626 δὲ
622 572 796 626 ταῦτα
839 573 1048 643 γαλήνη
1089 573 1300 643 βαθεῖα.
1336 575 1508 628 Τοῦτο
1539 578 1690 630 καὶὸ
1721 577 1923 646 Κύριος

341 669 404 718 ἐν
462 666 575 726 τοῖς
629 664 796 734 ἱεροῖς
857 662 1207 732 Εὐαγγελίοις
1251 661 1408 720 εἶπεν
1439 683 1456 696 ⁸
1517 686 1537 719 ι
1591 669 1704 721 Οὐκ
1759 664 1924 738 ἦλθον

344 757 532 827 βαλεῖν
561 757 788 826 εἰρήνην
825 757 906 818 είς
935 757 1035 823 τὴν
1065 757 1393 828 οἰκουμένην
1416 799 1431 824 ,
1459 759 1598 813 ἀλλά
1627 761 1922 831 μάχαιραν,

339 846 566 918 διχάσαι
610 845 896 916 ἄνθρωπον
927 846 1036 899 ἀπὸ
1073 847 1166 900 τοῦ
1214 847 1440 916 πλησίον
1468 849 1510 880 δι
1556 848 1760 914 αὐτοῦ,
1811 849 1925 903 υίδν

341 939 458 993 ἀπὸ
490 938 584 992 τοῦ
611 938 817 1009 πατρὸς
846 937 1034 1003 αὑτοῦ,
1075 938 1351 1012 θυγατέρα
1390 941 1499 995 ἀπὸ
1523 943 1566 974 ⁸³
1592 943 1691 1011 τῆς
1718 941 1924 1012 μητρὸς

341 1031 558 1100 αὑτῆς,
611 1032 705 1083 καὶ
755 1029 974 1100 νύμφην
1023 1030 1131 1084 ἀπὸ
1179 1032 1277 1099 τῆς
1348 1032 1619 1101 πενθερᾶς
1673 1032 1863 1102 αὐτῆς.
1899 1049 1917 1080 ι

356 1121 580 1191 Ἐπειδὴ
627 1120 738 1192 γὰρ
784 1120 1092 1190 συμφώνως
1142 1122 1455 1190 ἠσπάζοντο
1498 1122 1597 1193 τὴν
1639 1121 1922 1184 ἀσέϐειαν,

342 1215 415 1282 τῇ
450 1211 588 1281 καλῇ
628 1213 890 1281 διαιρέσει
913 1211 1028 1264 λύει
1061 1214 1161 1282 τὴν
1205 1213 1377 1284 κακὴν
1421 1214 1743 1283 συμφωνίαν
1769 1254 1783 1277 ,
1828 1215 1925 1266 καὶ

347 1304 491 1373 μετά
519 1304 619 1374 τὴν
644 1304 1042 1374 ἐπαινουμένην
1068 1303 1389 1372 διαφωνίαν,
1415 1307 1513 1376 τὴν
1529 1309 1628 1378 τῆς
1645 1307 1926 1360 εὐσεϐείας

344 1397 640 1468 ἐργάζεται
675 1395 737 1447 σύ
746 1412 996 1466 μπνοιαν.

424 1493 518 1551 ις’.
562 1505 581 1537 ι
623 1486 1042 1558 Ἑιρυλαξάμην,
1073 1489 1165 1541 καὶ
1191 1488 1430 1560 ἐπτοήθη
1461 1490 1493 1559 ἡ
1529 1490 1709 1543 κοιλία
1731 1490 1776 1521 ’⁵³
1821 1505 1921 1560 μου

343 1579 457 1633 ἀπὸ
505 1577 691 1646 φωνῆς
728 1580 1037 1648 προσευχῆς
1087 1580 1312 1648 χειλέων
1361 1598 1497 1650 μου’
1555 1582 1654 1634 καὶ
1702 1581 1924 1650 εἰσῆλθε

343 1669 548 1739 τρόμος
578 1669 660 1731 εἰς
699 1668 769 1721 τά
821 1670 956 1723 ὀστᾶ
1007 1688 1152 1740 μου,
1203 1673 1300 1724 καὶ
1348 1670 1702 1724 ὑποκάτωθέν
1755 1688 1857 1741 μου
1880 1671 1925 1701 ⁵⁷⁵

345 1757 623 1828 ἐταράχθη
662 1759 696 1826 ἡ
721 1758 832 1824 ἕξις
858 1759 902 1789 ⁸⁵
934 1775 1058 1828 μου.
1099 1779 1118 1810 ³
1161 1758 1535 1828 Λογισάμενος
1563 1762 1590 1812 δ
1613 1761 1923 1830 ῐιροφήτηςν

343 1851 456 1904 ἀπὸ
476 1850 584 1903 τῶν
623 1851 930 1921 εἰρημένων
975 1846 1063 1906 οἷα
1099 1851 1440 1922 συμϐήσεται
1477 1850 1751 1913 Ἰουδαίοις
1793 1851 1923 1904 ἀπι-

347 1935 558 2000 στοῦσι,
590 1936 702 1990 τῶν
748 1935 919 1991 ἐθνῶν
987 1938 1391 2002 πιστευόντων,
1428 1938 1743 2009 συμπαθείᾳ
1791 1940 1921 2009 περὶ

343 2028 471 2090 τοὺς
495 2027 803 2097 ὁμοφύλους
846 2027 1192 2100 χρησάμενος
1211 2072 1224 2090 ,
1261 2029 1488 2100 τρέμειν
1520 2029 1625 2099 ἔφη
1647 2068 1662 2093 ,
1711 2029 1808 2082 καὶ
1837 2029 1922 2084 δε-

343 2119 515 2172 διέναι
564 2119 674 2172 τῶν
712 2119 801 2172 διὰ
833 2120 931 2186 τῆς
970 2121 1283 2191 προσευχῆς
1322 2121 1627 2192 εἰρημένων
1675 2124 1924 2192 προρρή-

347 2228 488 2264 σεων
531 2210 716 2264 ἕνεκα.
780 2210 921 2263 Ἀλλ’
974 2212 1124 2277 ὅμως
1169 2212 1318 2283 ἔχω,
1355 2213 1509 2283 φησὶ,
1565 2213 1916 2284 παραψυχὴν,

342 2301 405 2355 τὸ
430 2302 504 2373 μὴ
537 2301 794 2370 γενέσθαι
821 2303 924 2373 τῆς
953 2304 1175 2356 ἐκείνων
1198 2303 1584 2373 κακοπραγίας
1612 2303 1910 2373 αὐτόπτης.

350 2411 369 2444 ι
418 2392 832 2462 ’Λναπαύσομαι
874 2393 984 2462 γάρ
1034 2396 1091 2446 ἐν
1115 2393 1300 2465 ἡμέρᾳ
1339 2393 1573 2463 θλίψεὼς
1624 2409 1727 2463 μου
1755 2435 1769 2458 ,
1825 2393 1921 2446 τοῦ

341 2484 678 2556 ἀναϐῆναιδθ
708 2485 788 2548 είς
815 2484 943 2538 λαὸν
984 2485 1276 2553 παροικίας
1317 2501 1440 2555 μου.
1476 2503 1495 2535 ι
1542 2483 1656 2553 Πρὸ
1682 2484 1792 2554 γὰρ
1823 2485 1921 2554 τῆς

343 2575 638 2638 ἐκϐάσεως
661 2575 772 2628 τῶν
815 2576 1178 2648 προρρήσεων
1213 2575 1366 2639 τέλος
1399 2573 1493 2628 τοῦ
1525 2575 1640 2645 βίου
1667 2575 1915 2645 δέξομαι,

345 2665 442 2717 καὶ
488 2665 587 2735 τῆς
623 2663 719 2717 τοῦ
752 2665 1021 2736 παρόντος
1079 2665 1196 2736 βίου
1253 2664 1548 2736 παροικίας
1596 2664 1919 2735 ἀπαλλαγή-

346 2774 532 2828 σομαι.

416 2849 502 2913 ιζ’.
537 2867 556 2901 ι
589 2848 736 2902 Διότι
767 2849 905 2908 συκῆ
943 2849 1004 2902 ού
1039 2849 1481 2920 καρποφορήσει,
1513 2849 1608 2904 καὶ
1636 2850 1738 2904 οὐκ
1763 2849 1919 2905 ἔσται

343 2940 657 3010 γεννήματα
680 2941 739 2992 ἐν
763 2942 884 3004 ταῖς
906 2940 1170 3007 ἀμπέλοις
1198 2955 1210 2967 ⁸
1237 2939 1500 3010 ψεύσεται
1523 2940 1684 3012 ἔργον
1707 2941 1916 3006 ἐλαίας,

342 3030 440 3087 καὶ
467 3030 539 3084 τὰ
567 3030 725 3085 πεδία
753 3031 812 3085 οὐ
841 3032 1056 3102 ποιήσει
1090 3031 1294 3101 βρῶσιν
1312 3047 1324 3061 ⁸
1355 3030 1599 3098 ἐξέλιπεν
1627 3032 1736 3086 ἀπὸ
1778 3031 1921 3102 βρὼι

345 3139 486 3184 σεως
518 3121 808 3192 πρόϐατα,
841 3123 936 3176 καὶ
979 3122 1078 3192 οὐχ
1122 3121 1429 3193 ὑπάρξουσι
1473 3122 1597 3193 βόες
1645 3123 1738 3176 ἐπὶ
1785 3123 1921 3192 φάτ-

345 3229 485 3275 ναις.
533 3231 552 3264 ι
599 3212 712 3266 Οὐκ
734 3211 958 3282 ὄψομαι.
996 3211 1194 3280 φησιν,
1230 3209 1354 3264 οὔτε
1401 3213 1573 3282 συκῆς
1612 3212 1916 3282 ἀκαρπίαν,

343 3300 467 3354 οὔτε
503 3301 692 3364 ἐλαίας
740 3301 998 3369 ἀγονίαν,
1049 3298 1173 3352 οὔτε
1229 3299 1474 3370 ἄμπελον
1513 3299 1622 3353 τῶν
1676 3299 1920 3369 βοτρύων

343 3391 718 3462 ἐστερημένην
738 3431 754 3455 ,
787 3391 908 3444 οὐδὲ
936 3389 1096 3444 πεδία
1137 3391 1246 3444 τῶν
1278 3388 1568 3460 ἀσταχύων
1599 3389 1819 3460 γυμνὰ,
1857 3389 1918 3442 ού

345 3483 489 3555 λιμῷ
513 3485 586 3537 τὰ
621 3483 794 3552 κτήνη
831 3481 1187 3552 φθειρόμενα.
1227 3482 1340 3535 Καὶ
1368 3479 1573 3534 τούτων
1596 3480 1652 3532 δὲ
1690 3480 1920 3533 ἕκαστον

344 3574 620 3648 τροπικῶς
649 3573 884 3644 εἴρηται.
915 3571 1122 3640 Συκῆν
1151 3571 1251 3642 μὲν
1278 3571 1386 3642 γὰρ
1415 3571 1517 3640 τὴν
1557 3570 1921 3642 Ἰερουσαλὴμ

346 3667 790 3738 προσηγόρευσεν
812 3683 825 3696 ·
852 3664 996 3718 οὕτω
1027 3663 1138 3734 γὰρ
1167 3663 1315 3734 ἡμᾶς
1353 3665 1495 3715 νοεῖν
1523 3663 1551 3715 ὁ
1577 3661 1782 3733 Κύριος
1809 3661 1921 3716 ἐδί-

343 3759 470 3827 δαξε
498 3758 588 3813 διὰ
616 3758 716 3828 τῆς
751 3756 1090 3828 παραϐολῆς,
1128 3756 1300 3826 συκῆν
1325 3756 1575 3827 ἄκαρπον
1603 3754 1918 3820 ὑποδείξας,

354 3851 422 3920 ἢν
455 3853 485 3904 ὁ
528 3849 833 3920 φυτουργὸς
873 3847 963 3902 διὰ
997 3848 1099 3918 τὴν
1145 3845 1424 3916 ἀκαρπίαν
1458 3847 1713 3916 ἐκτεμεῖν
1759 3845 1922 3915 ἠϐου-

344 3941 514 4013 λήθηο
574 3941 604 3993 ὁ
637 3940 695 3992 δὲ
734 3937 982 4010 γεωργὸς
1017 3936 1198 4004 ὀλίγον
1244 3935 1522 4005 ἐνδοθῆναι
1572 3935 1764 4006 χρόνον
1811 3934 1924 3987 ίκέ-

343 4048 536 4084 τευσεν
564 4069 578 4092 ,
619 4030 760 4083 ὥστε
811 4027 980 4094 αὐτὴν
1014 4023 1335 4095 ἐπιμελείας
1369 4024 1718 4088 ἀξιωθεῖσαν,
1751 4025 1782 4093 ἢ
1830 4025 1922 4078 τὸν

348 4123 560 4194 καρπὸν
613 4118 946 4183 ἀποδοῦναι,
1014 4117 1047 4188 ἢ
1119 4115 1420 4187 πρόρριζον
1479 4116 1913 4185 ἀνασπασθῆναι.

354 4215 665 4278 ’Ἄμπελον
715 4210 771 4263 δὲ
831 4209 924 4263 τὸν
985 4208 1114 4262 λαὸν
1156 4209 1190 4276 ή
1253 4206 1373 4258 θεία
1432 4204 1621 4276 Γραφὴ
1661 4204 1922 4268 πολλάκις

345 4306 597 4374 ὠνόμασε
625 4320 638 4332 ·
671 4302 764 4356 καὶ
796 4301 883 4354 ἵνα
910 4300 1010 4363 τὰς
1035 4299 1200 4364 ἄλλας
1230 4297 1547 4351 καταλείπω
1583 4298 1913 4368 μαρτυρίας,

343 4397 432 4451 διὰ
478 4395 702 4449 Ἡσαΐου
735 4393 898 4462 φησὶν
927 4393 955 4444 ὁ
989 4390 1122 4454 Θεός
1143 4405 1156 4420 ·
1196 4408 1214 4440 ι
1255 4390 1314 4441 '0
1347 4387 1455 4458 γὰρ
1489 4387 1756 4459 ἀμπελὼν
1804 4390 1918 4442 Κυ-

1564 374 1646 435 ΙΝ
1678 375 2022 434 IIABACUC
2076 377 2232 435 CAP-
2275 379 2354 436 Ι[.

239 506 241 508 ·
340 487 473 552 ἒῡενη
507 482 828 552 περιόντων,
879 483 1165 536 συνίστατο
1197 483 1295 553 μὲν
1335 484 1402 536 τὰ
1436 485 1720 551 κλυδώνια,
1751 486 1920 540 διεδέ-

2029 490 2278 556 procella:
2313 490 2532 559 quidem
2568 501 2776 546 exorta:
2811 502 2977 559 sunt,
3018 496 3117 552 has
3163 511 3293 555 vero
3328 507 3597 575 tranquil-

3461 391 3595 457 1834

2029 580 2152 633 litus
2187 583 2424 636 maxima
2455 586 2686 653 excepit.
2726 585 2843 641 l-loc
2889 589 3057 642 etiam
3097 590 3357 649 Christus
3397 595 3455 650 in
3501 613 3595 651 sa-

2027 672 2139 725 cris
2170 672 2480 742 Evangeliis
2511 675 2688 730 dixit:
2725 694 2744 727 ι
2774 675 2894 732 Non
2933 681 3058 734 veni
3093 689 3152 735 ut
3189 699 3381 752 pacem
3415 663 3620 744 mitte?

2027 777 2141 814 rem
2174 763 2230 815 in
2259 764 2446 816 orbem
2467 802 2482 826 ,
2515 765 2612 819 sed
2643 765 2884 834 gladium
2913 787 2926 822 :
2966 770 3089 823 veni
3141 773 3289 826 enim
3335 790 3602 845 separare

2027 854 2302 907 hominem
2349 869 2379 907 a
2428 855 2676 924 proxime
2721 857 3018 926 coniuncto
3065 863 3212 927 sibi,
3259 872 3313 918 et
3360 867 3530 922 lilium
3567 887 3599 924 a

2028 953 2183 1015 patre
2206 959 2308 1000 suo
2328 985 2344 1010 ,
2371 953 2424 1000 et
2449 945 2614 1000 ﬁliam
2647 962 2674 999 a
2701 957 2873 1004 matre
2897 969 2994 1007 sua
3015 991 3030 1018 ,
3062 963 3114 1008 et
3142 971 3342 1010 nurum
3373 975 3400 1010 a
3433 975 3599 1014 socru

2029 1050 2128 1089 sua
2159 1045 2218 1087 ω.
2244 1053 2264 1088 ›
2293 1035 2425 1088 Nam
2455 1038 2582 1106 quia
2611 1041 2963 1096 concorditer
2994 1044 3327 1114 impietatem
3355 1050 3597 1118 amplexi

2028 1133 2191 1193 sunt,
2220 1127 2448 1196 pulchra
2475 1127 2748 1183 divisione
2775 1130 3028 1186 dissolvit
3055 1138 3252 1188 malam
3274 1141 3598 1194 consensio-

2030 1231 2150 1269 nem
2174 1257 2188 1278 ,
2221 1223 2276 1270 et
2303 1224 2426 1284 post
2456 1216 2734 1271 laudatam
2767 1217 3170 1279 dissensionem
3207 1226 3429 1295 pietatis
3459 1244 3599 1286 con-

2028 1308 2273 1362 cordiam
2305 1307 2487 1363 efficit.

2098 1482 2268 1539 Vsus.
2308 1483 2397 1538 16.
2435 1504 2454 1536 ι
2487 1484 2777 1541 Custodivi
2803 1527 2819 1552 ,
2853 1493 2910 1543 et
2938 1486 3194 1544 extimuit
3225 1498 3416 1548 venter
3444 1509 3601 1551 meus

2028 1588 2060 1627 a
2088 1589 2222 1629 voce
2255 1575 2526 1630 orationis
2574 1577 2849 1632 labiorum
2901 1594 3149 1634 meorum
3178 1600 3192 1634 :
3227 1592 3280 1636 et
3314 1583 3603 1654 ingressus

2027 1673 2113 1719 est
2141 1672 2347 1720 tremor
2379 1665 2434 1720 in
2467 1681 2596 1722 ossa
2625 1681 2744 1722 mea
2765 1707 2780 1730 ,
2819 1675 2873 1723 et
2915 1670 3108 1724 subter
3149 1686 3236 1726 me
3267 1676 3603 1732 conturbata

2029 1761 2112 1810 est
2137 1755 2400 1810 fortitudo
2429 1771 2569 1812 mea.
2603 1775 2621 1809 ο
2651 1756 2934 1828 Reputans
2963 1775 3151 1814 secum
3178 1777 3244 1816 ex
3273 1764 3442 1820 dictis
3467 1781 3603 1836 pro-

1960 1832 2001 1884 Β
2031 1847 2192 1914 pheta
2240 1847 2451 1917 1557
2489 1859 2700 1918 quanta
2750 1850 2896 1903 mala
2935 1849 3143 1906 Judazis
3216 1832 3600 1924 impenderent

2029 1937 2120 2006 qui
2156 1941 2416 2007 gentibus
2445 1940 2802 1997 credentibus
2835 1942 2938 2011 ipsi
2975 1959 3086 1997 non
3123 1944 3454 2013 crederent,
3493 1949 3600 2004 mi-

2028 2024 2328 2079 sericordia
2375 2027 2430 2080 in
2475 2030 2819 2084 contribules
2864 2041 3207 2096 commotus,
3254 2041 3494 2092 tremere
3540 2054 3602 2094 se

2025 2127 2091 2168 ac
2118 2116 2311 2171 timere
2335 2116 2507 2182 dixit,
2535 2118 2608 2172 ob
2636 2127 2766 2179 ante
2796 2120 2974 2177 dictas
3005 2122 3111 2178 sub
3142 2125 3420 2180 orationis
3454 2141 3596 2196 Spe-

2024 2209 2111 2264 cie
2137 2210 2548 2279 praedictiones.
2581 2211 2686 2267 Sed
2713 2219 2898 2268 tamen
2928 2214 3042 2268 haec
3061 2255 3077 2278 ,
3111 2215 3323 2286 inquit,
3352 2218 3486 2272 mihi
3513 2228 3602 2276 est

2028 2300 2370 2365 consolatio,
2417 2317 2506 2356 me
2546 2303 2764 2356 illarum
2809 2303 3191 2358 calamitatum
3233 2318 3599 2374 spectatorem

2023 2404 2132 2444 non
2160 2405 2286 2446 esse
2313 2390 2580 2446 futurum.
2612 2409 2632 2442 ι
2666 2391 3037 2461 Requiescam
3064 2396 3213 2449 enim
3245 2396 3339 2451 die
3367 2398 3602 2452 tribula-

2024 2482 2189 2537 tionis
2235 2497 2368 2538 mea:
2393 2521 2408 2550 ,
2458 2493 2517 2537 ιιι
2546 2485 2841 2539 ascendam
2877 2484 2944 2538 ad
2977 2487 3238 2556 populum
3272 2492 3597 2560 peregrina-

2023 2572 2190 2628 tionis
2240 2589 2394 2628 tneae.
2434 2593 2453 2624 ι
2484 2574 2624 2629 Ante
2679 2583 2936 2629 eventum
2985 2577 3132 2630 enim
3180 2579 3598 2647 praedictionum

2021 2665 2129 2720 vita
2163 2664 2450 2734 defungar,
2479 2673 2534 2720 et
2564 2666 2632 2720 ab
2658 2665 2825 2736 hujus
2855 2667 2984 2720 vita:
3016 2667 3263 2722 incolatu
3298 2670 3598 2724 liberabor.

2091 2842 2258 2898 Vens.
2285 2845 2373 2897 l7.
2412 2862 2431 2895 ι
2462 2844 2598 2911 Quia
2641 2844 2776 2900 licus
2807 2861 2916 2899 non
2943 2845 3082 2900 feret
3113 2845 3374 2907 fructum.
3403 2857 3457 2904 et
3487 2866 3598 2905 non

2020 2943 2181 2990 erunt
2206 2937 2448 3006 germina
2489 2937 2544 2990 in
2572 2936 2783 3002 vineis;
2831 2938 3124 2992 mentietur
3170 2953 3310 3006 opus
3337 2939 3514 3001 olivae,
3547 2949 3604 2995 et

2019 3025 2198 3096 campi
2216 3042 2323 3080 non
2342 3025 2618 3095 proferent
2632 3041 2845 3090 escam;
2881 3025 3198 3081 defecerunt
3219 3029 3285 3080 ab
3304 3044 3432 3082 esca
3451 3045 3604 3092 oves,

2020 3127 2077 3172 et
2111 3133 2219 3170 non
2247 3126 2406 3171 erunt
2427 3118 2591 3172 boves
2635 3118 2702 3170 ad
2735 3119 3021 3188 prmsepia.
3051 3137 3070 3168 ι
3101 3117 3220 3172 Non
3260 3119 3475 3181 videbo,
3521 3121 3605 3174 in-

2020 3209 2159 3279 quit,
2191 3209 2389 3264 ficuum
2410 3209 2874 3272 infecunditatem,
2909 3226 3018 3264 non
3049 3212 3206 3265 olivae
3234 3213 3604 3275 sterilitatem,

2021 3313 2128 3353 non
2149 3299 2360 3354 vineam
2383 3299 2614 3352 racemis
2635 3299 2973 3364 destitutam,
2999 3315 3176 3369 neque
3199 3316 3420 3370 campos
3437 3303 3606 3370 spicis

2020 3403 2243 3449 vacuos,
2260 3403 2433 3458 neque
2456 3403 2650 3457 pecora
2667 3393 2682 3408 '
2703 3387 2846 3442 fame
2866 3389 3137 3444 confecta.
3165 3389 3605 3459 Unumquodque

2019 3494 2086 3534 ex
2111 3479 2198 3532 his
2228 3480 2436 3547 tropice
2455 3479 2666 3533 dictum
2682 3489 2789 3533 est.
2822 3477 2953 3530 Nam
2977 3480 3134 3546 [tcum
3176 3477 3602 3549 Hierosolymam

2021 3569 2454 3640 appellavitzsic
2502 3568 2648 3622 enim
2706 3568 3011 3637 intelligere
3063 3585 3163 3624 nos
3222 3569 3406 3624 docuit
3439 3571 3601 3625 Chri-

2021 3669 2139 3718 stus
2159 3676 2256 3730 pcr
2278 3659 2587 3730 parabolam
2615 3668 2663 3721 υ,
2693 3660 2850 3712 ticum
2875 3659 3118 3714 sterilem
3141 3659 3412 3725 indicans,
3437 3677 3602 3730 quam

2022 3767 2146 3808 cum
2163 3754 2441 3821 plantator
2455 3750 2527 3804 ob
2547 3750 2892 3804 sterilitatem
2913 3751 3238 3807 exscindere
3264 3753 3442 3813 vellet,
3465 3754 3611 3823 agri-

2022 3845 2143 3899 cola
2178 3843 2460 3913 paululum
2505 3841 2766 3910 tcmporis
2790 3841 2908 3894 dari
2933 3843 3166 3910 rogavit,
3200 3850 3259 3896 ut
3281 3858 3344 3897 ea
3382 3845 3611 3913 .iiligen~

2023 3943 2107 3988 ter
2165 3941 2354 3987 curata
2412 3938 2508 3983 aut
2570 3931 2812 3984 fructum
2875 3930 3129 3995 alferret,
3187 3939 3282 3983 aut
3338 3933 3606 3988 radicitus

2021 4024 2451 4092 exstirparetnr.
2510 4021 2722 4075 Vineam
2771 4031 2950 4075 autem
3001 4036 3375 4090 swpenumero
3415 4023 3601 4080 divina

2023 4114 2304 4184 Scriptura
2329 4113 2589 4183 populum
2622 4112 2923 4167 nominavit
2943 4130 2958 4179 ;
2982 4120 3056 4180 et,
3084 4121 3142 4165 ut
3161 4114 3266 4166 alia
3289 4115 3606 4169 testimonia

2020 4204 2290 4266 omittam,
2315 4219 2412 4272 per
2446 4202 2640 4259 Isaiam
2674 4204 2815 4260 Deus
2842 4203 2999 4258 ait°:
3035 4221 3054 4254 ι
3089 4201 3260 4259 Vinea
3285 4213 3465 4259 autem
3499 4204 3606 4259 Do-

2021 4295 2154 4352 mini
2215 4294 2560 4350 exercituum
2617 4292 2818 4348 domus
2866 4293 3088 4350 lsraelis
3137 4301 3265 4357 est,
3308 4303 3360 4348 et
3410 4293 3607 4350 domus

2018 4385 2170 4440 Jndze
2186 4383 2391 4439 novella
2421 4383 2682 4452 plantatio
2699 4381 3072 4437 dilectissima.
3094 4382 3416 4452 Exspectavi
3442 4393 3500 4437 ut
3525 4383 3608 4437 fa-

345 4487 467 4559 ρίου
501 4483 728 4538 Σαϐαὼθ
767 4479 914 4545 οἶκος
960 4479 1174 4550 Ἰσραήλ
1226 4480 1382 4542 ἐστι,
1427 4479 1520 4531 καὶ
1566 4480 1593 4531 ὁ
1640 4475 1788 4541 οἶκος
1819 4479 1912 4532 τοῦ

2022 4489 2170 4532 ceret
2212 4473 2501 4544 judicium,
2548 4472 2676 4527 fecit
2698 4483 2878 4531 autem
2902 4473 3267 4542 iniquitatem,
3301 4483 3483 4526 etnon
3513 4473 3606 4542 ju-

361 4578 527 4632 Ἰούδα
553 4577 807 4646 νεόφυτον
836 4573 1212 4643 ἠγαπημένον.
1253 4571 1488 4640 Ἔμεινα
1546 4568 1640 4623 τοῦ
1688 4570 1917 4639 ποιῆσαι

2025 4567 2254 4630 stitiam,
2323 4565 2419 4620 sed
2492 4564 2818 4621 clamorem.
2889 4563 3100 4620 Olivam
3166 4578 3332 4634 porro
3394 4564 3609 4635 1558

344 4670 562 4741 κρίσιν,
610 4667 832 4738 ἐποίησε
879 4665 934 4716 δὲ
983 4663 1253 4732 ἀνομίαν,
1307 4661 1400 4715 καὶ¹
1442 4659 1502 4712 οὐ
1552 4661 1923 4731 δικαιοσύνην,

343 4761 483 4815 ἀλλά
523 4759 795 4830 κραυγήν.
842 4777 860 4810 ι
919 4757 1166 4811 Ἐλαίαν
1198 4754 1256 4807 δὲ
1306 4754 1564 4822 ἄγονον,
1593 4753 1721 4817 τοὺς
1767 4755 1930 4825 Φαρι-

344 4852 531 4915 σαίους
574 4851 668 4904 καὶ
693 4849 1088 4912 Σαδδουκαίους
1119 4849 1220 4901 οὑκ
1249 4847 1314 4901 ἄν
1355 4862 1439 4908 τις
1481 4844 1718 4916 ἁμάρτοι
1749 4861 1920 4916 προσ-

342 4941 674 5012 αγορεύσας,
704 4941 752 4992 οἱ
779 4939 872 4992 ἐπὶ
904 4939 980 5009 τῷ
1010 4939 1108 5006 τῆς
1137 4933 1482 5003 δικαιοσύνης
1505 4934 1730 5004 ὀνόματι
1761 4935 1919 5006 βρεν-

343 5035 642 5102 θυόμενοι,
692 5030 892 5100 ἔρημοι
936 5031 1044 5083 τῶν
1100 5029 1305 5098 ταύτης
1363 5027 1610 5098 ὑπῆρχον
1664 5027 1912 5096 καρπῶν.

345 5128 466 5175 Ὅτι
503 5123 559 5175 δὲ
592 5123 672 5186 εἰς
718 5122 901 5175 εἰκόνα
945 5120 1168 5172 δικαίων
1217 5118 1356 5188 αὕτη
1401 5116 1909 5188 παραλαμϐάνεται,

344 5214 555 5285 μάρτυς
585 5216 614 5266 ὁ
644 5213 818 5283 μέγας
859 5212 1026 5265 Δαϐὶδ
1057 5210 1194 5282 βοῶν
1212 5227 1226 5242 ο
1256 5229 1274 5261 ι
1317 5209 1460 5277 Ἐγὼ
1487 5209 1544 5262 δὲ
1581 5209 1714 5262 ὡσεὶ
1767 5207 1922 5262 ἐλαία

2024 4659 2259 4714 sterilem
2294 4660 2339 4712 si
2386 4657 2511 4726 quis
2564 4656 2879 4711 Pharisa‘os
2914 4665 2964 4710 et
3013 4654 3347 4711 Sadducaeos
3383 4656 3605 4716 dixerit.

2024 4765 2134 4804 non
2182 4748 2388 4802 errabit
2429 4747 2559 4816 :qui
2587 4746 2815 4815 iustitiae
2861 4745 3082 4799 nomine
3125 4759 3248 4800 sese
3287 4744 3606 4810 eﬂerentes,

2025 4841 2093 4894 ab
2118 4841 2281 4909 hujus
2314 4838 2581 4894 fructibus
2625 4844 2784 4891 erant
2823 4836 3094 4891 destituti.
3159 4835 3370 4891 Olivam
3427 4845 3605 4892 autem

2028 4931 2236 4987 referre
2278 4931 2570 5000 imaginem
2598 4928 2900 4998 iustorum,
2932 4926 3048 4996 ipse
3076 4924 3244 4980 David
3275 4927 3433 4984 testis
3466 4936 3551 4982 est
3588 4947 3601 4981 :

2031 5023 2188 5094 «Ego
2245 5030 2425 5077 autem
2465 5021 2609 5076 sicut
2670 5019 2815 5073 oliva
2865 5016 3144 5072 fructifera
3181 5017 3234 5073 in
3286 5019 3452 5074 domo
3493 5021 3609 5085 Dei,

2020 5112 2239 5185 speravi
2288 5112 2343 5166 in
2379 5108 2752 5165 misericordia
2806 5106 2897 5161 Dei
2940 5106 3044 5162 mei
3107 5105 3159 5159 in
3199 5116 3464 5161 aeternum
3499 5118 3547 5159 ιδ.
3589 5128 3606 5157 ι

2031 5203 2258 5272 Campos
2296 5216 2425 5256 vero
2458 5199 2818 5268 infructuosos
2844 5205 3004 5252 vocat
3030 5212 3220 5252 eorum
3257 5198 3454 5253 ditioni
3479 5201 3613 5254 eali-

414 5398 455 5426 ιιι
489 5385 683 5442 Matth.
719 5403 774 5453 x,
803 5385 894 5451 5|,
927 5387 1017 5442 55.
1090 5392 1118 5421 ιι
1154 5385 1287 5440 Luc.
1318 5399 1440 5447 xm,
1471 5383 1506 5438 6
1538 5398 1692 5454 seqq.
1772 5391 1797 5420 °
1832 5384 1938 5440 lsa.
1973 5399 2027 5452 v,
2051 5384 2104 5439 'l.
2185 5392 2212 5432 Ρ
2244 5380 2387 5436 Psal.
2423 5393 2472 5432 LI
2495 5417 2510 5442 .
2546 5376 2600 5429 3-

1657 5500 1896 5558 VARIIE
1930 5499 2331 5559 LECTIONES.

419 5621 462 5654 “
496 5621 595 5674 ἀπ.
633 5639 684 5674 τ.
718 5621 806 5674 πλ.
827 5622 974 5677 Loco
1008 5622 1100 5675 cit.
1149 5633 1254 5685 est,
1290 5623 1429 5675 κατά
1457 5622 1550 5675 τοῦ
1583 5624 1799 5692 πατρός.
1830 5623 1906 5680 Ib.
1942 5623 2061 5680 des.
2099 5625 2214 5677 υίδν
2243 5624 2348 5676 ἀπὸ
2377 5641 2426 5677 τ.
2457 5642 2516 5678 π.
2550 5625 2672 5677 αὐτ.

346 5699 467 5765 post
500 5705 672 5760 pauca
711 5702 798 5746 est
818 5694 974 5746 κατὰ.
1049 5693 1094 5723 ⁸³
1129 5693 1264 5744 κοιλ.
1301 5693 1345 5744 Α
1371 5692 1588 5762 καρδία.
1666 5694 1711 5724 ⁸⁸
1749 5695 1842 5746 ὑπ.
1881 5711 2002 5765 μου.
2038 5697 2080 5746 Α
2111 5697 2168 5748 ἐν
2198 5695 2336 5747 ἐμοί.

345 5761 477 5815 ιὲδέ.

705 5857 977 5916 Ρειτιιοι..
1024 5858 1138 5917 (in.
1188 5854 1465 5914 LXXXI.

2769 5625 2814 5658 δ’
2865 5625 2990 5680 ἀπό.
3049 5620 3194 5677 Loco
3237 5621 3329 5677 cit.
3380 5621 3433 5674 h.
3480 5621 3517 5674 l.
3553 5626 3601 5671 et

2437 5695 2486 5724 "
2527 5695 2604 5757 ἐξ.
2658 5695 2703 5747 Α
2747 5694 2916 5764 ἰσχύς.
3013 5694 3060 5726 ’⁸
3087 5691 3245 5746 ἀναϐ.
3275 5691 3317 5742 Α
3350 5689 3474 5745 add.
3514 5705 3602 5760 με.

2586 5775 2611 5805 I

3214 5854 3284 5914 58
