4090 6420
492 378 626 441 1ὀ35
1477 378 1959 438 THEODORETI
1995 376 2332 441 EPISCOPI
2373 377 2737 436 CYRENSIS
3606 369 3740 434 1836

481 501 682 570 jnctos.
720 496 774 550 in
825 509 963 566 quos
997 495 1160 550 etiam
1190 494 1456 550 Jeremias
1490 492 1858 548 vociferatur:
1903 512 1920 545 ι
1947 491 2057 547 No-
2086 527 2096 556 λ

2124 541 2129 554 _
2160 493 2516 564 κατάκαρπος
2547 495 2606 545 ὲν
2650 491 2723 562 τῷ
2767 490 2902 561 οἴκῳ
2932 491 3026 543 τοῦ
3061 490 3198 543 θεοῦ
3224 529 3239 553 ,
3292 490 3494 559 ἤλπισα
3546 489 3636 542 ἐπὶ
3676 490 3739 542 τδ

491 596 612 641 vate
633 586 790 642 vobis
808 585 1018 648 novale,
1037 591 1092 639 et
1109 584 1275 638 nolite
1297 597 1477 638 serere
1499 598 1664 652 super
1679 583 1870 652 spinas
1882 593 1930 638 «ι.
1955 601 1972 634 ι
1999 582 2064 637 Ει

2164 584 2327 648 ἔλεος
2350 583 2442 637 τοῦ
2491 583 2630 637 Θεοῦ
2687 601 2789 653 μου
2849 583 2928 646 εἰς
2989 582 3081 635 τὸν
3137 580 3330 635 αίῶνα.
3391 599 3410 632 ι
3466 580 3648 633 Πεδία
3682 581 3741 634 δὲ

490 697 605 734 oves
640 680 891 735 similiter
921 684 1079 731 vocat
1099 676 1395 745 subjectos,
1423 677 1626 746 quibus
1649 676 1848 731 famem
1881 677 2061 731 mina.

2165 677 2405 744 ἄκαρπα
2449 677 2574 739 τοὺς
2602 676 2708 729 ὑπὸ
2732 674 2942 738 τούτοις
2989 673 3278 736 τελοῦντας
3318 671 3739 744 προσαγορεύει,

491 778 598 823 tur.
634 787 652 818 ι
675 769 811 822 Ecce
837 767 1004 827 enim,
1035 765 1231 834 inquit,
1265 764 1474 819 mittam
1517 765 1714 820 famem
1757 781 1925 836 super
1956 774 2064 820 ter-

2167 765 2304 836 πρὸς
2343 765 2437 828 οὓς
2479 767 2574 820 καὶ
2629 766 2903 836 Ἱερεμίας
2966 765 3096 836 βοᾷσ
3145 784 3162 816 ι
3223 764 3481 817 Νεώσατε
3529 765 3745 827 ἑαυτοῖς

491 876 627 924 ram,
682 874 791 913 non
840 857 1038 911 fatnem
1086 857 1266 927 panis,
1320 873 1496 928 neque
1551 857 1698 912 sitim
1760 873 1934 928 aqua',
1969 856 2063 913 sed

2167 857 2461 927 νεώματα,
2508 859 2602 911 καὶ
2649 858 2725 929 μὴ
2778 859 3040 930 σπείρητε
3097 859 3185 911 ἐπ’
3242 856 3534 919 ἀκάνθαις.
3585 875 3603 908 ι
3632 856 3746 910 Καὶ

492 953 688 1004 fantem
723 948 979 1003 audiendi
1027 950 1250 1004 verbum
1295 949 1506 1002 Domini
1541 958 1585 1002 ι’.
1616 967 1635 1000 ι
1702 948 1878 1003 Boves
1939 964 2066 1004 vero

2169 949 2432 1016 πρόϐατα
2472 949 2528 1001 δὲ
2564 949 2689 1011 τοὺς
2720 947 3060 1019 ἀρχομένους
3089 948 3279 1013 καλεῖ,
3322 941 3408 1009 οἷς
3451 946 3542 1000 τὸν
3589 946 3746 1017 λιμὸν

491 1061 589 1094 non
653 1044 961 1095 cxsistenles
1025 1041 1093 1094 ad
1161 1041 1418 1110 prwscpia
1458 1079 1474 1104 ,
1528 1040 1842 1096 sacerdotes
1885 1039 2058 1102 dicit,

2169 1040 2403 1094 ἀπειλεῖ.
2456 1061 2473 1093 ι
2525 1041 2655 1094 Ἰδοὺ
2695 1042 2826 1111 γὰρ,
2863 1041 3046 1111 φησιν,
3087 1038 3198 1109 ἐγὼ
3223 1039 3410 1105 ἐπάξω
3452 1039 3608 1109 λιμὸν
3652 1038 3747 1091 ἐπὶ

490 1147 724 1200 quorum
761 1132 977 1195 altaria,
1008 1132 1138 1186 olim
1166 1131 1544 1194 celeberrima,
1587 1129 1807 1185 deserta
1853 1144 2069 1184 reman-

2171 1132 2270 1201 τὴν
2301 1134 2425 1203 γῆν,
2464 1133 2523 1185 ού
2572 1131 2729 1202 λιμὸν
2773 1132 2964 1203 ἄρτου,
3007 1131 3128 1185 οὐδὲ
3153 1130 3313 1201 δίψαν
3348 1130 3563 1196 ὓδατος,
3611 1129 3749 1185 ἀλλὰ

492 1231 702 1276 serunt.
739 1221 897 1284 Nam,
939 1221 1400 1292 quemadmodum
1429 1221 1598 1276 boves
1643 1229 1802 1274 arant
1842 1227 2067 1282 terram,

2175 1221 2334 1293 λιμὸν
2382 1222 2476 1276 τοῦ
2523 1223 2754 1277 ἀκούσαι
2799 1223 2959 1291 λόγον
3009 1223 3238 1294 Κυρίου.
3274 1242 3292 1275 ι
3336 1224 3494 1287 Βόας
3529 1222 3586 1275 δέ
3634 1223 3749 1292 οὐχ

494 1315 574 1368 sic
606 1314 789 1385 populi
819 1314 1030 1368 animas
1061 1313 1379 1368 sacerdotes
1429 1311 1774 1375 excolebant,
1809 1317 2070 1378 tanquam

2177 1315 2559 1384 ὑπάρχοντας
2604 1315 2677 1367 ἐν
2707 1314 2960 1382 φάτναις
3001 1315 3128 1377 τοὺς
3175 1313 3358 1385 ἱερέας
3391 1312 3628 1381 λέγειδτ,
3673 1306 3751 1365 ῶν

497 1416 710 1475 pastum
739 1405 1030 1476 quemdam
1054 1405 1121 1460 ab
1148 1405 1242 1459 illo
1281 1404 1612 1474 accipientes
1636 1418 1698 1456 ea
1737 1417 1858 1472 qua:
1886 1400 2075 1454 altari-

2172 1406 2359 1476 ἔρημα
2393 1406 2669 1476 μεμένηκε
2699 1406 2768 1461 τὰ
2802 1405 2973 1460 πάλαι
3001 1405 3414 1476 πολυθρύλλητα
3453 1405 3750 1476 θυσιαστή-

495 1497 600 1551 bus
625 1497 788 1550 veluti
818 1495 1156 1566 praesepibus
1186 1495 1498 1550 offeruntur
1528 1510 1542 1546 :
1579 1493 1648 1548 de
1681 1493 1882 1563 quibus
1907 1491 2071 1546 etiam

2174 1514 2268 1567 -ρια
2294 1513 2306 1526 ·
2341 1497 2592 1569 καθάπερ
2621 1498 2732 1568 γὰρ
2768 1499 2818 1550 οί
2852 1497 2971 1568 βόες
3007 1497 3313 1567 γεωργοῦσι
3356 1497 3456 1566 τὴν
3502 1496 3630 1566 γῆν,
3661 1494 3756 1548 οὔ·

501 1589 692 1642 beatus
725 1587 927 1643 Paulus
961 1589 1038 1640 ait
1074 1606 1086 1641 :
1135 1605 1152 1636 ιι
1183 1585 1301 1640 Νοη
1351 1585 1617 1654 obligabis
1646 1600 1708 1640 os
1751 1585 1873 1638 bovi
1913 1583 2076 1637 trittt-

2175 1605 2282 1648 τως
2316 1589 2366 1640 ot
2403 1589 2568 1656 ἱερεῖς
2605 1587 2923 1659 ἐνεούργουν
2968 1587 3062 1641 τοῦ
3093 1586 3224 1642 λαοῦ
3266 1587 3361 1649 τὰς
3389 1585 3604 1655 ψυχὰς,
3641 1579 3753 1638 οἷόν

499 1681 642 1734 ranti
675 1688 722 1734 ⁸.
756 1698 773 1732 ι
813 1678 1056 1750 Itemque
1089 1696 1103 1733 :
1141 1698 1158 1729 ι
1187 1678 1290 1744 Qui
1324 1677 1482 1730 altari
1514 1675 1782 1738 serviunt,
1816 1673 1884 1728 de
1918 1673 2074 1728 altari

2177 1697 2300 1733 τινα
2336 1679 2544 1750 τροφὴν
2583 1681 2716 1752 παρ’
2755 1679 2918 1734 αὑτοῦ
2949 1677 3300 1750 κομιζόμενοι
3328 1677 3402 1731 τὰ
3446 1679 3560 1741 τοῖς
3588 1676 3755 1742 θείοις

499 1785 719 1842 quoque
741 1770 1072 1842 participant
1105 1771 1146 1824 ί.
1179 1789 1196 1819 ι
1237 1767 1438 1824 Verum
1470 1767 1524 1821 hi
1569 1767 1787 1836 quidem
1823 1764 1877 1819 iit
1931 1765 2077 1835 ejus-

2138 1833 2153 1842 ‘
2180 1768 2587 1840 θυσιαστηρίοις
2619 1768 2873 1841 καθάπερ
2905 1768 3018 1822 τισὶ
3052 1766 3477 1838 προσφερόμενα
3502 1767 3753 1835 φάτναις.

500 1832 649 1915 modi
682 1832 1025 1914 calamitates
1053 1859 1295 1913 incident
1330 1875 1345 1912 :
1588 1832 1600 1836 -
1962 1832 1974 1835 ⁷

2142 1834 2319 1929 ιῐΙερὶ
2369 1832 2577 1911 τούτων
2617 1858 2712 1911 καὶ
2751 1859 2780 1910 ὁ
2838 1832 3109 1928 μακάριος
3167 1832 3282 1924 ἔφη’
3321 1832 3531 1914 Παῦλος
3557 1867 3571 1882 ·
3608 1869 3625 1901 ι
3678 1850 3757 1903 Οὐ

501 1949 767 2020 φιμώσεις
822 1948 948 2020 βοῦν
1000 1949 1266 2004 ἀλοῶντα.
1314 1969 1332 2001 ι
1386 1950 1494 2001 Καὶ
1544 1949 1743 2003 πάλιν·
1797 1968 1815 2001 ι
1867 1949 1930 2002 Οί
1991 1948 2070 2019 τῷ
2103 1949 2475 2021 θυσιαστηρίῳ
2505 1949 3004 2020 προσεδρεύοντες,
3063 1947 3143 2019 τῷ
3197 1943 3569 2015 θυσιαστηρίῳ
3628 1957 3766 2013 συμ·

505 2039 840 2111 μερίζονται.
895 2059 913 2090 ι
960 2039 1100 2092 Ἀλλ’
1153 2034 1298 2093 οὗτοι
1362 2039 1462 2108 μὲν
1514 2037 1796 2101 τοιαύταις
1858 2039 2718 2111 περιπσοῦνταιῢυσπραξίαις·

573 2130 736 2184 Vens.
758 2129 843 2188 18.
867 2128 950 2180 t9.
981 2144 1000 2177 ι
1027 2127 1138 2195 Ego
1167 2135 1348 2181 autem
1378 2127 1432 2180 in
1467 2125 1698 2180 Domino
1741 2127 2037 2181 exsultabo
2063 2143 2078 2191 ;

2259 2134 2346 2200 ιη’,
2383 2129 2469 2184 ιθ¹.
2507 2149 2528 2180 τ
2582 2128 2724 2198 Ἐγὼ
2775 2129 2834 2183 δέ
2874 2131 2934 2183 ἐν
2978 2129 3061 2200 τῷ
3089 2128 3282 2202 Κυρίῳ
3327 2125 3761 2196 ἀγαλλιάσομαι⁶

503 2221 755 2293 gaudebo
811 2221 879 2273 de
924 2217 1033 2272 Deo
1091 2217 1372 2272 Salvatore
1419 2235 1559 2272 meo.
1619 2218 1883 2273 Dominus
1941 2215 2085 2274 Deus

2185 2221 2498 2290 χαρήσομαι
2532 2217 2624 2270 ἐπὶ
2664 2216 2741 2288 τῷ
2779 2217 2899 2287 Θεῷ
2946 2217 3025 2288 τῷ
3070 2217 3286 2288 Σωτῆρί
3325 2233 3449 2287 μου.
3498 2214 3705 2288 Κύριος
3735 2214 3768 2266 6

508 2327 664 2366 meus
719 2310 988 2375 fortitudo
1037 2324 1178 2373 mea,
1235 2317 1288 2363 et
1330 2318 1493 2380 ponet
1539 2311 1704 2379 pedes
1745 2325 1896 2365 meos
1935 2311 2084 2364 sicut

2187 2312 2320 2374 Θεός
2351 2329 2451 2382 μου
2487 2310 2717 2381 δύναμίς
2760 2329 2862 2382 μου
2885 2353 2899 2376 ,
2954 2311 3050 2364 καὶ
3100 2310 3253 2373 τάξει
3283 2309 3413 2370 τοὺς
3443 2307 3610 2370 πόδας
3661 2323 3768 2376 μου

508 2404 652 2457 t-ervi
686 2421 698 2454 :
731 2417 896 2471 super
925 2401 1145 2455 eaeelsa
1171 2411 1335 2470 ponet
1379 2417 1484 2463 tne,
1519 2409 1576 2454 ut
1613 2403 1828 2454 vincam
1862 2401 1915 2455 in
1955 2415 2087 2455 eau-

2187 2401 2320 2454 ὡσεὶ
2367 2401 2668 2470 side-ou“,
2720 2404 2815 2456 καὶ
2834 2403 2878 2434 ⁸³
2931 2403 3024 2455 ἐπὶ
3073 2400 3142 2454 τὰ
3185 2399 3363 2471 ὑψηλὰ
3401 2397 3624 2470 ἐπιϐιϐᾷ
3675 2415 3764 2469 με,

507 2493 617 2547 tieo
649 2491 791 2560 ejus.
817 2511 834 2542 ι
861 2489 1102 2544 Tametsi
1132 2493 1276 2544 enim
1319 2501 1541 2559 propter
1581 2491 1704 2545 illos
1735 2491 1995 2544 maestitia
2033 2498 2089 2544 et

2187 2493 2285 2547 τοῦ
2317 2495 2534 2564 νικῆσαί
2579 2512 2646 2566 με
2686 2495 2745 2547 ἐν
2779 2497 2846 2566 τῇ
2887 2494 2996 2564 ᾠδῇ
3049 2492 3236 2546 αὑτοῦ.
3290 2512 3308 2542 ι
3349 2493 3410 2545 Et
3445 2492 3553 2562 γὰρ
3582 2494 3673 2545 καὶ
3701 2493 3766 2544 δι’

514 2588 713 2638 timore
773 2584 1024 2652 oppletus
1089 2581 1187 2640 fui,
1229 2591 1412 2635 tamen
1445 2581 1514 2635 ob
1549 2581 1638 2635 Dei
1678 2583 1781 2635 mei
1834 2583 2086 2652 gloriam,

2191 2588 2436 2650 ἐκείνους
2473 2586 2713 2657 ἀθυμίας
2756 2584 3096 2656 ἐνεπλήσθην
3137 2584 3235 2637 καὶ
3255 2583 3449 2648 δέους,
3502 2583 3640 2637 ἀλλὰ
3677 2582 3767 2636 διὰ

509 2688 632 2744 quae
694 2671 981 2726 manifesta
1033 2671 1124 2725 fiet
1153 2671 1407 2726 omnibus
1470 2671 1806 2734 hominibus,
1877 2670 2092 2740 1559

2191 2681 2289 2750 τὴν
2344 2677 2437 2732 τοῦ
2497 2677 2633 2730 Θεοῦ
2680 2695 2782 2747 μου
2827 2676 2985 2740 δόξαν
3040 2676 3140 2746 τὴν
3201 2675 3406 2730 ἆπασιν
3461 2673 3769 2745 ἀνθρώποις

511 2761 729 2817 exsullo
762 2770 816 2813 et
842 2761 1075 2830 gaudeo.
1137 2759 1498 2813 Conlirmabit
1535 2760 1679 2813 enim
1717 2771 1926 2813 natura:
1960 2774 2092 2813 mea:

2193 2771 2358 2841 δήλην
2383 2769 2778 2840 γενησομένην,
2811 2769 2904 2821 καὶ
2930 2767 3226 2838 γάννυμαι,
3255 2767 3350 2820 καὶ
3380 2766 3768 2837 εύφραίνομαι.

515 2854 884 2908 inﬁrmitatem
929 2893 945 2917 ,
977 2860 1032 2905 et
1070 2852 1218 2905 velut
1267 2867 1486 2905 cervum
1537 2850 1862 2921 pra-parabit
1905 2860 1998 2904 'me
2025 2849 2090 2903 ad

2205 2863 2518 2934 ’Υπερείσει
2556 2863 2665 2932 γάρ
2695 2879 2796 2932 μου
2831 2861 2926 2930 τῆς
2957 2859 3172 2929 φύσεως
3204 2859 3302 2930 τὴν
3337 2859 3643 2923 ἀσθένειαν,
3677 2859 3775 2910 καὶ

515 2959 796 3019 serpentes
829 2953 845 2970 ‘
875 2957 929 3001 et
991 2950 1243 3016 scorpios
1301 2947 1724 3010 conculcattdos,
1777 2956 1832 3000 et
1879 2947 2096 3016 suppri-

2195 2956 2352 3026 δίκην
2402 2955 2602 3022 ἐλάφου
2634 2953 2764 3016 τοὺς
2797 2952 2971 3021 ὄφεις,
3023 2951 3117 3004 καὶ
3155 2952 3284 3013 τοὺς
3325 2951 3637 3022 σκορπίους,
3681 2950 3779 3005 καὶ

518 3042 768 3095 mendam
825 3041 880 3094 in
946 3039 1324 3106 spirituulibus
1393 3041 1732 3109 nequitiam,
1793 3040 1967 3094 donec
2028 3039 2095 3092 ad

2198 3045 2265 3098 τὰ
2293 3044 2641 3115 πνευματικὰ
2678 3043 2780 3112 τῆς
2811 3043 3077 3115 πονηρίας
3105 3043 3521 3113 παρασκευάσει
3555 3044 3775 3104 πατεῖν,

518 3150 787 3190 summam
820 3134 1070 3187 virtutem
1106 3137 1454 3202 perveniens,
1489 3136 1768 3188 victricem
1823 3135 2098 3188 laudatio-

2199 3140 2304 3200 ἓως
2342 3139 2408 3191 ἂν
2442 3138 2533 3191 τοῦ
2565 3136 2732 3206 ὕψους
2766 3137 2864 3208 τῆς
2904 3136 3105 3207 ἀρετῆς
3149 3135 3508 3205 ἐφικόμενος,
3537 3135 3629 3187 τὸν
3656 3136 3781 3187 ἐπι-

521 3241 643 3279 nem
697 3233 988 3278 cantavero
1022 3224 1291 3278 Salvatori
1318 3233 1371 3279 et
1420 3225 1667 3279 Creatori
1703 3226 1935 3295 (meo).
1984 3223 2093 3278 Ne-

2202 3232 2372 3284 νίκιον
2411 3229 2579 3300 ὕμνον
2639 3227 2755 3300 ᾅσω
2806 3227 2884 3299 τῷ
2939 3227 3157 3299 Σωτῆρι
3216 3227 3313 3280 καὶ
3365 3227 3596 3298 Ποιητῇ.
3649 3221 3782 3280 Οἶδα

519 3331 626 3383 que
655 3328 782 3368 vero
827 3313 1016 3382 ignoro
1051 3312 1232 3367 dicere
1276 3316 1594 3379 nonnullos,
1628 3317 1719 3384 qui
1759 3324 1927 3368 totam
1977 3330 2098 3384 pre-

2207 3324 2304 3393 μὲν
2331 3317 2448 3387 οὖν,
2482 3321 2558 3385 ὣς
2587 3337 2730 3384 τινες
2755 3319 2972 3374 ἅπασαν
2997 3318 3094 3390 τὴν
3121 3317 3217 3372 τοῦ
3256 3319 3582 3387 ’Λμόακοὺμ
3615 3334 3783 3387 προσ-

519 3406 792 3460 eationem
818 3405 1091 3460 llabaeuei
1123 3406 1384 3460 historice
1412 3408 1741 3477 inteiligunt,
1774 3407 1841 3460 de
1878 3408 2051 3462 reditu
2075 3423 2134 3466 e.

2168 3424 2176 3480 ζ
2209 3412 2372 3484 ευχὴν
2403 3411 2691 3482 ίστορικῶς
2720 3411 3059 3482 νενοηκὸτες,
3107 3409 3235 3477 περὶ
3277 3409 3377 3479 τῆς
3411 3410 3475 3461 ἐκ
3521 3407 3783 3461 Βαϐυλῶ-

521 3501 790 3572 Babylone
813 3500 926 3554 haec
971 3501 1289 3568 prophetam
1339 3504 1759 3568 praenuntiasse.
1794 3503 1907 3572 Ego
1941 3517 2093 3564 vero,

2200 3521 2288 3567 νος
2325 3504 2587 3557 ἐπανόδου
2628 3503 2834 3572 ἔφασαν
2860 3502 2950 3555 τὸν
2987 3501 3280 3572 Προφήτην
3315 3497 3487 3550 ταῦτα
3517 3515 3782 3569 προειρη-

521 3593 567 3645 si
593 3596 714 3660 quis
737 3591 898 3645 etiam
945 3591 1124 3659 typice
1165 3590 1232 3642 de
1281 3591 1389 3644 illis
1447 3592 1558 3643 huic
1618 3591 1870 3659 pranlicta
1928 3591 2098 3644 fuisse

2201 3599 2355 3651 κέναι
2387 3614 2401 3628 ’
2437 3595 2548 3664 ἐγὼ
2578 3595 2657 3663 δὲ,
2689 3598 2737 3649 εἰ
2774 3597 2872 3666 μὲν
2903 3595 2996 3647 καὶ
3023 3591 3268 3654 τυπικῶς
3302 3593 3390 3644 ἐπ’
3417 3590 3651 3652 ἐκείνοις
3688 3608 3776 3654 τις

525 3685 680 3744 velit,
743 3697 850 3735 non
902 3681 1218 3751 repugnabo
1269 3699 1282 3735 :
1331 3697 1451 3735 nam
1487 3691 1540 3735 et
1599 3683 1664 3736 iis
1701 3699 1820 3751 quae
1851 3698 1879 3734 τι
1944 3684 2100 3736 nobis

2201 3689 2373 3742 ταῦτα
2402 3687 2763 3762 προειρῆσθαι
2790 3685 3060 3756 βούλεται,
3089 3682 3150 3736 ού
3173 3681 3598 3752 διενεχθήσομαι
3623 3697 3637 3711 ο
3663 3683 3780 3744 τοῖς

524 3780 780 3827 enarrata
829 3781 976 3834 sunt,
1022 3775 1136 3825 hare
1173 3772 1536 3843 inteHigetrtia
1574 3774 1834 3826 convenit
1874 3791 1888 3830 :
1926 3773 2100 3842 siqui-

2266 3797 2311 3852 ιρ
2335 3782 2424 3849 ὑφ’
2447 3779 2607 3850 ἡμῶν
2637 3776 3017 3849 ὲρμηνευθεῖσι
3050 3773 3340 3845 συμϐαίνει
3371 3774 3466 3826 καὶ
3494 3775 3529 3842 η
3554 3771 3781 3842 τοιαύτη
3872 3792 3881 3800 ·

525 3866 648 3918 deut
682 3877 948 3916 novorum
974 3872 1140 3931 typus
1173 3863 1496 3918 manifestus
1536 3871 1665 3918 sunt
1695 3875 1892 3917 vetera.
1927 3863 2102 3918 Ctete-

2203 3872 2439 3934 διάνοια,
2483 3871 2642 3940 εἴπερ
2674 3868 2892 3939 ἀληθῶς
2915 3867 3087 3930 τύπος
3129 3865 3371 3937 ἐναργὴς
3411 3863 3522 3918 τῶν
3546 3865 3684 3916 νέων
3715 3865 3785 3916 τὰ

531 3971 648 4008 rum
678 3953 975 4008 absurdum
1005 3953 1215 4022 putavi,
1250 3954 1340 4007 tthi
1371 3957 1570 4010 veritas
1598 3956 1792 4016 vincit,
1825 3963 1879 4009 et
1912 3955 2101 4008 umbra

2207 3962 2430 4015 παλαιά.
2479 3963 2718 4014 ’Ἄτοπον
2772 3959 2830 4012 δὲ
2858 3958 3066 4030 ᾡῆθην,
3121 3957 3221 4026 τῆς
3259 3953 3520 4025 ἀληθείας
3557 3953 3788 4024 κρατού-

528 4046 834 4100 otzcultatur
863 4060 890 4095 a
935 4059 1188 4114 corpore,
1222 4045 1287 4098 ad
1347 4046 1451 4098 alia
1501 4045 1842 4116 prephctiam
1902 4043 2105 4100 referre

2208 4069 2328 4121 σης,
2359 4051 2455 4104 καὶ
2488 4050 2588 4119 τῆς
2633 4051 2793 4112 σκιᾶς
2821 4047 2926 4101 ὑπὸ
2957 4047 3055 4101 τοῦ
3105 4045 3359 4114 σώματος
3389 4042 3781 4112 καλυφθείσης,

532 4137 666 4191 nihil
699 4137 920 4205 penitus
945 4151 1069 4189 cum
1107 4136 1214 4191 illis
1251 4138 1696 4192 convenientem.
1728 4136 1783 4190 Si
1823 4136 2103 4206 qttis'vero

2207 4143 2287 4204 είς
2311 4142 2474 4212 ἕτερα
2509 4139 2609 4211 τὴν
2654 4138 2993 4209 προφητείαν
3055 4136 3263 4201 λαϐεῖν,
3322 4133 3459 4203 μηδέ
3505 4132 3787 4194 παντελῶς

531 4238 787 4282 accttrate
818 4243 1046 4284 noscere
1072 4229 1275 4292 studet,
1321 4237 1698 4298 perscrutotur
1732 4228 2099 4298 prophetiam,

2208 4233 2438 4296 ἐκείνοις
2486 4232 2891 4302 ἁρμόττουσαν.
2953 4227 3016 4282 Εἰ
3059 4228 3117 4281 δέ
3166 4243 3250 4290 τις
3292 4223 3538 4298 ἀκριϐῶς
3595 4223 3787 4295 μαθεῖν

533 4329 586 4370 et
613 4318 816 4371 videbit
851 4319 974 4384 eius
1010 4319 1242 4388 plurima
1277 4335 1620 4390 nequaquam
1653 4335 1776 4374 eum
1806 4320 1948 4390 typis
1975 4333 2109 4372 con-

2207 4323 2416 4388 ἐθέλει,
2470 4321 2822 4392 ἐρευνησάτω
2869 4321 2966 4390 τὴν
3020 4318 3363 4390 προφητείαν
3391 4357 3406 4380 ,
3461 4316 3557 4370 κα¹ι
3595 4315 3790 4384 ὄψεται

535 4408 806 4477 gruentia.
835 4406 938 4463 Sed
961 4411 1028 4463 de
1057 4411 1159 4476 his,
1200 4419 1260 4463 ut
1289 4411 1520 4479 quisque
1555 4409 1972 4478 volet,judicet.
1999 4407 2109 4475 Ego

2210 4415 2382 4485 αὐτῆς
2407 4411 2476 4466 τὰ
2503 4412 2732 4468 πλεῖστα
2765 4411 3030 4483 μηδαμῶς
3064 4413 3176 4472 τοῖς
3204 4408 3397 4471 τύποις
3425 4407 3789 4478 ἁρμόττονταο

537 4509 718 4553 autem
753 4500 990 4554 lectores
1020 4501 1309 4566 admoneo,
1343 4509 1402 4555 ut
1427 4516 1489 4556 ex
1524 4499 1967 4555 enarrationibus
2002 4499 2108 4551 uti-

2210 4506 2347 4558 ἀλλὰ
2383 4505 2510 4575 περὶ
2542 4505 2641 4574 μὲν
2690 4503 2896 4557 τούτων
2931 4497 3033 4575 ᾔιο
3086 4501 3336 4572 βούλεταί
3383 4516 3467 4564 τις
3517 4498 3755 4568 κρινέτω
3777 4515 3790 4528 ·

537 4591 740 4644 litatcm
762 4591 1087 4660 percipiant,
1107 4591 1397 4646 etvirtutis
1421 4591 1618 4646 divina:
1635 4591 1950 4661 adiumento
1973 4588 2108 4655 nixi,

2213 4595 2323 4664 ἐγὼ
2339 4597 2407 4650 δὲ
2439 4597 2566 4659 τοὺς
2609 4590 3042 4667 ἐντυγχάνοντας
3072 4591 3377 4664 παρακαλῶ
3397 4632 3412 4653 ,
3467 4591 3565 4660 τὴν
3593 4593 3657 4643 ἐκ
3685 4590 3796 4643 τῶν

535 4698 756 4737 cursum
799 4682 1103 4752 perficiant,
1149 4691 1202 4739 et
1239 4684 1492 4740 victrices
1541 4698 1779 4740 coronas
1829 4689 2107 4750 appetant,

2215 4687 2650 4758 ἡρμηνευμένων
2668 4686 2940 4756 ὠφέλειαν
2963 4683 3236 4749 συλλέξαι,
3267 4684 3361 4736 καὶ
3390 4681 3499 4734 ὑπὸ
3519 4680 3620 4750 τῆς
3645 4679 3798 4742 θείας

535 4790 767 4842 quarum
802 4775 1067 4830 Dominus
1110 4774 1270 4830 Jesus
1299 4775 1552 4831 Christus
1597 4784 1680 4831 est
1725 4773 1973 4842 largitor,
2025 4773 2111 4826 cui
2147 4761 2150 4814 ἲ

2186 4777 2620 4852 ’βοηθουμένους
2667 4779 2949 4850 δυνάμεως
2992 4775 3087 4829 τὸν
3134 4774 3333 4846 δρόμον
3383 4772 3648 4834 τελέσαι,
3702 4772 3801 4825 καὶ

534 4866 795 4920 convenit
859 4868 1036 4922 omnis
1114 4867 1286 4937 gloria
1369 4868 1424 4921 in
1489 4867 1686 4922 saecula
1765 4862 2111 4917 saeculorum.

2218 4872 2329 4926 τῶν
2371 4873 2685 4945 νικηφόρων
2728 4867 3069 4939 ἐπιθυμῆσαι
3108 4865 3412 4936 στεφάνων,
3454 4859 3530 4922 ὢν
3562 4865 3802 4938 χορηγὸς

537 4958 731 5011 Amen.
2075 4969 2080 4976 '
2219 4962 2248 5015 ὃ
2276 4963 2548 5034 Δεσπότης
2579 4964 2817 5036 Χριστὸς
2837 5001 2852 5028 ,
2886 4953 2930 5029 ᾧ
2960 4959 3164 5031 πρέπει
3213 4957 3340 5024 δόξα
3367 4960 3519 5014 πᾶσα
3561 4961 3641 5024 εις
3673 4959 3804 5024 τοὺς

1497 5052 1502 5059 ’
2221 5055 2423 5119 αἰῶνας
2445 5056 2554 5110 τῶν
2584 5055 2813 5109 αἰώνων.
2859 5054 3052 5129 Ἀμήν.

615 5233 640 5272 τι
675 5223 875 5276 Jereut.
912 5237 996 5287 tv,
1028 5224 1080 5278 5.
1157 5232 1182 5260 τ
1224 5222 1389 5276 Amos
1426 5239 1517 5278 vin
1543 5267 1556 5290 ,
1595 5226 1677 5278 ll.
1754 5234 1781 5260 ³
1827 5225 2002 5280 l'Cor.
2043 5243 2091 5280 l.\'
2119 5269 2134 5293 ,
2169 5228 2221 5280 9.

1028 5224 1080 5278 5.
1157 5232 1182 5260 τ
1224 5222 1389 5276 Amos
1426 5239 1517 5278 vin
1543 5267 1556 5290 ,
1595 5226 1677 5278 li.
1754 5234 1781 5260 ³
1827 5225 2002 5280 l'Cor.
2043 5243 2091 5280 l.\'
2119 5269 2134 5293 ,
2169 5228 2221 5280 9.
2301 5231 2321 5263 ἲ
2366 5229 2499 5284 ihid.
2538 5229 2616 5282 15.

1842 5376 2072 5432 νΑιιιλΕ
2107 5378 2522 5437 LECTIONES.

635 5490 810 5559 ⁸⁷λέγ.
849 5491 889 5548 C
913 5491 1086 5546 καλεῖ.
1188 5493 1230 5522 ⁵³
1257 5491 1355 5546 ὡς.
1390 5493 1448 5544 ἐλ
1499 5495 1538 5548 Α
1572 5497 1648 5558 εἰς
1684 5493 2013 5558 συντέλειαν,
2041 5494 2195 5563 juxta
2230 5511 2339 5553 rec.
2375 5497 2500 5554 lect.
2594 5497 2636 5529 θ’
2672 5497 2783 5553 καί.
2821 5495 2948 5551 Des.
2987 5495 3039 5549 in
3078 5495 3142 5550 A.
3247 5494 3294 5529 “
3413 5491 3453 5549 Γ
3483 5492 3555 5548 σί.
