4090 6402
364 394 493 458 1841

1558 407 1634 468 ιΝ
1672 407 2069 469 SOPHONIIE
2097 409 2254 469 CAP.
2298 409 2323 467 Ι

3031 360 3208 378 *ν’-.-

3469 413 3603 478 18ί2

432 514 498 579 ξ’.
531 532 548 564 ι
576 512 902 569 Εὐλαὸεἴσθε
920 515 1028 573 ἀπὸ
1050 517 1338 588 προσώπου
1365 521 1570 592 Κυρίου
1590 521 1683 575 τοῦ
1701 520 1838 575 Θεοῦ
1860 521 1927 586 ⁸³,

2102 518 2268 576 Vens.
2310 522 2360 574 7.
2400 540 2417 571 ι
2451 520 2712 576 Timetea
2740 520 2877 577 facie
2922 522 3137 579 Domini
3164 522 3285 590 Dei,
3312 524 3437 593 quia
3480 542 3602 595 pro-

359 604 496 657 διότι
523 604 754 677 ἐγγὺςή
790 604 972 678 ἡμέρα
1018 607 1112 661 τοῦ
1152 609 1376 680 Κυρίου,
1412 611 1494 663 ὅτι
1525 611 1786 683 ἡτοίμασε
1820 612 1932 666 Κύ-

364 714 481 767 ριος
516 695 615 767 τὴν
643 697 835 752 θυσίαν
868 698 1055 764 αὑτοῦ,
1081 700 1276 771 ήγίασε
1303 703 1427 767 τοὺς
1452 704 1683 775 κλητοὺς
1706 705 1927 760 αὑτοῦ.»

364 786 593 851 Θυσίας
613 786 660 818 “
705 786 965 852 πολλάκις
1011 790 1041 844 ὁ
1088 792 1421 869 προφητικδς
1457 793 1612 848 καλεῖ
1637 795 1795 866 λόγος
1840 796 1936 859 καὶ

361 876 462 946 τὴν
487 877 594 931 τῶν
617 878 953 950 παρανόμων
977 883 1192 953 σφαγήν
1211 899 1226 913 ·
1260 884 1356 937 καὶ
1387 884 1544 938 τοῦτο
1571 885 1686 940 ἐστι
1710 886 1812 958 μὲν
1840 887 1936 942 καὶ

364 969 496 1039 παρ’
525 967 708 1033 ἀλλοις
736 972 1043 1042 προφήταις
1075 973 1256 1045 εὑρεῖν
1274 1013 1290 1040 ,
1321 976 1438 1029 ἔστι
1472 977 1530 1031 δὲ
1564 978 1659 1033 καί
1686 981 1839 1051 παρά
1857 978 1937 1052 τῷ

363 1058 637 1133 θεσπεσίῳ
678 1059 957 1133 Ἰεζεκιήλ.
991 1065 1270 1135 κλητοὺς
1298 1067 1356 1126 δὲ
1389 1069 1649 1140 ὀνομάζει
1686 1073 1810 1136 τοὺς
1845 1090 1938 1126 ποι

363 1148 590 1219 λεμίους
609 1166 623 1180 ·
671 1151 734 1206 τὸ
758 1151 816 1206 δὲ
840 1154 1096 1224 ἡγίασεν
1125 1157 1248 1212 ἀντὶ
1290 1159 1410 1222 τοῦ,
1448 1160 1736 1232 ἀφώρισε,
1763 1163 1937 1219 τέθει-

367 1257 494 1296 κεν*
555 1240 731 1308 οὕτως
763 1245 858 1298 καὶ
909 1246 999 1301 διά
1037 1246 1257 1304 Ἡσαΐου
1284 1250 1450 1322 φησίν
1475 1266 1488 1281 ’
1529 1271 1548 1303 ι
1584 1253 1935 1325 Ἥγιασμένοι

365 1332 497 1397 είσὶ,
528 1335 622 1387 καὶ
664 1331 774 1403 ἐγὼ
810 1335 930 1406 ἀγω
974 1337 1211 1403 αὐτούς·
1251 1359 1271 1393 ι
1310 1342 1433 1396 ἀντὶ
1490 1342 1627 1410 τοῦ,
1655 1345 1737 1409 είς
1778 1347 1938 1400 τοῦτο

366 1424 765 1497 ἀφωρισμένοι.
816 1427 1035 1501 Ἐπειδὴ
1073 1430 1181 1504 γὰρ
1211 1431 1306 1485 καὶ
1344 1431 1406 1485 τὸ
1438 1432 1608 1500 ὅντως
1654 1434 1809 1504 ἅγιον
1833 1437 1939 1506 ἀφ-

367 1511 619 1583 ώρισται,
659 1514 755 1569 καί⁵
778 1515 888 1569 τῶν
915 1515 1158 1589 βεϐήλων
1185 1519 1549 1591 κεχώρισται·
1582 1525 1676 1578 καὶ
1709 1525 1837 1589 τοὺς
1859 1527 1938 1591 είς

367 1603 639 1674 τιμωρίαν
666 1605 1103 1678 ἀφωρισμένους,
1132 1608 1208 1675 ὡς
1237 1610 1327 1665 ὑπ’
1356 1611 1522 1665 αὐτοῦ
1550 1613 1651 1667 τοῦ
1675 1614 1809 1668 Θεοῦ
1833 1615 1941 1670 τῶν

371 1690 512 1745 ὅλων
543 1693 983 1765 ἀφωρισμένους,
1026 1697 1392 1769 ήγιασμένους
1436 1701 1615 1757 καλεῖ.
1637 1702 1794 1756 Οὕτω
1846 1704 1941 1758 καὶ¹

369 1780 469 1852 τήν
510 1781 703 1837 θυσίαν
759 1788 1212 1857 καταχρηστικῶς
1266 1789 1569 1861 ὠνόμασεν.
1626 1793 1784 1849 Οὕτω
1847 1797 1942 1851 καὶ

2039 612 2277 682 pinquus
2305 620 2392 668 cst
2417 613 2537 666 dies
2565 612 2778 666 Domini
2807 633 2820 668 :
2843 615 2973 684 quia
2999 616 3324 686 prteparavit
3348 615 3606 671 Dominus

2038 700 2318 756 victimam
2362 717 2542 765 suam,
2583 704 2948 759 sanctiﬁcavit
3000 713 3226 761 vocatos
3280 721 3434 762 suos.
3462 725 3482 759 ι
3520 706 3608 759 Vi-

2039 792 2229 846 ctimas
2261 806 2441 848 sermo
2478 793 2827 865 propheticus
2870 811 3015 867 saepe
3059 797 3225 852 etiam
3284 804 3444 853 vocat
3495 797 3607 851 ini-

2040 895 2272 950 quorum
2327 881 2531 936 caedem
2569 897 2583 933 :
2626 881 2794 953 idque
2844 898 2969 939 cum
3026 884 3083 953 in
3133 885 3261 941 aliis
3327 886 3619 956 prophetis.

2041 970 2293 1026 invenire
2318 970 2479 1038 licet";
2500 980 2615 1026 tum
2647 973 2813 1028 etiam
2843 974 2897 1029 in
2921 974 3111 1030 divino
3147 972 3455 1031 Ezechiele.
3502 974 3607 1033 νοτ

2041 1069 2195 1120 satos
2249 1075 2381 1117 vero
2438 1062 2676 1131 appellat
2706 1062 2940 1120 hostes.
3002 1063 3373 1134 Sanctiﬁcaoit
3424 1075 3606 1121 autem

2043 1152 2226 1222 posuit
2254 1166 2353 1224 pro
2376 1153 2658 1219 separavit.
2695 1153 2788 1208 Sic
2821 1156 2989 1210 etiam
3020 1169 3116 1224 per
3139 1154 3334 1212 Isaiam
3367 1172 3380 1209 :
3422 1172 3441 1206 ι
3469 1154 3610 1209 San-

2042 1243 2269 1299 ctificati
2304 1254 2456 1309 sunt,
2487 1243 2688 1312 inquit,
2718 1252 2773 1300 et
2801 1260 2903 1314 ego
2935 1244 3077 1300 duco
3111 1258 3289 1311 eost;
3321 1265 3338 1298 ι
3374 1247 3478 1301 hoc
3502 1249 3608 1308 est,

2042 1333 2110 1388 ad
2139 1333 2243 1389 hoc
2265 1337 2525 1405 separati.
2553 1334 2825 1401 Quoniam
2848 1335 2995 1390 enim
3026 1335 3173 1405 quod
3199 1349 3327 1390 vere
3357 1343 3608 1391 sanctum

2042 1436 2211 1490 est,a
2245 1428 2492 1497 profanis
2524 1435 2841 1498 separatqu
2875 1434 2961 1483 cst
2991 1434 3046 1480 et
3078 1425 3418 1497 seiunctum,
3447 1426 3611 1481 etiam

2044 1520 2113 1575 ad
2140 1520 2479 1591 punitionem
2538 1526 2845 1588 separatos,
2898 1528 2958 1575 ut
3005 1532 3034 1572 a
3066 1517 3176 1575 Deo
3226 1519 3613 1574 universorum

2045 1614 2379 1680 separatos.‘
2409 1610 2785 1665 sanctificatos
2815 1616 2996 1663 vocat.
3022 1608 3115 1665 Sic
3141 1609 3307 1665 etiam
3333 1609 3612 1667 victimam

2047 1717 2145 1772 per
2172 1703 2406 1758 abusum
2452 1700 2778 1757 nominavit.
2818 1700 2912 1757 Sic
2950 1715 3173 1772 quoque
3203 1701 3488 1756 anathema
3513 1702 3615 1756 du-

2048 1793 2243 1863 plicem
2275 1808 2498 1849 sensum
2519 1792 2680 1847 habet
2707 1811 2722 1848 :
2746 1807 2870 1847 nam
2900 1808 3008 1846 non
3035 1792 3221 1848 solum
3252 1792 3305 1847 id
3336 1793 3483 1863 quod
3506 1790 3616 1847 Deo
3650 1842 3661 1851 .

369 1872 433 1925 τὸ
466 1873 742 1944 ἀνάθημα
761 1856 1005 1949 διπλῆῗν]
1037 1877 1150 1950 ἔχει
1184 1880 1283 1950 τὴν
1305 1856 1545 1938 ἔννοιανο
1574 1886 1636 1938 ού
1655 1886 1764 1958 γὰρ
1783 1888 1942 1957 μόνον

2054 1856 2354 1938 dedicatum
2381 1890 2485 1949 est,
2534 1882 2631 1938 sed
2661 1885 2826 1936 etiam
2857 1856 3446 1953 quodabalienatuiu,
3476 1896 3635 1947 ωηο..

371 1962 432 2017 τὸ
462 1963 823 2036 ἀνακείμενον
847 1966 923 2038 τῷ
949 1967 1088 2039 Θεῷ,
1117 1969 1254 2025 ἀλλά
1283 1973 1377 2026 καὶ
1404 1972 1464 2026 τὸ
1495 1975 1942 2048 ἀλλοτριούμενον

2054 1976 2224 2031 thema
2266 1976 2503 2032 vocavit.

370 2053 633 2123 ἀνάθημα
657 2054 916 2124 κέκληκε.

444 2143 516 2216 η’,
537 2144 602 2202 θ’.
634 2146 744 2200 Καὶ
776 2148 927 2204 ἐσται
958 2151 1016 2204 ἐν
1043 2154 1111 2224 τῇ
1131 2153 1373 2226 θεήμέρᾳ
1389 2154 1578 2222 θυσίας
1592 2159 1819 2232 Κυρίου,
1850 2163 1946 2217 καὶ

2118 2155 2283 2211 Vens.
2306 2155 2359 2220 8,
2394 2154 2449 2210 9.
2487 2172 2505 2205 ι
2555 2154 2625 2209 Ει
2683 2154 2789 2210 erit
2839 2152 2929 2210 die
2975 2151 3212 2208 victima:
3263 2148 3512 2216 Domini,
3559 2156 3615 2203 et

375 2235 649 2307 ἐκδικήσω
675 2238 768 2291 ἐπὶ
801 2240 927 2304 τοὺς
960 2240 1247 2312 ἄρχοντας,
1294 2248 1388 2299 κα)⁵
1420 2246 1513 2301 ἐπὶ
1542 2248 1633 2303 τὸν
1674 2244 1824 2305 οἷκον
1851 2252 1945 2306 τοῦ

2054 2248 2284 2305 ulciscar
2315 2260 2481 2316 super
2511 2244 2813 2316 principes,
2847 2251 2902 2300 et
2924 2258 3088 2314 super
3105 2243 3332 2298 domum
3362 2240 3532 2314 regis,
3561 2249 3618 2297 et

376 2326 662 2398 βασιλέως,
706 2331 799 2384 καὶ
843 2332 935 2385 ἐπὶ⁸
974 2333 1184 2399 πάντας
1223 2337 1349 2402 τοὺς
1382 2339 1763 2411 ἐνδεδυμένους
1793 2345 1946 2400 ἐνδύ-

378 2436 525 2489 ματα
553 2419 831 2492 ἀλλότρια.
862 2422 974 2479 Καὶ
1003 2425 1272 2498 ἐκδικήσω
1302 2429 1396 2482 ἐπὶ
1429 2431 1635 2497 πάντας
1661 2433 1944 2506 ἐμφανῶς,

376 2512 468 2566 ἐπὶ
494 2511 561 2566 τὰ
588 2513 841 2584 πρόπυλα
866 2516 923 2567 ὲν
955 2515 1150 2598 ἐκείνη
1171 2520 1239 2590 τῇ
1275 2520 1479 2593 ἡμέραν
1516 2524 1641 2589 τοὺς
1679 2526 1948 2598 πληροῦν-

375 2620 474 2667 τας
498 2602 590 2658 τὸν
618 2599 766 2659 οἷκον
782 2604 878 2659 τοῦ
904 2604 1243 2663 Θεοῦλαὺτῶν
1267 2611 1310 2647 ⁸⁵
1340 2613 1603 2680 ἀσεϐείας
1613 2618 1715 2677 καὶ
1733 2618 1907 2677 δόλου.
1923 2640 1947 2674 ι,

390 2697 616 2768 Ἐπειδὴ
652 2699 710 2750 ἐν
736 2699 855 2761 ταῖς
891 2699 1129 2771 ἡμέραις
1168 2702 1374 2757 Ἰωσίου
1403 2706 1498 2760 τοῦ
1530 2684 1816 2775 θεοσεϐοῦς
1846 2711 1947 2782 βα-

378 2786 570 2852 σιλέως
599 2789 633 2860 ή
664 2788 765 2860 τῆς
790 2790 1064 2862 τιμωρίας
1103 2791 1391 2864 ἐξεφέρετο
1426 2796 1627 2869 ψῆφος,
1658 2800 1758 2854 οὐκ
1785 2796 1855 2872 ἦν
1890 2803 1951 2857 δέ

375 2876 588 2943 τούτοις
617 2879 647 2933 ὁ
689 2878 949 2949 βασιλεὺς
978 2881 1314 2949 ὑπεύθυνοςο
1347 2887 1398 2940 οἱ
1427 2886 1487 2941 δὲ
1515 2888 1729 2946 ἐκείνου
1762 2893 1952 2959 παῖδες

377 2969 476 3058 καλ.
501 2967 716 3038 ἔκγονοι
755 2973 1073 3046 παρανομίᾳ
1096 2975 1427 3047 συζήσαντες
1451 2978 1636 3036 ἔτισαν
1663 2984 1856 3058 ποινήν
1877 2977 1953 3042 ὧν

378 3057 703 3131 ἐτόλμησαν,
739 3060 964 3126 είκότως
995 3064 1096 3117 οὐκ
1138 3060 1322 3120 εἶπενο
1371 3067 1686 3146 Ἐκδικήσῳ
1726 3057 1822 3130 ἐπι
1861 3077 1954 3133 τὸν

2045 2354 2214 2409 super
2241 2351 2435 2392 onmes
2489 2337 2587 2406 qui
2627 2335 2806 2392 induti
2834 2342 2964 2392 sunt
3008 2332 3364 2391 vestimentis
3398 2330 3655 2396 alienis...“

2042 2429 2113 2484 Et
2175 2428 2420 2485 ulciscar
2480 2441 2647 2496 super
2724 2439 2920 2480 omnes
2988 2421 3306 2487 manifeste,
3335 2421 3432 2493 qui
3488 2425 3619 2482 sunt.

2050 2517 2266 2599 1564
2301 2518 2356 2572 in
2379 2515 2673 2573 vestibulis
2699 2514 2789 2570 die
2821 2514 2937 2580 illo,
2968 2512 3062 2583 qui
3089 2511 3367 2599 complent
3394 2508 3616 2599 domum

2048 2595 2263 2663 Domini
2305 2606 2398 2663 Dei
2424 2604 2511 2663 sui
2560 2604 2842 2675 impietate
2894 2609 2949 2657 et
3004 2601 3152 2658 dolo.
3185 2619 3204 2652 ι
3239 2597 3378 2665 Quia
3421 2595 3618 2651 diebus

2047 2699 2209 2756 Josiaa
2235 2699 2311 2769 pii
2335 2697 2484 2766 regis
2530 2693 2836 2766 punitionis
2892 2689 3282 2762 proferebatur
3325 2687 3618 2749 sententia,

2048 2802 2103 2849 ct
2130 2808 2225 2848 rex
2264 2791 2352 2847 his
2384 2788 2661 2846 obnoxius
2689 2802 2799 2842 non
2832 2793 2971 2850 erat,
3014 2782 3136 2853 ejus
3185 2791 3366 2835 autem
3403 2779 3501 2834 lilii
3569 2786 3624 2833 et

2050 2883 2285 2957 posteri,
2318 2881 2415 2953 qui
2446 2880 2691 2951 iniquam
2741 2878 2912 2937 vitam
2945 2882 3196 2947 egerunt,
3235 2887 3426 2943 purnas
3458 2869 3624 2925 dede-

2055 2985 2184 3030 runt
2217 2989 2409 3029 corum
2442 2986 2569 3041 qua:
2606 2969 2966 3032 admiserant,
3022 2965 3220 3021 merito
3267 2977 3378 3017 non
3426 2960 3566 3016 dixit
3605 2973 3620 3010 :

2060 3088 2085 3121 ι
2121 3065 2372 3123 Ulciscar
2425 3078 2592 3133 super
2657 3076 2866 3131 regem,
2906 3078 2926 3112 ι
2966 3057 3065 3115 sed
3102 3077 3132 3115 ι.
3174 3070 3343 3126 super
3400 3054 3624 3108 domum

382 3147 628 3248 βασιλέα,
675 3149 791 3203 ἀλλ’
841 3169 861 3201 ι
912 3151 1007 3206 ἐπὶ
1062 3154 1152 3207 τὸν
1194 3148 1343 3211 οἷκον
1386 3159 1483 3214 τοῦ
1530 3161 1817 3232 βασιλέως,
1858 3169 1949 3223 καὶ

2056 3160 2223 3230 regis,
2265 3165 2321 3213 et
2366 3169 2530 3227 super
2597 3151 2896 3223 principes.
2966 3168 2987 3201 ι
3057 3148 3380 3209 Vestimenta
3443 3154 3672 3211 autem.

377 3240 506 3303 τοὺς
551 3238 848 3311 ἄρχοντας.
887 3261 912 3296 ι
958 3243 1286 3315 Ἐνδύματα
1337 3248 1394 3303 δὲ
1437 3251 1759 3323 ἀλλότρια,
1809 3259 1952 3322 τινὲς

383 3330 483 3399 μὲν
507 3329 575 3388 τὰ
598 3330 659 3397 ἐξ
688 3333 945 3404 ἁρπαγῆς
974 3334 1073 3389 καὶ
1105 3335 1418 3405 πλεονεξίας
1447 3340 1658 3412 ἔφασαν
1676 3361 1691 3376 ·
1721 3347 1869 3412 τινὲς
1893 3349 1952 3402 δέ

380 3421 451 3477 τὰ
478 3421 547 3476 δι’
576 3423 754 3495 ἄκραν
796 3424 1096 3482 ἀκολασίαν
1134 3428 1433 3500 γενόμενα’
1478 3434 1574 3488 καὶ
1610 3435 1803 3509 ἄνδρες
1842 3439 1951 3513 γάρ

381 3518 698 3590 παρανομίᾳ
731 3517 1000 3583 συζῶντες
1043 3520 1319 3590 γυναικῶν
1356 3523 1641 3598 ἐσθήματα
1688 3531 1952 3602 περιϐάλ-

354 3607 584 3675 λονται,
605 3610 698 3662 καί
722 3611 981 3691 γυναῖκες
1003 3610 1271 3677 ὡσαύτως
1295 3614 1520 3693 λαγνείᾳ
1542 3621 1956 3695 συντεθραμμέ-

385 3716 495 3763 ναι,
548 3699 619 3753 τὰ
663 3699 874 3771 ἀνδρῶν
921 3701 1335 3771 ἀμφιέννυνται.
1373 3706 1530 3777 Ἑμολ⁵
1571 3707 1629 3763 δὲ
1672 3709 1818 3766 δοκεῖ
1860 3715 1959 3768 καὶ

380 3786 570 3856 ἓτερον
593 3789 621 3841 ὁ
652 3787 809 3856 λόγος
839 3789 1203 3844 αἰνίττεσθαι·
1234 3793 1570 3866 ἀπαγορεύει
1598 3797 1708 3875 γὰρ
1728 3801 1757 3854 ὁ
1791 3800 1955 3875 νόμος

380 3875 454 3929 τὰ
474 3879 537 3930 ἐκ
570 3876 717 3930 λίνου
745 3879 843 3932 καλ⁵
867 3876 1015 3950 ἐρίου
1048 3881 1436 3952 συνυφασμένα
1459 3872 1782 3957 ἐσθήματασ
1811 3872 1957 3954 είκὸς

382 3966 440 4019 δὲ
469 3961 560 4038 ἦν,
602 3968 729 4031 τοὺς
776 3968 871 4021 ἐπὶ
925 3968 1160 4041 πλούτῳ.
1173 3969 1620 4043 βρενθυομένους,
1669 3979 1764 4032 καὶ
1804 3979 1953 4052 χλι,δῇ

385 4058 848 4129 προστετηκότας,
878 4057 989 4112 τῶν
1013 4059 1427 4130 γειτνιαξόντων
1450 4063 1618 4117 ἐθνῶν
1635 4065 1736 4138 τήν
1753 4067 1956 4139 ἐσθῆτα

388 4147 750 4219 μιμήσασθαι,
778 4150 872 4203 καὶ
904 4149 971 4203 ἐκ
1003 4149 1111 4203 τῶν
1143 4150 1428 4222 ἁλουργῶν
1459 4152 1620 4225 ἐρίων
1647 4159 1758 4221 τοῖς
1792 4157 1958 4224 λινοῖς

385 4237 730 4307 χιτωνίσκοις
759 4236 929 4292 πολύν
959 4255 1082 4293 τινα
1107 4238 1206 4292 καὶ
1232 4242 1526 4315 περίεργον
1552 4244 1759 4316 κόσμον
1780 4249 1956 4322 ἐπεμ-

386 4326 599 4382 ϐαλεῖψ
636 4328 878 4382 ἐναντίον
900 4329 958 4381 δὲ
984 4324 1053 4400 ἦν
1081 4328 1240 4397 τοῦτο
1268 4330 1527 4404 ἀντικρὺς
1546 4337 1612 4406 τῇ
1641 4334 1775 4409 θεία,
1793 4356 1957 4411 νομο·

385 4418 562 4491 θεσίᾳ.
598 4418 839 4474 Ἀπειλεὶ
883 4418 1065 4473 τοίνυν
1112 4421 1209 4474 xal
1257 4422 1503 4491 τούτοις,
1555 4425 1652 4482 καὶ
1693 4415 1806 4493 τοῖς
1860 4432 1958 4486 σὺν

2058 3251 2235 3305 aliena
2277 3248 2500 3319 quidam
2528 3261 2595 3300 ex
2625 3241 2916 3298 latrocinio
2973 3249 3027 3294 ct
3057 3239 3293 3311 rapinis
3316 3245 3472 3308 parta
3506 3250 3629 3291 esse
3669 3286 3675 3290 .

2058 3341 2319 3396 dixerunt
2354 3355 2369 3393 :
2401 3335 2626 3407 quidam
2680 3331 2748 3386 ad
2791 3329 3404 3392 summam'libidinem
3460 3326 3665 3393 facta.“

2056 3429 2271 3486 Etenim
2299 3435 2357 3483 et
2404 3425 2507 3480 viri
2552 3423 2823 3494 ﬂagitiose
2859 3421 3105 3475 viventes
3136 3417 3430 3473 mulionum
3461 3414 3645 3481 τεειί-⁵

2057 3527 2242 3577 menta
2266 3517 2525 3581 induunt,
2553 3524 2607 3571 et
2632 3514 2890 3569 mulieres
2921 3510 3131 3581 pariter
3159 3506 3376 3565 libidini
3399 3506 3631 3562 addietm

2058 3616 2302 3669 virorum
2334 3618 2536 3666 vestes.
2584 3606 2713 3661 Mihi
2748 3620 2881 3659 vero
2934 3602 3083 3657 aliud
3139 3602 3232 3657 hic
3272 3614 3453 3656 sermo
3481 3597 3630 3652 desi-

2059 3719 2229 3779 gnare
2257 3702 2496 3759 videtur.
2534 3698 2671 3753 Nam
2699 3697 2785 3752 lex
2815 3704 2961 3751 vetat
2983 3703 3010 3734 ν
3064 3694 3397 3749 vestimenta
3429 3706 3493 3744 ex
3521 3690 3632 3744 lino

2060 3806 2115 3855 et
2153 3798 2275 3853 lana
2329 3799 2624 3857 contexta;
2661 3787 2958 3845 verisimile
3009 3797 3193 3840 autem
3245 3790 3331 3840 est
3384 3797 3484 3838 eos
3537 3781 3655 3851 qni-

2054 3886 2269 3943 divitiis
2313 3898 2436 3940 sese
2460 3881 2719 3938 efferrent
2754 3887 2808 3935 et
2838 3876 3053 3934 deliciis
3093 3875 3432 3939 dillluerent,
3468 3874 3631 3927 llniti-

2062 3989 2274 4031 marum
2306 3972 2551 4044 gentium
2582 3977 2765 4026 vestes
2797 3967 3040 4023 imitatos
3095 3965 3291 4027 fuisse,
3326 3973 3381 4018 et
3431 3963 3659 4023 tunicis,

2061 4084 2126 4125 ex
2152 4068 2266 4123 lino
2303 4063 2577 4121 confertis
2625 4067 2883 4115 ornatum
2916 4073 2982 4112 ex
3018 4058 3142 4110 lana
3195 4068 3470 4125 purpurea
3523 4054 3636 4108 cla-

2065 4158 2316 4215 boratum
2373 4162 2428 4209 et
2467 4149 2804 4222 superﬂuum
2857 4146 3196 4210 intonuisse,
3235 4145 3380 4215 quod
3439 4154 3632 4198 contra

2062 4250 2420 4307 traditionem
2486 4245 2621 4317 legis
2667 4242 2868 4298 divinae
2929 4238 3050 4293 fuit.
3104 4236 3344 4291 Minatur
3379 4249 3511 4305 ergo
3545 4234 3671 4295 ltis,_

2062 4346 2251 4404 etiam,
2278 4339 2428 4396 etiis
2457 4336 2702 4406 quicum
2737 4332 3021 4403 impietate
3057 4336 3111 4385 et
3147 4328 3274 4383 dolo
3294 4326 3348 4381 in
3373 4325 3633 4395 templum

2066 4435 2160 4490 Dci
2181 4430 2586 4505 ingrediuntur.
2607 4426 2711 4481 Per
2735 4424 2915 4480 dolum
2941 4437 3073 4476 vero
3102 4419 3284 4474 innuit
3338 4433 3434 4473 eos
3455 4417 3632 4471 lictam

388 4509 616 4583 ἀσεϐείᾳ
656 4510 752 4567 καὶ
781 4510 919 4582 δόλῳ
966 4513 1047 4575 εἰς
1069 4512 1163 4565 τὸν
1209 4511 1355 4568 θεῖον
1390 4515 1651 4574 είσιοῦσιν
1687 4521 1834 4577 ναόν.
1865 4523 1949 4577 Αί‹

2068 4527 2309 4600 speciem
2356 4522 2621 4578 habuisse
2677 4515 2919 4589 pietatis,
2977 4513 3120 4567 clam
3176 4525 3322 4600 vero;
3362 4508 3632 4600 idolorum

386 4600 626 4655 νίττεται
650 4600 708 4654 δὲ
732 4600 821 4668 se;
854 4601 947 4669 τοῦ
981 4601 1192 4672 δόλου,
1234 4604 1309 4670 ὡς
1351 4606 1647 4680 πρόσχημα
1692 4611 1790 4682 μὲν
1816 4611 1949 4686 εἶχον

2064 4598 2348 4687 amplexos
2389 4611 2563 4667 fuisse
2599 4609 2832 4665 cultum.
2871 4604 3100 4687 Propter
3149 4601 3271 4667 has,
3313 4598 3517 4668 inquit,
3544 4614 3639 4653 ve-

386 4690 486 4761 τήν
514 4688 820 4754 εὐσέϐειαν,
846 4689 1022 4763 λάθρᾳ
1049 4689 1107 4744 δὲ
1135 4689 1235 4775 τὴν
1259 4691 1369 4745 τῶν
1390 4693 1624 4749 είδὼλων
1653 4696 1961 4766 ἠσπάζοντο

388 4781 706 4854 θεραπείαν.
724 4782 824 4838 Διά
840 4782 1063 4845 ταύτας.
1086 4786 1274 4856 φησὶν,
1297 4785 1453 4869 ὑμῶν
1468 4789 1567 4852 τάς
1591 4794 1957 4864 παρανομίας,

464 4880 515 4926 ι’.
559 4890 577 4925 t
616 4873 811 4929 Ἔσται
853 4875 912 4928 ἐν
954 4874 1138 4947 ἐκείνῃ
1161 4875 1304 4946 ⁸⁷ητῇ
1335 4877 1538 4950 ήμέρᾳ,
1564 4879 1710 4948 λέγει
1735 4883 1958 4963 Κύριος,

388 4966 541 5039 φωνὴ
581 4968 828 5039 κραυγῆς
870 4967 1314 5023 ἀποκεντούντων
1351 4971 1396 5002 ⁸⁸
1452 4972 1562 5026 ἀπὸ
1608 4972 1802 5045 πύλης,
1828 4954 1831 4955 ν
1860 4954 1985 5031 καὶ.Δ

387 5057 690 5128 ὀλολυγμὸς
716 5058 826 5113 ἀπὸ
850 5058 949 5129 τῆς
979 5057 1258 5130 δευτέρας,
1298 5060 1393 5114 καὶ
1423 5064 1760 5134 συντριμμὸς
1789 5065 1963 5136 μέγας

388 5146 499 5201 ἀπὸ
526 5147 638 5203 τῶν
669 5147 894 5219 βουνῶν.
935 5165 955 5200 ι
988 5147 1112 5202 Τῶν
1137 5149 1247 5221 γὰρ
1273 5150 1550 5223 πολεμίων
1577 5154 1638 5207 τὸ
1660 5142 1838 5226 τεῖχος
1867 5159 1964 5229 ρη-

391 5238 618 5306 ξάντων,
636 5238 741 5307 καὶ
774 5239 874 5305 τὰς
912 5239 1087 5305 πύλας
1112 5241 1514 5312 διανοιξάντων,
1553 5244 1691 5316 μετά
1714 5247 1842 5320 βοῆς
1870 5250 1964 5304 καὶ

464 5429 493 5459 ι
522 5415 630 5473 lsa.
663 5433 799 5486 xm,
835 5419 891 5476 5.
965 5430 994 5473 γ
1031 5418 1190 5475 Deut.
1226 5430 1377 5485 uti,
1408 5419 1495 5472 ll.

2066 4718 2229 4777 strtus,
2250 4705 2569 4776 iniquitates
2599 4719 2611 4755 :

2134 4882 2303 4943 Vens.
2340 4878 2426 4934 10.
2466 4896 2485 4929 ‹
2523 4874 2638 4930 Erit
2678 4871 2766 4928 die
2820 4870 2935 4936 illo,
2999 4868 3135 4923 dicit
3192 4865 3477 4927 Dominus,
3534 4878 3669 4928 von.

2068 4970 2439 5040 clamorisde
2494 4975 2650 5038 porta
2706 4958 3224 5032 compungentium,
3252 4966 3307 5012 et
3343 4957 3584 5011 ululatus
3610 4970 3640 5007 a

2071 5061 2336 5124 secunda,
2401 5070 2455 5116 ct
2516 5053 2781 5112 contritio
2835 5063 3096 5121 magnaa
3140 5048 3405 5103 collibus.
3446 5064 3466 5098 ι
3503 5043 3640 5097 Nam

2071 5173 2196 5214 cum
2230 5156 2415 5210 hostes
2448 5146 2658 5223 1565
2694 5158 2912 5199 murum
2953 5140 3333 5211 perruperit“,
3363 5147 3419 5194 ct
3456 5144 3640 5208 portas

2073 5247 2410 5322 aperuerint,
2445 5229 2572 5298 cum
2601 5228 2845 5303 clamore
2881 5241 2938 5290 et
2959 5230 3367 5297 vociferatione
3396 5228 3466 5286 ad
3495 5236 3641 5283 teru-

3658 5337 3670 5401 l

1699 5574 1935 5634 VARUS
1962 5576 2367 5636 LECTIONES.

469 5725 516 5758 ⁸³
548 5724 837 5803 τοῦιθεοῦ.
985 5725 1029 5780 Δ
1059 5724 1263 5803 ειιιξρι.Δ
1314 5724 1358 5756 ⁸⁵
1390 5725 1430 5781 C
1469 5729 1687 5803 Quoiam.
1763 5732 1807 5765 °'
1831 5734 1917 5803 τῇ.
1953 5733 2075 5791 Des.
2111 5732 2260 5789 inn.

400 5796 502 5867 ἠμ.
545 5795 785 5866 ponitur.
863 5796 909 5829 ⁸⁸
940 5796 1104 5851 ἀποκ.
1146 5795 1207 5850 lu
1236 5796 1277 5849 Α
1303 5808 1426 5873 post
1449 5799 1622 5871 πύλης
1650 5795 1887 5871 ponitur;

3175 5720 3217 5751 ⁵⁷
3244 5721 3325 5775 ἐκ.
3362 5715 3419 5773 In
3439 5716 3483 5772 A
3515 5720 3638 5787 put

2362 5730 2406 5762 ⁶⁶
2440 5746 2486 5783 τ.
2515 5728 2577 5783 Θ.
2623 5729 2744 5783 αὐτ.
2780 5728 2818 5782 Α
2853 5724 3077 5795 Κυρίου.
