  <div class='ocr_page' id='page_1' title='image "/cluster/home/n/w/nwhite01/storage/ocr_20150623/81:no.2/coo.31924054869825/930.png"; bbox 0 0 4090 6404; ppageno 0'>
   <div class='ocr_carea' id='block_1_1' title="bbox 316 421 456 487">
    <p class='ocr_par' dir='ltr' id='par_1_1' title="bbox 316 421 456 487">
     <span class='ocr_line' id='line_1_1' title="bbox 316 421 456 487; baseline 0.021 -4"><span class='ocrx_word' id='word_1_1' title='bbox 316 421 456 487; x_wconf 71' lang='grc'><strong>1845</strong></span> 
     </span>
    </p>
   </div>
   <div class='ocr_carea' id='block_1_2' title="bbox 1534 423 2354 484">
    <p class='ocr_par' dir='ltr' id='par_1_2' title="bbox 1534 423 2354 484">
     <span class='ocr_line' id='line_1_2' title="bbox 1534 423 2354 484; baseline 0.001 -1"><span class='ocrx_word' id='word_1_2' title='bbox 1534 425 1614 483; x_wconf 83' lang='lat' dir='ltr'><strong>1N</strong></span> <span class='ocrx_word' id='word_1_3' title='bbox 1647 423 2043 483; x_wconf 68' lang='grc' dir='ltr'><strong>δοΡΗΟΝΙίΕ</strong></span> <span class='ocrx_word' id='word_1_4' title='bbox 2073 426 2230 484; x_wconf 79' lang='lat' dir='ltr'><strong>CAP.</strong></span> <span class='ocrx_word' id='word_1_5' title='bbox 2276 426 2354 484; x_wconf 82' lang='lat' dir='ltr'><strong>ll.</strong></span> 
     </span>
    </p>
   </div>
   <div class='ocr_carea' id='block_1_3' title="bbox 3437 423 3570 489">
    <p class='ocr_par' dir='ltr' id='par_1_3' title="bbox 3437 423 3570 489">
     <span class='ocr_line' id='line_1_3' title="bbox 3437 423 3570 489; baseline 0.015 -2"><span class='ocrx_word' id='word_1_6' title='bbox 3437 423 3570 489; x_wconf 76' lang='grc'><strong>1846</strong></span> 
     </span>
    </p>
   </div>
   <div class='ocr_carea' id='block_1_4' title="bbox 311 532 1911 610">
    <p class='ocr_par' dir='ltr' id='par_1_4' title="bbox 311 532 1894 610">
     <span class='ocr_line' id='line_1_4' title="bbox 311 532 1894 610; baseline -0.002 -18"><span class='ocrx_word' id='word_1_7' title='bbox 311 554 405 593; x_wconf 88' lang='grc' dir='ltr'><strong>ται</strong></span> <span class='ocrx_word' id='word_1_8' title='bbox 432 539 509 601; x_wconf 82' lang='grc' dir='ltr'>ὡς</span> <span class='ocrx_word' id='word_1_9' title='bbox 531 537 741 607; x_wconf 65' lang='grc' dir='ltr'>τυφλοί.</span> <span class='ocrx_word' id='word_1_10' title='bbox 801 557 819 591; x_wconf 84' lang='grc' dir='ltr'><strong>ι</strong></span> <span class='ocrx_word' id='word_1_11' title='bbox 853 532 988 593; x_wconf 84' lang='grc' dir='ltr'>Εἶτα</span> <span class='ocrx_word' id='word_1_12' title='bbox 1013 537 1112 610; x_wconf 82' lang='grc' dir='ltr'>τὴν</span> <span class='ocrx_word' id='word_1_13' title='bbox 1142 539 1321 594; x_wconf 75' lang='grc' dir='ltr'>αἰτίαν</span> <span class='ocrx_word' id='word_1_14' title='bbox 1349 553 1361 570; x_wconf 76' lang='grc' dir='ltr'><strong>ο</strong></span> <span class='ocrx_word' id='word_1_15' title='bbox 1400 557 1417 589; x_wconf 82' lang='grc' dir='ltr'><strong>ι</strong></span> <span class='ocrx_word' id='word_1_16' title='bbox 1457 539 1580 592; x_wconf 84' lang='grc' dir='ltr'>’Ότι</span> <span class='ocrx_word' id='word_1_17' title='bbox 1603 539 1682 610; x_wconf 81' lang='grc' dir='ltr'>τῷ</span> <span class='ocrx_word' id='word_1_18' title='bbox 1707 538 1894 608; x_wconf 81' lang='grc' dir='ltr'>Κυρίῳ</span> 
     </span>
    </p>
   </div>
   <div class='ocr_carea' id='block_1_5' title="bbox 2015 532 3574 610">
    <p class='ocr_par' dir='ltr' id='par_1_5' title="bbox 2015 541 3574 610">
     <span class='ocr_line' id='line_1_5' title="bbox 2015 541 3574 610; baseline 0.004 -18"><span class='ocrx_word' id='word_1_19' title='bbox 2015 549 2133 594; x_wconf 68' lang='lat' dir='ltr'><strong>iunt</strong></span> <span class='ocrx_word' id='word_1_20' title='bbox 2165 547 2222 594; x_wconf 90' lang='lat' dir='ltr'><strong>ut</strong></span> <span class='ocrx_word' id='word_1_21' title='bbox 2253 543 2405 596; x_wconf 66' lang='grc' dir='ltr'>(δαιτί.</span> <span class='ocrx_word' id='word_1_22' title='bbox 2443 561 2461 593; x_wconf 80' lang='grc' dir='ltr'><strong>ι</strong></span> <span class='ocrx_word' id='word_1_23' title='bbox 2520 541 2730 596; x_wconf 80' lang='lat' dir='ltr'><strong>Deinde</strong></span> <span class='ocrx_word' id='word_1_24' title='bbox 2782 556 3008 597; x_wconf 81' lang='lat' dir='ltr'><strong>causam</strong></span> <span class='ocrx_word' id='word_1_25' title='bbox 3047 563 3058 597; x_wconf 91' lang='lat'>:</span> <span class='ocrx_word' id='word_1_26' title='bbox 3094 541 3285 610; x_wconf 61' lang='lat' dir='ltr'><strong>(Quia</strong></span> <span class='ocrx_word' id='word_1_27' title='bbox 3342 543 3574 599; x_wconf 89' lang='lat' dir='ltr'><strong>Domino</strong></span> 
     </span>
    </p>
   </div>
   <div class='ocr_carea' id='block_1_6' title="bbox 311 616 1892 701">
    <p class='ocr_par' dir='ltr' id='par_1_6' title="bbox 311 616 1892 701">
     <span class='ocr_line' id='line_1_6' title="bbox 311 616 1892 701; baseline 0.001 -20"><span class='ocrx_word' id='word_1_28' title='bbox 311 616 648 701; x_wconf 71' lang='grc' dir='ltr'>ἐξήμαρτον,</span> <span class='ocrx_word' id='word_1_29' title='bbox 698 631 795 684; x_wconf 75' lang='grc' dir='ltr'>καὶ</span> <span class='ocrx_word' id='word_1_30' title='bbox 831 630 1074 701; x_wconf 65' lang='grc' dir='ltr'><strong>ἐκχεῶτ⁸⁷</strong></span> <span class='ocrx_word' id='word_1_31' title='bbox 1123 630 1186 685; x_wconf 76' lang='grc' dir='ltr'><strong>τὸ</strong></span> <span class='ocrx_word' id='word_1_32' title='bbox 1227 625 1368 701; x_wconf 78' lang='grc' dir='ltr'>αἷμα</span> <span class='ocrx_word' id='word_1_33' title='bbox 1408 629 1588 684; x_wconf 80' lang='grc' dir='ltr'>αὐτῶν</span> <span class='ocrx_word' id='word_1_34' title='bbox 1619 630 1697 694; x_wconf 82' lang='grc' dir='ltr'>ὡς</span> <span class='ocrx_word' id='word_1_35' title='bbox 1741 630 1892 700; x_wconf 74' lang='grc' dir='ltr'>χοῦν,</span> 
     </span>
    </p>
   </div>
   <div class='ocr_carea' id='block_1_7' title="bbox 312 718 1893 792">
    <p class='ocr_par' dir='ltr' id='par_1_7' title="bbox 312 718 1893 792">
     <span class='ocr_line' id='line_1_7' title="bbox 312 718 1893 792; baseline 0.001 -19"><span class='ocrx_word' id='word_1_36' title='bbox 312 718 541 783; x_wconf 77' lang='grc' dir='ltr'>καὶτὰς</span> <span class='ocrx_word' id='word_1_37' title='bbox 576 720 788 791; x_wconf 77' lang='grc' dir='ltr'>σάρκας</span> <span class='ocrx_word' id='word_1_38' title='bbox 820 720 1033 786; x_wconf 78' lang='grc' dir='ltr'>αὐτῶν,</span> <span class='ocrx_word' id='word_1_39' title='bbox 1084 721 1160 785; x_wconf 80' lang='grc' dir='ltr'>ὡς</span> <span class='ocrx_word' id='word_1_40' title='bbox 1211 720 1450 792; x_wconf 78' lang='grc' dir='ltr'>βόλδιτα.</span> <span class='ocrx_word' id='word_1_41' title='bbox 1510 739 1529 772; x_wconf 78' lang='grc' dir='ltr'><strong>ι</strong></span> <span class='ocrx_word' id='word_1_42' title='bbox 1579 721 1730 775; x_wconf 64' lang='grc' dir='ltr'>Ἀντί</span> <span class='ocrx_word' id='word_1_43' title='bbox 1773 722 1893 787; x_wconf 82' lang='grc' dir='ltr'>τοῦ,</span> 
     </span>
    </p>
   </div>
   <div class='ocr_carea' id='block_1_8' title="bbox 310 807 1899 883">
    <p class='ocr_par' dir='ltr' id='par_1_8' title="bbox 310 807 1899 883">
     <span class='ocr_line' id='line_1_8' title="bbox 310 807 1899 883; baseline 0.003 -20"><span class='ocrx_word' id='word_1_44' title='bbox 310 808 440 864; x_wconf 75' lang='grc' dir='ltr'>οὐδὲ</span> <span class='ocrx_word' id='word_1_45' title='bbox 478 807 588 862; x_wconf 89' lang='grc' dir='ltr'><strong>τῶν</strong></span> <span class='ocrx_word' id='word_1_46' title='bbox 618 810 1023 881; x_wconf 70' lang='grc' dir='ltr'><strong>νενομισμένων</strong></span> <span class='ocrx_word' id='word_1_47' title='bbox 1044 812 1089 843; x_wconf 73' lang='grc'>’⁸</span> <span class='ocrx_word' id='word_1_48' title='bbox 1117 810 1529 883; x_wconf 79' lang='grc' dir='ltr'>άξιωθήσονται,</span> <span class='ocrx_word' id='word_1_49' title='bbox 1558 812 1682 866; x_wconf 76' lang='grc' dir='ltr'>οὐδὲ</span> <span class='ocrx_word' id='word_1_50' title='bbox 1719 811 1899 883; x_wconf 78' lang='grc' dir='ltr'>ταφῆς</span> 
     </span>
    </p>
   </div>
   <div class='ocr_carea' id='block_1_9' title="bbox 309 898 620 964">
    <p class='ocr_par' dir='ltr' id='par_1_9' title="bbox 309 898 620 964">
     <span class='ocr_line' id='line_1_9' title="bbox 309 898 620 964; baseline 0 -12"><span class='ocrx_word' id='word_1_51' title='bbox 309 898 620 964; x_wconf 78' lang='grc' dir='ltr'><strong>τεύξονται.</strong></span> 
     </span>
    </p>
   </div>
   <div class='ocr_carea' id='block_1_10' title="bbox 283 991 1896 1065">
    <p class='ocr_par' dir='ltr' id='par_1_10' title="bbox 283 991 1896 1065">
     <span class='ocr_line' id='line_1_10' title="bbox 283 991 1896 1065; baseline 0.004 -23"><span class='ocrx_word' id='word_1_52' title='bbox 283 995 294 1042; x_wconf 90' lang='lat' dir='ltr'><strong>l</strong></span> <span class='ocrx_word' id='word_1_53' title='bbox 391 995 484 1061; x_wconf 83' lang='grc' dir='ltr'>ιη’.</span> <span class='ocrx_word' id='word_1_54' title='bbox 535 1009 555 1042; x_wconf 77' lang='grc' dir='ltr'><strong>ι</strong></span> <span class='ocrx_word' id='word_1_55' title='bbox 589 992 700 1044; x_wconf 78' lang='grc' dir='ltr'>Καὶ</span> <span class='ocrx_word' id='word_1_56' title='bbox 735 991 798 1044; x_wconf 75' lang='grc' dir='ltr'><strong>τὸ</strong></span> <span class='ocrx_word' id='word_1_57' title='bbox 836 991 1099 1063; x_wconf 71' lang='grc' dir='ltr'>ἀργύριον</span> <span class='ocrx_word' id='word_1_58' title='bbox 1126 992 1190 1058; x_wconf 70' lang='grc' dir='ltr'><strong>τ’,</strong></span> <span class='ocrx_word' id='word_1_59' title='bbox 1220 994 1317 1047; x_wconf 72' lang='grc' dir='ltr'>καὶ</span> <span class='ocrx_word' id='word_1_60' title='bbox 1353 993 1416 1047; x_wconf 77' lang='grc' dir='ltr'>τὸ</span> <span class='ocrx_word' id='word_1_61' title='bbox 1441 993 1666 1065; x_wconf 89' lang='grc' dir='ltr'>χρυσίον</span> <span class='ocrx_word' id='word_1_62' title='bbox 1695 994 1896 1061; x_wconf 77' lang='grc' dir='ltr'>αὐτῶν,</span> 
     </span>
    </p>
   </div>
   <div class='ocr_carea' id='block_1_11' title="bbox 312 1080 1901 1157">
    <p class='ocr_par' dir='ltr' id='par_1_11' title="bbox 312 1080 1901 1157">
     <span class='ocr_line' id='line_1_11' title="bbox 312 1080 1901 1157; baseline 0.005 -25"><span class='ocrx_word' id='word_1_63' title='bbox 312 1080 381 1132; x_wconf 76' lang='grc' dir='ltr'>οὐ</span> <span class='ocrx_word' id='word_1_64' title='bbox 439 1082 515 1153; x_wconf 78' lang='grc' dir='ltr'>μὴ</span> <span class='ocrx_word' id='word_1_65' title='bbox 565 1081 789 1153; x_wconf 84' lang='grc' dir='ltr'>δύνηται</span> <span class='ocrx_word' id='word_1_66' title='bbox 837 1081 1115 1147; x_wconf 59' lang='grc' dir='ltr'>ἐξελέσθαι</span> <span class='ocrx_word' id='word_1_67' title='bbox 1166 1083 1361 1148; x_wconf 80' lang='grc' dir='ltr'>αὐτοὺς</span> <span class='ocrx_word' id='word_1_68' title='bbox 1405 1086 1464 1139; x_wconf 72' lang='grc' dir='ltr'>ἐν</span> <span class='ocrx_word' id='word_1_69' title='bbox 1498 1085 1685 1157; x_wconf 71' lang='grc' dir='ltr'>ἡμέρᾳ</span> <span class='ocrx_word' id='word_1_70' title='bbox 1731 1087 1901 1157; x_wconf 82' lang='grc' dir='ltr'>ὀργῆς</span> 
     </span>
    </p>
   </div>
   <div class='ocr_carea' id='block_1_12' title="bbox 316 1171 1899 1248">
    <p class='ocr_par' dir='ltr' id='par_1_12' title="bbox 316 1171 1899 1248">
     <span class='ocr_line' id='line_1_12' title="bbox 316 1171 1899 1248; baseline 0.004 -23"><span class='ocrx_word' id='word_1_71' title='bbox 316 1171 554 1243; x_wconf 79' lang='grc' dir='ltr'><strong>Κυρίου,</strong></span> <span class='ocrx_word' id='word_1_72' title='bbox 583 1174 665 1226; x_wconf 84' lang='grc' dir='ltr'>ὅτι</span> <span class='ocrx_word' id='word_1_73' title='bbox 699 1175 758 1226; x_wconf 83' lang='grc' dir='ltr'>ὲν</span> <span class='ocrx_word' id='word_1_74' title='bbox 805 1175 941 1246; x_wconf 74' lang='grc' dir='ltr'>πυρὶ</span> <span class='ocrx_word' id='word_1_75' title='bbox 984 1172 1148 1246; x_wconf 80' lang='grc' dir='ltr'><strong>ζήλου</strong></span> <span class='ocrx_word' id='word_1_76' title='bbox 1179 1174 1345 1228; x_wconf 77' lang='grc' dir='ltr'>αὑτοῦ</span> <span class='ocrx_word' id='word_1_77' title='bbox 1378 1175 1899 1248; x_wconf 80' lang='grc' dir='ltr'>καταναλωθήσεται</span> 
     </span>
    </p>
   </div>
   <div class='ocr_carea' id='block_1_13' title="bbox 320 1264 1900 1339">
    <p class='ocr_par' dir='ltr' id='par_1_13' title="bbox 320 1264 1900 1339">
     <span class='ocr_line' id='line_1_13' title="bbox 320 1264 1900 1339; baseline 0.004 -24"><span class='ocrx_word' id='word_1_78' title='bbox 320 1264 475 1315; x_wconf 78' lang='grc' dir='ltr'>πᾶσα</span> <span class='ocrx_word' id='word_1_79' title='bbox 506 1264 541 1334; x_wconf 78' lang='grc' dir='ltr'><strong>η</strong></span> <span class='ocrx_word' id='word_1_80' title='bbox 579 1264 651 1333; x_wconf 82' lang='grc' dir='ltr'>γῆ</span> <span class='ocrx_word' id='word_1_81' title='bbox 672 1280 689 1295; x_wconf 73' lang='grc' dir='ltr'><strong><em>ο</em></strong></span> <span class='ocrx_word' id='word_1_82' title='bbox 741 1264 875 1319; x_wconf 90' lang='grc' dir='ltr'>διότι</span> <span class='ocrx_word' id='word_1_83' title='bbox 910 1266 1223 1320; x_wconf 72' lang='grc' dir='ltr'><strong>συντέλειαν</strong></span> <span class='ocrx_word' id='word_1_84' title='bbox 1256 1266 1351 1320; x_wconf 70' lang='grc' dir='ltr'>καὶ</span> <span class='ocrx_word' id='word_1_85' title='bbox 1400 1266 1639 1338; x_wconf 79' lang='grc' dir='ltr'>σπουδὴν</span> <span class='ocrx_word' id='word_1_86' title='bbox 1684 1268 1900 1339; x_wconf 86' lang='grc' dir='ltr'>ποιήσει</span> 
     </span>
    </p>
   </div>
   <div class='ocr_carea' id='block_1_14' title="bbox 321 1353 1901 1432">
    <p class='ocr_par' dir='ltr' id='par_1_14' title="bbox 321 1353 1901 1432">
     <span class='ocr_line' id='line_1_14' title="bbox 321 1353 1901 1432; baseline 0.005 -26"><span class='ocrx_word' id='word_1_87' title='bbox 321 1353 421 1406; x_wconf 74' lang='grc' dir='ltr'><strong>ἐπὶ</strong></span> <span class='ocrx_word' id='word_1_88' title='bbox 474 1355 683 1419; x_wconf 78' lang='grc' dir='ltr'>πάντας</span> <span class='ocrx_word' id='word_1_89' title='bbox 713 1357 839 1420; x_wconf 80' lang='grc' dir='ltr'>τοὺς</span> <span class='ocrx_word' id='word_1_90' title='bbox 884 1356 1273 1422; x_wconf 74' lang='grc' dir='ltr'><strong>κατοικοῦντας</strong></span> <span class='ocrx_word' id='word_1_91' title='bbox 1301 1357 1400 1429; x_wconf 76' lang='grc' dir='ltr'><strong>τὴν</strong></span> <span class='ocrx_word' id='word_1_92' title='bbox 1438 1360 1563 1429; x_wconf 75' lang='grc' dir='ltr'>γῆν.</span> <span class='ocrx_word' id='word_1_93' title='bbox 1615 1379 1635 1412; x_wconf 69' lang='grc' dir='ltr'><strong>ι</strong></span> <span class='ocrx_word' id='word_1_94' title='bbox 1684 1361 1901 1432; x_wconf 82' lang='grc' dir='ltr'>’Δνόνη-</span> 
     </span>
    </p>
   </div>
   <div class='ocr_carea' id='block_1_15' title="bbox 320 1446 1897 1516">
    <p class='ocr_par' dir='ltr' id='par_1_15' title="bbox 320 1446 1897 1516">
     <span class='ocr_line' id='line_1_15' title="bbox 320 1446 1897 1516; baseline -0.004 -7"><span class='ocrx_word' id='word_1_95' title='bbox 320 1461 438 1511; x_wconf 79' lang='grc' dir='ltr'>τος,</span> <span class='ocrx_word' id='word_1_96' title='bbox 490 1448 675 1516; x_wconf 71' lang='grc' dir='ltr'>φησὶν,</span> <span class='ocrx_word' id='word_1_97' title='bbox 733 1446 885 1501; x_wconf 82' lang='grc' dir='ltr'>ἔσται</span> <span class='ocrx_word' id='word_1_98' title='bbox 935 1448 1181 1512; x_wconf 74' lang='grc' dir='ltr'>καὶτοῖς</span> <span class='ocrx_word' id='word_1_99' title='bbox 1235 1448 1512 1513; x_wconf 68' lang='grc' dir='ltr'>πλουσίοις</span> <span class='ocrx_word' id='word_1_100' title='bbox 1558 1450 1589 1503; x_wconf 82' lang='grc' dir='ltr'><strong>ὁ</strong></span> <span class='ocrx_word' id='word_1_101' title='bbox 1641 1449 1897 1515; x_wconf 81' lang='grc' dir='ltr'>πλοῦτος·</span> 
     </span>
    </p>
   </div>
   <div class='ocr_carea' id='block_1_16' title="bbox 321 1534 1902 1612">
    <p class='ocr_par' dir='ltr' id='par_1_16' title="bbox 321 1534 1902 1612">
     <span class='ocr_line' id='line_1_16' title="bbox 321 1534 1902 1612; baseline 0.004 -23"><span class='ocrx_word' id='word_1_102' title='bbox 321 1534 651 1607; x_wconf 80' lang='grc' dir='ltr'>ἀπαλλαγῆς</span> <span class='ocrx_word' id='word_1_103' title='bbox 702 1537 812 1609; x_wconf 77' lang='grc' dir='ltr'><strong>γὰρ</strong></span> <span class='ocrx_word' id='word_1_104' title='bbox 843 1538 952 1591; x_wconf 84' lang='grc' dir='ltr'><strong>τῶν</strong></span> <span class='ocrx_word' id='word_1_105' title='bbox 981 1538 1166 1592; x_wconf 82' lang='grc' dir='ltr'>κακῶν</span> <span class='ocrx_word' id='word_1_106' title='bbox 1206 1538 1297 1593; x_wconf 80' lang='grc' dir='ltr'>διὰ</span> <span class='ocrx_word' id='word_1_107' title='bbox 1339 1538 1449 1593; x_wconf 89' lang='grc' dir='ltr'><strong>τῶν</strong></span> <span class='ocrx_word' id='word_1_108' title='bbox 1500 1540 1802 1612; x_wconf 85' lang='grc' dir='ltr'>χρημάτων</span> <span class='ocrx_word' id='word_1_109' title='bbox 1838 1543 1902 1596; x_wconf 82' lang='grc' dir='ltr'><strong>ού</strong></span> 
     </span>
    </p>
   </div>
   <div class='ocr_carea' id='block_1_17' title="bbox 322 1626 1902 1702">
    <p class='ocr_par' dir='ltr' id='par_1_17' title="bbox 322 1626 1902 1702">
     <span class='ocr_line' id='line_1_17' title="bbox 322 1626 1902 1702; baseline 0.005 -22"><span class='ocrx_word' id='word_1_110' title='bbox 322 1626 626 1695; x_wconf 77' lang='grc' dir='ltr'>τεύξονται,</span> <span class='ocrx_word' id='word_1_111' title='bbox 674 1629 790 1684; x_wconf 77' lang='grc' dir='ltr'>ἀλλ’</span> <span class='ocrx_word' id='word_1_112' title='bbox 823 1630 929 1684; x_wconf 76' lang='grc' dir='ltr'><strong>ὑπὸ</strong></span> <span class='ocrx_word' id='word_1_113' title='bbox 959 1629 1059 1700; x_wconf 86' lang='grc' dir='ltr'>τῆς</span> <span class='ocrx_word' id='word_1_114' title='bbox 1099 1630 1250 1695; x_wconf 84' lang='grc' dir='ltr'><strong>θείας</strong></span> <span class='ocrx_word' id='word_1_115' title='bbox 1280 1631 1452 1702; x_wconf 78' lang='grc' dir='ltr'>ὀργῆς</span> <span class='ocrx_word' id='word_1_116' title='bbox 1484 1627 1597 1687; x_wconf 73' lang='grc' dir='ltr'>οἷον</span> <span class='ocrx_word' id='word_1_117' title='bbox 1630 1632 1734 1687; x_wconf 81' lang='grc' dir='ltr'>ὑπό</span> <span class='ocrx_word' id='word_1_118' title='bbox 1759 1651 1902 1699; x_wconf 83' lang='grc' dir='ltr'>τινος</span> 
     </span>
    </p>
   </div>
   <div class='ocr_carea' id='block_1_18' title="bbox 325 1719 1901 1795">
    <p class='ocr_par' dir='ltr' id='par_1_18' title="bbox 325 1719 1901 1795">
     <span class='ocr_line' id='line_1_18' title="bbox 325 1719 1901 1795; baseline 0.004 -22"><span class='ocrx_word' id='word_1_119' title='bbox 325 1719 501 1791; x_wconf 79' lang='grc' dir='ltr'>πυρὸς</span> <span class='ocrx_word' id='word_1_120' title='bbox 557 1721 1123 1794; x_wconf 85' lang='grc' dir='ltr'>καταναλωθήσονται,</span> <span class='ocrx_word' id='word_1_121' title='bbox 1184 1724 1306 1794; x_wconf 74' lang='grc' dir='ltr'>ἥτις</span> <span class='ocrx_word' id='word_1_122' title='bbox 1367 1722 1631 1795; x_wconf 87' lang='grc' dir='ltr'>σύντομον</span> <span class='ocrx_word' id='word_1_123' title='bbox 1691 1725 1901 1780; x_wconf 79' lang='grc' dir='ltr'>ἐποίσει</span> 
     </span>
    </p>
   </div>
   <div class='ocr_carea' id='block_1_19' title="bbox 324 1812 1903 1885">
    <p class='ocr_par' dir='ltr' id='par_1_19' title="bbox 324 1812 1903 1885">
     <span class='ocr_line' id='line_1_19' title="bbox 324 1812 1903 1885; baseline 0.005 -21"><span class='ocrx_word' id='word_1_124' title='bbox 324 1813 440 1875; x_wconf 83' lang='grc' dir='ltr'>τοῖς</span> <span class='ocrx_word' id='word_1_125' title='bbox 470 1812 626 1882; x_wconf 78' lang='grc' dir='ltr'>τήνδε</span> <span class='ocrx_word' id='word_1_126' title='bbox 657 1813 757 1883; x_wconf 84' lang='grc' dir='ltr'>τὴν</span> <span class='ocrx_word' id='word_1_127' title='bbox 796 1812 902 1884; x_wconf 84' lang='grc' dir='ltr'><strong>γῆν</strong></span> <span class='ocrx_word' id='word_1_128' title='bbox 948 1813 1262 1868; x_wconf 81' lang='grc' dir='ltr'>κατοικοῦσι</span> <span class='ocrx_word' id='word_1_129' title='bbox 1301 1813 1391 1868; x_wconf 80' lang='grc' dir='ltr'>τὸν</span> <span class='ocrx_word' id='word_1_130' title='bbox 1424 1814 1668 1885; x_wconf 81' lang='grc' dir='ltr'>ὄλεθρον.</span> <span class='ocrx_word' id='word_1_131' title='bbox 1714 1815 1903 1883; x_wconf 81' lang='grc' dir='ltr'>Οὕτως</span> 
     </span>
    </p>
   </div>
   <div class='ocr_carea' id='block_1_20' title="bbox 2004 630 3578 704">
    <p class='ocr_par' dir='ltr' id='par_1_20' title="bbox 2004 630 3578 704">
     <span class='ocr_line' id='line_1_20' title="bbox 2004 630 3578 704; baseline 0.001 -19"><span class='ocrx_word' id='word_1_132' title='bbox 2004 640 2404 700; x_wconf 87' lang='lat' dir='ltr'><strong>peccaverunt,</strong></span> <span class='ocrx_word' id='word_1_133' title='bbox 2441 639 2496 687; x_wconf 94' lang='lat' dir='ltr'><strong>et</strong></span> <span class='ocrx_word' id='word_1_134' title='bbox 2527 630 2804 687; x_wconf 76' lang='lat' dir='ltr'><strong>effundam</strong></span> <span class='ocrx_word' id='word_1_135' title='bbox 2838 634 3166 704; x_wconf 77' lang='lat' dir='ltr'><strong>sanguinem</strong></span> <span class='ocrx_word' id='word_1_136' title='bbox 3187 649 3402 697; x_wconf 89' lang='lat' dir='ltr'><strong>eorum,</strong></span> <span class='ocrx_word' id='word_1_137' title='bbox 3429 633 3578 690; x_wconf 89' lang='lat' dir='ltr'><strong>sicut</strong></span> 
     </span>
    </p>
   </div>
   <div class='ocr_carea' id='block_1_21' title="bbox 2005 722 3571 791">
    <p class='ocr_par' dir='ltr' id='par_1_21' title="bbox 2005 722 3571 791">
     <span class='ocr_line' id='line_1_21' title="bbox 2005 722 3571 791; baseline 0.001 -16"><span class='ocrx_word' id='word_1_138' title='bbox 2005 722 2309 791; x_wconf 80' lang='lat' dir='ltr'><strong>pulverem,</strong></span> <span class='ocrx_word' id='word_1_139' title='bbox 2343 731 2399 777; x_wconf 83' lang='lat' dir='ltr'><strong>et</strong></span> <span class='ocrx_word' id='word_1_140' title='bbox 2432 738 2632 779; x_wconf 83' lang='lat' dir='ltr'><strong>carnes</strong></span> <span class='ocrx_word' id='word_1_141' title='bbox 2664 739 2856 779; x_wconf 87' lang='lat' dir='ltr'><strong>eorum</strong></span> <span class='ocrx_word' id='word_1_142' title='bbox 2887 724 3035 781; x_wconf 82' lang='lat' dir='ltr'><strong>sicut</strong></span> <span class='ocrx_word' id='word_1_143' title='bbox 3079 733 3297 781; x_wconf 91' lang='lat' dir='ltr'><strong>stercus</strong></span> <span class='ocrx_word' id='word_1_144' title='bbox 3322 724 3512 779; x_wconf 88' lang='lat' dir='ltr'><strong>boum.</strong></span> <span class='ocrx_word' id='word_1_145' title='bbox 3553 744 3571 776; x_wconf 75' lang='grc' dir='ltr'><strong>ι</strong></span> 
     </span>
    </p>
   </div>
   <div class='ocr_carea' id='block_1_22' title="bbox 2006 810 3577 887">
    <p class='ocr_par' dir='ltr' id='par_1_22' title="bbox 2006 810 3577 887">
     <span class='ocr_line' id='line_1_22' title="bbox 2006 810 3577 887; baseline 0.004 -22"><span class='ocrx_word' id='word_1_146' title='bbox 2006 810 2122 869; x_wconf 79' lang='lat' dir='ltr'><strong>Hoc</strong></span> <span class='ocrx_word' id='word_1_147' title='bbox 2142 820 2248 879; x_wconf 89' lang='lat' dir='ltr'><strong>est,</strong></span> <span class='ocrx_word' id='word_1_148' title='bbox 2280 829 2383 870; x_wconf 90' lang='lat' dir='ltr'><strong>nec</strong></span> <span class='ocrx_word' id='word_1_149' title='bbox 2405 814 2556 885; x_wconf 89' lang='lat' dir='ltr'><strong>justa</strong></span> <span class='ocrx_word' id='word_1_150' title='bbox 2586 816 2668 871; x_wconf 89' lang='lat' dir='ltr'><strong>eis</strong></span> <span class='ocrx_word' id='word_1_151' title='bbox 2703 814 2855 882; x_wconf 82' lang='lat' dir='ltr'><strong>fient,</strong></span> <span class='ocrx_word' id='word_1_152' title='bbox 2884 816 2899 836; x_wconf 82' lang='grc'>⁶</span> <span class='ocrx_word' id='word_1_153' title='bbox 2941 830 3044 871; x_wconf 86' lang='lat' dir='ltr'><strong>nec</strong></span> <span class='ocrx_word' id='word_1_154' title='bbox 3101 816 3444 887; x_wconf 75' lang='lat' dir='ltr'><strong>sepulturam</strong></span> <span class='ocrx_word' id='word_1_155' title='bbox 3485 831 3577 871; x_wconf 78' lang='lat' dir='ltr'><strong>as-</strong></span> 
     </span>
    </p>
   </div>
   <div class='ocr_carea' id='block_1_23' title="bbox 2006 912 2332 973">
    <p class='ocr_par' dir='ltr' id='par_1_23' title="bbox 2006 912 2332 973">
     <span class='ocr_line' id='line_1_23' title="bbox 2006 912 2332 973; baseline 0.009 -15"><span class='ocrx_word' id='word_1_156' title='bbox 2006 912 2332 973; x_wconf 86' lang='lat' dir='ltr'><strong>sequentur.</strong></span> 
     </span>
    </p>
   </div>
   <div class='ocr_carea' id='block_1_24' title="bbox 2075 994 3578 1071">
    <p class='ocr_par' dir='ltr' id='par_1_24' title="bbox 2075 994 3578 1071">
     <span class='ocr_line' id='line_1_24' title="bbox 2075 994 3578 1071; baseline 0.002 -22"><span class='ocrx_word' id='word_1_157' title='bbox 2075 994 2244 1052; x_wconf 71' lang='lat' dir='ltr'><strong>Vens.</strong></span> <span class='ocrx_word' id='word_1_158' title='bbox 2276 998 2363 1053; x_wconf 77' lang='grc'><strong>18.</strong></span> <span class='ocrx_word' id='word_1_159' title='bbox 2406 1017 2424 1050; x_wconf 82' lang='grc' dir='ltr'><strong>ι</strong></span> <span class='ocrx_word' id='word_1_160' title='bbox 2453 999 2519 1052; x_wconf 88' lang='grc' dir='ltr'>Ει</span> <span class='ocrx_word' id='word_1_161' title='bbox 2551 999 2762 1071; x_wconf 75' lang='lat'><strong>1567</strong></span> <span class='ocrx_word' id='word_1_162' title='bbox 2803 1009 3089 1071; x_wconf 75' lang='lat' dir='ltr'><strong>argentum</strong></span> <span class='ocrx_word' id='word_1_163' title='bbox 3120 1013 3332 1061; x_wconf 88' lang='lat' dir='ltr'><strong>eorum,</strong></span> <span class='ocrx_word' id='word_1_164' title='bbox 3373 1004 3430 1052; x_wconf 88' lang='lat' dir='ltr'><strong>et</strong></span> <span class='ocrx_word' id='word_1_165' title='bbox 3478 1011 3578 1052; x_wconf 83' lang='lat' dir='ltr'><strong>au-</strong></span> 
     </span>
    </p>
   </div>
   <div class='ocr_carea' id='block_1_25' title="bbox 2007 1085 3573 1159">
    <p class='ocr_par' dir='ltr' id='par_1_25' title="bbox 2007 1085 3573 1159">
     <span class='ocr_line' id='line_1_25' title="bbox 2007 1085 3573 1159; baseline 0.001 -19"><span class='ocrx_word' id='word_1_166' title='bbox 2007 1100 2129 1140; x_wconf 90' lang='lat' dir='ltr'><strong>rum</strong></span> <span class='ocrx_word' id='word_1_167' title='bbox 2150 1102 2366 1152; x_wconf 89' lang='lat' dir='ltr'><strong>eorum,</strong></span> <span class='ocrx_word' id='word_1_168' title='bbox 2390 1104 2499 1143; x_wconf 90' lang='lat' dir='ltr'><strong>non</strong></span> <span class='ocrx_word' id='word_1_169' title='bbox 2531 1090 2736 1159; x_wconf 87' lang='lat' dir='ltr'><strong>poterit</strong></span> <span class='ocrx_word' id='word_1_170' title='bbox 2755 1103 2950 1145; x_wconf 85' lang='lat' dir='ltr'><strong>eruere</strong></span> <span class='ocrx_word' id='word_1_171' title='bbox 2970 1103 3065 1145; x_wconf 89' lang='lat' dir='ltr'><strong>eos</strong></span> <span class='ocrx_word' id='word_1_172' title='bbox 3087 1087 3177 1144; x_wconf 83' lang='lat' dir='ltr'><strong>die</strong></span> <span class='ocrx_word' id='word_1_173' title='bbox 3206 1088 3301 1142; x_wconf 72' lang='lat' dir='ltr'><strong>ira:</strong></span> <span class='ocrx_word' id='word_1_174' title='bbox 3321 1085 3537 1142; x_wconf 88' lang='lat' dir='ltr'><strong>Domini</strong></span> <span class='ocrx_word' id='word_1_175' title='bbox 3559 1106 3573 1142; x_wconf 88' lang='lat'><strong>:</strong></span> 
     </span>
    </p>
   </div>
   <div class='ocr_carea' id='block_1_26' title="bbox 2007 1178 3576 1250">
    <p class='ocr_par' dir='ltr' id='par_1_26' title="bbox 2007 1178 3576 1250">
     <span class='ocr_line' id='line_1_26' title="bbox 2007 1178 3576 1250; baseline -0.002 -17"><span class='ocrx_word' id='word_1_176' title='bbox 2007 1193 2135 1233; x_wconf 85' lang='lat' dir='ltr'><strong>nam</strong></span> <span class='ocrx_word' id='word_1_177' title='bbox 2160 1178 2285 1250; x_wconf 73' lang='lat' dir='ltr'><strong>igne</strong></span> <span class='ocrx_word' id='word_1_178' title='bbox 2320 1180 2421 1236; x_wconf 85' lang='lat' dir='ltr'><strong>zeli</strong></span> <span class='ocrx_word' id='word_1_179' title='bbox 2462 1181 2585 1250; x_wconf 91' lang='lat' dir='ltr'><strong>ejus</strong></span> <span class='ocrx_word' id='word_1_180' title='bbox 2614 1189 2971 1236; x_wconf 88' lang='lat' dir='ltr'><strong>consumetur</strong></span> <span class='ocrx_word' id='word_1_181' title='bbox 3016 1179 3198 1235; x_wconf 89' lang='lat' dir='ltr'><strong>omnis</strong></span> <span class='ocrx_word' id='word_1_182' title='bbox 3243 1187 3412 1241; x_wconf 88' lang='lat' dir='ltr'><strong>terra,</strong></span> <span class='ocrx_word' id='word_1_183' title='bbox 3448 1178 3576 1248; x_wconf 83' lang='lat' dir='ltr'><strong>quia</strong></span> 
     </span>
    </p>
   </div>
   <div class='ocr_carea' id='block_1_27' title="bbox 2007 1270 3580 1338">
    <p class='ocr_par' dir='ltr' id='par_1_27' title="bbox 2007 1270 3580 1338">
     <span class='ocr_line' id='line_1_27' title="bbox 2007 1270 3580 1338; baseline -0.001 -14"><span class='ocrx_word' id='word_1_184' title='bbox 2007 1271 2542 1326; x_wconf 77' lang='lat' dir='ltr'><strong>consummationem</strong></span> <span class='ocrx_word' id='word_1_185' title='bbox 2601 1279 2657 1325; x_wconf 89' lang='lat' dir='ltr'><strong>et</strong></span> <span class='ocrx_word' id='word_1_186' title='bbox 2712 1270 3124 1326; x_wconf 75' lang='lat' dir='ltr'><strong>festinationem</strong></span> <span class='ocrx_word' id='word_1_187' title='bbox 3196 1270 3364 1325; x_wconf 87' lang='lat' dir='ltr'><strong>faciet</strong></span> <span class='ocrx_word' id='word_1_188' title='bbox 3417 1284 3580 1338; x_wconf 82' lang='lat' dir='ltr'><strong>super</strong></span> 
     </span>
    </p>
   </div>
   <div class='ocr_carea' id='block_1_28' title="bbox 2006 1358 3577 1430">
    <p class='ocr_par' dir='ltr' id='par_1_28' title="bbox 2006 1358 3577 1430">
     <span class='ocr_line' id='line_1_28' title="bbox 2006 1358 3577 1430; baseline -0.001 -16"><span class='ocrx_word' id='word_1_189' title='bbox 2006 1373 2202 1415; x_wconf 88' lang='lat' dir='ltr'><strong>omnes</strong></span> <span class='ocrx_word' id='word_1_190' title='bbox 2260 1358 2574 1415; x_wconf 85' lang='lat' dir='ltr'><strong>habitantes</strong></span> <span class='ocrx_word' id='word_1_191' title='bbox 2623 1361 2681 1415; x_wconf 90' lang='lat' dir='ltr'><strong>in</strong></span> <span class='ocrx_word' id='word_1_192' title='bbox 2741 1369 2912 1416; x_wconf 91' lang='lat' dir='ltr'><strong>terra.</strong></span> <span class='ocrx_word' id='word_1_193' title='bbox 2955 1379 2976 1413; x_wconf 76' lang='grc' dir='ltr'><strong>ι</strong></span> <span class='ocrx_word' id='word_1_194' title='bbox 3012 1360 3311 1424; x_wconf 85' lang='lat' dir='ltr'><strong>Divitibus,</strong></span> <span class='ocrx_word' id='word_1_195' title='bbox 3376 1360 3577 1430; x_wconf 87' lang='lat' dir='ltr'><strong>inquit,</strong></span> 
     </span>
    </p>
   </div>
   <div class='ocr_carea' id='block_1_29' title="bbox 2007 1448 3578 1520">
    <p class='ocr_par' dir='ltr' id='par_1_29' title="bbox 2007 1448 3578 1520">
     <span class='ocr_line' id='line_1_29' title="bbox 2007 1448 3578 1520; baseline 0.001 -15"><span class='ocrx_word' id='word_1_196' title='bbox 2007 1448 2213 1505; x_wconf 65' lang='lat' dir='ltr'><strong>divitiae</strong></span> <span class='ocrx_word' id='word_1_197' title='bbox 2254 1448 2482 1509; x_wconf 84' lang='lat' dir='ltr'><strong>inutiles</strong></span> <span class='ocrx_word' id='word_1_198' title='bbox 2515 1460 2704 1506; x_wconf 90' lang='lat' dir='ltr'><strong>erunt.</strong></span> <span class='ocrx_word' id='word_1_199' title='bbox 2738 1449 2931 1520; x_wconf 83' lang='lat' dir='ltr'><strong>Neque</strong></span> <span class='ocrx_word' id='word_1_200' title='bbox 2954 1452 3100 1507; x_wconf 89' lang='lat' dir='ltr'><strong>enim</strong></span> <span class='ocrx_word' id='word_1_201' title='bbox 3135 1454 3410 1507; x_wconf 88' lang='lat' dir='ltr'><strong>malorum</strong></span> <span class='ocrx_word' id='word_1_202' title='bbox 3440 1451 3578 1506; x_wconf 84' lang='lat' dir='ltr'><strong>libe-</strong></span> 
     </span>
    </p>
   </div>
   <div class='ocr_carea' id='block_1_30' title="bbox 2008 1540 3581 1612">
    <p class='ocr_par' dir='ltr' id='par_1_30' title="bbox 2008 1540 3581 1612">
     <span class='ocr_line' id='line_1_30' title="bbox 2008 1540 3581 1612; baseline 0 -16"><span class='ocrx_word' id='word_1_203' title='bbox 2008 1541 2278 1597; x_wconf 83' lang='lat' dir='ltr'><strong>rationem</strong></span> <span class='ocrx_word' id='word_1_204' title='bbox 2317 1540 2551 1597; x_wconf 79' lang='lat' dir='ltr'><strong>divitiis</strong></span> <span class='ocrx_word' id='word_1_205' title='bbox 2580 1549 2972 1612; x_wconf 87' lang='lat' dir='ltr'><strong>assequentur,</strong></span> <span class='ocrx_word' id='word_1_206' title='bbox 3022 1541 3115 1599; x_wconf 87' lang='lat' dir='ltr'><strong>sed</strong></span> <span class='ocrx_word' id='word_1_207' title='bbox 3177 1542 3260 1596; x_wconf 91' lang='lat' dir='ltr'><strong>ira</strong></span> <span class='ocrx_word' id='word_1_208' title='bbox 3302 1541 3419 1607; x_wconf 89' lang='lat' dir='ltr'><strong>Dei,</strong></span> <span class='ocrx_word' id='word_1_209' title='bbox 3456 1548 3581 1596; x_wconf 88' lang='lat' dir='ltr'><strong>tan-</strong></span> 
     </span>
    </p>
   </div>
   <div class='ocr_carea' id='block_1_31' title="bbox 2006 1630 3582 1702">
    <p class='ocr_par' dir='ltr' id='par_1_31' title="bbox 2006 1630 3582 1702">
     <span class='ocr_line' id='line_1_31' title="bbox 2006 1630 3582 1702; baseline -0.001 -18"><span class='ocrx_word' id='word_1_210' title='bbox 2006 1644 2170 1701; x_wconf 82' lang='lat' dir='ltr'><strong>quam</strong></span> <span class='ocrx_word' id='word_1_211' title='bbox 2201 1631 2327 1702; x_wconf 74' lang='lat' dir='ltr'><strong>igne</strong></span> <span class='ocrx_word' id='word_1_212' title='bbox 2346 1630 2603 1701; x_wconf 82' lang='lat' dir='ltr'><strong>quodam,</strong></span> <span class='ocrx_word' id='word_1_213' title='bbox 2634 1639 3053 1695; x_wconf 90' lang='lat' dir='ltr'><strong>cousumentur,</strong></span> <span class='ocrx_word' id='word_1_214' title='bbox 3076 1645 3199 1701; x_wconf 66' lang='lat' dir='ltr'><strong>quae</strong></span> <span class='ocrx_word' id='word_1_215' title='bbox 3239 1631 3582 1700; x_wconf 85' lang='lat' dir='ltr'><strong>repentinam</strong></span> 
     </span>
    </p>
   </div>
   <div class='ocr_carea' id='block_1_32' title="bbox 2011 1718 3581 1793">
    <p class='ocr_par' dir='ltr' id='par_1_32' title="bbox 2011 1718 3581 1793">
     <span class='ocr_line' id='line_1_32' title="bbox 2011 1718 3581 1793; baseline -0.004 -15"><span class='ocrx_word' id='word_1_216' title='bbox 2011 1722 2068 1778; x_wconf 90' lang='lat' dir='ltr'><strong>in</strong></span> <span class='ocrx_word' id='word_1_217' title='bbox 2098 1722 2204 1778; x_wconf 85' lang='lat' dir='ltr'><strong>bac</strong></span> <span class='ocrx_word' id='word_1_218' title='bbox 2246 1731 2390 1777; x_wconf 85' lang='lat' dir='ltr'><strong>terra</strong></span> <span class='ocrx_word' id='word_1_219' title='bbox 2439 1721 2817 1777; x_wconf 84' lang='lat' dir='ltr'><strong>habitantibus</strong></span> <span class='ocrx_word' id='word_1_220' title='bbox 2878 1721 3176 1793; x_wconf 85' lang='lat' dir='ltr'><strong>perniciem</strong></span> <span class='ocrx_word' id='word_1_221' title='bbox 3215 1718 3430 1775; x_wconf 70' lang='lat' dir='ltr'><strong>ad‘eret.</strong></span> <span class='ocrx_word' id='word_1_222' title='bbox 3479 1718 3581 1775; x_wconf 86' lang='lat' dir='ltr'><strong>Ubi</strong></span> 
     </span>
    </p>
   </div>
   <div class='ocr_carea' id='block_1_33' title="bbox 2012 1812 3561 1884">
    <p class='ocr_par' dir='ltr' id='par_1_33' title="bbox 2012 1812 3561 1884">
     <span class='ocr_line' id='line_1_33' title="bbox 2012 1812 3561 1884; baseline -0.004 -14"><span class='ocrx_word' id='word_1_223' title='bbox 2012 1828 2146 1870; x_wconf 83' lang='lat' dir='ltr'><strong>vero</strong></span> <span class='ocrx_word' id='word_1_224' title='bbox 2184 1813 2267 1871; x_wconf 88' lang='lat' dir='ltr'><strong>sic</strong></span> <span class='ocrx_word' id='word_1_225' title='bbox 2286 1814 2529 1871; x_wconf 87' lang='lat' dir='ltr'><strong>minatus</strong></span> <span class='ocrx_word' id='word_1_226' title='bbox 2567 1821 2652 1869; x_wconf 87' lang='lat' dir='ltr'><strong>est</strong></span> <span class='ocrx_word' id='word_1_227' title='bbox 2691 1814 2911 1882; x_wconf 88' lang='lat' dir='ltr'><strong>acerba,</strong></span> <span class='ocrx_word' id='word_1_228' title='bbox 2954 1829 3049 1870; x_wconf 86' lang='lat' dir='ltr'><strong>eos</strong></span> <span class='ocrx_word' id='word_1_229' title='bbox 3084 1813 3151 1868; x_wconf 90' lang='lat' dir='ltr'><strong>ad</strong></span> <span class='ocrx_word' id='word_1_230' title='bbox 3184 1812 3561 1884; x_wconf 72' lang='lat' dir='ltr'><strong>pmnitentiam</strong></span> 
     </span>
    </p>
   </div>
   <div class='ocr_carea' id='block_1_34' title="bbox 325 1891 1911 1982">
    <p class='ocr_par' dir='ltr' id='par_1_34' title="bbox 325 1900 1906 1982">
     <span class='ocr_line' id='line_1_34' title="bbox 325 1900 1906 1982; baseline 0.007 -29"><span class='ocrx_word' id='word_1_231' title='bbox 325 1900 632 1974; x_wconf 82' lang='grc' dir='ltr'>ἀπειλήσας</span> <span class='ocrx_word' id='word_1_232' title='bbox 664 1904 734 1956; x_wconf 78' lang='grc' dir='ltr'>τὰ</span> <span class='ocrx_word' id='word_1_233' title='bbox 765 1902 1068 1976; x_wconf 80' lang='grc' dir='ltr'>σκυθρωπὰ</span> <span class='ocrx_word' id='word_1_234' title='bbox 1086 1945 1102 1973; x_wconf 91' lang='grc'><strong>,</strong></span> <span class='ocrx_word' id='word_1_235' title='bbox 1139 1906 1500 1978; x_wconf 83' lang='grc' dir='ltr'>μεταμελείας</span> <span class='ocrx_word' id='word_1_236' title='bbox 1526 1908 1710 1973; x_wconf 77' lang='grc' dir='ltr'>αὐτοῖς</span> <span class='ocrx_word' id='word_1_237' title='bbox 1739 1927 1906 1982; x_wconf 83' lang='grc' dir='ltr'>προσ-</span> 
     </span>
    </p>
   </div>
   <div class='ocr_carea' id='block_1_35' title="bbox 2015 1891 2357 1982">
    <p class='ocr_par' dir='ltr' id='par_1_35' title="bbox 2015 1905 2357 1971">
     <span class='ocr_line' id='line_1_35' title="bbox 2015 1905 2357 1971; baseline -0.006 -10"><span class='ocrx_word' id='word_1_238' title='bbox 2015 1905 2357 1971; x_wconf 85' lang='lat' dir='ltr'><strong>adhortatur,</strong></span> 
     </span>
    </p>
   </div>
   <div class='ocr_carea' id='block_1_36' title="bbox 326 1990 859 2065">
    <p class='ocr_par' dir='ltr' id='par_1_36' title="bbox 326 1990 859 2065">
     <span class='ocr_line' id='line_1_36' title="bbox 326 1990 859 2065; baseline 0.009 -22"><span class='ocrx_word' id='word_1_239' title='bbox 326 1990 483 2065; x_wconf 80' lang='grc' dir='ltr'>φέρει</span> <span class='ocrx_word' id='word_1_240' title='bbox 517 1991 859 2065; x_wconf 83' lang='grc' dir='ltr'>παραίνεσιν.</span> 
     </span>
    </p>
   </div>
   <div class='ocr_carea' id='block_1_37' title="bbox 855 2085 1384 2145">
    <p class='ocr_par' dir='ltr' id='par_1_37' title="bbox 855 2085 1384 2145">
     <span class='ocr_line' id='line_1_37' title="bbox 855 2085 1384 2145; baseline 0.009 -6"><span class='ocrx_word' id='word_1_241' title='bbox 855 2085 1257 2142; x_wconf 69' lang='grc' dir='ltr'><strong>ΚΕΦΑΛΔΙΟΝ</strong></span> <span class='ocrx_word' id='word_1_242' title='bbox 1307 2090 1384 2145; x_wconf 87' lang='grc' dir='ltr'><strong>Β’.</strong></span> 
     </span>
    </p>
   </div>
   <div class='ocr_carea' id='block_1_38' title="bbox 396 2175 1913 2254">
    <p class='ocr_par' dir='ltr' id='par_1_38' title="bbox 396 2175 1913 2254">
     <span class='ocr_line' id='line_1_38' title="bbox 396 2175 1913 2254; baseline 0.008 -25"><span class='ocrx_word' id='word_1_243' title='bbox 396 2182 469 2239; x_wconf 85' lang='grc' dir='ltr'>α’,</span> <span class='ocrx_word' id='word_1_244' title='bbox 509 2175 574 2246; x_wconf 78' lang='grc' dir='ltr'><strong>β’.</strong></span> <span class='ocrx_word' id='word_1_245' title='bbox 615 2194 635 2228; x_wconf 79' lang='grc' dir='ltr'><strong>ι</strong></span> <span class='ocrx_word' id='word_1_246' title='bbox 668 2176 1014 2248; x_wconf 86' lang='grc' dir='ltr'>Συνάχθητε,</span> <span class='ocrx_word' id='word_1_247' title='bbox 1057 2178 1155 2232; x_wconf 76' lang='grc' dir='ltr'>καὶ</span> <span class='ocrx_word' id='word_1_248' title='bbox 1210 2181 1528 2254; x_wconf 81' lang='grc' dir='ltr'>συνδέθητε,</span> <span class='ocrx_word' id='word_1_249' title='bbox 1571 2185 1632 2238; x_wconf 80' lang='grc' dir='ltr'>τὸ</span> <span class='ocrx_word' id='word_1_250' title='bbox 1665 2185 1816 2250; x_wconf 77' lang='grc' dir='ltr'>ἔθνος</span> <span class='ocrx_word' id='word_1_251' title='bbox 1850 2187 1913 2240; x_wconf 83' lang='grc' dir='ltr'>τὸ</span> 
     </span>
    </p>
   </div>
   <div class='ocr_carea' id='block_1_39' title="bbox 337 2263 1912 2350">
    <p class='ocr_par' dir='ltr' id='par_1_39' title="bbox 337 2263 1912 2350">
     <span class='ocr_line' id='line_1_39' title="bbox 337 2263 1912 2350; baseline 0.01 -34"><span class='ocrx_word' id='word_1_252' title='bbox 337 2263 682 2321; x_wconf 80' lang='grc' dir='ltr'>ἀπαίδευτον.</span> <span class='ocrx_word' id='word_1_253' title='bbox 715 2265 832 2338; x_wconf 83' lang='grc' dir='ltr'><strong>Πρὸ</strong></span> <span class='ocrx_word' id='word_1_254' title='bbox 857 2266 952 2320; x_wconf 82' lang='grc' dir='ltr'>τοῦ</span> <span class='ocrx_word' id='word_1_255' title='bbox 981 2266 1236 2336; x_wconf 84' lang='grc' dir='ltr'>γενέσθαι</span> <span class='ocrx_word' id='word_1_256' title='bbox 1275 2270 1419 2342; x_wconf 81' lang='grc' dir='ltr'>ὑμᾶς</span> <span class='ocrx_word' id='word_1_257' title='bbox 1446 2273 1520 2337; x_wconf 84' lang='grc' dir='ltr'>ὡς</span> <span class='ocrx_word' id='word_1_258' title='bbox 1554 2274 1715 2341; x_wconf 81' lang='grc' dir='ltr'>ἄνθος</span> <span class='ocrx_word' id='word_1_259' title='bbox 1740 2294 1912 2350; x_wconf 84' lang='grc' dir='ltr'>παρα-</span> 
     </span>
    </p>
   </div>
   <div class='ocr_carea' id='block_1_40' title="bbox 337 2360 1911 2443">
    <p class='ocr_par' dir='ltr' id='par_1_40' title="bbox 337 2360 1911 2443">
     <span class='ocr_line' id='line_1_40' title="bbox 337 2360 1911 2443; baseline 0.01 -34"><span class='ocrx_word' id='word_1_260' title='bbox 337 2360 704 2430; x_wconf 80' lang='grc' dir='ltr'>πορευόμενον</span> <span class='ocrx_word' id='word_1_261' title='bbox 745 2360 961 2432; x_wconf 79' lang='grc' dir='ltr'>ήμέρας</span> <span class='ocrx_word' id='word_1_262' title='bbox 982 2361 1049 2429; x_wconf 80' lang='grc'><strong>⁸⁸,</strong></span> <span class='ocrx_word' id='word_1_263' title='bbox 1094 2363 1203 2434; x_wconf 84' lang='grc' dir='ltr'><strong>πρὸ</strong></span> <span class='ocrx_word' id='word_1_264' title='bbox 1238 2364 1332 2418; x_wconf 80' lang='grc' dir='ltr'>τοῦ</span> <span class='ocrx_word' id='word_1_265' title='bbox 1352 2365 1603 2421; x_wconf 77' lang='grc' dir='ltr'>ἐπελθεῖν</span> <span class='ocrx_word' id='word_1_266' title='bbox 1638 2370 1727 2438; x_wconf 82' lang='grc' dir='ltr'><strong>ἐφ’</strong></span> <span class='ocrx_word' id='word_1_267' title='bbox 1764 2371 1911 2443; x_wconf 83' lang='grc' dir='ltr'>ὑμᾶς</span> 
     </span>
    </p>
   </div>
   <div class='ocr_carea' id='block_1_41' title="bbox 329 2450 1911 2537">
    <p class='ocr_par' dir='ltr' id='par_1_41' title="bbox 329 2450 1911 2537">
     <span class='ocr_line' id='line_1_41' title="bbox 329 2450 1911 2537; baseline 0.011 -33"><span class='ocrx_word' id='word_1_268' title='bbox 329 2450 498 2522; x_wconf 79' lang='grc' dir='ltr'>ὀργὴν</span> <span class='ocrx_word' id='word_1_269' title='bbox 525 2451 701 2524; x_wconf 83' lang='grc' dir='ltr'>θυμοῦ</span> <span class='ocrx_word' id='word_1_270' title='bbox 721 2454 764 2487; x_wconf 82' lang='grc'><strong>⁸¹</strong></span> <span class='ocrx_word' id='word_1_271' title='bbox 800 2455 1026 2526; x_wconf 87' lang='grc' dir='ltr'>Κυρίου.</span> <span class='ocrx_word' id='word_1_272' title='bbox 1064 2476 1082 2510; x_wconf 74' lang='grc' dir='ltr'><strong>ι</strong></span> <span class='ocrx_word' id='word_1_273' title='bbox 1111 2458 1268 2524; x_wconf 80' lang='grc' dir='ltr'>Τινὲς</span> <span class='ocrx_word' id='word_1_274' title='bbox 1294 2460 1355 2513; x_wconf 86' lang='grc' dir='ltr'><strong>τὺ</strong></span> <span class='ocrx_word' id='word_1_275' title='bbox 1385 2462 1583 2533; x_wconf 79' lang='grc' dir='ltr'>χωρίον</span> <span class='ocrx_word' id='word_1_276' title='bbox 1618 2464 1693 2536; x_wconf 80' lang='grc' dir='ltr'>μὴ</span> <span class='ocrx_word' id='word_1_277' title='bbox 1726 2482 1911 2537; x_wconf 80' lang='grc' dir='ltr'>νενοη-</span> 
     </span>
    </p>
   </div>
   <div class='ocr_carea' id='block_1_42' title="bbox 329 2543 1909 2620">
    <p class='ocr_par' dir='ltr' id='par_1_42' title="bbox 329 2543 1909 2620">
     <span class='ocr_line' id='line_1_42' title="bbox 329 2543 1909 2620; baseline 0.013 -25"><span class='ocrx_word' id='word_1_278' title='bbox 329 2543 506 2608; x_wconf 84' lang='grc' dir='ltr'>κότες,</span> <span class='ocrx_word' id='word_1_279' title='bbox 539 2545 599 2598; x_wconf 81' lang='grc' dir='ltr'>τὸ</span> <span class='ocrx_word' id='word_1_280' title='bbox 623 2546 980 2616; x_wconf 81' lang='grc' dir='ltr'>συνδέθητε,</span> <span class='ocrx_word' id='word_1_281' title='bbox 1010 2550 1386 2620; x_wconf 79' lang='grc' dir='ltr'>συνδεήθητε</span> <span class='ocrx_word' id='word_1_282' title='bbox 1412 2554 1692 2611; x_wconf 76' lang='grc' dir='ltr'>τεθείκασι</span> <span class='ocrx_word' id='word_1_283' title='bbox 1709 2574 1723 2589; x_wconf 91' lang='grc'><strong>·</strong></span> <span class='ocrx_word' id='word_1_284' title='bbox 1756 2559 1824 2614; x_wconf 76' lang='grc' dir='ltr'>τὰ</span> <span class='ocrx_word' id='word_1_285' title='bbox 1850 2560 1909 2615; x_wconf 83' lang='grc' dir='ltr'>δὲ</span> 
     </span>
    </p>
   </div>
   <div class='ocr_carea' id='block_1_43' title="bbox 330 2634 1908 2717">
    <p class='ocr_par' dir='ltr' id='par_1_43' title="bbox 330 2634 1908 2717">
     <span class='ocr_line' id='line_1_43' title="bbox 330 2634 1908 2717; baseline 0.013 -31"><span class='ocrx_word' id='word_1_286' title='bbox 330 2634 560 2689; x_wconf 77' lang='grc' dir='ltr'>πλεῖστα</span> <span class='ocrx_word' id='word_1_287' title='bbox 588 2636 699 2691; x_wconf 88' lang='grc' dir='ltr'><strong>τῶν</strong></span> <span class='ocrx_word' id='word_1_288' title='bbox 727 2637 1102 2710; x_wconf 77' lang='grc' dir='ltr'>ἀντιγράφων,</span> <span class='ocrx_word' id='word_1_289' title='bbox 1133 2642 1471 2713; x_wconf 78' lang='grc' dir='ltr'>συνδέθητε</span> <span class='ocrx_word' id='word_1_290' title='bbox 1500 2645 1632 2717; x_wconf 82' lang='grc' dir='ltr'>ἔχει.</span> <span class='ocrx_word' id='word_1_291' title='bbox 1663 2649 1908 2705; x_wconf 81' lang='grc' dir='ltr'>Δίνίττε-</span> 
     </span>
    </p>
   </div>
   <div class='ocr_carea' id='block_1_44' title="bbox 328 2726 1909 2813">
    <p class='ocr_par' dir='ltr' id='par_1_44' title="bbox 328 2726 1909 2813">
     <span class='ocr_line' id='line_1_44' title="bbox 328 2726 1909 2813; baseline 0.012 -36"><span class='ocrx_word' id='word_1_292' title='bbox 328 2741 420 2778; x_wconf 86' lang='grc' dir='ltr'><strong>ται</strong></span> <span class='ocrx_word' id='word_1_293' title='bbox 448 2727 502 2779; x_wconf 76' lang='grc' dir='ltr'>δὲ</span> <span class='ocrx_word' id='word_1_294' title='bbox 538 2728 566 2780; x_wconf 87' lang='grc' dir='ltr'>ὁ</span> <span class='ocrx_word' id='word_1_295' title='bbox 595 2726 753 2797; x_wconf 88' lang='grc' dir='ltr'>λόγος</span> <span class='ocrx_word' id='word_1_296' title='bbox 796 2729 896 2801; x_wconf 79' lang='grc' dir='ltr'>τὴν</span> <span class='ocrx_word' id='word_1_297' title='bbox 938 2730 1028 2784; x_wconf 82' lang='grc' dir='ltr'>διὰ</span> <span class='ocrx_word' id='word_1_298' title='bbox 1069 2733 1381 2804; x_wconf 78' lang='grc' dir='ltr'>φαρμάκων</span> <span class='ocrx_word' id='word_1_299' title='bbox 1412 2737 1507 2790; x_wconf 78' lang='grc' dir='ltr'>καὶ</span> <span class='ocrx_word' id='word_1_300' title='bbox 1552 2739 1909 2813; x_wconf 79' lang='grc' dir='ltr'>καταδέσμων</span> 
     </span>
    </p>
   </div>
   <div class='ocr_carea' id='block_1_45' title="bbox 330 2816 1912 2904">
    <p class='ocr_par' dir='ltr' id='par_1_45' title="bbox 330 2816 1912 2904">
     <span class='ocr_line' id='line_1_45' title="bbox 330 2816 1912 2904; baseline 0.013 -37"><span class='ocrx_word' id='word_1_301' title='bbox 330 2816 477 2868; x_wconf 78' lang='grc' dir='ltr'>ἴασιν</span> <span class='ocrx_word' id='word_1_302' title='bbox 506 2817 784 2887; x_wconf 83' lang='grc' dir='ltr'>τροπικῶς</span> <span class='ocrx_word' id='word_1_303' title='bbox 826 2820 1153 2892; x_wconf 82' lang='grc' dir='ltr'>νοουμένην·</span> <span class='ocrx_word' id='word_1_304' title='bbox 1193 2822 1352 2876; x_wconf 81' lang='grc' dir='ltr'>τοῦτο</span> <span class='ocrx_word' id='word_1_305' title='bbox 1380 2824 1488 2897; x_wconf 85' lang='grc' dir='ltr'><strong>γὰρ</strong></span> <span class='ocrx_word' id='word_1_306' title='bbox 1518 2828 1613 2882; x_wconf 71' lang='grc' dir='ltr'><strong>καλ⁸</strong></span> <span class='ocrx_word' id='word_1_307' title='bbox 1655 2832 1802 2902; x_wconf 75' lang='grc' dir='ltr'>παρὰ</span> <span class='ocrx_word' id='word_1_308' title='bbox 1832 2832 1912 2904; x_wconf 80' lang='grc' dir='ltr'>τῷ</span> 
     </span>
    </p>
   </div>
   <div class='ocr_carea' id='block_1_46' title="bbox 331 2904 1913 2995">
    <p class='ocr_par' dir='ltr' id='par_1_46' title="bbox 331 2904 1913 2995">
     <span class='ocr_line' id='line_1_46' title="bbox 331 2904 1913 2995; baseline 0.013 -37"><span class='ocrx_word' id='word_1_309' title='bbox 331 2904 607 2980; x_wconf 84' lang='grc' dir='ltr'>θεσπεσίῳ</span> <span class='ocrx_word' id='word_1_310' title='bbox 664 2907 868 2980; x_wconf 74' lang='grc' dir='ltr'>Ἡσαΐᾳ.</span> <span class='ocrx_word' id='word_1_311' title='bbox 909 2911 1270 2984; x_wconf 74' lang='grc' dir='ltr'>εὑρίσκομενο</span> <span class='ocrx_word' id='word_1_312' title='bbox 1311 2916 1372 2969; x_wconf 72' lang='grc' dir='ltr'>τὸ</span> <span class='ocrx_word' id='word_1_313' title='bbox 1415 2918 1634 2973; x_wconf 86' lang='grc' dir='ltr'>ἀνίατον</span> <span class='ocrx_word' id='word_1_314' title='bbox 1662 2922 1773 2995; x_wconf 68' lang='grc' dir='ltr'><strong>γάρ</strong></span> <span class='ocrx_word' id='word_1_315' title='bbox 1801 2914 1913 2977; x_wconf 82' lang='grc' dir='ltr'><strong>τῶν</strong></span> 
     </span>
    </p>
   </div>
   <div class='ocr_carea' id='block_1_47' title="bbox 336 2997 1915 3081">
    <p class='ocr_par' dir='ltr' id='par_1_47' title="bbox 336 2997 1915 3081">
     <span class='ocr_line' id='line_1_47' title="bbox 336 2997 1915 3081; baseline 0.014 -33"><span class='ocrx_word' id='word_1_316' title='bbox 336 2997 650 3052; x_wconf 81' lang='grc' dir='ltr'>Ἰουδαϊκῶν</span> <span class='ocrx_word' id='word_1_317' title='bbox 678 2999 1001 3066; x_wconf 80' lang='grc' dir='ltr'>ὑποδεικνὺς</span> <span class='ocrx_word' id='word_1_318' title='bbox 1046 3006 1376 3075; x_wconf 82' lang='grc' dir='ltr'>τραυμάτων</span> <span class='ocrx_word' id='word_1_319' title='bbox 1421 3009 1548 3081; x_wconf 73' lang='grc' dir='ltr'>βοᾷ*</span> <span class='ocrx_word' id='word_1_320' title='bbox 1590 3030 1609 3081; x_wconf 73' lang='grc' dir='ltr'><strong>ι</strong></span> <span class='ocrx_word' id='word_1_321' title='bbox 1643 3013 1760 3068; x_wconf 84' lang='grc' dir='ltr'><strong>Οὐκ</strong></span> <span class='ocrx_word' id='word_1_322' title='bbox 1795 3013 1915 3069; x_wconf 76' lang='grc' dir='ltr'>ἐστι</span> 
     </span>
    </p>
   </div>
   <div class='ocr_carea' id='block_1_48' title="bbox 336 3089 1904 3176">
    <p class='ocr_par' dir='ltr' id='par_1_48' title="bbox 336 3089 1904 3176">
     <span class='ocr_line' id='line_1_48' title="bbox 336 3089 1904 3176; baseline 0.01 -35"><span class='ocrx_word' id='word_1_323' title='bbox 336 3089 600 3161; x_wconf 80' lang='grc' dir='ltr'>μάλαγμα</span> <span class='ocrx_word' id='word_1_324' title='bbox 622 3092 912 3160; x_wconf 76' lang='grc' dir='ltr'>ἐπιθεῖναι,</span> <span class='ocrx_word' id='word_1_325' title='bbox 943 3093 1067 3148; x_wconf 79' lang='grc' dir='ltr'>οὔτε</span> <span class='ocrx_word' id='word_1_326' title='bbox 1095 3096 1295 3163; x_wconf 79' lang='grc' dir='ltr'>ἔλαιον,</span> <span class='ocrx_word' id='word_1_327' title='bbox 1325 3098 1447 3153; x_wconf 73' lang='grc' dir='ltr'>οὔτε</span> <span class='ocrx_word' id='word_1_328' title='bbox 1478 3103 1904 3176; x_wconf 67' lang='grc' dir='ltr'>καταδέσμους.»</span> 
     </span>
    </p>
   </div>
   <div class='ocr_carea' id='block_1_49' title="bbox 334 3179 1910 3267">
    <p class='ocr_par' dir='ltr' id='par_1_49' title="bbox 334 3179 1910 3267">
     <span class='ocr_line' id='line_1_49' title="bbox 334 3179 1910 3267; baseline 0.013 -37"><span class='ocrx_word' id='word_1_329' title='bbox 334 3179 629 3251; x_wconf 80' lang='grc' dir='ltr'>Συνδέθητε</span> <span class='ocrx_word' id='word_1_330' title='bbox 653 3182 852 3246; x_wconf 86' lang='grc' dir='ltr'>τοίνυν,</span> <span class='ocrx_word' id='word_1_331' title='bbox 875 3184 1029 3255; x_wconf 75' lang='grc' dir='ltr'>φησὶ,</span> <span class='ocrx_word' id='word_1_332' title='bbox 1051 3187 1162 3250; x_wconf 82' lang='grc' dir='ltr'>τοῖς</span> <span class='ocrx_word' id='word_1_333' title='bbox 1182 3186 1283 3258; x_wconf 73' lang='grc' dir='ltr'>τῆς</span> <span class='ocrx_word' id='word_1_334' title='bbox 1307 3191 1670 3261; x_wconf 85' lang='grc' dir='ltr'>μεταμελείας</span> <span class='ocrx_word' id='word_1_335' title='bbox 1687 3194 1910 3267; x_wconf 84' lang='grc' dir='ltr'>φαρμά-</span> 
     </span>
    </p>
   </div>
   <div class='ocr_carea' id='block_1_50' title="bbox 335 3270 1914 3357">
    <p class='ocr_par' dir='ltr' id='par_1_50' title="bbox 335 3270 1914 3357">
     <span class='ocr_line' id='line_1_50' title="bbox 335 3270 1914 3357; baseline 0.01 -34"><span class='ocrx_word' id='word_1_336' title='bbox 335 3287 455 3335; x_wconf 90' lang='grc' dir='ltr'>κοις</span> <span class='ocrx_word' id='word_1_337' title='bbox 481 3273 670 3347; x_wconf 75' lang='grc' dir='ltr'>τεκαὶ</span> <span class='ocrx_word' id='word_1_338' title='bbox 707 3273 1048 3346; x_wconf 81' lang='grc' dir='ltr'>ὲπιδέσμοις,</span> <span class='ocrx_word' id='word_1_339' title='bbox 1077 3270 1256 3357; x_wconf 39' lang='grc' dir='ltr'>ὧδτῶν</span> <span class='ocrx_word' id='word_1_340' title='bbox 1295 3279 1516 3349; x_wconf 84' lang='grc' dir='ltr'>ἀγαθῶν</span> <span class='ocrx_word' id='word_1_341' title='bbox 1542 3283 1778 3353; x_wconf 83' lang='grc' dir='ltr'>ἀμαθεῖς</span> <span class='ocrx_word' id='word_1_342' title='bbox 1818 3285 1914 3338; x_wconf 75' lang='grc' dir='ltr'>καὶ</span> 
     </span>
    </p>
   </div>
   <div class='ocr_carea' id='block_1_51' title="bbox 333 3362 1912 3439">
    <p class='ocr_par' dir='ltr' id='par_1_51' title="bbox 333 3362 1912 3439">
     <span class='ocr_line' id='line_1_51' title="bbox 333 3362 1912 3439; baseline 0.007 -23"><span class='ocrx_word' id='word_1_343' title='bbox 333 3363 672 3431; x_wconf 76' lang='grc' dir='ltr'>ἀπαίδευτοι,</span> <span class='ocrx_word' id='word_1_344' title='bbox 705 3362 800 3418; x_wconf 78' lang='grc' dir='ltr'>καὶ</span> <span class='ocrx_word' id='word_1_345' title='bbox 840 3366 1194 3437; x_wconf 88' lang='grc' dir='ltr'>προφθάσατε</span> <span class='ocrx_word' id='word_1_346' title='bbox 1230 3368 1290 3421; x_wconf 82' lang='grc' dir='ltr'>τὸ</span> <span class='ocrx_word' id='word_1_347' title='bbox 1322 3371 1616 3439; x_wconf 87' lang='grc' dir='ltr'>πρόσωπον</span> <span class='ocrx_word' id='word_1_348' title='bbox 1647 3372 1816 3427; x_wconf 76' lang='grc' dir='ltr'>αὐτοῦ</span> <span class='ocrx_word' id='word_1_349' title='bbox 1854 3375 1912 3427; x_wconf 81' lang='grc' dir='ltr'>ὲν</span> 
     </span>
    </p>
   </div>
   <div class='ocr_carea' id='block_1_52' title="bbox 334 3454 1914 3533">
    <p class='ocr_par' dir='ltr' id='par_1_52' title="bbox 334 3454 1914 3533">
     <span class='ocr_line' id='line_1_52' title="bbox 334 3454 1914 3533; baseline 0.006 -26"><span class='ocrx_word' id='word_1_350' title='bbox 334 3454 739 3527; x_wconf 75' lang='grc' dir='ltr'>ἐξομολογήσει,</span> <span class='ocrx_word' id='word_1_351' title='bbox 773 3456 862 3511; x_wconf 82' lang='grc' dir='ltr'><strong>ἴνα</strong></span> <span class='ocrx_word' id='word_1_352' title='bbox 893 3457 969 3529; x_wconf 86' lang='grc' dir='ltr'>μὴ</span> <span class='ocrx_word' id='word_1_353' title='bbox 996 3457 1218 3512; x_wconf 70' lang='grc' dir='ltr'>ἄνθεσιν</span> <span class='ocrx_word' id='word_1_354' title='bbox 1246 3460 1480 3533; x_wconf 78' lang='grc' dir='ltr'>ἐαρινοῖς</span> <span class='ocrx_word' id='word_1_355' title='bbox 1513 3462 1914 3533; x_wconf 86' lang='grc' dir='ltr'>παραπλησίως</span> 
     </span>
    </p>
   </div>
   <div class='ocr_carea' id='block_1_53' title="bbox 335 3545 1830 3626">
    <p class='ocr_par' dir='ltr' id='par_1_53' title="bbox 335 3545 1830 3626">
     <span class='ocr_line' id='line_1_53' title="bbox 335 3545 1830 3626; baseline 0.007 -26"><span class='ocrx_word' id='word_1_356' title='bbox 335 3545 716 3619; x_wconf 74' lang='grc' dir='ltr'>διαῤῥεύσητε,</span> <span class='ocrx_word' id='word_1_357' title='bbox 742 3551 843 3620; x_wconf 82' lang='grc' dir='ltr'>τῆς</span> <span class='ocrx_word' id='word_1_358' title='bbox 876 3548 1027 3614; x_wconf 88' lang='grc' dir='ltr'>θείας</span> <span class='ocrx_word' id='word_1_359' title='bbox 1065 3549 1195 3621; x_wconf 78' lang='grc' dir='ltr'>ὑμῖν</span> <span class='ocrx_word' id='word_1_360' title='bbox 1233 3551 1609 3626; x_wconf 77' lang='grc' dir='ltr'>ἐπερχομένης</span> <span class='ocrx_word' id='word_1_361' title='bbox 1641 3555 1830 3626; x_wconf 82' lang='grc' dir='ltr'>ὀργῆς.</span> 
     </span>
    </p>
   </div>
   <div class='ocr_carea' id='block_1_54' title="bbox 405 3638 1912 3719">
    <p class='ocr_par' dir='ltr' id='par_1_54' title="bbox 405 3638 1912 3719">
     <span class='ocr_line' id='line_1_54' title="bbox 405 3638 1912 3719; baseline 0.007 -26"><span class='ocrx_word' id='word_1_362' title='bbox 405 3638 476 3708; x_wconf 84' lang='grc' dir='ltr'><strong>γ’.</strong></span> <span class='ocrx_word' id='word_1_363' title='bbox 501 3660 519 3691; x_wconf 75' lang='grc' dir='ltr'><strong>ι</strong></span> <span class='ocrx_word' id='word_1_364' title='bbox 544 3641 825 3712; x_wconf 83' lang='grc' dir='ltr'>Ζητήσατε</span> <span class='ocrx_word' id='word_1_365' title='bbox 849 3640 942 3695; x_wconf 81' lang='grc' dir='ltr'><strong>τὸν</strong></span> <span class='ocrx_word' id='word_1_366' title='bbox 973 3641 1203 3715; x_wconf 80' lang='grc' dir='ltr'>Κύριον,</span> <span class='ocrx_word' id='word_1_367' title='bbox 1245 3645 1447 3708; x_wconf 82' lang='grc' dir='ltr'>πάντες</span> <span class='ocrx_word' id='word_1_368' title='bbox 1479 3648 1727 3701; x_wconf 75' lang='grc' dir='ltr'>ταπεινοὶ</span> <span class='ocrx_word' id='word_1_369' title='bbox 1749 3649 1869 3719; x_wconf 82' lang='grc' dir='ltr'>γῆς.</span> <span class='ocrx_word' id='word_1_370' title='bbox 1892 3668 1912 3702; x_wconf 71' lang='grc' dir='ltr'><strong>ι</strong></span> 
     </span>
    </p>
   </div>
   <div class='ocr_carea' id='block_1_55' title="bbox 349 3727 1917 3807">
    <p class='ocr_par' dir='ltr' id='par_1_55' title="bbox 349 3727 1917 3807">
     <span class='ocr_line' id='line_1_55' title="bbox 349 3727 1917 3807; baseline 0.008 -26"><span class='ocrx_word' id='word_1_371' title='bbox 349 3727 747 3799; x_wconf 71' lang='grc' dir='ltr'>’Δποϐλέψατε,</span> <span class='ocrx_word' id='word_1_372' title='bbox 779 3730 969 3802; x_wconf 81' lang='grc' dir='ltr'>φησὶν,</span> <span class='ocrx_word' id='word_1_373' title='bbox 997 3733 1078 3797; x_wconf 88' lang='grc' dir='ltr'><strong>είς</strong></span> <span class='ocrx_word' id='word_1_374' title='bbox 1112 3732 1212 3804; x_wconf 81' lang='grc' dir='ltr'>τὴν</span> <span class='ocrx_word' id='word_1_375' title='bbox 1240 3735 1340 3807; x_wconf 82' lang='grc' dir='ltr'>τῆς</span> <span class='ocrx_word' id='word_1_376' title='bbox 1365 3735 1581 3805; x_wconf 88' lang='grc' dir='ltr'>φύσεως</span> <span class='ocrx_word' id='word_1_377' title='bbox 1618 3738 1917 3803; x_wconf 79' lang='grc' dir='ltr'>εὐτέλειαν,</span> 
     </span>
    </p>
   </div>
   <div class='ocr_carea' id='block_1_56' title="bbox 338 3818 1921 3902">
    <p class='ocr_par' dir='ltr' id='par_1_56' title="bbox 338 3818 1921 3902">
     <span class='ocr_line' id='line_1_56' title="bbox 338 3818 1921 3902; baseline 0.008 -30"><span class='ocrx_word' id='word_1_378' title='bbox 338 3818 436 3878; x_wconf 74' lang='grc' dir='ltr'>καὶ</span> <span class='ocrx_word' id='word_1_379' title='bbox 464 3820 545 3883; x_wconf 85' lang='grc' dir='ltr'><strong>εἰς</strong></span> <span class='ocrx_word' id='word_1_380' title='bbox 571 3820 665 3873; x_wconf 71' lang='grc' dir='ltr'><strong>τὸν</strong></span> <span class='ocrx_word' id='word_1_381' title='bbox 710 3820 839 3902; x_wconf 61' lang='grc' dir='ltr'>χρύν</span> <span class='ocrx_word' id='word_1_382' title='bbox 876 3821 970 3877; x_wconf 82' lang='grc' dir='ltr'>τὸν</span> <span class='ocrx_word' id='word_1_383' title='bbox 1018 3826 1365 3896; x_wconf 80' lang='grc' dir='ltr'>προπάτορα,</span> <span class='ocrx_word' id='word_1_384' title='bbox 1401 3828 1495 3881; x_wconf 75' lang='grc' dir='ltr'>καὶ</span> <span class='ocrx_word' id='word_1_385' title='bbox 1539 3828 1632 3883; x_wconf 73' lang='grc' dir='ltr'><strong>τὸν</strong></span> <span class='ocrx_word' id='word_1_386' title='bbox 1675 3829 1921 3900; x_wconf 76' lang='grc' dir='ltr'>πλάστην</span> 
     </span>
    </p>
   </div>
   <div class='ocr_carea' id='block_1_57' title="bbox 337 3911 1921 3988">
    <p class='ocr_par' dir='ltr' id='par_1_57' title="bbox 337 3911 1921 3988">
     <span class='ocr_line' id='line_1_57' title="bbox 337 3911 1921 3988; baseline 0.006 -23"><span class='ocrx_word' id='word_1_387' title='bbox 337 3911 709 3986; x_wconf 67' lang='grc' dir='ltr'>ἔπιζητήσατε</span> <span class='ocrx_word' id='word_1_388' title='bbox 757 3913 850 3969; x_wconf 80' lang='grc' dir='ltr'>τὸν</span> <span class='ocrx_word' id='word_1_389' title='bbox 884 3913 1163 3979; x_wconf 81' lang='grc' dir='ltr'>τοσούτοις</span> <span class='ocrx_word' id='word_1_390' title='bbox 1219 3916 1365 3988; x_wconf 80' lang='grc' dir='ltr'>ὑμᾶς</span> <span class='ocrx_word' id='word_1_391' title='bbox 1418 3920 1647 3987; x_wconf 85' lang='grc' dir='ltr'>ἀγαθοῖς</span> <span class='ocrx_word' id='word_1_392' title='bbox 1689 3921 1921 3975; x_wconf 72' lang='grc' dir='ltr'>ἐπικλύ-</span> 
     </span>
    </p>
   </div>
   <div class='ocr_carea' id='block_1_58' title="bbox 340 4001 1920 4084">
    <p class='ocr_par' dir='ltr' id='par_1_58' title="bbox 340 4001 1920 4084">
     <span class='ocr_line' id='line_1_58' title="bbox 340 4001 1920 4084; baseline 0.005 -25"><span class='ocrx_word' id='word_1_393' title='bbox 340 4021 532 4061; x_wconf 87' lang='grc' dir='ltr'>σαντα.</span> <span class='ocrx_word' id='word_1_394' title='bbox 564 4001 701 4059; x_wconf 79' lang='grc' dir='ltr'>Εἶτα</span> <span class='ocrx_word' id='word_1_395' title='bbox 731 4006 826 4061; x_wconf 78' lang='grc' dir='ltr'>καὶ</span> <span class='ocrx_word' id='word_1_396' title='bbox 855 4007 955 4079; x_wconf 79' lang='grc' dir='ltr'>τῆς</span> <span class='ocrx_word' id='word_1_397' title='bbox 982 4006 1079 4062; x_wconf 79' lang='grc' dir='ltr'><strong>τοῦ</strong></span> <span class='ocrx_word' id='word_1_398' title='bbox 1122 4008 1258 4063; x_wconf 87' lang='grc' dir='ltr'>Θεοῦ</span> <span class='ocrx_word' id='word_1_399' title='bbox 1289 4007 1572 4081; x_wconf 77' lang='grc' dir='ltr'>ζητήσεως</span> <span class='ocrx_word' id='word_1_400' title='bbox 1601 4011 1691 4068; x_wconf 85' lang='grc' dir='ltr'>τὸν</span> <span class='ocrx_word' id='word_1_401' title='bbox 1718 4013 1920 4084; x_wconf 89' lang='grc' dir='ltr'>τρόπον</span> 
     </span>
    </p>
   </div>
   <div class='ocr_carea' id='block_1_59' title="bbox 338 4094 1921 4175">
    <p class='ocr_par' dir='ltr' id='par_1_59' title="bbox 338 4094 1921 4175">
     <span class='ocr_line' id='line_1_59' title="bbox 338 4094 1921 4175; baseline 0.004 -27"><span class='ocrx_word' id='word_1_402' title='bbox 338 4094 599 4149; x_wconf 74' lang='grc' dir='ltr'>διδάσκει.</span> <span class='ocrx_word' id='word_1_403' title='bbox 639 4114 657 4147; x_wconf 81' lang='grc' dir='ltr'><strong>ι</strong></span> <span class='ocrx_word' id='word_1_404' title='bbox 694 4096 886 4168; x_wconf 82' lang='grc' dir='ltr'>Κρίμα</span> <span class='ocrx_word' id='word_1_405' title='bbox 924 4096 1247 4169; x_wconf 72' lang='grc' dir='ltr'>ἐργάζεσθε,</span> <span class='ocrx_word' id='word_1_406' title='bbox 1292 4099 1386 4153; x_wconf 72' lang='grc' dir='ltr'>καὶ</span> <span class='ocrx_word' id='word_1_407' title='bbox 1416 4100 1687 4171; x_wconf 70' lang='grc' dir='ltr'>ζητήσατε</span> <span class='ocrx_word' id='word_1_408' title='bbox 1716 4101 1921 4175; x_wconf 77' lang='grc' dir='ltr'>δικαιο-</span> 
     </span>
    </p>
   </div>
   <div class='ocr_carea' id='block_1_60' title="bbox 343 4184 1917 4263">
    <p class='ocr_par' dir='ltr' id='par_1_60' title="bbox 343 4184 1917 4263">
     <span class='ocr_line' id='line_1_60' title="bbox 343 4184 1917 4263; baseline 0.004 -25"><span class='ocrx_word' id='word_1_409' title='bbox 343 4184 527 4256; x_wconf 85' lang='grc' dir='ltr'>σύνην·</span> <span class='ocrx_word' id='word_1_410' title='bbox 553 4186 822 4259; x_wconf 73' lang='grc' dir='ltr'>ζητήσατε</span> <span class='ocrx_word' id='word_1_411' title='bbox 842 4189 1127 4261; x_wconf 82' lang='grc' dir='ltr'>πραότητα</span> <span class='ocrx_word' id='word_1_412' title='bbox 1144 4189 1189 4222; x_wconf 82' lang='grc'><strong>⁸¹</strong></span> <span class='ocrx_word' id='word_1_413' title='bbox 1212 4191 1305 4244; x_wconf 77' lang='grc' dir='ltr'>καὶ</span> <span class='ocrx_word' id='word_1_414' title='bbox 1325 4184 1695 4263; x_wconf 80' lang='grc' dir='ltr'>ἀποκρίνασθε</span> <span class='ocrx_word' id='word_1_415' title='bbox 1721 4192 1881 4247; x_wconf 82' lang='grc' dir='ltr'>αὑτά.</span> <span class='ocrx_word' id='word_1_416' title='bbox 1898 4211 1917 4245; x_wconf 74' lang='grc' dir='ltr'><strong>ι</strong></span> 
     </span>
    </p>
   </div>
   <div class='ocr_carea' id='block_1_61' title="bbox 325 4278 1923 4355">
    <p class='ocr_par' dir='ltr' id='par_1_61' title="bbox 325 4278 1923 4355">
     <span class='ocr_line' id='line_1_61' title="bbox 325 4278 1923 4355; baseline 0.004 -24"><span class='ocrx_word' id='word_1_417' title='bbox 325 4278 662 4350; x_wconf 69' lang='grc' dir='ltr'><strong>ΔὈρθόειτητος</strong></span> <span class='ocrx_word' id='word_1_418' title='bbox 681 4318 697 4345; x_wconf 86' lang='grc'><strong>,</strong></span> <span class='ocrx_word' id='word_1_419' title='bbox 718 4280 879 4349; x_wconf 74' lang='grc' dir='ltr'>φησὶ,</span> <span class='ocrx_word' id='word_1_420' title='bbox 910 4281 1004 4335; x_wconf 88' lang='grc' dir='ltr'>καί</span> <span class='ocrx_word' id='word_1_421' title='bbox 1030 4281 1375 4353; x_wconf 86' lang='grc' dir='ltr'>δικαιοσύνης</span> <span class='ocrx_word' id='word_1_422' title='bbox 1405 4283 1696 4355; x_wconf 75' lang='grc' dir='ltr'>ἀντέχεσθε</span> <span class='ocrx_word' id='word_1_423' title='bbox 1728 4285 1795 4351; x_wconf 84' lang='grc'><strong>⁸³,</strong></span> <span class='ocrx_word' id='word_1_424' title='bbox 1830 4285 1923 4338; x_wconf 77' lang='grc' dir='ltr'>καὶ</span> 
     </span>
    </p>
   </div>
   <div class='ocr_carea' id='block_1_62' title="bbox 341 4368 1926 4444">
    <p class='ocr_par' dir='ltr' id='par_1_62' title="bbox 341 4368 1926 4444">
     <span class='ocr_line' id='line_1_62' title="bbox 341 4368 1926 4444; baseline 0.006 -23"><span class='ocrx_word' id='word_1_425' title='bbox 341 4368 432 4422; x_wconf 77' lang='grc' dir='ltr'><strong>τὸν</strong></span> <span class='ocrx_word' id='word_1_426' title='bbox 461 4371 680 4441; x_wconf 71' lang='grc' dir='ltr'>ἐπιεικῆ</span> <span class='ocrx_word' id='word_1_427' title='bbox 711 4372 806 4425; x_wconf 68' lang='grc' dir='ltr'>καὶ</span> <span class='ocrx_word' id='word_1_428' title='bbox 840 4371 1062 4444; x_wconf 85' lang='grc' dir='ltr'>μέτριον</span> <span class='ocrx_word' id='word_1_429' title='bbox 1092 4372 1403 4439; x_wconf 77' lang='grc' dir='ltr'>ἀσπάζεσθε</span> <span class='ocrx_word' id='word_1_430' title='bbox 1430 4374 1544 4444; x_wconf 80' lang='grc' dir='ltr'>βίον</span> <span class='ocrx_word' id='word_1_431' title='bbox 1569 4391 1582 4405; x_wconf 85' lang='grc'><em>’</em></span> <span class='ocrx_word' id='word_1_432' title='bbox 1618 4375 1715 4431; x_wconf 80' lang='grc' dir='ltr'>καὶ</span> <span class='ocrx_word' id='word_1_433' title='bbox 1737 4374 1926 4431; x_wconf 79' lang='grc' dir='ltr'><strong>σύνθε⁴</strong></span> 
     </span>
    </p>
   </div>
   <div class='ocr_carea' id='block_1_63' title="bbox 345 4455 1922 4535">
    <p class='ocr_par' dir='ltr' id='par_1_63' title="bbox 345 4455 1922 4535">
     <span class='ocr_line' id='line_1_63' title="bbox 345 4455 1922 4535; baseline 0.004 -24"><span class='ocrx_word' id='word_1_434' title='bbox 345 4455 439 4511; x_wconf 87' lang='grc' dir='ltr'><strong>σθε</strong></span> <span class='ocrx_word' id='word_1_435' title='bbox 467 4456 556 4511; x_wconf 83' lang='grc' dir='ltr'>διὰ</span> <span class='ocrx_word' id='word_1_436' title='bbox 582 4458 764 4522; x_wconf 84' lang='grc' dir='ltr'>τέλους</span> <span class='ocrx_word' id='word_1_437' title='bbox 794 4459 968 4514; x_wconf 85' lang='grc' dir='ltr'>ταῦτα</span> <span class='ocrx_word' id='word_1_438' title='bbox 1023 4461 1261 4516; x_wconf 82' lang='grc' dir='ltr'>διώκειν.</span> <span class='ocrx_word' id='word_1_439' title='bbox 1294 4461 1466 4516; x_wconf 79' lang='grc' dir='ltr'>Τοῦτο</span> <span class='ocrx_word' id='word_1_440' title='bbox 1503 4465 1610 4535; x_wconf 78' lang='grc' dir='ltr'><strong>γάρ</strong></span> <span class='ocrx_word' id='word_1_441' title='bbox 1641 4464 1922 4534; x_wconf 86' lang='grc' dir='ltr'>σημαίνει,</span> 
     </span>
    </p>
   </div>
   <div class='ocr_carea' id='block_1_64' title="bbox 2610 2084 2956 2140">
    <p class='ocr_par' dir='ltr' id='par_1_64' title="bbox 2610 2084 2956 2140">
     <span class='ocr_line' id='line_1_64' title="bbox 2610 2084 2956 2140; baseline -0.006 0"><span class='ocrx_word' id='word_1_442' title='bbox 2610 2084 2838 2140; x_wconf 81' lang='lat' dir='ltr'><strong>CAPUT</strong></span> <span class='ocrx_word' id='word_1_443' title='bbox 2894 2084 2956 2138; x_wconf 90' lang='lat' dir='ltr'><strong>ll.</strong></span> 
     </span>
    </p>
   </div>
   <div class='ocr_carea' id='block_1_65' title="bbox 2080 2173 3580 2249">
    <p class='ocr_par' dir='ltr' id='par_1_65' title="bbox 2080 2173 3580 2249">
     <span class='ocr_line' id='line_1_65' title="bbox 2080 2173 3580 2249; baseline -0.003 -17"><span class='ocrx_word' id='word_1_444' title='bbox 2080 2178 2248 2234; x_wconf 72' lang='lat' dir='ltr'><strong>Vens.</strong></span> <span class='ocrx_word' id='word_1_445' title='bbox 2290 2180 2341 2243; x_wconf 83' lang='lat' dir='ltr'><strong>l,</strong></span> <span class='ocrx_word' id='word_1_446' title='bbox 2373 2178 2428 2231; x_wconf 72' lang='grc' dir='ltr'><strong>Ξ.</strong></span> <span class='ocrx_word' id='word_1_447' title='bbox 2466 2196 2484 2229; x_wconf 79' lang='grc' dir='ltr'><strong>ι</strong></span> <span class='ocrx_word' id='word_1_448' title='bbox 2526 2175 2947 2249; x_wconf 76' lang='lat' dir='ltr'><strong>Congregamini</strong></span> <span class='ocrx_word' id='word_1_449' title='bbox 2979 2184 3034 2231; x_wconf 88' lang='lat' dir='ltr'><strong>et</strong></span> <span class='ocrx_word' id='word_1_450' title='bbox 3065 2173 3422 2247; x_wconf 78' lang='lat' dir='ltr'><strong>coliigamiui,</strong></span> <span class='ocrx_word' id='word_1_451' title='bbox 3446 2188 3580 2244; x_wconf 80' lang='lat' dir='ltr'><strong>gens</strong></span> 
     </span>
    </p>
   </div>
   <div class='ocr_carea' id='block_1_66' title="bbox 2018 2264 3581 2340">
    <p class='ocr_par' dir='ltr' id='par_1_66' title="bbox 2018 2264 3581 2340">
     <span class='ocr_line' id='line_1_66' title="bbox 2018 2264 3581 2340; baseline -0.004 -16"><span class='ocrx_word' id='word_1_452' title='bbox 2018 2270 2313 2326; x_wconf 89' lang='lat' dir='ltr'><strong>inerudita.</strong></span> <span class='ocrx_word' id='word_1_453' title='bbox 2347 2271 2652 2340; x_wconf 81' lang='lat' dir='ltr'><strong>Antequam</strong></span> <span class='ocrx_word' id='word_1_454' title='bbox 2687 2267 2829 2323; x_wconf 83' lang='lat' dir='ltr'><strong>fialis</strong></span> <span class='ocrx_word' id='word_1_455' title='bbox 2866 2267 3012 2324; x_wconf 85' lang='lat' dir='ltr'><strong>sicut</strong></span> <span class='ocrx_word' id='word_1_456' title='bbox 3051 2265 3150 2321; x_wconf 81' lang='lat' dir='ltr'><strong>llos</strong></span> <span class='ocrx_word' id='word_1_457' title='bbox 3201 2264 3581 2336; x_wconf 72' lang='lat' dir='ltr'><strong>pertransiens</strong></span> 
     </span>
    </p>
   </div>
   <div class='ocr_carea' id='block_1_67' title="bbox 2010 2355 3580 2432">
    <p class='ocr_par' dir='ltr' id='par_1_67' title="bbox 2010 2355 3580 2432">
     <span class='ocr_line' id='line_1_67' title="bbox 2010 2355 3580 2432; baseline -0.004 -17"><span class='ocrx_word' id='word_1_458' title='bbox 2010 2361 2178 2424; x_wconf 84' lang='lat' dir='ltr'><strong>diem,</strong></span> <span class='ocrx_word' id='word_1_459' title='bbox 2239 2368 2537 2432; x_wconf 86' lang='lat' dir='ltr'><strong>antequam</strong></span> <span class='ocrx_word' id='word_1_460' title='bbox 2576 2359 2929 2431; x_wconf 84' lang='lat' dir='ltr'><strong>superveniat</strong></span> <span class='ocrx_word' id='word_1_461' title='bbox 2957 2360 3013 2415; x_wconf 92' lang='lat' dir='ltr'><strong>in</strong></span> <span class='ocrx_word' id='word_1_462' title='bbox 3045 2373 3142 2413; x_wconf 88' lang='lat' dir='ltr'><strong>vos</strong></span> <span class='ocrx_word' id='word_1_463' title='bbox 3189 2358 3268 2413; x_wconf 88' lang='lat' dir='ltr'><strong>ira</strong></span> <span class='ocrx_word' id='word_1_464' title='bbox 3294 2355 3531 2411; x_wconf 87' lang='lat' dir='ltr'><strong>Domini.</strong></span> <span class='ocrx_word' id='word_1_465' title='bbox 3561 2375 3580 2407; x_wconf 71' lang='grc' dir='ltr'><strong>ι</strong></span> 
     </span>
    </p>
   </div>
   <div class='ocr_carea' id='block_1_68' title="bbox 2009 2447 3583 2523">
    <p class='ocr_par' dir='ltr' id='par_1_68' title="bbox 2009 2447 3583 2523">
     <span class='ocr_line' id='line_1_68' title="bbox 2009 2447 3583 2523; baseline -0.006 -16"><span class='ocrx_word' id='word_1_466' title='bbox 2009 2451 2245 2518; x_wconf 83' lang='lat' dir='ltr'><strong>Quidam</strong></span> <span class='ocrx_word' id='word_1_467' title='bbox 2287 2452 2467 2507; x_wconf 87' lang='lat' dir='ltr'><strong>locum</strong></span> <span class='ocrx_word' id='word_1_468' title='bbox 2509 2467 2621 2507; x_wconf 91' lang='lat' dir='ltr'><strong>non</strong></span> <span class='ocrx_word' id='word_1_469' title='bbox 2658 2451 3049 2523; x_wconf 76' lang='lat' dir='ltr'><strong>intelligentes,</strong></span> <span class='ocrx_word' id='word_1_470' title='bbox 3098 2463 3199 2519; x_wconf 91' lang='lat' dir='ltr'><strong>pro</strong></span> <span class='ocrx_word' id='word_1_471' title='bbox 3231 2447 3583 2515; x_wconf 72' lang='lat' dir='ltr'><strong>colliqainiui,</strong></span> 
     </span>
    </p>
   </div>
   <div class='ocr_carea' id='block_1_69' title="bbox 2007 2541 3583 2614">
    <p class='ocr_par' dir='ltr' id='par_1_69' title="bbox 2007 2541 3583 2614">
     <span class='ocr_line' id='line_1_69' title="bbox 2007 2541 3583 2614; baseline -0.006 -15"><span class='ocrx_word' id='word_1_472' title='bbox 2007 2551 2319 2614; x_wconf 89' lang='lat' dir='ltr'><strong>posuerunt</strong></span> <span class='ocrx_word' id='word_1_473' title='bbox 2369 2543 2784 2611; x_wconf 79' lang='lat' dir='ltr'><strong>comprecamini</strong></span> <span class='ocrx_word' id='word_1_474' title='bbox 2816 2541 3098 2612; x_wconf 87' lang='lat' dir='ltr'><strong>:plurima</strong></span> <span class='ocrx_word' id='word_1_475' title='bbox 3153 2547 3339 2595; x_wconf 87' lang='lat' dir='ltr'><strong>autem</strong></span> <span class='ocrx_word' id='word_1_476' title='bbox 3398 2553 3583 2594; x_wconf 76' lang='lat' dir='ltr'><strong>exem-</strong></span> 
     </span>
    </p>
   </div>
   <div class='ocr_carea' id='block_1_70' title="bbox 2016 2632 3586 2706">
    <p class='ocr_par' dir='ltr' id='par_1_70' title="bbox 2016 2632 3586 2706">
     <span class='ocr_line' id='line_1_70' title="bbox 2016 2632 3586 2706; baseline -0.003 -21"><span class='ocrx_word' id='word_1_477' title='bbox 2016 2635 2188 2702; x_wconf 83' lang='lat' dir='ltr'><strong>plaria</strong></span> <span class='ocrx_word' id='word_1_478' title='bbox 2241 2635 2576 2706; x_wconf 76' lang='lat' dir='ltr'><strong>colligamini</strong></span> <span class='ocrx_word' id='word_1_479' title='bbox 2621 2634 2846 2688; x_wconf 80' lang='lat' dir='ltr'><strong>habent.</strong></span> <span class='ocrx_word' id='word_1_480' title='bbox 2899 2632 3165 2703; x_wconf 84' lang='lat' dir='ltr'><strong>Desiguat</strong></span> <span class='ocrx_word' id='word_1_481' title='bbox 3200 2639 3381 2684; x_wconf 87' lang='lat' dir='ltr'><strong>autem</strong></span> <span class='ocrx_word' id='word_1_482' title='bbox 3417 2643 3586 2683; x_wconf 88' lang='lat' dir='ltr'><strong>cura-</strong></span> 
     </span>
    </p>
   </div>
   <div class='ocr_carea' id='block_1_71' title="bbox 2010 2719 3586 2797">
    <p class='ocr_par' dir='ltr' id='par_1_71' title="bbox 2010 2719 3586 2797">
     <span class='ocr_line' id='line_1_71' title="bbox 2010 2719 3586 2797; baseline -0.006 -17"><span class='ocrx_word' id='word_1_483' title='bbox 2010 2728 2239 2789; x_wconf 68' lang='lat' dir='ltr'><strong>tionem,</strong></span> <span class='ocrx_word' id='word_1_484' title='bbox 2269 2741 2392 2796; x_wconf 63' lang='lat' dir='ltr'><strong>quae</strong></span> <span class='ocrx_word' id='word_1_485' title='bbox 2421 2726 2649 2797; x_wconf 78' lang='lat' dir='ltr'><strong>figurate</strong></span> <span class='ocrx_word' id='word_1_486' title='bbox 2688 2740 2787 2795; x_wconf 88' lang='lat' dir='ltr'><strong>per</strong></span> <span class='ocrx_word' id='word_1_487' title='bbox 2826 2725 3121 2796; x_wconf 67' lang='lat' dir='ltr'><strong>pltat-maca</strong></span> <span class='ocrx_word' id='word_1_488' title='bbox 3153 2730 3207 2777; x_wconf 89' lang='lat' dir='ltr'><strong>et</strong></span> <span class='ocrx_word' id='word_1_489' title='bbox 3243 2721 3461 2776; x_wconf 88' lang='lat' dir='ltr'><strong>vincula</strong></span> <span class='ocrx_word' id='word_1_490' title='bbox 3497 2719 3586 2772; x_wconf 76' lang='lat' dir='ltr'><strong>in-</strong></span> 
     </span>
    </p>
   </div>
   <div class='ocr_carea' id='block_1_72' title="bbox 2010 2810 3580 2888">
    <p class='ocr_par' dir='ltr' id='par_1_72' title="bbox 2010 2810 3580 2888">
     <span class='ocr_line' id='line_1_72' title="bbox 2010 2810 3580 2888; baseline -0.005 -17"><span class='ocrx_word' id='word_1_491' title='bbox 2010 2817 2243 2872; x_wconf 87' lang='lat' dir='ltr'><strong>dicatur.</strong></span> <span class='ocrx_word' id='word_1_492' title='bbox 2271 2815 2386 2872; x_wconf 83' lang='lat' dir='ltr'><strong>Hoc</strong></span> <span class='ocrx_word' id='word_1_493' title='bbox 2417 2816 2564 2872; x_wconf 88' lang='lat' dir='ltr'><strong>enim</strong></span> <span class='ocrx_word' id='word_1_494' title='bbox 2601 2816 2769 2871; x_wconf 91' lang='lat' dir='ltr'><strong>etiam</strong></span> <span class='ocrx_word' id='word_1_495' title='bbox 2804 2815 2946 2886; x_wconf 87' lang='lat' dir='ltr'><strong>apud</strong></span> <span class='ocrx_word' id='word_1_496' title='bbox 2990 2814 3237 2888; x_wconf 86' lang='lat' dir='ltr'><strong>divinum</strong></span> <span class='ocrx_word' id='word_1_497' title='bbox 3269 2811 3462 2866; x_wconf 80' lang='lat' dir='ltr'><strong>Isaiam</strong></span> <span class='ocrx_word' id='word_1_498' title='bbox 3492 2810 3580 2863; x_wconf 80' lang='lat' dir='ltr'><strong>in-</strong></span> 
     </span>
    </p>
   </div>
   <div class='ocr_carea' id='block_1_73' title="bbox 2011 2901 3578 2978">
    <p class='ocr_par' dir='ltr' id='par_1_73' title="bbox 2011 2901 3578 2978">
     <span class='ocr_line' id='line_1_73' title="bbox 2011 2901 3578 2978; baseline -0.006 -16"><span class='ocrx_word' id='word_1_499' title='bbox 2011 2909 2258 2965; x_wconf 81' lang='lat' dir='ltr'><strong>venimus</strong></span> <span class='ocrx_word' id='word_1_500' title='bbox 2283 2926 2297 2963; x_wconf 91' lang='lat'>:</span> <span class='ocrx_word' id='word_1_501' title='bbox 2325 2922 2449 2963; x_wconf 87' lang='lat' dir='ltr'><strong>nam</strong></span> <span class='ocrx_word' id='word_1_502' title='bbox 2472 2908 2656 2962; x_wconf 90' lang='lat' dir='ltr'><strong>curari</strong></span> <span class='ocrx_word' id='word_1_503' title='bbox 2689 2923 2799 2961; x_wconf 92' lang='lat' dir='ltr'><strong>non</strong></span> <span class='ocrx_word' id='word_1_504' title='bbox 2824 2921 2987 2978; x_wconf 88' lang='lat' dir='ltr'><strong>posse</strong></span> <span class='ocrx_word' id='word_1_505' title='bbox 3011 2905 3237 2960; x_wconf 87' lang='lat' dir='ltr'><strong>vulnera</strong></span> <span class='ocrx_word' id='word_1_506' title='bbox 3260 2901 3578 2958; x_wconf 70' lang='lat' dir='ltr'><strong>Iudaeorum</strong></span> 
     </span>
    </p>
   </div>
   <div class='ocr_carea' id='block_1_74' title="bbox 2016 2996 3584 3068">
    <p class='ocr_par' dir='ltr' id='par_1_74' title="bbox 2016 2996 3584 3068">
     <span class='ocr_line' id='line_1_74' title="bbox 2016 2996 3584 3068; baseline -0.003 -14"><span class='ocrx_word' id='word_1_507' title='bbox 2016 2999 2340 3063; x_wconf 76' lang='lat' dir='ltr'><strong>ostendens,</strong></span> <span class='ocrx_word' id='word_1_508' title='bbox 2364 3000 2566 3054; x_wconf 88' lang='lat' dir='ltr'><strong>clamat</strong></span> <span class='ocrx_word' id='word_1_509' title='bbox 2605 3018 2618 3054; x_wconf 92' lang='lat'><strong>:</strong></span> <span class='ocrx_word' id='word_1_510' title='bbox 2659 3017 2677 3050; x_wconf 81' lang='grc' dir='ltr'><strong>ι</strong></span> <span class='ocrx_word' id='word_1_511' title='bbox 2703 2997 2823 3052; x_wconf 84' lang='grc' dir='ltr'>Νοη</span> <span class='ocrx_word' id='word_1_512' title='bbox 2851 3006 2937 3052; x_wconf 90' lang='lat' dir='ltr'><strong>est</strong></span> <span class='ocrx_word' id='word_1_513' title='bbox 2965 2996 3239 3068; x_wconf 76' lang='lat' dir='ltr'><strong>malagma</strong></span> <span class='ocrx_word' id='word_1_514' title='bbox 3279 2996 3584 3064; x_wconf 73' lang='lat' dir='ltr'><strong>imponere.</strong></span> 
     </span>
    </p>
   </div>
   <div class='ocr_carea' id='block_1_75' title="bbox 2018 3085 3590 3162">
    <p class='ocr_par' dir='ltr' id='par_1_75' title="bbox 2018 3085 3590 3162">
     <span class='ocr_line' id='line_1_75' title="bbox 2018 3085 3590 3162; baseline -0.004 -17"><span class='ocrx_word' id='word_1_515' title='bbox 2018 3107 2199 3162; x_wconf 83' lang='lat' dir='ltr'><strong>neque</strong></span> <span class='ocrx_word' id='word_1_516' title='bbox 2245 3092 2452 3156; x_wconf 89' lang='lat' dir='ltr'><strong>oleum,</strong></span> <span class='ocrx_word' id='word_1_517' title='bbox 2515 3106 2692 3160; x_wconf 89' lang='lat' dir='ltr'><strong>neque</strong></span> <span class='ocrx_word' id='word_1_518' title='bbox 2749 3089 3076 3159; x_wconf 76' lang='lat' dir='ltr'><strong>alligaturas</strong></span> <span class='ocrx_word' id='word_1_519' title='bbox 3100 3096 3179 3141; x_wconf 72' lang='grc'><strong>³.»</strong></span> <span class='ocrx_word' id='word_1_520' title='bbox 3235 3085 3590 3156; x_wconf 79' lang='lat' dir='ltr'><strong>&#39;Coiligamini</strong></span> 
     </span>
    </p>
   </div>
   <div class='ocr_carea' id='block_1_76' title="bbox 2015 3174 3595 3254">
    <p class='ocr_par' dir='ltr' id='par_1_76' title="bbox 2015 3174 3595 3254">
     <span class='ocr_line' id='line_1_76' title="bbox 2015 3174 3595 3254; baseline -0.007 -17"><span class='ocrx_word' id='word_1_521' title='bbox 2015 3198 2167 3254; x_wconf 73' lang='lat' dir='ltr'><strong>ergo,</strong></span> <span class='ocrx_word' id='word_1_522' title='bbox 2196 3183 2399 3252; x_wconf 87' lang='lat' dir='ltr'><strong>inquit,</strong></span> <span class='ocrx_word' id='word_1_523' title='bbox 2454 3178 2793 3250; x_wconf 64' lang='lat' dir='ltr'><strong>poenitentia;</strong></span> <span class='ocrx_word' id='word_1_524' title='bbox 2849 3177 3130 3241; x_wconf 87' lang='lat' dir='ltr'><strong>remediis,</strong></span> <span class='ocrx_word' id='word_1_525' title='bbox 3157 3184 3212 3230; x_wconf 89' lang='lat' dir='ltr'><strong>et</strong></span> <span class='ocrx_word' id='word_1_526' title='bbox 3264 3174 3530 3238; x_wconf 75' lang='lat' dir='ltr'><strong>vinculis,</strong></span> <span class='ocrx_word' id='word_1_527' title='bbox 3560 3190 3595 3227; x_wconf 87' lang='grc' dir='ltr'><strong>ο</strong></span> 
     </span>
    </p>
   </div>
   <div class='ocr_carea' id='block_1_77' title="bbox 2018 3264 3594 3335">
    <p class='ocr_par' dir='ltr' id='par_1_77' title="bbox 2018 3264 3594 3335">
     <span class='ocr_line' id='line_1_77' title="bbox 2018 3264 3594 3335; baseline -0.007 -8"><span class='ocrx_word' id='word_1_528' title='bbox 2018 3274 2286 3327; x_wconf 74' lang='lat' dir='ltr'><strong>bonorum</strong></span> <span class='ocrx_word' id='word_1_529' title='bbox 2318 3267 2486 3324; x_wconf 89' lang='lat' dir='ltr'><strong>rudes</strong></span> <span class='ocrx_word' id='word_1_530' title='bbox 2522 3277 2576 3322; x_wconf 90' lang='lat' dir='ltr'><strong>et</strong></span> <span class='ocrx_word' id='word_1_531' title='bbox 2614 3265 2878 3335; x_wconf 83' lang='lat' dir='ltr'><strong>imperiti,</strong></span> <span class='ocrx_word' id='word_1_532' title='bbox 2915 3272 2972 3319; x_wconf 90' lang='lat' dir='ltr'><strong>et</strong></span> <span class='ocrx_word' id='word_1_533' title='bbox 3023 3265 3200 3318; x_wconf 81' lang='lat' dir='ltr'><strong>venite</strong></span> <span class='ocrx_word' id='word_1_534' title='bbox 3254 3264 3309 3316; x_wconf 91' lang='lat' dir='ltr'><strong>in</strong></span> <span class='ocrx_word' id='word_1_535' title='bbox 3362 3277 3594 3330; x_wconf 88' lang='lat' dir='ltr'><strong>conspe-</strong></span> 
     </span>
    </p>
   </div>
   <div class='ocr_carea' id='block_1_78' title="bbox 2015 3352 3590 3430">
    <p class='ocr_par' dir='ltr' id='par_1_78' title="bbox 2015 3352 3590 3430">
     <span class='ocr_line' id='line_1_78' title="bbox 2015 3352 3590 3430; baseline -0.008 -15"><span class='ocrx_word' id='word_1_536' title='bbox 2015 3372 2165 3416; x_wconf 83' lang='lat' dir='ltr'><strong>ctum</strong></span> <span class='ocrx_word' id='word_1_537' title='bbox 2211 3360 2332 3430; x_wconf 85' lang='lat' dir='ltr'><strong>ejus</strong></span> <span class='ocrx_word' id='word_1_538' title='bbox 2377 3376 2504 3415; x_wconf 88' lang='lat' dir='ltr'><strong>cum</strong></span> <span class='ocrx_word' id='word_1_539' title='bbox 2555 3356 2931 3419; x_wconf 81' lang='lat' dir='ltr'><strong>confessione,</strong></span> <span class='ocrx_word' id='word_1_540' title='bbox 3012 3370 3079 3409; x_wconf 90' lang='lat' dir='ltr'><strong>ne</strong></span> <span class='ocrx_word' id='word_1_541' title='bbox 3128 3352 3590 3424; x_wconf 86' lang='lat' dir='ltr'><strong>quemadmodum</strong></span> 
     </span>
    </p>
   </div>
   <div class='ocr_carea' id='block_1_79' title="bbox 2016 3443 3519 3515">
    <p class='ocr_par' dir='ltr' id='par_1_79' title="bbox 2016 3443 3519 3515">
     <span class='ocr_line' id='line_1_79' title="bbox 2016 3443 3519 3515; baseline -0.006 -9"><span class='ocrx_word' id='word_1_542' title='bbox 2016 3451 2169 3506; x_wconf 79' lang='lat' dir='ltr'><strong>verni</strong></span> <span class='ocrx_word' id='word_1_543' title='bbox 2194 3449 2362 3506; x_wconf 82' lang='lat' dir='ltr'><strong>ﬂores</strong></span> <span class='ocrx_word' id='word_1_544' title='bbox 2395 3446 2687 3512; x_wconf 85' lang='lat' dir='ltr'><strong>decidalis,</strong></span> <span class='ocrx_word' id='word_1_545' title='bbox 2715 3445 2906 3500; x_wconf 87' lang='lat' dir='ltr'><strong>divina</strong></span> <span class='ocrx_word' id='word_1_546' title='bbox 2940 3444 3020 3498; x_wconf 84' lang='lat' dir='ltr'><strong>ira</strong></span> <span class='ocrx_word' id='word_1_547' title='bbox 3056 3458 3156 3499; x_wconf 88' lang='lat' dir='ltr'><strong>vos</strong></span> <span class='ocrx_word' id='word_1_548' title='bbox 3198 3443 3519 3515; x_wconf 88' lang='lat' dir='ltr'><strong>impetente.</strong></span> 
     </span>
    </p>
   </div>
   <div class='ocr_carea' id='block_1_80' title="bbox 2088 3619 3597 3696">
    <p class='ocr_par' dir='ltr' id='par_1_80' title="bbox 2088 3619 3597 3696">
     <span class='ocr_line' id='line_1_80' title="bbox 2088 3619 3597 3696; baseline -0.008 -9"><span class='ocrx_word' id='word_1_549' title='bbox 2088 3633 2255 3688; x_wconf 75' lang='lat' dir='ltr'><strong>Vens.</strong></span> <span class='ocrx_word' id='word_1_550' title='bbox 2300 3632 2354 3687; x_wconf 76' lang='lat'><strong>3.</strong></span> <span class='ocrx_word' id='word_1_551' title='bbox 2389 3647 2407 3680; x_wconf 77' lang='grc' dir='ltr'><strong>ι</strong></span> <span class='ocrx_word' id='word_1_552' title='bbox 2436 3627 2683 3696; x_wconf 77' lang='lat' dir='ltr'><strong>Quaerite</strong></span> <span class='ocrx_word' id='word_1_553' title='bbox 2747 3622 3068 3685; x_wconf 86' lang='lat' dir='ltr'><strong>Dominum,</strong></span> <span class='ocrx_word' id='word_1_554' title='bbox 3097 3634 3291 3677; x_wconf 88' lang='lat' dir='ltr'><strong>omnes</strong></span> <span class='ocrx_word' id='word_1_555' title='bbox 3354 3619 3597 3675; x_wconf 66' lang='lat' dir='ltr'><strong>humiles</strong></span> 
     </span>
    </p>
   </div>
   <div class='ocr_carea' id='block_1_81' title="bbox 2019 3711 3597 3792">
    <p class='ocr_par' dir='ltr' id='par_1_81' title="bbox 2019 3711 3597 3792">
     <span class='ocr_line' id='line_1_81' title="bbox 2019 3711 3597 3792; baseline -0.01 -12"><span class='ocrx_word' id='word_1_556' title='bbox 2019 3735 2203 3783; x_wconf 70' lang='lat' dir='ltr'><strong>terrae.</strong></span> <span class='ocrx_word' id='word_1_557' title='bbox 2242 3741 2262 3776; x_wconf 78' lang='grc' dir='ltr'><strong>ι</strong></span> <span class='ocrx_word' id='word_1_558' title='bbox 2297 3720 2567 3792; x_wconf 78' lang='lat' dir='ltr'><strong>Aspicite,</strong></span> <span class='ocrx_word' id='word_1_559' title='bbox 2633 3716 2859 3789; x_wconf 71' lang='lat'><strong>1568</strong></span> <span class='ocrx_word' id='word_1_560' title='bbox 2932 3713 3139 3784; x_wconf 86' lang='lat' dir='ltr'><strong>inquit,</strong></span> <span class='ocrx_word' id='word_1_561' title='bbox 3171 3721 3386 3768; x_wconf 69' lang='lat' dir='ltr'><strong>natura:</strong></span> <span class='ocrx_word' id='word_1_562' title='bbox 3413 3711 3597 3766; x_wconf 86' lang='lat' dir='ltr'><strong>vilita-</strong></span> 
     </span>
    </p>
   </div>
   <div class='ocr_carea' id='block_1_82' title="bbox 2022 3804 3599 3882">
    <p class='ocr_par' dir='ltr' id='par_1_82' title="bbox 2022 3804 3599 3882">
     <span class='ocr_line' id='line_1_82' title="bbox 2022 3804 3599 3882; baseline -0.008 -13"><span class='ocrx_word' id='word_1_563' title='bbox 2022 3824 2155 3880; x_wconf 90' lang='lat' dir='ltr'><strong>tem,</strong></span> <span class='ocrx_word' id='word_1_564' title='bbox 2189 3821 2245 3870; x_wconf 89' lang='lat' dir='ltr'><strong>et</strong></span> <span class='ocrx_word' id='word_1_565' title='bbox 2264 3813 2458 3868; x_wconf 89' lang='lat' dir='ltr'><strong>limum</strong></span> <span class='ocrx_word' id='word_1_566' title='bbox 2484 3809 2893 3882; x_wconf 76' lang='lat' dir='ltr'><strong>progenitorem</strong></span> <span class='ocrx_word' id='word_1_567' title='bbox 2929 3825 2943 3861; x_wconf 91' lang='lat'><strong>:</strong></span> <span class='ocrx_word' id='word_1_568' title='bbox 2971 3815 3024 3861; x_wconf 89' lang='lat' dir='ltr'><strong>et</strong></span> <span class='ocrx_word' id='word_1_569' title='bbox 3046 3804 3292 3861; x_wconf 83' lang='lat' dir='ltr'><strong>fictorem</strong></span> <span class='ocrx_word' id='word_1_570' title='bbox 3316 3804 3599 3874; x_wconf 70' lang='lat' dir='ltr'><strong>inquirite,</strong></span> 
     </span>
    </p>
   </div>
   <div class='ocr_carea' id='block_1_83' title="bbox 2020 3897 3600 3984">
    <p class='ocr_par' dir='ltr' id='par_1_83' title="bbox 2020 3897 3600 3984">
     <span class='ocr_line' id='line_1_83' title="bbox 2020 3897 3600 3984; baseline -0.012 -17"><span class='ocrx_word' id='word_1_571' title='bbox 2020 3915 2115 3984; x_wconf 90' lang='lat' dir='ltr'><strong>qui</strong></span> <span class='ocrx_word' id='word_1_572' title='bbox 2146 3920 2230 3967; x_wconf 90' lang='lat' dir='ltr'><strong>tot</strong></span> <span class='ocrx_word' id='word_1_573' title='bbox 2260 3919 2317 3966; x_wconf 86' lang='lat' dir='ltr'><strong>et</strong></span> <span class='ocrx_word' id='word_1_574' title='bbox 2337 3909 2513 3964; x_wconf 89' lang='lat' dir='ltr'><strong>tantis</strong></span> <span class='ocrx_word' id='word_1_575' title='bbox 2540 3907 2703 3962; x_wconf 87' lang='lat' dir='ltr'><strong>bouis</strong></span> <span class='ocrx_word' id='word_1_576' title='bbox 2727 3919 2827 3961; x_wconf 87' lang='lat' dir='ltr'><strong>vos</strong></span> <span class='ocrx_word' id='word_1_577' title='bbox 2858 3900 3178 3958; x_wconf 87' lang='lat' dir='ltr'><strong>redundare</strong></span> <span class='ocrx_word' id='word_1_578' title='bbox 3220 3897 3373 3953; x_wconf 90' lang='lat' dir='ltr'><strong>fecit.</strong></span> <span class='ocrx_word' id='word_1_579' title='bbox 3404 3898 3600 3953; x_wconf 65' lang='lat' dir='ltr'><strong>Postea</strong></span> 
     </span>
    </p>
   </div>
   <div class='ocr_carea' id='block_1_84' title="bbox 2020 3986 3601 4070">
    <p class='ocr_par' dir='ltr' id='par_1_84' title="bbox 2020 3986 3601 4070">
     <span class='ocr_line' id='line_1_84' title="bbox 2020 3986 3601 4070; baseline -0.012 -13"><span class='ocrx_word' id='word_1_580' title='bbox 2020 4003 2185 4057; x_wconf 90' lang='lat' dir='ltr'><strong>etiam</strong></span> <span class='ocrx_word' id='word_1_581' title='bbox 2210 3998 2491 4070; x_wconf 65' lang='lat' dir='ltr'><strong>quaerendi</strong></span> <span class='ocrx_word' id='word_1_582' title='bbox 2527 3997 2619 4052; x_wconf 86' lang='lat' dir='ltr'><strong>Dei</strong></span> <span class='ocrx_word' id='word_1_583' title='bbox 2651 3996 2921 4051; x_wconf 90' lang='lat' dir='ltr'><strong>rationem</strong></span> <span class='ocrx_word' id='word_1_584' title='bbox 2965 3992 3229 4062; x_wconf 79' lang='lat' dir='ltr'><strong>explicat.</strong></span> <span class='ocrx_word' id='word_1_585' title='bbox 3265 4007 3285 4041; x_wconf 80' lang='grc' dir='ltr'><strong>ι</strong></span> <span class='ocrx_word' id='word_1_586' title='bbox 3317 3986 3601 4041; x_wconf 66' lang='lat' dir='ltr'><strong>Iudicium</strong></span> 
     </span>
    </p>
   </div>
   <div class='ocr_carea' id='block_1_85' title="bbox 2022 4080 3602 4165">
    <p class='ocr_par' dir='ltr' id='par_1_85' title="bbox 2022 4080 3602 4165">
     <span class='ocr_line' id='line_1_85' title="bbox 2022 4080 3602 4165; baseline -0.013 -16"><span class='ocrx_word' id='word_1_587' title='bbox 2022 4091 2355 4165; x_wconf 84' lang='lat' dir='ltr'><strong>operamini,</strong></span> <span class='ocrx_word' id='word_1_588' title='bbox 2385 4098 2442 4144; x_wconf 91' lang='lat' dir='ltr'><strong>et</strong></span> <span class='ocrx_word' id='word_1_589' title='bbox 2464 4087 2741 4159; x_wconf 86' lang='lat' dir='ltr'><strong>justitiam</strong></span> <span class='ocrx_word' id='word_1_590' title='bbox 2775 4082 3013 4156; x_wconf 66' lang='lat' dir='ltr'><strong>quaerite</strong></span> <span class='ocrx_word' id='word_1_591' title='bbox 3044 4098 3057 4136; x_wconf 89' lang='lat'><strong>:</strong></span> <span class='ocrx_word' id='word_1_592' title='bbox 3086 4080 3317 4152; x_wconf 67' lang='lat' dir='ltr'><strong>quaerite</strong></span> <span class='ocrx_word' id='word_1_593' title='bbox 3344 4092 3602 4132; x_wconf 84' lang='lat' dir='ltr'><strong>mansue-</strong></span> 
     </span>
    </p>
   </div>
   <div class='ocr_carea' id='block_1_86' title="bbox 2023 4168 3601 4250">
    <p class='ocr_par' dir='ltr' id='par_1_86' title="bbox 2023 4168 3601 4250">
     <span class='ocr_line' id='line_1_86' title="bbox 2023 4168 3601 4250; baseline -0.013 -10"><span class='ocrx_word' id='word_1_594' title='bbox 2023 4186 2297 4247; x_wconf 87' lang='lat' dir='ltr'><strong>tudinem.</strong></span> <span class='ocrx_word' id='word_1_595' title='bbox 2346 4188 2405 4237; x_wconf 88' lang='lat' dir='ltr'><strong>et</strong></span> <span class='ocrx_word' id='word_1_596' title='bbox 2453 4176 2785 4250; x_wconf 88' lang='lat' dir='ltr'><strong>respondete</strong></span> <span class='ocrx_word' id='word_1_597' title='bbox 2823 4191 2909 4231; x_wconf 90' lang='lat' dir='ltr'><strong>ea.</strong></span> <span class='ocrx_word' id='word_1_598' title='bbox 2955 4193 2974 4226; x_wconf 77' lang='grc' dir='ltr'><strong>ι</strong></span> <span class='ocrx_word' id='word_1_599' title='bbox 3006 4170 3343 4235; x_wconf 87' lang='lat' dir='ltr'><strong>Sectamini,</strong></span> <span class='ocrx_word' id='word_1_600' title='bbox 3396 4168 3601 4239; x_wconf 85' lang='lat' dir='ltr'><strong>inquit,</strong></span> 
     </span>
    </p>
   </div>
   <div class='ocr_carea' id='block_1_87' title="bbox 2026 4266 3605 4346">
    <p class='ocr_par' dir='ltr' id='par_1_87' title="bbox 2026 4266 3605 4346">
     <span class='ocr_line' id='line_1_87' title="bbox 2026 4266 3605 4346; baseline -0.013 -14"><span class='ocrx_word' id='word_1_601' title='bbox 2026 4273 2408 4346; x_wconf 90' lang='lat' dir='ltr'><strong>rectajudicia</strong></span> <span class='ocrx_word' id='word_1_602' title='bbox 2443 4270 2496 4329; x_wconf 86' lang='lat' dir='ltr'><strong>el</strong></span> <span class='ocrx_word' id='word_1_603' title='bbox 2539 4268 2847 4337; x_wconf 84' lang='lat' dir='ltr'><strong>justitiam,</strong></span> <span class='ocrx_word' id='word_1_604' title='bbox 2876 4274 2930 4322; x_wconf 90' lang='lat' dir='ltr'><strong>et</strong></span> <span class='ocrx_word' id='word_1_605' title='bbox 2968 4266 3136 4319; x_wconf 88' lang='lat' dir='ltr'><strong>vitam</strong></span> <span class='ocrx_word' id='word_1_606' title='bbox 3174 4268 3524 4318; x_wconf 86' lang='lat' dir='ltr'><strong>mansuetam</strong></span> <span class='ocrx_word' id='word_1_607' title='bbox 3549 4268 3605 4313; x_wconf 88' lang='lat' dir='ltr'><strong>et</strong></span> 
     </span>
    </p>
   </div>
   <div class='ocr_carea' id='block_1_88' title="bbox 2027 4352 3602 4432">
    <p class='ocr_par' dir='ltr' id='par_1_88' title="bbox 2027 4352 3602 4432">
     <span class='ocr_line' id='line_1_88' title="bbox 2027 4352 3602 4432; baseline -0.012 -9"><span class='ocrx_word' id='word_1_608' title='bbox 2027 4367 2363 4423; x_wconf 88' lang='lat' dir='ltr'><strong>moderatam</strong></span> <span class='ocrx_word' id='word_1_609' title='bbox 2397 4359 2792 4432; x_wconf 87' lang='lat' dir='ltr'><strong>amplectimini</strong></span> <span class='ocrx_word' id='word_1_610' title='bbox 2831 4366 2928 4413; x_wconf 90' lang='lat' dir='ltr'><strong>:et</strong></span> <span class='ocrx_word' id='word_1_611' title='bbox 2976 4353 3303 4412; x_wconf 84' lang='lat' dir='ltr'><strong>constituite</strong></span> <span class='ocrx_word' id='word_1_612' title='bbox 3353 4352 3468 4407; x_wconf 62' lang='lat' dir='ltr'><strong>haec</strong></span> <span class='ocrx_word' id='word_1_613' title='bbox 3516 4366 3602 4405; x_wconf 61' lang='grc' dir='ltr'><strong>υς·</strong></span> 
     </span>
    </p>
   </div>
   <div class='ocr_carea' id='block_1_89' title="bbox 2026 4443 3605 4532">
    <p class='ocr_par' dir='ltr' id='par_1_89' title="bbox 2026 4443 3605 4532">
     <span class='ocr_line' id='line_1_89' title="bbox 2026 4443 3605 4532; baseline -0.013 -17"><span class='ocrx_word' id='word_1_614' title='bbox 2026 4475 2134 4532; x_wconf 88' lang='lat' dir='ltr'><strong>que</strong></span> <span class='ocrx_word' id='word_1_615' title='bbox 2159 4458 2213 4513; x_wconf 91' lang='lat' dir='ltr'><strong>in</strong></span> <span class='ocrx_word' id='word_1_616' title='bbox 2256 4455 2418 4510; x_wconf 87' lang='lat' dir='ltr'><strong>linem</strong></span> <span class='ocrx_word' id='word_1_617' title='bbox 2472 4451 2753 4524; x_wconf 83' lang='lat' dir='ltr'><strong>persequi.</strong></span> <span class='ocrx_word' id='word_1_618' title='bbox 2788 4447 2903 4527; x_wconf 76' lang='lat' dir='ltr'><strong>Hoc</strong></span> <span class='ocrx_word' id='word_1_619' title='bbox 2949 4448 3098 4503; x_wconf 89' lang='lat' dir='ltr'><strong>enim</strong></span> <span class='ocrx_word' id='word_1_620' title='bbox 3152 4444 3451 4516; x_wconf 79' lang='lat' dir='ltr'><strong>signiﬁcat,</strong></span> <span class='ocrx_word' id='word_1_621' title='bbox 3491 4460 3510 4494; x_wconf 80' lang='grc' dir='ltr'><strong>ι</strong></span> <span class='ocrx_word' id='word_1_622' title='bbox 3542 4443 3605 4495; x_wconf 80' lang='lat' dir='ltr'><strong>Et</strong></span> 
     </span>
    </p>
   </div>
   <div class='ocr_carea' id='block_1_90' title="bbox 348 4532 1911 4629">
    <p class='ocr_par' dir='ltr' id='par_1_90' title="bbox 348 4532 1911 4619">
     <span class='ocr_line' id='line_1_90' title="bbox 348 4532 1911 4619; baseline 0.005 -21"><span class='ocrx_word' id='word_1_623' title='bbox 348 4564 369 4598; x_wconf 76' lang='grc' dir='ltr'><strong>ι</strong></span> <span class='ocrx_word' id='word_1_624' title='bbox 408 4545 520 4600; x_wconf 72' lang='grc' dir='ltr'>Καὶ</span> <span class='ocrx_word' id='word_1_625' title='bbox 546 4546 915 4619; x_wconf 79' lang='grc' dir='ltr'>ἀποκρίνασθε</span> <span class='ocrx_word' id='word_1_626' title='bbox 942 4548 1103 4606; x_wconf 86' lang='grc' dir='ltr'>αύτά.</span> <span class='ocrx_word' id='word_1_627' title='bbox 1129 4569 1149 4603; x_wconf 73' lang='grc' dir='ltr'><strong>ι</strong></span> <span class='ocrx_word' id='word_1_628' title='bbox 1183 4547 1317 4605; x_wconf 81' lang='grc' dir='ltr'>Εἶτα</span> <span class='ocrx_word' id='word_1_629' title='bbox 1343 4552 1548 4607; x_wconf 88' lang='grc' dir='ltr'>τούτων</span> <span class='ocrx_word' id='word_1_630' title='bbox 1576 4532 1911 4611; x_wconf 77' lang='grc' dir='ltr'>άποδείκνυσι</span> 
     </span>
    </p>
   </div>
   <div class='ocr_carea' id='block_1_91' title="bbox 2015 4532 3602 4629">
    <p class='ocr_par' dir='ltr' id='par_1_91' title="bbox 2030 4532 3602 4620">
     <span class='ocr_line' id='line_1_91' title="bbox 2030 4532 3602 4620; baseline -0.011 -15"><span class='ocrx_word' id='word_1_631' title='bbox 2030 4546 2361 4620; x_wconf 73' lang='lat' dir='ltr'><strong>reapondete</strong></span> <span class='ocrx_word' id='word_1_632' title='bbox 2397 4560 2482 4598; x_wconf 89' lang='lat' dir='ltr'><strong>ea.</strong></span> <span class='ocrx_word' id='word_1_633' title='bbox 2512 4561 2531 4594; x_wconf 78' lang='grc' dir='ltr'><strong>ι</strong></span> <span class='ocrx_word' id='word_1_634' title='bbox 2571 4540 2775 4598; x_wconf 87' lang='lat' dir='ltr'><strong>Deinde</strong></span> <span class='ocrx_word' id='word_1_635' title='bbox 2817 4539 3012 4594; x_wconf 88' lang='lat' dir='ltr'><strong>horum</strong></span> <span class='ocrx_word' id='word_1_636' title='bbox 3046 4534 3290 4591; x_wconf 82' lang='lat' dir='ltr'><strong>fructum</strong></span> <span class='ocrx_word' id='word_1_637' title='bbox 3337 4532 3602 4589; x_wconf 89' lang='lat' dir='ltr'><strong>ostendit.</strong></span> 
     </span>
    </p>
   </div>
   <div class='ocr_carea' id='block_1_92' title="bbox 341 4637 698 4711">
    <p class='ocr_par' dir='ltr' id='par_1_92' title="bbox 341 4637 698 4711">
     <span class='ocr_line' id='line_1_92' title="bbox 341 4637 698 4711; baseline 0.006 -19"><span class='ocrx_word' id='word_1_638' title='bbox 341 4637 436 4695; x_wconf 77' lang='grc' dir='ltr'>τὸν</span> <span class='ocrx_word' id='word_1_639' title='bbox 462 4638 698 4711; x_wconf 88' lang='grc' dir='ltr'>καρπόν.</span> 
     </span>
    </p>
   </div>
   <div class='ocr_carea' id='block_1_93' title="bbox 422 4728 1921 4811">
    <p class='ocr_par' dir='ltr' id='par_1_93' title="bbox 422 4728 1921 4811">
     <span class='ocr_line' id='line_1_93' title="bbox 422 4728 1921 4811; baseline 0.004 -24"><span class='ocrx_word' id='word_1_640' title='bbox 422 4752 442 4787; x_wconf 79' lang='grc' dir='ltr'><strong>ι</strong></span> <span class='ocrx_word' id='word_1_641' title='bbox 479 4733 669 4800; x_wconf 84' lang='grc' dir='ltr'>Ὅπως</span> <span class='ocrx_word' id='word_1_642' title='bbox 725 4728 1071 4806; x_wconf 81' lang='grc' dir='ltr'>σκεπασθῆτε</span> <span class='ocrx_word' id='word_1_643' title='bbox 1128 4734 1188 4789; x_wconf 83' lang='grc' dir='ltr'>ὲν</span> <span class='ocrx_word' id='word_1_644' title='bbox 1245 4735 1427 4808; x_wconf 70' lang='grc' dir='ltr'>ἡμέρᾳ</span> <span class='ocrx_word' id='word_1_645' title='bbox 1483 4735 1652 4809; x_wconf 80' lang='grc' dir='ltr'>ὀργῆς</span> <span class='ocrx_word' id='word_1_646' title='bbox 1693 4739 1921 4811; x_wconf 78' lang='grc' dir='ltr'>Κυρίου.</span> 
     </span>
    </p>
   </div>
   <div class='ocr_carea' id='block_1_94' title="bbox 346 4824 1926 4899">
    <p class='ocr_par' dir='ltr' id='par_1_94' title="bbox 346 4824 1926 4899">
     <span class='ocr_line' id='line_1_94' title="bbox 346 4824 1926 4899; baseline 0.004 -19"><span class='ocrx_word' id='word_1_647' title='bbox 346 4824 459 4897; x_wconf 83' lang='grc' dir='ltr'><strong>(δ’.)</strong></span> <span class='ocrx_word' id='word_1_648' title='bbox 488 4827 633 4881; x_wconf 88' lang='grc' dir='ltr'>Διότι</span> <span class='ocrx_word' id='word_1_649' title='bbox 663 4825 813 4891; x_wconf 80' lang='grc' dir='ltr'>Γάζα</span> <span class='ocrx_word' id='word_1_650' title='bbox 850 4825 1234 4899; x_wconf 86' lang='grc' dir='ltr'>διηρπασμένη</span> <span class='ocrx_word' id='word_1_651' title='bbox 1280 4827 1466 4895; x_wconf 69' lang='grc' dir='ltr'>ἔσται,</span> <span class='ocrx_word' id='word_1_652' title='bbox 1519 4832 1614 4885; x_wconf 76' lang='grc' dir='ltr'>καὶ</span> <span class='ocrx_word' id='word_1_653' title='bbox 1641 4832 1926 4887; x_wconf 85' lang='grc' dir='ltr'>Ἀσκάλων</span> 
     </span>
    </p>
   </div>
   <div class='ocr_carea' id='block_1_95' title="bbox 346 4916 1923 4995">
    <p class='ocr_par' dir='ltr' id='par_1_95' title="bbox 346 4916 1923 4995">
     <span class='ocr_line' id='line_1_95' title="bbox 346 4916 1923 4995; baseline 0.004 -25"><span class='ocrx_word' id='word_1_654' title='bbox 346 4918 428 4982; x_wconf 89' lang='grc' dir='ltr'><strong>είς</strong></span> <span class='ocrx_word' id='word_1_655' title='bbox 458 4917 789 4990; x_wconf 79' lang='grc' dir='ltr'>ἀφανισμὸν,</span> <span class='ocrx_word' id='word_1_656' title='bbox 834 4919 931 4973; x_wconf 73' lang='grc' dir='ltr'>καὶ</span> <span class='ocrx_word' id='word_1_657' title='bbox 962 4916 1203 4984; x_wconf 72' lang='grc' dir='ltr'>Ἄζωτος</span> <span class='ocrx_word' id='word_1_658' title='bbox 1230 4920 1596 4994; x_wconf 67' lang='grc' dir='ltr'>,μεσημϐρίας</span> <span class='ocrx_word' id='word_1_659' title='bbox 1627 4923 1923 4995; x_wconf 78' lang='grc' dir='ltr'>ὲκριφήσεο</span> 
     </span>
    </p>
   </div>
   <div class='ocr_carea' id='block_1_96' title="bbox 344 5008 1928 5085">
    <p class='ocr_par' dir='ltr' id='par_1_96' title="bbox 344 5008 1928 5085">
     <span class='ocr_line' id='line_1_96' title="bbox 344 5008 1928 5085; baseline 0.004 -23"><span class='ocrx_word' id='word_1_660' title='bbox 344 5027 463 5075; x_wconf 88' lang='grc' dir='ltr'>ται,</span> <span class='ocrx_word' id='word_1_661' title='bbox 507 5010 605 5064; x_wconf 74' lang='grc' dir='ltr'>καὶ</span> <span class='ocrx_word' id='word_1_662' title='bbox 632 5008 920 5082; x_wconf 76' lang='grc' dir='ltr'>’Δκκαρὼν</span> <span class='ocrx_word' id='word_1_663' title='bbox 957 5009 1415 5082; x_wconf 78' lang='grc' dir='ltr'>ὲκριζωθήσεται.</span> <span class='ocrx_word' id='word_1_664' title='bbox 1456 5032 1475 5066; x_wconf 81' lang='grc' dir='ltr'><strong>ι</strong></span> <span class='ocrx_word' id='word_1_665' title='bbox 1521 5013 1712 5084; x_wconf 81' lang='grc' dir='ltr'>Ὑμεῖς</span> <span class='ocrx_word' id='word_1_666' title='bbox 1740 5013 1849 5085; x_wconf 79' lang='grc' dir='ltr'><strong>γὰρ</strong></span> <span class='ocrx_word' id='word_1_667' title='bbox 1879 5015 1928 5067; x_wconf 87' lang='grc' dir='ltr'><strong>εί</strong></span> 
     </span>
    </p>
   </div>
   <div class='ocr_carea' id='block_1_97' title="bbox 346 5099 1929 5177">
    <p class='ocr_par' dir='ltr' id='par_1_97' title="bbox 346 5099 1929 5177">
     <span class='ocr_line' id='line_1_97' title="bbox 346 5099 1929 5177; baseline 0.003 -24"><span class='ocrx_word' id='word_1_668' title='bbox 346 5103 414 5170; x_wconf 72' lang='grc' dir='ltr'>τῇ</span> <span class='ocrx_word' id='word_1_669' title='bbox 448 5099 823 5174; x_wconf 75' lang='grc' dir='ltr'>προρῤηθεξσῃ</span> <span class='ocrx_word' id='word_1_670' title='bbox 864 5100 1146 5171; x_wconf 86' lang='grc' dir='ltr'>χρήσησθε</span> <span class='ocrx_word' id='word_1_671' title='bbox 1193 5100 1477 5173; x_wconf 74' lang='grc' dir='ltr'>μετανοίᾳ,</span> <span class='ocrx_word' id='word_1_672' title='bbox 1511 5102 1610 5174; x_wconf 81' lang='grc' dir='ltr'>τῆς</span> <span class='ocrx_word' id='word_1_673' title='bbox 1655 5104 1929 5177; x_wconf 82' lang='grc' dir='ltr'>σωτηρίας</span> 
     </span>
    </p>
   </div>
   <div class='ocr_carea' id='block_1_98' title="bbox 347 5188 1930 5265">
    <p class='ocr_par' dir='ltr' id='par_1_98' title="bbox 347 5188 1930 5265">
     <span class='ocr_line' id='line_1_98' title="bbox 347 5188 1930 5265; baseline 0.003 -23"><span class='ocrx_word' id='word_1_674' title='bbox 347 5188 745 5256; x_wconf 79' lang='grc' dir='ltr'>ἁπολαύσεσθε,</span> <span class='ocrx_word' id='word_1_675' title='bbox 777 5192 832 5244; x_wconf 91' lang='grc' dir='ltr'><strong>αί</strong></span> <span class='ocrx_word' id='word_1_676' title='bbox 861 5191 919 5244; x_wconf 69' lang='grc' dir='ltr'>δὲ</span> <span class='ocrx_word' id='word_1_677' title='bbox 948 5192 1234 5262; x_wconf 78' lang='grc' dir='ltr'>ἀλλόφυλοι</span> <span class='ocrx_word' id='word_1_678' title='bbox 1263 5192 1449 5258; x_wconf 88' lang='grc' dir='ltr'>πόλεις</span> <span class='ocrx_word' id='word_1_679' title='bbox 1469 5194 1537 5248; x_wconf 78' lang='grc' dir='ltr'><strong>τά</strong></span> <span class='ocrx_word' id='word_1_680' title='bbox 1559 5193 1930 5265; x_wconf 86' lang='grc' dir='ltr'>προλεχθέντα</span> 
     </span>
    </p>
   </div>
   <div class='ocr_carea' id='block_1_99' title="bbox 351 5278 659 5334">
    <p class='ocr_par' dir='ltr' id='par_1_99' title="bbox 351 5278 659 5334">
     <span class='ocr_line' id='line_1_99' title="bbox 351 5278 659 5334; baseline 0.013 -4"><span class='ocrx_word' id='word_1_681' title='bbox 351 5278 659 5334; x_wconf 80' lang='grc' dir='ltr'>πείσονται..</span> 
     </span>
    </p>
   </div>
   <div class='ocr_carea' id='block_1_100' title="bbox 435 5453 763 5520">
    <p class='ocr_par' dir='ltr' id='par_1_100' title="bbox 435 5453 763 5520">
     <span class='ocr_line' id='line_1_100' title="bbox 435 5453 763 5520; baseline 0.009 -13"><span class='ocrx_word' id='word_1_682' title='bbox 435 5453 592 5510; x_wconf 68' lang='lat' dir='ltr'><strong>allsa.</strong></span> <span class='ocrx_word' id='word_1_683' title='bbox 628 5469 677 5520; x_wconf 82' lang='grc' dir='ltr'><strong>ι,</strong></span> <span class='ocrx_word' id='word_1_684' title='bbox 708 5454 763 5510; x_wconf 77' lang='lat'><strong>6.</strong></span> 
     </span>
    </p>
   </div>
   <div class='ocr_carea' id='block_1_101' title="bbox 2106 4709 3606 4797">
    <p class='ocr_par' dir='ltr' id='par_1_101' title="bbox 2106 4709 3606 4797">
     <span class='ocr_line' id='line_1_101' title="bbox 2106 4709 3606 4797; baseline -0.011 -18"><span class='ocrx_word' id='word_1_685' title='bbox 2106 4747 2125 4779; x_wconf 75' lang='grc' dir='ltr'><strong>ι</strong></span> <span class='ocrx_word' id='word_1_686' title='bbox 2150 4725 2217 4782; x_wconf 86' lang='lat' dir='ltr'><strong>Ut</strong></span> <span class='ocrx_word' id='word_1_687' title='bbox 2239 4722 2601 4797; x_wconf 79' lang='lat' dir='ltr'><strong>protegamini</strong></span> <span class='ocrx_word' id='word_1_688' title='bbox 2629 4721 2718 4776; x_wconf 90' lang='lat' dir='ltr'><strong>die</strong></span> <span class='ocrx_word' id='word_1_689' title='bbox 2743 4720 2839 4773; x_wconf 63' lang='lat' dir='ltr'><strong>ira:</strong></span> <span class='ocrx_word' id='word_1_690' title='bbox 2875 4715 3114 4771; x_wconf 90' lang='lat' dir='ltr'><strong>Domini.</strong></span> <span class='ocrx_word' id='word_1_691' title='bbox 3142 4712 3335 4775; x_wconf 76' lang='lat' dir='ltr'><strong>(Vens.</strong></span> <span class='ocrx_word' id='word_1_692' title='bbox 3357 4710 3437 4783; x_wconf 69' lang='grc'><strong>4.)</strong></span> <span class='ocrx_word' id='word_1_693' title='bbox 3466 4709 3606 4777; x_wconf 81' lang='lat' dir='ltr'><strong>Quia</strong></span> 
     </span>
    </p>
   </div>
   <div class='ocr_carea' id='block_1_102' title="bbox 2030 4806 3608 4887">
    <p class='ocr_par' dir='ltr' id='par_1_102' title="bbox 2030 4806 3608 4887">
     <span class='ocr_line' id='line_1_102' title="bbox 2030 4806 3608 4887; baseline -0.012 -11"><span class='ocrx_word' id='word_1_694' title='bbox 2030 4820 2175 4877; x_wconf 84' lang='lat' dir='ltr'><strong>Gaza</strong></span> <span class='ocrx_word' id='word_1_695' title='bbox 2207 4819 2420 4887; x_wconf 83' lang='lat' dir='ltr'><strong>direpta</strong></span> <span class='ocrx_word' id='word_1_696' title='bbox 2446 4816 2574 4879; x_wconf 89' lang='lat' dir='ltr'><strong>erit,</strong></span> <span class='ocrx_word' id='word_1_697' title='bbox 2612 4824 2667 4868; x_wconf 86' lang='lat' dir='ltr'><strong>et</strong></span> <span class='ocrx_word' id='word_1_698' title='bbox 2701 4810 2939 4867; x_wconf 80' lang='lat' dir='ltr'><strong>Ascalon</strong></span> <span class='ocrx_word' id='word_1_699' title='bbox 2993 4812 3048 4862; x_wconf 92' lang='lat' dir='ltr'><strong>in</strong></span> <span class='ocrx_word' id='word_1_700' title='bbox 3096 4806 3523 4867; x_wconf 83' lang='lat' dir='ltr'><strong>desolationem,</strong></span> <span class='ocrx_word' id='word_1_701' title='bbox 3555 4820 3608 4858; x_wconf 81' lang='lat' dir='ltr'><strong>et</strong></span> 
     </span>
    </p>
   </div>
   <div class='ocr_carea' id='block_1_103' title="bbox 2032 4897 3609 4975">
    <p class='ocr_par' dir='ltr' id='par_1_103' title="bbox 2032 4897 3609 4975">
     <span class='ocr_line' id='line_1_103' title="bbox 2032 4897 3609 4975; baseline -0.013 -8"><span class='ocrx_word' id='word_1_702' title='bbox 2032 4913 2240 4967; x_wconf 83' lang='lat' dir='ltr'><strong>Azotus</strong></span> <span class='ocrx_word' id='word_1_703' title='bbox 2291 4910 2347 4964; x_wconf 92' lang='lat' dir='ltr'><strong>in</strong></span> <span class='ocrx_word' id='word_1_704' title='bbox 2382 4907 2611 4963; x_wconf 89' lang='lat' dir='ltr'><strong>meridie</strong></span> <span class='ocrx_word' id='word_1_705' title='bbox 2646 4901 3000 4975; x_wconf 85' lang='lat' dir='ltr'><strong>projicietur,</strong></span> <span class='ocrx_word' id='word_1_706' title='bbox 3039 4907 3096 4954; x_wconf 91' lang='lat' dir='ltr'><strong>et</strong></span> <span class='ocrx_word' id='word_1_707' title='bbox 3128 4899 3376 4953; x_wconf 74' lang='lat' dir='ltr'><strong>Acraron</strong></span> <span class='ocrx_word' id='word_1_708' title='bbox 3422 4897 3609 4949; x_wconf 78' lang='lat' dir='ltr'><strong>eradi-</strong></span> 
     </span>
    </p>
   </div>
   <div class='ocr_carea' id='block_1_104' title="bbox 2035 4988 3610 5062">
    <p class='ocr_par' dir='ltr' id='par_1_104' title="bbox 2035 4988 3610 5062">
     <span class='ocr_line' id='line_1_104' title="bbox 2035 4988 3610 5062; baseline -0.011 -4"><span class='ocrx_word' id='word_1_709' title='bbox 2035 5002 2277 5058; x_wconf 83' lang='lat' dir='ltr'><strong>cabitur.</strong></span> <span class='ocrx_word' id='word_1_710' title='bbox 2327 5018 2345 5051; x_wconf 77' lang='grc' dir='ltr'><strong>ι</strong></span> <span class='ocrx_word' id='word_1_711' title='bbox 2406 4999 2465 5053; x_wconf 91' lang='lat' dir='ltr'><strong>Si</strong></span> <span class='ocrx_word' id='word_1_712' title='bbox 2512 4997 2811 5052; x_wconf 85' lang='lat' dir='ltr'><strong>enim-vos</strong></span> <span class='ocrx_word' id='word_1_713' title='bbox 2872 4990 3195 5062; x_wconf 84' lang='lat' dir='ltr'><strong>supradicta</strong></span> <span class='ocrx_word' id='word_1_714' title='bbox 3251 4988 3610 5060; x_wconf 79' lang='lat' dir='ltr'><strong>pcenitentia&#39;</strong></span> 
     </span>
    </p>
   </div>
   <div class='ocr_carea' id='block_1_105' title="bbox 2039 5081 3608 5159">
    <p class='ocr_par' dir='ltr' id='par_1_105' title="bbox 2039 5081 3608 5159">
     <span class='ocr_line' id='line_1_105' title="bbox 2039 5081 3608 5159; baseline -0.012 -10"><span class='ocrx_word' id='word_1_715' title='bbox 2039 5092 2312 5159; x_wconf 87' lang='lat' dir='ltr'><strong>utamini,</strong></span> <span class='ocrx_word' id='word_1_716' title='bbox 2372 5089 2610 5145; x_wconf 83' lang='lat' dir='ltr'><strong>salutem</strong></span> <span class='ocrx_word' id='word_1_717' title='bbox 2673 5083 3046 5153; x_wconf 88' lang='lat' dir='ltr'><strong>asscqucmini</strong></span> <span class='ocrx_word' id='word_1_718' title='bbox 3108 5100 3122 5137; x_wconf 89' lang='lat'><strong>:</strong></span> <span class='ocrx_word' id='word_1_719' title='bbox 3177 5081 3608 5152; x_wconf 77' lang='lat' dir='ltr'><strong>alienigenarum</strong></span> 
     </span>
    </p>
   </div>
   <div class='ocr_carea' id='block_1_106' title="bbox 2040 5175 3269 5253">
    <p class='ocr_par' dir='ltr' id='par_1_106' title="bbox 2040 5175 3269 5253">
     <span class='ocr_line' id='line_1_106' title="bbox 2040 5175 3269 5253; baseline -0.009 -12"><span class='ocrx_word' id='word_1_720' title='bbox 2040 5201 2174 5243; x_wconf 85' lang='lat' dir='ltr'><strong>vero</strong></span> <span class='ocrx_word' id='word_1_721' title='bbox 2210 5184 2373 5240; x_wconf 83' lang='lat' dir='ltr'><strong>urbes</strong></span> <span class='ocrx_word' id='word_1_722' title='bbox 2409 5179 2672 5253; x_wconf 63' lang='lat' dir='ltr'><strong>praidicta</strong></span> <span class='ocrx_word' id='word_1_723' title='bbox 2710 5176 2850 5231; x_wconf 87' lang='lat' dir='ltr'><strong>mala</strong></span> <span class='ocrx_word' id='word_1_724' title='bbox 2887 5175 3269 5231; x_wconf 79' lang='lat' dir='ltr'><strong>sustinebunt.</strong></span> 
     </span>
    </p>
   </div>
   <div class='ocr_carea' id='block_1_107' title="bbox 1659 5606 2330 5665">
    <p class='ocr_par' dir='ltr' id='par_1_107' title="bbox 1659 5606 2330 5665">
     <span class='ocr_line' id='line_1_107' title="bbox 1659 5606 2330 5665; baseline -0.003 -2"><span class='ocrx_word' id='word_1_725' title='bbox 1659 5607 1893 5665; x_wconf 67' lang='lat' dir='ltr'><strong>VARIA&#39;S</strong></span> <span class='ocrx_word' id='word_1_726' title='bbox 1937 5606 2228 5664; x_wconf 81' lang='lat' dir='ltr'><strong>LECTION</strong></span> <span class='ocrx_word' id='word_1_727' title='bbox 2237 5606 2330 5661; x_wconf 85' lang='lat' dir='ltr'><strong>ES.</strong></span> 
     </span>
    </p>
   </div>
   <div class='ocr_carea' id='block_1_108' title="bbox 458 5755 705 5826">
    <p class='ocr_par' dir='ltr' id='par_1_108' title="bbox 458 5755 705 5826">
     <span class='ocr_line' id='line_1_108' title="bbox 458 5755 705 5826; baseline 0 -16"><span class='ocrx_word' id='word_1_728' title='bbox 458 5755 579 5826; x_wconf 51' lang='grc' dir='ltr'><strong>ΤΔ</strong></span> <span class='ocrx_word' id='word_1_729' title='bbox 607 5757 705 5826; x_wconf 77' lang='grc' dir='ltr'>ικχ</span> 
     </span>
    </p>
   </div>
   <div class='ocr_carea' id='block_1_109' title="bbox 709 5749 1915 5824">
    <p class='ocr_par' dir='ltr' id='par_1_109' title="bbox 709 5749 1915 5824">
     <span class='ocr_line' id='line_1_109' title="bbox 709 5749 1915 5824; baseline -0.005 -16"><span class='ocrx_word' id='word_1_730' title='bbox 709 5757 804 5820; x_wconf 67' lang='lat' dir='ltr'><strong>esi,</strong></span> <span class='ocrx_word' id='word_1_731' title='bbox 833 5756 987 5824; x_wconf 76' lang='lat' dir='ltr'><strong>juxta</strong></span> <span class='ocrx_word' id='word_1_732' title='bbox 1021 5767 1133 5808; x_wconf 82' lang='lat' dir='ltr'><strong>ree.</strong></span> <span class='ocrx_word' id='word_1_733' title='bbox 1153 5752 1278 5807; x_wconf 82' lang='lat' dir='ltr'><strong>lect.</strong></span> <span class='ocrx_word' id='word_1_734' title='bbox 1324 5818 1353 5824; x_wconf 15' lang='grc' dir='ltr'><strong>ιν</strong></span> <span class='ocrx_word' id='word_1_735' title='bbox 1387 5752 1431 5783; x_wconf 77' lang='grc'><strong>⁷⁸</strong></span> <span class='ocrx_word' id='word_1_736' title='bbox 1453 5750 1494 5824; x_wconf 68' lang='grc' dir='ltr'>ί]</span> <span class='ocrx_word' id='word_1_737' title='bbox 1522 5749 1915 5824; x_wconf 75' lang='grc' dir='ltr'>νομιζομένων.</span> 
     </span>
    </p>
   </div>
   <div class='ocr_carea' id='block_1_110' title="bbox 357 5825 854 5899">
    <p class='ocr_par' dir='ltr' id='par_1_110' title="bbox 357 5825 854 5899">
     <span class='ocr_line' id='line_1_110' title="bbox 357 5825 854 5899; baseline -0.002 -17"><span class='ocrx_word' id='word_1_738' title='bbox 357 5828 397 5882; x_wconf 69' lang='grc' dir='ltr'><strong>Δ</strong></span> <span class='ocrx_word' id='word_1_739' title='bbox 428 5825 645 5899; x_wconf 74' lang='grc' dir='ltr'>ἡμέραν</span> <span class='ocrx_word' id='word_1_740' title='bbox 663 5825 854 5899; x_wconf 81' lang='grc' dir='ltr'>ὀργῆς.</span> 
     </span>
    </p>
   </div>
   <div class='ocr_carea' id='block_1_111' title="bbox 955 5818 1598 5893">
    <p class='ocr_par' dir='ltr' id='par_1_111' title="bbox 955 5818 1598 5893">
     <span class='ocr_line' id='line_1_111' title="bbox 955 5818 1598 5893; baseline 0 -18"><span class='ocrx_word' id='word_1_741' title='bbox 955 5825 999 5857; x_wconf 69' lang='grc'><strong>⁸⁸</strong></span> <span class='ocrx_word' id='word_1_742' title='bbox 1040 5824 1159 5893; x_wconf 76' lang='grc' dir='ltr'>ζητ.</span> <span class='ocrx_word' id='word_1_743' title='bbox 1192 5839 1284 5893; x_wconf 83' lang='grc' dir='ltr'>πρ.</span> <span class='ocrx_word' id='word_1_744' title='bbox 1324 5818 1506 5876; x_wconf 67' lang='lat' dir='ltr'><strong>Desin</strong></span> <span class='ocrx_word' id='word_1_745' title='bbox 1534 5818 1598 5875; x_wconf 61' lang='grc' dir='ltr'>Λι</span> 
     </span>
    </p>
   </div>
   <div class='ocr_carea' id='block_1_112' title="bbox 2006 5744 2675 5819">
    <p class='ocr_par' dir='ltr' id='par_1_112' title="bbox 2006 5744 2675 5819">
     <span class='ocr_line' id='line_1_112' title="bbox 2006 5744 2675 5819; baseline -0.004 -17"><span class='ocrx_word' id='word_1_746' title='bbox 2006 5749 2209 5819; x_wconf 10' lang='lat' dir='ltr'><strong>&quot;rapx.</strong></span> <span class='ocrx_word' id='word_1_747' title='bbox 2241 5750 2278 5804; x_wconf 84' lang='lat' dir='ltr'><strong>A</strong></span> <span class='ocrx_word' id='word_1_748' title='bbox 2314 5747 2438 5803; x_wconf 86' lang='lat' dir='ltr'><strong>add.</strong></span> <span class='ocrx_word' id='word_1_749' title='bbox 2474 5744 2675 5800; x_wconf 74' lang='grc' dir='ltr'>αὐτῶν.</span> 
     </span>
    </p>
   </div>
   <div class='ocr_carea' id='block_1_113' title="bbox 1709 5818 2135 5892">
    <p class='ocr_par' dir='ltr' id='par_1_113' title="bbox 1709 5818 2135 5892">
     <span class='ocr_line' id='line_1_113' title="bbox 1709 5818 2135 5892; baseline -0.002 -16"><span class='ocrx_word' id='word_1_750' title='bbox 1709 5818 1754 5852; x_wconf 67' lang='grc'><strong>⁸³</strong></span> <span class='ocrx_word' id='word_1_751' title='bbox 1780 5821 1819 5875; x_wconf 68' lang='grc' dir='ltr'>ι]</span> <span class='ocrx_word' id='word_1_752' title='bbox 1853 5818 2135 5892; x_wconf 73' lang='grc' dir='ltr'>ἀνέχεσθε.</span> 
     </span>
    </p>
   </div>
   <div class='ocr_carea' id='block_1_114' title="bbox 2776 5730 3613 5813">
    <p class='ocr_par' dir='ltr' id='par_1_114' title="bbox 2776 5730 3613 5813">
     <span class='ocr_line' id='line_1_114' title="bbox 2776 5730 3613 5813; baseline -0.022 5"><span class='ocrx_word' id='word_1_753' title='bbox 2776 5745 2822 5777; x_wconf 87' lang='grc'><strong>⁸⁰</strong></span> <span class='ocrx_word' id='word_1_754' title='bbox 2862 5741 2905 5797; x_wconf 84' lang='grc' dir='ltr'>Α</span> <span class='ocrx_word' id='word_1_755' title='bbox 2942 5738 3173 5813; x_wconf 74' lang='grc' dir='ltr'>ἡμέραν·</span> <span class='ocrx_word' id='word_1_756' title='bbox 3274 5735 3438 5806; x_wconf 70' lang='grc' dir='ltr'>⁸³ειργ</span> <span class='ocrx_word' id='word_1_757' title='bbox 3481 5730 3613 5802; x_wconf 65' lang='grc' dir='ltr'>θνμο</span> 
     </span>
    </p>
   </div>
  </div>
