  <div class='ocr_page' id='page_1' title='image "/cluster/home/n/w/nwhite01/storage/ocr_20150623/81:no.2/coo.31924054869825/932.png"; bbox 0 0 4090 6436; ppageno 0'>
   <div class='ocr_carea' id='block_1_1' title="bbox 417 443 556 508">
    <p class='ocr_par' dir='ltr' id='par_1_1' title="bbox 417 443 556 508">
     <span class='ocr_line' id='line_1_1' title="bbox 417 443 556 508; baseline 0 0"><span class='ocrx_word' id='word_1_1' title='bbox 417 443 556 508; x_wconf 78' lang='grc'><strong>1349</strong></span> 
     </span>
    </p>
   </div>
   <div class='ocr_carea' id='block_1_2' title="bbox 1681 443 2514 506">
    <p class='ocr_par' dir='ltr' id='par_1_2' title="bbox 1681 443 2514 506">
     <span class='ocr_line' id='line_1_2' title="bbox 1681 443 2514 506; baseline -0.005 -2"><span class='ocrx_word' id='word_1_2' title='bbox 1681 447 1762 506; x_wconf 87' lang='grc' dir='ltr'><strong>ΙΝ</strong></span> <span class='ocrx_word' id='word_1_3' title='bbox 1798 443 2193 505; x_wconf 68' lang='lat' dir='ltr'><strong>SOPIIOleE</strong></span> <span class='ocrx_word' id='word_1_4' title='bbox 2233 444 2389 502; x_wconf 85' lang='lat' dir='ltr'><strong>CAP.</strong></span> <span class='ocrx_word' id='word_1_5' title='bbox 2434 443 2514 501; x_wconf 91' lang='lat' dir='ltr'><strong>II.</strong></span> 
     </span>
    </p>
   </div>
   <div class='ocr_carea' id='block_1_3' title="bbox 3507 433 3672 516">
    <p class='ocr_par' dir='ltr' id='par_1_3' title="bbox 3507 433 3672 516">
     <span class='ocr_line' id='line_1_3' title="bbox 3507 433 3672 516; baseline 0.012 -19"><span class='ocrx_word' id='word_1_6' title='bbox 3507 510 3514 516; x_wconf 45' lang='grc'><strong>,</strong></span> <span class='ocrx_word' id='word_1_7' title='bbox 3537 433 3672 499; x_wconf 84' lang='grc'>1850</span> 
     </span>
    </p>
   </div>
   <div class='ocr_carea' id='block_1_4' title="bbox 411 549 1995 634">
    <p class='ocr_par' dir='ltr' id='par_1_4' title="bbox 411 563 1992 634">
     <span class='ocr_line' id='line_1_4' title="bbox 411 563 1992 634; baseline 0 -20"><span class='ocrx_word' id='word_1_8' title='bbox 411 565 517 634; x_wconf 80' lang='grc' dir='ltr'>τῆς</span> <span class='ocrx_word' id='word_1_9' title='bbox 549 563 776 633; x_wconf 79' lang='grc' dir='ltr'><strong>Συρίας·</strong></span> <span class='ocrx_word' id='word_1_10' title='bbox 810 563 946 616; x_wconf 71' lang='grc' dir='ltr'>ἀλλὰ</span> <span class='ocrx_word' id='word_1_11' title='bbox 989 563 1189 626; x_wconf 80' lang='grc' dir='ltr'>ταύτας</span> <span class='ocrx_word' id='word_1_12' title='bbox 1227 563 1443 625; x_wconf 75' lang='grc' dir='ltr'>ἁπάσας</span> <span class='ocrx_word' id='word_1_13' title='bbox 1484 563 1785 615; x_wconf 78' lang='grc' dir='ltr'>κατέλυσαν</span> <span class='ocrx_word' id='word_1_14' title='bbox 1819 563 1992 616; x_wconf 84' lang='grc' dir='ltr'>Βαϐυ-</span> 
     </span>
    </p>
   </div>
   <div class='ocr_carea' id='block_1_5' title="bbox 2100 549 3670 634">
    <p class='ocr_par' dir='ltr' id='par_1_5' title="bbox 2100 549 3670 630">
     <span class='ocr_line' id='line_1_5' title="bbox 2100 549 3670 630; baseline -0.006 -18"><span class='ocrx_word' id='word_1_15' title='bbox 2100 559 2270 630; x_wconf 60' lang='lat' dir='ltr'><strong>Syria:</strong></span> <span class='ocrx_word' id='word_1_16' title='bbox 2320 574 2548 627; x_wconf 80' lang='lat' dir='ltr'><strong>regnum</strong></span> <span class='ocrx_word' id='word_1_17' title='bbox 2609 556 2820 618; x_wconf 89' lang='lat' dir='ltr'><strong>tenuit,</strong></span> <span class='ocrx_word' id='word_1_18' title='bbox 2859 554 2953 609; x_wconf 92' lang='lat' dir='ltr'><strong>sed</strong></span> <span class='ocrx_word' id='word_1_19' title='bbox 3001 555 3115 608; x_wconf 75' lang='lat' dir='ltr'><strong>lucc</strong></span> <span class='ocrx_word' id='word_1_20' title='bbox 3154 553 3336 619; x_wconf 86' lang='lat' dir='ltr'><strong>omnia</strong></span> <span class='ocrx_word' id='word_1_21' title='bbox 3388 549 3670 622; x_wconf 78' lang='lat' dir='ltr'><strong>Babylonii</strong></span> 
     </span>
    </p>
   </div>
   <div class='ocr_carea' id='block_1_6' title="bbox 412 654 1991 725">
    <p class='ocr_par' dir='ltr' id='par_1_6' title="bbox 412 654 1991 725">
     <span class='ocr_line' id='line_1_6' title="bbox 412 654 1991 725; baseline 0.001 -19"><span class='ocrx_word' id='word_1_22' title='bbox 412 654 630 708; x_wconf 82' lang='grc' dir='ltr'>λὼνιοι·</span> <span class='ocrx_word' id='word_1_23' title='bbox 683 655 868 725; x_wconf 89' lang='grc' dir='ltr'>μόνοις</span> <span class='ocrx_word' id='word_1_24' title='bbox 911 655 968 707; x_wconf 82' lang='grc' dir='ltr'>δὲ</span> <span class='ocrx_word' id='word_1_25' title='bbox 1013 655 1281 718; x_wconf 83' lang='grc' dir='ltr'><strong>Ἰουδαίοις</strong></span> <span class='ocrx_word' id='word_1_26' title='bbox 1323 659 1351 708; x_wconf 89' lang='lat'><strong>6</strong></span> <span class='ocrx_word' id='word_1_27' title='bbox 1401 656 1510 708; x_wconf 89' lang='grc' dir='ltr'><strong>τῶν</strong></span> <span class='ocrx_word' id='word_1_28' title='bbox 1557 657 1694 708; x_wconf 84' lang='grc' dir='ltr'>ὅλων</span> <span class='ocrx_word' id='word_1_29' title='bbox 1728 656 1860 718; x_wconf 76' lang='grc' dir='ltr'>Θεὸς</span> <span class='ocrx_word' id='word_1_30' title='bbox 1901 655 1991 708; x_wconf 77' lang='grc' dir='ltr'><strong>διὰ</strong></span> 
     </span>
    </p>
   </div>
   <div class='ocr_carea' id='block_1_7' title="bbox 413 745 1995 819">
    <p class='ocr_par' dir='ltr' id='par_1_7' title="bbox 413 745 1995 819">
     <span class='ocr_line' id='line_1_7' title="bbox 413 745 1995 819; baseline 0 -21"><span class='ocrx_word' id='word_1_31' title='bbox 413 745 602 816; x_wconf 81' lang='grc' dir='ltr'>Κύρου</span> <span class='ocrx_word' id='word_1_32' title='bbox 642 746 739 799; x_wconf 83' lang='grc' dir='ltr'>τοῦ</span> <span class='ocrx_word' id='word_1_33' title='bbox 792 748 1007 817; x_wconf 82' lang='grc' dir='ltr'>Πέρσου</span> <span class='ocrx_word' id='word_1_34' title='bbox 1059 747 1158 817; x_wconf 82' lang='grc' dir='ltr'>τὴν</span> <span class='ocrx_word' id='word_1_35' title='bbox 1211 748 1470 800; x_wconf 76' lang='grc' dir='ltr'><strong>ἐπάνοδον</strong></span> <span class='ocrx_word' id='word_1_36' title='bbox 1511 748 1844 819; x_wconf 84' lang='grc' dir='ltr'>ἐδωρήσατο.</span> <span class='ocrx_word' id='word_1_37' title='bbox 1882 746 1995 801; x_wconf 78' lang='grc' dir='ltr'>Καὶ</span> 
     </span>
    </p>
   </div>
   <div class='ocr_carea' id='block_1_8' title="bbox 413 838 1995 910">
    <p class='ocr_par' dir='ltr' id='par_1_8' title="bbox 413 838 1995 910">
     <span class='ocr_line' id='line_1_8' title="bbox 413 838 1995 910; baseline 0 -18"><span class='ocrx_word' id='word_1_38' title='bbox 413 839 725 907; x_wconf 83' lang='grc' dir='ltr'>ἀνήνοησαν</span> <span class='ocrx_word' id='word_1_39' title='bbox 746 839 790 869; x_wconf 63' lang='grc' dir='ltr'><strong>θ’</strong></span> <span class='ocrx_word' id='word_1_40' title='bbox 842 838 1024 903; x_wconf 79' lang='grc' dir='ltr'>πάλιν,</span> <span class='ocrx_word' id='word_1_41' title='bbox 1057 839 1153 892; x_wconf 63' lang='grc' dir='ltr'><strong>καὶ⁵</strong></span> <span class='ocrx_word' id='word_1_42' title='bbox 1184 839 1561 910; x_wconf 75' lang='grc' dir='ltr'><strong>ἀνεκτήσαντο</strong></span> <span class='ocrx_word' id='word_1_43' title='bbox 1589 841 1687 909; x_wconf 83' lang='grc' dir='ltr'>τὴν</span> <span class='ocrx_word' id='word_1_44' title='bbox 1720 840 1995 910; x_wconf 88' lang='grc' dir='ltr'>προτέραν</span> 
     </span>
    </p>
   </div>
   <div class='ocr_carea' id='block_1_9' title="bbox 426 928 1994 1000">
    <p class='ocr_par' dir='ltr' id='par_1_9' title="bbox 426 928 1994 1000">
     <span class='ocr_line' id='line_1_9' title="bbox 426 928 1994 1000; baseline 0.002 -21"><span class='ocrx_word' id='word_1_45' title='bbox 426 928 736 998; x_wconf 64' lang='grc' dir='ltr'>ἠγεμονίαν,</span> <span class='ocrx_word' id='word_1_46' title='bbox 791 928 888 981; x_wconf 66' lang='grc' dir='ltr'><strong>καλ⁹</strong></span> <span class='ocrx_word' id='word_1_47' title='bbox 915 928 1033 991; x_wconf 83' lang='grc' dir='ltr'><strong>δέος</strong></span> <span class='ocrx_word' id='word_1_48' title='bbox 1091 928 1265 982; x_wconf 74' lang='grc' dir='ltr'>ἅπασι</span> <span class='ocrx_word' id='word_1_49' title='bbox 1313 929 1525 994; x_wconf 84' lang='grc' dir='ltr'><strong>τούτοις</strong></span> <span class='ocrx_word' id='word_1_50' title='bbox 1573 933 1834 1000; x_wconf 82' lang='grc' dir='ltr'>παρεῖχον</span> <span class='ocrx_word' id='word_1_51' title='bbox 1877 932 1994 994; x_wconf 83' lang='grc' dir='ltr'>τοῖς</span> 
     </span>
    </p>
   </div>
   <div class='ocr_carea' id='block_1_10' title="bbox 418 1016 1996 1090">
    <p class='ocr_par' dir='ltr' id='par_1_10' title="bbox 418 1016 1996 1090">
     <span class='ocr_line' id='line_1_10' title="bbox 418 1016 1996 1090; baseline 0.002 -20"><span class='ocrx_word' id='word_1_52' title='bbox 418 1016 630 1070; x_wconf 75' lang='grc' dir='ltr'>ἔθνεσι·</span> <span class='ocrx_word' id='word_1_53' title='bbox 665 1019 760 1071; x_wconf 81' lang='grc' dir='ltr'>καὶ</span> <span class='ocrx_word' id='word_1_54' title='bbox 801 1018 956 1071; x_wconf 82' lang='grc' dir='ltr'>αὐτοὶ</span> <span class='ocrx_word' id='word_1_55' title='bbox 1001 1019 1101 1088; x_wconf 79' lang='grc' dir='ltr'><strong>μὲν</strong></span> <span class='ocrx_word' id='word_1_56' title='bbox 1131 1019 1202 1072; x_wconf 72' lang='grc' dir='ltr'>τὰ</span> <span class='ocrx_word' id='word_1_57' title='bbox 1228 1020 1454 1073; x_wconf 75' lang='grc' dir='ltr'>ἐκείνων</span> <span class='ocrx_word' id='word_1_58' title='bbox 1482 1022 1755 1090; x_wconf 80' lang='grc' dir='ltr'>ἐνέμοντο,</span> <span class='ocrx_word' id='word_1_59' title='bbox 1795 1021 1996 1079; x_wconf 82' lang='grc' dir='ltr'>ἐκείνοι</span> 
     </span>
    </p>
   </div>
   <div class='ocr_carea' id='block_1_11' title="bbox 417 1106 1996 1183">
    <p class='ocr_par' dir='ltr' id='par_1_11' title="bbox 417 1106 1996 1183">
     <span class='ocr_line' id='line_1_11' title="bbox 417 1106 1996 1183; baseline 0.003 -22"><span class='ocrx_word' id='word_1_60' title='bbox 417 1107 474 1161; x_wconf 79' lang='grc' dir='ltr'>δὲ</span> <span class='ocrx_word' id='word_1_61' title='bbox 503 1108 716 1171; x_wconf 80' lang='grc' dir='ltr'>τούτοις</span> <span class='ocrx_word' id='word_1_62' title='bbox 747 1109 1070 1162; x_wconf 81' lang='grc' dir='ltr'>ἀντιτείνειν</span> <span class='ocrx_word' id='word_1_63' title='bbox 1098 1111 1199 1164; x_wconf 80' lang='grc' dir='ltr'><strong>οὐκ</strong></span> <span class='ocrx_word' id='word_1_64' title='bbox 1230 1111 1433 1181; x_wconf 80' lang='grc' dir='ltr'>ίσχυον.</span> <span class='ocrx_word' id='word_1_65' title='bbox 1468 1106 1544 1166; x_wconf 77' lang='grc' dir='ltr'><strong>οὗ</strong></span> <span class='ocrx_word' id='word_1_66' title='bbox 1586 1112 1744 1183; x_wconf 81' lang='grc' dir='ltr'>χάριν</span> <span class='ocrx_word' id='word_1_67' title='bbox 1786 1115 1815 1166; x_wconf 89' lang='lat'><strong>6</strong></span> <span class='ocrx_word' id='word_1_68' title='bbox 1853 1112 1996 1176; x_wconf 86' lang='grc' dir='ltr'>θεῖος</span> 
     </span>
    </p>
   </div>
   <div class='ocr_carea' id='block_1_12' title="bbox 418 1198 2008 1278">
    <p class='ocr_par' dir='ltr' id='par_1_12' title="bbox 418 1198 2008 1278">
     <span class='ocr_line' id='line_1_12' title="bbox 418 1198 2008 1278; baseline 0.005 -30"><span class='ocrx_word' id='word_1_69' title='bbox 418 1198 785 1269; x_wconf 77' lang='grc' dir='ltr'>προαγορεύει</span> <span class='ocrx_word' id='word_1_70' title='bbox 808 1200 855 1231; x_wconf 80' lang='grc'><strong>⁹³</strong></span> <span class='ocrx_word' id='word_1_71' title='bbox 882 1200 1059 1270; x_wconf 87' lang='grc' dir='ltr'>λόγος,</span> <span class='ocrx_word' id='word_1_72' title='bbox 1088 1202 1382 1267; x_wconf 86' lang='grc' dir='ltr'>Μωαϐίτας</span> <span class='ocrx_word' id='word_1_73' title='bbox 1414 1203 1513 1274; x_wconf 84' lang='grc' dir='ltr'>μὲν</span> <span class='ocrx_word' id='word_1_74' title='bbox 1536 1204 1632 1257; x_wconf 74' lang='grc' dir='ltr'>καὶ</span> <span class='ocrx_word' id='word_1_75' title='bbox 1653 1202 2008 1278; x_wconf 58' lang='grc' dir='ltr'>’Δμμανίταί</span> 
     </span>
    </p>
   </div>
   <div class='ocr_carea' id='block_1_13' title="bbox 417 1279 2000 1366">
    <p class='ocr_par' dir='ltr' id='par_1_13' title="bbox 417 1279 2000 1366">
     <span class='ocr_line' id='line_1_13' title="bbox 417 1279 2000 1366; baseline 0.007 -30"><span class='ocrx_word' id='word_1_76' title='bbox 417 1285 628 1358; x_wconf 76' lang='grc' dir='ltr'>ἐρημίᾳ</span> <span class='ocrx_word' id='word_1_77' title='bbox 656 1289 916 1342; x_wconf 87' lang='grc' dir='ltr'>παντελεῖ</span> <span class='ocrx_word' id='word_1_78' title='bbox 954 1291 1448 1362; x_wconf 79' lang='grc' dir='ltr'>παραδοθήσεσθαι,</span> <span class='ocrx_word' id='word_1_79' title='bbox 1493 1293 1592 1366; x_wconf 78' lang='grc' dir='ltr'><strong>τήν</strong></span> <span class='ocrx_word' id='word_1_80' title='bbox 1620 1294 1676 1348; x_wconf 82' lang='grc' dir='ltr'>δὲ</span> <span class='ocrx_word' id='word_1_81' title='bbox 1707 1279 2000 1364; x_wconf 81' lang='grc' dir='ltr'>Δαμασκὸν</span> 
     </span>
    </p>
   </div>
   <div class='ocr_carea' id='block_1_14' title="bbox 419 1375 1987 1456">
    <p class='ocr_par' dir='ltr' id='par_1_14' title="bbox 419 1375 1987 1456">
     <span class='ocr_line' id='line_1_14' title="bbox 419 1375 1987 1456; baseline 0.006 -28"><span class='ocrx_word' id='word_1_82' title='bbox 419 1375 676 1449; x_wconf 77' lang='grc' dir='ltr'>θημωνίᾳ</span> <span class='ocrx_word' id='word_1_83' title='bbox 718 1378 924 1444; x_wconf 72' lang='grc' dir='ltr'>ἅλωνος</span> <span class='ocrx_word' id='word_1_84' title='bbox 955 1381 1328 1455; x_wconf 84' lang='grc' dir='ltr'>λελικμημένῃ</span> <span class='ocrx_word' id='word_1_85' title='bbox 1352 1385 1398 1416; x_wconf 67' lang='grc'><strong>’³</strong></span> <span class='ocrx_word' id='word_1_86' title='bbox 1447 1384 1987 1456; x_wconf 82' lang='grc' dir='ltr'>παραϐληθήσεσθαι.</span> 
     </span>
    </p>
   </div>
   <div class='ocr_carea' id='block_1_15' title="bbox 418 1467 1990 1547">
    <p class='ocr_par' dir='ltr' id='par_1_15' title="bbox 418 1467 1990 1547">
     <span class='ocr_line' id='line_1_15' title="bbox 418 1467 1990 1547; baseline 0.008 -28"><span class='ocrx_word' id='word_1_87' title='bbox 418 1467 605 1521; x_wconf 80' lang='grc' dir='ltr'>Ταῦτα</span> <span class='ocrx_word' id='word_1_88' title='bbox 646 1469 703 1522; x_wconf 77' lang='grc' dir='ltr'>δὲ</span> <span class='ocrx_word' id='word_1_89' title='bbox 755 1469 1054 1541; x_wconf 83' lang='grc' dir='ltr'>ὑπέμειναν</span> <span class='ocrx_word' id='word_1_90' title='bbox 1102 1475 1162 1526; x_wconf 90' lang='grc' dir='ltr'><strong>ἐν</strong></span> <span class='ocrx_word' id='word_1_91' title='bbox 1207 1477 1274 1545; x_wconf 84' lang='grc' dir='ltr'>τῇ</span> <span class='ocrx_word' id='word_1_92' title='bbox 1328 1473 1436 1527; x_wconf 91' lang='grc' dir='ltr'><strong>τῶν</strong></span> <span class='ocrx_word' id='word_1_93' title='bbox 1476 1475 1762 1539; x_wconf 84' lang='grc' dir='ltr'>Χαλδαίων</span> <span class='ocrx_word' id='word_1_94' title='bbox 1795 1477 1990 1547; x_wconf 75' lang='grc' dir='ltr'>ἐφόδῳ.</span> 
     </span>
    </p>
   </div>
   <div class='ocr_carea' id='block_1_16' title="bbox 432 1555 1992 1638">
    <p class='ocr_par' dir='ltr' id='par_1_16' title="bbox 432 1555 1992 1638">
     <span class='ocr_line' id='line_1_16' title="bbox 432 1555 1992 1638; baseline 0.009 -30"><span class='ocrx_word' id='word_1_95' title='bbox 432 1555 823 1630; x_wconf 77' lang='grc' dir='ltr'>’Λφανισθῆναι</span> <span class='ocrx_word' id='word_1_96' title='bbox 856 1561 914 1613; x_wconf 82' lang='grc' dir='ltr'><strong>δὲ</strong></span> <span class='ocrx_word' id='word_1_97' title='bbox 947 1564 1026 1626; x_wconf 85' lang='grc' dir='ltr'><strong>είς</strong></span> <span class='ocrx_word' id='word_1_98' title='bbox 1055 1562 1146 1615; x_wconf 73' lang='grc' dir='ltr'><strong>τὸν</strong></span> <span class='ocrx_word' id='word_1_99' title='bbox 1173 1564 1343 1618; x_wconf 89' lang='grc' dir='ltr'>αίῶνα</span> <span class='ocrx_word' id='word_1_100' title='bbox 1375 1563 1524 1634; x_wconf 81' lang='grc' dir='ltr'>λέγει</span> <span class='ocrx_word' id='word_1_101' title='bbox 1557 1565 1652 1637; x_wconf 79' lang='grc' dir='ltr'>τὴν</span> <span class='ocrx_word' id='word_1_102' title='bbox 1678 1569 1992 1638; x_wconf 72' lang='grc' dir='ltr'>Δαμασκὸν,</span> 
     </span>
    </p>
   </div>
   <div class='ocr_carea' id='block_1_17' title="bbox 418 1647 1991 1729">
    <p class='ocr_par' dir='ltr' id='par_1_17' title="bbox 418 1647 1991 1729">
     <span class='ocr_line' id='line_1_17' title="bbox 418 1647 1991 1729; baseline 0.008 -29"><span class='ocrx_word' id='word_1_103' title='bbox 418 1647 509 1702; x_wconf 80' lang='grc' dir='ltr'>διὰ</span> <span class='ocrx_word' id='word_1_104' title='bbox 535 1649 596 1702; x_wconf 85' lang='grc' dir='ltr'>τὺ</span> <span class='ocrx_word' id='word_1_105' title='bbox 627 1650 685 1716; x_wconf 78' lang='grc' dir='ltr'>ἐξ</span> <span class='ocrx_word' id='word_1_106' title='bbox 725 1653 956 1718; x_wconf 87' lang='grc' dir='ltr'>ἐκείνου,</span> <span class='ocrx_word' id='word_1_107' title='bbox 981 1655 1074 1708; x_wconf 65' lang='grc' dir='ltr'><strong>κοιλ⁸</strong></span> <span class='ocrx_word' id='word_1_108' title='bbox 1102 1656 1180 1720; x_wconf 88' lang='grc' dir='ltr'><strong>είς</strong></span> <span class='ocrx_word' id='word_1_109' title='bbox 1213 1655 1306 1708; x_wconf 78' lang='grc' dir='ltr'><strong>τὸν</strong></span> <span class='ocrx_word' id='word_1_110' title='bbox 1335 1655 1525 1710; x_wconf 70' lang='grc' dir='ltr'>ἔπειτα</span> <span class='ocrx_word' id='word_1_111' title='bbox 1554 1658 1767 1729; x_wconf 87' lang='grc' dir='ltr'>χρόνον,</span> <span class='ocrx_word' id='word_1_112' title='bbox 1793 1658 1991 1713; x_wconf 79' lang='grc' dir='ltr'>ἀπολέ-</span> 
     </span>
    </p>
   </div>
   <div class='ocr_carea' id='block_1_18' title="bbox 421 1741 2012 1822">
    <p class='ocr_par' dir='ltr' id='par_1_18' title="bbox 421 1741 2012 1822">
     <span class='ocr_line' id='line_1_18' title="bbox 421 1741 2012 1822; baseline 0.009 -30"><span class='ocrx_word' id='word_1_113' title='bbox 421 1757 514 1792; x_wconf 86' lang='grc' dir='ltr'>σαι</span> <span class='ocrx_word' id='word_1_114' title='bbox 547 1741 719 1812; x_wconf 78' lang='grc' dir='ltr'>αὑτὴν</span> <span class='ocrx_word' id='word_1_115' title='bbox 750 1743 852 1813; x_wconf 84' lang='grc' dir='ltr'><strong>τῆς</strong></span> <span class='ocrx_word' id='word_1_116' title='bbox 879 1744 1158 1813; x_wconf 84' lang='grc' dir='ltr'>βασιλείας</span> <span class='ocrx_word' id='word_1_117' title='bbox 1181 1747 1281 1817; x_wconf 81' lang='grc' dir='ltr'><strong>τήν</strong></span> <span class='ocrx_word' id='word_1_118' title='bbox 1309 1747 1648 1814; x_wconf 76' lang='grc' dir='ltr'>δυναστείαν,</span> <span class='ocrx_word' id='word_1_119' title='bbox 1679 1749 1771 1803; x_wconf 72' lang='grc' dir='ltr'><strong>καὶ</strong></span> <span class='ocrx_word' id='word_1_120' title='bbox 1797 1750 2012 1822; x_wconf 82' lang='grc' dir='ltr'>μηκέτι,</span> 
     </span>
    </p>
   </div>
   <div class='ocr_carea' id='block_1_19' title="bbox 416 1831 1996 1911">
    <p class='ocr_par' dir='ltr' id='par_1_19' title="bbox 416 1831 1996 1911">
     <span class='ocr_line' id='line_1_19' title="bbox 416 1831 1996 1911; baseline 0.008 -28"><span class='ocrx_word' id='word_1_121' title='bbox 416 1831 690 1901; x_wconf 84' lang='grc' dir='ltr'>κρατῆσαι</span> <span class='ocrx_word' id='word_1_122' title='bbox 721 1832 830 1886; x_wconf 87' lang='grc' dir='ltr'><strong>τῶν</strong></span> <span class='ocrx_word' id='word_1_123' title='bbox 875 1835 1131 1906; x_wconf 75' lang='grc' dir='ltr'>ὑπηκόων</span> <span class='ocrx_word' id='word_1_124' title='bbox 1168 1835 1360 1903; x_wconf 90' lang='grc' dir='ltr'>ἐθνῶν,</span> <span class='ocrx_word' id='word_1_125' title='bbox 1400 1837 1519 1892; x_wconf 81' lang='grc' dir='ltr'>ἀλλ’</span> <span class='ocrx_word' id='word_1_126' title='bbox 1547 1839 1818 1911; x_wconf 77' lang='grc' dir='ltr'>ὑπόφορον</span> <span class='ocrx_word' id='word_1_127' title='bbox 1847 1841 1996 1910; x_wconf 87' lang='grc' dir='ltr'>γενέ-</span> 
     </span>
    </p>
   </div>
   <div class='ocr_carea' id='block_1_20' title="bbox 2103 645 3673 706">
    <p class='ocr_par' dir='ltr' id='par_1_20' title="bbox 2103 645 3673 706">
     <span class='ocr_line' id='line_1_20' title="bbox 2103 645 3673 706; baseline -0.008 0"><span class='ocrx_word' id='word_1_128' title='bbox 2103 653 2425 706; x_wconf 79' lang='lat' dir='ltr'><strong>deleverunt</strong></span> <span class='ocrx_word' id='word_1_129' title='bbox 2457 669 2470 706; x_wconf 91' lang='lat'><strong>:</strong></span> <span class='ocrx_word' id='word_1_130' title='bbox 2507 650 2642 704; x_wconf 83' lang='lat' dir='ltr'><strong>solis</strong></span> <span class='ocrx_word' id='word_1_131' title='bbox 2680 655 2860 702; x_wconf 80' lang='lat' dir='ltr'><strong>autent</strong></span> <span class='ocrx_word' id='word_1_132' title='bbox 2884 646 3090 701; x_wconf 68' lang='lat' dir='ltr'><strong>Judmis</strong></span> <span class='ocrx_word' id='word_1_133' title='bbox 3125 645 3268 700; x_wconf 88' lang='lat' dir='ltr'><strong>Deus</strong></span> <span class='ocrx_word' id='word_1_134' title='bbox 3292 647 3673 698; x_wconf 75' lang='lat' dir='ltr'><strong>universorum</strong></span> 
     </span>
    </p>
   </div>
   <div class='ocr_carea' id='block_1_21' title="bbox 2104 736 3675 812">
    <p class='ocr_par' dir='ltr' id='par_1_21' title="bbox 2104 736 3675 812">
     <span class='ocr_line' id='line_1_21' title="bbox 2104 736 3675 812; baseline -0.006 -17"><span class='ocrx_word' id='word_1_135' title='bbox 2104 757 2202 812; x_wconf 91' lang='lat' dir='ltr'><strong>per</strong></span> <span class='ocrx_word' id='word_1_136' title='bbox 2233 742 2435 812; x_wconf 82' lang='lat' dir='ltr'><strong>Cyrum</strong></span> <span class='ocrx_word' id='word_1_137' title='bbox 2465 739 2688 794; x_wconf 83' lang='lat' dir='ltr'><strong>Persam</strong></span> <span class='ocrx_word' id='word_1_138' title='bbox 2724 737 2960 793; x_wconf 76' lang='lat' dir='ltr'><strong>reditum</strong></span> <span class='ocrx_word' id='word_1_139' title='bbox 2997 736 3242 791; x_wconf 85' lang='lat' dir='ltr'><strong>donavit.</strong></span> <span class='ocrx_word' id='word_1_140' title='bbox 3287 736 3675 791; x_wconf 85' lang='lat' dir='ltr'><strong>Rellorucrunt</strong></span> 
     </span>
    </p>
   </div>
   <div class='ocr_carea' id='block_1_22' title="bbox 2103 830 3673 903">
    <p class='ocr_par' dir='ltr' id='par_1_22' title="bbox 2103 830 3673 903">
     <span class='ocr_line' id='line_1_22' title="bbox 2103 830 3673 903; baseline -0.007 -13"><span class='ocrx_word' id='word_1_141' title='bbox 2103 834 2290 903; x_wconf 89' lang='lat' dir='ltr'><strong>itaque</strong></span> <span class='ocrx_word' id='word_1_142' title='bbox 2340 841 2394 888; x_wconf 91' lang='lat' dir='ltr'><strong>et</strong></span> <span class='ocrx_word' id='word_1_143' title='bbox 2447 831 2743 903; x_wconf 87' lang='lat' dir='ltr'><strong>pristinum</strong></span> <span class='ocrx_word' id='word_1_144' title='bbox 2803 830 3172 899; x_wconf 87' lang='lat' dir='ltr'><strong>principatum</strong></span> <span class='ocrx_word' id='word_1_145' title='bbox 3237 835 3673 898; x_wconf 87' lang='lat' dir='ltr'><strong>recuperarunt,</strong></span> 
     </span>
    </p>
   </div>
   <div class='ocr_carea' id='block_1_23' title="bbox 2103 921 3676 997">
    <p class='ocr_par' dir='ltr' id='par_1_23' title="bbox 2103 921 3676 997">
     <span class='ocr_line' id='line_1_23' title="bbox 2103 921 3676 997; baseline -0.006 -15"><span class='ocrx_word' id='word_1_146' title='bbox 2103 936 2425 997; x_wconf 88' lang='lat' dir='ltr'><strong>metumque</strong></span> <span class='ocrx_word' id='word_1_147' title='bbox 2464 925 2776 996; x_wconf 74' lang='lat' dir='ltr'><strong>iniecerunt</strong></span> <span class='ocrx_word' id='word_1_148' title='bbox 2831 923 2917 978; x_wconf 86' lang='lat' dir='ltr'><strong>his</strong></span> <span class='ocrx_word' id='word_1_149' title='bbox 2966 921 3224 977; x_wconf 89' lang='lat' dir='ltr'><strong>omnibus</strong></span> <span class='ocrx_word' id='word_1_150' title='bbox 3282 921 3572 992; x_wconf 73' lang='lat' dir='ltr'><strong>gentibus;</strong></span> <span class='ocrx_word' id='word_1_151' title='bbox 3618 931 3676 974; x_wconf 85' lang='lat' dir='ltr'><strong>et</strong></span> 
     </span>
    </p>
   </div>
   <div class='ocr_carea' id='block_1_24' title="bbox 2103 1011 3674 1087">
    <p class='ocr_par' dir='ltr' id='par_1_24' title="bbox 2103 1011 3674 1087">
     <span class='ocr_line' id='line_1_24' title="bbox 2103 1011 3674 1087; baseline -0.006 -14"><span class='ocrx_word' id='word_1_152' title='bbox 2103 1019 2321 1074; x_wconf 87' lang='lat' dir='ltr'><strong>illarum</strong></span> <span class='ocrx_word' id='word_1_153' title='bbox 2349 1016 2571 1087; x_wconf 89' lang='lat' dir='ltr'><strong>quidem</strong></span> <span class='ocrx_word' id='word_1_154' title='bbox 2595 1017 3004 1086; x_wconf 87' lang='lat' dir='ltr'><strong>possessionem</strong></span> <span class='ocrx_word' id='word_1_155' title='bbox 3037 1014 3395 1078; x_wconf 89' lang='lat' dir='ltr'><strong>obtinebant,</strong></span> <span class='ocrx_word' id='word_1_156' title='bbox 3429 1011 3507 1065; x_wconf 90' lang='lat' dir='ltr'><strong>illi</strong></span> <span class='ocrx_word' id='word_1_157' title='bbox 3542 1026 3674 1064; x_wconf 84' lang='lat' dir='ltr'><strong>vero</strong></span> 
     </span>
    </p>
   </div>
   <div class='ocr_carea' id='block_1_25' title="bbox 2101 1104 3674 1178">
    <p class='ocr_par' dir='ltr' id='par_1_25' title="bbox 2101 1104 3674 1178">
     <span class='ocr_line' id='line_1_25' title="bbox 2101 1104 3674 1178; baseline -0.004 -13"><span class='ocrx_word' id='word_1_158' title='bbox 2101 1111 2191 1168; x_wconf 85' lang='lat' dir='ltr'><strong>his</strong></span> <span class='ocrx_word' id='word_1_159' title='bbox 2233 1109 2506 1165; x_wconf 86' lang='lat' dir='ltr'><strong>obsistere</strong></span> <span class='ocrx_word' id='word_1_160' title='bbox 2553 1123 2662 1168; x_wconf 81' lang='lat' dir='ltr'><strong>non</strong></span> <span class='ocrx_word' id='word_1_161' title='bbox 2711 1114 2986 1178; x_wconf 84' lang='lat' dir='ltr'><strong>poterant.</strong></span> <span class='ocrx_word' id='word_1_162' title='bbox 3031 1106 3400 1172; x_wconf 77' lang='lat' dir='ltr'><strong>Quamobrem</strong></span> <span class='ocrx_word' id='word_1_163' title='bbox 3452 1104 3674 1158; x_wconf 83' lang='lat' dir='ltr'><strong>divinus</strong></span> 
     </span>
    </p>
   </div>
   <div class='ocr_carea' id='block_1_26' title="bbox 2103 1196 3675 1273">
    <p class='ocr_par' dir='ltr' id='par_1_26' title="bbox 2103 1196 3675 1273">
     <span class='ocr_line' id='line_1_26' title="bbox 2103 1196 3675 1273; baseline -0.006 -12"><span class='ocrx_word' id='word_1_164' title='bbox 2103 1217 2286 1265; x_wconf 78' lang='lat' dir='ltr'><strong>sel-.mo</strong></span> <span class='ocrx_word' id='word_1_165' title='bbox 2316 1201 2568 1273; x_wconf 67' lang='lat' dir='ltr'><strong>praadicit</strong></span> <span class='ocrx_word' id='word_1_166' title='bbox 2590 1239 2607 1264; x_wconf 89' lang='lat'><strong>,</strong></span> <span class='ocrx_word' id='word_1_167' title='bbox 2652 1199 2920 1254; x_wconf 78' lang='lat' dir='ltr'><strong>Moabitas</strong></span> <span class='ocrx_word' id='word_1_168' title='bbox 2955 1209 3008 1254; x_wconf 92' lang='lat' dir='ltr'><strong>et</strong></span> <span class='ocrx_word' id='word_1_169' title='bbox 3038 1198 3381 1252; x_wconf 85' lang='lat' dir='ltr'><strong>Ammonitas</strong></span> <span class='ocrx_word' id='word_1_170' title='bbox 3426 1196 3675 1252; x_wconf 77' lang='lat' dir='ltr'><strong>funditus</strong></span> 
     </span>
    </p>
   </div>
   <div class='ocr_carea' id='block_1_27' title="bbox 2102 1288 3673 1358">
    <p class='ocr_par' dir='ltr' id='par_1_27' title="bbox 2102 1288 3673 1358">
     <span class='ocr_line' id='line_1_27' title="bbox 2102 1288 3673 1358; baseline -0.006 -9"><span class='ocrx_word' id='word_1_171' title='bbox 2102 1302 2378 1350; x_wconf 84' lang='lat' dir='ltr'><strong>vastatum</strong></span> <span class='ocrx_word' id='word_1_172' title='bbox 2409 1293 2497 1358; x_wconf 88' lang='lat' dir='ltr'><strong>iri,</strong></span> <span class='ocrx_word' id='word_1_173' title='bbox 2532 1292 2861 1347; x_wconf 81' lang='lat' dir='ltr'><strong>Damascum</strong></span> <span class='ocrx_word' id='word_1_174' title='bbox 2897 1305 3027 1346; x_wconf 83' lang='lat' dir='ltr'><strong>vero</strong></span> <span class='ocrx_word' id='word_1_175' title='bbox 3069 1303 3267 1344; x_wconf 72' lang='lat' dir='ltr'><strong>acervo</strong></span> <span class='ocrx_word' id='word_1_176' title='bbox 3307 1303 3448 1344; x_wconf 82' lang='lat' dir='ltr'><strong>areae</strong></span> <span class='ocrx_word' id='word_1_177' title='bbox 3491 1288 3673 1342; x_wconf 83' lang='lat' dir='ltr'><strong>venti-</strong></span> 
     </span>
    </p>
   </div>
   <div class='ocr_carea' id='block_1_28' title="bbox 2103 1379 3677 1455">
    <p class='ocr_par' dir='ltr' id='par_1_28' title="bbox 2103 1379 3677 1455">
     <span class='ocr_line' id='line_1_28' title="bbox 2103 1379 3677 1455; baseline -0.006 -15"><span class='ocrx_word' id='word_1_178' title='bbox 2103 1387 2220 1441; x_wconf 88' lang='lat' dir='ltr'><strong>lato</strong></span> <span class='ocrx_word' id='word_1_179' title='bbox 2259 1395 2643 1455; x_wconf 85' lang='lat' dir='ltr'><strong>comparatum</strong></span> <span class='ocrx_word' id='word_1_180' title='bbox 2695 1383 2782 1437; x_wconf 90' lang='lat' dir='ltr'><strong>iri.</strong></span> <span class='ocrx_word' id='word_1_181' title='bbox 2836 1381 2962 1436; x_wconf 62' lang='lat' dir='ltr'><strong>Hatc</strong></span> <span class='ocrx_word' id='word_1_182' title='bbox 3004 1395 3140 1436; x_wconf 82' lang='lat' dir='ltr'><strong>vero</strong></span> <span class='ocrx_word' id='word_1_183' title='bbox 3169 1379 3254 1434; x_wconf 78' lang='lat' dir='ltr'><strong>illi</strong></span> <span class='ocrx_word' id='word_1_184' title='bbox 3292 1379 3677 1435; x_wconf 84' lang='lat' dir='ltr'><strong>sustinuerunt</strong></span> 
     </span>
    </p>
   </div>
   <div class='ocr_carea' id='block_1_29' title="bbox 2103 1457 3675 1546">
    <p class='ocr_par' dir='ltr' id='par_1_29' title="bbox 2103 1457 3675 1546">
     <span class='ocr_line' id='line_1_29' title="bbox 2103 1457 3675 1546; baseline -0.009 -14"><span class='ocrx_word' id='word_1_185' title='bbox 2103 1479 2159 1532; x_wconf 90' lang='lat' dir='ltr'><strong>in</strong></span> <span class='ocrx_word' id='word_1_186' title='bbox 2186 1477 2332 1532; x_wconf 89' lang='lat' dir='ltr'><strong>bello</strong></span> <span class='ocrx_word' id='word_1_187' title='bbox 2363 1457 2513 1546; x_wconf 80' lang='lat' dir='ltr'><strong>quod</strong></span> <span class='ocrx_word' id='word_1_188' title='bbox 2562 1474 2648 1530; x_wconf 89' lang='lat' dir='ltr'><strong>eis</strong></span> <span class='ocrx_word' id='word_1_189' title='bbox 2689 1473 2995 1527; x_wconf 88' lang='lat' dir='ltr'><strong>intulerunt</strong></span> <span class='ocrx_word' id='word_1_190' title='bbox 3040 1468 3303 1524; x_wconf 78' lang='lat' dir='ltr'><strong>Chaldaei.</strong></span> <span class='ocrx_word' id='word_1_191' title='bbox 3347 1466 3675 1523; x_wconf 80' lang='lat' dir='ltr'><strong>Damascum</strong></span> 
     </span>
    </p>
   </div>
   <div class='ocr_carea' id='block_1_30' title="bbox 2103 1555 3677 1640">
    <p class='ocr_par' dir='ltr' id='par_1_30' title="bbox 2103 1555 3677 1640">
     <span class='ocr_line' id='line_1_30' title="bbox 2103 1555 3677 1640; baseline -0.006 -18"><span class='ocrx_word' id='word_1_192' title='bbox 2103 1567 2350 1640; x_wconf 85' lang='lat' dir='ltr'><strong>porroin</strong></span> <span class='ocrx_word' id='word_1_193' title='bbox 2379 1566 2782 1636; x_wconf 85' lang='lat' dir='ltr'><strong>sempiternum</strong></span> <span class='ocrx_word' id='word_1_194' title='bbox 2829 1563 3160 1632; x_wconf 88' lang='lat' dir='ltr'><strong>dissipatam</strong></span> <span class='ocrx_word' id='word_1_195' title='bbox 3206 1559 3482 1624; x_wconf 83' lang='lat' dir='ltr'><strong>dicit,‘eo</strong></span> <span class='ocrx_word' id='word_1_196' title='bbox 3527 1555 3677 1629; x_wconf 87' lang='lat' dir='ltr'><strong>quod</strong></span> 
     </span>
    </p>
   </div>
   <div class='ocr_carea' id='block_1_31' title="bbox 2103 1650 3676 1726">
    <p class='ocr_par' dir='ltr' id='par_1_31' title="bbox 2103 1650 3676 1726">
     <span class='ocr_line' id='line_1_31' title="bbox 2103 1650 3676 1726; baseline -0.006 -14"><span class='ocrx_word' id='word_1_197' title='bbox 2103 1659 2172 1713; x_wconf 89' lang='lat' dir='ltr'><strong>ab</strong></span> <span class='ocrx_word' id='word_1_198' title='bbox 2200 1658 2292 1713; x_wconf 92' lang='lat' dir='ltr'><strong>illo</strong></span> <span class='ocrx_word' id='word_1_199' title='bbox 2319 1664 2587 1726; x_wconf 81' lang='lat' dir='ltr'><strong>teinpore,</strong></span> <span class='ocrx_word' id='word_1_200' title='bbox 2610 1667 2666 1711; x_wconf 92' lang='lat' dir='ltr'><strong>et</strong></span> <span class='ocrx_word' id='word_1_201' title='bbox 2701 1656 2754 1714; x_wconf 88' lang='lat' dir='ltr'><strong>in</strong></span> <span class='ocrx_word' id='word_1_202' title='bbox 2780 1662 3084 1724; x_wconf 86' lang='lat' dir='ltr'><strong>posterum,</strong></span> <span class='ocrx_word' id='word_1_203' title='bbox 3118 1652 3278 1723; x_wconf 91' lang='lat' dir='ltr'><strong>regni</strong></span> <span class='ocrx_word' id='word_1_204' title='bbox 3308 1650 3676 1721; x_wconf 85' lang='lat' dir='ltr'><strong>principatum</strong></span> 
     </span>
    </p>
   </div>
   <div class='ocr_carea' id='block_1_32' title="bbox 2103 1741 3677 1821">
    <p class='ocr_par' dir='ltr' id='par_1_32' title="bbox 2103 1741 3677 1821">
     <span class='ocr_line' id='line_1_32' title="bbox 2103 1741 3677 1821; baseline -0.006 -17"><span class='ocrx_word' id='word_1_205' title='bbox 2103 1747 2428 1821; x_wconf 81' lang='lat' dir='ltr'><strong>perdiderit,</strong></span> <span class='ocrx_word' id='word_1_206' title='bbox 2469 1756 2664 1807; x_wconf 86' lang='lat' dir='ltr'><strong>etnon</strong></span> <span class='ocrx_word' id='word_1_207' title='bbox 2702 1746 2941 1815; x_wconf 74' lang='lat' dir='ltr'><strong>amplius</strong></span> <span class='ocrx_word' id='word_1_208' title='bbox 2985 1743 3224 1821; x_wconf 86' lang='lat' dir='ltr'><strong>subditis</strong></span> <span class='ocrx_word' id='word_1_209' title='bbox 3269 1741 3530 1814; x_wconf 75' lang='lat' dir='ltr'><strong>gentibus</strong></span> <span class='ocrx_word' id='word_1_210' title='bbox 3572 1741 3677 1794; x_wconf 80' lang='lat' dir='ltr'><strong>im-</strong></span> 
     </span>
    </p>
   </div>
   <div class='ocr_carea' id='block_1_33' title="bbox 2103 1823 3676 1912">
    <p class='ocr_par' dir='ltr' id='par_1_33' title="bbox 2103 1823 3676 1912">
     <span class='ocr_line' id='line_1_33' title="bbox 2103 1823 3676 1912; baseline -0.005 -16"><span class='ocrx_word' id='word_1_211' title='bbox 2103 1840 2401 1912; x_wconf 84' lang='lat' dir='ltr'><strong>peraverit,</strong></span> <span class='ocrx_word' id='word_1_212' title='bbox 2433 1838 2532 1894; x_wconf 90' lang='lat' dir='ltr'><strong>sed</strong></span> <span class='ocrx_word' id='word_1_213' title='bbox 2580 1837 2866 1908; x_wconf 69' lang='lat' dir='ltr'><strong>vectigalis</strong></span> <span class='ocrx_word' id='word_1_214' title='bbox 2895 1836 3038 1890; x_wconf 82' lang='lat' dir='ltr'><strong>facta</strong></span> <span class='ocrx_word' id='word_1_215' title='bbox 3090 1823 3279 1901; x_wconf 71' lang='lat' dir='ltr'><strong>fuerit,</strong></span> <span class='ocrx_word' id='word_1_216' title='bbox 3313 1834 3676 1905; x_wconf 81' lang='lat' dir='ltr'><strong>regnantibus</strong></span> 
     </span>
    </p>
   </div>
   <div class='ocr_carea' id='block_1_34' title="bbox 417 1921 1995 2005">
    <p class='ocr_par' dir='ltr' id='par_1_34' title="bbox 417 1923 1991 2005">
     <span class='ocr_line' id='line_1_34' title="bbox 417 1923 1991 2005; baseline 0.009 -30"><span class='ocrx_word' id='word_1_217' title='bbox 417 1923 546 1976; x_wconf 87' lang='grc' dir='ltr'>σθαι</span> <span class='ocrx_word' id='word_1_218' title='bbox 573 1925 681 1979; x_wconf 89' lang='grc' dir='ltr'><strong>τῶν</strong></span> <span class='ocrx_word' id='word_1_219' title='bbox 715 1926 1178 1996; x_wconf 86' lang='grc' dir='ltr'>βεϐασιλευκότων</span> <span class='ocrx_word' id='word_1_220' title='bbox 1227 1930 1617 1998; x_wconf 84' lang='grc' dir='ltr'>Βαϐυλωνίων,</span> <span class='ocrx_word' id='word_1_221' title='bbox 1668 1934 1895 2005; x_wconf 85' lang='grc' dir='ltr'>Περσῶν</span> <span class='ocrx_word' id='word_1_222' title='bbox 1933 1952 1991 1989; x_wconf 88' lang='grc' dir='ltr'><strong>τε</strong></span> 
     </span>
    </p>
   </div>
   <div class='ocr_carea' id='block_1_35' title="bbox 2100 1921 3674 2005">
    <p class='ocr_par' dir='ltr' id='par_1_35' title="bbox 2100 1924 3674 2004">
     <span class='ocr_line' id='line_1_35' title="bbox 2100 1924 3674 2004; baseline -0.006 -17"><span class='ocrx_word' id='word_1_223' title='bbox 2100 1933 2437 2004; x_wconf 70' lang='lat' dir='ltr'><strong>Babyloniis,</strong></span> <span class='ocrx_word' id='word_1_224' title='bbox 2469 1939 2525 1986; x_wconf 88' lang='lat' dir='ltr'><strong>et</strong></span> <span class='ocrx_word' id='word_1_225' title='bbox 2556 1929 2764 1995; x_wconf 76' lang='lat' dir='ltr'><strong>Persis,</strong></span> <span class='ocrx_word' id='word_1_226' title='bbox 2801 1935 2856 1983; x_wconf 95' lang='lat' dir='ltr'><strong>et</strong></span> <span class='ocrx_word' id='word_1_227' title='bbox 2879 1924 3296 1992; x_wconf 82' lang='lat' dir='ltr'><strong>Macedonibus,</strong></span> <span class='ocrx_word' id='word_1_228' title='bbox 3326 1933 3381 1980; x_wconf 93' lang='lat' dir='ltr'><strong>et</strong></span> <span class='ocrx_word' id='word_1_229' title='bbox 3412 1925 3514 1979; x_wconf 91' lang='lat' dir='ltr'><strong>hoc</strong></span> <span class='ocrx_word' id='word_1_230' title='bbox 3537 1934 3674 1978; x_wconf 84' lang='lat' dir='ltr'><strong>tem-</strong></span> 
     </span>
    </p>
   </div>
   <div class='ocr_carea' id='block_1_36' title="bbox 416 2013 1989 2094">
    <p class='ocr_par' dir='ltr' id='par_1_36' title="bbox 416 2013 1989 2094">
     <span class='ocr_line' id='line_1_36' title="bbox 416 2013 1989 2094; baseline 0.008 -28"><span class='ocrx_word' id='word_1_231' title='bbox 416 2013 514 2066; x_wconf 81' lang='grc' dir='ltr'>καὶ</span> <span class='ocrx_word' id='word_1_232' title='bbox 547 2015 906 2081; x_wconf 83' lang='grc' dir='ltr'>Μακεδόνων,</span> <span class='ocrx_word' id='word_1_233' title='bbox 953 2017 1052 2071; x_wconf 76' lang='grc' dir='ltr'>καὶ</span> <span class='ocrx_word' id='word_1_234' title='bbox 1094 2019 1190 2071; x_wconf 74' lang='grc' dir='ltr'><strong>ἐπὶ</strong></span> <span class='ocrx_word' id='word_1_235' title='bbox 1229 2018 1323 2072; x_wconf 79' lang='grc' dir='ltr'>τοῦ</span> <span class='ocrx_word' id='word_1_236' title='bbox 1367 2021 1634 2092; x_wconf 84' lang='grc' dir='ltr'>παρόντος</span> <span class='ocrx_word' id='word_1_237' title='bbox 1680 2019 1989 2094; x_wconf 54' lang='grc' dir='ltr'>Ἱξωμαῇυν.</span> 
     </span>
    </p>
   </div>
   <div class='ocr_carea' id='block_1_37' title="bbox 428 2094 1994 2184">
    <p class='ocr_par' dir='ltr' id='par_1_37' title="bbox 428 2094 1994 2184">
     <span class='ocr_line' id='line_1_37' title="bbox 428 2094 1994 2184; baseline 0.008 -28"><span class='ocrx_word' id='word_1_238' title='bbox 428 2103 572 2157; x_wconf 82' lang='grc' dir='ltr'>Ἀλλ’</span> <span class='ocrx_word' id='word_1_239' title='bbox 597 2106 748 2176; x_wconf 77' lang='grc' dir='ltr'>ὅμως</span> <span class='ocrx_word' id='word_1_240' title='bbox 774 2106 1056 2160; x_wconf 81' lang='grc' dir='ltr'>κάνταῦθα</span> <span class='ocrx_word' id='word_1_241' title='bbox 1093 2108 1156 2161; x_wconf 78' lang='grc' dir='ltr'><strong>τὸ</strong></span> <span class='ocrx_word' id='word_1_242' title='bbox 1187 2109 1414 2181; x_wconf 82' lang='grc' dir='ltr'>ἀκριϐὲς</span> <span class='ocrx_word' id='word_1_243' title='bbox 1442 2110 1593 2174; x_wconf 80' lang='grc' dir='ltr'>τέλος</span> <span class='ocrx_word' id='word_1_244' title='bbox 1617 2112 1650 2182; x_wconf 82' lang='grc' dir='ltr'><strong>ἡ</strong></span> <span class='ocrx_word' id='word_1_245' title='bbox 1686 2094 1994 2184; x_wconf 58' lang='grc' dir='ltr'>προφητεία</span> 
     </span>
    </p>
   </div>
   <div class='ocr_carea' id='block_1_38' title="bbox 413 2193 1994 2269">
    <p class='ocr_par' dir='ltr' id='par_1_38' title="bbox 413 2193 1994 2269">
     <span class='ocr_line' id='line_1_38' title="bbox 413 2193 1994 2269; baseline 0.006 -21"><span class='ocrx_word' id='word_1_246' title='bbox 413 2193 506 2248; x_wconf 70' lang='grc' dir='ltr'>διὰ</span> <span class='ocrx_word' id='word_1_247' title='bbox 534 2193 646 2248; x_wconf 90' lang='grc' dir='ltr'><strong>τῶν</strong></span> <span class='ocrx_word' id='word_1_248' title='bbox 689 2196 852 2266; x_wconf 83' lang='grc' dir='ltr'>ἱερῶν</span> <span class='ocrx_word' id='word_1_249' title='bbox 881 2195 1075 2251; x_wconf 77' lang='grc' dir='ltr'>ἐλαϐεν</span> <span class='ocrx_word' id='word_1_250' title='bbox 1111 2199 1449 2267; x_wconf 80' lang='grc' dir='ltr'>ἀποστόλων,</span> <span class='ocrx_word' id='word_1_251' title='bbox 1477 2203 1572 2254; x_wconf 76' lang='grc' dir='ltr'>καὶ</span> <span class='ocrx_word' id='word_1_252' title='bbox 1606 2201 1721 2256; x_wconf 90' lang='grc' dir='ltr'><strong>τῶν</strong></span> <span class='ocrx_word' id='word_1_253' title='bbox 1751 2204 1994 2269; x_wconf 82' lang='grc' dir='ltr'>ἐκείνους</span> 
     </span>
    </p>
   </div>
   <div class='ocr_carea' id='block_1_39' title="bbox 415 2283 1991 2363">
    <p class='ocr_par' dir='ltr' id='par_1_39' title="bbox 415 2283 1991 2363">
     <span class='ocr_line' id='line_1_39' title="bbox 415 2283 1991 2363; baseline 0.01 -27"><span class='ocrx_word' id='word_1_254' title='bbox 415 2283 818 2356; x_wconf 82' lang='grc' dir='ltr'>διαδεξαμένων</span> <span class='ocrx_word' id='word_1_255' title='bbox 843 2288 1016 2358; x_wconf 81' lang='grc' dir='ltr'>ἁγίων</span> <span class='ocrx_word' id='word_1_256' title='bbox 1037 2304 1051 2317; x_wconf 86' lang='grc'><strong>·</strong></span> <span class='ocrx_word' id='word_1_257' title='bbox 1077 2289 1303 2354; x_wconf 85' lang='grc' dir='ltr'>τούτους</span> <span class='ocrx_word' id='word_1_258' title='bbox 1325 2291 1434 2363; x_wconf 81' lang='grc' dir='ltr'>γὰρ</span> <span class='ocrx_word' id='word_1_259' title='bbox 1463 2293 1558 2346; x_wconf 76' lang='grc' dir='ltr'><strong>καὶ</strong></span> <span class='ocrx_word' id='word_1_260' title='bbox 1584 2295 1613 2347; x_wconf 98' lang='lat'><strong>6</strong></span> <span class='ocrx_word' id='word_1_261' title='bbox 1643 2294 1788 2360; x_wconf 87' lang='grc' dir='ltr'>θεῖος</span> <span class='ocrx_word' id='word_1_262' title='bbox 1830 2297 1991 2358; x_wconf 56' lang='grc' dir='ltr'>Ἀπόέ</span> 
     </span>
    </p>
   </div>
   <div class='ocr_carea' id='block_1_40' title="bbox 415 2375 1994 2460">
    <p class='ocr_par' dir='ltr' id='par_1_40' title="bbox 415 2375 1994 2460">
     <span class='ocr_line' id='line_1_40' title="bbox 415 2375 1994 2460; baseline 0.011 -34"><span class='ocrx_word' id='word_1_263' title='bbox 415 2375 605 2440; x_wconf 85' lang='grc' dir='ltr'>στολος</span> <span class='ocrx_word' id='word_1_264' title='bbox 655 2379 1030 2450; x_wconf 77' lang='grc' dir='ltr'>κατάλειμμα</span> <span class='ocrx_word' id='word_1_265' title='bbox 1078 2383 1512 2456; x_wconf 79' lang='grc' dir='ltr'>προσηγόρευσε.</span> <span class='ocrx_word' id='word_1_266' title='bbox 1566 2386 1838 2452; x_wconf 85' lang='grc' dir='ltr'>Τεοεικὼς</span> <span class='ocrx_word' id='word_1_267' title='bbox 1886 2389 1994 2460; x_wconf 82' lang='grc' dir='ltr'>γὰρ</span> 
     </span>
    </p>
   </div>
   <div class='ocr_carea' id='block_1_41' title="bbox 412 2468 1993 2553">
    <p class='ocr_par' dir='ltr' id='par_1_41' title="bbox 412 2468 1993 2553">
     <span class='ocr_line' id='line_1_41' title="bbox 412 2468 1993 2553; baseline 0.009 -33"><span class='ocrx_word' id='word_1_268' title='bbox 412 2468 514 2538; x_wconf 78' lang='grc' dir='ltr'><strong>τὴν</strong></span> <span class='ocrx_word' id='word_1_269' title='bbox 539 2472 896 2542; x_wconf 82' lang='grc' dir='ltr'>προφητείαν,</span> <span class='ocrx_word' id='word_1_270' title='bbox 933 2471 1034 2542; x_wconf 80' lang='grc' dir='ltr'>τὴν</span> <span class='ocrx_word' id='word_1_271' title='bbox 1058 2473 1354 2546; x_wconf 73' lang='grc' dir='ltr'>διαρρήδην</span> <span class='ocrx_word' id='word_1_272' title='bbox 1385 2475 1598 2548; x_wconf 84' lang='grc' dir='ltr'>βοῶσαν</span> <span class='ocrx_word' id='word_1_273' title='bbox 1621 2517 1638 2544; x_wconf 89' lang='grc'><strong>,</strong></span> <span class='ocrx_word' id='word_1_274' title='bbox 1681 2499 1720 2548; x_wconf 43' lang='grc' dir='ltr'><strong>ι,</strong></span> <span class='ocrx_word' id='word_1_275' title='bbox 1748 2480 1874 2534; x_wconf 81' lang='grc' dir='ltr'><strong>Ἐὰν</strong></span> <span class='ocrx_word' id='word_1_276' title='bbox 1965 2484 1993 2535; x_wconf 89' lang='grc' dir='ltr'>ὁ</span> 
     </span>
    </p>
   </div>
   <div class='ocr_carea' id='block_1_42' title="bbox 414 2559 1993 2641">
    <p class='ocr_par' dir='ltr' id='par_1_42' title="bbox 414 2559 1993 2641">
     <span class='ocr_line' id='line_1_42' title="bbox 414 2559 1993 2641; baseline 0.009 -29"><span class='ocrx_word' id='word_1_277' title='bbox 414 2559 650 2631; x_wconf 85' lang='grc' dir='ltr'>ἀριθμὸς</span> <span class='ocrx_word' id='word_1_278' title='bbox 676 2561 782 2615; x_wconf 90' lang='grc' dir='ltr'><strong>τῶν</strong></span> <span class='ocrx_word' id='word_1_279' title='bbox 819 2563 948 2616; x_wconf 85' lang='grc' dir='ltr'>υίῶν</span> <span class='ocrx_word' id='word_1_280' title='bbox 994 2565 1210 2641; x_wconf 80' lang='grc' dir='ltr'>Ἰσραὴλ</span> <span class='ocrx_word' id='word_1_281' title='bbox 1242 2565 1318 2630; x_wconf 81' lang='grc' dir='ltr'><strong>ὡς</strong></span> <span class='ocrx_word' id='word_1_282' title='bbox 1347 2568 1382 2638; x_wconf 83' lang='grc' dir='ltr'><strong>ἡ</strong></span> <span class='ocrx_word' id='word_1_283' title='bbox 1425 2567 1610 2638; x_wconf 80' lang='grc' dir='ltr'>ἄμμος</span> <span class='ocrx_word' id='word_1_284' title='bbox 1655 2571 1756 2640; x_wconf 82' lang='grc' dir='ltr'><strong>τῆς</strong></span> <span class='ocrx_word' id='word_1_285' title='bbox 1794 2571 1993 2626; x_wconf 84' lang='grc' dir='ltr'>θαλάσ-</span> 
     </span>
    </p>
   </div>
   <div class='ocr_carea' id='block_1_43' title="bbox 416 2651 1989 2731">
    <p class='ocr_par' dir='ltr' id='par_1_43' title="bbox 416 2651 1989 2731">
     <span class='ocr_line' id='line_1_43' title="bbox 416 2651 1989 2731; baseline 0.009 -28"><span class='ocrx_word' id='word_1_286' title='bbox 416 2666 539 2721; x_wconf 81' lang='grc' dir='ltr'>σης,</span> <span class='ocrx_word' id='word_1_287' title='bbox 561 2651 623 2704; x_wconf 82' lang='grc' dir='ltr'>τὸ</span> <span class='ocrx_word' id='word_1_288' title='bbox 656 2654 1010 2725; x_wconf 79' lang='grc' dir='ltr'>κατάλειμμα</span> <span class='ocrx_word' id='word_1_289' title='bbox 1037 2655 1364 2724; x_wconf 79' lang='grc' dir='ltr'>σωθήσεται,</span> <span class='ocrx_word' id='word_1_290' title='bbox 1404 2676 1424 2710; x_wconf 70' lang='grc' dir='ltr'><strong>ι</strong></span> <span class='ocrx_word' id='word_1_291' title='bbox 1452 2659 1746 2730; x_wconf 86' lang='grc' dir='ltr'>ἐρμηνεύει</span> <span class='ocrx_word' id='word_1_292' title='bbox 1778 2661 1954 2731; x_wconf 84' lang='grc' dir='ltr'>λέγων</span> <span class='ocrx_word' id='word_1_293' title='bbox 1975 2681 1989 2696; x_wconf 77' lang='grc'><strong>’</strong></span> 
     </span>
    </p>
   </div>
   <div class='ocr_carea' id='block_1_44' title="bbox 421 2741 2001 2824">
    <p class='ocr_par' dir='ltr' id='par_1_44' title="bbox 421 2741 2001 2824">
     <span class='ocr_line' id='line_1_44' title="bbox 421 2741 2001 2824; baseline 0.009 -31"><span class='ocrx_word' id='word_1_294' title='bbox 421 2761 439 2792; x_wconf 82' lang='grc' dir='ltr'><strong>ι</strong></span> <span class='ocrx_word' id='word_1_295' title='bbox 479 2741 668 2806; x_wconf 77' lang='grc' dir='ltr'>Οὕτως</span> <span class='ocrx_word' id='word_1_296' title='bbox 701 2744 796 2796; x_wconf 81' lang='grc' dir='ltr'>καὶ</span> <span class='ocrx_word' id='word_1_297' title='bbox 821 2745 880 2796; x_wconf 84' lang='grc' dir='ltr'><strong>ἐν</strong></span> <span class='ocrx_word' id='word_1_298' title='bbox 907 2745 988 2814; x_wconf 84' lang='grc' dir='ltr'>τῷ</span> <span class='ocrx_word' id='word_1_299' title='bbox 1033 2743 1129 2798; x_wconf 82' lang='grc' dir='ltr'>νῦν</span> <span class='ocrx_word' id='word_1_300' title='bbox 1161 2747 1338 2817; x_wconf 89' lang='grc' dir='ltr'>καιρῷ</span> <span class='ocrx_word' id='word_1_301' title='bbox 1371 2748 1581 2819; x_wconf 85' lang='grc' dir='ltr'>λεῖμμα</span> <span class='ocrx_word' id='word_1_302' title='bbox 1615 2752 1736 2804; x_wconf 86' lang='grc' dir='ltr'>κατ’</span> <span class='ocrx_word' id='word_1_303' title='bbox 1763 2753 2001 2824; x_wconf 73' lang='grc' dir='ltr'>ἐκλογὴν,</span> 
     </span>
    </p>
   </div>
   <div class='ocr_carea' id='block_1_45' title="bbox 413 2836 1993 2913">
    <p class='ocr_par' dir='ltr' id='par_1_45' title="bbox 413 2836 1993 2913">
     <span class='ocr_line' id='line_1_45' title="bbox 413 2836 1993 2913; baseline 0.007 -26"><span class='ocrx_word' id='word_1_304' title='bbox 413 2836 638 2908; x_wconf 75' lang='grc' dir='ltr'>χάριτος</span> <span class='ocrx_word' id='word_1_305' title='bbox 671 2837 884 2906; x_wconf 81' lang='grc' dir='ltr'>γέγονε.</span> <span class='ocrx_word' id='word_1_306' title='bbox 931 2856 950 2891; x_wconf 73' lang='grc' dir='ltr'><strong>ι</strong></span> <span class='ocrx_word' id='word_1_307' title='bbox 1008 2837 1180 2890; x_wconf 82' lang='grc' dir='ltr'>Τοῦτο</span> <span class='ocrx_word' id='word_1_308' title='bbox 1210 2839 1326 2910; x_wconf 20' lang='grc' dir='ltr'>καὶ,</span> <span class='ocrx_word' id='word_1_309' title='bbox 1355 2841 1384 2892; x_wconf 87' lang='grc' dir='ltr'>ὁ</span> <span class='ocrx_word' id='word_1_310' title='bbox 1435 2841 1715 2913; x_wconf 85' lang='grc' dir='ltr'>Δεσπότης</span> <span class='ocrx_word' id='word_1_311' title='bbox 1764 2844 1854 2897; x_wconf 78' lang='grc' dir='ltr'>διὰ</span> <span class='ocrx_word' id='word_1_312' title='bbox 1897 2844 1993 2898; x_wconf 81' lang='grc' dir='ltr'><strong>τοῦ</strong></span> 
     </span>
    </p>
   </div>
   <div class='ocr_carea' id='block_1_46' title="bbox 419 2925 1997 3000">
    <p class='ocr_par' dir='ltr' id='par_1_46' title="bbox 419 2925 1997 3000">
     <span class='ocr_line' id='line_1_46' title="bbox 419 2925 1997 3000; baseline 0.006 -23"><span class='ocrx_word' id='word_1_313' title='bbox 419 2925 694 2996; x_wconf 84' lang='grc' dir='ltr'>μακαρίου</span> <span class='ocrx_word' id='word_1_314' title='bbox 730 2926 988 2994; x_wconf 78' lang='grc' dir='ltr'>Σοφονίου</span> <span class='ocrx_word' id='word_1_315' title='bbox 1041 2925 1211 2996; x_wconf 75' lang='grc' dir='ltr'>φησί’</span> <span class='ocrx_word' id='word_1_316' title='bbox 1253 2944 1272 2978; x_wconf 79' lang='grc' dir='ltr'><strong>ι</strong></span> <span class='ocrx_word' id='word_1_317' title='bbox 1313 2927 1436 2981; x_wconf 64' lang='lat' dir='ltr'><strong>Kal:</strong></span> <span class='ocrx_word' id='word_1_318' title='bbox 1468 2931 1517 2982; x_wconf 89' lang='grc' dir='ltr'><strong>οί</strong></span> <span class='ocrx_word' id='word_1_319' title='bbox 1549 2931 1869 3000; x_wconf 82' lang='grc' dir='ltr'>κατάλοιποι</span> <span class='ocrx_word' id='word_1_320' title='bbox 1908 2933 1997 2987; x_wconf 76' lang='grc' dir='ltr'>ἐθ-</span> 
     </span>
    </p>
   </div>
   <div class='ocr_carea' id='block_1_47' title="bbox 414 3017 1996 3094">
    <p class='ocr_par' dir='ltr' id='par_1_47' title="bbox 414 3017 1996 3094">
     <span class='ocr_line' id='line_1_47' title="bbox 414 3017 1996 3094; baseline 0.008 -27"><span class='ocrx_word' id='word_1_321' title='bbox 414 3033 542 3080; x_wconf 82' lang='grc' dir='ltr'>νους</span> <span class='ocrx_word' id='word_1_322' title='bbox 570 3034 672 3087; x_wconf 84' lang='grc' dir='ltr'><strong>μου</strong></span> <span class='ocrx_word' id='word_1_323' title='bbox 710 3017 1210 3090; x_wconf 84' lang='grc' dir='ltr'>κληρονομήσουσιν</span> <span class='ocrx_word' id='word_1_324' title='bbox 1247 3018 1464 3085; x_wconf 75' lang='grc' dir='ltr'>αὐτούς.</span> <span class='ocrx_word' id='word_1_325' title='bbox 1507 3041 1538 3080; x_wconf 75' lang='grc' dir='ltr'><strong>ι,</strong></span> <span class='ocrx_word' id='word_1_326' title='bbox 1572 3018 1706 3078; x_wconf 80' lang='grc' dir='ltr'>Εἶτα</span> <span class='ocrx_word' id='word_1_327' title='bbox 1733 3024 1996 3094; x_wconf 58' lang='grc' dir='ltr'>σαφέστεγ</span> 
     </span>
    </p>
   </div>
   <div class='ocr_carea' id='block_1_48' title="bbox 419 3109 865 3180">
    <p class='ocr_par' dir='ltr' id='par_1_48' title="bbox 419 3109 865 3180">
     <span class='ocr_line' id='line_1_48' title="bbox 419 3109 865 3180; baseline 0.007 -20"><span class='ocrx_word' id='word_1_328' title='bbox 419 3124 510 3177; x_wconf 88' lang='grc' dir='ltr'><strong>ρον</strong></span> <span class='ocrx_word' id='word_1_329' title='bbox 536 3109 827 3180; x_wconf 83' lang='grc' dir='ltr'>ἐρμηνεύει</span> <span class='ocrx_word' id='word_1_330' title='bbox 851 3125 865 3141; x_wconf 74' lang='grc' dir='ltr'><strong>ο</strong></span> 
     </span>
    </p>
   </div>
   <div class='ocr_carea' id='block_1_49' title="bbox 2096 2015 3675 2095">
    <p class='ocr_par' dir='ltr' id='par_1_49' title="bbox 2096 2015 3675 2095">
     <span class='ocr_line' id='line_1_49' title="bbox 2096 2015 3675 2095; baseline -0.007 -16"><span class='ocrx_word' id='word_1_331' title='bbox 2096 2040 2232 2095; x_wconf 87' lang='lat' dir='ltr'><strong>pore</strong></span> <span class='ocrx_word' id='word_1_332' title='bbox 2291 2022 2581 2079; x_wconf 83' lang='lat' dir='ltr'><strong>Romanis.</strong></span> <span class='ocrx_word' id='word_1_333' title='bbox 2640 2018 2745 2078; x_wconf 85' lang='lat' dir='ltr'><strong>Sed</strong></span> <span class='ocrx_word' id='word_1_334' title='bbox 2801 2026 2985 2083; x_wconf 82' lang='lat' dir='ltr'><strong>tamen</strong></span> <span class='ocrx_word' id='word_1_335' title='bbox 3039 2018 3129 2073; x_wconf 86' lang='lat' dir='ltr'><strong>hic</strong></span> <span class='ocrx_word' id='word_1_336' title='bbox 3169 2017 3332 2073; x_wconf 89' lang='lat' dir='ltr'><strong>etiam</strong></span> <span class='ocrx_word' id='word_1_337' title='bbox 3385 2015 3675 2086; x_wconf 84' lang='lat' dir='ltr'><strong>prophetia</strong></span> 
     </span>
    </p>
   </div>
   <div class='ocr_carea' id='block_1_50' title="bbox 2098 2108 3676 2190">
    <p class='ocr_par' dir='ltr' id='par_1_50' title="bbox 2098 2108 3676 2190">
     <span class='ocr_line' id='line_1_50' title="bbox 2098 2108 3676 2190; baseline -0.007 -20"><span class='ocrx_word' id='word_1_338' title='bbox 2098 2116 2259 2188; x_wconf 73' lang='lat' dir='ltr'><strong>linem</strong></span> <span class='ocrx_word' id='word_1_339' title='bbox 2313 2113 2510 2190; x_wconf 69' lang='lat' dir='ltr'><strong>adepta</strong></span> <span class='ocrx_word' id='word_1_340' title='bbox 2567 2120 2653 2168; x_wconf 90' lang='lat' dir='ltr'><strong>est</strong></span> <span class='ocrx_word' id='word_1_341' title='bbox 2710 2127 2807 2190; x_wconf 77' lang='lat' dir='ltr'><strong>per</strong></span> <span class='ocrx_word' id='word_1_342' title='bbox 2858 2124 3049 2171; x_wconf 60' lang='lat' dir='ltr'><strong>sacras</strong></span> <span class='ocrx_word' id='word_1_343' title='bbox 3103 2108 3406 2178; x_wconf 84' lang='lat' dir='ltr'><strong>apostolos,</strong></span> <span class='ocrx_word' id='word_1_344' title='bbox 3461 2115 3516 2162; x_wconf 90' lang='lat' dir='ltr'><strong>et</strong></span> <span class='ocrx_word' id='word_1_345' title='bbox 3577 2120 3676 2174; x_wconf 89' lang='lat' dir='ltr'><strong>per</strong></span> 
     </span>
    </p>
   </div>
   <div class='ocr_carea' id='block_1_51' title="bbox 2101 2185 3668 2278">
    <p class='ocr_par' dir='ltr' id='par_1_51' title="bbox 2101 2185 3668 2278">
     <span class='ocr_line' id='line_1_51' title="bbox 2101 2185 3668 2278; baseline -0.01 -12"><span class='ocrx_word' id='word_1_346' title='bbox 2101 2185 2315 2278; x_wconf 60' lang='grc'><strong>1⁸571</strong></span> <span class='ocrx_word' id='word_1_347' title='bbox 2372 2185 2604 2261; x_wconf 77' lang='lat' dir='ltr'><strong>sanctos.</strong></span> <span class='ocrx_word' id='word_1_348' title='bbox 2649 2185 2745 2274; x_wconf 80' lang='lat' dir='ltr'><strong>qui</strong></span> <span class='ocrx_word' id='word_1_349' title='bbox 2796 2203 3071 2272; x_wconf 73' lang='lat' dir='ltr'><strong>apostolis</strong></span> <span class='ocrx_word' id='word_1_350' title='bbox 3088 2207 3481 2267; x_wconf 62' lang='lat' dir='ltr'><strong>successerant</strong></span> <span class='ocrx_word' id='word_1_351' title='bbox 3517 2221 3530 2254; x_wconf 87' lang='lat'><strong>:</strong></span> <span class='ocrx_word' id='word_1_352' title='bbox 3567 2199 3668 2252; x_wconf 91' lang='lat' dir='ltr'><strong>hos</strong></span> 
     </span>
    </p>
   </div>
   <div class='ocr_carea' id='block_1_52' title="bbox 2095 2290 3672 2366">
    <p class='ocr_par' dir='ltr' id='par_1_52' title="bbox 2095 2290 3672 2366">
     <span class='ocr_line' id='line_1_52' title="bbox 2095 2290 3672 2366; baseline -0.005 -12"><span class='ocrx_word' id='word_1_353' title='bbox 2095 2301 2240 2354; x_wconf 87' lang='lat' dir='ltr'><strong>enim</strong></span> <span class='ocrx_word' id='word_1_354' title='bbox 2264 2298 2484 2353; x_wconf 88' lang='lat' dir='ltr'><strong>divinus</strong></span> <span class='ocrx_word' id='word_1_355' title='bbox 2511 2312 2734 2366; x_wconf 86' lang='lat' dir='ltr'><strong>quoque</strong></span> <span class='ocrx_word' id='word_1_356' title='bbox 2756 2295 3054 2366; x_wconf 81' lang='lat' dir='ltr'><strong>Apostolus</strong></span> <span class='ocrx_word' id='word_1_357' title='bbox 3077 2293 3330 2363; x_wconf 78' lang='lat' dir='ltr'><strong>reliquias</strong></span> <span class='ocrx_word' id='word_1_358' title='bbox 3359 2290 3672 2362; x_wconf 84' lang='lat' dir='ltr'><strong>appellavit.</strong></span> 
     </span>
    </p>
   </div>
   <div class='ocr_carea' id='block_1_53' title="bbox 2096 2381 3674 2460">
    <p class='ocr_par' dir='ltr' id='par_1_53' title="bbox 2096 2381 3674 2460">
     <span class='ocr_line' id='line_1_53' title="bbox 2096 2381 3674 2460; baseline -0.006 -15"><span class='ocrx_word' id='word_1_359' title='bbox 2096 2389 2405 2454; x_wconf 68' lang='lat' dir='ltr'><strong>Gumcnim</strong></span> <span class='ocrx_word' id='word_1_360' title='bbox 2457 2385 3060 2460; x_wconf 71' lang='lat' dir='ltr'><strong>proposuissctpalam</strong></span> <span class='ocrx_word' id='word_1_361' title='bbox 3109 2386 3384 2440; x_wconf 88' lang='lat' dir='ltr'><strong>dicentem</strong></span> <span class='ocrx_word' id='word_1_362' title='bbox 3437 2381 3674 2452; x_wconf 68' lang='lat' dir='ltr'><strong>prciphe-</strong></span> 
     </span>
    </p>
   </div>
   <div class='ocr_carea' id='block_1_54' title="bbox 2098 2473 3676 2550">
    <p class='ocr_par' dir='ltr' id='par_1_54' title="bbox 2098 2473 3676 2550">
     <span class='ocr_line' id='line_1_54' title="bbox 2098 2473 3676 2550; baseline -0.006 -15"><span class='ocrx_word' id='word_1_363' title='bbox 2098 2481 2226 2540; x_wconf 85' lang='lat' dir='ltr'><strong>tiam</strong></span> <span class='ocrx_word' id='word_1_364' title='bbox 2259 2498 2273 2534; x_wconf 88' lang='lat'><strong>:</strong></span> <span class='ocrx_word' id='word_1_365' title='bbox 2310 2501 2328 2532; x_wconf 81' lang='grc' dir='ltr'><strong>ι</strong></span> <span class='ocrx_word' id='word_1_366' title='bbox 2360 2480 2416 2535; x_wconf 92' lang='lat' dir='ltr'><strong>Si</strong></span> <span class='ocrx_word' id='word_1_367' title='bbox 2455 2478 2635 2546; x_wconf 78' lang='lat' dir='ltr'><strong>fuerit</strong></span> <span class='ocrx_word' id='word_1_368' title='bbox 2667 2492 2932 2550; x_wconf 78' lang='lat' dir='ltr'><strong>numerus</strong></span> <span class='ocrx_word' id='word_1_369' title='bbox 2991 2475 3227 2540; x_wconf 78' lang='lat' dir='ltr'><strong>ﬁliorum</strong></span> <span class='ocrx_word' id='word_1_370' title='bbox 3283 2473 3504 2534; x_wconf 84' lang='lat' dir='ltr'><strong>lsraelis</strong></span> <span class='ocrx_word' id='word_1_371' title='bbox 3552 2481 3676 2527; x_wconf 89' lang='lat' dir='ltr'><strong>tan-</strong></span> 
     </span>
    </p>
   </div>
   <div class='ocr_carea' id='block_1_55' title="bbox 2096 2565 3675 2643">
    <p class='ocr_par' dir='ltr' id='par_1_55' title="bbox 2096 2565 3675 2643">
     <span class='ocr_line' id='line_1_55' title="bbox 2096 2565 3675 2643; baseline -0.005 -16"><span class='ocrx_word' id='word_1_372' title='bbox 2096 2589 2256 2643; x_wconf 91' lang='lat' dir='ltr'><strong>quam</strong></span> <span class='ocrx_word' id='word_1_373' title='bbox 2286 2587 2451 2626; x_wconf 86' lang='lat' dir='ltr'><strong>arena</strong></span> <span class='ocrx_word' id='word_1_374' title='bbox 2511 2571 2701 2633; x_wconf 90' lang='lat' dir='ltr'><strong>maris,</strong></span> <span class='ocrx_word' id='word_1_375' title='bbox 2751 2567 2995 2638; x_wconf 69' lang='lat' dir='ltr'><strong>reliquiae</strong></span> <span class='ocrx_word' id='word_1_376' title='bbox 3048 2565 3378 2623; x_wconf 55' lang='lat' dir='ltr'><strong>salvalicnt</strong></span> <span class='ocrx_word' id='word_1_377' title='bbox 3409 2577 3457 2629; x_wconf 80' lang='grc' dir='ltr'><strong>ιι,</strong></span> <span class='ocrx_word' id='word_1_378' title='bbox 3493 2582 3511 2615; x_wconf 69' lang='grc' dir='ltr'><strong>ι</strong></span> <span class='ocrx_word' id='word_1_379' title='bbox 3545 2578 3675 2634; x_wconf 90' lang='lat' dir='ltr'><strong>pro-</strong></span> 
     </span>
    </p>
   </div>
   <div class='ocr_carea' id='block_1_56' title="bbox 2097 2656 3673 2738">
    <p class='ocr_par' dir='ltr' id='par_1_56' title="bbox 2097 2656 3673 2738">
     <span class='ocr_line' id='line_1_56' title="bbox 2097 2656 3673 2738; baseline -0.005 -21"><span class='ocrx_word' id='word_1_380' title='bbox 2097 2664 2337 2738; x_wconf 78' lang='lat' dir='ltr'><strong>phetiam</strong></span> <span class='ocrx_word' id='word_1_381' title='bbox 2377 2663 2641 2732; x_wconf 73' lang='lat' dir='ltr'><strong>explanat</strong></span> <span class='ocrx_word' id='word_1_382' title='bbox 2681 2661 2916 2715; x_wconf 87' lang='lat' dir='ltr'><strong>dicens:</strong></span> <span class='ocrx_word' id='word_1_383' title='bbox 2958 2677 2978 2710; x_wconf 81' lang='grc' dir='ltr'><strong>ι</strong></span> <span class='ocrx_word' id='word_1_384' title='bbox 3023 2656 3116 2712; x_wconf 88' lang='lat' dir='ltr'><strong>Sic</strong></span> <span class='ocrx_word' id='word_1_385' title='bbox 3146 2672 3279 2728; x_wconf 85' lang='lat' dir='ltr'><strong>ergo</strong></span> <span class='ocrx_word' id='word_1_386' title='bbox 3303 2667 3359 2712; x_wconf 90' lang='lat' dir='ltr'><strong>et</strong></span> <span class='ocrx_word' id='word_1_387' title='bbox 3393 2657 3497 2711; x_wconf 89' lang='lat' dir='ltr'><strong>hoc</strong></span> <span class='ocrx_word' id='word_1_388' title='bbox 3534 2662 3673 2710; x_wconf 84' lang='lat' dir='ltr'><strong>tem-</strong></span> 
     </span>
    </p>
   </div>
   <div class='ocr_carea' id='block_1_57' title="bbox 2095 2747 3676 2826">
    <p class='ocr_par' dir='ltr' id='par_1_57' title="bbox 2095 2747 3676 2826">
     <span class='ocr_line' id='line_1_57' title="bbox 2095 2747 3676 2826; baseline -0.007 -15"><span class='ocrx_word' id='word_1_389' title='bbox 2095 2770 2250 2824; x_wconf 88' lang='lat' dir='ltr'><strong>pore,</strong></span> <span class='ocrx_word' id='word_1_390' title='bbox 2289 2755 2549 2826; x_wconf 62' lang='lat' dir='ltr'><strong>reliquiae</strong></span> <span class='ocrx_word' id='word_1_391' title='bbox 2570 2751 2875 2824; x_wconf 79' lang='lat' dir='ltr'><strong>secundum</strong></span> <span class='ocrx_word' id='word_1_392' title='bbox 2921 2750 3251 2817; x_wconf 83' lang='lat' dir='ltr'><strong>electionem</strong></span> <span class='ocrx_word' id='word_1_393' title='bbox 3303 2749 3495 2820; x_wconf 71' lang='lat' dir='ltr'><strong>gratia:</strong></span> <span class='ocrx_word' id='word_1_394' title='bbox 3533 2747 3676 2817; x_wconf 88' lang='lat' dir='ltr'><strong>(Dei)</strong></span> 
     </span>
    </p>
   </div>
   <div class='ocr_carea' id='block_1_58' title="bbox 2096 2837 3676 2910">
    <p class='ocr_par' dir='ltr' id='par_1_58' title="bbox 2096 2837 3676 2910">
     <span class='ocr_line' id='line_1_58' title="bbox 2096 2837 3676 2910; baseline -0.008 -8"><span class='ocrx_word' id='word_1_395' title='bbox 2096 2848 2262 2902; x_wconf 71' lang='lat' dir='ltr'><strong>salva:</strong></span> <span class='ocrx_word' id='word_1_396' title='bbox 2328 2837 2488 2904; x_wconf 71' lang='lat' dir='ltr'><strong>facta:</strong></span> <span class='ocrx_word' id='word_1_397' title='bbox 2545 2844 2741 2900; x_wconf 68' lang='lat' dir='ltr'><strong>suntb.</strong></span> <span class='ocrx_word' id='word_1_398' title='bbox 2782 2841 2956 2897; x_wconf 79' lang='grc' dir='ltr'><strong>»11οο</strong></span> <span class='ocrx_word' id='word_1_399' title='bbox 3004 2842 3173 2897; x_wconf 89' lang='lat' dir='ltr'><strong>etiam</strong></span> <span class='ocrx_word' id='word_1_400' title='bbox 3239 2841 3507 2895; x_wconf 87' lang='lat' dir='ltr'><strong>Dominus</strong></span> <span class='ocrx_word' id='word_1_401' title='bbox 3579 2852 3676 2910; x_wconf 82' lang='lat' dir='ltr'><strong>per</strong></span> 
     </span>
    </p>
   </div>
   <div class='ocr_carea' id='block_1_59' title="bbox 2099 2929 3678 3012">
    <p class='ocr_par' dir='ltr' id='par_1_59' title="bbox 2099 2929 3678 3012">
     <span class='ocr_line' id='line_1_59' title="bbox 2099 2929 3678 3012; baseline -0.007 -19"><span class='ocrx_word' id='word_1_402' title='bbox 2099 2940 2316 3012; x_wconf 74' lang='lat' dir='ltr'><strong>beatum</strong></span> <span class='ocrx_word' id='word_1_403' title='bbox 2373 2935 2710 3007; x_wconf 86' lang='lat' dir='ltr'><strong>Sephoniam</strong></span> <span class='ocrx_word' id='word_1_404' title='bbox 2745 2934 2823 2988; x_wconf 88' lang='lat' dir='ltr'><strong>ait</strong></span> <span class='ocrx_word' id='word_1_405' title='bbox 2857 2951 2871 2988; x_wconf 90' lang='lat'><strong>:</strong></span> <span class='ocrx_word' id='word_1_406' title='bbox 2912 2950 2930 2983; x_wconf 81' lang='grc' dir='ltr'><strong>ι</strong></span> <span class='ocrx_word' id='word_1_407' title='bbox 2963 2931 3030 2985; x_wconf 89' lang='lat' dir='ltr'><strong>Et</strong></span> <span class='ocrx_word' id='word_1_408' title='bbox 3053 2930 3260 2987; x_wconf 89' lang='lat' dir='ltr'><strong>residui</strong></span> <span class='ocrx_word' id='word_1_409' title='bbox 3309 2929 3490 3000; x_wconf 85' lang='lat' dir='ltr'><strong>gentis</strong></span> <span class='ocrx_word' id='word_1_410' title='bbox 3543 2943 3678 2983; x_wconf 75' lang='lat' dir='ltr'><strong>mea:</strong></span> 
     </span>
    </p>
   </div>
   <div class='ocr_carea' id='block_1_60' title="bbox 2099 3022 3675 3101">
    <p class='ocr_par' dir='ltr' id='par_1_60' title="bbox 2099 3022 3675 3101">
     <span class='ocr_line' id='line_1_60' title="bbox 2099 3022 3675 3101; baseline -0.008 -17"><span class='ocrx_word' id='word_1_411' title='bbox 2099 3029 2461 3101; x_wconf 86' lang='lat' dir='ltr'><strong>possidebunt</strong></span> <span class='ocrx_word' id='word_1_412' title='bbox 2509 3043 2629 3084; x_wconf 88' lang='lat' dir='ltr'><strong>eos.</strong></span> <span class='ocrx_word' id='word_1_413' title='bbox 2670 3024 2922 3092; x_wconf 65' lang='lat' dir='ltr'><strong>rPostca</strong></span> <span class='ocrx_word' id='word_1_414' title='bbox 2964 3024 3185 3095; x_wconf 77' lang='lat' dir='ltr'><strong>planius</strong></span> <span class='ocrx_word' id='word_1_415' title='bbox 3240 3022 3675 3093; x_wconf 70' lang='lat' dir='ltr'><strong>interpretatur:</strong></span> 
     </span>
    </p>
   </div>
   <div class='ocr_carea' id='block_1_61' title="bbox 485 3219 1995 3307">
    <p class='ocr_par' dir='ltr' id='par_1_61' title="bbox 485 3219 1995 3299">
     <span class='ocr_line' id='line_1_61' title="bbox 485 3219 1995 3299; baseline 0.008 -25"><span class='ocrx_word' id='word_1_416' title='bbox 485 3219 572 3275; x_wconf 85' lang='grc' dir='ltr'>ια’.</span> <span class='ocrx_word' id='word_1_417' title='bbox 610 3239 629 3273; x_wconf 78' lang='grc' dir='ltr'><strong>ι</strong></span> <span class='ocrx_word' id='word_1_418' title='bbox 664 3222 1097 3296; x_wconf 81' lang='grc' dir='ltr'>Ἐπιφανήσεται</span> <span class='ocrx_word' id='word_1_419' title='bbox 1123 3227 1170 3263; x_wconf 73' lang='grc'><em>’³</em></span> <span class='ocrx_word' id='word_1_420' title='bbox 1228 3227 1428 3299; x_wconf 80' lang='grc' dir='ltr'>Κύριος</span> <span class='ocrx_word' id='word_1_421' title='bbox 1486 3231 1576 3284; x_wconf 61' lang='lat' dir='ltr'><strong>tu?</strong></span> <span class='ocrx_word' id='word_1_422' title='bbox 1631 3231 1868 3297; x_wconf 75' lang='grc' dir='ltr'>αὐτοὺς,</span> <span class='ocrx_word' id='word_1_423' title='bbox 1900 3232 1995 3286; x_wconf 76' lang='grc' dir='ltr'><strong>καὶ</strong></span> 
     </span>
    </p>
   </div>
   <div class='ocr_carea' id='block_1_62' title="bbox 2100 3219 3689 3307">
    <p class='ocr_par' dir='ltr' id='par_1_62' title="bbox 2176 3222 3689 3307">
     <span class='ocr_line' id='line_1_62' title="bbox 2176 3222 3689 3307; baseline -0.009 -20"><span class='ocrx_word' id='word_1_424' title='bbox 2176 3231 2336 3293; x_wconf 59' lang='lat' dir='ltr'><strong>Vens.</strong></span> <span class='ocrx_word' id='word_1_425' title='bbox 2373 3229 2459 3283; x_wconf 82' lang='lat' dir='ltr'><strong>ll.</strong></span> <span class='ocrx_word' id='word_1_426' title='bbox 2497 3247 2514 3278; x_wconf 79' lang='grc' dir='ltr'><strong>ι</strong></span> <span class='ocrx_word' id='word_1_427' title='bbox 2545 3225 2859 3297; x_wconf 72' lang='lat' dir='ltr'><strong>Apparebit~</strong></span> <span class='ocrx_word' id='word_1_428' title='bbox 2908 3222 3174 3291; x_wconf 82' lang='lat' dir='ltr'><strong>Dominus</strong></span> <span class='ocrx_word' id='word_1_429' title='bbox 3226 3235 3404 3307; x_wconf 32' lang='lat' dir='ltr'><strong>super.</strong></span> <span class='ocrx_word' id='word_1_430' title='bbox 3448 3233 3581 3284; x_wconf 87' lang='lat' dir='ltr'><strong>eos,</strong></span> <span class='ocrx_word' id='word_1_431' title='bbox 3623 3227 3689 3279; x_wconf 45' lang='lat' dir='ltr'><strong>et.</strong></span> 
     </span>
    </p>
   </div>
   <div class='ocr_carea' id='block_1_63' title="bbox 415 3311 2004 3392">
    <p class='ocr_par' dir='ltr' id='par_1_63' title="bbox 415 3311 2004 3392">
     <span class='ocr_line' id='line_1_63' title="bbox 415 3311 2004 3392; baseline 0.008 -27"><span class='ocrx_word' id='word_1_432' title='bbox 415 3311 785 3383; x_wconf 81' lang='grc' dir='ltr'>ἐξολοθρεύσει</span> <span class='ocrx_word' id='word_1_433' title='bbox 842 3317 1048 3382; x_wconf 72' lang='grc' dir='ltr'>πάντας</span> <span class='ocrx_word' id='word_1_434' title='bbox 1075 3319 1202 3383; x_wconf 79' lang='grc' dir='ltr'>τοὺς</span> <span class='ocrx_word' id='word_1_435' title='bbox 1231 3319 1386 3382; x_wconf 76' lang='grc' dir='ltr'>θεοὺς</span> <span class='ocrx_word' id='word_1_436' title='bbox 1415 3320 1522 3373; x_wconf 87' lang='grc' dir='ltr'><strong>τῶν</strong></span> <span class='ocrx_word' id='word_1_437' title='bbox 1540 3321 1721 3380; x_wconf 60' lang='grc' dir='ltr'>,ἐθνῶν</span> <span class='ocrx_word' id='word_1_438' title='bbox 1755 3322 1804 3356; x_wconf 78' lang='grc'><strong>⁸⁸</strong></span> <span class='ocrx_word' id='word_1_439' title='bbox 1831 3323 1929 3392; x_wconf 88' lang='grc' dir='ltr'>τῆς</span> <span class='ocrx_word' id='word_1_440' title='bbox 1949 3325 2004 3355; x_wconf 82' lang='lat'><strong>&quot;&quot;</strong></span> 
     </span>
    </p>
   </div>
   <div class='ocr_carea' id='block_1_64' title="bbox 415 3404 1996 3482">
    <p class='ocr_par' dir='ltr' id='par_1_64' title="bbox 415 3404 1996 3482">
     <span class='ocr_line' id='line_1_64' title="bbox 415 3404 1996 3482; baseline 0.006 -26"><span class='ocrx_word' id='word_1_441' title='bbox 415 3404 546 3474; x_wconf 85' lang='grc' dir='ltr'>γῆς,</span> <span class='ocrx_word' id='word_1_442' title='bbox 580 3406 675 3459; x_wconf 59' lang='grc' dir='ltr'><strong>καί¹</strong></span> <span class='ocrx_word' id='word_1_443' title='bbox 731 3409 1206 3479; x_wconf 87' lang='grc' dir='ltr'>προσκυνήσουσιν</span> <span class='ocrx_word' id='word_1_444' title='bbox 1237 3411 1285 3443; x_wconf 79' lang='grc'><strong>’⁸</strong></span> <span class='ocrx_word' id='word_1_445' title='bbox 1314 3411 1493 3482; x_wconf 82' lang='grc' dir='ltr'>αὐτῷ,</span> <span class='ocrx_word' id='word_1_446' title='bbox 1523 3411 1753 3476; x_wconf 77' lang='grc' dir='ltr'>ἕκαστος</span> <span class='ocrx_word' id='word_1_447' title='bbox 1795 3415 1859 3465; x_wconf 89' lang='grc' dir='ltr'><strong>ἐκ</strong></span> <span class='ocrx_word' id='word_1_448' title='bbox 1901 3413 1996 3466; x_wconf 81' lang='grc' dir='ltr'>τοῦ</span> 
     </span>
    </p>
   </div>
   <div class='ocr_carea' id='block_1_65' title="bbox 416 3495 1996 3570">
    <p class='ocr_par' dir='ltr' id='par_1_65' title="bbox 416 3495 1996 3570">
     <span class='ocr_line' id='line_1_65' title="bbox 416 3495 1996 3570; baseline 0.005 -24"><span class='ocrx_word' id='word_1_449' title='bbox 416 3495 583 3549; x_wconf 86' lang='grc' dir='ltr'>τόπου</span> <span class='ocrx_word' id='word_1_450' title='bbox 615 3496 804 3563; x_wconf 82' lang='grc' dir='ltr'>αὑτοῦ,</span> <span class='ocrx_word' id='word_1_451' title='bbox 838 3500 1010 3552; x_wconf 72' lang='grc' dir='ltr'>πᾶσαι</span> <span class='ocrx_word' id='word_1_452' title='bbox 1037 3502 1083 3532; x_wconf 80' lang='lat'><strong>”</strong></span> <span class='ocrx_word' id='word_1_453' title='bbox 1113 3502 1169 3552; x_wconf 81' lang='grc' dir='ltr'>αἱ</span> <span class='ocrx_word' id='word_1_454' title='bbox 1201 3500 1356 3570; x_wconf 84' lang='grc' dir='ltr'>νῆσοι</span> <span class='ocrx_word' id='word_1_455' title='bbox 1385 3502 1492 3554; x_wconf 90' lang='grc' dir='ltr'><strong>τῶν</strong></span> <span class='ocrx_word' id='word_1_456' title='bbox 1530 3501 1720 3555; x_wconf 87' lang='grc' dir='ltr'>ἐθνῶν.</span> <span class='ocrx_word' id='word_1_457' title='bbox 1760 3520 1778 3551; x_wconf 73' lang='grc' dir='ltr'><strong>ι</strong></span> <span class='ocrx_word' id='word_1_458' title='bbox 1814 3502 1996 3554; x_wconf 82' lang='grc' dir='ltr'>Ταῦτα</span> 
     </span>
    </p>
   </div>
   <div class='ocr_carea' id='block_1_66' title="bbox 372 3581 1994 3664">
    <p class='ocr_par' dir='ltr' id='par_1_66' title="bbox 372 3581 1994 3664">
     <span class='ocr_line' id='line_1_66' title="bbox 372 3581 1994 3664; baseline 0.005 -26"><span class='ocrx_word' id='word_1_459' title='bbox 372 3581 390 3590; x_wconf 75' lang='grc'><em>’</em></span> <span class='ocrx_word' id='word_1_460' title='bbox 417 3587 539 3639; x_wconf 77' lang='grc' dir='ltr'>οὐδὲ</span> <span class='ocrx_word' id='word_1_461' title='bbox 593 3587 692 3658; x_wconf 84' lang='grc' dir='ltr'>τὴν</span> <span class='ocrx_word' id='word_1_462' title='bbox 721 3589 1076 3660; x_wconf 84' lang='grc' dir='ltr'>ἀναίσχυντον</span> <span class='ocrx_word' id='word_1_463' title='bbox 1106 3591 1376 3646; x_wconf 72' lang='grc' dir='ltr'>Ἰουδαίων</span> <span class='ocrx_word' id='word_1_464' title='bbox 1415 3592 1732 3664; x_wconf 70' lang='grc' dir='ltr'>ἀντίρρησιν</span> <span class='ocrx_word' id='word_1_465' title='bbox 1759 3592 1994 3663; x_wconf 78' lang='grc' dir='ltr'>δέχεται.</span> 
     </span>
    </p>
   </div>
   <div class='ocr_carea' id='block_1_67' title="bbox 418 3675 1998 3752">
    <p class='ocr_par' dir='ltr' id='par_1_67' title="bbox 418 3675 1998 3752">
     <span class='ocr_line' id='line_1_67' title="bbox 418 3675 1998 3752; baseline 0.004 -24"><span class='ocrx_word' id='word_1_466' title='bbox 418 3676 481 3728; x_wconf 85' lang='grc' dir='ltr'>Εἰ</span> <span class='ocrx_word' id='word_1_467' title='bbox 511 3675 620 3748; x_wconf 76' lang='grc' dir='ltr'>γὰρ</span> <span class='ocrx_word' id='word_1_468' title='bbox 676 3678 903 3746; x_wconf 80' lang='grc' dir='ltr'>λέγοιεν,</span> <span class='ocrx_word' id='word_1_469' title='bbox 934 3679 1022 3732; x_wconf 77' lang='grc' dir='ltr'><strong>ὅτι</strong></span> <span class='ocrx_word' id='word_1_470' title='bbox 1077 3679 1216 3749; x_wconf 85' lang='grc' dir='ltr'>μετὰ</span> <span class='ocrx_word' id='word_1_471' title='bbox 1269 3680 1366 3752; x_wconf 81' lang='grc' dir='ltr'>τὴν</span> <span class='ocrx_word' id='word_1_472' title='bbox 1396 3681 1507 3749; x_wconf 70' lang='grc' dir='ltr'><strong>ἀπὸ</strong></span> <span class='ocrx_word' id='word_1_473' title='bbox 1560 3681 1876 3746; x_wconf 84' lang='grc' dir='ltr'>Βαϐυλῶνος</span> <span class='ocrx_word' id='word_1_474' title='bbox 1907 3685 1998 3735; x_wconf 86' lang='grc' dir='ltr'>ἐπ-</span> 
     </span>
    </p>
   </div>
   <div class='ocr_carea' id='block_1_68' title="bbox 417 3755 1999 3836">
    <p class='ocr_par' dir='ltr' id='par_1_68' title="bbox 417 3755 1999 3836">
     <span class='ocr_line' id='line_1_68' title="bbox 417 3755 1999 3836; baseline 0.006 -16"><span class='ocrx_word' id='word_1_475' title='bbox 417 3765 605 3822; x_wconf 83' lang='grc' dir='ltr'>άνοδον</span> <span class='ocrx_word' id='word_1_476' title='bbox 636 3769 819 3822; x_wconf 77' lang='grc' dir='ltr'>πολλοὶ</span> <span class='ocrx_word' id='word_1_477' title='bbox 849 3771 957 3822; x_wconf 91' lang='grc' dir='ltr'><strong>τῶν</strong></span> <span class='ocrx_word' id='word_1_478' title='bbox 1013 3771 1202 3836; x_wconf 85' lang='grc' dir='ltr'>ἐθνῶν,</span> <span class='ocrx_word' id='word_1_479' title='bbox 1234 3774 1315 3836; x_wconf 88' lang='grc' dir='ltr'><strong>είς</strong></span> <span class='ocrx_word' id='word_1_480' title='bbox 1347 3755 1459 3828; x_wconf 26' lang='grc' dir='ltr'>,τὸν</span> <span class='ocrx_word' id='word_1_481' title='bbox 1514 3774 1621 3828; x_wconf 88' lang='grc' dir='ltr'><strong>τῶν</strong></span> <span class='ocrx_word' id='word_1_482' title='bbox 1675 3775 1999 3833; x_wconf 70' lang='grc' dir='ltr'>ὅλωνπεπι-</span> 
     </span>
    </p>
   </div>
   <div class='ocr_carea' id='block_1_69' title="bbox 418 3861 1998 3940">
    <p class='ocr_par' dir='ltr' id='par_1_69' title="bbox 418 3861 1998 3940">
     <span class='ocr_line' id='line_1_69' title="bbox 418 3861 1998 3940; baseline 0.005 -27"><span class='ocrx_word' id='word_1_483' title='bbox 418 3861 705 3924; x_wconf 84' lang='grc' dir='ltr'>στευκότες</span> <span class='ocrx_word' id='word_1_484' title='bbox 759 3861 914 3927; x_wconf 76' lang='grc' dir='ltr'>Θεὸν,</span> <span class='ocrx_word' id='word_1_485' title='bbox 944 3863 1023 3926; x_wconf 85' lang='grc' dir='ltr'>εἰς</span> <span class='ocrx_word' id='word_1_486' title='bbox 1074 3863 1166 3915; x_wconf 83' lang='grc' dir='ltr'>τὸν</span> <span class='ocrx_word' id='word_1_487' title='bbox 1213 3865 1270 3916; x_wconf 89' lang='grc' dir='ltr'><strong>ἐν</strong></span> <span class='ocrx_word' id='word_1_488' title='bbox 1309 3864 1703 3936; x_wconf 78' lang='grc' dir='ltr'>Ἱεροσολύμοις</span> <span class='ocrx_word' id='word_1_489' title='bbox 1737 3867 1873 3920; x_wconf 90' lang='grc' dir='ltr'>νεὼν</span> <span class='ocrx_word' id='word_1_490' title='bbox 1899 3869 1998 3940; x_wconf 81' lang='grc' dir='ltr'><strong>τὴν</strong></span> 
     </span>
    </p>
   </div>
   <div class='ocr_carea' id='block_1_70' title="bbox 355 3951 1997 4028">
    <p class='ocr_par' dir='ltr' id='par_1_70' title="bbox 355 3951 1997 4028">
     <span class='ocr_line' id='line_1_70' title="bbox 355 3951 1997 4028; baseline 0.005 -24"><span class='ocrx_word' id='word_1_491' title='bbox 355 4021 362 4027; x_wconf 86' lang='lat'>_</span> <span class='ocrx_word' id='word_1_492' title='bbox 417 3951 654 4021; x_wconf 73' lang='grc' dir='ltr'>νομικὴν</span> <span class='ocrx_word' id='word_1_493' title='bbox 683 3952 973 4006; x_wconf 81' lang='grc' dir='ltr'>ἐπετέλουν</span> <span class='ocrx_word' id='word_1_494' title='bbox 1001 3953 1285 4024; x_wconf 89' lang='grc' dir='ltr'>λατρείαν,</span> <span class='ocrx_word' id='word_1_495' title='bbox 1316 3954 1782 4026; x_wconf 79' lang='grc' dir='ltr'>ψευδηγοροῦντες</span> <span class='ocrx_word' id='word_1_496' title='bbox 1811 3961 1997 4028; x_wconf 70' lang='grc' dir='ltr'>σαφῶς</span> 
     </span>
    </p>
   </div>
   <div class='ocr_carea' id='block_1_71' title="bbox 419 4043 1996 4125">
    <p class='ocr_par' dir='ltr' id='par_1_71' title="bbox 419 4043 1996 4125">
     <span class='ocr_line' id='line_1_71' title="bbox 419 4043 1996 4125; baseline 0.006 -31"><span class='ocrx_word' id='word_1_497' title='bbox 419 4043 840 4113; x_wconf 83' lang='grc' dir='ltr'>ἐλεγχθήσονται</span> <span class='ocrx_word' id='word_1_498' title='bbox 875 4059 890 4077; x_wconf 82' lang='grc'><strong>’</strong></span> <span class='ocrx_word' id='word_1_499' title='bbox 919 4047 948 4098; x_wconf 94' lang='lat'><strong>6</strong></span> <span class='ocrx_word' id='word_1_500' title='bbox 977 4045 1089 4116; x_wconf 79' lang='grc' dir='ltr'>γὰρ</span> <span class='ocrx_word' id='word_1_501' title='bbox 1143 4047 1480 4125; x_wconf 64' lang='grc' dir='ltr'>προφητικὸς</span> <span class='ocrx_word' id='word_1_502' title='bbox 1507 4048 1666 4117; x_wconf 86' lang='grc' dir='ltr'>λόγος</span> <span class='ocrx_word' id='word_1_503' title='bbox 1695 4051 1880 4120; x_wconf 79' lang='grc' dir='ltr'>φησὶν,</span> <span class='ocrx_word' id='word_1_504' title='bbox 1915 4052 1996 4104; x_wconf 86' lang='grc' dir='ltr'>ὃτι</span> 
     </span>
    </p>
   </div>
   <div class='ocr_carea' id='block_1_72' title="bbox 425 4137 1989 4209">
    <p class='ocr_par' dir='ltr' id='par_1_72' title="bbox 425 4137 1989 4209">
     <span class='ocr_line' id='line_1_72' title="bbox 425 4137 1989 4209; baseline 0.005 -22"><span class='ocrx_word' id='word_1_505' title='bbox 425 4155 445 4187; x_wconf 73' lang='grc' dir='ltr'><strong>ι</strong></span> <span class='ocrx_word' id='word_1_506' title='bbox 474 4137 951 4206; x_wconf 77' lang='grc' dir='ltr'>Προσκυνήσουσιν</span> <span class='ocrx_word' id='word_1_507' title='bbox 967 4137 1116 4209; x_wconf 83' lang='grc' dir='ltr'>αὐτῷ</span> <span class='ocrx_word' id='word_1_508' title='bbox 1135 4137 1443 4202; x_wconf 75' lang='grc' dir='ltr'>ἐκαστοςέκ</span> <span class='ocrx_word' id='word_1_509' title='bbox 1471 4139 1565 4204; x_wconf 25' lang='grc' dir='ltr'>τοῦ,</span> <span class='ocrx_word' id='word_1_510' title='bbox 1579 4141 1742 4194; x_wconf 88' lang='grc' dir='ltr'>τόπου</span> <span class='ocrx_word' id='word_1_511' title='bbox 1765 4141 1948 4200; x_wconf 81' lang='grc' dir='ltr'>αὑτοῦ.</span> <span class='ocrx_word' id='word_1_512' title='bbox 1970 4161 1989 4195; x_wconf 75' lang='grc' dir='ltr'><strong>ι</strong></span> 
     </span>
    </p>
   </div>
   <div class='ocr_carea' id='block_1_73' title="bbox 420 4225 1996 4306">
    <p class='ocr_par' dir='ltr' id='par_1_73' title="bbox 420 4225 1996 4306">
     <span class='ocr_line' id='line_1_73' title="bbox 420 4225 1996 4306; baseline 0.005 -27"><span class='ocrx_word' id='word_1_513' title='bbox 420 4225 596 4279; x_wconf 85' lang='grc' dir='ltr'>Τοῦτο</span> <span class='ocrx_word' id='word_1_514' title='bbox 623 4227 681 4278; x_wconf 86' lang='grc' dir='ltr'>δὲ</span> <span class='ocrx_word' id='word_1_515' title='bbox 711 4227 771 4280; x_wconf 79' lang='grc' dir='ltr'><strong>οὐ</strong></span> <span class='ocrx_word' id='word_1_516' title='bbox 803 4227 944 4282; x_wconf 66' lang='grc' dir='ltr'>κατὰ</span> <span class='ocrx_word' id='word_1_517' title='bbox 972 4228 1158 4299; x_wconf 86' lang='grc' dir='ltr'>νόμον,</span> <span class='ocrx_word' id='word_1_518' title='bbox 1176 4228 1312 4283; x_wconf 82' lang='grc' dir='ltr'>ἀλλὰ</span> <span class='ocrx_word' id='word_1_519' title='bbox 1339 4230 1479 4284; x_wconf 86' lang='grc' dir='ltr'><strong>κατά</strong></span> <span class='ocrx_word' id='word_1_520' title='bbox 1507 4232 1604 4301; x_wconf 85' lang='grc' dir='ltr'>τὴν</span> <span class='ocrx_word' id='word_1_521' title='bbox 1635 4233 1996 4306; x_wconf 81' lang='grc' dir='ltr'>εὐαγγελικὴν</span> 
     </span>
    </p>
   </div>
   <div class='ocr_carea' id='block_1_74' title="bbox 419 4318 1995 4395">
    <p class='ocr_par' dir='ltr' id='par_1_74' title="bbox 419 4318 1995 4395">
     <span class='ocr_line' id='line_1_74' title="bbox 419 4318 1995 4395; baseline 0.005 -25"><span class='ocrx_word' id='word_1_522' title='bbox 419 4318 772 4372; x_wconf 82' lang='grc' dir='ltr'>διδασκαλίαν</span> <span class='ocrx_word' id='word_1_523' title='bbox 801 4320 1093 4390; x_wconf 81' lang='grc' dir='ltr'>γεγένηται</span> <span class='ocrx_word' id='word_1_524' title='bbox 1115 4338 1129 4352; x_wconf 85' lang='grc'><strong>·</strong></span> <span class='ocrx_word' id='word_1_525' title='bbox 1160 4322 1188 4374; x_wconf 92' lang='lat'><strong>6</strong></span> <span class='ocrx_word' id='word_1_526' title='bbox 1221 4321 1321 4392; x_wconf 84' lang='grc' dir='ltr'>μὲν</span> <span class='ocrx_word' id='word_1_527' title='bbox 1351 4321 1457 4395; x_wconf 80' lang='grc' dir='ltr'>γὰρ</span> <span class='ocrx_word' id='word_1_528' title='bbox 1487 4322 1650 4392; x_wconf 88' lang='grc' dir='ltr'>νόμος</span> <span class='ocrx_word' id='word_1_529' title='bbox 1678 4325 1886 4390; x_wconf 85' lang='grc' dir='ltr'>πάντας</span> <span class='ocrx_word' id='word_1_530' title='bbox 1915 4327 1995 4390; x_wconf 90' lang='grc' dir='ltr'><strong>είς</strong></span> 
     </span>
    </p>
   </div>
   <div class='ocr_carea' id='block_1_75' title="bbox 419 4409 1992 4487">
    <p class='ocr_par' dir='ltr' id='par_1_75' title="bbox 419 4409 1992 4487">
     <span class='ocr_line' id='line_1_75' title="bbox 419 4409 1992 4487; baseline 0.007 -26"><span class='ocrx_word' id='word_1_531' title='bbox 419 4409 512 4462; x_wconf 80' lang='grc' dir='ltr'><strong>τὸν</strong></span> <span class='ocrx_word' id='word_1_532' title='bbox 539 4410 636 4463; x_wconf 75' lang='grc' dir='ltr'><strong>ἕνα</strong></span> <span class='ocrx_word' id='word_1_533' title='bbox 690 4412 897 4466; x_wconf 84' lang='grc' dir='ltr'>ἐκεῖνον</span> <span class='ocrx_word' id='word_1_534' title='bbox 954 4414 1156 4484; x_wconf 83' lang='grc' dir='ltr'>συνῆγε</span> <span class='ocrx_word' id='word_1_535' title='bbox 1211 4415 1347 4468; x_wconf 83' lang='grc' dir='ltr'>νεών</span> <span class='ocrx_word' id='word_1_536' title='bbox 1372 4431 1386 4444; x_wconf 91' lang='grc'><strong>·</strong></span> <span class='ocrx_word' id='word_1_537' title='bbox 1418 4416 1446 4468; x_wconf 91' lang='lat'><strong>6</strong></span> <span class='ocrx_word' id='word_1_538' title='bbox 1475 4415 1532 4469; x_wconf 87' lang='grc' dir='ltr'>δὲ</span> <span class='ocrx_word' id='word_1_539' title='bbox 1563 4417 1768 4487; x_wconf 81' lang='grc' dir='ltr'>Κύριος</span> <span class='ocrx_word' id='word_1_540' title='bbox 1796 4419 1854 4474; x_wconf 68' lang='grc' dir='ltr'>ἓν</span> <span class='ocrx_word' id='word_1_541' title='bbox 1881 4423 1992 4484; x_wconf 78' lang='grc' dir='ltr'>τοῖς</span> 
     </span>
    </p>
   </div>
   <div class='ocr_carea' id='block_1_76' title="bbox 421 4502 1994 4580">
    <p class='ocr_par' dir='ltr' id='par_1_76' title="bbox 421 4502 1994 4580">
     <span class='ocr_line' id='line_1_76' title="bbox 421 4502 1994 4580; baseline 0.006 -26"><span class='ocrx_word' id='word_1_542' title='bbox 421 4502 777 4569; x_wconf 68' lang='grc' dir='ltr'>Εἱαγγελίοις</span> <span class='ocrx_word' id='word_1_543' title='bbox 803 4506 868 4574; x_wconf 81' lang='grc' dir='ltr'>τῇ</span> <span class='ocrx_word' id='word_1_544' title='bbox 900 4503 1253 4576; x_wconf 80' lang='grc' dir='ltr'>Σαμαρείτιδί</span> <span class='ocrx_word' id='word_1_545' title='bbox 1293 4522 1478 4576; x_wconf 77' lang='grc' dir='ltr'>φησιν’</span> <span class='ocrx_word' id='word_1_546' title='bbox 1516 4523 1534 4556; x_wconf 82' lang='grc' dir='ltr'><strong>ι</strong></span> <span class='ocrx_word' id='word_1_547' title='bbox 1575 4507 1748 4578; x_wconf 78' lang='grc' dir='ltr'>Ἀμήν</span> <span class='ocrx_word' id='word_1_548' title='bbox 1771 4513 1815 4573; x_wconf 79' lang='grc'>¹,</span> <span class='ocrx_word' id='word_1_549' title='bbox 1846 4509 1994 4580; x_wconf 81' lang='grc' dir='ltr'>ἀμὴν</span> 
     </span>
    </p>
   </div>
   <div class='ocr_carea' id='block_1_77' title="bbox 2099 3309 3694 3393">
    <p class='ocr_par' dir='ltr' id='par_1_77' title="bbox 2099 3309 3694 3393">
     <span class='ocr_line' id='line_1_77' title="bbox 2099 3309 3694 3393; baseline -0.009 -16"><span class='ocrx_word' id='word_1_550' title='bbox 2099 3323 2378 3393; x_wconf 83' lang='lat' dir='ltr'><strong>disperdet</strong></span> <span class='ocrx_word' id='word_1_551' title='bbox 2406 3335 2598 3375; x_wconf 87' lang='lat' dir='ltr'><strong>omnes</strong></span> <span class='ocrx_word' id='word_1_552' title='bbox 2627 3321 2761 3374; x_wconf 90' lang='lat' dir='ltr'><strong>deos</strong></span> <span class='ocrx_word' id='word_1_553' title='bbox 2791 3317 3034 3388; x_wconf 86' lang='lat' dir='ltr'><strong>gentium</strong></span> <span class='ocrx_word' id='word_1_554' title='bbox 3061 3323 3243 3378; x_wconf 64' lang='lat' dir='ltr'><strong>terrae,</strong></span> <span class='ocrx_word' id='word_1_555' title='bbox 3297 3320 3354 3367; x_wconf 91' lang='lat' dir='ltr'><strong>et</strong></span> <span class='ocrx_word' id='word_1_556' title='bbox 3374 3309 3694 3375; x_wconf 62' lang='lat' dir='ltr'><strong>adorabunt</strong></span> 
     </span>
    </p>
   </div>
   <div class='ocr_carea' id='block_1_78' title="bbox 2097 3401 3673 3484">
    <p class='ocr_par' dir='ltr' id='par_1_78' title="bbox 2097 3401 3673 3484">
     <span class='ocr_line' id='line_1_78' title="bbox 2097 3401 3673 3484; baseline -0.011 -15"><span class='ocrx_word' id='word_1_557' title='bbox 2097 3431 2224 3470; x_wconf 86' lang='lat' dir='ltr'><strong>eum</strong></span> <span class='ocrx_word' id='word_1_558' title='bbox 2258 3413 2458 3484; x_wconf 86' lang='lat' dir='ltr'><strong>singuli</strong></span> <span class='ocrx_word' id='word_1_559' title='bbox 2489 3412 2556 3467; x_wconf 88' lang='lat' dir='ltr'><strong>de</strong></span> <span class='ocrx_word' id='word_1_560' title='bbox 2595 3411 2714 3465; x_wconf 90' lang='lat' dir='ltr'><strong>loco</strong></span> <span class='ocrx_word' id='word_1_561' title='bbox 2748 3426 2870 3473; x_wconf 90' lang='lat' dir='ltr'><strong>suo,</strong></span> <span class='ocrx_word' id='word_1_562' title='bbox 2912 3422 3108 3462; x_wconf 88' lang='lat' dir='ltr'><strong>omnes</strong></span> <span class='ocrx_word' id='word_1_563' title='bbox 3141 3405 3334 3462; x_wconf 69' lang='lat' dir='ltr'><strong>insula:</strong></span> <span class='ocrx_word' id='word_1_564' title='bbox 3375 3401 3673 3475; x_wconf 63' lang='lat' dir='ltr'><strong>gentium.»</strong></span> 
     </span>
    </p>
   </div>
   <div class='ocr_carea' id='block_1_79' title="bbox 2097 3493 3691 3571">
    <p class='ocr_par' dir='ltr' id='par_1_79' title="bbox 2097 3493 3691 3571">
     <span class='ocr_line' id='line_1_79' title="bbox 2097 3493 3691 3571; baseline -0.009 -13"><span class='ocrx_word' id='word_1_565' title='bbox 2097 3507 2224 3560; x_wconf 69' lang='lat' dir='ltr'><strong>Haec</strong></span> <span class='ocrx_word' id='word_1_566' title='bbox 2254 3506 2417 3560; x_wconf 89' lang='lat' dir='ltr'><strong>etiam</strong></span> <span class='ocrx_word' id='word_1_567' title='bbox 2445 3501 2814 3571; x_wconf 90' lang='lat' dir='ltr'><strong>impudentem</strong></span> <span class='ocrx_word' id='word_1_568' title='bbox 2837 3499 3152 3554; x_wconf 71' lang='lat' dir='ltr'><strong>Judazorum</strong></span> <span class='ocrx_word' id='word_1_569' title='bbox 3177 3493 3691 3551; x_wconf 75' lang='lat' dir='ltr'><strong>contradictionem</strong></span> 
     </span>
    </p>
   </div>
   <div class='ocr_carea' id='block_1_80' title="bbox 2100 3581 3678 3656">
    <p class='ocr_par' dir='ltr' id='par_1_80' title="bbox 2100 3581 3678 3656">
     <span class='ocr_line' id='line_1_80' title="bbox 2100 3581 3678 3656; baseline -0.01 -8"><span class='ocrx_word' id='word_1_570' title='bbox 2100 3595 2325 3648; x_wconf 89' lang='lat' dir='ltr'><strong>minime</strong></span> <span class='ocrx_word' id='word_1_571' title='bbox 2375 3593 2693 3647; x_wconf 90' lang='lat' dir='ltr'><strong>admittunt.</strong></span> <span class='ocrx_word' id='word_1_572' title='bbox 2755 3589 2892 3644; x_wconf 87' lang='lat' dir='ltr'><strong>Nam</strong></span> <span class='ocrx_word' id='word_1_573' title='bbox 2927 3589 2973 3644; x_wconf 92' lang='lat' dir='ltr'><strong>si</strong></span> <span class='ocrx_word' id='word_1_574' title='bbox 3019 3587 3228 3654; x_wconf 86' lang='lat' dir='ltr'><strong>dicant,</strong></span> <span class='ocrx_word' id='word_1_575' title='bbox 3267 3594 3391 3656; x_wconf 84' lang='lat' dir='ltr'><strong>post</strong></span> <span class='ocrx_word' id='word_1_576' title='bbox 3443 3581 3678 3638; x_wconf 86' lang='lat' dir='ltr'><strong>reditum</strong></span> 
     </span>
    </p>
   </div>
   <div class='ocr_carea' id='block_1_81' title="bbox 2099 3673 3690 3756">
    <p class='ocr_par' dir='ltr' id='par_1_81' title="bbox 2099 3673 3690 3756">
     <span class='ocr_line' id='line_1_81' title="bbox 2099 3673 3690 3756; baseline -0.009 -16"><span class='ocrx_word' id='word_1_577' title='bbox 2099 3684 2432 3756; x_wconf 86' lang='lat' dir='ltr'><strong>eBabylone</strong></span> <span class='ocrx_word' id='word_1_578' title='bbox 2498 3684 2706 3738; x_wconf 90' lang='lat' dir='ltr'><strong>multos</strong></span> <span class='ocrx_word' id='word_1_579' title='bbox 2770 3699 2836 3738; x_wconf 80' lang='lat' dir='ltr'><strong>ex</strong></span> <span class='ocrx_word' id='word_1_580' title='bbox 2908 3679 3213 3751; x_wconf 79' lang='lat' dir='ltr'><strong>gentibus,</strong></span> <span class='ocrx_word' id='word_1_581' title='bbox 3275 3675 3445 3748; x_wconf 88' lang='lat' dir='ltr'><strong>quiin</strong></span> <span class='ocrx_word' id='word_1_582' title='bbox 3507 3673 3690 3737; x_wconf 73' lang='lat' dir='ltr'><strong>Deum</strong></span> 
     </span>
    </p>
   </div>
   <div class='ocr_carea' id='block_1_82' title="bbox 2099 3767 3683 3846">
    <p class='ocr_par' dir='ltr' id='par_1_82' title="bbox 2099 3767 3683 3846">
     <span class='ocr_line' id='line_1_82' title="bbox 2099 3767 3683 3846; baseline -0.009 -14"><span class='ocrx_word' id='word_1_583' title='bbox 2099 3777 2468 3843; x_wconf 87' lang='lat' dir='ltr'><strong>credideram,</strong></span> <span class='ocrx_word' id='word_1_584' title='bbox 2504 3776 2558 3831; x_wconf 93' lang='lat' dir='ltr'><strong>in</strong></span> <span class='ocrx_word' id='word_1_585' title='bbox 2599 3775 2799 3846; x_wconf 88' lang='lat' dir='ltr'><strong>templo</strong></span> <span class='ocrx_word' id='word_1_586' title='bbox 2865 3771 3362 3844; x_wconf 82' lang='lat' dir='ltr'><strong>llierosolymitano</strong></span> <span class='ocrx_word' id='word_1_587' title='bbox 3417 3767 3683 3824; x_wconf 77' lang='lat' dir='ltr'><strong>debitum‘</strong></span> 
     </span>
    </p>
   </div>
   <div class='ocr_carea' id='block_1_83' title="bbox 2099 3860 3700 3940">
    <p class='ocr_par' dir='ltr' id='par_1_83' title="bbox 2099 3860 3700 3940">
     <span class='ocr_line' id='line_1_83' title="bbox 2099 3860 3700 3940; baseline -0.009 -16"><span class='ocrx_word' id='word_1_588' title='bbox 2099 3873 2305 3924; x_wconf 79' lang='lat' dir='ltr'><strong>cultum</strong></span> <span class='ocrx_word' id='word_1_589' title='bbox 2339 3870 2683 3940; x_wconf 75' lang='lat' dir='ltr'><strong>praestitisse,</strong></span> <span class='ocrx_word' id='word_1_590' title='bbox 2736 3865 3005 3921; x_wconf 86' lang='lat' dir='ltr'><strong>mendacii</strong></span> <span class='ocrx_word' id='word_1_591' title='bbox 3054 3873 3240 3933; x_wconf 90' lang='lat' dir='ltr'><strong>aperte</strong></span> <span class='ocrx_word' id='word_1_592' title='bbox 3267 3860 3700 3923; x_wconf 66' lang='lat' dir='ltr'><strong>convincentur.</strong></span> 
     </span>
    </p>
   </div>
   <div class='ocr_carea' id='block_1_84' title="bbox 2097 3950 3685 4027">
    <p class='ocr_par' dir='ltr' id='par_1_84' title="bbox 2097 3950 3685 4027">
     <span class='ocr_line' id='line_1_84' title="bbox 2097 3950 3685 4027; baseline -0.008 -16"><span class='ocrx_word' id='word_1_593' title='bbox 2097 3959 2454 4027; x_wconf 81' lang='lat' dir='ltr'><strong>Propheticus</strong></span> <span class='ocrx_word' id='word_1_594' title='bbox 2481 3959 2628 4014; x_wconf 89' lang='lat' dir='ltr'><strong>enim</strong></span> <span class='ocrx_word' id='word_1_595' title='bbox 2677 3971 2855 4012; x_wconf 86' lang='lat' dir='ltr'><strong>sermo</strong></span> <span class='ocrx_word' id='word_1_596' title='bbox 2913 3953 3089 4007; x_wconf 91' lang='lat' dir='ltr'><strong>dicit:</strong></span> <span class='ocrx_word' id='word_1_597' title='bbox 3131 3970 3155 4004; x_wconf 62' lang='grc' dir='ltr'>ι.</span> <span class='ocrx_word' id='word_1_598' title='bbox 3208 3950 3528 4005; x_wconf 81' lang='lat' dir='ltr'><strong>Aderabunt</strong></span> <span class='ocrx_word' id='word_1_599' title='bbox 3560 3962 3685 4007; x_wconf 84' lang='lat' dir='ltr'><strong>eum</strong></span> 
     </span>
    </p>
   </div>
   <div class='ocr_carea' id='block_1_85' title="bbox 2096 4037 3685 4116">
    <p class='ocr_par' dir='ltr' id='par_1_85' title="bbox 2096 4037 3685 4116">
     <span class='ocr_line' id='line_1_85' title="bbox 2096 4037 3685 4116; baseline -0.007 -15"><span class='ocrx_word' id='word_1_600' title='bbox 2096 4046 2295 4116; x_wconf 82' lang='lat' dir='ltr'><strong>singuli</strong></span> <span class='ocrx_word' id='word_1_601' title='bbox 2327 4047 2394 4102; x_wconf 87' lang='lat' dir='ltr'><strong>de</strong></span> <span class='ocrx_word' id='word_1_602' title='bbox 2415 4047 2532 4100; x_wconf 88' lang='lat' dir='ltr'><strong>loco</strong></span> <span class='ocrx_word' id='word_1_603' title='bbox 2559 4060 2679 4101; x_wconf 82' lang='lat' dir='ltr'><strong>suo.</strong></span> <span class='ocrx_word' id='word_1_604' title='bbox 2719 4064 2736 4096; x_wconf 74' lang='grc' dir='ltr'><strong>ο</strong></span> <span class='ocrx_word' id='word_1_605' title='bbox 2772 4044 2882 4098; x_wconf 91' lang='lat' dir='ltr'><strong>lloc</strong></span> <span class='ocrx_word' id='word_1_606' title='bbox 2905 4057 3032 4097; x_wconf 83' lang='lat' dir='ltr'><strong>vero</strong></span> <span class='ocrx_word' id='word_1_607' title='bbox 3055 4055 3162 4095; x_wconf 91' lang='lat' dir='ltr'><strong>non</strong></span> <span class='ocrx_word' id='word_1_608' title='bbox 3185 4039 3343 4108; x_wconf 80' lang='lat' dir='ltr'><strong>juxta</strong></span> <span class='ocrx_word' id='word_1_609' title='bbox 3367 4040 3562 4109; x_wconf 90' lang='lat' dir='ltr'><strong>legem,</strong></span> <span class='ocrx_word' id='word_1_610' title='bbox 3591 4037 3685 4091; x_wconf 91' lang='lat' dir='ltr'><strong>sed</strong></span> 
     </span>
    </p>
   </div>
   <div class='ocr_carea' id='block_1_86' title="bbox 2090 4127 3684 4208">
    <p class='ocr_par' dir='ltr' id='par_1_86' title="bbox 2090 4127 3684 4208">
     <span class='ocr_line' id='line_1_86' title="bbox 2090 4127 3684 4208; baseline -0.008 -17"><span class='ocrx_word' id='word_1_611' title='bbox 2090 4138 2246 4208; x_wconf 78' lang='lat' dir='ltr'><strong>juxta</strong></span> <span class='ocrx_word' id='word_1_612' title='bbox 2275 4139 2647 4206; x_wconf 72' lang='lat' dir='ltr'><strong>evangelicam</strong></span> <span class='ocrx_word' id='word_1_613' title='bbox 2673 4136 2978 4192; x_wconf 90' lang='lat' dir='ltr'><strong>doctrinam</strong></span> <span class='ocrx_word' id='word_1_614' title='bbox 3011 4132 3212 4186; x_wconf 82' lang='lat' dir='ltr'><strong>factum</strong></span> <span class='ocrx_word' id='word_1_615' title='bbox 3263 4139 3390 4196; x_wconf 88' lang='lat' dir='ltr'><strong>est;</strong></span> <span class='ocrx_word' id='word_1_616' title='bbox 3426 4143 3550 4182; x_wconf 88' lang='lat' dir='ltr'><strong>nam</strong></span> <span class='ocrx_word' id='word_1_617' title='bbox 3597 4127 3684 4180; x_wconf 78' lang='lat' dir='ltr'><strong>lex</strong></span> 
     </span>
    </p>
   </div>
   <div class='ocr_carea' id='block_1_87' title="bbox 2096 4218 3687 4300">
    <p class='ocr_par' dir='ltr' id='par_1_87' title="bbox 2096 4218 3687 4300">
     <span class='ocr_line' id='line_1_87' title="bbox 2096 4218 3687 4300; baseline -0.009 -15"><span class='ocrx_word' id='word_1_618' title='bbox 2096 4229 2314 4300; x_wconf 87' lang='lat' dir='ltr'><strong>quidem</strong></span> <span class='ocrx_word' id='word_1_619' title='bbox 2332 4245 2521 4285; x_wconf 89' lang='lat' dir='ltr'><strong>omnes</strong></span> <span class='ocrx_word' id='word_1_620' title='bbox 2551 4229 2606 4284; x_wconf 92' lang='lat' dir='ltr'><strong>in</strong></span> <span class='ocrx_word' id='word_1_621' title='bbox 2635 4243 2804 4283; x_wconf 88' lang='lat' dir='ltr'><strong>unum</strong></span> <span class='ocrx_word' id='word_1_622' title='bbox 2842 4226 2975 4280; x_wconf 91' lang='lat' dir='ltr'><strong>illud</strong></span> <span class='ocrx_word' id='word_1_623' title='bbox 3006 4223 3263 4293; x_wconf 90' lang='lat' dir='ltr'><strong>templum</strong></span> <span class='ocrx_word' id='word_1_624' title='bbox 3311 4218 3687 4290; x_wconf 82' lang='lat' dir='ltr'><strong>congregavit-</strong></span> 
     </span>
    </p>
   </div>
   <div class='ocr_carea' id='block_1_88' title="bbox 2096 4300 3683 4392">
    <p class='ocr_par' dir='ltr' id='par_1_88' title="bbox 2096 4300 3683 4392">
     <span class='ocr_line' id='line_1_88' title="bbox 2096 4300 3683 4392; baseline -0.008 -17"><span class='ocrx_word' id='word_1_625' title='bbox 2096 4322 2358 4378; x_wconf 85' lang='lat' dir='ltr'><strong>Dominus</strong></span> <span class='ocrx_word' id='word_1_626' title='bbox 2375 4331 2555 4378; x_wconf 90' lang='lat' dir='ltr'><strong>autem</strong></span> <span class='ocrx_word' id='word_1_627' title='bbox 2585 4322 2639 4376; x_wconf 91' lang='lat' dir='ltr'><strong>in</strong></span> <span class='ocrx_word' id='word_1_628' title='bbox 2664 4319 2975 4392; x_wconf 84' lang='lat' dir='ltr'><strong>Evangeliis</strong></span> <span class='ocrx_word' id='word_1_629' title='bbox 2992 4317 3058 4373; x_wconf 91' lang='lat' dir='ltr'><strong>ad</strong></span> <span class='ocrx_word' id='word_1_630' title='bbox 3088 4300 3486 4372; x_wconf 80' lang='lat' dir='ltr'><strong>Samaritanam</strong></span> <span class='ocrx_word' id='word_1_631' title='bbox 3510 4311 3646 4366; x_wconf 80' lang='lat' dir='ltr'><strong>dixit</strong></span> <span class='ocrx_word' id='word_1_632' title='bbox 3670 4337 3683 4372; x_wconf 85' lang='grc'>;</span> 
     </span>
    </p>
   </div>
   <div class='ocr_carea' id='block_1_89' title="bbox 2101 4407 3686 4481">
    <p class='ocr_par' dir='ltr' id='par_1_89' title="bbox 2101 4407 3686 4481">
     <span class='ocr_line' id='line_1_89' title="bbox 2101 4407 3686 4481; baseline -0.006 -14"><span class='ocrx_word' id='word_1_633' title='bbox 2101 4433 2120 4467; x_wconf 78' lang='grc' dir='ltr'><strong>ι</strong></span> <span class='ocrx_word' id='word_1_634' title='bbox 2149 4413 2310 4481; x_wconf 78' lang='lat' dir='ltr'><strong>Vere,</strong></span> <span class='ocrx_word' id='word_1_635' title='bbox 2331 4429 2458 4470; x_wconf 81' lang='lat' dir='ltr'><strong>vere</strong></span> <span class='ocrx_word' id='word_1_636' title='bbox 2481 4415 2578 4469; x_wconf 89' lang='lat' dir='ltr'><strong>tibi</strong></span> <span class='ocrx_word' id='word_1_637' title='bbox 2606 4415 2750 4478; x_wconf 89' lang='lat' dir='ltr'><strong>dico,</strong></span> <span class='ocrx_word' id='word_1_638' title='bbox 2773 4413 2990 4478; x_wconf 86' lang='lat' dir='ltr'><strong>mulier,</strong></span> <span class='ocrx_word' id='word_1_639' title='bbox 3016 4407 3686 4475; x_wconf 77' lang='lat' dir='ltr'><strong>venieLhoraqnancqnc</strong></span> 
     </span>
    </p>
   </div>
   <div class='ocr_carea' id='block_1_90' title="bbox 2095 4495 3686 4578">
    <p class='ocr_par' dir='ltr' id='par_1_90' title="bbox 2095 4495 3686 4578">
     <span class='ocr_line' id='line_1_90' title="bbox 2095 4495 3686 4578; baseline -0.007 -16"><span class='ocrx_word' id='word_1_640' title='bbox 2095 4508 2151 4564; x_wconf 93' lang='lat' dir='ltr'><strong>in</strong></span> <span class='ocrx_word' id='word_1_641' title='bbox 2182 4506 2590 4578; x_wconf 81' lang='lat' dir='ltr'><strong>Hierosolymis,</strong></span> <span class='ocrx_word' id='word_1_642' title='bbox 2615 4521 2792 4577; x_wconf 89' lang='lat' dir='ltr'><strong>neque</strong></span> <span class='ocrx_word' id='word_1_643' title='bbox 2851 4504 2907 4558; x_wconf 92' lang='lat' dir='ltr'><strong>in</strong></span> <span class='ocrx_word' id='word_1_644' title='bbox 2965 4503 3083 4557; x_wconf 91' lang='lat' dir='ltr'><strong>loco</strong></span> <span class='ocrx_word' id='word_1_645' title='bbox 3112 4500 3237 4563; x_wconf 93' lang='lat' dir='ltr'><strong>hoc,</strong></span> <span class='ocrx_word' id='word_1_646' title='bbox 3268 4496 3362 4554; x_wconf 88' lang='lat' dir='ltr'><strong>sed</strong></span> <span class='ocrx_word' id='word_1_647' title='bbox 3391 4497 3446 4552; x_wconf 90' lang='lat' dir='ltr'><strong>in</strong></span> <span class='ocrx_word' id='word_1_648' title='bbox 3488 4495 3686 4565; x_wconf 83' lang='lat' dir='ltr'><strong>quovis</strong></span> 
     </span>
    </p>
   </div>
   <div class='ocr_carea' id='block_1_91' title="bbox 422 4579 1995 4671">
    <p class='ocr_par' dir='ltr' id='par_1_91' title="bbox 422 4579 1995 4671">
     <span class='ocr_line' id='line_1_91' title="bbox 422 4579 1995 4671; baseline 0.006 -26"><span class='ocrx_word' id='word_1_649' title='bbox 422 4593 565 4661; x_wconf 82' lang='grc' dir='ltr'>λέγω</span> <span class='ocrx_word' id='word_1_650' title='bbox 595 4612 699 4660; x_wconf 90' lang='grc' dir='ltr'>σοι,</span> <span class='ocrx_word' id='word_1_651' title='bbox 731 4595 912 4662; x_wconf 81' lang='grc' dir='ltr'>γύναι,</span> <span class='ocrx_word' id='word_1_652' title='bbox 941 4597 1024 4649; x_wconf 84' lang='grc' dir='ltr'><strong>ὄτι</strong></span> <span class='ocrx_word' id='word_1_653' title='bbox 1053 4596 1270 4668; x_wconf 81' lang='grc' dir='ltr'>ἔρχεται</span> <span class='ocrx_word' id='word_1_654' title='bbox 1299 4598 1436 4667; x_wconf 84' lang='grc' dir='ltr'>ὥρα,</span> <span class='ocrx_word' id='word_1_655' title='bbox 1468 4599 1557 4652; x_wconf 83' lang='grc' dir='ltr'>ὅτε</span> <span class='ocrx_word' id='word_1_656' title='bbox 1584 4599 1708 4652; x_wconf 82' lang='grc' dir='ltr'>οὔτε</span> <span class='ocrx_word' id='word_1_657' title='bbox 1739 4601 1796 4653; x_wconf 79' lang='grc' dir='ltr'><strong>ἐν</strong></span> <span class='ocrx_word' id='word_1_658' title='bbox 1837 4579 1995 4671; x_wconf 85' lang='grc' dir='ltr'>Ἰερο-</span> 
     </span>
    </p>
   </div>
   <div class='ocr_carea' id='block_1_92' title="bbox 2100 4579 3688 4671">
    <p class='ocr_par' dir='ltr' id='par_1_92' title="bbox 2106 4585 3688 4655">
     <span class='ocr_line' id='line_1_92' title="bbox 2106 4585 3688 4655; baseline -0.011 0"><span class='ocrx_word' id='word_1_659' title='bbox 2106 4601 2229 4655; x_wconf 88' lang='lat' dir='ltr'><strong>loco</strong></span> <span class='ocrx_word' id='word_1_660' title='bbox 2289 4599 2597 4654; x_wconf 89' lang='lat' dir='ltr'><strong>adorabunt</strong></span> <span class='ocrx_word' id='word_1_661' title='bbox 2661 4596 2945 4651; x_wconf 64' lang='lat' dir='ltr'><strong>PatremC.</strong></span> <span class='ocrx_word' id='word_1_662' title='bbox 2991 4612 3010 4643; x_wconf 71' lang='grc' dir='ltr'><strong>ι</strong></span> <span class='ocrx_word' id='word_1_663' title='bbox 3061 4592 3175 4646; x_wconf 85' lang='lat' dir='ltr'><strong>lIoc</strong></span> <span class='ocrx_word' id='word_1_664' title='bbox 3232 4589 3397 4644; x_wconf 87' lang='lat' dir='ltr'><strong>etiam</strong></span> <span class='ocrx_word' id='word_1_665' title='bbox 3467 4585 3688 4641; x_wconf 77' lang='lat' dir='ltr'><strong>divinus</strong></span> 
     </span>
    </p>
   </div>
   <div class='ocr_carea' id='block_1_93' title="bbox 423 4685 2000 4762">
    <p class='ocr_par' dir='ltr' id='par_1_93' title="bbox 423 4685 2000 4762">
     <span class='ocr_line' id='line_1_93' title="bbox 423 4685 2000 4762; baseline 0.008 -26"><span class='ocrx_word' id='word_1_666' title='bbox 423 4685 697 4756; x_wconf 72' lang='grc' dir='ltr'>σολὺμοις,</span> <span class='ocrx_word' id='word_1_667' title='bbox 727 4687 849 4740; x_wconf 75' lang='grc' dir='ltr'>οὔτε</span> <span class='ocrx_word' id='word_1_668' title='bbox 906 4690 964 4741; x_wconf 87' lang='grc' dir='ltr'><strong>ἐν</strong></span> <span class='ocrx_word' id='word_1_669' title='bbox 1017 4687 1096 4758; x_wconf 84' lang='grc' dir='ltr'><strong>τῷ</strong></span> <span class='ocrx_word' id='word_1_670' title='bbox 1148 4689 1298 4760; x_wconf 86' lang='grc' dir='ltr'>τόπῳ</span> <span class='ocrx_word' id='word_1_671' title='bbox 1353 4692 1546 4762; x_wconf 85' lang='grc' dir='ltr'>τούτῳ,</span> <span class='ocrx_word' id='word_1_672' title='bbox 1580 4692 1695 4745; x_wconf 85' lang='grc' dir='ltr'>ἀλλ’</span> <span class='ocrx_word' id='word_1_673' title='bbox 1724 4695 1782 4746; x_wconf 89' lang='grc' dir='ltr'><strong>ἐν</strong></span> <span class='ocrx_word' id='word_1_674' title='bbox 1836 4696 2000 4748; x_wconf 81' lang='grc' dir='ltr'>παντὶ</span> 
     </span>
    </p>
   </div>
   <div class='ocr_carea' id='block_1_94' title="bbox 421 4777 1999 4854">
    <p class='ocr_par' dir='ltr' id='par_1_94' title="bbox 421 4777 1999 4854">
     <span class='ocr_line' id='line_1_94' title="bbox 421 4777 1999 4854; baseline 0.008 -26"><span class='ocrx_word' id='word_1_675' title='bbox 421 4777 575 4848; x_wconf 84' lang='grc' dir='ltr'>τόπῳ</span> <span class='ocrx_word' id='word_1_676' title='bbox 633 4781 1072 4850; x_wconf 77' lang='grc' dir='ltr'>προσκυνήσουσι</span> <span class='ocrx_word' id='word_1_677' title='bbox 1113 4781 1193 4851; x_wconf 82' lang='grc' dir='ltr'>τῷ</span> <span class='ocrx_word' id='word_1_678' title='bbox 1242 4783 1438 4854; x_wconf 87' lang='grc' dir='ltr'>Πατρί.</span> <span class='ocrx_word' id='word_1_679' title='bbox 1481 4803 1500 4836; x_wconf 68' lang='grc' dir='ltr'><strong>ι</strong></span> <span class='ocrx_word' id='word_1_680' title='bbox 1533 4784 1704 4838; x_wconf 82' lang='grc' dir='ltr'>Τοῦτο</span> <span class='ocrx_word' id='word_1_681' title='bbox 1733 4786 1826 4840; x_wconf 56' lang='grc' dir='ltr'><strong>καὶ⁸</strong></span> <span class='ocrx_word' id='word_1_682' title='bbox 1854 4787 1999 4851; x_wconf 81' lang='grc' dir='ltr'>ὁθε-</span> 
     </span>
    </p>
   </div>
   <div class='ocr_carea' id='block_1_95' title="bbox 424 4869 1996 4948">
    <p class='ocr_par' dir='ltr' id='par_1_95' title="bbox 424 4869 1996 4948">
     <span class='ocr_line' id='line_1_95' title="bbox 424 4869 1996 4948; baseline 0.009 -29"><span class='ocrx_word' id='word_1_683' title='bbox 424 4869 645 4932; x_wconf 79' lang='grc' dir='ltr'>σπέσιος</span> <span class='ocrx_word' id='word_1_684' title='bbox 675 4870 936 4938; x_wconf 64' lang='grc' dir='ltr'>Σοφονίας</span> <span class='ocrx_word' id='word_1_685' title='bbox 976 4871 1102 4942; x_wconf 85' lang='grc' dir='ltr'><strong>βοᾷ·</strong></span> <span class='ocrx_word' id='word_1_686' title='bbox 1145 4891 1163 4923; x_wconf 82' lang='grc' dir='ltr'><strong>ι</strong></span> <span class='ocrx_word' id='word_1_687' title='bbox 1199 4873 1631 4944; x_wconf 81' lang='grc' dir='ltr'>Ἐπιφανήσεται</span> <span class='ocrx_word' id='word_1_688' title='bbox 1673 4877 1996 4948; x_wconf 56' lang='grc' dir='ltr'><strong>Κύριοςιέπν</strong></span> 
     </span>
    </p>
   </div>
   <div class='ocr_carea' id='block_1_96' title="bbox 422 4959 1992 5038">
    <p class='ocr_par' dir='ltr' id='par_1_96' title="bbox 422 4959 1992 5038">
     <span class='ocr_line' id='line_1_96' title="bbox 422 4959 1992 5038; baseline 0.007 -26"><span class='ocrx_word' id='word_1_689' title='bbox 422 4959 620 5023; x_wconf 80' lang='grc' dir='ltr'>αὐτούς</span> <span class='ocrx_word' id='word_1_690' title='bbox 655 4975 669 4991; x_wconf 77' lang='grc'><strong><em>³</em></strong></span> <span class='ocrx_word' id='word_1_691' title='bbox 710 4979 728 5011; x_wconf 77' lang='grc' dir='ltr'><strong>ι</strong></span> <span class='ocrx_word' id='word_1_692' title='bbox 761 4961 1202 5027; x_wconf 83' lang='grc' dir='ltr'>τουτέστι,τοὺς</span> <span class='ocrx_word' id='word_1_693' title='bbox 1255 4966 1669 5038; x_wconf 81' lang='grc' dir='ltr'>προρῤηθέντας</span> <span class='ocrx_word' id='word_1_694' title='bbox 1724 4967 1992 5038; x_wconf 74' lang='grc' dir='ltr'>ἅπαντας,</span> 
     </span>
    </p>
   </div>
   <div class='ocr_carea' id='block_1_97' title="bbox 425 5049 1997 5130">
    <p class='ocr_par' dir='ltr' id='par_1_97' title="bbox 425 5049 1997 5130">
     <span class='ocr_line' id='line_1_97' title="bbox 425 5049 1997 5130; baseline 0.009 -29"><span class='ocrx_word' id='word_1_695' title='bbox 425 5049 806 5119; x_wconf 73' lang='grc' dir='ltr'>’Λλλοφύλους,</span> <span class='ocrx_word' id='word_1_696' title='bbox 839 5053 1252 5120; x_wconf 82' lang='grc' dir='ltr'>Παλαιστινοὺς,</span> <span class='ocrx_word' id='word_1_697' title='bbox 1284 5057 1605 5126; x_wconf 84' lang='grc' dir='ltr'>Μωαϐίτας,</span> <span class='ocrx_word' id='word_1_698' title='bbox 1633 5058 1997 5130; x_wconf 84' lang='grc' dir='ltr'>Ἀμμανίτας,</span> 
     </span>
    </p>
   </div>
   <div class='ocr_carea' id='block_1_98' title="bbox 423 5141 1999 5220">
    <p class='ocr_par' dir='ltr' id='par_1_98' title="bbox 423 5141 1999 5220">
     <span class='ocr_line' id='line_1_98' title="bbox 423 5141 1999 5220; baseline 0.006 -25"><span class='ocrx_word' id='word_1_699' title='bbox 423 5141 839 5213; x_wconf 74' lang='grc' dir='ltr'>Δαμασκηνοὺς,</span> <span class='ocrx_word' id='word_1_700' title='bbox 859 5143 952 5198; x_wconf 75' lang='grc' dir='ltr'><strong>καὶ</strong></span> <span class='ocrx_word' id='word_1_701' title='bbox 978 5143 1047 5198; x_wconf 82' lang='grc' dir='ltr'>τὰ</span> <span class='ocrx_word' id='word_1_702' title='bbox 1075 5143 1210 5200; x_wconf 78' lang='grc' dir='ltr'>ἄλλα</span> <span class='ocrx_word' id='word_1_703' title='bbox 1241 5145 1420 5200; x_wconf 83' lang='grc' dir='ltr'>πάντα</span> <span class='ocrx_word' id='word_1_704' title='bbox 1448 5147 1596 5220; x_wconf 83' lang='grc' dir='ltr'>ἔθνη.</span> <span class='ocrx_word' id='word_1_705' title='bbox 1633 5169 1652 5202; x_wconf 79' lang='grc' dir='ltr'><strong>ι</strong></span> <span class='ocrx_word' id='word_1_706' title='bbox 1689 5151 1800 5203; x_wconf 79' lang='grc' dir='ltr'>Καὶ</span> <span class='ocrx_word' id='word_1_707' title='bbox 1825 5151 1999 5218; x_wconf 82' lang='grc' dir='ltr'>ἐξολο-</span> 
     </span>
    </p>
   </div>
   <div class='ocr_carea' id='block_1_99' title="bbox 493 5319 2009 5398">
    <p class='ocr_par' dir='ltr' id='par_1_99' title="bbox 493 5319 2009 5398">
     <span class='ocr_line' id='line_1_99' title="bbox 493 5319 2009 5398; baseline 0.009 -25"><span class='ocrx_word' id='word_1_708' title='bbox 493 5329 522 5360; x_wconf 63' lang='lat' dir='ltr'><strong>ﬂ</strong></span> <span class='ocrx_word' id='word_1_709' title='bbox 553 5319 711 5374; x_wconf 89' lang='lat' dir='ltr'><strong>Rom.</strong></span> <span class='ocrx_word' id='word_1_710' title='bbox 751 5335 840 5386; x_wconf 70' lang='grc' dir='ltr'>ιχ,</span> <span class='ocrx_word' id='word_1_711' title='bbox 873 5319 964 5378; x_wconf 73' lang='grc'><strong>27.</strong></span> <span class='ocrx_word' id='word_1_712' title='bbox 1039 5319 1068 5361; x_wconf 70' lang='grc' dir='ltr'>ιι</span> <span class='ocrx_word' id='word_1_713' title='bbox 1111 5321 1268 5378; x_wconf 89' lang='lat' dir='ltr'><strong>Rom.</strong></span> <span class='ocrx_word' id='word_1_714' title='bbox 1303 5337 1397 5393; x_wconf 74' lang='lat' dir='ltr'><strong>x1,</strong></span> <span class='ocrx_word' id='word_1_715' title='bbox 1431 5324 1485 5379; x_wconf 83' lang='grc'><strong>5.</strong></span> <span class='ocrx_word' id='word_1_716' title='bbox 1562 5337 1583 5366; x_wconf 74' lang='grc' dir='ltr'><strong>ε</strong></span> <span class='ocrx_word' id='word_1_717' title='bbox 1623 5325 1783 5383; x_wconf 78' lang='lat' dir='ltr'><strong>Joan.</strong></span> <span class='ocrx_word' id='word_1_718' title='bbox 1820 5331 2009 5398; x_wconf 73' lang='lat' dir='ltr'><strong>Iv,2l.</strong></span> 
     </span>
    </p>
   </div>
   <div class='ocr_carea' id='block_1_100' title="bbox 2111 4675 3687 4761">
    <p class='ocr_par' dir='ltr' id='par_1_100' title="bbox 2111 4675 3687 4761">
     <span class='ocr_line' id='line_1_100' title="bbox 2111 4675 3687 4761; baseline -0.01 -15"><span class='ocrx_word' id='word_1_719' title='bbox 2111 4690 2420 4761; x_wconf 87' lang='lat' dir='ltr'><strong>Sophonias</strong></span> <span class='ocrx_word' id='word_1_720' title='bbox 2480 4697 2667 4760; x_wconf 88' lang='lat' dir='ltr'><strong>aperte</strong></span> <span class='ocrx_word' id='word_1_721' title='bbox 2719 4686 2852 4741; x_wconf 90' lang='lat' dir='ltr'><strong>dicit</strong></span> <span class='ocrx_word' id='word_1_722' title='bbox 2901 4700 2914 4736; x_wconf 93' lang='lat'><strong>:</strong></span> <span class='ocrx_word' id='word_1_723' title='bbox 2977 4701 2996 4734; x_wconf 80' lang='grc' dir='ltr'><strong>ι</strong></span> <span class='ocrx_word' id='word_1_724' title='bbox 3061 4679 3356 4751; x_wconf 80' lang='lat' dir='ltr'><strong>Apparebit</strong></span> <span class='ocrx_word' id='word_1_725' title='bbox 3420 4675 3687 4731; x_wconf 89' lang='lat' dir='ltr'><strong>Dominus</strong></span> 
     </span>
    </p>
   </div>
   <div class='ocr_carea' id='block_1_101' title="bbox 2106 4769 3683 4852">
    <p class='ocr_par' dir='ltr' id='par_1_101' title="bbox 2106 4769 3683 4852">
     <span class='ocr_line' id='line_1_101' title="bbox 2106 4769 3683 4852; baseline -0.011 -14"><span class='ocrx_word' id='word_1_726' title='bbox 2106 4798 2274 4852; x_wconf 85' lang='lat' dir='ltr'><strong>super</strong></span> <span class='ocrx_word' id='word_1_727' title='bbox 2326 4797 2456 4844; x_wconf 85' lang='lat' dir='ltr'><strong>cos;</strong></span> <span class='ocrx_word' id='word_1_728' title='bbox 2495 4799 2513 4831; x_wconf 75' lang='grc' dir='ltr'><strong>ι</strong></span> <span class='ocrx_word' id='word_1_729' title='bbox 2555 4780 2656 4834; x_wconf 91' lang='lat' dir='ltr'><strong>hoc</strong></span> <span class='ocrx_word' id='word_1_730' title='bbox 2694 4786 2798 4842; x_wconf 91' lang='lat' dir='ltr'><strong>est,</strong></span> <span class='ocrx_word' id='word_1_731' title='bbox 2843 4773 3054 4844; x_wconf 78' lang='lat'><strong>1572</strong></span> <span class='ocrx_word' id='word_1_732' title='bbox 3110 4769 3400 4840; x_wconf 73' lang='lat' dir='ltr'><strong>praedictos</strong></span> <span class='ocrx_word' id='word_1_733' title='bbox 3457 4780 3683 4829; x_wconf 90' lang='lat' dir='ltr'><strong>omnes,</strong></span> 
     </span>
    </p>
   </div>
   <div class='ocr_carea' id='block_1_102' title="bbox 2104 4861 3684 4947">
    <p class='ocr_par' dir='ltr' id='par_1_102' title="bbox 2104 4861 3684 4947">
     <span class='ocr_line' id='line_1_102' title="bbox 2104 4861 3684 4947; baseline -0.011 -18"><span class='ocrx_word' id='word_1_734' title='bbox 2104 4876 2418 4947; x_wconf 80' lang='lat' dir='ltr'><strong>Allophylos</strong></span> <span class='ocrx_word' id='word_1_735' title='bbox 2446 4914 2460 4940; x_wconf 82' lang='lat'><strong>,</strong></span> <span class='ocrx_word' id='word_1_736' title='bbox 2527 4871 2884 4932; x_wconf 72' lang='lat' dir='ltr'><strong>Palmstinos,</strong></span> <span class='ocrx_word' id='word_1_737' title='bbox 2945 4866 3238 4933; x_wconf 82' lang='lat' dir='ltr'><strong>Moabitas,</strong></span> <span class='ocrx_word' id='word_1_738' title='bbox 3295 4861 3635 4918; x_wconf 87' lang='lat' dir='ltr'><strong>Ammonitas</strong></span> <span class='ocrx_word' id='word_1_739' title='bbox 3669 4897 3684 4921; x_wconf 90' lang='lat'><strong>,</strong></span> 
     </span>
    </p>
   </div>
   <div class='ocr_carea' id='block_1_103' title="bbox 2107 4951 3688 5031">
    <p class='ocr_par' dir='ltr' id='par_1_103' title="bbox 2107 4951 3688 5031">
     <span class='ocr_line' id='line_1_103' title="bbox 2107 4951 3688 5031; baseline -0.011 -10"><span class='ocrx_word' id='word_1_740' title='bbox 2107 4966 2507 5030; x_wconf 87' lang='lat' dir='ltr'><strong>Damascenos,</strong></span> <span class='ocrx_word' id='word_1_741' title='bbox 2577 4972 2911 5031; x_wconf 82' lang='lat' dir='ltr'><strong>cactcrasqne</strong></span> <span class='ocrx_word' id='word_1_742' title='bbox 2992 4973 3184 5013; x_wconf 87' lang='lat' dir='ltr'><strong>omnes</strong></span> <span class='ocrx_word' id='word_1_743' title='bbox 3263 4963 3475 5027; x_wconf 84' lang='lat' dir='ltr'><strong>gentes.</strong></span> <span class='ocrx_word' id='word_1_744' title='bbox 3543 4971 3563 5004; x_wconf 76' lang='grc' dir='ltr'><strong>ι</strong></span> <span class='ocrx_word' id='word_1_745' title='bbox 3621 4951 3688 5004; x_wconf 79' lang='lat' dir='ltr'><strong>Et</strong></span> 
     </span>
    </p>
   </div>
   <div class='ocr_carea' id='block_1_104' title="bbox 2104 5046 3690 5131">
    <p class='ocr_par' dir='ltr' id='par_1_104' title="bbox 2104 5046 3690 5131">
     <span class='ocr_line' id='line_1_104' title="bbox 2104 5046 3690 5131; baseline -0.009 -17"><span class='ocrx_word' id='word_1_746' title='bbox 2104 5061 2381 5131; x_wconf 86' lang='lat' dir='ltr'><strong>disperdct</strong></span> <span class='ocrx_word' id='word_1_747' title='bbox 2403 5073 2591 5113; x_wconf 91' lang='lat' dir='ltr'><strong>omnes</strong></span> <span class='ocrx_word' id='word_1_748' title='bbox 2621 5057 2750 5112; x_wconf 88' lang='lat' dir='ltr'><strong>deos</strong></span> <span class='ocrx_word' id='word_1_749' title='bbox 2795 5053 3034 5126; x_wconf 89' lang='lat' dir='ltr'><strong>gentium</strong></span> <span class='ocrx_word' id='word_1_750' title='bbox 3087 5062 3266 5114; x_wconf 73' lang='lat' dir='ltr'><strong>terrm,</strong></span> <span class='ocrx_word' id='word_1_751' title='bbox 3301 5056 3354 5104; x_wconf 92' lang='lat' dir='ltr'><strong>ct</strong></span> <span class='ocrx_word' id='word_1_752' title='bbox 3384 5046 3690 5102; x_wconf 90' lang='lat' dir='ltr'><strong>adorabunt</strong></span> 
     </span>
    </p>
   </div>
   <div class='ocr_carea' id='block_1_105' title="bbox 2104 5145 3683 5227">
    <p class='ocr_par' dir='ltr' id='par_1_105' title="bbox 2104 5145 3683 5227">
     <span class='ocr_line' id='line_1_105' title="bbox 2104 5145 3683 5227; baseline -0.009 -17"><span class='ocrx_word' id='word_1_753' title='bbox 2104 5170 2227 5210; x_wconf 90' lang='lat' dir='ltr'><strong>eum</strong></span> <span class='ocrx_word' id='word_1_754' title='bbox 2275 5155 2476 5227; x_wconf 88' lang='lat' dir='ltr'><strong>singuli</strong></span> <span class='ocrx_word' id='word_1_755' title='bbox 2508 5154 2574 5209; x_wconf 90' lang='lat' dir='ltr'><strong>de</strong></span> <span class='ocrx_word' id='word_1_756' title='bbox 2626 5153 2746 5208; x_wconf 89' lang='lat' dir='ltr'><strong>loco</strong></span> <span class='ocrx_word' id='word_1_757' title='bbox 2790 5149 3336 5220; x_wconf 82' lang='lat' dir='ltr'><strong>suo,omncsinsulac</strong></span> <span class='ocrx_word' id='word_1_758' title='bbox 3363 5145 3626 5218; x_wconf 85' lang='lat' dir='ltr'><strong>gentium.</strong></span> <span class='ocrx_word' id='word_1_759' title='bbox 3663 5161 3683 5195; x_wconf 75' lang='grc' dir='ltr'><strong>ι</strong></span> 
     </span>
    </p>
   </div>
   <div class='ocr_carea' id='block_1_106' title="bbox 1731 5500 2406 5560">
    <p class='ocr_par' dir='ltr' id='par_1_106' title="bbox 1731 5500 2406 5560">
     <span class='ocr_line' id='line_1_106' title="bbox 1731 5500 2406 5560; baseline 0.007 -5"><span class='ocrx_word' id='word_1_760' title='bbox 1731 5500 1962 5558; x_wconf 76' lang='lat' dir='ltr'><strong>VARUE</strong></span> <span class='ocrx_word' id='word_1_761' title='bbox 2001 5503 2298 5560; x_wconf 79' lang='lat' dir='ltr'><strong>LECTION</strong></span> <span class='ocrx_word' id='word_1_762' title='bbox 2304 5504 2406 5560; x_wconf 87' lang='lat' dir='ltr'><strong>ES.</strong></span> 
     </span>
    </p>
   </div>
   <div class='ocr_carea' id='block_1_107' title="bbox 500 5653 1958 5727">
    <p class='ocr_par' dir='ltr' id='par_1_107' title="bbox 500 5653 1958 5727">
     <span class='ocr_line' id='line_1_107' title="bbox 500 5653 1958 5727; baseline 0.002 -19"><span class='ocrx_word' id='word_1_763' title='bbox 500 5657 545 5689; x_wconf 73' lang='grc' dir='ltr'>θ’</span> <span class='ocrx_word' id='word_1_764' title='bbox 574 5654 1028 5727; x_wconf 17' lang='grc' dir='ltr'>ἀνήνθηιιειᾼρυιη</span> <span class='ocrx_word' id='word_1_765' title='bbox 1080 5653 1122 5709; x_wconf 88' lang='lat' dir='ltr'><strong>C</strong></span> <span class='ocrx_word' id='word_1_766' title='bbox 1145 5654 1396 5727; x_wconf 79' lang='lat' dir='ltr'><strong>legimus.</strong></span> <span class='ocrx_word' id='word_1_767' title='bbox 1421 5653 1588 5727; x_wconf 91' lang='lat' dir='ltr'><strong>Si__rm.</strong></span> <span class='ocrx_word' id='word_1_768' title='bbox 1625 5655 1958 5727; x_wconf 81' lang='grc' dir='ltr'>ἀνήχθησαν.</span> 
     </span>
    </p>
   </div>
   <div class='ocr_carea' id='block_1_108' title="bbox 427 5725 1045 5795">
    <p class='ocr_par' dir='ltr' id='par_1_108' title="bbox 427 5725 1045 5795">
     <span class='ocr_line' id='line_1_108' title="bbox 427 5725 1045 5795; baseline 0.003 -18"><span class='ocrx_word' id='word_1_769' title='bbox 427 5726 472 5795; x_wconf 58' lang='grc' dir='ltr'>Ψ</span> <span class='ocrx_word' id='word_1_770' title='bbox 505 5727 543 5777; x_wconf 71' lang='grc' dir='ltr'>Α</span> <span class='ocrx_word' id='word_1_771' title='bbox 573 5725 841 5795; x_wconf 79' lang='grc' dir='ltr'>ἐπιφανὴς</span> <span class='ocrx_word' id='word_1_772' title='bbox 873 5725 1045 5779; x_wconf 74' lang='grc' dir='ltr'>ἔσται.</span> 
     </span>
    </p>
   </div>
   <div class='ocr_carea' id='block_1_109' title="bbox 2060 5659 2235 5692">
    <p class='ocr_par' dir='ltr' id='par_1_109' title="bbox 2060 5659 2235 5692">
     <span class='ocr_line' id='line_1_109' title="bbox 2060 5659 2235 5692; baseline 0 0"><span class='ocrx_word' id='word_1_773' title='bbox 2060 5661 2104 5692; x_wconf 74' lang='lat'><strong>93</strong></span> <span class='ocrx_word' id='word_1_774' title='bbox 2139 5659 2235 5692; x_wconf 68' lang='grc' dir='ltr'><strong>Π.ιῖ</strong></span> 
     </span>
    </p>
   </div>
   <div class='ocr_carea' id='block_1_110' title="bbox 1143 5659 3682 5798">
    <p class='ocr_par' dir='ltr' id='par_1_110' title="bbox 1143 5659 3682 5798">
     <span class='ocr_line' id='line_1_110' title="bbox 1143 5659 3678 5779; baseline 0.003 -72"><span class='ocrx_word' id='word_1_775' title='bbox 1143 5659 1396 5756; x_wconf 48' lang='lat' dir='ltr'><strong>Egimus.</strong></span> <span class='ocrx_word' id='word_1_776' title='bbox 1421 5659 1588 5709; x_wconf 88' lang='lat' dir='ltr'><strong>Sirm.</strong></span> <span class='ocrx_word' id='word_1_777' title='bbox 1625 5659 1958 5779; x_wconf 65' lang='grc' dir='ltr'>ἀνήχθησαν.</span> <span class='ocrx_word' id='word_1_778' title='bbox 2060 5661 2104 5692; x_wconf 76' lang='grc'><strong>⁸³</strong></span> <span class='ocrx_word' id='word_1_779' title='bbox 2138 5659 2282 5713; x_wconf 88' lang='lat' dir='ltr'><strong>Edil.</strong></span> <span class='ocrx_word' id='word_1_780' title='bbox 2320 5659 2470 5728; x_wconf 85' lang='lat' dir='ltr'><strong>prior</strong></span> <span class='ocrx_word' id='word_1_781' title='bbox 2501 5659 2629 5714; x_wconf 85' lang='lat' dir='ltr'><strong>hab.</strong></span> <span class='ocrx_word' id='word_1_782' title='bbox 2671 5661 3088 5732; x_wconf 81' lang='grc' dir='ltr'>προσαγορεύει.</span> <span class='ocrx_word' id='word_1_783' title='bbox 3183 5659 3230 5699; x_wconf 63' lang='grc'><strong>³⁸</strong></span> <span class='ocrx_word' id='word_1_784' title='bbox 3257 5659 3298 5714; x_wconf 85' lang='lat' dir='ltr'>C</span> <span class='ocrx_word' id='word_1_785' title='bbox 3329 5659 3678 5733; x_wconf 72' lang='grc' dir='ltr'>λελειμμένῃ.</span> 
     </span>
     <span class='ocr_line' id='line_1_111' title="bbox 1159 5723 3682 5798; baseline 0.003 -23"><span class='ocrx_word' id='word_1_786' title='bbox 1159 5794 1173 5798; x_wconf 90' lang='lat'><em>_</em></span> <span class='ocrx_word' id='word_1_787' title='bbox 1212 5741 1263 5798; x_wconf 70' lang='grc' dir='ltr'>τ.</span> <span class='ocrx_word' id='word_1_788' title='bbox 1292 5723 1403 5798; x_wconf 66' lang='grc' dir='ltr'>ἐον.</span> <span class='ocrx_word' id='word_1_789' title='bbox 1465 5723 1587 5798; x_wconf 76' lang='lat' dir='ltr'><strong>Des.</strong></span> <span class='ocrx_word' id='word_1_790' title='bbox 1641 5742 1697 5798; x_wconf 92' lang='lat' dir='ltr'><strong>_m</strong></span> <span class='ocrx_word' id='word_1_791' title='bbox 1727 5742 1805 5783; x_wconf 75' lang='lat' dir='ltr'><strong>ra.</strong></span> <span class='ocrx_word' id='word_1_792' title='bbox 1849 5738 1883 5781; x_wconf 91' lang='lat' dir='ltr'><strong>t.</strong></span> <span class='ocrx_word' id='word_1_793' title='bbox 1924 5728 1990 5782; x_wconf 86' lang='lat' dir='ltr'><strong>IV</strong></span> <span class='ocrx_word' id='word_1_794' title='bbox 2050 5728 2142 5786; x_wconf 82' lang='lat' dir='ltr'><strong>Cr.</strong></span> <span class='ocrx_word' id='word_1_795' title='bbox 2183 5730 2289 5798; x_wconf 80' lang='grc' dir='ltr'><strong>ΑΙῙ.</strong></span> <span class='ocrx_word' id='word_1_796' title='bbox 2333 5728 2520 5783; x_wconf 81' lang='lat' dir='ltr'><strong>Curat.</strong></span> <span class='ocrx_word' id='word_1_797' title='bbox 2557 5745 2723 5784; x_wconf 86' lang='lat' dir='ltr'><strong>scrm.</strong></span> <span class='ocrx_word' id='word_1_798' title='bbox 2759 5731 2845 5783; x_wconf 78' lang='grc'><strong>10.</strong></span> <span class='ocrx_word' id='word_1_799' title='bbox 2880 5731 3067 5785; x_wconf 77' lang='lat' dir='ltr'><strong>Exstat</strong></span> <span class='ocrx_word' id='word_1_800' title='bbox 3111 5738 3292 5782; x_wconf 86' lang='lat' dir='ltr'><strong>autem</strong></span> <span class='ocrx_word' id='word_1_801' title='bbox 3328 5730 3380 5783; x_wconf 91' lang='lat' dir='ltr'><strong>in</strong></span> <span class='ocrx_word' id='word_1_802' title='bbox 3412 5729 3582 5798; x_wconf 75' lang='lat' dir='ltr'><strong>Epist.</strong></span> <span class='ocrx_word' id='word_1_803' title='bbox 3612 5733 3682 5783; x_wconf 84' lang='lat' dir='ltr'><strong>ad</strong></span> 
     </span>
    </p>
   </div>
   <div class='ocr_carea' id='block_1_111' title="bbox 2320 5657 3678 5732">
    <p class='ocr_par' dir='ltr' id='par_1_111' title="bbox 2320 5657 3678 5732">
     <span class='ocr_line' id='line_1_112' title="bbox 2320 5657 3678 5732; baseline 0.001 -19"><span class='ocrx_word' id='word_1_804' title='bbox 2320 5659 2470 5732; x_wconf 71' lang='lat' dir='ltr'><strong>prior</strong></span> <span class='ocrx_word' id='word_1_805' title='bbox 2501 5657 2629 5714; x_wconf 85' lang='lat' dir='ltr'><strong>hab.</strong></span> <span class='ocrx_word' id='word_1_806' title='bbox 2671 5661 3088 5732; x_wconf 76' lang='grc' dir='ltr'>προσαγορεύει.</span> <span class='ocrx_word' id='word_1_807' title='bbox 3183 5659 3230 5699; x_wconf 62' lang='grc'><strong>³⁸</strong></span> <span class='ocrx_word' id='word_1_808' title='bbox 3257 5659 3298 5714; x_wconf 85' lang='lat' dir='ltr'>C</span> <span class='ocrx_word' id='word_1_809' title='bbox 3329 5658 3678 5732; x_wconf 72' lang='grc' dir='ltr'>λελειμμένῃ.</span> 
     </span>
    </p>
   </div>
   <div class='ocr_carea' id='block_1_112' title="bbox 430 5793 3671 5870">
    <p class='ocr_par' dir='ltr' id='par_1_112' title="bbox 430 5793 3671 5870">
     <span class='ocr_line' id='line_1_113' title="bbox 430 5793 3671 5870; baseline 0.002 -22"><span class='ocrx_word' id='word_1_810' title='bbox 430 5793 760 5870; x_wconf 69' lang='lat' dir='ltr'><strong>Speraciunt.</strong></span> <span class='ocrx_word' id='word_1_811' title='bbox 788 5793 809 5870; x_wconf 69' lang='grc' dir='ltr'><strong>ς</strong></span> <span class='ocrx_word' id='word_1_812' title='bbox 832 5797 874 5827; x_wconf 83' lang='grc'>⁰⁷</span> <span class='ocrx_word' id='word_1_813' title='bbox 903 5798 1001 5865; x_wconf 79' lang='grc' dir='ltr'>τῆς</span> <span class='ocrx_word' id='word_1_814' title='bbox 1029 5825 1092 5870; x_wconf 83' lang='lat'><strong>——_</strong></span> <span class='ocrx_word' id='word_1_815' title='bbox 1123 5793 1308 5870; x_wconf 59' lang='grc' dir='ltr'>ὲθκζῷν.</span> <span class='ocrx_word' id='word_1_816' title='bbox 1359 5794 1484 5870; x_wconf 74' lang='lat' dir='ltr'><strong>Des.</strong></span> <span class='ocrx_word' id='word_1_817' title='bbox 1512 5794 1578 5870; x_wconf 89' lang='lat' dir='ltr'><strong>_in</strong></span> <span class='ocrx_word' id='word_1_818' title='bbox 1600 5795 1678 5870; x_wconf 80' lang='lat' dir='ltr'><strong>_C.</strong></span> <span class='ocrx_word' id='word_1_819' title='bbox 1757 5798 1801 5827; x_wconf 77' lang='grc'>⁹⁸</span> <span class='ocrx_word' id='word_1_820' title='bbox 1833 5799 1874 5852; x_wconf 81' lang='lat' dir='ltr'><strong>A</strong></span> <span class='ocrx_word' id='word_1_821' title='bbox 1909 5793 2294 5870; x_wconf 63' lang='grc' dir='ltr'>προσκυνήσει.</span> <span class='ocrx_word' id='word_1_822' title='bbox 2365 5800 2411 5831; x_wconf 66' lang='lat'><strong>’9</strong></span> <span class='ocrx_word' id='word_1_823' title='bbox 2440 5801 2630 5855; x_wconf 66' lang='grc' dir='ltr'>πᾶσαι.</span> <span class='ocrx_word' id='word_1_824' title='bbox 2661 5798 2924 5866; x_wconf 74' lang='lat' dir='ltr'><strong>lnl‘ra,Gr.</strong></span> <span class='ocrx_word' id='word_1_825' title='bbox 2959 5801 3062 5869; x_wconf 80' lang='grc' dir='ltr'><strong>ΑΙῙ.</strong></span> <span class='ocrx_word' id='word_1_826' title='bbox 3097 5798 3286 5854; x_wconf 81' lang='lat' dir='ltr'><strong>Curat.</strong></span> <span class='ocrx_word' id='word_1_827' title='bbox 3325 5800 3359 5854; x_wconf 92' lang='grc' dir='ltr'><strong>Ι.</strong></span> <span class='ocrx_word' id='word_1_828' title='bbox 3398 5793 3671 5870; x_wconf 60' lang='grc' dir='ltr'><strong>(ΖοίὶΓίὈΙη.</strong></span> 
     </span>
    </p>
   </div>
   <div class='ocr_carea' id='block_1_113' title="bbox 430 5862 1724 5936">
    <p class='ocr_par' dir='ltr' id='par_1_113' title="bbox 430 5862 1724 5936">
     <span class='ocr_line' id='line_1_114' title="bbox 430 5862 1724 5936; baseline 0.002 -20"><span class='ocrx_word' id='word_1_829' title='bbox 430 5866 540 5920; x_wconf 58' lang='grc' dir='ltr'>καί.</span> <span class='ocrx_word' id='word_1_830' title='bbox 620 5866 636 5896; x_wconf 85' lang='grc'>¹</span> <span class='ocrx_word' id='word_1_831' title='bbox 677 5863 867 5934; x_wconf 83' lang='grc' dir='ltr'>Ἀμὴν,</span> <span class='ocrx_word' id='word_1_832' title='bbox 910 5862 967 5920; x_wconf 68' lang='grc' dir='ltr'>κζ</span> <span class='ocrx_word' id='word_1_833' title='bbox 996 5883 1044 5921; x_wconf 86' lang='grc' dir='ltr'>τ.</span> <span class='ocrx_word' id='word_1_834' title='bbox 1078 5864 1125 5917; x_wconf 83' lang='grc' dir='ltr'>λ.</span> <span class='ocrx_word' id='word_1_835' title='bbox 1159 5864 1328 5921; x_wconf 79' lang='lat' dir='ltr'><strong>Aliter</strong></span> <span class='ocrx_word' id='word_1_836' title='bbox 1358 5864 1395 5917; x_wconf 91' lang='grc' dir='ltr'><strong>Ι.</strong></span> <span class='ocrx_word' id='word_1_837' title='bbox 1425 5878 1472 5918; x_wconf 91' lang='lat' dir='ltr'><strong>c.</strong></span> <span class='ocrx_word' id='word_1_838' title='bbox 1512 5862 1724 5936; x_wconf 76' lang='lat' dir='ltr'><strong>legitur.</strong></span> 
     </span>
    </p>
   </div>
  </div>
