4090 6428
432 414 566 478 1.3527

1625 412 1704 471 ΙΝ
1733 410 2130 470 ΒΟΡΗΟΝΙίΕ
2176 411 2332 468 CAP.
2377 409 2490 467 IIl.

3547 395 3680 462 1858

428 527 628 598 εὐρεθῇ
661 528 719 578 ἐν
752 529 827 595 τῷ
859 526 900 555 ⁵ο
936 524 1159 595 στόματι
1196 523 1370 575 αὐτῶν
1393 521 1614 591 γλῶσσα
1653 519 1798 573 δολία
1820 536 1833 550 ⁸
1873 519 2007 573 διότι

2116 519 2426 572 invenietur
2469 517 2522 570 iu
2555 530 2649 569 ore
2684 528 2872 568 eorum
2925 512 3110 582 lingua
3153 510 3342 564 dolosa
3377 525 3386 560 :
3418 511 3680 578 quoniam

426 617 584 672 αὐτοὶ
641 615 1000 684 νεμήσονται.
1071 614 1168 666 καὶ
1229 612 1696 681 κοιτασθήσονται,
1751 610 1846 662 καὶ
1902 608 2002 661 οὐκ

426 709 583 762 ἔσται
618 707 663 738 ⁴⁵¹
689 708 717 758 6
749 703 996 774 ἐκφοϐῶν
1054 702 1271 766 αὐτούς.
1316 721 1334 755 ›
1363 703 1474 756 Καὶ
1525 700 1697 754 ταῦτα
1742 700 1835 753 τδν
1869 701 2004 753 ἀπο-

430 798 837 867 στολικὸνήμῖν
869 793 1057 864 σαφῶς
1113 793 1274 864 χορὸν
1316 793 1714 857 ὑποδείκνυσιν,
1757 791 1817 845 ὃν
1853 792 1882 844 6
1909 792 2006 842 Δε-

433 890 641 960 σπότης
670 884 996 958 μακαρίζων
1018 885 1192 954 ἔλεγε·
1234 903 1253 937 ι
1292 885 1570 956 Μακάριοι
1597 884 1647 936 οἱ
1678 883 1894 954 πραεῖς,
1922 882 2004 935 ὅτι

431 980 586 1035 αὐτοὶ
606 977 1072 1049 κληρονομήσουσι
1109 975 1208 1045 τὴν
1235 978 1358 1046 γῆν.
1413 993 1432 1027 ι
1469 975 1580 1028 Καὶ
1604 973 1764 1028 πάλιν
1786 989 1800 1004 ο
1837 990 1858 1025 t
1887 973 2007 1027 Μά-

433 1072 555 1126 θετε
585 1068 682 1124 ἀπ’
718 1065 874 1138 ἐμοῦ,
901 1068 983 1121 ὅτι
1018 1067 1192 1137 πρᾶός
1213 1068 1346 1136 εἰμι,
1373 1067 1467 1118 καὶ
1498 1065 1753 1128 ταπεινὸς
1779 1065 1847 1135 τῇ
1868 1081 2008 1135 καρα

431 1163 539 1234 δίᾳ,
597 1161 692 1214 καὶ
742 1159 1003 1231 εὑρήσετε
1056 1158 1358 1211 ἀνάπαυσιν
1394 1159 1514 1220 ταῖς
1546 1157 1743 1226 ψυχαῖς
1770 1156 1944 1227 ὐμῶν.
1987 1175 2004 1206 ι

434 1251 637 1306 Τοῦτον
653 1252 682 1303 6
706 1248 974 1320 μακάριος
1001 1247 1260 1315 Σοφονίας
1280 1247 1369 1300 τὸν
1397 1247 1528 1300 λαὸν
1555 1244 1752 1314 πρᾶον
1794 1244 1893 1298 καὶ
1913 1261 2012 1297 τα-

433 1341 648 1396 πεινὸν
667 1338 964 1394 ἀποκαλεῖ’
1005 1337 1036 1389 6
1075 1337 1184 1408 γὰρ
1219 1336 1612 1409 Ἰσραηλιτικὺς
1647 1335 1710 1389 οὐ
1749 1334 2010 1397 τοιοῦτος,

435 1431 572 1486 ἀλλὰ
600 1431 727 1494 λαὸς
761 1430 807 1462 ⁸³
835 1429 1035 1500 μωρὸς,
1059 1429 1154 1481 καὶ
1177 1429 1298 1498 οὐχ).
1332 1427 1516 1497 σοφός.
1554 1426 1663 1480 Καὶ
1698 1427 1816 1478 κατ’
1854 1424 2013 1480 ἀλλον

437 1523 760 1593 προφήτην·
798 1539 816 1572 ι
850 1519 1059 1592 Νεῦρον
1112 1517 1364 1590 σιδηροῦν
1411 1520 1440 1572 6
1488 1518 1758 1590 τράχηλος
1826 1515 2012 1580 αὐτοῦ,

437 1613 618 1668 καὶτὸ
660 1613 912 1683 μέτωπον
963 1611 1126 1665 αὐτοῦ
1173 1610 1431 1682 χαλκοῦν.
1476 1628 1494 1661 ι
1522 1609 1759 1672 Τούτους
1805 1607 2015 1670 ἀδικίας

438 1703 628 1756 ἐλευθέ
635 1719 760 1774 ρους
776 1701 1064 1765 ἀποκαλεῖ,
1083 1701 1270 1756 6όὰου
1309 1700 1600 1771 γλῶσσαν
1628 1696 2018 1767 ἀπηλλαγμέ-

2106 609 2205 679 ipsi
2239 615 2554 678 pasccntur,
2581 616 2634 661 et
2665 605 3027 668 aceubabunt,
3051 611 3104 657 et
3135 616 3244 656 non
3266 603 3370 655 erit
3390 601 3481 669 qui
3505 609 3684 652 exter-

2106 710 2222 754 reat
2247 715 2363 754 eos.
2397 718 2415 750 ι
2457 698 2579 751 llaec
2609 710 2829 766 quoque
2859 695 3033 749 °nobis
3069 701 3257 762 aperte
3302 692 3530 746 chorum
3555 703 3683 758 apo-

2108 791 2358 846 stolicum
2376 790 2674 849 declarant,
2689 801 2848 856 quem
2865 785 3132 839 Dominus
3148 783 3363 838 beatum
3384 781 3684 851 praedicans

2107 883 2273 936 dixit:
2301 901 2318 932 ι
2348 880 2496 934 Beati
2556 879 2734 939 mites,
2769 876 3026 946 quoniam
3054 874 3158 945 ipsi
3199 872 3554 943 possidebunt
3575 879 3685 925 ter-

2112 989 2229 1028 ram
2258 972 2302 1025 τ.
2333 991 2349 1023 ι
2388 971 2631 1040 Itemque
2665 988 2678 1025 :
2712 987 2730 1020 ι
2773 969 2969 1024 Discite
2994 982 3022 1020 a
3047 981 3152 1032 me,
3191 966 3318 1034 quia
3356 963 3507 1018 mitis
3560 977 3685 1018 sum

2109 1073 2162 1118 et
2190 1064 2413 1117 humilis
2468 1063 2652 1124 corde,
2681 1071 2734 1116 et
2762 1059 3051 1114 invenietis
3092 1057 3338 1127 requiem
3387 1055 3686 1108 animabus

2117 1157 2316 1212 vestris
2338 1158 2386 1211 ε.
2412 1175 2429 1207 ι
2453 1154 2816 1209 Ιιιιιιοπὺοιιιυε
2835 1150 3151 1221 Sophonias
3172 1147 3418 1217 populum
3442 1160 3686 1199 mansue-

2115 1260 2226 1304 tum
2254 1258 2303 1303 et
2337 1248 2585 1301 humilem
2648 1245 2882 1316 appellat
2928 1263 2942 1299 :
2989 1242 3317 1298 lsracliticus
3377 1239 3522 1294 enim
3575 1251 3687 1290 nou

2113 1337 2382 1407 ejusmodi
2434 1344 2569 1397 erat,
2617 1336 2711 1389 sed
2763 1333 2996 1404 populus
3054 1331 3254 1386 stultus
3299 1337 3354 1384 et
3401 1327 3686 1397 insipiens.

2116 1430 2182 1484 Et
2217 1429 2357 1498 apud
2404 1428 2568 1481 alium
2604 1427 2922 1496 prophetam
2957 1442 2969 1479 :
3011 1441 3030 1474 ‹
3062 1423 3274 1477 Nervus
3314 1420 3526 1476 ferreus
3567 1433 3687 1473 cer-

2115 1522 2204 1575 vix
2233 1520 2375 1590 ejus,
2407 1527 2461 1574 et
2496 1517 2649 1572 frons
2691 1515 2812 1585 ejus
2849 1529 2990 1570 aerea
3011 1515 3062 1567 ιι.
3095 1533 3114 1566 ι
3153 1512 3264 1567 Hos
3296 1511 3365 1565 ab
3403 1509 3692 1579 iniquitate

2117 1614 2320 1669 liberos
2369 1617 2526 1665 vocat
2571 1611 2804 1680 linguam
2858 1625 2889 1660 a
2924 1607 3056 1660 'dolo
3101 1605 3378 1660 liberatam
3426 1602 3691 1656 habentes.

2115 1705 2309 1774 itaque
2363 1717 2486 1757 cum
2524 1716 2632 1772 pro
2692 1701 2872 1763 malo,
2924 1705 2985 1752 et
3031 1695 3348 1760 temerario,
3395 1700 3450 1750 et
3503 1692 3692 1764 impio,

440 1811 560 1862 νην
587 1793 860 1863 ἔχοντας.
889 1791 1143 1846 Τοιοῦτον
1187 1792 1370 1844 τοίνυν
1407 1789 1678 1861 δεξαμένη
1709 1789 1858 1854 λαὸν,
1895 1789 2017 1843 ἀντὶ

2124 1794 2429 1852 istiusmodi
2463 1792 2721 1864 populum
2773 1789 3073 1860 acceperis,

439 1884 536 1938 τοῦ
568 1883 864 1956 μοχθηροῦ,
887 1884 981 1937 καὶ
1012 1883 1280 1954 θρασέως,
1315 1883 1410 1936 καὶ
1429 1881 1744 1947 δυσσεϐοῦς,

514 1974 596 2028 ιδ’.
630 1993 649 2026 ι
681 1976 875 2045 Χαῖρε,
925 1973 1165 2045 θύγατερ
1196 1972 1352 2037 Σιὼν,
1390 1974 1595 2045 σφόδρα
1629 1974 1673 2006 ⁵³
1704 1990 1714 2005 ⁸
1748 1974 2012 2045 κήρυσσε,

443 2065 682 2137 θύγατερ
743 2064 1133 2134 Ἰερουσαλήμ·
1198 2063 1492 2134 εὐφραίνου
1520 2065 1567 2096 ⁸⁵
1611 2064 1710 2118 καὶ
1739 2064 2015 2134 ίεύτέρπου

445 2160 506 2226 ἐξ
542 2159 669 2229 ὅλης
699 2156 926 2228 καρδίας
977 2174 1094 2222 σου,
1143 2157 1382 2228 θύγατερ
1419 2157 1797 2229 Ἰερουσαλήμ.
1833 2176 1852 2208 ι
1895 2156 2018 2212 Τῶν

443 2266 504 2303 τε
523 2249 632 2320 γὰρ
659 2248 894 2302 εἰδώλων
923 2248 953 2299 6
1002 2247 1148 2312 Θεός
1194 2265 1254 2301 σε
1307 2249 1556 2320 καθαρὰν
1609 2247 1878 2318 ἀπέφηνε,
1922 2249 2019 2302 καὶ

446 2340 545 2408 τῆς
597 2336 707 2392 τῶν
755 2335 1097 2409 δηλητηρίων
1145 2335 1415 2406 δαιμόνων
1486 2334 1828 2406 ἠλευθέρωσε
1899 2333 2020 2386 δου-

447 2431 616 2494 λείας.
650 2416 678 2440 ί

520 2519 769 2590 ις’-ιηᾏι
821 2517 1014 2589 Ἐντῷ
1065 2517 1244 2590 καιρῷ
1301 2518 1497 2590 ἐκείνῳ
1542 2520 1658 2590 ἐρεῖ
1709 2519 1914 2590 Κύριος
1951 2519 2018 2588 τῇ

459 2604 854 2682 Ἰερουσαλήμ*
921 2609 1149 2681 Θάρσει,
1197 2610 1358 2676 Σιὼν,
1411 2611 1492 2680 μὴ
1531 2609 1917 2680 παρείσθωσαν
1964 2611 2021 2663 αἱ

448 2701 629 2774 χεῖρές
675 2719 768 2756 σου
791 2716 804 2729 ·
865 2699 1071 2770 Κύριος
1102 2703 1131 2754 6
1162 2702 1294 2766 Θεός
1321 2718 1417 2754 σου
1472 2700 1521 2736 ⁴³
1562 2704 1620 2755 ὲν
1661 2703 1764 2766 σοὶ,
1799 2701 2022 2764 δυνατὸς

451 2794 615 2851 σώσει
637 2809 738 2846 σε’
767 2791 956 2858 ἑπάξει
1002 2794 1096 2846 ἐπὶ
1149 2794 1209 2846 σὲ
1259 2792 1620 2864 εὐφροσύνην,
1677 2793 1772 2846 καὶ
1825 2795 2026 2846 καινιεϊ

450 2901 529 2964 σε,
556 2886 618 2939 ὲν
650 2887 718 2957 τῇ
757 2885 1032 2955 ἀγαπήσει
1059 2884 1105 2916 ⁸⁵
1145 2884 1332 2950 αὐτοῦ,
1379 2885 1475 2938 καὶ
1503 2885 1934 2956 εὐφρανθήσεται
1965 2885 2025 2937 ὲν

452 2977 556 3040 σοὶ,
587 2977 646 3034 ὲν
671 2975 882 3047 τέρψει,
938 2976 1012 3038 ὡς
1074 2977 1132 3027 ὲν
1179 2975 1365 3047 ήμέρᾳ
1428 2977 1644 3048 ἑορτῆς,
1673 2977 1767 3030 καὶ
1815 2975 2028 3042 συνάξω

451 3067 579 3131 τοὺς
611 3066 1107 3137 συντετριμμένους
1157 3083 1253 3120 σου
1278 3065 1346 3120 ‘1.
1379 3085 1405 3118 -ο
1430 3063 1562 3121 Οἶδα
1599 3067 1820 3137 μὲν,«ὼς
1850 3065 2030 3120 ταῦτά

2195 1972 2363 2027 Vens.
2397 1972 2487 2025 14.
2525 1990 2543 2022 ι
2571 1969 2783 2034 Gaude,
2813 1968 2924 2023 lilia
2959 1965 3167 2032 Sionis,
3208 1967 3405 2034 valde;
3438 1965 3692 2038 pmdica,

2114 2061 2234 2117 lilia
2285 2059 2723 2130 Hierosolyma;
2793 2057 3007 2113 exsulta
3028 2063 3084 2113 et
3135 2056 3402 2112 delectare
3452 2055 3522 2111 de
3581 2062 3698 2110 toto

2125 2151 2293 2207 corde
2325 2157 2444 2215 tuo,
2471 2149 2592 2203 filia
2617 2147 3042 2219 Hierosolyma.
3077 2165 3097 2200 ι
3130 2146 3252 2218 [15]
3280 2147 3412 2200 Nam
3451 2155 3505 2202 et
3539 2157 3590 2202 te
3622 2147 3693 2201 ab

2125 2240 2284 2296 idolis
2307 2239 2447 2296 Deus
2470 2237 2730 2307 expiavit,
2758 2244 2815 2293 et
2841 2251 2872 2292 a
2905 2235 3208 2293 servitute‘
3238 2235 3564 2292 infestorum
3589 2235 3702 2291 da:-

2115 2345 2349 2386 monum
2398 2328 2669 2386 liberavit.

2198 2531 2363 2588 Vens.
2396 2529 2612 2586 1648.1
2635 2528 2901 2600 Tempore
2918 2529 3012 2584 illo
3036 2527 3180 2583 dicet
3202 2527 3462 2582 Dominus
3487 2526 3704 2598 1578

2129 2623 2517 2695 Hierosolymae
2543 2640 2556 2676 :
2581 2620 2978 2687 Confide,'Sion
2997 2639 3012 2687 ;
3031 2637 3097 2676 ne
3115 2619 3486 2676 dissolvantur
3506 2634 3703 2676 manus

2128 2725 2254 2773 tuae.
2285 2715 2551 2771 Dominus
2585 2713 2724 2770 Deus
2765 2721 2894 2770 tuus
2925 2714 2980 2769 in
3013 2724 3086 2777 te,
3132 2713 3287 2767 fortis
3319 2712 3554 2766 salvabit
3593 2719 3648 2768 te
3685 2730 3700 2766 :

2131 2808 2368 2864 adducet
2403 2821 2572 2877 super
2605 2814 2661 2862 te
2699 2806 2968 2869 laetitiam,
2997 2812 3054 2859 et
3084 2803 3366 2858 innovabit
3397 2811 3452 2857 te
3485 2803 3540 2856 in
3570 2802 3706 2856 cha-

2134 2901 2299 2954 ritatc
2354 2913 2477 2962 sua,
2536 2905 2590 2952 et
2638 2897 2913 2951 laatabitur
2959 2896 3014 2950 in
3059 2903 3134 2963 te,
3185 2895 3243 2949 in
3302 2893 3704 2958 delectatione;

2133 2992 2292 3062 quasi
2318 2991 2409 3046 die
2435 2988 2689 3053 solemni,
2720 2996 2774 3043 et
2803 2987 3152 3058 congregabo
3183 2986 3493 3042 confractos
3523 2992 3703 3039 tuos...

2130 3079 2254 3139 Non
2285 3083 2502 3153 ignoro,
2542 3080 2807 3151 quosdam
2845 3078 2965 3134 haec
3012 3079 3081 3133 de
3118 3077 3296 3133 reditu
3325 3092 3389 3132 ex
3438 3075 3711 3146 Babylone

451 3174 598 3242 τινες
626 3158 707 3220 είς
730 3158 830 3228 τὴν
855 3157 964 3210 ἀπὸ
993 3156 1313 3220 Βαϐυλῶνος
1361 3159 1637 3224 ἐπάνοδον,
1670 3161 1764 3214 καὶ
1788 3160 1888 3230 τῆς
1931 3159 2026 3214 Ἰε-

2134 3182 2189 3230 et
2215 3171 2572 3228 renovatione
2597 3167 2988 3238 Hierosolyma‘.
3019 3167 3324 3237 accepisse,
3372 3165 3573 3236 quibus
3599 3179 3708 3218 non

457 3240 739 3320 ρουσαλὴμ
764 3249 862 3322 τὴν
893 3249 1190 3303 ἀνανέωσιν
1239 3249 1573 3320 ὲξειλήφασι,
1606 3252 1702 3304 καὶ
1753 3252 1854 3305 οὐκ
1881 3253 2032 3306 ἀντι-

454 3341 600 3410 λέγω
647 3342 760 3404 τοῖς
797 3339 1138 3412 εἰρημένοις·
1170 3339 1433 3411 ἁρμόττει
1473 3341 1583 3412 γάρ
1617 3343 1712 3394 καί
1739 3345 1852 3404 τοῖς
1879 3359 2032 3412 τηνι-

457 3433 587 3491 κάδε
641 3432 1029 3504 γεγενημένοις
1089 3432 1125 3502 ή
1182 3431 1523 3503 προφητεία’
1590 3432 1794 3503 ἀκριϐῆ
1841 3432 1898 3486 δὲ
1933 3432 2034 3504 τὴν

458 3523 685 3577 ἑκϐασιν
729 3522 882 3576 ἐστιν
934 3521 1114 3593 εὑρεῖν
1155 3521 1302 3592 μετά
1348 3521 1448 3591 τὴν
1479 3521 1572 3575 τοῦ
1602 3521 1850 3593 Σωτῆρος
1875 3521 2033 3592 ἡμῶν

460 3611 871 3684 ὲνανθρὼπησιν
891 3629 906 3644 θ
966 3613 1089 3665 τότε
1124 3611 1232 3684 γὰρ
1256 3611 1384 3676 τοὺς
1413 3612 1910 3683 συντετριμμένους
1936 3611 2035 3683 τὴν

463 3703 690 3776 καρδίαν
713 3702 804 3757 διὰ
837 3702 939 3772 τῆς
958 3701 1052 3755 τοῦ
1085 3701 1311 3775 λουτροῦ
1341 3693 1761 3773 παλιγγενεσίας
1805 3704 1993 3759 ἰάσατο
2021 3720 2036 3735 ο

463 3795 586 3848 τότε
616 3794 926 3848 ἀνεκαίνισε
981 3792 1091 3846 τῶν
1145 3791 1448 3864 ἀνθρώπων
1503 3793 1602 3862 τὴν
1655 3792 1836 3862 φύσιν,
1866 3791 2040 3856 οὕτως

466 3887 613 3958 ἡμᾶς
665 3886 979 3956 ἀγαπήσας,
1012 3884 1088 3950 ὼς
1141 3885 1237 3939 καὶ
1263 3886 1363 3956 τὴν
1411 3886 1589 3957 ψυχὴν
1645 3885 1812 3940 αὐτοῦ
1859 3886 2040 3940 δοῦναι

465 3977 611 4048 ὑπὲρ
639 3975 817 4048 ήμῶν.
866 3995 886 4030 ι
930 3975 1172 4040 Μείζονα
1203 3975 1333 4048 γὰρ,
1374 3976 1530 4046 φησὶ,
1585 3976 1786 4047 ταύτης
1820 3975 2041 4046 ἀγάπην

465 4068 641 4132 οὐδεὶς
659 4068 882 4122 δύναται
905 4065 1074 4130 δεῖξαι
1101 4063 1150 4098 ⁸⁸
1181 4064 1272 4118 ἵνα
1304 4081 1388 4128 τις
1426 4064 1494 4136 θῇ
1543 4065 1588 4097 ⁸⁸
1615 4065 1712 4135 τήν
1743 4065 1918 4136 ψυχήν
1941 4066 2041 4118 αὐ-

472 4158 566 4212 τοῦ
601 4158 744 4229 ὐπὲρ
763 4156 871 4211 τῶν
918 4158 1088 4228 φίλων
1138 4154 1324 4210 αὐτοῦ.
1358 4175 1376 4209 ι
1413 4157 1525 4209 Καὶ
1572 4157 1769 4211 πάλιν·
1805 4175 1823 4208 ι
1857 4154 2042 4220 Οὕτως

471 4252 756 4322 ἠγάπησεν
791 4252 820 4303 6
868 4249 1000 4313 θεὸς
1047 4248 1140 4303 τὸν
1164 4248 1389 4320 κόσμον,
1437 4248 1578 4301 ὥστε
1610 4248 1700 4301 τὸν
1730 4247 1858 4302 Υίὸν
1879 4245 2042 4302 αὐτοῦ

470 4344 564 4399 τδν
595 4343 863 4415 μονογενῆ
894 4341 1115 4408 ἔδωκεν,
1153 4341 1241 4396 ἵνα
1273 4341 1382 4404 πᾶς
1406 4341 1435 4394 6
1468 4339 1741 4394 πιστεύων
1768 4341 1846 4404 εἰς
1881 4339 2044 4394 αὐτὸν

475 4430 553 4501 μή
579 4429 871 4500 ἀπόληται,
891 4428 1007 4494 ἀλλ’
1027 4427 1136 4500 im
1167 4427 1314 4500 ζωὴν
1341 4427 1577 4483 αἰώνιον.
1610 4443 1630 4482 ι
1669 4424 1803 4483 Εἶτα
1829 4429 2045 4483 ἀπειλεῖ

2133 3275 2402 3330 repugno,
2433 3257 2579 3329 quod
2613 3259 2682 3312 ab
2710 3257 2777 3312 iis
2805 3273 2926 3326 qua:
2956 3264 3070 3312 tum
3101 3261 3252 3327 gesta
3284 3262 3435 3317 sunt,
3469 3252 3708 3323 prophe-

2125 3353 2210 3406 tia
2281 3365 2390 3405 non
2446 3348 2755 3404 dissentiat.
2823 3346 2930 3402 Sed
2989 3346 3453 3401 accommodatior
3529 3343 3711 3399 exitus

2133 3439 2366 3511 reperiri
2395 3446 2574 3508 potest
2618 3444 2742 3507 post
2779 3435 3085 3491 Salvatoris
3137 3434 3311 3489 nostri
3360 3432 3704 3487 incarnatio-

2135 3546 2284 3587 nem.
2321 3528 2604 3600 Siquidem
2652 3537 2784 3582 tunc
2813 3543 2912 3597 per
2955 3527 3232 3582 lavacrum
3270 3527 3710 3597 regenerationis

2137 3621 2409 3678 contritos
2446 3619 2611 3676 corde
2635 3633 2803 3674 sanos
2844 3619 2994 3684 fecit,
3017 3626 3156 3674 tunc
3210 3618 3502 3683 humanam
3547 3626 3710 3672 natu-

2137 3731 2256 3771 ram
2287 3713 2638 3779 instauravit,
2664 3727 2731 3768 eo
2763 3727 2942 3782 usque
2967 3726 3068 3768 nos
3090 3711 3350 3782 diligens,
3381 3720 3438 3765 ut
3469 3710 3708 3766 animam

2131 3822 2296 3864 suam
2326 3805 2538 3863 dederit
2581 3819 2683 3875 pro
2716 3805 2898 3861 nobis.
2947 3822 2971 3856 ι
2996 3803 3260 3875 Majorem
3297 3804 3466 3870 enim,
3515 3803 3714 3874 inquit,

2142 3897 2491 3953 dilectionem
2525 3911 2685 3951 nemo
2728 3893 3021 3950 ostendere
3049 3902 3252 3963 potest,
3297 3909 3459 3962 quam
3509 3893 3554 3948 si
3586 3893 3715 3964 quis

2139 3986 2378 4044 animam
2415 3999 2572 4042 suam
2622 3983 2860 4054 deponat
2881 3997 2988 4053 pro
3031 3983 3227 4037 amicis
3259 3983 3378 4036 suis
3405 3983 3446 4036 ί.
3477 4001 3496 4034 ι
3552 3982 3718 4038 item-

2141 4092 2290 4146 que:
2322 4092 2340 4126 ι
2374 4073 2467 4128 Sic
2494 4073 2638 4129 Deus
2672 4071 2860 4128 dilexit
2892 4070 3182 4138 mundum,
3221 4079 3279 4124 ut
3310 4069 3505 4125 Filium
3554 4085 3717 4125 suum

2143 4163 2484 4234 unigenitum
2531 4161 2688 4217 daret
2720 4177 2736 4226 ;
2765 4168 2828 4216 ut
2869 4159 3050 4216 omnis
3092 4161 3184 4229 qui
3231 4159 3408 4212 credit
3456 4159 3510 4213 in
3563 4175 3716 4225 eum,

2134 4266 2256 4307 non
2291 4259 2498 4321 pereat,
2535 4249 2631 4305 sed
2665 4249 2862 4304 habeat
2897 4248 3062 4304 vitam
3092 4257 3351 4303 aeternam
3387 4246 3432 4304 i.
3463 4267 3482 4300 ι
3520 4246 3718 4304 Postea

2137 4344 2388 4398 minatur
2411 4350 2527 4396 tum
2559 4341 2625 4396 iis
2659 4341 2754 4410 qui
2789 4341 3058 4396 conviciis
3108 4339 3541 4412 Hierosolymam
3590 4351 3723 4398 tunc

2147 4435 2522 4498 incesserunt,
2575 4441 2690 4488 tum
2722 4433 2790 4489 iis
2820 4431 2914 4503 qui
2969 4439 3157 4504 postea
3207 4443 3398 4490 contra
3443 4449 3722 4504 praecones

475 4523 709 4587 καὶτοῖς
759 4523 882 4576 τότε
920 4521 1025 4610 ,τὴν
1061 4521 1419 4593 Ἰερουσαλὴμ
1468 4521 1776 4589 ὀνειδίσασι,
1808 4525 1904 4577 καί
1930 4526 2026 4588 τοῖς

2116 4542 2119 4567 ι
2151 4525 2400 4582 veritatis
2435 4524 2488 4580 id
2523 4525 2702 4595 ipsum
2740 4525 2859 4581 ausi
2888 4531 3038 4580 sunt.
3072 4523 3278 4594 Duplex
3299 4524 3442 4579 enim
3470 4533 3556 4582 est
3595 4540 3723 4596 pro-

479 4615 619 4685 μετά
673 4613 845 4667 ταῦτα
905 4613 1047 4667 κατὰ
1131 4613 1242 4667 τῶν
1304 4613 1564 4684 κηρύκων
1636 4615 1735 4686 τῆς
1785 4615 2045 4687 ἀληθείας

474 4707 642 4760 ταυτδ
660 4705 817 4760 τοῦτο
834 4705 1074 4776 τολμῶσι
1096 4721 1112 4737 ·
1141 4705 1303 4776 διπλῆ
1322 4705 1428 4778 γὰρ
1451 4706 1486 4777 ἡ
1508 4706 1834 4777 προφητεία.

557 4815 574 4847 ι
595 4795 764 4850 Οὐαίί
807 4795 888 4860 τίς
912 4795 1109 4851 ἐλαϐεν
1129 4797 1216 4854 ἐπ’
1243 4796 1412 4868 αὐσὴν
1443 4797 1748 4868 ὁνειδισμόν
1771 4815 1788 4866 ;
1816 4797 1926 4870 (ιθ’,
1952 4799 2048 4868 κβ.)

489 4889 620 4942 ’1δού
654 4887 765 4957 ἐγὼ
794 4886 934 4941 ποιῶ
966 4887 1025 4941 ὲν
1050 4889 1134 4942 uol.
1159 4887 1349 4944 ῑνεκεν
1381 4887 1520 4960 tum}
1547 4887 1596 4922 ⁸*
1613 4929 1629 4955 ,
1653 4889 1801 4959 λέγει
1824 4891 2048 4965 Κύριος,

479 4978 535 5028 ὲν
565 4975 643 5048 τῷ
665 4976 843 5048 καιρῷ
887 4976 1104 5047 ἐκείνῳ,
1144 4977 1240 5031 καὶ
1270 4975 1430 5032 σώσω
1459 4977 1558 5049 τὴν
1586 4978 2049 5052 ὲκπεπιεσμένην,

482 5067 577 5120 καὶ
600 5068 697 5135 τὴν
723 5066 1057 5138 ἀπωσμένην
1101 5067 1432 5139 εἰσδέξομαι,
1464 5069 1558 5122 καὶ
1583 5069 1821 5142 θήσομαι
1852 5071 2051 5135 αὐτοὺς

2146 4615 2356 4686 phetia.

2233 4817 2251 4848 ι
2280 4795 2372 4851 Var.
2390 4798 2403 4850 !
2423 4797 2550 4866 quis
2573 4797 2781 4868 accepit
2801 4811 2966 4867 super
2981 4810 3100 4854 eam
3123 4795 3516 4867 opprobrium?
3536 4798 3723 4869 (Vens.

2159 4887 2248 4952 19,
2281 4887 2370 4941 20.
2407 4887 2426 4958 )
2463 4885 2606 4942 Ecce
2645 4886 2788 4942 facio
2835 4887 2890 4941 in
2923 4897 2977 4942 te
3025 4895 3248 4956 propter
3292 4901 3397 4953 me,
3443 4886 3575 4942 dicit
3619 4886 3729 4944 Do-

2147 4978 2360 5038 minus.
2388 4986 2631 5047 tempore
2659 4976 2756 5032 illo
2785 4995 2798 5032 :
2828 4984 2882 5032 et
2904 4977 3128 5032 salvabo
3155 4992 3497 5047 expressam,
3547 4986 3603 5033 et
3641 4993 3732 5034 re-

2156 5069 2372 5139 pulsam
2428 5068 2749 5138 suscipiam,
2804 5076 2859 5122 et
2920 5066 3116 5122 faciam
3175 5083 3271 5124 eos
3320 5069 3617 5144 gloriosis,
3673 5078 3731 5124 et

482 5158 560 5218 εἰς
591 5157 872 5228 καύχημα,
933 5159 1026 5212 καί
1056 5157 1390 5228 ὀνομαστοὺς
1419 5159 1478 5213 ὲν
1510 5160 1660 5233 πάσῃ
1701 5165 1766 5232 τῇ
1821 5164 1891 5234 γῇ
1920 5180 1934 5194 ο
1959 5181 2026 5218 κα

2158 5159 2403 5215 celebres
2459 5152 2513 5212 in
2580 5158 2728 5212 omni
2795 5164 2962 5225 terra,
3033 5166 3089 5213 et
3131 5173 3237 5213 non
3299 5159 3728 5218 confundentur.

478 5246 544 5298 οὐ
577 5245 1154 5318 καταισχυνθήσονται.
1185 5246 1280 5300 Ἕν
1327 5244 1408 5316 τῷ
1450 5245 1632 5318 καιρῷ
1662 5246 1876 5318 ἐκείνῳ,
1917 5247 2026 5302 ὄται

2159 5247 2431 5318 Tempore
2503 5246 2630 5312 illo,
2691 5247 2912 5318 quando
2984 5247 3126 5307 bene
3190 5251 3346 5309 vobis
3415 5252 3627 5320 fecero,
3676 5259 3732 5308 et

566 5425 584 5464 ί
631 5423 818 5478 Matth.
854 5425 926 5488 v',
959 5421 993 5477 5
1080 5429 1108 5468 8
1147 5419 1336 5476 Matth.
1373 5437 1453 5489 xi,
1485 5421 1580 5476 ‘39.

1677 5422 1701 5459 ει
1746 5422 1852 5477 lsa.
1884 5437 2077 5488 xum,
2109 5423 2162 5475 4.
2248 5435 2265 5463 ι
2303 5420 2463 5479 Joan.
2495 5438 2585 5486 xv,
2621 5425 2706 5478 l5.
2789 5423 2802 5475 i
2851 5425 3011 5482 Joan.
3051 5442 3146 5491 ιιι,
3179 5427 3266 5480 16.

1786 5531 2020 5590 ἾΑΗΙᾹΣ
2059 5532 2349 5591 LECTION
2357 5537 2460 5593 ES.

559 5631 606 5663 ἰο
627 5629 893 5708 τῷ.“1)οε.-
916 5630 968 5684 in
1130 5628 1187 5708 ff
1209 5625 1453 5708 ρξσᾳν.
1527 5627 1738 5708 ὀξ-λαός.
1771 5627 1814 5708 t1
1837 5642 2026 5708 prmia.
2059 5626 2172 5708 καί.
2198 5700 2240 5708 __
2272 5630 2326 5708 ff
2355 5648 2447 5708 σφ.
2483 5631 2604 5708 Des.
2645 5633 2701 5708 in
2735 5632 2799 5687 A.
2880 5634 3100 5708 δξεύφρ.
3131 5663 3196 5708 -ῖ
3229 5632 3352 5699 Ἱερ.
3389 5629 3531 5708 _Des.
3577 5649 3631 5686 ιη
3663 5635 3726 5689 Α.

493 5696 688 5782 δξσουζ
720 5698 843 5782 Des.
881 5701 935 5756 in
1128 5698 1176 5730 “
1271 5697 1509 5778 ἀγάπῃ..
1558 5696 1600 5776 ‘_'
1628 5713 1740 5782 cep:
1779 5696 1901 5782 Des.
1957 5697 2117 5782 inuA’.
2195 5700 2240 5732 ⁸⁸
2268 5700 2376 5754 δύν.
2403 5696 2453 5754 δ.
2486 5701 2630 5758 Loco
2655 5704 2746 5758 cit.
2778 5713 2864 5758 cst
2892 5696 3063 5772 ἔχει.”
3096 5704 3138 5733 ⁸³
3169 5702 3255 5771 θῇ.
3289 5696 3423 5755 ibid.
3461 5710 3578 5772 post
3599 5703 3726 5773 ψυχ.

493 5771 618 5826 αὐτ.
665 5771 904 5842 ponitur.
1003 5769 1046 5800 '°
1067 5768 1158 5841 ἐμ.
1189 5767 1232 5822 Α
1258 5783 1372 5836 σου,
1403 5765 1626 5824 omissis
1655 5766 1790 5831 illis,
1819 5765 1968 5836 λέγει
2013 5765 2151 5837 Κύρ.
