4090 6420
452 373 588 435 1363

1403 364 1890 425 ΤΙΙΕΟΒΟΒΕΤΙ
1929 361 2268 422 EPISCOPI
2303 359 2666 418 CYliENSlS

3567 325 3733 413 1304'

446 499 508 536 ea
536 495 656 549 qum
686 482 1079 550 prmccsseraut
1103 481 1230 528 ante
1251 471 1670 526 aediﬁcationem
1698 509 1712 534 ,
1735 476 1791 524 et
1814 483 1880 524 ea
1903 482 2024 539 qua:

2134 465 2458 535 φιλοτιμίαν.
2491 464 2720 517 Κελεύει
2763 462 2871 532 γὰρ
2929 461 3109 523 αὐτοῖς
3162 459 3278 529 μετ’
3313 458 3470 526 ὀλίγα
3502 461 3706 529 παρεξ-

448 582 641 644 postea
671 581 859 626 secuta
884 577 1062 626 erant,
1089 565 1278 634 sicque
1299 562 1638 633 experientia
1663 575 2021 632 cognoscere,

449 666 507 718 in
549 670 752 731 quanta
792 673 980 713 rerum
1021 655 1460 710 necessariarum
1499 652 1735 722 penuria
1774 650 2022 717 fuerint,

449 766 576 805 eum
607 747 912 804 :ediﬁcandi
950 744 1141 814 templi
1172 758 1364 798 curam
1405 741 1699 798 differrent
1741 759 1756 796 :
1793 741 2024 812 quantis

448 857 585 896 vero
621 840 779 893 bonis
809 835 1186 901 abundarent,
1217 849 1342 890 cum
1395 835 1500 889 hoc
1548 833 1790 888 studium
1825 847 2024 890 susce-

450 932 686 1001 pissent.
728 928 884 995 Quod
921 941 1052 981 vero
1086 927 1205 992 ait,
1243 924 1348 979 Per
1382 940 1599 979 manum
1635 933 1651 949 '
1687 925 1871 995 Λειρωὶ
1900 939 2026 993 pro-

449 1025 650 1094 phctm,
694 1021 768 1075 ita
810 1019 1219 1088 intelligamus,
1260 1017 1423 1088 quasi
1463 1016 1700 1072 dixisset
1726 1054 1743 1080 ,
1784 1031 1878 1084 per
1914 1015 2025 1084 Ag-

450 1130 640 1184 gwum.

523 1223 543 1256 ι
576 1206 669 1258 Dic
701 1202 768 1256 ad
797 1200 1194 1256 Zorobabelem
1229 1199 1400 1253 ﬁlium
1429 1198 1782 1262 Salathielis,
1823 1197 2025 1251 ducem

449 1294 636 1360 Iudae,
679 1303 732 1350 et
773 1293 840 1346 ad
873 1289 1097 1346 Josuam
1141 1291 1310 1344 ﬁlium
1351 1287 1643 1352 Josedeci,
1680 1287 2025 1343 sacerdotem

451 1398 712 1454 maguum
735 1421 750 1446 ,
785 1381 1017 1436 dicens:
1058 1378 1269 1448 (Vens.
1302 1377 1465 1447 2-4.)
1507 1375 1633 1430 Haec
1667 1375 1806 1430 dicit
1844 1374 2028 1428 Domi—

453 1491 559 1530 nus
589 1477 942 1547 omnipotens
981 1474 1265 1544 :Populus
1301 1475 1391 1528 hic
1432 1473 1609 1528 dicit:
1646 1469 1904 1526 Nondum
1937 1483 2028 1524 ve-

452 1571 536 1623 nit
569 1577 786 1638 tempus
824 1567 1021 1622 domus
1057 1566 1275 1620 Domini
1312 1563 1670 1618 aediﬁcandae.
1711 1561 1778 1616 Et
1818 1561 2026 1616 factum

451 1667 539 1712 est
568 1658 796 1713 verbum
841 1657 1052 1712 Domini
1087 1672 1184 1728 per
1221 1671 1442 1710 manum
1481 1655 1665 1725 Aggayi
1704 1651 2026 1723 prophetaz,

451 1749 685 1803 dicens:
724 1745 942 1801 Siccine
976 1755 1192 1815 tempus
1231 1745 1455 1816 quidem
1492 1743 1649 1798 vobis
1678 1753 1763 1798 est
1785 1781 1800 1806 ,
1833 1747 1895 1795 ut
1925 1740 2026 1794 ha-

2131 556 2340 621 ετάσαι,
2375 555 2443 607 τά
2464 572 2521 606 τε
2543 553 2646 626 πρὸ
2661 553 2759 622 τῆς
2782 551 3118 620 οἰκοδομίας,
3146 547 3240 600 καὶ
3261 546 3329 600 τὰ
3349 547 3491 616 μετὰ
3514 548 3707 613 ταῦτα,

2132 649 2226 702 καὶ
2255 647 2343 700 διὰ
2379 647 2478 716 τῆς
2509 645 2701 716 πείρας
2735 643 2926 714 μαθεῖν
2975 643 3034 694 ἐν
3080 642 3178 711 ὅσῃ
3211 640 3309 710 μὲν
3335 634 3477 709 ἦσαν
3513 640 3710 693 σπάνει

2131 740 2240 793 τῶν
2281 738 2594 806 ἀναγκαίων
2641 734 3063 803 ἀναϐαλλόμενοι
3097 731 3190 784 τοῦ
3223 729 3328 783 νεὼ
3378 729 3476 801 τὴν
3509 731 3710 800 ἐπιμέ-

2132 830 2311 882 λειανο
2342 830 2485 882 ὅσων
2513 827 2569 878 δὲ
2595 825 2908 878 ἀπέλαυσαν
2950 822 3167 892 ἀγαθων
3206 820 3412 890 ταύτην
3445 820 3709 884 ἀναδεξά-

2137 937 2290 990 μενοι
2328 919 2424 988 τὴν
2474 917 2730 986 σπουδήν.
2763 915 2834 968 Τὸ
2877 915 2954 980 δὲ,
2992 915 3094 968 Ἔν
3129 912 3280 983 χειρὶ
3327 911 3434 966 τοῦ
3479 910 3712 980 προφή-

2134 1030 2240 1067 του
2265 1014 2334 1079 ⁶¹,
2358 1011 2433 1065 δι’
2477 1011 2741 1079 Ἀγγαίου
2769 1011 3072 1076 νοήσωμεν.

2211 1210 2228 1241 ι
2252 1186 2419 1244 Εἰπὸν
2439 1186 2573 1258 πρὸς
2594 1184 2919 1256 Ζοροϐάϐελ,
2938 1183 3028 1236 τὸν
3048 1180 3142 1234 τοῦ
3165 1179 3434 1250 Σαλαθιήλ
3454 1181 3519 1233 ὲκ
3539 1181 3712 1251 φυλῆς

2147 1283 2335 1345 Ἰούδα,
2360 1278 2610 1346 καὶπρὸς
2647 1275 2876 1347 Ἰησοῦν,
2907 1273 2997 1327 τὸν
3034 1272 3129 1325 τοῦ
3170 1272 3416 1324 Ἰωσεδὲκ
3439 1270 3532 1323 τὸν
3556 1271 3710 1341 ἱερέα

2134 1374 2224 1427 τὸν
2259 1373 2449 1443 μέγαν,
2495 1370 2668 1438 λέγων
2696 1384 2707 1396 ·
2744 1368 2822 1438 (β’-
2847 1364 2932 1436 δ’.)
2965 1364 3104 1418 Τάδε
3151 1362 3298 1431 λέγει
3336 1361 3540 1432 Κύριος
3575 1379 3713 1422 παν-

2134 1459 2418 1530 τοκράτωρ
2467 1458 2509 1488 θ’
2535 1475 2548 1489 °
2590 1457 2648 1509 '0
2709 1455 2834 1518 λαὸς
2885 1449 3041 1514 οὗτος
3087 1451 3368 1520 λέγουσιν·
3399 1452 3512 1521 Οὐχ
3533 1452 3656 1521 ἥκει
3683 1453 3716 1503 ό

2135 1551 2325 1622 καιρὸς
2353 1547 2446 1601 τοῦ
2479 1548 2828 1617 οἰκοδομῆσαι
2876 1545 2967 1598 τὶν
3016 1538 3163 1595 οἷκον
3195 1543 3424 1612 Κυρίου.
3456 1540 3567 1594 Καὶ
3586 1541 3712 1608 ἐγέ-

2135 1659 2257 1694 νετο
2287 1640 2443 1708 λόγος
2470 1639 2680 1707 Κυρίου
2707 1639 2764 1690 ὲν
2805 1635 2950 1706 χειρὶ
2990 1634 3245 1702 Ἀγγαίου
3275 1632 3371 1686 τοῦ
3404 1631 3713 1703 προφήτου,

2132 1733 2307 1802 λέγων
2325 1750 2337 1761 ·
2362 1733 2424 1785 Ei
2454 1729 2642 1799 καιρὸς
2671 1729 2768 1799 μὲν
2802 1727 2930 1798 ὑμῖν
2983 1727 3098 1778 ἐστι
3127 1723 3222 1776 τοῦ
3259 1725 3431 1775 οἰκεῖν
3454 1724 3511 1775 ὲν
3539 1722 3716 1784 οἴκοις

453 1839 640 1894 bitetis
691 1837 745 1891 in
790 1837 1049 1893 domibus
1096 1836 1400 1900 concavis,
1441 1836 1642 1890 domus
1688 1842 1869 1888 autem
1918 1833 2027 1886 ista

2134 1827 2287 1898 ὑμῶν
2307 1823 2746 1893 κοιλοστάθμοις,
2767 1823 2795 1873 ὁ
2819 1820 2874 1873 δὲ
2891 1815 3037 1882 οἶκος
3053 1819 3101 1850 ⁸³
3117 1812 3274 1880 οὗτος
3299 1815 3674 1886 ἐξηρήμωται;
3689 1832 3710 1865 ι

453 1937 642 1983 manet
674 1928 939 1983 deserta?
973 1949 991 1980 ι
1022 1929 1080 1982 In
1123 1944 1278 1984 more
1314 1936 1402 1983 est
1439 1927 1644 1982 divina:
1685 1925 2024 1996 Scriptura,

455 2027 518 2071 ut
556 2017 860 2087 principem
899 2019 1250 2074 sacerdotum
1286 2023 1447 2072 vocet
1483 2032 1728 2086 magnum
1777 2015 2028 2070 sacerdo-

456 2119 581 2162 tem.
612 2105 783 2164 Josua
817 2109 1002 2179 itaque
1049 2110 1301 2178 principe
1355 2108 1734 2169 sacerdotum,
1788 2115 1841 2162 et
1886 2105 2030 2162 duce

455 2199 645 2269 populi
703 2198 1082 2263 Zorobabele,
1145 2200 1298 2254 velut
1352 2197 1638 2269 iudicibus
1691 2198 2026 2268 quibusdam

459 2299 620 2346 utens
655 2290 950 2356 Dominus,
989 2307 1084 2361 per
1116 2295 1436 2361 prophetam
1476 2291 1736 2360 populum
1772 2297 2022 2344 accusat.

459 2381 650 2437 Videte
691 2382 841 2436 enim
869 2423 884 2447 ,
915 2385 1132 2453 inquit,
1163 2391 1426 2454 quantam
1459 2397 1650 2438 curam
1682 2383 1738 2437 in
1776 2383 1894 2437 suis
1924 2381 2028 2436 deo

461 2473 648 2528 mibus
671 2483 908 2543 ponant;
936 2489 1042 2529 non
1069 2475 1230 2529 modo
1245 2475 1391 2530 enim
1424 2475 1716 2538 aediﬁcant,
1741 2474 1835 2529 sed
1861 2475 2026 2528 etiam

455 2578 552 2619 eas
580 2573 892 2619 exornant:
943 2565 1190 2620 divinum
1235 2581 1366 2620 vero
1413 2567 1675 2635 templum
1699 2606 1714 2628 ,
1754 2580 1850 2635 per
1880 2565 2027 2635 quod

457 2655 737 2710 communi
782 2656 1272 2712 salute-fruuntur
1325 2672 1553 2722 omnes,
1599 2656 1874 2712 aediﬁcare
1925 2671 2028 2712 uo-

457 2749 614 2810 lunt,
652 2761 760 2800 non
797 2755 984 2816 aptum
1030 2746 1244 2817 1583
1279 2747 1346 2802 ad
1387 2746 1771 2802 aediﬁcandum
1807 2754 2028 2816 tempus

458 2836 829 2906 perhibentes.

530 2946 698 3002 Vens.
735 2949 789 3003 5.
842 2967 861 3000 ι
896 2947 962 3002 Ει
1005 2964 1154 3004 nunc
1194 2950 1310 3005 haec
1362 2949 1500 3006 dicit
1551 2949 1818 3005 Dominus
1853 2949 2032 3004 omni-

461 3048 659 3110 potens
693 3038 920 3096 :Ponite
953 3041 1123 3095 corda
1154 3050 1335 3096 vestra
1361 3043 1428 3098 ad
1457 3042 1576 3097 vias
1607 3050 1840 3099 vestras.
1873 3061 1893 3094 ι
1923 3039 2031 3094 Re-

2143 1915 2324 1986 Ἶερέα
2373 1915 2566 1985 μέγαν
2603 1911 2695 1966 τὸν
2759 1911 3020 1982 ἀρχιερέα
3086 1909 3270 1962 καλεῖν
3310 1907 3430 1969 ἔθος
3468 1907 3537 1976 τῇ
3589 1904 3718 1973 θείᾳ.

2131 2010 2344 2081 Γραφῇ.
2388 2007 2662 2080 ’Λρχιερεῖ
2689 2005 2868 2058 τοίνυν
2895 2003 3010 2056 ὄντι
3043 1999 3120 2070 τῷ
3156 1995 3354 2067 Ἰησοῦ,
3385 1994 3480 2049 καὶ
3499 1993 3577 2065 τῷ
3610 1995 3713 2046 Ζο-

2131 2101 2362 2176 ροϐάϐελ
2391 2096 2830 2171 δημαγωγοῦντι,
2857 2088 2970 2147 οἷόν
3002 2103 3111 2145 τισι
3155 2090 3368 2160 κριταῖς
3391 2089 3418 2140 ὁ
3450 2085 3713 2176 Θεδςνκε-

2130 2175 2424 2266 ἀρημένος,
2471 2190 2570 2262 τὴν
2615 2186 2707 2241 τοῦ
2734 2183 2865 2240 λαοῦ
2896 2181 2985 2236 διὰ
3012 2179 3106 2234 τοῦ
3143 2177 3431 2247 ιῖροφήτου
3472 2175 3711 2266 ποιεῖται

2130 2264 2487 2356 κατηγορίαν.
2527 2280 2720 2351 Ὁρᾶτε
2747 2276 2879 2347 γὰρ,
2907 2273 3096 2345 φησὶν,
3119 2271 3251 2339 ὅσης
3277 2268 3375 2338 μὲν
3400 2267 3495 2320 καὶ
3522 2264 3715 2356 ὁποίας

2129 2377 2448 2448 ἐπιμελείας
2486 2374 2587 2436 τὰς
2645 2369 2917 2440 σφετέρας
2972 2364 3150 2426 οἰκίας
3187 2358 3428 2426 ἀξιοῦσιν
3456 2374 3470 2388 ·
3509 2357 3571 2410 οὐ
3602 2355 3717 2426 γὰρ

2134 2473 2296 2544 μόνον
2326 2468 2724 2540 οἰκοδομοῦσιν,
2753 2464 2890 2518 ἀλλὰ
2913 2462 3009 2515 καὶ
3032 2456 3437 2521 καλλωπίζουσι
3466 2453 3672 2516 ταύτας
3698 2470 3709 2481 ·

2129 2569 2222 2620 τὸν
2253 2565 2311 2618 δὲ
2327 2563 2468 2616 θεῖον
2496 2557 2672 2626 οἷκον,
2697 2559 2764 2612 δι’
2787 2551 2846 2612 οῦ
2863 2554 3052 2624 κοινῆς
3081 2549 3356 2621 σωτηρίας
3379 2544 3714 2602 ἀπολαύουσι

2132 2658 2352 2720 πάντες,
2394 2653 2696 2724 οἰκοδομεῖν
2748 2650 2849 2704 οὐκ
2891 2647 3189 2708 ἐθέλουσιν,
3231 2639 3608 2710 ἀνεπιτήδειον
3636 2638 3716 2698 εἰς

2131 2744 2445 2814 οἰκοδομίαν
2474 2738 2951 2809 διαϐεϐαιούμενοι
2972 2735 3062 2789 τὸν
3086 2731 3278 2804 καιρόν

2203 2953 2265 3000 ε’.
2303 2965 2320 2996 ι
2359 2944 2475 2997 Καὶ
2517 2940 2614 2995 νῦν
2651 2939 2778 2994 τάδε
2825 2937 2976 3004 λέγει
3029 2933 3235 3003 Κύριος
3283 2930 3713 3000 παντοκράτωρ·

2134 3037 2345 3105 Τάξατε
2375 3035 2477 3098 τὰς
2514 3034 2558 3066 ⁸³
2588 3031 2817 3102 καρδίας
2847 3028 3002 3097 ὑμῶν
3029 3026 3110 3088 εἰς
3153 3024 3251 3086 τὰς
3286 3023 3438 3085 ὁδοὺς
3475 3021 3651 3091 ὑμῶν.
3693 3040 3711 3071 ι

460 3137 608 3184 ctam
637 3130 1027 3199 cogitationem
1061 3132 1347 3201 suscipite,
1376 3141 1432 3186 et
1455 3132 1594 3202 justi
1617 3132 1833 3202 iudices
1858 3140 2028 3186 estote

2148 3128 2324 3200 Ὀρθῷ
2343 3123 2622 3197 χρήσασθε
2651 3117 2917 3190 λογισμῷ,
2939 3116 3034 3172 καὶ
3061 3113 3282 3184 γένεσθε
3306 3111 3490 3182 κριταὶ
3516 3111 3719 3163 δίκαιοι

461 3220 770 3274 studiorum
798 3231 1140 3286 vestrorum,
1179 3231 1234 3276 et
1261 3224 1578 3292 pernoscite
1598 3263 1613 3288 ,
1648 3231 1915 3292 quantum
1947 3223 2027 3277 in-

460 3322 545 3366 ter
573 3311 817 3366 studium
855 3328 1038 3369 rerum
1071 3313 1386 3369 divinarum
1421 3321 1477 3370 et
1509 3315 1913 3386 negligentiam
1948 3315 2031 3367 in-

461 3405 637 3459 tersit.
671 3403 753 3476 [6]
783 3404 979 3460 Postea
1041 3405 1176 3460 dicit
1219 3420 1349 3473 eos,
1395 3406 1613 3460 etiamsi
1664 3404 1893 3459 multam
1947 3419 2032 3460 se-

463 3501 700 3547 mentem
736 3492 972 3548 fceerint
994 3533 1009 3558 ,
1043 3495 1273 3563 exiguos
1313 3493 1528 3548 fructus
1571 3493 1883 3562 percepisse
1905 3535 1921 3558 ,
1957 3494 2032 3546 ita

467 3593 524 3637 ut
557 3600 776 3655 semper
805 3593 860 3640 et
891 3586 1142 3640 esuriant
1189 3593 1245 3640 et
1297 3585 1527 3648 sitiant,
1578 3593 1634 3638 et
1685 3598 2031 3653 nequaquam

464 3677 759 3740 satientur,
821 3674 916 3730 sed
974 3676 1029 3729 in
1090 3675 1274 3746 inopia
1327 3683 1384 3730 et
1449 3673 1674 3728 miseria
1722 3681 2032 3736 versentur,

465 3777 632 3837 atque
680 3768 817 3836 ipsis
861 3767 1027 3821 etiam
1081 3765 1420 3822 necessariis
1449 3763 1699 3820 vestibus
1731 3763 2031 3833 indigeant.

471 3876 491 3908 ι
516 3858 823 3927 Oper-uisus
850 3856 998 3912 enim
1029 3874 1158 3923 vos,
1203 3856 1418 3926 inquit,
1442 3863 1496 3910 et
1526 3868 1636 3908 nou
1668 3853 1805 3909 estis
1831 3852 2035 3908 calefa-

465 3952 540 4004 cti
568 3968 580 4002 :
614 3959 668 4004 et
695 3951 786 4021 qui
818 3951 1097 4006 mercedes
1124 3948 1530 4020 congregabat,
1561 3947 1915 4018 congregavit
1942 3959 2036 4001 eas

467 4043 522 4095 in
561 4043 840 4097 sacculum
875 4042 1243 4112 perforatum.
1275 4060 1294 4091 ι
1326 4040 1393 4094 Et
1425 4041 1625 4096 divites
1654 4040 1796 4110 ipsi,
1825 4048 1878 4093 et
1907 4053 2037 4108 ope-

469 4133 600 4185 rarii
632 4134 887 4188 mercede
919 4134 1222 4195 conducti,
1273 4139 1328 4186 et
1371 4131 1653 4186 mercedes
1699 4143 2037 4200 congregare

467 4224 614 4277 soliti
651 4225 888 4288 nullam,
926 4225 1220 4294 dissipatis
1249 4223 1337 4278 bis
1370 4238 1492 4292 qua:
1522 4223 1893 4292 collegerant,
1931 4219 2039 4274 uti-

2131 3221 2241 3275 τῶν
2274 3219 2557 3290 ὑμετέρων
2578 3209 3049 3284 ἐπιτηδευμάτων,
3085 3206 3181 3261 καὶ
3221 3203 3426 3275 μάθετε
3452 3201 3554 3272 τῆς
3587 3204 3722 3272 περὶ

2133 3311 2202 3364 τὰ
2227 3311 2348 3365 θεῖα
2379 3307 2615 3378 σπουδῆς
2655 3321 2717 3358 τε
2745 3303 2840 3358 καὶ
2888 3297 3160 3372 ῥᾳθυμίας
3192 3296 3254 3350 τὸ
3292 3295 3550 3365 διάφορον
3570 3294 3715 3348 ὅσον.

2133 3397 2270 3456 Εἶτα
2295 3401 2466 3468 λέγει,
2507 3400 2592 3452 ὅτι
2641 3395 2809 3450 πολὺν
2855 3390 3321 3460 καταϐαλλόμενοι
3352 3387 3578 3457 σπόρον,
3607 3385 3709 3438 ἁλί⁹

2135 3510 2318 3564 γιστον
2355 3490 2566 3562 καρπὸν
2621 3487 2967 3557 ἐκομίσαντο,
3003 3482 3080 3545 ὡς
3115 3481 3204 3535 ἀεὶ
3245 3480 3342 3533 καί.
3369 3480 3581 3549 πεινῇν,
3620 3479 3715 3530 καὶ

2133 3583 2314 3652 διψῇν,
2340 3580 2436 3632 καὶ
2464 3579 2628 3648 κόρου
2671 3573 2936 3646 μηδαμῶς
2967 3570 3280 3634 ἀπολαύειν,
3321 3567 3436 3622 ἀλλ’
3463 3567 3520 3618 ἑν
3552 3565 3715 3635 πενίᾳ.

2135 3673 2228 3728 καὶ
2258 3669 2604 3739 ταλαιπωρίᾳ
2631 3668 2863 3734 διάγειν,
2914 3664 2990 3727 ὡς
3026 3663 3118 3716 καί
3149 3661 3326 3729 αὐτῆς
3358 3657 3467 3712 τῶν
3495 3656 3716 3727 περιϐοο

2134 3763 2303 3817 λαίων
2315 3759 2595 3824 σπανίζειν
2610 3759 2707 3829 τῆς
2722 3757 2930 3827 χρείας.
2957 3774 2975 3806 ι
2997 3751 3393 3825 Περιεϐάλεσθε
3405 3750 3536 3822 γὰρ,
3557 3748 3718 3818 φησὶ,

2136 3853 2229 3906 καὶ
2259 3853 2361 3905 οὐκ
2406 3847 2777 3920 ὲθερμάνθητε
2805 3847 2862 3898 ὲν
2910 3844 3116 3908 αὐτοῖς,
3150 3841 3245 3895 καὶ
3275 3842 3304 3895 ὁ
3325 3841 3450 3903 τοὺς
3491 3837 3720 3910 μισθοὺς

2139 3944 2408 4012 συνάγων,
2430 3943 2738 4010 συνήγαγεν
2763 3938 2844 4000 είς
2877 3935 3186 4004 ἀπόδεσμον
3213 3929 3654 4004 τετρυπημένον.
3692 3947 3713 3978 ι

2139 4039 2282 4113 Πρὸς
2300 4037 2408 4108 γὰρ
2431 4035 2615 4097 αὐτοῖς
2655 4033 2768 4094 τοῖς
2801 4031 2848 4063 ⁸⁸
2883 4027 3263 4100 κεκτημένοις,
3295 4023 3393 4077 καὶ
3419 4024 3470 4076 οἰ
3497 4021 3724 4090 ἀποχει-

2142 4131 2388 4204 ροϐίωτοι
2449 4124 2768 4197 μισθαρνεῖν
2797 4120 3069 4184 εἰωθότες,
3104 4117 3199 4172 καὶ
3224 4115 3317 4170 τδν
3361 4113 3554 4186 μισθὸν
3594 4129 3724 4204 συν-

2137 4203 2434 4292 αθροίζειν,
2460 4215 2612 4269 οὐδὲν
2636 4214 2746 4267 τῶν
2792 4211 3008 4265 πολλῶν
3044 4208 3336 4263 άπώναντο
3365 4206 3567 4266 πόνων,
3601 4203 3716 4256 τῶν

471 4315 680 4368 litatem
725 4331 790 4368 ex
846 4315 1034 4370 multis
1083 4315 1368 4370 laboribus
1420 4322 1775 4385 acceperunt.
1832 4312 1927 4384 [7,
1962 4309 2028 4381 8]

2138 4307 2544 4385 ἀθροιζομένων
2607 4301 3069 4372 σκεδαννυμένων.
3123 4294 3262 4351 Εἶτα
3315 4295 3482 4350 πάλιν
3531 4294 3722 4385 αὐτοῖς

471 4406 549 4458 Ae
582 4421 774 4459 rursus
805 4407 1070 4474 deinceps
1101 4422 1197 4462 eos
1223 4406 1378 4474 jubet
1407 4383 1651 4476 prtulens
1682 4383 2028 4459 inireiconsi-

2140 4383 2578 4474 παρακελεύεται
2629 4395 2868 4466 σώφρονι
2923 4389 3236 4462 χρήσασθαι
3310 4384 3581 4476 λογισμιξ,
3626 4383 3724 4437 καὶ

474 4497 605 4550 lium
627 4539 641 4562 ,
675 4506 727 4551 et
760 4498 944 4566 templi
978 4498 1324 4550 curationem
1373 4473 1630 4552 omnibus
1678 4497 1846 4550 rebus
1882 4501 2028 4546 ante-

2142 4473 2359 4549 πάντων
2391 4485 2715 4561 προθέσθαι
2771 4482 2866 4536 τοῦ
2911 4481 3056 4534 θείου
3086 4478 3218 4533 ναοῦ
3246 4477 3346 4548 τὴν
3375 4473 3720 4547 ἐπιμέλειαν,

471 4602 672 4655 ponere
693 4629 706 4652 ,
741 4595 796 4642 et
828 4589 894 4642 ad
927 4588 1191 4641 sublimes
1226 4597 1442 4642 montes
1476 4587 1753 4657 profectos
1789 4585 1934 4654 ligna
1969 4582 2028 4636 ad

2134 4585 2230 4640 καὶ
2277 4583 2377 4646 τὰς
2421 4579 2760 4650 ἀμφιλαφεῖς
2831 4572 3159 4627 καταλαϐεῖν
3211 4570 3481 4642 κορυφὰς,
3520 4567 3615 4657 καὶ
3652 4567 3725 4620 τά

467 4676 882 4731 «ῖιιίίίςιιιὶουοηι
913 4685 1042 4746 apta
1069 4682 1278 4732 credere
1317 4695 1331 4731 :
1367 4655 1647 4747 pollicitus
1705 4690 1765 4731 se
1793 4674 1862 4728 ad
1898 4673 2028 4728 hanc

2136 4673 2370 4746 ἁρμόδια
2406 4671 2473 4740 τῇ
2525 4665 2809 4735 οἰκοδομίᾳ
2843 4661 2977 4728 ξύλα
3025 4663 3214 4732 τεμεῖν
3244 4676 3258 4688 ·
3292 4655 3724 4728 ὑπισχνούμενος

471 4783 582 4820 rem
616 4782 711 4823 eos
738 4767 1091 4837 adjuturum,
1142 4776 1195 4820 et
1246 4769 1490 4823 illustres
1534 4784 1632 4822 eos
1680 4763 2028 4819 redditurum

2137 4764 2515 4835 συνεργήσειν,
2537 4759 2634 4811 καὶ
2672 4753 3068 4826 περιϐλέπτους
3121 4752 3507 4822 καταστήσειν.
3561 4748 3724 4800 Ἀνα-

468 4872 612 4912 esse.
650 4856 762 4911 lmo
811 4860 978 4913 etiam
1031 4873 1127 4910 cos
1171 4857 1238 4910 ad
1289 4858 1610 4912 memoriam
1659 4854 2028 4910 antecedentis

2139 4855 2434 4927 μιμνήσκει
2458 4849 2516 4903 δὲ
2543 4847 2741 4909 αὐτοὺς
2794 4844 2889 4898 καὶ
2931 4847 3031 4914 τῆς
3075 4843 3350 4916 προτέρας
3375 4840 3606 4904 ἐνδείας,
3635 4841 3724 4892 ἵνα

471 4949 668 5016 inopiae
705 4957 964 5014 revocat,
1009 4959 1069 5002 ut
1107 4947 1390 5004 discerent
1440 4949 1626 5020 qualia
1664 4946 1891 5003 desidia:
1929 4945 2028 5002 sint

2142 4946 2388 5018 μωωσιν
2408 4937 2498 4996 οἶα
2523 4940 2623 5013 τῆς
2647 4937 2919 5010 ῥᾳθυμίας
2946 4935 3015 4990 τὰ
3041 4936 3316 5008 ἐπίχειρα.

470 5052 715 5106 praemia.

540 5149 711 5206 Vens.
743 5154 797 5208 9.
839 5173 859 5207 ι
897 5151 1240 5223 Respexistis
1279 5152 1426 5208 enim
1474 5151 1542 5205 ad
1574 5151 1769 5216 multa,
1796 5155 1850 5204 et
1899 5145 2028 5201 facta

2210 5143 2278 5198 0'.
2316 5159 2336 5194 ι
2394 5136 2689 5206 Ἐϐλέψατε
2732 5135 2779 5166 ⁸⁸
2827 5134 2937 5204 γὰρ
2983 5134 3064 5198 εἰς
3114 5133 3306 5197 πολλὰ,
3359 5133 3457 5186 καὶ
3499 5131 3724 5200 ἐγένετο

473 5255 602 5300 sunt
628 5261 800 5315 pauca
829 5265 841 5300 :
871 5256 927 5302 et
956 5246 1106 5299 illata
1138 5253 1268 5299 sunt
1305 5245 1361 5300 in
1393 5246 1615 5300 domum
1639 5281 1655 5304 ,
1681 5247 1737 5296 et
1763 5237 2028 5295 exsuﬁlav‘

2138 5233 2296 5303 ὀλίγα
2312 5247 2329 5264 ⁸
2349 5226 2639 5301 εἰσηνέχθη
2655 5226 2736 5288 είς
2748 5225 2843 5278 τὸν
2873 5219 3042 5287 οἷκον,
3073 5227 3169 5278 καὶ
3193 5223 3504 5294 ὲξεφύσησα
3521 5223 3682 5275 αὐτά.
3697 5241 3716 5272 ι

474 5335 588 5391 illa.
615 5354 634 5387 ι
660 5336 796 5393 Cum
825 5335 1156 5408 sperassctis
1183 5351 1280 5392 vos
1309 5337 1524 5391 fructus
1551 5333 1756 5389 multos
1783 5337 2028 5400 eapturo:

2142 5324 2380 5388 Πολλοὺς
2435 5319 2737 5393 δρέψασθαι
2790 5315 3041 5388 καρποὺς
3100 5315 3571 5388 προσδοκήσαντες
3621 5311 3723 5380 τῆς

1765 5503 1998 5562 VARUE
2038 5501 2332 5560 LECTION
2343 5500 2447 5556 ES.

567 5676 620 5756 “_
642 5692 888 5756 τκίπροερ.
995 5684 1178 5756 ιπιὲιηί
1232 5668 1509 5756 Ἀγγαίουέ
1548 5736 1592 5756 Η
1618 5669 1664 5698 ⁶²
1697 5683 1856 5720 παντ.
1892 5663 1933 5716 Λ
1965 5663 2112 5718 addit
2165 5661 2356 5730 ὶέγων.
2471 5661 2517 5692 ⁸³
2547 5652 2653 5713 οῐκ.
2682 5657 2728 5710 Α
2771 5654 2916 5712 addit
2952 5670 3076 5725 μου.
3174 5651 3218 5683 ⁸⁵
3247 5647 3364 5712 τάς.
3399 5647 3523 5704 Des.
3551 5651 3608 5705 in
3651 5646 3733 5704 Ar

478 5745 669 5806 εητοῖς.
697 5736 820 5799 bc's.
843 5736 900 5798 in
931 5736 1009 5795 e.‘
1068 5741 1113 5772 δε
1146 5741 1184 5791 Α
1215 5747 1268 5792 et
1296 5739 1336 5791 υ
1372 5736 1724 5807 emerem-.2.
