4090 6412
341 422 484 486 1865

1646 417 1727 477 IN
1768 393 2016 476 Αοόβει
2047 417 2204 476 CAP.
2239 416 2316 476 II.

3463 409 3601 476 1866

331 531 550 594 ἐλπίδος
576 529 899 600 ἐψεύσθητε,
935 529 1030 584 καὶ
1057 529 1214 596 ὀλίγα
1235 528 1289 581 δὲ
1315 527 1764 598 συναθροίσαντες
1798 525 1918 578 οὑδέ

2027 541 2170 590 esse,
2201 542 2330 596 spes
2360 540 2458 582 vos
2494 532 2507 547 ‘
2541 526 2736 582 fefellit
2765 546 2776 582 :
2809 537 3014 582 etcum
3047 538 3323 596 perpauca
3349 522 3600 593 collegis-

329 623 544 676 τούτων
585 621 966 675 ἀπελαύσατε·
1020 621 1114 673 καὶ
1164 621 1224 686 ἐξ
1267 619 1446 672 αὐτῶν
1495 621 1602 689 γὰρ
1641 618 1778 686 αὐτὰ
1810 619 1919 671 τῶν

330 714 564 783 δοχείων
587 712 880 766 ἐσκέδασα.

418 823 438 856 ι
467 803 568 858 Διά
585 803 746 856 τοῦτο
760 803 908 872 λέγει
928 803 973 836 ⁸⁷
989 803 1194 873 Κύριος
1215 803 1610 873 παντοκράτωρ
1630 818 1645 833 ·
1684 802 1824 856 ’Δνθ’
1844 793 1921 855 ὧν

333 898 368 949 ὁ
399 891 546 958 οἶκός
568 912 674 965 μου
698 894 848 947 ἐστὶν
882 893 1108 965 ἕρημος,
1166 894 1324 961 ὑμεῖς
1351 892 1408 946 δέ
1443 891 1667 946 διώκετε
1691 892 1922 954 ⁶ἕκαστος

336 990 422 1050 εἰς
441 987 534 1040 τὸν
568 981 718 1039 οἷκον
743 985 929 1039 αὑτοῦ.
971 984 1054 1054 (ι’,
1089 983 1206 1054 ια’.)
1237 983 1336 1038 Διὰ
1371 982 1531 1036 τοῦτο
1563 981 1744 1048 ἀνέξει
1778 982 1806 1034 ὁ
1832 980 1924 1033 οὑ-

338 1080 506 1152 ρανδς
549 1077 658 1132 ἀπὸ
693 1077 907 1147 δρόσου,
933 1077 1027 1130 καὶ
1056 1075 1180 1146 ήγῆ
1226 1075 1493 1128 στελεῖται
1523 1073 1568 1105 ⁸⁸
1593 1072 1661 1126 τά
1691 1073 1924 1143 ἐκφόρια

336 1167 510 1236 αὑτῆς
538 1164 624 1232 ἐφ’
657 1166 802 1234 ὑμᾶς
839 1164 904 1218 ⁸⁸.
965 1164 1075 1217 Καὶ
1130 1162 1318 1228 ἐπάξω
1367 1161 1644 1234 ῥομφαίαν
1681 1163 1775 1215 ἐπὶ
1826 1160 1924 1232 τὴν

337 1258 468 1326 γῆν,
503 1256 600 1309 καὶ
621 1257 716 1308 ἐπὶ
743 1255 812 1308 τὰ
833 1254 961 1326 ὅρη,
1003 1255 1096 1308 καὶ
1118 1255 1212 1308 ἐπὶ
1236 1255 1330 1308 τὸν
1353 1256 1521 1320 σῖτον,
1553 1253 1651 1307 καὶ
1684 1253 1779 1306 ἐπὶ
1803 1253 1845 1284 ⁷⁰
1865 1254 1925 1305 τὸ

339 1349 541 1412 ἔλαιον,
571 1347 667 1400 καὶ
695 1346 789 1399 ἐπὶ
826 1346 1004 1400 πάντα
1037 1346 1079 1376 τί
1117 1346 1218 1399 ὃσα
1253 1345 1478 1416 ἐκφέρει
1512 1348 1544 1416 ἡ
1576 1345 1670 1415 γῆ,
1708 1345 1804 1398 καὶ
1832 1344 1925 1396 ἐπὶ

338 1438 468 1500 τοὺς
505 1435 849 1508 ἀνθρώπους,
886 1435 982 1490 καὶ
1005 1435 1100 1488 ἐπὶ
1123 1435 1193 1488 τὰ
1213 1436 1410 1508 κτήνη,
1446 1435 1542 1489 καὶ
1572 1436 1668 1488 ἐπὶ
1714 1434 1924 1500 πάντας

340 1529 467 1592 τοὺς
491 1529 686 1592 πόνους
714 1527 825 1583 τῶν
855 1528 1057 1599 χειρῶν
1085 1527 1286 1582 αὑτῶν.
1325 1547 1345 1580 ι
1376 1529 1588 1598 Ὠσπερ
1627 1526 1737 1598 γὰρ
1768 1527 1926 1598 ὑμεῖς

341 1623 443 1692 τῆς
475 1622 614 1694 ἐμῆς
639 1621 890 1692 ἀμελεῖτε
923 1622 1240 1692 θεραπείας,
1271 1622 1495 1676 καὶτῶν
1524 1621 1710 1676 οἰκιῶν
1729 1622 1786 1676 δέ
1817 1622 1926 1677 τῶν

344 1712 626 1785 ὑμετέρων
651 1712 861 1782 πολλὴν
900 1713 1141 1766 ποιεῖσθε
1181 1713 1509 1784 κηδεμονίαν
1527 1731 1542 1746 ο
1569 1712 1739 1777 οὑτως
1769 1712 1926 1782 κάγὼ

344 1805 563 1876 πεδησω
610 1804 712 1875 μὲν
765 1803 875 1858 τῶν
926 1805 1103 1874 νεφῶν
1135 1805 1234 1868 τὰς
1277 1805 1492 1870 ὠδῖνας,
1526 1805 1720 1873 άγονον
1747 1804 1805 1858 δὲ
1826 1822 1922 1858 κε-

343 1869 522 1950 λεύσω
540 1869 794 1965 γενέσθαι
815 1896 916 1968 τὴν
935 1869 1040 1967 γῆν
1065 1913 1078 1924 ·
1109 1897 1208 1968 τὴν
1232 1897 1291 1950 δέ
1319 1869 1647 1968 κολαστικῆν
1671 1897 1920 1968 δύναμιν,
1954 1869 1998 1929 Β

343 1975 598 2060 καθάπερ
645 1988 769 2042 τινὰ
823 1988 1122 2060 ῥομφαίαν,
1174 1989 1237 2041 οὑ
1284 1989 1447 2061 μόνον
1490 1989 1633 2044 κατὰ
1686 1989 1796 2043 τῶν
1824 1989 1928 2058 τῆς

342 2082 452 2152 γῆς
475 2081 661 2148 ἐπάξω
685 2081 936 2152 καρπῶν,
987 2081 1126 2135 ἀλλὰ
1181 2082 1276 2136 καὶ
1309 2082 1452 2136 κατὰ
1476 2081 1585 2136 τῶν
1631 2081 1928 2152 ἐργαζομέο

341 2191 454 2227 νων
506 2171 714 2244 ταύτην
770 2171 1112 2244 ἀνθρώπων
1173 2175 1494 2246 κοινωνήσει
1533 2174 1591 2228 δέ
1620 2175 1801 2239 αὑτοῖς
1828 2175 1926 2246 τῆς

341 2262 618 2336 τιμωρίας
644 2263 737 2316 καὶ⁵
761 2263 832 2316 τὰ
859 2265 942 2327 εἰς
996 2263 1096 2333 τὴν
1133 2263 1340 2317 τούτων
1374 2263 1673 2336 ὑπουργίαν
1693 2279 1926 2334 γεγενηδ

346 2358 488 2429 μένα
547 2357 746 2428 κτήνη.
807 2355 994 2410 Ταῦτα
1043 2355 1102 2408 δὲ
1145 2357 1174 2408 ὁ
1223 2355 1334 2410 τῶν
1373 2356 1513 2410 ὅλων
1544 2355 1678 2419 Θεὸς
1714 2353 1926 2410 ἀπειλεῖ

344 2448 616 2517 ποιήσειν,
671 2445 760 2499 διὰ
821 2444 921 2516 τὴν
977 2445 1109 2516 περὶ
1144 2445 1236 2498 τὸν
1283 2445 1427 2500 θεῖον
1463 2441 1612 2500 οἶκον
1641 2445 1924 2516 ἀμέλειαν,

343 2536 447 2606 οὑχ
486 2535 563 2599 ὡς
618 2533 828 2588 ἐκείνου
867 2534 1144 2606 δεόμενος
1179 2533 1304 2588 οὑτε
1351 2537 1461 2607 γὰρ
1488 2535 1718 2606 οὐρανοῦ
1753 2535 1925 2590 δεῖται

344 2628 456 2680 τῶν
491 2627 630 2680 ὅλων
681 2627 710 2678 ὁ
771 2626 1024 2698 ποιητὴς,
1069 2625 1251 2680 πάντα
1285 2626 1344 2679 δὲ
1379 2625 1470 2680 διὰ
1515 2626 1925 2698 φιλανθρωπίαν

345 2719 748 2792 ἐδημιούργησε
811 2716 979 2788 μόνην
998 2733 1014 2748 ο
1043 2715 1178 2771 ἀλλὰ
1208 2717 1304 2771 καὶ
1330 2717 1511 2771 αὑτῶν
1548 2717 1772 2772 ἐκείνων
1799 2720 1924 2772 ἐπιδ

349 2810 704 2883 μελοὺμενος,
740 2809 836 2863 καὶ
875 2809 976 2879 τῆς
1028 2809 1302 2881 σωτηρίας
1326 2808 1506 2864 αὑτῶν
1545 2809 1927 2882 προμηθούμεδ

346 2919 458 2965 νος,
491 2901 584 2954 τὸν
615 2899 750 2954 νεὼν
789 2900 1212 2972 οίκοδομηθῆναι
1263 2901 1498 2969 κελεύει,
1530 2901 1598 2955 ἵν’
1634 2903 1692 2954 ἐν
1731 2901 1926 2973 ἐκείνῳ

345 2994 439 3049 τὸν
465 2995 631 3066 νόμον
657 2992 1014 3065 πληροῦντες,
1059 2993 1161 3064 τὴν
1203 2992 1454 3048 ἐντεῦθεν
1489 2993 1760 3064 ὠφέλειαν
1789 3010 1926 3065 καρ-

347 3087 662 3152 πὼσωνται,
719 3087 815 3140 καὶ
870 3085 970 3158 τὴν
1009 3087 1240 3160 νομικὴν
1284 3086 1540 3159 λατρείαν
1564 3086 1670 3150 ἕως
1700 3086 1801 3157 τῆς
1829 3083 1924 3138 τοῦ

349 3181 686 3252 κληρονόμου
738 3178 1064 3251 παρουσίας,
1117 3178 1260 3232 κατὰ
1280 3177 1372 3231 τὸν
1395 3177 1539 3232 θεῖον
1567 3176 1918 3242 Ἀπόστολον,
1951 3205 1994 3264 C

349 3271 716 3326 ἐπιτελεῖσθαι
749 3269 1074 3339 βουλόμενος
1098 3287 1112 3301 ·
1165 3268 1305 3340 μετὰ
1349 3267 1462 3338 γὰρ
1491 3267 1590 3338 τὴν
1620 3266 1716 3320 τοῦ
1741 3266 1926 3337 Σωτῆ-

350 3383 444 3439 ρος
468 3366 626 3436 ἡμῶν
647 3363 1082 3435 ἐνανθρὼπησιν,
1107 3362 1206 3432 τῆς
1227 3361 1434 3432 Καινῆς
1479 3359 1756 3429 Διαθήκης
1789 3359 1924 3412 άναὁ

349 3456 636 3528 φανείσης,
666 3452 827 3507 ιλαδε
859 3452 1011 3517 τέλος
1065 3453 1099 3522 ἠ
1143 3451 1378 3516 Παλαιὰ,
1405 3451 1499 3503 καὶ
1523 3450 1552 3502 ὁ
1582 3447 1926 3516 παιδαγωγὸς

349 3547 516 3618 νόμος
555 3544 648 3599 τδν
697 3545 1008 3615 σοφώτατον
1054 3545 1187 3616 ἡμῖν
1258 3541 1545 3607 ὑποδείξας
1597 3541 1926 3596 Διδάσκαλον

349 3639 729 3712 ὑπεχώρησεν,
761 3639 836 3702 ὡς
854 3637 1039 3692 οὑκέτι
1092 3637 1204 3691 τῶν
1233 3637 1324 3691 ὑπ’
1367 3634 1534 3690 αὑτοῦ
1567 3633 1926 3705 παιδαγωγη-

350 3734 556 3788 θὲντων
586 3732 683 3802 τῆς
708 3729 1080 3800 στοιχειώδους
1115 3728 1427 3800 εἰσαγωγῆς
1455 3726 1620 3781 αὑτοῦ
1637 3726 1926 3798 δεομένων.

362 3823 505 3877 Ἀλλ’
530 3823 691 3894 ἡμεῖς
743 3822 824 3885 εἰς
869 3819 968 3892 τὴν
1031 3819 1355 3874 ἀκολουθίαν
1409 3817 1798 3888 ἐπανέλθωμεν
1827 3816 1930 3888 τῆς

352 3915 692 3987 προφητείας
741 3913 967 3984 ταύτης.
1009 3910 1374 3975 ’Δκούσαντες
1423 3911 1522 3982 τῆς
1559 3909 1791 3978 ἀπειλῆς
1815 3907 1929 3962 ὅτε

351 4005 678 4078 Ζοροϐάϐελ,
713 4005 806 4059 καὶ
839 4001 1048 4075 Ἰησοῦς
1081 4004 1110 4055 ὁ
1154 4001 1468 4072 ἀρχιερεὺς,
1495 3998 1591 4054 καὶ
1619 3999 1650 4051 δ
1674 3997 1780 4050 ὑπὸ
1806 3995 1930 4049 τούα-

349 4115 460 4152 των
525 4097 947 4168 ποιμαινόμενος
991 4091 1152 4159 λεὼς,
1202 4091 1356 4155 δέους
1407 4091 1507 4162 μὲν
1553 4086 1925 4159 ἐπλήσθησαν,

351 4186 504 4256 εἶξαν
550 4188 608 4240 δὲ
649 4189 762 4248 τοῖς
815 4184 921 4240 ὑπὸ
953 4183 1046 4238 τοῦ
1107 4184 1388 4255 προφήτου
1437 4177 1926 4249 τεθεσπισμένοις’

351 4279 666 4351 παραυτίκα
697 4279 753 4332 δέ
782 4279 812 4332 ὁ
840 4275 1223 4348 φιλάνθρωπος
1247 4273 1558 4344 Δεσπότης,
1588 4270 1651 4325 τὸ
1675 4267 1930 4330 εὐπειθὲς

349 4371 533 4426 αὑτῶν
558 4370 911 4440 θεασάμενος,
939 4367 1028 4421 διὰ
1070 4365 1166 4420 τοῦ
1222 4365 1501 4436 προφήτου
1554 4361 1684 4433 βοᾷο
1725 4377 1744 4412 ι
1786 4357 1930 4428 Ἐγώ

351 4466 468 4535 είμι
494 4465 612 4536 μεθ’
643 4462 817 4534 ὑμῶν,
852 4461 999 4529 λέγει
1032 4460 1256 4531 Κύριος.
1313 4476 1332 4509 ι
1353 4457 1619 4528 Θαρρεῖτε
1647 4455 1713 4520 τ’,
1741 4453 1926 4524 φησὶν,

349 4559 426 4622 ὡς
456 4557 716 4628 συνεργόν
743 4573 811 4626 με
849 4555 946 4609 καὶ
979 4553 1173 4625 βοηθὸν
1207 4552 1445 4624 ἔχοντες.

423 4649 508 4702 ιδ’.
553 4667 572 4700 ι
604 4649 714 4706 Καὶ
741 4647 992 4718 ἐξήγειρε
1019 4646 1224 4716 Κὺριος
1264 4644 1326 4698 τὸ
1361 4642 1583 4712 πνεῦμα
1617 4639 1926 4712 Ζοροϐάϐελ

347 4741 444 4794 τοῦ
473 4739 746 4811 Σαλαθιήλ
777 4740 840 4792 ἐκ
869 4738 1044 4807 φυλῆς
1079 4737 1269 4804 Ἰοὺδα,
1291 4734 1468 4790 καὶτὸ
1496 4733 1715 4804 πνεῦμα
1752 4731 1926 4801 Ἰησοῦ

348 4830 442 4883 τοῦ
480 4829 744 4893 Ἰωσεδὲκ,
774 4827 869 4881 τοῦ
901 4827 1092 4898 ἱερέως
1115 4825 1210 4880 τοῦ
1243 4825 1502 4897 μεγάλου,
1537 4825 1632 4878 καὶ
1665 4823 1726 4877 τὸ
1758 4822 1925 4876 πνεῦ-

353 4939 430 4991 μα
450 4919 560 4973 τῶν
582 4920 925 4974 καταλοίπων
947 4917 1148 4981 παντὸς
1163 4918 1210 4949 ⁷³
1236 4917 1330 4970 τοῦ
1357 4915 1510 4983 λαοῦ,
1536 4915 1631 4970 καὶ
1656 4914 1925 4986 εἰσῆλθον,

352 5012 444 5066 καὶ
473 5011 691 5065 ἐποίουν
721 5011 792 5064 τὰ
833 5010 971 5082 ἔργα
1000 5010 1094 5062 ἐπὶ
1109 5007 1153 5040 ⁷⁸
1194 5008 1273 5080 τῷ
1306 5007 1441 5078 οἴκῳ
1483 5007 1689 5078 Κυρίου
1723 5022 1924 5058 παντο·
1957 5064 1976 5089 ν

359 5102 617 5174 κράτορος
644 5101 779 5155 Θεοῦ
810 5101 1010 5156 αὑτῶν.

888 5191 1282 5246 ΚΕΦΑΛΔΙΟΝ
1319 5191 1395 5246 B'.

417 5289 488 5336 α’.
537 5303 554 5335 ι
587 5285 666 5356 Τῇ
691 5283 907 5354 τετράδι
939 5284 1032 5337 καὶ
1059 5284 1234 5338 εἰκάδι
1260 5281 1355 5336 τοῦ
1381 5281 1548 5353 μηνὸς
1575 5280 1668 5334 τοῦ
1692 5280 1875 5336 ἕκτου.
1903 5298 1923 5331 ι

364 5370 644 5426 Ἐντεῦθεν
674 5373 859 5442 σαφῶς
887 5371 1306 5443 μεμαθήκαμεν,
1340 5370 1414 5434 ὡς
1443 5368 1603 5432 εὐθὺς
1632 5366 1928 5438 προαιροὺ-

423 5490 450 5518 ιι
485 5478 666 5536 Galat.
699 5495 760 5535 ιιι
827 5482 919 5550 24,
949 5481 1038 5536 25.

2025 622 2158 672 setis
2178 660 2193 682 ,
2225 635 2294 672 ne
2325 618 2410 673 his
2436 619 2656 688 quidem
2684 618 2770 673 usi
2801 617 2988 675 fuistis
3013 656 3028 682 .
3070 617 3339 688 Quoniam
3361 631 3426 672 ex
3462 615 3601 685 ipsis

2024 708 2389 775 receptaculis
2421 723 2488 762 ea
2522 707 2812 779 dissipavi.

2097 819 2116 850 ι
2147 800 2516 865 Quamobrem
2555 801 2672 855 hare
2708 802 2848 856 dicit
2887 800 3157 856 Dominus
3199 799 3597 869 omnipotens:

2027 887 2243 960 1584
2273 888 2411 954 Quia
2440 888 2638 944 domus
2669 903 2788 943 mea
2821 890 3046 944 deserta
3073 895 3192 953 est,
3218 894 3276 942 et
3305 900 3404 940 vos
3437 883 3601 940 festi,-

2023 983 2168 1034 nat'ts
2211 980 2596 1050 unusquisque
2645 979 2701 1033 in
2750 978 2975 1034 domum
3010 993 3192 1035 suam.
3241 975 3454 1048 (Vens.
3494 975 3600 1039 10,

2023 1071 2110 1124 Η.
2137 1072 2156 1140 >
2186 1069 2422 1142 Propter
2459 1070 2563 1126 hoc
2595 1070 2914 1126 retinebunt
2947 1070 3072 1126 οωιί
3109 1085 3290 1137 rorem
3313 1109 3327 1134 ,
3362 1075 3420 1123 et
3452 1075 3601 1121 terra

2024 1163 2316 1219 subtrahet
2343 1164 2594 1235 germina
2627 1178 2750 1219 sua.
2785 1163 2852 1218 Et
2887 1164 3159 1219 adducam
3191 1177 3358 1232 super
3392 1171 3600 1215 terram

2025 1255 2269 1323 gladium
2296 1295 2310 1319 ,
2343 1262 2399 1310 et
2430 1270 2600 1325 super
2630 1262 2882 1319 montes,
2929 1264 2985 1309 et
3028 1269 3194 1323 super
3229 1251 3513 1316 triticum,
3549 1259 3605 1304 et

2024 1360 2192 1414 super
2235 1349 2454 1410 oleum,
2502 1356 2557 1400 ct
2598 1360 2943 1415 quaecunque
2995 1344 3206 1415 profert
3263 1343 3504 1408 humus,
3550 1350 3608 1395 et

2025 1451 2192 1506 super
2217 1437 2472 1491 homines
2493 1475 2508 1502 ,
2533 1445 2590 1492 et
2617 1453 2784 1508 super
2811 1437 3068 1508 jumenta
3091 1473 3106 1503 ,
3134 1447 3191 1492 et
3221 1452 3388 1507 super
3415 1448 3608 1490 omnes

2025 1529 2241 1583 labores
2267 1541 2530 1583 manuum
2552 1542 2765 1585 eorum.
2782 1529 3296 1596 {Quemadmodum
3321 1527 3469 1582 enim
3489 1524 3610 1580 cul-

2027 1630 2117 1677 tus
2157 1622 2266 1677 mei
2314 1635 2416 1678 vos
2450 1636 2644 1677 curam
2674 1623 2956 1694 negligitis
2978 1661 2993 1687 ,
3026 1631 3085 1678 et
3119 1624 3173 1677 in
3205 1620 3469 1675 domibus
3509 1631 3608 1673 ve-

2025 1714 2159 1770 stris
2187 1713 2528 1772 accurandis
2557 1713 2864 1786 impensam
2901 1729 3127 1785 operam
3163 1713 3405 1784 ponitis:
3441 1712 3524 1766 sic
3551 1719 3610 1765 et

1999 1805 2143 1876 ipse
2175 1807 2397 1878 pluvias
2431 1805 2501 1862 de
2535 1807 2778 1863 nubibus
2821 1807 3118 1873 inhibebo,
3165 1815 3372 1860 terram
3421 1811 3608 1858 autem

2029 1898 2275 1953 sterilem
2319 1897 2438 1954 fieri
2474 1897 2717 1969 jubebo,
2765 1898 3135 1970 ultricemque
3177 1895 3482 1952 vindictam
3517 1893 3606 1948 iu-

2028 1997 2148 2045 star
2193 1988 2400 2061 gladii,
2437 2003 2548 2044 non
2595 1990 2764 2045 modo
2797 1999 2958 2045 terra:
3010 1989 3281 2044 fructibus
3325 1986 3606 2056 inﬂigam,

2029 2081 2126 2136 sed
2156 2081 2326 2136 etiam
2357 2080 2527 2152 hujus
2558 2079 2899 2148 cultoribus,
2932 2081 3292 2146 hominibus;
3323 2087 3378 2133 et
3414 2091 3608 2148 pmnas

2027 2185 2154 2226 cum
2183 2172 2266 2228 eis
2295 2171 2714 2243 participabunt
2743 2172 2911 2227 etiam
2945 2187 3009 2227 ea
3035 2186 3159 2241 quae
3187 2171 3255 2225 ad
3282 2170 3480 2225 horum
3507 2167 3609 2220 ob-

2028 2263 2282 2334 sequium
2315 2273 2449 2320 nata
2483 2271 2616 2320 sunt
2638 2263 2916 2336 jumenta.
2954 2263 3080 2318 llaec
3109 2274 3295 2317 autem
3328 2277 3392 2318 se
3427 2261 3609 2315 factu-

2026 2364 2152 2410 rum
2182 2355 2330 2412 Deus
2357 2356 2748 2412 universorum
2778 2357 3047 2422 minatur,
3078 2355 3207 2426 quia
3233 2355 3476 2410 divinam
3508 2356 3609 2410 do-

2029 2461 2182 2503 mum
2213 2448 2576 2520 neglexerant
2602 2467 2616 2504 :
2668 2463 2781 2503 non
2828 2446 2975 2520 quod
3010 2447 3102 2502 illa
3134 2456 3326 2518 egeat,
3355 2461 3480 2501 nam
3510 2462 3610 2502 ne-

2025 2553 2135 2610 que
2159 2540 2300 2594 callo
2327 2539 2539 2611 indiget
2565 2541 2613 2596 is
2639 2540 2736 2610 qui
2763 2538 3012 2594 omnium
3040 2547 3260 2594 creator
3287 2547 3371 2594 est
3391 2579 3406 2603 ,
3432 2547 3486 2594 et
3511 2540 3606 2609 qui

2024 2631 2214 2686 omnia
2257 2645 2326 2687 ex
2363 2631 2482 2688 sola
2523 2631 2906 2688 misericordia
2949 2630 3122 2694 fecit:
3154 2630 3250 2686 sed
3281 2645 3474 2686 eormn
3505 2645 3608 2700 po~

2023 2722 2138 2776 tills
2170 2735 2362 2775 curam
2405 2735 2635 2791 gerens,
2667 2729 2721 2776 ct
2751 2720 2987 2776 salutem
3033 2734 3222 2775 eorum
3259 2733 3566 2789 procurans
3589 2755 3606 2784 ,

2025 2812 2286 2884 templum
2318 2811 2583 2868 aedificari
2630 2812 2822 2883 jubet,
2875 2820 2956 2877 ut,
3008 2811 3183 2884 legem
3207 2811 3607 2873 observantes,

2028 2904 2323 2960 utilitatem
2360 2903 2493 2960 inde
2535 2903 2796 2960 liuentem
2829 2904 3057 2974 capiant
3083 2942 3099 2968 ,
3150 2911 3207 2957 et
3258 2905 3404 2974 quod
3444 2901 3610 2958 vellet

2026 2996 2260 3068 legalem
2289 2996 2498 3052 cultum
2529 3009 2706 3068 usque
2733 2995 2803 3051 ad
2828 2995 3124 3052 adventum
3159 2994 3426 3060 haredis,
3448 2993 3610 3064 juxta

2027 3087 2272 3143 divinum
2305 3088 2634 3159 Apostolum
2663 3129 2679 3154 ,
2723 3088 3030 3144 observari.
3064 3087 3200 3141 Nam
3248 3095 3373 3156 post
3417 3085 3611 3139 Salva-

2027 3179 2168 3235 toris
2194 3179 2368 3234 nostri
2399 3178 2839 3234 incarnationem
2861 3217 2877 3240 ,
2903 3176 3056 3232 Novo
3078 3173 3430 3233 Testamento
3454 3183 3610 3245 pate-

2029 3271 2212 3336 facto,
2248 3267 2421 3324 Vetus
2448 3271 2609 3324 llnem
2639 3277 2860 3324 nactum
2898 3277 3017 3332 est,
3053 3277 3106 3322 et
3135 3268 3223 3322 lex
3257 3268 3607 3338 paedagogus,

2027 3361 2121 3416 ubi
2157 3360 2634 3430 sapientissimum
2671 3359 3074 3430 Praeceptorem
3111 3359 3274 3414 nobis
3311 3359 3606 3424 imlicavit,

2025 3450 2266 3505 excessit
2286 3457 2312 3485 ιι
2339 3457 2356 3503 :
2382 3463 2449 3504 eo
2475 3448 2626 3519 quod
2648 3450 2743 3520 qui
2769 3451 2841 3504 ab
2863 3465 2924 3504 ea
2954 3447 3167 3520 1585
3193 3448 3424 3504 fuissent
3447 3449 3609 3504 insti-

2028 3541 2132 3596 tuti
2154 3581 2170 3606 ,
2205 3553 2316 3596 non
2345 3549 2578 3612 egerent
2624 3541 2867 3612 amplius
2912 3542 3315 3596 elementorum
3346 3539 3607 3596 introdu-

2028 3631 2236 3688 ctione.
2268 3628 2384 3703 [ὶῖ]
2429 3629 2539 3685 Sed
2582 3629 2650 3686 ad
2701 3644 2766 3686 ea
2817 3645 2942 3700 qua:
2975 3631 3031 3686 in
3067 3629 3358 3701 prophetia
3389 3630 3494 3685 ista
3522 3644 3611 3686 se-

2029 3731 2304 3796 quuntur,
2352 3723 2669 3780 redeamus.
2725 3721 2866 3780 Cum
2928 3723 3071 3778 hanc
3127 3723 3610 3779 comminationem

2030 3816 2320 3872 audissent
2344 3813 2656 3872 Zorobabel
2684 3821 2740 3870 et
2765 3812 2937 3872 Josua
2966 3816 3230 3872 sacerdos
3260 3831 3493 3887 magnus
3511 3855 3528 3882 ,
3555 3824 3614 3872 ct

2029 3910 2126 3979 qui
2159 3907 2229 3964 ab
2259 3907 2345 3963 bis
2377 3907 2674 3978 regebatur
2705 3907 2948 3977 populus
2969 3949 2984 3973 ,
3020 3906 3077 3962 in
3113 3907 3359 3961 maximo
3389 3907 3611 3977 quidem

2029 4000 2229 4054 timore
2259 3997 2521 4064 fuerunt,
2568 4005 2734 4069 atque
2767 3997 2855 4053 his
2889 4010 3011 4068 quae
3041 4013 3071 4051 a
3102 3997 3370 4068 propheta
3404 4013 3612 4068 praece-

2029 4101 2119 4162 pta
2173 4091 2396 4147 fuerant
2433 4101 2765 4163 paruerunt.
2799 4091 2916 4164 [15]
2946 4090 3215 4147 Dominus
3265 4100 3448 4148 autem
3501 4093 3610 4148 mi-

2029 4183 2310 4248 sericors,
2360 4183 2547 4239 statim
2600 4191 2662 4239 ut
2706 4183 2847 4239 vidit
2877 4199 3071 4238 eorum
3119 4184 3187 4239 ad
3237 4183 3607 4241 obedientium

2030 4274 2200 4329 animi
2225 4275 2650 4346 propensionem
2671 4311 2688 4341 ,
2711 4291 2810 4348 per
2834 4275 3156 4348 prophetam
3183 4275 3423 4332 clamat:
3451 4296 3470 4328 ι
3494 4276 3611 4348 Ego

2032 4367 2320 4423 vobiscum
2350 4383 2506 4434 sum,
2533 4369 2674 4424 dicit
2704 4368 2997 4426 Dominus.
3026 4389 3045 4424 ι
3073 4368 3364 4437 Confidite,
3394 4371 3607 4440 inquit,

2031 4459 2294 4529 quoniam
2335 4474 2442 4528 me,
2473 4469 2528 4516 et
2569 4460 2758 4532 operis
2791 4462 3140 4534 participem,
3191 4470 3245 4518 et
3295 4462 3608 4532 adiutorem

1958 4543 2001 4600 Β
2033 4549 2266 4606 habetis.

2105 4639 2276 4697 Vens.
2327 4642 2415 4698 14.
2456 4661 2477 4694 ι
2517 4647 2535 4667 ⁸
2569 4644 2635 4698 Et
2685 4646 2982 4702 suscitavit
3029 4645 3296 4700 Dominus
3346 4645 3605 4716 spiritum

2034 4733 2394 4790 Zorobabelis
2421 4735 2522 4790 lilii
2550 4735 2864 4793 Salathielis
2885 4778 2899 4801 ,
2925 4753 2991 4793 ex
3018 4738 3162 4792 tribu
3187 4735 3342 4792 Juda‘
3364 4779 3379 4804 ,
3411 4746 3468 4792 et
3496 4739 3609 4808 spi-

2032 4824 2202 4878 ritum
2249 4824 2434 4880 Josua:
2479 4826 2574 4882 ﬁlii
2619 4826 2915 4893 Joscdeci,
2957 4827 3266 4883 sacerdotis
3299 4828 3518 4899 magni,
3553 4836 3610 4883 ct

2033 4916 2289 4986 Spiritum
2323 4918 2672 4988 reliquorum
2706 4919 2773 4974 dc
2803 4919 2954 4974 omni
2987 4919 3229 4989 populo,
3271 4927 3326 4974 et
3372 4920 3610 4991 ingressi

2036 5015 2204 5073 sunt,
2247 5020 2304 5065 et
2349 5009 2630 5066 faciebant
2664 5026 2835 5080 opera
2869 5012 2923 5066 in
2959 5012 3128 5068 domo
3163 5010 3378 5069 Domini
3427 5012 3611 5066 omni-

2030 5099 2272 5168 potentis
2301 5100 2394 5158 Dei
2423 5103 2530 5158 sui.
2561 5121 2580 5154 ι

2651 5193 2882 5250 CAPUT
2921 5193 2986 5249 ll.

2006 5302 2028 5317 -
2105 5277 2268 5336 Vens.
2307 5282 2354 5336 l.
2385 5299 2406 5333 ‹
2435 5281 2527 5336 Dic
2563 5281 2834 5356 vicesimo
2881 5296 3081 5357 quarto
3134 5286 3343 5341 mensis
3393 5284 3556 5339 sexti.
3588 5301 3607 5332 ι

2031 5371 2173 5426 ι-Ιὶιιο
2227 5375 2387 5444 plane
2414 5374 2678 5432 discimus
2715 5387 2853 5444 nos,
2879 5379 3045 5434 simul
3074 5393 3138 5433 ac
3165 5379 3307 5434 bona
3333 5376 3611 5447 eligimus,

1657 5591 1893 5649 VARIIE
1934 5590 2341 5649 LECTIONES.

423 5752 468 5785 ⁸⁷
493 5749 612 5832 λέγ.
636 5748 686 5832 A_
699 5762 896 5832 prtem.
916 5746 1070 5832 τάδε.
1094 5746 1192 5832 ﬂ”
1214 5747 1263 5827 Α.
1291 5747 1686 5832 agamagam}.
1779 5751 1826 5832 θξ
1855 5754 1943 5822 ἐφ.
1984 5756 2090 5832 ὑμ.
2118 5756 2337 5832 Ροεκίιι
2370 5758 2435 5832 A.
2512 5760 2558 5832 το
2585 5760 2681 5832 καῖ
2709 5761 2823 5832 ἐπὶ,
2857 5778 2910 5832 κ.
2942 5779 2991 5832 τ.
3026 5760 3072 5816 λ.
3097 5761 3139 5813 Α
3171 5776 3356 5832 prmm.
3391 5762 3486 5819 καὶ
3515 5766 3610 5824 ἐπὶ

354 5820 444 5876 τδν
463 5815 625 5876 οἶνον.
667 5819 712 5849 ’ί
749 5819 840 5870 ἐπὶ
860 5817 1055 5870 πάντα.
1093 5815 1216 5871 Des.
1252 5817 1304 5869 in
1341 5818 1401 5871 A.
1481 5820 1527 5852 ⁷⁸
1550 5820 1590 5874 (3
1619 5815 1905 5892 Θαρσεῖτεζ

666 5911 933 5973 Damon.
975 5911 1090 5973 Gn.
1131 5910 1384 5973 LXXXI.

1983 5826 2221 5882 ηπάντ.
2253 5828 2376 5884 Des.
2415 5830 2467 5884 in
2501 5830 2564 5884 A.

2648 5830 2692 5861 ⁷³
2726 5831 2840 5884 ἐπί.
2877 5831 3018 5882 Λέν.

3056 5923 3130 5986 59
