4090 6408
478 409 614 474 186⁵1

1474 409 1959 470 ΤΗΕΟΒΟΗΕΤΙ
1998 408 2339 469 EPISCOPI
2377 409 2740 472 CYRENSIS

3590 407 3727 470 1868

474 525 720 578 divinum
753 521 1020 577 auxilium
1047 519 1263 591 assequi
1291 538 1306 586 ;
1339 534 1463 574 nam
1487 528 1542 575 et
1571 519 1627 574 hi
1656 527 1718 574 ut
1744 518 1814 574 ad
1843 519 2048 574 bonum

2156 535 2305 590 μενοι
2335 519 2404 574 τά
2445 520 2627 590 ἀγαθὰ
2659 521 2760 593 τῆς
2793 519 2942 586 θείας
2980 521 3300 593 ἐπικουρίας
3338 519 3680 591 τυγχάνομεν
3708 536 3721 550 ·

476 616 884 670 inclinaverunt
904 653 920 678 ,
945 612 1191 668 divinum
1217 625 1554 667 consensum
1582 611 1768 683 adepti
1796 619 1926 668 sunt
1950 648 1966 674 ,
1995 617 2052 665 et

476 709 778 763 alacriores
813 708 939 761 illos
973 705 1161 760 divina
1191 705 1370 776 gratia
1404 704 1576 760 fecit:
1614 705 1690 760 ita
1725 713 1783 759 ut
1814 704 2052 760 asdiﬁcao

479 802 679 854 tionem
737 796 1063 852 inchoarent
1108 795 1198 851 die
1250 795 1522 852 vicesimo
1578 804 1781 864 quarto
1839 792 2050 849 mensis

475 887 738 956 (sexti),
767 901 895 940 eum
930 885 1110 956 primo
1143 884 1234 940 die
1265 885 1476 941 mensis
1511 883 1860 955 prophetiam
1891 896 2050 938 acce-

475 980 706 1049 pissent.
738 976 886 1049 [2-5]
925 976 1133 1033 Postea
1156 991 1352 1032 rursus
1382 977 1606 1044 septimo
1637 990 1813 1029 mense
1848 988 2052 1044 praeces

473 1070 554 1140 pit
583 1068 847 1124 Dominus
885 1068 1166 1138 pr0plieta:
1209 1068 1323 1123 hate
1353 1068 1517 1122 verba
1546 1068 1614 1121 ad
1644 1083 1740 1122 eos
1766 1066 2047 1136 perferre:

479 1179 497 1208 ι
527 1157 664 1222 Quis
719 1172 786 1212 ex
825 1155 1041 1228 1586
1075 1157 1233 1211 vobis
1283 1163 1368 1212 est
1421 1157 1517 1226 qui
1572 1155 1772 1211 viderit
1826 1153 2070 1230 domum.

475 1249 638 1304 istam
682 1249 739 1303 in
767 1249 943 1320 gloria
999 1263 1098 1302 sua
1130 1247 1354 1317 prima?
1382 1253 1437 1302 et
1462 1246 1743 1316 quomodo
1775 1261 1875 1300 vos
1907 1257 2054 1298 nunc

473 1340 678 1397 videtis
706 1355 829 1396 eam
864 1339 1022 1411 quasi
1069 1354 1180 1394 non
1211 1339 1283 1394 sit
1314 1353 1501 1392 coram
1535 1337 1739 1392 vobis?
1768 1355 1786 1388 ι
1816 1335 1920 1401 Qui
1958 1350 2054 1406 po-

478 1432 670 1497 testis,
707 1445 834 1486 cum
862 1431 1104 1501 priorem
1134 1429 1256 1498 ejus
1286 1429 1628 1482 nobilitatem
1668 1427 2051 1498 splendorem-

475 1539 588 1595 que
633 1522 1036 1586 recordamini,
1079 1529 1286 1575 tantam
1334 1535 1484 1574 nunc
1527 1519 1652 1590 ejus
1695 1518 2051 1574 solitudinem

475 1617 768 1675 contueri?
794 1597 969 1685 siqui
1001 1613 1144 1670 forte
1174 1628 1243 1669 ex
1280 1611 1439 1668 vobis
1469 1611 1539 1667 ad
1582 1611 1732 1667 hunc
1775 1610 1923 1666 diem
1963 1624 2052 1665 re-

475 1719 624 1768 stant
653 1709 722 1764 ab
751 1707 845 1764 illo
877 1715 1126 1777 tempore
1157 1703 1516 1774 superstites.

547 1887 710 1944 Vens.
744 1887 811 1955 5,
837 1887 892 1942 6.
921 1904 939 1938 ι
972 1885 1037 1940 Ει
1065 1898 1212 1939 nunc
1240 1882 1578 1946 confortare,
1602 1877 1906 1935 Zorobabel
1925 1916 1942 1943 ,
1965 1878 2050 1932 di-
2081 1868 2121 1922 Β

475 1979 550 2033 cit
579 1978 862 2044 Dominus,
883 1983 938 2032 et
963 1975 1296 2038 conlortare,
1326 1971 1516 2035 Josua,
1545 1970 1620 2025 ﬁli
1645 1967 1893 2025 Josedeci
1914 2006 1930 2033 ,
1961 1983 2052 2023 sa-

475 2070 670 2125 cerdos
705 2060 932 2140 magne,
961 2079 1016 2124 et
1048 2065 1400 2122 eonfortetur
1431 2063 1613 2118 omnis
1658 2060 1900 2131 populus
1931 2067 2050 2113 ter-

475 2177 579 2225 rae,
609 2161 747 2216 dicit
782 2161 1047 2215 Dominus
1073 2200 1086 2224 ,
1127 2165 1186 2214 et
1221 2157 1386 2214 facite
1407 2197 1422 2221 ,
1453 2155 1715 2225 quoniam
1761 2151 2048 2208 vobiscqu

475 2268 598 2306 sum
618 2292 634 2318 ,
663 2250 796 2304 dicit
821 2248 1086 2304 Dominus
1115 2247 1488 2316 omnipotens.
1515 2241 1582 2296 Et
1609 2241 1837 2298 verbum
1865 2254 2049 2295 meum

475 2343 621 2413 quod
652 2341 833 2413 pepigi
860 2340 1169 2405 vobiscum,
1223 2351 1350 2392 eum
1381 2331 1782 2407 egrederemini
1809 2331 1879 2386 de
1904 2341 2050 2385 terra

477 2435 728 2506 ngypti,
782 2443 838 2490 et
888 2429 1127 2502 Spiritus
1174 2443 1328 2486 meus
1379 2427 1558 2482 astitit
1607 2426 1661 2480 in
1716 2423 1901 2480 medio
1947 2438 2048 2478 ve-

475 2537 679 2582 strmn.
711 2544 729 2577 »
756 2523 917 2579 Omni
948 2522 1184 2593 segnitie
1209 2530 1263 2575 et
1297 2527 1443 2574 metu
1473 2532 1712 2574 excusso
1734 2558 1749 2583 ,
1783 2515 2051 2585 suscipite

476 2619 644 2674 robur
676 2615 823 2688 quod
853 2615 1012 2670 vobis
1060 2612 1309 2669 suﬁicio:
1349 2619 1403 2666 et
1454 2626 1540 2664 me
1591 2625 1688 2679 per
1740 2608 1876 2679 legis
1921 2622 2050 2662 sau-

473 2711 714 2768 Ctionem
739 2706 896 2763 vobis
927 2706 1122 2762 adesse
1154 2745 1169 2770 ,
1190 2711 1247 2760 et
1277 2701 1618 2760 sanctissimi
1646 2699 1890 2770 Spiritus
1922 2712 2049 2768 gra-

475 2801 608 2854 tiam
654 2814 752 2854 vos
805 2796 947 2852 tueri
990 2794 1220 2852 credite.
1270 2792 1338 2846 Et
1385 2790 1650 2863 quoniam
1687 2789 1862 2843 multa
1893 2793 2052 2843 erant

473 2906 598 2961 quae
640 2889 973 2952 obstabant,
1020 2895 1074 2943 et
1121 2895 1452 2956 paupertas,
1501 2891 1556 2940 et
1601 2879 2050 2936 necessariorum

477 2981 740 3054 penuria,
774 2987 828 3034 et
859 2979 1220 3033 ﬁnitimorum
1251 2975 1633 3040 incursiones,
1671 2983 1821 3028 recte
1855 2972 2005 3026 addit
2033 2987 2047 3024 :

551 3179 571 3212 ι
606 3156 908 3221 Conﬁdite,
939 3153 1146 3227 (Vens.
1177 3153 1227 3218 7,
1257 3153 1334 3223 8.)
1371 3151 1499 3224 quia
1527 3151 1644 3206 haec
1691 3149 1828 3204 dicit
1871 3147 2053 3202 Domi-

479 3265 586 3304 nus
647 3248 1043 3316 omnipotens:
1098 3241 1291 3297 Adhuc
1346 3239 1515 3295 semel
1568 3254 1670 3310 ego
1725 3251 2049 3292 commove.

477 3340 707 3403 coelum,
739 3347 793 3391 et
823 3345 1064 3398 terram,
1107 3341 1160 3388 et
1203 3347 1353 3386 mare
1373 3372 1386 3396 ,
1417 3341 1468 3386 et
1499 3330 1735 3384 aridam.
1783 3329 1848 3382 lit
1899 3341 2052 3381 com-

479 3431 709 3486 movebo
736 3443 927 3483 omnes
955 3433 1145 3496 gentes
1167 3463 1182 3489 ,
1213 3433 1268 3479 et
1304 3423 1528 3478 venient
1573 3422 1750 3476 electa
1799 3420 1866 3474 de
1914 3433 2051 3472 cuu-

477 3524 582 3580 ctis
615 3521 900 3592 gentibus,
955 3526 1011 3572 et
1054 3517 1292 3585 implebo
1338 3513 1567 3570 domum
1624 3513 1788 3567 istam
1833 3508 2006 3580 gloria
2033 3549 2049 3575 ,

480 3615 616 3670 dicit
645 3612 911 3666 Dominus
953 3608 1326 3677 omnipotens.
1359 3626 1377 3660 ›
1409 3607 1482 3662 De
1529 3604 1680 3674 Gogo
1726 3613 1782 3658 et
1825 3601 2051 3672 Magogo
2095 3613 2106 3622 ’

481 3709 586 3763 ista
633 3703 914 3773 praedicit,
969 3700 1172 3768 quibus
1219 3713 1345 3752 cum
1395 3697 1598 3752 bellum
1652 3693 2052 3764 llicrosolymze

479 3812 602 3853 cum
638 3793 888 3866 plurimis
919 3791 1174 3863 gentibus
1201 3788 1407 3844 inferre
1434 3787 1897 3849 constituissent,
1934 3783 2052 3853 ipse

483 3886 755 3959 permisit,
793 3893 847 3938 ct
883 3898 1008 3938 cum
1047 3881 1101 3935 in
1130 3896 1190 3936 se
1220 3883 1234 3900 '
1270 3879 1507 3935 invicem
1535 3893 1632 3933 eos
1665 3881 1958 3941 armasset,
1992 3882 2054 3927 u-t

481 3976 690 4032 mutuis
721 3973 961 4029 caedibus
991 3969 1202 4042 1587
1239 3985 1298 4024 se
1329 3967 1668 4023 conﬁcerent
1695 3963 1910 4030 eﬁ'ecit,
1960 3979 2054 4020 co-

479 4083 711 4138 rumque
741 4066 968 4120 divitias
999 4061 1403 4118 aediﬁcantibus
1437 4059 1672 4132 largitus
1710 4066 1814 4114 est.
1862 4055 1928 4111 Et
1957 4070 2054 4110 au-

480 4161 634 4215 ribus
663 4156 999 4211 andientium
1028 4153 1344 4216 consulens,

549 4244 788 4300 νείκεά).
820 4263 838 4294 ι
887 4240 1062 4295 Meum
1093 4251 1198 4304 est,
1225 4240 1425 4310 inquit,
1449 4249 1760 4310 argentum,
1782 4247 1838 4292 et
1871 4252 2051 4291 meum

480 4349 564 4395 est
610 4350 831 4401 aurum,
879 4333 1013 4389 dicit
1079 4330 1343 4384 Dominus
1413 4327 1781 4397 omnipotens.
1849 4342 1867 4376 ι
1930 4321 2052 4377 Νοιι

482 4432 658 4484 aliena
710 4429 764 4482 in
817 4441 951 4481 usus
987 4439 1138 4479 meos
1187 4433 1419 4490 usurpo,
1460 4417 1555 4474 sed
1587 4432 1704 4471 mea
1735 4429 1930 4469 rursus
1965 4429 2055 4467 re-

2153 612 2250 668 κα)⁸
2291 611 2399 684 γὰρ
2439 608 2583 668 οὗτοι
2619 613 2908 678 νεύσαντες
2947 613 3040 666 ἐπὶ
3072 613 3133 666 τὸ
3166 614 3416 684 κρεῖττον
3443 612 3543 678 τῆς
3572 609 3725 674 θείας

2153 703 2458 774 συμπνοίας
2485 703 2824 770 ἀπέλαυσαν,
2863 705 2957 758 καὶ
2985 703 3426 776 προθυμοτέρους
3459 701 3658 764 αὐτοὺς
3689 699 3727 772 ἡ

2151 795 2273 850 θεία
2297 796 2457 866 χάρις
2489 797 2786 868 εἰργάσατο
2807 813 2822 830 ο
2855 796 2930 860 ῶς
2961 796 3059 866 τὴν
3084 796 3257 866 ἀρχὴν
3284 796 3385 866 τῆς
3415 791 3726 863 οἰκοδομίας

2152 885 2482 957 ποιήσασθαι
2505 890 2573 958 τῇ
2599 887 2816 958 τετράδι
2839 887 2932 941 καὶ
2955 886 3130 940 εἰκάδι
3152 885 3248 938 τοῦ
3280 885 3468 956 μηνὸς,
3495 885 3554 938 ἐν
3575 882 3633 938 δέ
3656 885 3725 954 τῇ

2151 976 2420 1049 νουμηνίᾳ
2447 977 2548 1049 τὴν
2579 977 2916 1049 προφητείαν
2959 976 3226 1042 ἐδέξαντο.
3281 971 3418 1029 Εἶτα
3463 974 3628 1028 πάλιν
3669 977 3728 1029 ἐν

2150 1067 2228 1137 τῷ
2255 1067 2468 1139 ἑϐδόμῳ
2501 1068 2631 1139 μηνί⁵
2665 1069 2952 1140 παρεγγυᾷ
2994 1069 3024 1121 ό
3067 1067 3342 1136 Δεσπότης
3366 1066 3444 1137 τῷ
3472 1067 3728 1139 προφήτῃ

2149 1156 2322 1210 ταῦτα
2353 1157 2488 1228 πρὸς
2516 1158 2714 1222 αὐτοὺς
2741 1157 3175 1228 διαπορθμεῦσαι
3203 1157 3274 1210 τά
3297 1158 3540 1229 ῥήματα.
3588 1177 3607 1212 ι
3629 1159 3729 1223 Τίς

2152 1249 2211 1314 ἐξ
2240 1249 2413 1321 ὑμῶν,
2445 1250 2503 1313 ὃς
2545 1247 2656 1304 εἶδε
2691 1251 2781 1304 τὸν
2812 1247 2961 1305 οἷκον
2987 1251 3178 1305 τοῦτον
3210 1254 3268 1305 ἐν
3295 1255 3362 1323 τῇ
3399 1251 3527 1325 δόξῃ
3563 1251 3727 1306 αὑτοῦ

2151 1343 2219 1410 τῇ
2265 1339 2593 1411 ἔμπροσθεν,
2648 1341 2742 1394 καὶ
2791 1342 2909 1403 πῶς
2960 1343 3118 1412 ὑμεῖς
3156 1341 3381 1412 βλέπετε
3417 1343 3583 1397 αὐτὸν
3631 1341 3728 1398 νῦν

2151 1429 2331 1494 καθὼς
2361 1431 2519 1501 οὑχ⁷⁸
2549 1431 2865 1502 ὑπάρχοντα
2931 1431 3164 1486 ἐνώπιον
3190 1433 3374 1504 ύμῶν;
3407 1452 3427 1486 ι
3475 1433 3600 1497 Πῶς
3630 1435 3729 1488 ὰνο

2154 1522 2346 1594 ἔχεσθε
2383 1523 2723 1594 μεμνημένοι
2750 1523 2850 1593 τῆς
2887 1525 3157 1595 προτέρας
3177 1523 3342 1578 αὑτοῦ
3376 1524 3731 1596 περιφανείας

2149 1629 2210 1666 τε
2243 1613 2337 1666 καὶ
2380 1612 2780 1683 λαμπρότητος,
2823 1615 2956 1684 όρᾷν
3007 1613 3168 1668 αὐτὸν
3219 1615 3463 1685 τοσαύτῃ
3502 1613 3730 1684 κατεχό-
3815 1614 3819 1618 ’

2153 1720 2313 1774 μενον
2363 1704 2603 1776 empta;
2655 1704 2813 1775 εἰπερ
2859 1705 2966 1774 ἄρα
2995 1705 3143 1768 τινές
3188 1707 3325 1758 εἰσιν
3360 1702 3420 1770 ἐξ
3461 1704 3617 1775 ὑμῶν
3667 1705 3729 1770 ἐξ

2151 1795 2360 1849 ἐκείνου
2399 1795 2560 1865 μέχρι
2591 1797 2685 1850 καὶ
2717 1797 2956 1866 τήμερον
2984 1796 3390 1867 διαρκέσαντες.

2218 1885 2280 1952 ε’,
2307 1893 2379 1952 ς’.
2418 1905 2436 1938 ι
2461 1887 2570 1942 Καὶ
2588 1887 2682 1940 νῦν
2705 1887 2960 1958 κατίσχυε
2982 1887 3302 1959 Ζοροσάόελ,
3328 1889 3476 1957 λέγει
3503 1888 3725 1960 Κύριος,

2151 1979 2245 2033 καὶ
2261 1978 2522 2048 κατίσχυε
2549 1977 2724 2048 Ἰησοῦ
2754 1980 2783 2031 ό
2807 1978 2902 2031 τοῦ
2931 1978 3195 2040 Ἰωσεδὲκ,
3214 1980 3243 2032 ό
3281 1979 3458 2048 ἱερεὺς
3479 1980 3508 2031 ό
3532 1979 3725 2050 μέγας,

2151 2069 2244 2121 καὶ
2276 2069 2613 2137 κατισχυέτω
2647 2062 2813 2131 πᾶς”θ
2842 2069 2871 2120 ό
2904 2067 3031 2131 λαὸς
3059 2071 3156 2139 τῆς
3176 2068 3298 2138 γῆς,
3320 2067 3469 2137 λέγει
3499 2069 3725 2138 Κύριος,

2152 2156 2247 2209 καῖ¹
2277 2159 2502 2221 ποιεῖτε,
2532 2157 2665 2211 διότι
2691 2157 2802 2227 ἐγώ
2830 2160 2946 2229 εἰμι
2988 2159 3106 2228 μεθ’
3147 2158 3322 2230 ὑμῶν,
3351 2159 3498 2227 λέγει
3523 2159 3730 2230 Κύριος

2151 2249 2568 2320 παντοκράτωρ.
2597 2251 2704 2304 Καὶ
2731 2253 2758 2304 ὁ
2789 2250 2945 2319 λόγος
2980 2265 3081 2320 μου
3101 2250 3165 2318 ⁷⁷,
3204 2238 3263 2304 δν
3295 2250 3550 2322 διεθέμην
3575 2251 3726 2320 ύμῖν,

2151 2341 2474 2408 ἐξελθόντων
2499 2341 2652 2412 ὑμῶν
2686 2343 2751 2396 ἐκ
2780 2343 2884 2413 γῆς
2917 2335 3270 2412 Αἰγύπτουη,
3302 2344 3396 2397 καὶ
3423 2344 3484 2396 τὸ
3511 2343 3729 2414 πνεῦμά

2155 2445 2258 2498 μου
2309 2431 2611 2498 ἐφέστηκεν
2643 2432 2700 2483 ἐν
2749 2433 2899 2502 μέσῳ
2943 2431 3114 2502 ὑμῶν.
3153 2451 3172 2485 ι
3225 2433 3410 2486 Πᾶσαν
3445 2433 3729 2504 ῥᾳστώνην

2153 2521 2248 2574 καὶ
2295 2519 2495 2574 δειλίαν
2537 2522 2977 2596 ἀποσεισάμενοι,
3026 2522 3250 2588 δέξασθε
3293 2525 3394 2594 τὴν
3430 2524 3561 2595 παρ’
3595 2525 3728 2595 ἐμοῦ

2153 2613 2567 2684 χορηγουμένην
2589 2608 2721 2684 ύμῖν
2771 2616 2945 2685 ἰσχὺν,
2989 2615 3134 2685 κάμὲ
3161 2615 3249 2669 διά
3282 2616 3382 2686 τῆς
3410 2616 3731 2687 νομοθεσίας

2155 2703 2282 2773 ὑμῖν
2326 2705 2560 2758 συνεῖναι
2603 2703 2968 2770 πιστεύοντες,
3009 2703 3226 2758 καὶτοῦ
3258 2706 3527 2775 παναγίου
3561 2705 3732 2760 Ilvati-

2157 2809 2325 2862 ματος
2357 2791 2758 2863 προμηθεῖσθαι
2804 2793 2959 2862 ὑμῶν
3001 2793 3100 2864 τὴν
3128 2793 3326 2865 χάριν.
3378 2796 3488 2848 Καὶ
3538 2795 3728 2867 ἐπειδὴ

2154 2881 2324 2936 πολλὰ
2363 2878 2431 2952 ἦν
2469 2883 2539 2935 τά
2581 2882 2902 2952 κωλύματα,
2950 2885 3046 2937 καὶ
3089 2884 3271 2949 πενία,
3303 2885 3399 2938 καί⁵
3429 2885 3538 2938 τῶν
3565 2887 3730 2954 ἀναγ-

2155 2972 2379 3042 καίωνὴ
2411 2973 2626 3038 σπάνις,
2652 2974 2746 3027 καὶ
2768 2972 2876 3025 τῶν
2901 2973 3298 3041 ἀστυγειτόνων
3319 2976 3376 3028 αἰ
3405 2975 3727 3046 προσϐολαὶ,

2156 3066 2382 3128 εἰκότως
2412 3066 2607 3133 ἐπάγει
2625 3082 2640 3097 ⁶

2231 3173 2248 3205 ι
2279 3153 2564 3224 Θαρσεῖτε,
2593 3155 2790 3226 (ἔκη’.)
2819 3155 2959 3210 Διότι
2981 3156 3105 3210 τάδε
3131 3155 3280 3225 λέγει
3303 3156 3509 3229 Κύριος
3536 3176 3737 3214 παντο-

2155 3245 2375 3316 κράτωρ
2395 3261 2407 3276 ⁸
2443 3246 2563 3298 Ἔτι
2595 3243 2740 3310 ἅπαξ
2770 3245 2879 3315 ἐγὼ
2908 3246 3036 3299 σείω
3052 3247 3094 3278 ⁷⁸
3124 3247 3213 3300 τὸν
3236 3247 3484 3320 οὐρανὸν,
3515 3251 3612 3303 καὶ
3633 3253 3733 3322 τὴν

2156 3338 2280 3406 γῆν,
2309 3335 2407 3390 καὶ
2425 3336 2524 3405 τὴν
2548 3336 2846 3400 θάλασσαν,
2873 3338 2966 3390 καὶ
2989 3337 3086 3409 τὴν
3112 3337 3300 3408 ξηράν.
3329 3339 3439 3392 Καὶ
3465 3343 3734 3394 συσσείσω

2158 3427 2336 3481 πάντα
2379 3426 2449 3479 τὰ
2482 3426 2630 3497 ἔθνη,
2667 3428 2761 3481 καὶ
2806 3427 2926 3498 ἥξει
2972 3429 3039 3481 τὰ
3085 3427 3316 3481 ἐκλεκτά
3361 3429 3580 3483 πάντων
3624 3429 3732 3483 τῶν

2157 3518 2343 3580 ἐθνῶν,
2391 3520 2485 3572 καὶ
2511 3519 2701 3587 πλήσω
2727 3519 2820 3572 τὸν
2847 3515 2995 3572 οἷκον
3021 3519 3206 3572 τοῦτον
3231 3520 3409 3588 δόξης,
3442 3521 3583 3587 λέγει
3619 3521 3729 3571 Κύ-

2160 3623 2275 3678 ριος
2321 3607 2740 3680 παντοκράτωρ.
2792 3606 2830 3656 ι’
2878 3606 3014 3678 Περὶ
3057 3607 3152 3660 τοῦ
3213 3590 3334 3676 Γῗυγ
3381 3609 3471 3660 καὶ
3516 3606 3726 3674 Μαγὼγ

2158 3697 2542 3768 προαγορεύει,
2569 3691 2648 3760 οἷς
2669 3696 3004 3767 βουληθεῖσιν
3028 3699 3446 3770 ἐπιστρατεῦσαι
3470 3699 3609 3751 κατά
3634 3699 3731 3764 τῆς

2168 3787 2524 3860 Ἰερουσαλὴμ
2556 3789 2691 3858 μετά
2719 3789 2989 3842 πλείστων
3028 3789 3198 3843 ἐθνῶν
3233 3789 3600 3861 συνεχώρησε,
3637 3792 3732 3843 καὶ

2159 3880 2276 3934 κατ’
2305 3878 2550 3950 ἀλλήλων
2577 3880 2775 3944 αὐτοὺς
2799 3880 3047 3942 ὁπλίσας,
3078 3881 3170 3934 ὑπ’
3203 3880 3447 3950 ἀλλήλων
3475 3882 3667 3946 αὐτοὺς
3685 3881 3732 3913 ⁸⁸

2158 3970 2512 4042 ἀναιρεθῆναι
2549 3970 2836 4040 πεποίηκε,
2879 3971 2974 4024 καὶ
3001 3972 3092 4024 τδν
3117 3970 3338 4024 ἐκείνων
3365 3971 3596 4025 πλοῦτον
3620 3975 3734 4035 τοῖς

2159 4062 2498 4134 οἰκοδομοῦσι
2525 4063 2783 4134 παρέσχε.
2812 4064 2922 4117 Καὶ
2948 4061 3265 4134 θεραπεύων
3294 4061 3399 4116 τῶν
3426 4062 3734 4116 ἀκουόντων

2159 4153 2258 4224 τὴν
2287 4151 2480 4222 ἀκοὴν,

2229 4243 2292 4298 θ’.
2341 4263 2360 4294 ι
2390 4244 2571 4314 Ἐμὸν,
2610 4245 2762 4314 φησι,
2795 4243 2858 4297 τὸ
2897 4243 3181 4316 ἀργύριον,
3222 4244 3318 4298 καὶ
3357 4243 3488 4314 ἐμὸν
3516 4243 3574 4297 τὸ
3602 4260 3733 4314 χρυ-

2161 4334 2299 4398 σίον,
2342 4333 2490 4402 λέγει
2527 4333 2729 4404 Κύριος
2781 4334 3193 4405 παντοκράτωρ.
3239 4353 3258 4386 ι
3320 4334 3434 4388 υύκ
3475 4334 3733 4404 ἀλλότρια

2163 4423 2574 4496 σφετερίζομαι,
2604 4424 2739 4478 ἀλλὰ
2767 4425 2837 4477 τὰ
2862 4425 3099 4494 ἐμαυτοῦ
3133 4424 3291 4479 πάλιν
3325 4423 3697 4494 ἀπολαμϐάνω
3715 4441 3730 4456 ·

481 4523 628 4593 cipio
657 4541 670 4576 :
704 4519 831 4575 dedi
856 4520 936 4574 eis
977 4517 1220 4577 divitias,
1252 4511 1586 4568 liberalitate
1631 4521 1751 4563 mea
1780 4513 1978 4574 utens;
2001 4511 2055 4559 et

2163 4515 2338 4569 ἔδωκα
2363 4515 2546 4577 αὐτοῖς
2565 4514 2658 4568 τὸν
2688 4515 2914 4568 πλοῦτον
2941 4514 3224 4588 φιλοτιμίᾳ
3252 4514 3615 4586 χρησάμενος,
3640 4513 3736 4567 καὶ

481 4612 609 4681 quia
640 4609 954 4679 largitorem
997 4621 1104 4660 non
1141 4605 1540 4674 cognoverunt.
1573 4596 1699 4666 jure
1731 4593 1892 4649 donis
1919 4609 2051 4666 spo-

481 4701 596 4755 liati
623 4707 773 4754 sunt.

553 4791 721 4846 Vens.
752 4789 840 4844 10.
875 4807 893 4842 ι
926 4787 998 4842 Ει
1028 4785 1202 4855 major
1225 4785 1331 4840 erit
1356 4787 1528 4855 gloria
1554 4783 1750 4838 domus
1773 4781 1929 4836 istius
1957 4796 2057 4834 no-

480 4883 728 4946 vissima,
750 4895 914 4951 quam
944 4880 1124 4966 prior,
1149 4877 1285 4931 dicit
1316 4875 1583 4929 Dominus
1612 4871 1982 4940 omnipotens.
2031 4889 2049 4920 ι

481 4975 600 5028 Non
631 4972 1005 5045 magnitudine
1045 4963 1121 5026 et'
1140 4967 1554 5040 pulchritudine
1580 4963 1794 5019 aedilicii
1834 4964 2056 5018 domutn

484 5065 843 5119 illustriorem
876 5063 994 5118 fore
1034 5063 1190 5128 dicit,
1229 5061 1324 5118 sed
1353 5059 1517 5114 modo
1549 5072 1660 5129 quo
1699 5055 1898 5112 occisa:
1926 5060 2058 5110 sunt

484 5160 698 5225 gentes.
729 5151 894 5206 Fama
944 5154 1088 5209 enim
1135 5164 1555 5222 quaquaversus
1610 5153 1923 5218 pervagata,
1959 5141 2057 5197 Dei

487 5244 872 5298 universorum
920 5242 1193 5315 patefacta
1242 5250 1330 5297 est
1379 5239 1640 5312 potentia.
1668 5236 1849 5303 Quare
1905 5248 2058 5289 com-

489 5335 784 5390 motionem
820 5337 968 5403 cueli,
1003 5344 1058 5391 et
1089 5345 1268 5402 terrae,
1297 5342 1353 5390 et
1385 5334 1576 5398 maris,
1618 5330 1673 5385 id
1720 5329 1925 5384 factum
1961 5341 2058 5395 ap-

488 5426 685 5498 pellat:
747 5441 941 5497 nempe
998 5427 1145 5496 quod
1206 5441 1398 5482 omnes
1453 5421 1842 5494 obstupefacti,
1889 5426 1943 5474 et
1977 5417 2054 5472 rei

2159 4606 2347 4676 ἐπειδὴ
2384 4605 2475 4659 τὸν
2500 4604 2732 4676 χορηγὸν
2775 4607 2874 4658 οὐκ
2907 4605 3170 4675 ἔγνωσαν,
3205 4605 3314 4660 τῶν
3343 4603 3560 4676 δωρεῶν
3591 4603 3731 4657 ἐνδί-

2161 4713 2272 4758 κως
2294 4697 2400 4763 ·ἐγυ
2411 4694 2721 4764 μνὼθησαν.

2233 4789 2286 4839 ι’.
2323 4802 2341 4835 ι
2374 4783 2479 4837 Ka‘t
2509 4782 2712 4850 ἔσταιιῖι
2742 4785 2775 4854 ἡ
2804 4783 2929 4848 δόξα
2954 4785 3048 4837 τοῦ
3077 4787 3226 4840 οἴκου
3252 4787 3440 4842 τούτου
3465 4790 3498 4859 ἡ
3529 4787 3734 4856 ἐσχάτη

2161 4872 2302 4943 ὑπὲρ
2334 4873 2432 4941 τὴν
2459 4871 2701 4942 πρώτην,
2731 4871 2876 4940 λέγει
2909 4873 3110 4944 Κύριος
3141 4877 3555 4948 παντοκράτωρ.
3587 4895 3605 4928 ι
3657 4875 3734 4930 Οὐ

2162 4964 2240 5036 τῷ
2276 4963 2493 5037 μεγέθει
2519 4965 2613 5018 καὶ
2652 4965 2729 5036 τῷ
2774 4966 2961 5019 κάλλει
2987 4966 3087 5037 τῆς
3130 4968 3442 5040 οἰκοδομίας
3469 4968 3616 5038 λέγει
3643 4969 3737 5023 τὸν

2163 5053 2311 5110 οἶκον
2345 5055 2682 5126 ἐνδοξότερον
2721 5055 2958 5122 ἔσεσθαι,
2990 5057 3126 5111 ἀλλά
3161 5057 3241 5128 τῷ
3272 5059 3460 5130 τρόπῳ
3487 5058 3588 5129 τῆς
3627 5059 3737 5112 τῶν

2160 5149 2331 5202 ἐθνῶν
2356 5147 2686 5218 ἀναιρέσεως
2709 5160 2724 5176 ⁸
2764 5148 2996 5201 πάντοσε
3025 5148 3132 5220 γάρ
3161 5153 3262 5221 τῆς
3292 5153 3480 5222 φήμης
3514 5151 3738 5221 διαδρα-

2168 5238 2392 5310 μούσης,
2440 5235 2652 5306 ἐδείχθη
2683 5234 2774 5289 τοῦ
2803 5235 2939 5289 Θεοῦ
2969 5237 3078 5290 τῶν
3109 5238 3248 5292 ὅλων
3283 5239 3344 5292 τὸ
3385 5238 3605 5310 κράτος.
3649 5241 3740 5291 Διὸ

2166 5330 2387 5400 σεισμὸν
2413 5327 2663 5399 ούρανοῦ,
2696 5327 2791 5380 καὶ
2819 5328 2941 5397 γῆς,
2976 5329 3068 5382 καὶ
3091 5328 3373 5401 θαλάσσης
3405 5329 3466 5382 τό
3507 5345 3741 5398 γεγενη-

2169 5419 2328 5486 μένον
2349 5417 2504 5472 καλεῖ
2524 5418 2622 5480 .ὡς
2651 5417 2870 5472 πάντων
2897 5417 3369 5490 ἐκπληττομένων,
3394 5419 3489 5486 καὶ
3517 5418 3621 5473 ύπδ
3644 5415 3740 5472 τοῦ

1515 5678 1530 5693 κ
1793 5597 2028 5657 VARIIE
2054 5596 2454 5656 ‘LECTIONES.

565 5739 607 5770 τι
629 5740 746 5808 οὐχ.
778 5739 900 5793 Des.
933 5739 991 5794 in
1020 5738 1082 5791 c.
1167 5739 1215 5770 τι
1244 5736 1370 5808 ne;
1397 5735 1478 5808 Ex
1505 5735 1548 5808 θ
1586 5743 1639 5786 et
1663 5735 1707 5808 β
1737 5733 1937 5808 suppl;
1976 5735 2032 5808 1'
2065 5742 2074 5792 ι

2156 5738 2294 5792 ίόλ.
2331 5756 2453 5807 μου.
2486 5737 2638 5792 Ατὺν
2676 5738 2851 5807 λόγον.
2925 5739 2972 5771 ⁷⁸
2994 5738 3036 5792 Δ
3092 5739 3150 5791 ἐν
3198 5737 3276 5808 τῷ
3310 5734 3546 5800 ἐξελθεῖν
3591 5734 3737 5806 ύμξς

491 5807 598 5859 ἀπὸ
630 5797 751 5874 Αἰίξ.
845 5810 890 5839 ⁷⁹
923 5812 964 5861 Α
992 5809 1175 5861 σείσω.

1279 5807 1322 5835 ⁸ο
1351 5807 1469 5859 αὐτ.
1504 5803 1628 5856 Des.
1662 5804 1713 5860 in
1747 5803 1853 5887 (2."
1893 5804 1941 5834 "'
1973 5806 2079 5858 Καὶ
2099 5808 2275 5862 ἔσται.
2307 5803 2348 5862 Ᾱ
2377 5809 2517 5862 Διότι
2542 5803 2759 5877 μεγάλη
2781 5809 2953 5864 ἔσται.
