4090 6398
374 416 526 518 i369

1653 447 1733 508 ΙΝ
1786 438 2037 503 ΑῧῦΕΙ
2073 441 2229 502 CAP.
2267 443 2354 503 -ῙΙ,

3498 402 3644 521 ἰθγο

371 565 663 636 θαύματος
688 562 1106 635 διεγειρομένων
1146 563 1224 627 εἰς
1253 560 1550 635 ὑμνῳδίαν,
1573 559 1633 612 οὑ
1667 558 1827 630 μόνον
1852 556 1963 607 τῶν

2068 551 2336 607 miraculo
2392 553 2614 610 excitati
2679 556 2920 614 fuissent
2974 559 3040 614 ad
3080 559 3414 617 laudandum
3447 560 3641 631 Deum,

371 651 482 723 τὴν
509 652 744 723 ἠπειρον
776 650 1093 720 οἰκούντων,
1120 650 1257 706 ἀλλά
1283 648 1378 704 καὶ
1409 649 1518 703 τῶν
1545 651 1603 702 ἐν
1629 649 1752 711 ταῖς
1779 646 1962 717 νήσοις

376 741 653 812 βιοτεύειν
682 742 1132 814 προαιρουμένων
1162 759 1177 773 ·
1231 742 1369 815 πρὸς
1395 743 1453 797 δὲ
1489 740 1700 805 τούτοις
1728 739 1822 794 καὶ
1853 738 1963 794 τῶν

372 831 635 902 ἀοράτων
670 830 995 901 δυνάμεων,’
1024 832 1082 886 αἶ
1122 832 1212 887 τδν
1253 831 1450 902 αἰθέρα
1480 832 1576 886 καὶ
1615 830 1776 886 αὑτὸν
1806 846 1965 898 περι-

374 918 611 973 πολοῦσι
634 919 728 973 τὸν
755 919 1006 991 οὐρανόν.
1051 939 1070 973 ι
1094 920 1206 975 Καὶ
1236 921 1295 973 ἐν
1324 919 1401 991 τῷ
1426 919 1579 991 τόπῳ
1605 916 1780 988 τούτῳ
1807 914 1964 970 δώσω

374 1013 631 1083 εἰρήνην,
679 1011 829 1081 λέγει
876 1011 1083 1084 Κύριος
1129 1010 1524 1083 παντοκράτωρ
1549 1024 1565 1041 ο
1614 1010 1710 1063 καὶ
1742 1006 1964 1079 εἰρήνην

373 1105 565 1175 ψυχῆς
596 1104 676 1168 εἰς
707 1102 1057 1176 περιποίησιν
1100 1104 1267 1157 παντὶ
1294 1102 1372 1172 τῷ
1407 1102 1665 1168 κτίζοντι,
1701 1099 1794 1154 τοῦ
1829 1099 1961 1153 ἀναο

378 1196 584 1266 στῆσαι
612 1195 703 1249 τὸν
726 1196 853 1249 ναὸν
880 1196 1088 1249 τοῦτον.
1125 1212 1142 1248 ι
1180 1195 1255 1249 Ub
1282 1195 1390 1266 γάρ
1425 1193 1583 1263 μόνον
1605 1191 1729 1256 τοὺς
1753 1189 1964 1260 ἀνθρω-

377 1286 577 1352 πείους
626 1286 970 1341 καταπαύσω
1022 1286 1311 1357 πολέμους,
1360 1285 1497 1340 ἀλλά
1544 1284 1637 1339 καὶ
1676 1283 1777 1354 τὴν
1811 1281 1963 1336 Θείαν

377 1379 570 1440 αὐτοῖς
604 1377 903 1448 χαριοῦμαι
943 1379 1187 1449 εἰρήνην,
1238 1379 1273 1448 ἢ
1323 1379 1442 1440 ταῖς
1470 1375 1671 1446 ψυχαῖς
1716 1373 1966 1447 προξενεῖ

381 1466 665 1538 σωτηρίαν
688 1484 703 1498 ·
747 1466 921 1520 ταῦτα
949 1467 1006 1521 δέ
1036 1467 1188 1520 ἔσται
1218 1469 1328 1532 τοῖς
1365 1464 1705 1537 οἰκοδομοῦσι
1734 1463 1959 1535 μισθόςο

380 1558 555 1611 πάλιν
604 1560 664 1611 ἐν
710 1557 789 1629 τῷ
834 1558 1039 1629 ἐννάτῳ
1088 1559 1245 1629 μηνὶ,
1283 1557 1678 1627 προστάττεται
1721 1554 1828 1609 ὑπὸ
1866 1554 1962 1609 τοῦ

379 1646 521 1700 Θεοῦ
546 1648 657 1700 τῶν
683 1648 824 1701 ὅλων
852 1649 882 1700 ό
906 1648 1191 1719 προφήτης
1225 1646 1571 1719 ἐπερωτῆσαι
1597 1646 1724 1709 τοὺς
1760 1645 1961 1716 ἱερέας,

380 1740 437 1791 εἰ
480 1739 541 1792 τὺ
586 1738 848 1808 ἀγιασθέν
898 1740 1111 1809 ἱμάτιον
1157 1734 1263 1792 ὑπὸ
1301 1738 1489 1803 θυσίας
1528 1740 1678 1810 ίερᾶς
1714 1736 1964 1808 ἀγιάζειν

382 1829 601 1902 ἀπόχρη
633 1829 705 1884 τά
734 1829 1076 1895 πελάζονταο
1125 1823 1237 1884 οἷον
1270 1830 1370 1902 ἥδ’
1415 1831 1597 1903 ἄρτον,
1640 1833 1676 1905 ἢ
1718 1830 1880 1900 οἶνον,
1927 1832 1961 1903 ἢ

2067 654 2179 695 non
2202 641 2381 697 solum
2409 644 2446 697 ii
2480 645 2575 715 qui
2617 647 2991 704 continentem
3028 650 3299 718 incolunt,
3336 652 3430 709 sed
3474 653 3642 710 etiam

2065 729 2217 801 iiqui
2247 732 2301 786 in
2334 734 2532 791 insulis
2567 734 2764 809 degere
2790 738 3107 806 voluerunt,
3142 751 3195 797 et
3219 751 3484 812 prmterea
3507 744 3647 801 invi-

2063 822 2255 879 sibiles
2287 833 2607 895 potestates,
2635 844 2759 900 quae
2785 829 2840 884 in
2871 844 3020 896 aere,
3043 840 3097 887 et
3124 848 3251 903 qua:
3273 834 3327 889 in
3360 836 3501 892 cmlo
3523 853 3648 891 ver-

2062 921 2274 969 santur.
2309 933 2328 966 ‹
2374 915 2439 971 Et
2479 916 2535 972 in
2565 917 2670 973 hoc
2702 919 2823 974 loco
2850 920 2994 976 dabo
3032 937 3245 992 pacem,
3278 922 3413 979 dicit
3457 923 3645 981 Domi-

2063 1019 2170 1060 nus
2198 1006 2569 1077 omnipotens,
2604 1016 2660 1065 et
2677 1025 2865 1081 pacem
2891 1013 3109 1078 animae,
3132 1014 3188 1069 in
3217 1016 3644 1085 acquisitionem

2064 1093 2219 1148 omni
2254 1096 2347 1166 qui
2378 1096 2639 1164 aediﬁcat,
2659 1100 2729 1155 ad
2749 1102 3095 1159 excitandum
3126 1106 3386 1177 templum
3411 1108 3580 1163 istud.
3619 1128 3641 1161 ι

2066 1184 2185 1240 Non
2220 1188 2382 1243 modo
2405 1188 2550 1245 enim
2591 1191 2834 1249 humana
2862 1194 3004 1249 bella
3039 1212 3259 1254 cessare
3291 1199 3511 1267 faciam,
3549 1203 3645 1257 sed

2065 1275 2308 1332 divinam
2348 1294 2573 1351 quoque
2602 1297 2791 1352 pacem
2843 1285 2923 1340 eis
2976 1287 3348 1356 gratiﬁcahor,
3380 1307 3502 1361 qua:
3523 1292 3646 1345 ani-

2067 1370 2262 1426 mabus
2304 1372 2626 1427 conciliabit
2660 1374 2919 1430 salutem.
2949 1378 3075 1433 itazc
3105 1391 3288 1436 autem
3320 1392 3482 1437 erunt
3514 1386 3649 1439 redi-

2069 1460 2358 1517 licantibus
2405 1463 2653 1532 praemia.
2712 1462 2927 1539 [ιι-ιι]
2990 1467 3146 1525 Nono
3185 1471 3383 1527 iterum
3441 1490 3646 1540 mense,

2067 1552 2387 1621 prephetam
2444 1555 2825 1610 universorum
2882 1557 3029 1615 Deus
3086 1561 3431 1635 interrogare
3487 1567 3649 1636 jubet

2068 1641 2407 1706 sacerdotes,
2441 1659 2508 1697 an
2569 1646 2953 1703 vestimentum
3001 1666 3095 1720 per
3147 1652 3383 1709 hostiam
3433 1672 3650 1711 sacrant

2068 1732 2472 1789 sanctiﬁcatum
2517 1736 2865 1793 sanetiﬂcare
2908 1740 3128 1813 1588
3179 1759 3242 1797 ea
3298 1745 3475 1815 possit
3528 1762 3652 1818 quae

2068 1822 2292 1893 propius
2324 1824 2709 1890 admoventur,
2752 1838 2811 1882 ut
2864 1845 3086 1901 panem,
3134 1843 3230 1888 aut
3292 1835 3505 1904 vinum,
3553 1847 3651 1892 aut

382 1920 584 1989 ἔλαιον,
629 1922 663 1991 ἢ
717 1921 845 1976 ἄλλο
886 1938 940 1974 τι
987 1920 1097 1974 τῶν
1135 1922 1417 1977 τοιούτων.
1466 1916 1604 1976 Εἶτα
1632 1922 1741 1975 τῶν
1774 1919 1963 1993 ἰερέων

2068 1915 2268 1982 oleum,
2304 1918 2383 1971 vel
2414 1919 2559 1975 aliud
2594 1921 2875 1992 quidpiam
2916 1923 3215 1993 ejusmodi.
3252 1926 3459 1982 Deinde
3518 1943 3649 1983 cum

358 2015 809 2082 ,ἀποφησάντωὴ
833 2013 1200 2068 πυνθάνεσθαι
1230 2013 1393 2068 πάλιν
1415 2014 1714 2083 κελεύεται,
1743 2015 1792 2068 εἰ
1819 2014 1966 2086 μιαί-

385 2121 535 2158 νεται
563 2105 625 2157 τὸ
661 2104 877 2175 ἱμάτιον
905 2104 1201 2177 ἀκαθάρτῳ
1228 2105 1336 2159 τινὶ
1365 2106 1751 2179 προσπελάσαν
1775 2122 1792 2139 ⁸
1842 2124 1966 2161 συν-

386 2195 835 2270 ομο).ογησάντων
877 2196 935 2251 δὲ
983 2198 1141 2251 τοῦτο
1177 2197 1285 2251 τῶν
1321 2198 1530 2270 ἱερέων,
1570 2200 1965 2270 προστάττεται

384 2288 560 2341 εἰπεῖν
584 2290 612 2341 ό
641 2290 925 2360 προφήτης
951 2287 1143 2344 ταῦτα.
1196 2307 1213 2340 ι
1251 2287 1436 2352 Οὑτως
1464 2289 1495 2341 ό
1521 2289 1649 2353 λαὸς
1672 2283 1845 2353 οὗτος,
1871 2291 1965 2343 καὶ

385 2376 558 2443 οὑτως
602 2377 663 2431 τὸ
708 2376 859 2441 ἔθνος
894 2377 1055 2433 τοῦτο
1090 2377 1324 2434 ἐνώπιόν
1371 2396 1499 2449 μου»
1532 2377 1681 2450 λέγει
1713 2378 1919 2448 Κύριος
1946 2392 1960 2412 ⁸

389 2469 482 2525 καὶ
504 2469 678 2533 οὑτως
718 2470 895 2524 πάντα
927 2472 996 2525 τὰ
1028 2469 1164 2543 ἔργα
1197 2472 1307 2525 τῶν
1348 2472 1548 2544 χειρῶν
1595 2472 1776 2527 αὑτῶν
1800 2490 1813 2503 ·
1867 2474 1963 2527 καὶ

383 2560 501 2625 ἒς⁸³
519 2561 614 2615 ἐὰν
636 2562 854 2633 ἐγγίσῃ,
885 2564 1004 2616 ἐκεῖ
1025 2562 1399 2634 μιανθήσεται,
1431 2583 1449 2615 ι
1490 2561 1778 2634 Καθάπερ,
1801 2566 1962 2636 φησί,

384 2653 449 2709 τὸ
476 2654 735 2723 ἀγιασθέν
772 2655 987 2725 ἱμάτιον
1022 2655 1268 2723 άγιάξειν
1299 2655 1399 2726 μὲν
1427 2655 1556 2710 ἄλλο
1579 2672 1632 2708 τι
1657 2656 1766 2710 τῶν
1796 2655 1963 2709 πελα-

386 2745 590 2809 ζόντων
632 2744 692 2797 οὑ
741 2743 987 2810 δύναται,
1040 2744 1146 2798 ὑπὸ
1188 2745 1247 2799 δὲ
1292 2743 1401 2799 τῶν
1444 2744 1587 2799 κατά
1612 2744 1703 2799 τὸν
1722 2745 1768 2777 ⁸⁸
1799 2746 1963 2817 νόμον

385 2836 713 2906 ἀκαθάρτων
757 2835 1168 2906 πλησιαζόντων
1199 2837 1514 2909 μιαίνεται·
1562 2837 1735 2902 οὑτως
1766 2839 1795 2893 ό
1832 2837 1964 2903 λαδς

384 2920 539 2991 οῦτος
562 2926 828 2997 ὠφέλειαν
855 2927 962 2981 ἀπὸ
980 2926 1089 2981 τῶν
1116 2928 1286 2998 άγίων
1309 2928 1397 2983 διά
1425 2928 1686 3001 καχεξίαν
1707 2929 1964 3000 οὐδεμίαν

387 3019 712 3091 καρποῦται,
759 3020 968 3090 ὑϐρίζει
1026 3019 1083 3073 δὲ
1140 3019 1316 3075 ταῦτα
1372 3020 1649 3087 δυσσεϐῶς
1705 3021 1962 3086 πελάζειν

388 3108 750 3179 πειρώμενος.
798 3105 932 3163 Εἶτα
978 3112 1073 3164 καὶ
1118 3111 1217 3175 τάς
1253 3111 1433 3177 αἰτίας
1471 3111 1650 3166 αὑτῶν
1700 3112 1961 3168 διδάσκει.

393 3222 412 3252 ι
452 3201 677 3255 Ἕνεκεν
727 3201 836 3255 τῶν
899 3201 1202 3273 λημμάτων
1248 3203 1435 3288 αὐτῶν
1483 3203 1590 3258 τῶν
1652 3204 1917 3277 ὀρθρινῶν
1947 3247 1961 3271 ,
1992 3241 2037 3300 c

385 3293 735 3366 ὀδυνήσονται
750 3294 796 3326 ⁸⁸
818 3295 925 3348 ἀπὸ
947 3291 1239 3364 προσώπου
1261 3292 1367 3347 τῶν
1380 3275 1435 3325 ’ἶ
1452 3293 1729 3364 πονηριῶν
1747 3294 1929 3348 αὑτῶν
1947 3311 1961 3325 ·

389 3387 483 3439 καὶ
524 3387 765 3458 ἐμισεῖτε
815 3387 873 3439 ἐν
929 3386 1127 3449 πύλαις
1175 3384 1570 3458 ἐλέγχονταςπ.
1611 3405 1630 3437 ι
1694 3385 1959 3457 Ὀρθρου,

389 3479 576 3548 φησὶν,
608 3477 1046 3549 ὑπολάμποντος,
1073 3476 1280 3547 ἀγαθοῦ
1323 3477 1421 3549 μὲν
1456 3476 1669 3541 οὐδενὸς
1696 3476 1963 3530 ἐποιεῖσθε

385 3570 661 3640 ⁸πρόνοιαν,
675 3568 784 3623 τῶν
802 3569 859 3622 δὲ
872 3569 1055 3623 κακῶν
1074 3569 1430 3641 ἐπεμελεῖσθε
1444 3567 1669 3641 κερδῶν·
1686 3568 1985 3639 δυσμενῶς.

383 3658 446 3714 δέ
459 3661 585 3731 περὶ
602 3660 728 3724 τοὺς
745 3660 1063 3731 ἐλέγχοντας
1077 3660 1174 3734 τὴν
1191 3662 1465 3735 ὑμετέραν
1492 3661 1754 3735 πονηρίαν
1768 3659 1963 3714 διέκει-

386 3750 501 3816 σθε,
524 3753 573 3806 οἳ
592 3753 691 3814 τὰς
722 3753 893 3818 πύλας
910 3752 1439 3826 καταλαμϐάνοντες,
1457 3754 1686 3818 καὶτοῖς
1708 3750 1964 3818 εἰσιοῦσι,

386 3844 608 3908 καὶτοῖς
632 3843 855 3910 ἐξιοῦσι,
870 3847 996 3909 τοὺς
1010 3845 1188 3910 θείους
1209 3845 1401 3915 λόγους
1428 3845 1785 3917 προσέφερον.
1805 3843 1965 3897 Ἀλλά

385 3934 480 3987 νῦν
521 3933 653 4002 γοῦν
698 3936 795 3988 σὺν
831 3935 1086 4006 ἀκριϐείᾳ
1127 3935 1278 4006 πάσῃ
1310 3937 1644 4004 σκοπήσατε,
1676 3933 1822 3996 τίνες
1863 3933 1965 4004 μὲν

384 4019 483 4095 ἦτε
520 4024 618 4095 τῆς
645 4024 953 4096 οἰκοδομίας
980 4022 1330 4096 ἀμελοῦντες,
1359 4024 1453 4077 καὶ
1476 4023 1575 4095 ὅσῃ
1608 4021 1802 4075 σπάνει
1853 4020 1963 4074 τῶν

384 4118 700 4185 ἀναγκαίων
727 4116 1045 4188 κατείχεσθε
1070 4133 1085 4149 ·
1130 4116 1302 4170 εἴκοσι
1338 4114 1439 4187 μὲν
1472 4113 1676 4186 κριθῶν
1706 4112 1963 4168 ἀποτιθέ-

387 4224 537 4279 μενοι
586 4207 779 4277 μὲτρα.
828 4205 894 4259 τά
932 4205 990 4259 δὲ
1022 4204 1197 4276 ἡμίση
1250 4203 1409 4275 μόγις
1454 4202 1821 4275 εὑρίσκοντες,
1865 4202 1962 4255 καὶ

383 4297 720 4368 πεντήκοντα
771 4297 870 4367 μὲν
913 4298 978 4350 ἐκ
1004 4296 1113 4349 τῶν
1151 4295 1330 4368 ληνῶν
1364 4295 1507 4349 οίνου
1552 4290 1962 4365 προσδοκῶντες

382 4387 648 4459 ἀρύεσθαι
692 4389 993 4460 μετρητὰς,
1035 4387 1209 4442 εἴκοσι
1250 4387 1308 4443 δὲ
1354 4386 1548 4458 μόνους
1592 4384 1958 4456 εὑρίσκοντες.

396 4480 561 4550 Ἐμοῦ
588 4480 876 4551 διαφόρους
906 4481 1035 4551 ὑμῖν
1064 4479 1312 4543 παιδείας
1358 4478 1676 4547 ἐπάγοντος,
1702 4476 1956 4549 ἀφορίαν,

2068 2008 2387 2065 sacerdotes
2420 2012 2473 2065 id
2509 2023 2827 2083 negassent,
2860 2015 3205 2089 interrogare
3249 2034 3449 2075 rursus
3483 2021 3650 2091 jube-

2067 2107 2176 2164 tur,
2216 2115 2283 2153 an
2309 2100 2590 2171 polluatur
2623 2105 2811 2167 vestis,
2863 2121 2986 2176 quae
3035 2106 3314 2176 impurum
3365 2110 3649 2182 quidpiam

2066 2195 2378 2264 contigerit.
2423 2196 2538 2269 [l5]
2590 2199 2658 2253 Et
2713 2214 2839 2254 cum
2902 2201 3221 2258 sacerdotes
3295 2205 3649 2270 annuissent,

2070 2286 2183 2341 lucc
2220 2287 2491 2358 propheta
2539 2289 2765 2359 jubetur
2803 2293 2987 2349 dicere
3019 2313 3032 2349 :
3070 2313 3088 2347 ι
3132 2293 3226 2350 Sic
3252 2296 3491 2368 pepulus
3520 2299 3648 2365 iste,

2066 2382 2120 2430 ct
2168 2378 2251 2433 sic
2293 2396 2429 2450 gens
2460 2381 2576 2437 haec
2600 2396 2787 2437 coram
2814 2400 2922 2451 me,
2956 2384 3091 2441 dicit
3130 2386 3436 2444 Dominus:
3477 2397 3532 2444 et
3569 2391 3653 2446 sic

2064 2469 2250 2523 omnia
2285 2486 2450 2541 opera
2484 2488 2743 2529 manuum
2773 2490 2989 2542 eorum,
3019 2486 3074 2532 et
3103 2477 3425 2550 quicunque
3447 2496 3651 2552 appro-

2066 2558 2434 2629 pinquaverit,
2465 2560 2538 2617 ibi
2567 2564 3061 2620 contaminabitur.
3102 2586 3122 2620 ›
3150 2566 3647 2635 Quemadmodum,

2064 2650 2264 2721 inquit,
2308 2651 2650 2706 sanctiﬁcata
2685 2652 2854 2710 vestis
2894 2656 3040 2711 aliud
3108 2657 3390 2729 quidpiam
3424 2675 3490 2715 ex
3550 2676 3651 2731 ap-

2065 2742 2563 2813 propinquantibus
2598 2758 2707 2798 non
2741 2754 2921 2815 potest
2961 2748 3332 2815 sanctiﬁcare,
3364 2760 3420 2806 et
3447 2760 3652 2809 contra.

2066 2832 2492 2905 contaminatur.
2536 2835 2656 2906 ipsa
2716 2846 2973 2892 contactu
3024 2855 3217 2896 eorum
3270 2858 3392 2912 qua:
3449 2859 3651 2900 secun-

2067 2922 2196 2978 dum
2248 2924 2422 2992 legem
2471 2924 2753 2979 immunda
2808 2939 2970 2983 sunt:
3007 2930 3087 2984 sic
3123 2933 3359 3002 populus
3405 2934 3494 2989 hic
3528 2935 3653 2990 nul-

2070 3019 2176 3073 lam
2214 3019 2508 3073 utilitatem
2542 3035 2609 3074 ex
2646 3020 2860 3076 sanctis
2896 3024 3157 3094 percipit,
3186 3035 3411 3097 propter
3441 3029 3648 3082 malum

2068 3110 2277 3167 mentis
2312 3119 2514 3167 statum
2552 3130 2565 3166 :
2600 3114 2731 3182 quin
2789 3114 3234 3185 appropinquare
3288 3120 3305 3138 ‘
3332 3117 3495 3188 impie
3533 3127 3654 3175 ten-

2070 3211 2194 3257 tans
2226 3200 2340 3256 haec
2368 3203 2574 3272 probro
2604 3203 2786 3257 allicit.
2818 3200 3013 3260 Postea
3044 3204 3237 3260 horum
3266 3207 3428 3261 etiam
3450 3225 3651 3264 causas

2070 3291 2245 3345 docet.
2292 3309 2312 3341 ι
2365 3290 2594 3362 Propter
2659 3308 2889 3347 munera
2944 3308 3136 3348 eorum
3175 3299 3445 3352 matutina
3492 3300 3649 3356 dole-

2071 3377 2204 3432 bunt
2254 3392 2285 3431 a
2320 3377 2461 3433 facie
2492 3378 2825 3432 malitiarum
2862 3395 3090 3467 suarum
3123 3400 3137 3437 :
3181 3392 3236 3439 et
3295 3385 3542 3442 oderatis
3594 3389 3650 3445 iu

2071 3469 2244 3539 portis
2277 3478 2600 3539 arguentes.
2643 3489 2661 3521 ι
2699 3469 2975 3536 Diluculo,
3022 3474 3223 3544 inquit,
3265 3470 3647 3545 illucescente,

2071 3556 2274 3613 nullius
2326 3558 2456 3613 boni
2517 3560 2785 3617 rationem
2838 3562 3148 3629 habebatis,
3204 3568 3300 3623 sed
3351 3569 3407 3624 in
3458 3579 3651 3644 turpes

2069 3648 2757 3718 qumstusiucumbebatis.
2781 3652 3013 3709 Inimico
3036 3665 3220 3713 autem
3253 3660 3440 3716 animo
3470 3663 3525 3718 in
3553 3680 3650 3723 eos

2068 3740 2260 3805 eratis,
2296 3743 2389 3812 qui
2421 3743 2902 3814 reprehendebant
2944 3749 3211 3805 malitiam
3251 3761 3514 3822 vestram,
3553 3760 3649 3829 qni

2070 3832 2248 3902 portis
2280 3832 2611 3900 assidentes,
2662 3835 3005 3894 intrantibus
3055 3850 3110 3895 et
3141 3844 3474 3900 exeuntibus
3506 3845 3649 3902 diri-

2069 3940 2171 3979 uos
2230 3939 2517 3982 sermones
2581 3925 2956 3996 proferebant.
2992 3928 3104 4002 μθ,
3135 3930 3227 4002 17]
3288 3932 3448 3989 Nunc
3514 3951 3650 4008 ergo

2065 4014 2215 4071 omni
2244 4030 2377 4070 cura
2409 4014 2778 4081 considerate,
2811 4019 3039 4087 quinam
3073 4022 3300 4084 essetis,
3321 4039 3444 4077 cum
3474 4025 3647 4083 aedili-

2064 4104 2339 4160 rationem
2402 4105 2788 4176 negligebatis,
2830 4116 2887 4164 et
2941 4119 3146 4179 quanta
3201 4117 3643 4172 necessariorum

2064 4195 2252 4264 inopia
2283 4195 2832 4265 constringebamini.
2870 4198 3079 4269 Viginti
3119 4202 3266 4257 enim
3309 4204 3641 4262 hordeorum

2064 4300 2352 4342 mensuras
2389 4294 2743 4357 reponentes,
2786 4289 2878 4343 vix
2900 4289 3185 4346 dimidiam
3231 4304 3439 4364 partem
3487 4311 3643 4369 repe-

2064 4375 2338 4432 riebatis:
2390 4384 2444 4431 et
2501 4377 2901 4451 quinquaginta
2951 4398 3018 4436 ex
3071 4385 3447 4443 torcularibus
3528 4391 3639 4444 vini

2065 4484 2353 4525 mensuras
2379 4470 2598 4525 haurire
2621 4483 3027 4541 exspectantes,
3053 4475 3247 4545 viginti
3274 4477 3490 4551 1589
3516 4488 3640 4533 tan-

380 4574 477 4626 καὶ
504 4570 929 4643 ἀνεμοφθορίαν,
962 4572 1057 4625 καὶ
1086 4569 1324 4642 χάλαζαν
1351 4586 1366 4601 ·
1418 4569 1535 4623 ἀλλ’
1567 4569 1716 4640 ὅμως
1744 4568 1832 4622 διά
1859 4569 1960 4641 τὴν

2066 4568 2178 4616 tum
2235 4560 2620 4617 inveniebatis.
2670 4560 2782 4636 [18]
2824 4564 2961 4619 Cum
3008 4565 3162 4623 vobis
3191 4568 3381 4625 varias
3440 4585 3634 4625 corre-

379 4662 582 4735 πολλὴν
623 4663 779 4733 ὑμῶν
815 4661 1151 4733 ἀναλγησίαν
1189 4662 1312 4716 οὑδὲ
1364 4661 1465 4733 τῆς
1508 4661 1758 4723 παιδείας
1791 4661 1961 4733 ᾐσθά-

380 4753 558 4809 νεσθε.
598 4754 852 4808 Ἐκείνων
901 4753 1084 4808 τοίνυν
1136 4753 1494 4825 μεμνημένοι,
1547 4752 1957 4825 ἐπισημήνασθε

379 4845 555 4917 πόσης
600 4846 886 4918 εὐετηρίας
932 4845 1268 4901 ἀπολαύσετε
1308 4845 1449 4917 μετά
1483 4844 1580 4919 τὴν
1617 4845 1718 4918 τῆς
1752 4843 1958 4900 οἰκοδοο

381 4936 512 5007 μίας
544 4937 721 5008 ἀρχήν
738 4954 753 4969 ·
790 4935 1058 5009 τοσαύτην
1079 4938 1189 5010 γάρ
1216 4938 1345 5009 ὑμῖν
1375 4936 1635 5006 ἀφθονίαν
1661 4936 1958 5009 χυρηγήσω

375 5025 485 5080 τῶν
506 5025 840 5095 ἀναγκαίων,
859 5026 936 5090 ὡς
960 5028 1054 5082 καὶ
1064 5027 1203 5082 αὑτά
1228 5028 1413 5082 λοιπὸν
1433 5028 1698 5100 ἀγνοῆσαι
1719 5029 1819 5100 τῆς
1842 5028 1957 5083 άλω

373 5115 444 5169 τά
478 5116 687 5187 μέτραο
744 5118 839 5172 καὶ
878 5118 1004 5182 τοὺς
1041 5119 1243 5190 ὑγροὺς
1282 5119 1340 5173 δὲ
1382 5120 1512 5191 ὑμῖν
1541 5121 1663 5191 μετ’
1705 5120 1956 5190 εὐλογίας

376 5206 602 5279 παρέξω
651 5209 929 5279 καρποὺς,
980 5210 1074 5264 καὶ
1116 5210 1226 5265 τῶν
1271 5208 1589 5283 ἀκροδρύων
1636 5209 1735 5282 τὴν
1783 5211 1956 5283 φοράν

376 5299 692 5371 χορηγήσει».
728 5300 841 5354 Καὶ
871 5300 1010 5371 πρὸς
1046 5300 1258 5365 τούτοις
1296 5302 1376 5366 δὲ,
1414 5294 1462 5354 ὦ
1490 5300 1814 5371 Ζοροϐάϐελ,
1851 5304 1957 5358 κά-

379 5386 590 5451 κείνους
618 5388 919 5460 ἐμπεδώσω
941 5390 1068 5453 τοὺς
1094 5389 1304 5459 λόγους,
1327 5388 1420 5455 οὓς
1445 5390 1574 5461 περί
1600 5389 1695 5447 τοῦ
1718 5390 1842 5462 Γὼγ
1862 5392 1958 5447 καὶ

376 5473 592 5546 Μαγὼγ
618 5477 1020 5551 προηγόρευσα.

2064 4650 2585 4720 ctionesinl'errcm,
2634 4654 3007 4720 sterilitatem,
3056 4664 3112 4711 et
3144 4658 3287 4713 renti
3334 4661 3637 4725 uredinem,

2064 4753 2119 4800 ct
2153 4743 2501 4814 grandinem,
2524 4752 2707 4799 tamen
2733 4747 2803 4800 ob
2826 4763 3100 4802 summam
3139 4749 3522 4819 stnpiditatem
3552 4768 3639 4805 ve-

2064 4841 2239 4890 stram
2267 4834 2403 4889 nihil
2430 4836 2712 4891 scnsistis.
2734 4834 2847 4909 με),
2871 4837 2965 4911 20]
2997 4838 3199 4895 llarum
3227 4841 3417 4912 itaque
3453 4857 3636 4898 rerum

2063 4940 2356 4990 memores,
2413 4926 2831 4984 animadvertite
2895 4938 3102 4999 quanta
3177 4929 3398 5002 frugum
3479 4934 3637 5005 copia

2064 5017 2286 5073 fruituri
2314 5018 2463 5086 sitis,
2511 5027 2801 5091 postquam
2843 5021 3119 5079 .edilicare
3160 5024 3467 5095 cmperitis.
3494 5022 3642 5082 Tan-

2063 5118 2175 5165 tam
2205 5111 2352 5165 enim
2398 5110 2552 5166 vobis
2584 5111 3008 5168 redundantiam
3040 5115 3480 5171 necessariorum
3529 5117 3639 5172 lar-

2063 5202 2203 5272 giar,
2234 5209 2293 5257 ut
2323 5201 2455 5273 ipsa!
2480 5201 2534 5256 in
2562 5209 2852 5283 posterum
2892 5219 3035 5260 arere
3080 5221 3355 5262 mensurae
3383 5207 3638 5278 ignoren-

2064 5301 2189 5349 tur:
2222 5301 2278 5350 et
2306 5294 2498 5349 molles
2541 5309 2764 5365 quoque
2800 5295 3017 5353 fructus
3074 5314 3201 5353 cum
3253 5298 3640 5356 benedictione

2061 5384 2222 5441 vobis
2273 5384 2437 5449 dabo,
2476 5394 2529 5438 et
2568 5399 2859 5455 pomorum
2914 5403 2979 5443 ac
3026 5404 3235 5443 nucum
3292 5388 3636 5444 fertilitatem

2062 5474 2445 5545 suppeditabit.
2480 5472 2593 5548 [2L
2623 5474 2716 5550 22]
2751 5476 3044 5541 Praeterea.
3078 5495 3112 5534 o
3157 5478 3484 5546 Zorohabel,
3520 5496 3640 5536 scr-

2063 5579 2257 5621 mones
2313 5564 2476 5619 etiam
2526 5566 2652 5623 illos
2702 5568 3064 5634 conﬁrmabo,
3091 5584 3230 5639 quos
3274 5570 3343 5624 de
3385 5568 3537 5641 Gogo
3580 5578 3640 5626 et

2062 5653 2293 5731 Magogo
2311 5654 2558 5725 prmdixi.

1664 5787 1899 5847 VARIAS
1921 5790 2327 5849 LECTIONES.

449 5872 551 5944 ’ἠ
579 5881 634 5926 ει
655 5873 856 5946 deinde
885 5876 919 5946 ἢ
951 5876 1130 5930 ἔλαιον
1155 5876 1274 5932 des.
1312 5877 1366 5931 in
1402 5878 1465 5932 C.

380 5948 588 6001 σονται.
664 5944 710 5977 ⁸⁸
739 5945 868 6000 τῶν.
902 5944 1026 6003 Des.
1059 5947 1115 6001 in
1144 5949 1207 6002 Α.
1284 5949 1326 5980 ⁸⁷
1365 5949 1411 6000 Α
1439 5944 1750 6021 ἐλέγχοντα.

1574 5880 1619 5911 ⁸³
1639 5882 1717 5946 ὃς.
1744 5885 1786 5938 C
1817 5886 1996 5952 αὑτός.

2090 5887 2136 5918 ⁸⁵
2167 5888 2280 5942 τόν.
2303 5885 2427 5944 Des.
2462 5887 2516 5943 in
2547 5889 2609 5944 (ἶ.
2697 5890 2741 5921 ⁸⁵
2772 5889 2815 5941 Δ
2854 5888 3296 5960 όδυνηθὴσονται.
3328 5887 3369 5944 C
3390 5888 3451 5942 οὑ
3473 5886 3634 5965 δυνή-
