4090 6416
471 399 599 465 1371

541 512 705 568 Vens.
733 512 825 568 25.
872 531 889 564 ι
921 511 985 566 Et
1007 511 1318 566 subvertam
1351 511 1546 564 solium
1578 529 1788 584 regum,
1820 523 1874 569 et
1895 530 2032 570 con-
2068 525 2107 578 Α

466 616 640 664 teram
678 605 1050 661 fortitudinem
1091 618 1278 673 regum
1321 605 1586 672 gentium,
1615 618 1670 660 et
1725 607 2037 663 subvertant

464 714 665 757 currus
693 707 748 754 et
769 709 1089 753 ascensores
1119 713 1132 748 :
1167 700 1220 749 et
1251 695 1549 750 ascendent
1577 699 1724 767 equi,
1763 707 1817 752 et
1846 713 2039 754 ascen-

467 808 624 846 sores
673 803 897 852 eorum,
950 786 1334 856 unusquisque
1410 787 1466 840 in
1530 787 1714 857 gladio
1768 789 2037 844 adversus

467 888 689 940 fratrem
722 897 908 939 suum.
957 899 976 933 ι
1029 878 1188 934 Nullo
1244 878 1463 947 negotio
1500 886 1713 948 partam
1741 880 1919 945 vobis,
1954 879 2039 934 in-

463 977 603 1046 quit,
634 973 919 1030 victoriam
969 971 1134 1026 dabo.
1185 969 1404 1026 Insania
1466 971 1614 1025 enim
1662 980 1718 1027 et
1764 971 2038 1027 dementia

461 1083 558 1122 eos
586 1066 851 1132 alliciens,
876 1064 1103 1118 armabo
1137 1077 1233 1118 eos
1259 1069 1450 1116 contra
1483 1077 1542 1116 se
1578 1062 1833 1127 invicem,
1865 1062 1943 1117 ita
1977 1071 2038 1117 ut

465 1158 715 1213 funditus
776 1171 968 1212 omnes
1008 1153 1171 1210 simul
1210 1168 1334 1208 cum
1395 1153 1551 1224 equis
1591 1161 1838 1223 pereant.
1881 1153 2036 1220 Quod

463 1265 593 1305 vero
619 1250 698 1304 ait
733 1267 746 1303 :
790 1265 809 1299 ι
862 1246 1060 1301 Adhuc
1095 1244 1262 1300 semel
1299 1259 1398 1314 ego
1451 1258 1772 1299 commoveo
1812 1244 2035 1314 ctelum,

464 1350 519 1397 et
551 1349 779 1404 terram,
821 1345 876 1394 et
914 1350 1086 1399 mare,
1117 1344 1170 1389 et
1202 1334 1415 1388 aridam
1440 1345 1482 1398 °,
1527 1351 1545 1385 ›
1575 1350 1684 1389 ηοη
1721 1335 1821 1390 abs
1853 1349 1913 1390 re
1937 1349 2035 1406 po.

464 1436 597 1504 suit,
639 1433 734 1490 sed
785 1429 1035 1487 beneﬁcii
1084 1427 1503 1482 Sennacherimi
1551 1435 1796 1497 tempore
1850 1428 2036 1484 collati

462 1525 788 1581 memoriam
841 1528 1092 1576 renovat.
1138 1519 1276 1573 Cum
1327 1517 1473 1572 enim
1526 1517 1634 1572 illis
1695 1518 2034 1587 repentinam

466 1613 1070 1686 perniciemintulisset,
1102 1623 1321 1664 omnem
1360 1615 1561 1662 terram
1585 1615 1640 1663 et
1668 1622 1819 1662 mare
1854 1608 2035 1664 horri-

464 1703 590 1759 bilis
616 1699 742 1754 facti
771 1699 1089 1754 narratione
1110 1696 1426 1766 complevit.

535 1792 698 1846 Vens.
728 1790 818 1846 9.4.
852 1807 871 1841 ι
911 1787 1008 1843 Dic
1037 1787 1152 1850 illo,
1182 1785 1317 1842 dicit
1353 1786 1616 1844 Dominus
1662 1788 2031 1858 omnipotens,

1428 402 1910 462 THEODORETI
1941 403 2281 468 EPISCOPI
2325 410 2688 473 CYRENSIS

3578 420 3716 488 1872

2230 529 2334 590 κγ’.
2396 541 2414 576 ι
2455 526 2565 579 Καὶ
2615 528 2974 600 καταστρέφω
3025 530 3212 601 θρόνον
3271 531 3568 602 βασιλέων,
3617 538 3716 592 καὶ

2141 615 2556 686 ἐξολοθρεύσω⁸⁸
2584 619 2814 690 δύναμιν
2842 622 3104 690 βασιλέων
3141 623 3390 692 ἐθνῶνίθ,
3423 627 3518 679 καὶ
3545 645 3718 680 καταο

2144 709 2360 779 στρέψω
2409 709 2633 780 ἅρματα
2677 712 2773 765 καὶ⁹
2817 712 3114 778 ἀναϐάτας,
3164 715 3260 767 καὶ
3293 715 3649 786 ἀναϐήσονται
3668 719 3718 750 ⁸⁸

2141 799 2296 852 ἵπποι
2329 800 2424 853 καὶ
2451 801 2717 856 ἀναϐάται
2747 803 2926 856 αὐτῶν
2959 803 3186 867 ἕκαστος
3214 807 3272 860 ἐν
3299 806 3544 878 ῥομφαίᾳ
3581 810 3717 878 πρὸς

2138 892 2229 945 τὸν
2265 892 2493 961 ἀδελφὸν
2527 893 2712 946 αὐτοῦ.
2764 912 2782 944 ι
2837 895 3068 948 Ἀπονον
3103 894 3250 966 ὑμῖν,
3285 897 3451 967 ιφησὶ,
3490 899 3717 969 παρέξω

2138 983 2236 1054 τὴν
2274 983 2450 1055 νίκην.
2499 986 2866 1056 Παραπληξίᾳ
2910 987 3020 1058 γὰρ
3059 988 3253 1051 αὐτοὺς
3283 989 3376 1042 καὶ
3403 989 3716 1061 φρενοϐλα-

2139 1076 2260 1148 ϐείςι
2301 1077 2498 1148 βαλὼν,
2548 1078 2668 1131 κατ’
2710 1078 2956 1149 ἀλλήλων
3006 1078 3247 1143 ὁπλίσω,
3302 1069 3446 1133 ῶστε
3506 1081 3714 1144 πάντας

2133 1169 2305 1240 ,ἄρδην
2327 1170 2424 1224 σὺν
2442 1171 2551 1233 τοῖς
2570 1170 2754 1233 ἵπποις
2777 1169 3148 1241 ἀναιρεθῆναι.
3172 1169 3246 1224 Τὸ
3270 1170 3348 1234 δὲ,
3382 1189 3401 1222 ι
3425 1172 3544 1224 Ἔτι
3567 1172 3714 1238 ἅπαξ

2137 1260 2248 1331 ἐγὼ
2276 1260 2436 1314 σείων
2464 1261 2556 1316 τὸν
2585 1261 2832 1332 οὐρανὸν,
2859 1260 2950 1314 καὶ
2983 1261 3079 1332 τὴν
3105 1262 3230 1333 γῆν,
3261 1262 3356 1316 καὶ
3381 1263 3481 1334 τὴν
3515 1263 3714 1318 θάλασ-

2138 1369 2256 1419 σαν,
2289 1352 2380 1408 καὶ
2414 1354 2514 1424 τὴν
2540 1352 2731 1424 ξηράν,
2764 1371 2782 1404 ι
2829 1352 2928 1424 οὐχ
2967 1353 3152 1418 ἁπλῶς
3180 1354 3417 1426 είρηκεν,
3449 1355 3585 1410 ἀλλὰ
3613 1356 3713 1426 τῆς

2136 1443 2230 1496 ἐπὶ
2251 1441 2347 1498 τοῦ
2379 1443 2751 1514 Σενναχηρεὶμ
2781 1442 3100 1512 εὐεργεσίας
3125 1443 3535 1514 ἀναμιμνήσκει
3562 1462 3577 1476 ο
3615 1447 3712 1500 καὶ

2135 1533 2244 1603 γὰρ
2276 1533 2504 1595 ἐκείνοις
2553 1533 2815 1602 αἰφνίδιον
2852 1532 3148 1602 ἐπαγαγὼν
3198 1534 3440 1607 ὖλεορον,
3489 1535 3710 1590 ἃπασαν

2134 1624 2240 1694 γῆν
2280 1625 2377 1677 καὶ
2425 1623 2694 1679 θάλατταν
2731 1623 2825 1678 τοῦ
2855 1624 3160 1695 φρικώδους
3208 1625 3471 1697 ἐνέπλησε
3516 1627 3707 1700 διηγή-

2135 1731 2332 1785 ματος.
2401 1767 2403 1769 ,

2208 1804 2307 1860 κδ’.
2353 1822 2372 1856 ι
2401 1805 2489 1858 Ἐν
2609 1805 2793 1876 ἡμέρᾳ
2831 1805 3036 1876 ἐκείνῃ..
3079 1806 3226 1876 λέγει
3265 1807 3471 1879 Κύριος
3512 1827 3709 1865 παντο-

463 1897 740 1941 assumam
795 1889 848 1938 te
895 1879 1309 1940 Zorobabelcm,
1337 1879 1504 1933 lilium
1543 1878 1874 1945 Salathielis,
1910 1896 2028 1936 scr-

2137 1895 2380 1966 κράτωρ,
2409 1868 2660 1967 λήψομαί.
2699 1868 2779 1959 σε,
2817 1868 3270 1969 Ζοροϐάϐελξτδν
3293 1868 3388 1953 τού
3418 1868 3706 1972 έαλαθιὴλ,

463 1993 589 2031 vum
623 1988 822 2037 meum,
859 1972 994 2028 dicit
1020 1970 1312 2035 Dominus,
1341 1978 1399 2025 et
1435 1986 1630 2040 ponam
1681 1981 1733 2026 te
1769 1972 1929 2042 quasi
1957 1971 2032 2028 si-

462 2066 778 2137 gnaculum,
837 2064 963 2134 quia
1011 2058 1226 2134 1590
1273 2070 1327 2117 te
1376 2062 1538 2131 elegi,
1578 2062 1713 2117 dicit
1765 2063 2030 2119 Dominus

460 2159 828 2230 omnipotens.
861 2173 880 2208 ι
978 2153 1093 2210 lloc
1127 2155 1249 2208 loco
1289 2149 1478 2208 Uosua:
1526 2153 1858 2208 mentionem
1919 2169 2028 2209 non

462 2248 614 2315 fecit,
640 2245 736 2303 sed
777 2243 952 2300 solius
990 2238 1370 2309 Zorobabelis,
1411 2242 1632 2313 quia~de
1661 2243 1821 2298 bellis
1858 2251 1912 2299 et
1936 2259 2032 2300 eo-

462 2321 584 2398 rum
641 2339 1126 2394 administratione
1167 2351 1355 2392 sermo
1397 2345 1570 2391 erat:
1603 2336 1862 2406 quoniam
1915 2353 2028 2392 rem

462 2432 717 2488 bellicam
750 2429 842 2484 hic
885 2429 1038 2484 so'lus
1078 2426 1432 2498 procurabat.
1469 2426 1559 2480 Ait
1600 2428 2029 2499 erg0,'die-t'~llo,

460 2522 716 2595 gentibus
755 2521 864 2576 illis
896 2519 1079 2584 caesis,
1101 2515 1586 2584 'teZorobabelem,
1614 2529 1778 2588 quem
1825 2519 1883 2572 in
1910 2517 2034 2575 τοι)-

463 2615 712 2686 sequium
746 2621 801 2670 et
829 2613 1202 2668 ministerium
1231 2626 1414 2666 meum
1446 2609 1645 2679 delegi,
1677 2610 1946 2666 illustrem
1980 2619 2034 2665 et

462 2707 786 2778 prazclaram
825 2703 1086 2768 reddam,
1113 2711 1169 2758 et
1196 2717 1293 2773 per
1327 2710 1380 2757 te
1410 2716 1628 2756 onmem
1671 2702 1898 2757 tutelam
1932 2716 2030 2772 po-

462 2798 591 2868 pulo
627 2795 922 2867 praestabo,
955 2801 1008 2848 te
1058 2800 1220 2848 utens
1267 2800 1530 2861 tanquam
1577 2791 1860 2861 signaculo
1893 2804 2034 2862 quo-

461 2889 584 2942 dam
620 2905 633 2942 :
670 2900 795 2941 nam
831 2884 1199 2955 signaculum,
1230 2881 1442 2937 foribus
1472 2881 1752 2937 admotum
1778 2892 1832 2937 et
1863 2882 2032 2949 arcis,

460 2978 670 3043 omnia,
718 2991 841 3048 quae
904 2977 1056 3030 intus
1096 2973 1338 3043 reposita
1400 2980 1548 3039 sunt,
1590 2978 1779 3028 tuetur
1821 2981 1874 3028 et
1903 2986 2036 3027 con-

463 3074 668 3125 servat.
709 3065 774 3119 Et
825 3062 1110 3135 prophetia
1149 3061 1370 3131 quidem
1421 3061 1532 3130 jam
1596 3059 1866 3128 completa
1927 3067 2031 3115 est.

2129 1985 2222 2040 τὸν
2258 1985 2443 2039 δοῦλόν
2494 2003 2618 2056 μου,
2667 1985 2814 2054 λέγει
2854 1985 3080 2058 Κύριος,
3125 1987 3223 2042 καὶ
3263 1985 3498 2060 θ’ήσομαί
3539 2006 3596 2042 σε
3631 1991 3708 2054 ὡς

2133 2077 2439 2148 σφραγῖδα·
2475 2076 2608 2130 διότι
2645 2076 2704 2132 σέ
2721 2077 2764 2109 ⁹¹
2796 2078 3049 2148 ᾑρέτισα,
3097 2079 3248 2147 λέγει
3279 2073 3484 2151 Κύριος
3511 2093 3708 2135 παντο-

2131 2167 2373 2237 κράτωρ.
2420 2185 2440 2218 ι
2501 2165 2766 2219 Ἐνταῦθα
2793 2168 2888 2220 τοῦ
2938 2167 3114 2239 Ἰησοῦ
3145 2169 3245 2222 οὐκ
3282 2171 3704 2241 ἐμνημόνευσεν,

2131 2259 2267 2314 ἀλλὰ
2301 2257 2464 2329 μόνου
2509 2256 2604 2311 τοῦ
2638 2258 2960 2328 Ζοροϐάϐελ,
2989 2258 3179 2332 ἐπειδὴ
3217 2263 3346 2332 περὶ
3389 2261 3642 2331 πολέμων
3659 2264 3706 2296 "

2133 2348 2226 2402 καὶ
2252 2346 2587 2418 στρατηγίας
2614 2348 2849 2400 ἐποιεῖτο
2876 2349 3002 2412 τοὺς
3031 2347 3241 2416 λόγους,
3276 2342 3430 2415 οὗτος
3458 2351 3515 2405 δέ
3549 2355 3708 2421 μόνος

2132 2439 2231 2509 τῆς
2259 2437 2596 2508 στρατηγίας
2650 2437 2956 2508 ἐφρόντιζε.
3010 2438 3174 2508 Λέγει
3223 2441 3402 2494 τοίνυν
3455 2443 3536 2496 ὅτι
3579 2443 3707 2496 κατ’

2131 2531 2376 2598 ἐκείνην
2407 2528 2811 2600 τὴνὴμέραν,
2845 2531 2955 2583 τῶν
3001 2531 3169 2586 ἐθνῶν
3221 2532 3447 2588 ἐκείνων
3493 2534 3708 2605 άναιρε-

2134 2622 2356 2686 θέντων,
2403 2623 2479 2676 σὲ
2521 2621 2627 2676 τὸν
2671 2624 3036 2691 Ζοροϐάϐελ,
3087 2624 3148 2679 ὃν
3201 2627 3282 2690 είς
3325 2625 3570 2680 δουλείαν
3615 2627 3710 2680 καὶ

2135 2713 2429 2784 θεραπείαν
2460 2705 2792 2784 ἐξελεξάμην
2839 2715 3002 2786 ἐμὴν,
3045 2717 3318 2788 περιφανῆ
3366 2718 3576 2788 ποιήσω
3613 2717 3708 2772 καὶ

2133 2803 2512 2875 περίϐλεπτον,
2556 2804 2652 2858 καὶ
2693 2804 2782 2858 διά
2829 2798 2924 2859 σοῦ
2972 2805 3052 2876 τῷ
3101 2805 3218 2877 λαῷ
3268 2807 3492 2879 παρέξω
3531 2809 3710 2862 πᾶσαν

2129 2891 2453 2962 ἀσφάλειαν,
2504 2887 2616 2948 οἶόν
2658 2911 2766 2948 τινι
2817 2888 3071 2966 σφραγῖδί
3119 2913 3204 2950 σοι
3251 2897 3589 2968 κεχρημένος
3613 2914 3628 2927 ·
3670 2897 3707 2967 ἡ

2134 2978 2242 3053 γὰρ
2270 2983 2506 3054 σφραγὶς
2530 2984 2625 3038 καὶ
2652 2983 2844 3053 θύραις
2876 2980 3250 3056 ἐπιτιθεμένη,
3275 2987 3384 3039 »καὶ
3414 2986 3708 3051 κιϐωτίοις,

2137 3072 2350 3144 πορίζει
2386 3073 2566 3129 πᾶσαν
2619 3076 2730 3138 τοῖς
2775 3076 3218 3146 ἐναποκειμένοις
3266 3072 3587 3146 ἀσφάλειαν.
3645 3079 3712 3132 Ἦ

463 3160 577 3231 Ego
609 3172 740 3214 vero
771 3153 1098 3226 Apollinarii
1131 3151 1462 3209 dementiam
1503 3150 1768 3217 admiror,
1801 3150 1892 3221 qui
1921 3158 2031 3205 tam

2142 3162 2239 3236 μὲν
2267 3159 2784 3238 οὖν’ὲρμηνείατῆς
2829 3167 3164 3238 προφητείας
3195 3159 3256 3220 τὸ
3287 3163 3446 3231 τέλος
3470 3167 3710 3232 ἐδέξατο.
3751 3179 3754 3181 ’

461 3251 668 3322 apertis
717 3246 1208 3304 vaticinationibus
1254 3243 1587 3301 contrariam
1619 3243 2029 3314 intelligentiam

461 3341 656 3396 afferre
687 3352 981 3411 aggressus
1007 3334 1197 3405 fuerit,
1221 3335 1433 3399 dicens,
1467 3333 1868 3404 expeditionem
1900 3331 2035 3401 Gogi

459 3441 514 3488 ct
545 3430 754 3502 Magogi
787 3429 1037 3484 nandum
1072 3427 1276 3481 factam
1305 3440 1449 3492 esse,
1481 3423 1575 3480 sed
1605 3424 1658 3478 in
1683 3436 2036 3478 consumma-

457 3523 611 3578 tione
645 3521 831 3578 saaculi
866 3519 1036 3590 huius
1079 3516 1217 3572 fore.
1267 3515 1337 3569 Et
1387 3530 1497 3570 non
1534 3514 1771 3570 attendit
1817 3514 2037 3583 sapien-

463 3616 716 3671 tissimus
749 3615 854 3669 istc
883 3611 1185 3684 prophetia
1215 3611 1660 3667 consecutionem
1687 3625 1700 3661 :
1730 3608 1877 3678 quod
1915 3616 2038 3678 post

460 3703 874 3777 praedictionem
932 3702 1149 3756 illorum
1206 3700 1819 3770 occisionis,-.pr0pheta
1847 3701 2035 3754 statim

461 3795 726 3864 adiecerit
753 3813 820 3849 .-‹
868 3793 962 3848 Die
1008 3792 1126 3857 illo,
1171 3791 1307 3848 dicit
1357 3789 1620 3846 Dominus
1661 3791 2034 3860 omnipotens,

461 3902 740 3943 assumam
764 3894 818 3941 te
837 3883 1257 3949 Zerobabelem,
1283 3897 1500 3940 servum
1531 3897 1736 3948 meum,
1767 3881 1904 3936 dicit
1932 3879 2038 3936 Do-

463 3978 666 4044 minus,
693 3996 711 4029 ι
743 3986 939 4048 etquae
967 3985 1294 4046 sequuntur.
1312 3973 1469 4041 Quod
1488 3973 1715 4030 sialium
1741 3970 2034 4044 quemdam

462 4069 855 4126 Zorobabelem
914 4069 968 4125 in
1016 4067 1286 4125 fabulosis
1319 4067 1430 4123 illis
1471 4065 1886 4122 narrationibus
1919 4063 2038 4120 suis

463 4162 617 4233 lingit
663 4161 757 4216 illo
789 4169 1034 4232 tempore
1063 4159 1331 4226 futurum,
1358 4157 1656 4230 perfectam
1688 4157 1849 4213 nobis
1881 4155 2037 4211 fabu-

463 4252 570 4307 lam
618 4252 828 4307 reddet.
862 4251 930 4306 Αι
969 4252 1015 4308 si
1047 4251 1245 4306 unicus
1294 4258 1381 4307 est
1440 4250 1530 4308 hic
1583 4247 1910 4313 Zorobabel,
1941 4247 2035 4317 qui

461 4349 586 4412 post
630 4343 866 4398 reditum
892 4342 1092 4412 populo
1122 4341 1362 4413 praefuit,
1411 4341 1515 4397 sub
1565 4340 1671 4396 hoc
1719 4348 1775 4396 et
1816 4338 2036 4393 illarum

461 4433 702 4504 gentium
754 4434 1035 4490 exercitus
1093 4431 1416 4504 profligatus
1460 4433 1581 4498 fuit,
1611 4440 1665 4488 et
1711 4440 1837 4502 post
1887 4432 2037 4487 illius

2150 3257 2290 3327 Ἐγὼ
2311 3258 2424 3312 se"
2446 3259 2545 3330 τὴν
2583 3252 3004 3330 Ἀπολλιναρίου
3020 3258 3119 3312 θαυ
3127 3258 3282 3329 μάξω
3306 3261 3632 3329 παράνοιαν,
3654 3261 3716 3325 ὃς

2135 3353 2249 3414 τοῖς
2300 3343 2443 3404 οὕτω
2488 3351 2675 3420 σαφῶς
2719 3350 3164 3420 τεθεσπισμένοις
3195 3350 3442 3404 ἐναντίαν
3473 3351 3714 3406 διάνοιαν

2136 3441 2451 3509 ἐπενεγκεῖν
2478 3434 2825 3512 ἐπεχείρησε,
2861 3436 3041 3511 φήσας
3061 3438 3158 3493 ’τοῦ
3188 3438 3312 3509 Γὼγ
3339 3441 3433 3493 καὶ
3466 3439 3562 3494 τοῦ
3591 3442 3710 3494 Μα-

2135 3528 2254 3599 γὼγ
2282 3531 2382 3602 τὴν
2409 3530 2695 3602 στρατείαν
2726 3524 2936 3585 οὐδέπω
2958 3531 3240 3600 γενέσθαι,
3286 3531 3424 3586 ἀλλὰ
3455 3533 3582 3601 περὶ
3607 3533 3706 3600 τὴν

2137 3619 2292 3674 τοῦδε
2322 3621 2416 3674 τοῦ
2449 3621 2646 3685 αἰῶνος
2701 3614 3009 3675 συντέλειαν
3039 3621 3274 3677 ἔσεσθαι.
3311 3623 3426 3677 Καὶ
3449 3623 3514 3676 οὐ
3545 3639 3708 3692 προσ-

2139 3709 2298 3779 έσχεν
2325 3711 2353 3763 ὁ
2382 3708 2691 3780 σοφώτατος
2721 3711 2788 3780 τῇ
2813 3709 2912 3780 τῆς
2943 3711 3284 3781 προφητείας
3307 3709 3610 3782 ἀκολουθίᾳ)
3627 3709 3710 3763 ὅτι

2140 3800 2276 3872 μετὰ
2302 3801 2400 3872 τὴν
2447 3802 2754 3873 πρόρρησιν
2785 3800 2886 3871 τῆς
2913 3801 3138 3856 ἐκείνων
3165 3804 3380 3874 σφαγῆς
3408 3802 3570 3865 εὐθὺς
3611 3804 3712 3856 ἐπ-

2138 3891 2344 3961 ήγαγεν
2390 3891 2418 3944 ὁ
2459 3891 2838 3962 προφήτηςν(
2861 3889 2948 3944 Ἐν
2992 3893 3064 3962 τῇ
3114 3890 3296 3962 ἡμέρᾳ
3329 3890 3530 3962 ἐκείνῃ,
3565 3891 3714 3960 λέγει

2140 3980 2342 4051 Κύριος
2391 3981 2820 4052 παντοκράτωρ,
2881 3980 3123 4052 λήψομαί
3171 3999 3229 4034 σε
3275 3981 3576 4052 Ζοροϐάϐελ
3619 3981 3714 4035 τὸν

2136 4071 2320 4125 δοῦλόν
2351 4088 2474 4142 μου,
2509 4070 2658 4140 λέγει
2688 4071 2913 4142 Κύριος,
2943 4090 2961 4122 ι
3008 4072 3101 4125 καὶ
3133 4071 3201 4124 τὰ
3234 4070 3380 4141 ἐξῆς.
3414 4073 3474 4124 El
3501 4067 3711 4143 μὲνοῦν

2138 4164 2234 4219 καὶ⁸
2269 4163 2426 4218 ἄλλον
2457 4163 2580 4217 τινὰ
2610 4161 2919 4234 Ζοροϐάϐελ
2947 4164 3004 4216 ἐν
3031 4165 3150 4226 ταῖς
3173 4162 3402 4227 οἰκείαις
3436 4163 3710 4216 ἀναπλάτ-

2135 4273 2219 4309 τει
2256 4254 2605 4326 μυθολογίαις
2647 4253 2767 4307 κατ’
2810 4255 3013 4307 ἐκεῖνον
3055 4252 3310 4323 ἐσόμενον
3357 4251 3448 4305 τὸν
3495 4251 3708 4322 καιρὺν,

2135 4348 2338 4401 τέλειον
2353 4347 2495 4417 ⁴ἡμῖν
2524 4345 2825 4399 άναπλάσει
2857 4345 2948 4398 τὸν
2973 4344 3139 4414 μῦθον
3163 4360 3176 4373 ·
3213 4345 3262 4397 εἰ
3287 4343 3342 4397 δὲ
3369 4337 3523 4406 οὗτος
3552 4344 3714 4413 μόνος

2138 4439 2256 4492 ἐστὶ
2288 4436 2616 4510 Ζοροϐάϐελ,
2655 4438 2684 4490 ὁ
2715 4435 2851 4507 μετὰ
2878 4435 2977 4506 τὴν
3007 4435 3262 4490 ἐπάνοδον
3289 4435 3384 4488 τοῦ
3414 4434 3546 4487 λαοῦ
3577 4452 3712 4506 προ-

462 4525 893 4581 internecionem
944 4527 1300 4582 admirandus
1361 4535 1415 4582 et
1464 4527 1764 4596 praeclarus
1823 4524 2035 4580 exstitit

2137 4533 2458 4598 στατεύσας,
2489 4530 2582 4584 ἐπὶ
2613 4529 2802 4583 τούτου
2835 4528 2928 4582 καὶ
2954 4530 2982 4582 ὁ
3016 4527 3124 4582 τῶν
3155 4527 3324 4582 ἐθνῶν
3353 4527 3578 4580 ἐκείνων
3611 4543 3712 4578 κα·

465 4615 674 4686 1591
705 4615 1032 4674 Zorobabel.
1069 4618 1173 4673 Sed
1207 4620 1312 4672 hoc
1350 4619 1516 4674 etiam
1556 4603 1720 4670 illum
1779 4614 2036 4671 conside-

463 4721 585 4760 rare
606 4707 915 4775 oportebat,
939 4707 1082 4775 quod
1117 4707 1186 4761 ob
1217 4708 1462 4778 inopiam
1487 4705 1870 4760 tedificalionis
1905 4719 2036 4774 pro-

462 4796 796 4870 rogationem
875 4797 1266 4853 meditantibus
1326 4798 1707 4852 universorum
1767 4795 2032 4852 Dominus

466 4889 799 4958 promiserit,
825 4906 885 4945 se
915 4891 1016 4945 has
1046 4899 1236 4961 gentes
1263 4897 1745 4962 congregaturum,
1767 4900 1821 4946 et
1845 4907 2034 4947 earum

465 4981 682 5036 divitias
733 4981 789 5035 in
835 4979 1219 5036 aedificationis
1257 4991 1509 5052 sumptus
1557 4982 2035 5051 suppeditaturum

462 5084 616 5136 esse;
643 5068 786 5123 unde
818 5070 983 5124 etiam
1011 5069 1266 5138 adjunxit
1295 5091 1308 5128 :
1345 5091 1363 5124 ι
1401 5074 1584 5127 Meum
1610 5079 1696 5127 est
1725 5082 2036 5142 argentum,

465 5173 644 5214 meum
671 5166 755 5213 est
785 5173 1003 5226 aurum,
1026 5168 1082 5214 et
1113 5161 1290 5228 major
1324 5164 1429 5219 erit
1451 5164 1625 5234 gloria
1648 5163 1843 5218 domus
1875 5163 2037 5218 istius

463 5244 783 5311 ηονίεεῖηιθ,
812 5263 973 5317 quam
1001 5247 1199 5318 prima-
1235 5269 1255 5301 ι
1286 5250 1392 5309 Sed
1423 5253 1566 5308 hunc
1595 5253 1918 5308 delirantem
1952 5267 2038 5307 re-

533 5435 558 5453 “
591 5427 728 5481 “see
762 5439 798 5478 ll
821 5462 838 5490 ,
877 5424 925 5478 7.

2139 4621 2425 4692 ταναλώθη
2473 4618 2722 4691 στρατὸς,
2779 4617 2873 4670 καὶ
2922 4616 3061 4689 μετὰ
3103 4617 3193 4670 τὸν
3239 4617 3447 4670 ἐκείνου
3493 4617 3716 4685 ὄλεθρον

2141 4712 2411 4782 ἐπίσημος
2451 4711 2480 4763 ὁ
2545 4708 2848 4781 Ζοροϐάϐελ
2895 4708 3129 4776 ἐγένετο,
3183 4708 3277 4761 καὶ
3335 4709 3712 4778 περίϐλεπτος.

2147 4803 2295 4856 Ἔδει
2323 4801 2379 4854 δέ
2410 4801 2571 4854 αὐτὸν
2596 4799 2865 4854 καὶτοῦτο
2895 4799 3145 4865 συνιδεῖν,
3177 4799 3258 4852 ὅτι
3287 4800 3379 4852 καὶ
3409 4798 3496 4852 διὰ
3525 4800 3714 4853 πενίαν

2141 4893 2241 4962 τῆς
2285 4890 2593 4962 οἰκοδομίας
2633 4890 2730 4960 τὴν
2783 4887 3048 4958 ἀναϐολὴν
3111 4890 3497 4959 σκεπτομένοις
3527 4890 3574 4922 ³⁸
3613 4890 3714 4942 ὐπ-

2149 4982 2340 5051 ἐσχετο
2366 4979 2475 5033 τῶν
2506 4979 2641 5033 ὅλων
2673 4981 2702 5032 ὁ
2730 4978 2933 5050 Κύριος
2981 4977 3154 5031 ταῦτα
3181 4978 3426 5044 συνάξειν
3465 4978 3534 5031 τὰ
3563 4976 3712 5049 ἔθνη,

2143 5073 2238 5126 καὶ
2261 5071 2360 5144 τὴν
2389 5070 2594 5124 τούτων
2623 5069 2883 5140 εὐπορίαν
2913 5070 2992 5131 εἰς
3035 5069 3102 5123 τὰ
3145 5069 3242 5140 τῆς
3275 5069 3581 5139 οἰκοδομίας
3623 5070 3717 5122 δα-

2144 5165 2286 5235 πανή
2297 5180 2440 5234 ματα
2459 5162 2808 5234 χορηγήσειν.
2840 5160 2930 5212 Διδ
2954 5159 3048 5212 καὶ
3071 5160 3350 5230 ἐπήγαγεν
3377 5175 3390 5188 ⁸
3427 5177 3446 5212 ι
3470 5160 3633 5229 Ἐμὸν
3657 5160 3718 5212 τὸ

2142 5254 2429 5328 ἀργύριον,
2472 5255 2564 5308 καὶ
2593 5253 2726 5326 ἐμὸν
2754 5251 2814 5306 τὸ
2840 5251 3080 5324 χρυσίον,
3122 5251 3215 5304 καὶ
3247 5250 3458 5322 μεγάλη
3497 5249 3651 5303 ἔσται
3680 5251 3714 5319 ἡ

1764 5586 1998 5643 VARl/E
2038 5587 2442 5646 LECTIONES.

515 5715 559 5748 ⁸⁸
589 5718 634 5769 Α
661 5716 987 5776 ὁλοθαεύσω.
1088 5712 1136 5747 ⁸³
1168 5710 1283 5774 ἒθν.
1315 5723 1359 5776 Δ

791 5718 987 5788 getiam.

1458 5731 1580 5796 aem_.
1610 5722 1736 5796 τῶν.
1828 5724 1876 5796 ’9
1905 5721 1951 5780 A
1981 5724 2404 5796 καταϐήσονται.
2480 5723 2524 5756 ⁰¹
2557 5721 2635 5779 σέ.
2667 5720 2792 5779 Des.
2826 5720 2880 5777 in
2912 5721 2978 5778 A.
3057 5725 3102 5759 "
3131 5722 3172 5783 C
3199 5720 3456 5796 πολέμου.

3535 5716 3581 5752 ⁸³
3607 5715 3721 5788 ἐγὼ

448 5783 524 5848 δὲ,
557 5802 610 5840 κ,
647 5804 697 5841 τ,
730 5777 940 5847 λ,“’ἷτί(ι,
974 5799 1172 5857 supra,
1207 5801 1261 5858 ιι.
1297 5777 1460 5857 104⁸5,
1490 5777 1662 5849 schol.
1698 5777 1748 5848 77.
1825 5795 1870 5830 9"
1899 5777 1950 5851 C—
1971 5777 2362 5862 σκεπτδμενος.
