4090 6404
383 376 524 441 1873

1554 375 1637 436 IN
1665 375 2052 436 ZACHARIM
2094 379 2504 440 PR/EFATIO.

3501 371 3636 437 1874

375 486 511 550 δόξα
537 482 636 536 τοῦ
660 481 811 538 οἴκου
840 481 1031 536 τούτου
1058 483 1091 554 ἠ
1127 481 1330 552 ἐσχάτη
1359 482 1500 554 ὑπὲρ
1531 481 1632 552 τὴν
1661 482 1904 552 πρώτην.
1938 501 1956 532 ι

2073 485 2402 556 linquentes,
2427 501 2526 542 nos
2550 483 2763 540 veritati
2795 472 3198 546 adhaereamus,
3241 484 3296 534 et
3321 477 3638 534 misericor-

395 559 565 628 Ἀλλέί
587 573 776 627 τοῦτον
817 575 1005 646 ληρεῖν
1035 573 1443 636 καταλιπόντες,
1485 573 1648 643 ἡμεῖς
1683 571 1784 641 τῆς
1823 571 1956 642 άληο

379 667 535 730 θείας
568 663 842 736 ἐχώμεθα,
887 665 1100 718 καὶτὸν
1129 662 1506 735 φιλάνθρωπον
1547 661 1706 732 ἡμῶν
1753 660 1958 715 ἱκετεύο

383 774 568 827 σωμεν
602 753 900 824 Δεσπότην,
945 754 1130 808 δοῦναι
1175 754 1270 808 καὶ
1295 756 1429 824 ἡμῖν
1461 754 1706 824 εἰρήνην,
1747 753 1844 808 καὶ
1881 755 1960 806 είς-

387 850 560 920 ρήνην
589 847 769 917 ψυχῆς
793 862 808 876 ο
861 846 928 899 ἵν’
957 845 1015 898 ἐν
1045 846 1208 899 πᾶσιν
1237 844 1399 899 αὐτὸν
1425 843 1850 916 θεραπεύοντες..
1867 844 1961 897 καὶ

384 941 482 1010 τῆς
511 938 644 1010 παρ’
673 936 840 991 αὑτοῦ
872 936 1048 1008 ῥοπῆς
1077 935 1461 1000 ἀπολαύοντες,
1486 933 1838 1005 διαφύγωμεν
1860 934 1961 998 τὰς

385 1029 497 1084 τῶν
547 1030 799 1102 ἀοράτων
849 1031 1126 1102 πολεμίων
1168 1030 1495 1096 ἐπιϐουλάς,
1543 1029 1685 1083 κατὰ
1730 1029 1790 1083 δὲ
1834 1029 1962 1092 τοὺς

387 1121 566 1186 θείους
611 1123 779 1178 αὑτοῦ
813 1123 1261 1195 πολιτευσάμενοι
1301 1122 1518 1194 νόμους,
1556 1121 1810 1193 τύχωμεν
1851 1121 1962 1175 τῶν

385 1214 812 1286 ἐπηγγελμένων
840 1215 1082 1284 ἀγαθῶν,
1117 1215 1301 1286 χάριτι
1328 1215 1423 1268 καὶ
1459 1212 1835 1284 φιλανθρωπίᾳ
1865 1210 1959 1266 τοῦ

387 1305 596 1374 Κυρίου
644 1306 804 1376 ἡμῶν
853 1304 1028 1376 Ἰησοῦ
1059 1304 1317 1376 Χριστοῦ,
1353 1303 1470 1374 μεθ’
1492 1295 1565 1358 ὀὗ
1607 1301 1695 1373 τῷ
1720 1303 1896 1372 Πατρὶ
1925 1301 1960 1372 ἡ

384 1395 536 1461 δόξα,
583 1397 682 1450 σὺν
710 1397 788 1467 τῷ
820 1397 1306 1468 ἁγίῳ-Πνεύματι,
1347 1395 1440 1450 νῦν
1483 1395 1579 1450 καὶ
1603 1394 1690 1449 ἀεὶ
1748 1393 1845 1449 καὶ
1880 1393 1974 1456 είς·

291 1555 298 1564 .
385 1487 516 1550 τοὺς
548 1488 885 1554 αἰῶναςιτῶν
912 1487 1145 1544 αἰώνων.
1185 1489 1384 1560 Ἀμήν.

2066 571 2189 626 dem
2222 573 2510 627 Dominum
2542 582 2794 627 nostrum
2833 585 3144 642 precemur,
3168 575 3229 623 ut
3259 569 3418 624 nobis
3447 583 3636 636 pacem

2067 660 2353 732 largiatur,
2388 672 2444 720 et
2471 675 2656 733 pacem
2706 664 2907 717 anima:
2942 679 2955 715 :
3005 669 3064 714 ut
3095 676 3221 714 eum
3276 662 3330 716 in
3384 660 3640 716 omnibus

2063 753 2441 818 observantes,
2471 765 2635 824 atque
2676 753 2799 824 ejus
2835 750 3040 806 auxilio
3084 751 3346 814 nitentes,
3390 751 3642 805 invisibi-

2064 844 2199 899 lium
2241 845 2477 900 hostium
2520 827 2751 902 insidias
2789 842 3154 914 eﬂ‘ugiamus:
3193 852 3250 896 et
3280 857 3406 895 cum
3444 856 3643 896 secun—

2065 937 2195 992 dum
2242 936 2362 1006 ejus
2395 937 2609 991 divinas
2643 937 2790 1006 leges
2820 935 3142 998 vixerimus,
3183 932 3326 987 bona
3367 931 3637 1001 promissa

2067 1042 2496 1097 consequamur,
2530 1027 2703 1098 gratia
2734 1035 2790 1081 ct
2812 1023 3192 1081 misericordia
3221 1021 3438 1076 Domini
3459 1022 3637 1076 nostri

2065 1118 2196 1176 Jesu
2231 1119 2461 1181 Christi,
2486 1133 2729 1189 quocum
2754 1115 2926 1189 gloria
2955 1114 3125 1175 Patri,
3150 1128 3255 1168 una
3286 1127 3408 1168 CIIIII
3441 1119 3640 1166 sancto

2071 1209 2300 1279 Spiritu,
2333 1223 2482 1264 nunc
2509 1218 2562 1265 et
2606 1222 2848 1278 semper,
2878 1213 2933 1262 et
2971 1205 3027 1259 in
3059 1202 3259 1260 saecula
3287 1201 3639 1258 saeculorum.

2066 1299 2258 1357 Amen.

1342 1801 3615 1836 ___________,________.___________.__.

749 1995 1094 2129 ΤΟΥ
1170 1989 2052 2129 ΜΑΚΑΡΙΟΥ
2088 2012 2092 2015 “
2129 1983 3294 2124 ΘΕΟΔΩΡΗΤΟΥ

1673 2248 2075 2306 ΕΠῘΣΚΟΠΟΥ
2115 2246 2351 2302 ΚΥΡΟΥ

801 2379 1364 2528 EPMHNEIA
1424 2438 1613 2526 ΕΙΣ.
1659 2433 1886 2524 TON
1944 2433 1970 2524 1

2073 2437 2563 2523 ὈΦΗΤΗΝ
2626 2425 3200 2520 ΖΑΧΑΡΙΑΝ.

917 2817 1757 2972 MBEATI
1843 2816 3124 2974 'THEODORETI

1671 3109 1981 3169 EPISCOPI
2029 3111 2374 3169 CYRENSIS

802 3305 1798 3402 ῙΝΤΕΒΡΒΕΤΑΤῙΟ
1840 3308 1970 3398 ΖΑ

2073 3309 2291 3397 HAR
2310 3308 2466 3401 ΠΕ
2507 3305 3240 3402 PRO‘PHETZE.

1019 3668 1370 3728 ΥΠΟΘΕΣΙΣ.

465 3757 680 3829 Σφόδρα
703 3756 870 3812 πάλαι
891 3757 1174 3830 προμηθού
1183 3775 1342 3831 μενος
1374 3759 1692 3816 Ἰουόαίωνὸ
1708 3760 1974 3818 τῶνιὸλων

396 3848 552 3914 Θεὸς,
596 3850 694 3920 ούχ
726 3848 821 3902 ἕνα
866 3849 1155 3920 προφήτην
1187 3851 1394 3916 αὐτοῖς,
1441 3852 1579 3906 ἀλλὰ
1621 3853 1719 3908 καὶ
1755 3852 1849 3907 δύο
1880 3855 1976 3908 καὶ

395 3945 566 4014 τρεῖς,
593 3941 851 4006 πολλάκις
883 3942 942 3995 δὲ
970 3939 1064 3996 καὶ
1091 3940 1308 4006 πλείους
1335 3942 1552 4013 ἐφίστη,
1583 3944 1655 3998 τά
1694 3961 1754 3997 τε
1803 3961 1974 4016 προσ-

398 4035 600 4104 ήκοντα
625 4032 996 4098 παιδεύοντας,
1036 4033 1130 4086 καὶ
1159 4032 1228 4086 τὰ
1273 4031 1490 4086 ἔσεσθαι
1534 4033 1798 4104 μέλλοντα
1836 4052 1973 4106 προ-

401 4122 781 4188 θεσπίζοντας.
833 4124 988 4177 Οὕτω
1027 4122 1123 4176 τοῦ
1197 4122 1484 4177 θεσπεσίου
1543 4124 1974 4196 προφητεύοντος

410 4216 663 4280 Ἡσαΐου,
715 4215 858 4269 κατὰ
918 4215 1112 4270 ταύτὸν
1180 4216 1552 4288 προηγόρευον
1615 4217 1686 4271 τά
1738 4217 1975 4288 ἐσόμενα

412 4308 592 4378 Ὠσηὲ,
622 4307 718 4362 καὶ
749 4307 922 4378 Ἰωὴλ,
959 4308 1054 4362 καὶ
1090 4307 1293 4378 Ἀμὼς,
1319 4309 1414 4363 καὶ
1435 4309 1673 4380 Μιχαεας
1702 4311 1972 4382 οίιμακάο

403 4417 530 4471 ριοι.
567 4399 779 4471 Ῥᾴδιον
807 4400 864 4454 δέ
892 4402 1006 4463 τοῖς
1035 4399 1376 4471 βουλομένοις
1404 4399 1477 4466 ἐξ
1497 4401 1678 4456 αὐτῶν
1705 4402 1815 4458 τῶν
1841 4419 1975 4474 προ-

401 4490 644 4560 φητειῶν
685 4490 814 4555 τοὺς
859 4490 1087 4562 χρόνους
1131 4491 1490 4564 καταμαθεῖν.
1527 4491 1686 4547 Οὕτω
1711 4494 1806 4548 καὶ
1829 4493 1977 4564 μετὰ

399 4581 500 4651 τὴν
530 4581 638 4635 ἀπὺ
669 4581 982 4646 Βαϐυλῶνος
1017 4581 1296 4648 ἐπάνοδον,
1341 4584 1435 4637 καὶ
1462 4583 1550 4637 διὰ
1574 4585 1669 4638 τοῦ
1697 4585 1975 4640 θειοτάτου

415 4673 671 4740 Ἀγγαίου
698 4673 759 4727 τὸ
791 4673 914 4728 δέον
955 4673 1152 4738 αὐτοὺς
1198 4674 1580 4739 ἐξεπαίδευσεν
1618 4679 1648 4732 ὁ
1676 4679 1975 4749 Δεσπότης,

403 4765 498 4818 καί⁵
526 4764 616 4819 διὰ
647 4765 752 4818 τοῦ
772 4765 1060 4820 θεσπεσίου
1089 4767 1358 4838 Ζαχαρίου
1388 4767 1448 4823 τό
1475 4785 1552 4822 τει
1571 4769 1844 4840 πρακτέον
1871 4771 1977 4825 ἐδί-

400 4854 586 4919 δασκε,
631 4855 727 4908 καὶ
765 4856 834 4908 τά
864 4856 1096 4926 ἐσόμενα
1142 4855 1503 4926 προεθέσπιζε
1545 4859 1844 4932 σκυθρωπά
1883 4860 1978 4914 καὶ

402 4945 649 5017 θυμήρη,
676 4947 745 5000 τὰ
773 4946 873 5017 μὲν
903 4947 1108 5000 εῐκουσι
1137 4949 1252 5012 τοῖς
1281 4948 1620 5020 λεγομένοις,
1643 4951 1712 5004 τὰ
1736 4951 1793 5005 δέ
1824 4951 1974 5005 ἅντι-

1987 3527 2063 3545 _

2606 3667 2793 3727 ARGU
2803 3667 3114 3726 MENTUM.

2145 3762 2283 3820 Cum
2330 3763 2644 3820 Judazorum
2706 3763 2839 3819 olim
2909 3777 3102 3819 curam
3170 3760 3314 3820 Deus
3363 3761 3650 3820 universo-

2075 3873 2197 3912 rum
2258 3865 2489 3928 gereret'
2526 3856 2885 3927 singularem,
2936 3871 3048 3911 non
3101 3871 3294 3911 unum
3328 3857 3650 3927 prophetam

2077 3947 2209 4011 illis,
2240 3947 2548 4013 sed’duos,
2594 3955 2688 4001 aut
2739 3955 2872 4012 tres,
2919 3946 3197 4003 interdum
3243 3947 3415 4002 etiam
3465 3947 3650 4016 plures

2073 4035 2432 4106 prmﬁoiebat,
2454 4045 2517 4092 ut
2535 4051 2658 4106 qua:
2685 4051 2828 4107 opus
2853 4044 3042 4093 essent
3074 4036 3353 4100 docerent,
3383 4043 3440 4090 et
3463 4035 3650 4090 futura

2074 4135 2580 4196 pramonstrarent.
2605 4127 2726 4192 Quo
2754 4126 2940 4196 itaque
2965 4135 3215 4197 tempore
3239 4127 3461 4182 divinus
3478 4126 3651 4183 Isaias

2075 4217 2458 4288 prophetabat,
2495 4217 2690 4273 eodem
2717 4224 2774 4272 et
2803 4216 3111 4272 admirandi
3141 4218 3245 4282 illi,
3281 4215 3474 4283 Oseas,
3507 4215 3648 4284 Joel,

2075 4307 2266 4373 Amos,
2293 4307 2569 4372 Michaeas,
2603 4306 2789 4362 futura
2819 4307 3216 4378 praedixerunt.
3250 4307 3522 4379 Tempora
3547 4323 3619 4363 au
3639 4343 3652 4356 ο

2077 4407 2187 4455 tem
2217 4414 2285 4455 ex
2315 4399 2450 4470 ipsis
2471 4399 2780 4469 prophetiis
2819 4415 2932 4456 non
2951 4399 3171 4456 difficile
3193 4409 3278 4457 est
3293 4415 3647 4471 cognoscere.

2079 4492 2173 4548 Sic
2197 4493 2361 4548 etiam
2395 4502 2518 4564 post
2557 4494 2793 4550 reditum
2821 4509 2852 4550 e
2885 4493 3180 4565 Babylone,
3203 4501 3258 4550 et
3287 4503 3386 4564 per
3402 4493 3651 4549 disinum

2077 4587 2335 4657 Aggteum
2375 4601 2499 4655 qum
2522 4600 2664 4658 Opus
2705 4595 2827 4642 erat
2855 4585 3122 4642 Dominus
3152 4584 3435 4651 indicavit,
3465 4593 3523 4640 et
3556 4601 3654 4655 per

2077 4677 2324 4733 divinum
2365 4676 2689 4733 Zachariam
2731 4679 2882 4750 quid'
2915 4678 3187 4749 agendum
3241 4685 3390 4733 esset
3438 4677 3650 4739 docuit,

2078 4777 2134 4823 ct
2161 4768 2343 4825 tristia
2387 4784 2453 4825 ac
2479 4769 2602 4825 laeta
2629 4779 2897 4826 eventura
2928 4767 3346 4840 praenuntiavit,
3382 4767 3500 4822 haec
3527 4767 3654 4837 qui-

2078 4859 2204 4916 dem
2255 4861 2559 4932 prophetiae
2601 4861 3142 4932 obtemperantibus,
3175 4859 3269 4913 illa
3313 4871 3447 4914 vero
3487 4873 3654 4928 repu-

2078 4951 2398 5020 gnantibus.
2438 4949 2637 5005 Rerum
2670 4965 2834 5020 porro
2865 4950 3234 5021 quarumdam
3280 4947 3548 5019 imagines
3577 4947 3652 5003 illi

401 5037 671 5105 λέγουσιν.
697 5038 1072 5092 ’Υποδείκνυσι
1093 5039 1151 5092 δὲ
1174 5041 1322 5110 αύτῷ
1341 5043 1436 5096 καὶ
1458 5042 1798 5113 πραγμάτων
1818 5043 1970 5096 τινῶν

2081 5050 2135 5098 ct
2190 5043 2483 5098 simulacra
2531 5041 2793 5105 ostendit,
2829 5050 2888 5095 ut
2926 5056 2993 5096 ex
3041 5039 3513 5110 contemplatione
3538 5053 3658 5094 ser-

399 5129 617 5193 εἰκόνας
666 5131 762 5183 καὶ
807 5130 1031 5195 τύπους,
1078 5131 1166 5184 ἵνα
1205 5133 1560 5204 πιστοτέρους
1607 5134 1867 5204 ἀποφήνῃ
1907 5136 1973 5204 τῇ

405 5219 607 5293 οεωρίᾳ
651 5221 776 5285 τοὺς
824 5223 1036 5290 λόγους.
1070 5223 1335 5292 Προλέγει
1382 5225 1440 5278 δὲ
1482 5225 1577 5279 καὶ
1600 5226 1644 5258 νδ
1687 5225 1753 5279 δι’
1786 5225 1974 5288 αὑτοῦ,

407 5313 503 5366 καὶ
531 5311 625 5365 τοῦ
660 5313 912 5384 Σωτῆρος
937 5314 1095 5382 ἡμῶν
1129 5314 1365 5385 Χριστοῦ
1397 5314 1496 5385 τὴν
1525 5316 1850 5381 παρουσίαν,
1883 5317 1979 5370 καὶ

404 5402 506 5474 τὴν
536 5403 840 5473 πραότητος
873 5403 1035 5455 αὐτοῦ
1054 5405 1100 5436 9°
1125 5406 1400 5474 γέμουσαν
1427 5404 1724 5474 βασιλείαν,
1757 5407 1851 5460 καὶ
1880 5407 1979 5473 τὴν

2078 5147 2268 5186 mones
2308 5131 2411 5186 ﬁde
2451 5130 2733 5201 digniores
2778 5131 3051 5186 redderet.
3077 5130 3181 5185 Per
3215 5128 3362 5183 hunc
3391 5136 3656 5199 praetcrea

2081 5220 2327 5292 praedicit
2373 5221 2583 5292 1593
2627 5221 2932 5278 Salvatoris
2994 5221 3169 5278 nostri
3213 5221 3418 5278 Christi
3451 5222 3698 5276 adveu-'

2079 5323 2215 5377 tum,
2247 5321 2302 5367 et
2351 5311 2794 5368 mansuetudinis
2829 5313 3047 5382 plenum
3098 5313 3220 5383 ejus
3255 5327 3505 5383 regnum,
3545 5320 3658 5366 tum

2078 5404 2393 5460 Judmorum
2421 5403 2716 5471 insaniam,
2747 5415 2800 5460 et
2829 5405 3126 5460 salutarem
3169 5406 3504 5474 passionem,
3531 5419 3660 5472 pec-

413 5491 688 5554 Ἰουδαίων
736 5493 953 5560 μανίαν,
997 5494 1184 5548 καὶτὸ
1233 5495 1498 5563 σωτήριον
1540 5493 1733 5561 πάθος,
1767 5495 1828 5548 τὸ
1872 5494 1970 5547 τῶι

2081 5507 2331 5552 ratorum
2365 5503 2683 5553 nostrorum
2723 5499 3024 5560 remedium
3063 5497 3576 5568 praesentissimum,
3607 5503 3666 5552 σι.

1714 5671 1948 5727 VARle
1983 5670 2388 5727 LECTIONES.

481 5787 529 5820 θ’
560 5787 670 5842 καί.
701 5786 824 5844 Des.
861 5793 915 5843 in
945 5791 1004 5845 (ἓ.

1185 5791 1302 5844 αὐτ.
1335 5792 1390 5845 In
1423 5791 1462 5844 (ἱ
1496 5800 1615 5859 post
1649 5792 1922 5862 γέμουσαν
1955 5793 2193 5862 ponitur.
