4090 6430
408 398 430 460 1
449 404 557 464 877

1694 401 1774 461 ΙΝ
1817 397 2210 460 ZACIIARI/E
2243 399 2400 458 CAP.
2428 398 2472 457 I.

3536 389 3670 457 1878

403 528 538 580 ριος
586 508 1014 581 παντοκράτωρ·
1057 509 1452 580 Ἐπιστρέψατε
1517 510 1652 582 πρὸς
1704 527 1792 581 με,
1841 509 1989 578 λέγει

2095 523 2198 564 nus
2229 505 2577 578 omnipotens
2601 524 2614 559 :
2655 504 2866 576 1595
2893 503 3284 560 Convertimini
3313 503 3380 559 ad
3409 518 3515 571 me,
3536 503 3672 558 dicit

400 603 626 674 Κύριος
672 600 784 654 τῶν
820 601 1125 672 δυνάμεων,
1162 602 1298 656 καῖ’
1326 601 1811 672 ἐπιστραφήσομαι
1862 601 2001 671 πρὸς

404 693 439 742 ὑ
452 694 586 762 μᾶς,
628 692 775 761 λέγει
807 691 1010 763 Κύριος
1044 691 1153 746 τῶν
1189 692 1493 763 δυνάμεων.
1527 693 1636 746 Καὶ
1683 692 1759 764 μὴ
1785 691 2000 760 γίνεσθε

404 783 600 846 καθὼς
637 785 685 836 οἱ
725 782 957 852 πατέρες
1003 782 1189 853 ὑμῶν,
1231 777 1313 846 οἷς
1361 784 1651 838 ἐνεκάλουν
1675 785 1695 816 ³
1733 784 1921 846 αὐτοῖς
1950 784 1999 836 οἱ

407 873 697 945 προφῆται
723 875 774 926 οἱ
800 873 1130 944 ἔμπροσθεν,
1158 873 1434 942 λέγοντες·
1461 875 1600 928 Τάδε
1627 875 1774 943 λέγει
1796 874 1999 945 Κύριος

408 963 818 1035 παντοκράτωρ
841 981 854 992 ·
873 963 1274 1035 Ἀποστρέψατε
1310 964 1379 1036 δὴ
1406 965 1516 1018 ἀπὸ
1547 965 1656 1018 τῶν
1679 965 1814 1019 ὁδῶν
1845 965 2000 1035 ὑμῶν

406 1056 529 1111 τῶν
575 1055 849 1127 πονηρῶν,
904 1055 998 1109 καὶ⁵
1044 1055 1159 1110 ἀπὸ
1201 1057 1315 1110 τῶν
1352 1056 1798 1128 ἐπιτηδευμάτων
1844 1056 1999 1127 ὑμῶν

409 1149 528 1202 τῶν
569 1147 822 1218 πονηρῶν
847 1164 864 1178 ·
906 1149 1000 1202 καὶ
1036 1148 1138 1201 οὐκ
1180 1149 1527 1218 εἰσήκουσαν,
1574 1148 1668 1202 καὶ
1703 1149 1766 1201 οὐ
1826 1165 1997 1218 προσο

412 1239 579 1310 έσχον
605 1238 701 1292 τοῦ
741 1238 1061 1294 είσακοῦσαί
1091 1256 1214 1310 μου,
1256 1239 1403 1307 λέγει
1437 1239 1644 1310 Κύριος
1684 1239 1995 1310 παντοκρά-

412 1346 534 1398 τωρ
562 1329 602 1383 ’⁵.
637 1348 656 1381 ι
693 1328 940 1395 Εἰδότες,
979 1330 1163 1400 φησὶν,
1211 1329 1383 1382 ὁπόσα
1420 1330 1508 1384 διὰ
1547 1329 1654 1384 τῶν
1701 1328 1997 1401 προφητῶν

414 1427 532 1488 τοῖς
562 1423 848 1494 ὑμετέροις
879 1424 1116 1495 πατράσι
1149 1424 1452 1496 παρῄνεσα,
1482 1423 1579 1478 καὶ
1616 1424 1762 1486 ὅπως
1801 1423 1997 1483 αὐτοὺς

414 1515 775 1578 ἀντειπόντας
838 1513 1183 1586 πανωλεθρίᾳ
1241 1514 1530 1584 παρέδωκα
1555 1553 1571 1576 ,
1637 1513 1836 1582 φύγετε
1898 1513 1996 1584 μὲν

415 1601 645 1655 ἐκείνων
700 1599 800 1672 τὴν
849 1602 1100 1672 μίμησιν,
1159 1604 1452 1674 προσέχετε
1509 1603 1564 1656 δὲ
1603 1604 1712 1665 τοῖς
1748 1603 1840 1655 ὑπ’
1862 1602 1994 1673 ἐμοῦ

411 1693 752 1769 λεγομένοις,
785 1694 932 1757 ὅπως
957 1695 1056 1763 τῆς
1083 1695 1221 1765 ἐμῆς
1244 1694 1594 1762 άπολαύσητε
1624 1695 1990 1766 προμηθείας.

417 1779 498 1832 Τὸ
537 1780 668 1851 γὰρ,
706 1800 724 1832 ι
767 1782 1164 1853 Ἐπιστρέψατε
1222 1783 1356 1853 πρός
1397 1800 1486 1853 με,
1525 1785 1619 1836 καὶ
1657 1785 1992 1855 ἐπιστραφή-

2103 599 2370 654 Dominus
2393 597 2684 659 virtutum,
2717 604 2772 651 et
2815 604 3114 651 convertar
3136 595 3202 649 ad
3237 610 3356 662 vos,
3399 595 3532 648 dicit
3560 593 3670 647 Do-

2101 689 2287 745 minus
2338 689 2625 742 virtutum.
2668 686 2736 742 Et
2784 702 2852 742 ne
2891 687 3018 742 silis
3059 687 3205 743 sicut
3245 695 3428 757 patres
3478 689 3668 744 vestri.

2099 795 2241 852 quos
2291 786 2592 850 arguerunt
2635 779 2938 849 prophetat,
2969 778 3062 850 qui
3095 779 3251 847 prius
3290 778 3537 845 fuerunt,
3592 777 3673 831 di-

2099 878 2288 925 centes
2313 886 2327 922 :
2357 867 2482 924 ﬂare
2507 867 2645 922 dicit
2669 866 2932 922 Dominus
2967 867 3352 936 omnipotens:
3378 865 3669 921 Converti-

2101 960 2233 1016 mini
2267 975 2300 1015 a
2327 960 2435 1016 viis
2458 959 2660 1016 vestris
2699 960 2881 1028 malis,
2917 967 2972 1014 et
3003 973 3034 1012 a
3073 957 3273 1014 studiis
3320 957 3523 1030 vestlis
3555 972 3671 1010 ma—

2099 1051 2202 1118 lis;
2230 1058 2421 1108 etnon
2453 1050 2771 1116 audierunt,
2806 1057 2862 1107 et
2903 1065 3013 1105 non
3062 1048 3412 1106 attenderunt
3431 1057 3493 1102 ut
3515 1049 3672 1101 audi—

2100 1151 2224 1199 rent
2246 1157 2358 1208 me,
2381 1143 2517 1198 dicit
2561 1141 2828 1198 Dominus
2873 1142 3247 1212 omnipotens.
3298 1159 3318 1192 ι
3353 1137 3476 1194 Non
3509 1139 3667 1209 igno-

2100 1240 2308 1299 rantes,
2344 1233 2547 1304 inquit,
2595 1248 2702 1303 qua
2751 1233 2987 1324 ratione.
3012 1247 3111 1303 per
3146 1231 3445 1301 prophetas
3483 1238 3668 1300 patres

2099 1335 2314 1381 vestros
2337 1324 2744 1390 admonuerim,
2775 1331 2830 1378 et
2858 1321 3316 1394 quemadmodum
3350 1335 3446 1377 eos
3492 1321 3667 1376 refra-

2098 1424 2290 1488 gantes
2307 1417 2526 1487 penitus
2550 1415 2904 1486 perdiderim,
2931 1423 3121 1471 cavete
3145 1429 3212 1470 ne
3233 1429 3329 1470 eos
3358 1412 3665 1472 imitemini.

2095 1515 2150 1562 et
2177 1507 2451 1562 adhaerete
2481 1506 2665 1562 verbis
2697 1506 2837 1562 meis
2888 1514 2950 1560 ut
2992 1520 3110 1562 mea
3149 1504 3496 1575 providentia
3521 1503 3668 1558 frua-

2096 1597 2251 1652 mini.
2275 1597 2434 1664 Quod
2459 1598 2605 1652 enim
2640 1596 2740 1661 ait,
2784 1615 2804 1648 ι
2833 1595 3232 1652 Convertimini
3261 1595 3328 1650 ad
3354 1610 3462 1658 me,
3491 1601 3546 1650 et
3570 1609 3669 1663 ego

2097 1697 2394 1746 convertar
2418 1688 2483 1743 ad
2515 1704 2634 1755 vos,
2674 1708 2692 1740 ι
2733 1689 2836 1744 hoc
2876 1688 3166 1760 signiﬁcat.
3201 1688 3344 1742 Huic
3377 1686 3560 1742 simile
3587 1696 3670 1742 est

2096 1780 2238 1850 quod
2269 1780 2401 1836 alibi
2424 1781 2633 1836 dictum
2667 1799 2682 1835 :
2731 1799 2749 1832 ι
2792 1779 3068 1836 Dederunt
3108 1785 3302 1834 contra
3345 1792 3434 1833 me
3476 1777 3665 1841 dorsa,

419 1887 585 1941 σομαι
621 1872 758 1944 πρὸς
787 1852 970 1943 ὑμᾶς,
991 1892 1010 1925 ι
1045 1873 1198 1927 τοῦτο
1239 1852 1515 1946 σημαίνει.
1549 1875 1732 1946 Τούτῳ
1764 1852 1913 1928 ἔοικε
1927 1875 1989 1928 τὺ

2096 1881 2152 1929 et
2187 1888 2296 1928 non
2356 1873 2548 1930 faciem
2577 1888 2732 1930 suam
2764 1884 2812 1928 ι).
2861 1893 2882 1926 ι
2921 1872 3027 1939 Qui
3071 1873 3218 1929 enim
3266 1872 3413 1928 serio
3451 1872 3664 1927 divinos

416 1960 650 2031 ἀλλαχοῦ
683 1963 971 2035 εἰρημένον
999 1981 1011 1992 ·
1043 1984 1062 2016 ι
1087 1964 1330 2018 Ἔδωκαν
1363 1965 1457 2018 ἐπὶ
1493 1964 1558 2034 μὲ
1596 1966 1759 2028 νῶτα,
1799 1965 1896 2018 καὶ
1931 1965 1991 2018 οὐ

416 2050 684 2120 πρόσωπα
733 2055 933 2108 αὐτῶν.
966 2073 984 2106 ι
1025 2055 1083 2109 ’0
1111 2055 1220 2125 γὰρ
1256 2055 1363 2108 τῶν
1393 2056 1551 2109 θείων
1596 2056 1790 2124 λογίων
1830 2073 1995 2110 σπου-

415 2141 580 2206 δαίως
626 2145 836 2198 ἐπαΐειν
877 2145 976 2199 οὐκ
1026 2146 1368 2218 ἀνεχόμενος,
1402 2147 1481 2217 τῷ
1536 2148 1990 2219 ἁποστρειρομένῳ

417 2230 512 2285 καὶ
538 2231 607 2284 τὰ.
628 2233 773 2288 νῶτα
791 2233 984 2287 διδόντι
1004 2233 1178 2287 ἔοικεν
1201 2233 1463 2306 ἀκριϐῶς.
1483 2235 1643 2302 Λέγει
1659 2234 1860 2299 τοίνυν,
1908 2234 1989 2288 ὅτι

429 2323 556 2378 Ἐάν
604 2328 719 2390 τοῖς
779 2328 934 2398 ἐμοῖς
983 2330 1244 2399 προσχεῖν
1294 2327 1586 2398 ἐθελήσητε
1629 2328 1833 2397 νόμοις,
1887 2327 1989 2398 τῆς

410 2412 549 2486 ἐμῆς
581 2415 836 2483 τεύξεσθε
861 2418 1234 2490 προμηθείαςο
1268 2419 1361 2472 καὶ
1386 2418 1670 2482 διδάσκων,
1697 2419 1780 2472 ὄτι
1805 2418 1988 2489 ῥᾴδιον

409 2507 555 2576 αὐτῷ
593 2509 774 2563 πᾶσαν
824 2511 1008 2575 αὐτοῖς
1067 2514 1369 2582 παρασχεῖν
1436 2511 1543 2564 τῶν
1612 2511 1833 2579 ἀγαθῶν
1885 2511 1986 2579 τήν

407 2601 690 2668 ἀφθονίαν,
732 2602 991 2667 πολλάκις
1035 2604 1226 2658 ἑαυτὸν
1255 2605 1349 2657 καὶ
1388 2603 1610 2670 Κύριον
1643 2601 1981 2671 παντοκρά-

405 2708 546 2760 τορα
575 2694 668 2747 καὶ
693 2695 913 2762 Κύριον
938 2694 1055 2748 τῶν
1082 2695 1394 2765 δυνάμεων
1425 2693 1980 2767 προσηγόρευσεν,ἴνα

407 2782 655 2850 μάθωσιν
682 2785 758 2848 ὠς
787 2787 815 2837 ὁ
840 2784 948 2838 τῶν
991 2785 1246 2839 ἁπάντων
1277 2786 1492 2856 κρατῶν
1535 2787 1628 2838 καὶ
1657 2783 1977 2853 βασιλεύων,

403 2865 491 2924 οἷα
519 2872 582 2944 δὴ
615 2874 843 2950 ποιητὴς
884 2876 978 2929 καὶ
1008 2877 1356 2948 δημιουργὸς,
1393 2877 1486 2930 καὶ
1527 2877 1708 2931 αὐτῶν
1743 2876 1851 2929 τῶν
1885 2876 1976 2928 δυ-

403 2963 622 3034 νάμεων
652 2967 926 3036 Δεσπότης
957 2968 1239 3040 ὑπάρχων,
1270 2969 1514 3033 εὐπετῶς
1542 2968 1685 3040 μάλα
1717 2967 1979 3040 μεταϐάλ-

2093 1963 2290 2020 audire
2325 1979 2611 2021 sermones
2634 1979 2745 2020 non
2773 1965 3048 2036 dignatur,
3071 1963 3384 2019 adversanti
3417 1969 3472 2018 et
3498 1966 3664 2019 dorsa

2093 2054 2250 2111 danti
2300 2057 2602 2127 persimilis
2644 2065 2750 2112 est.
2795 2055 2938 2110 Dicit
2994 2069 3146 2126 ergo,
3177 2053 3232 2110 si
3280 2053 3490 2124 legibus
3526 2053 3665 2107 meis

2094 2145 2381 2202 adhaerere
2423 2148 2628 2216 velitis,
2669 2164 2768 2220 per
2821 2163 2909 2203 me
2949 2147 3108 2203 vobis
3157 2143 3552 2216 providebitur.
3584 2143 3664 2199 Ac

2089 2237 2296 2294 docens
2348 2237 2507 2294 facile
2542 2239 2650 2294 sibi
2722 2252 2844 2294 esse
2873 2252 3092 2293 omnem
3151 2237 3233 2292 eis
3263 2236 3535 2291 bonorum
3575 2247 3662 2288 re-

2087 2331 2449 2388 dundantiam
2473 2333 2688 2404 largiri,
2721 2332 2924 2403 saepius
2953 2344 3076 2386 sese
3105 2336 3160 2382 et
3189 2326 3471 2381 Dominum
3496 2324 3664 2378 omni:
3687 2369 3693 2376 .

2084 2431 2343 2491 potentem
2374 2432 2429 2480 et
2470 2424 2755 2479 Dominum
2809 2424 3063 2477 virtutum
3120 2417 3430 2490 appellavit,
3469 2420 3530 2469 ut
3573 2412 3660 2468 di-
3720 2439 3725 2454 θ

2086 2523 2243 2568 scant
2292 2529 2416 2570 eum
2467 2515 2862 2584 qui-omnium
2899 2512 3128 2582 imperia
3163 2519 3308 2565 tenet
3346 2517 3401 2564 et
3443 2514 3657 2576 regnat.
3721 2495 3729 2510 ’

2086 2611 2276 2673 utpote
2321 2607 2415 2676 qui
2454 2606 2630 2660 iactor
2685 2606 2758 2661 sit
2787 2612 2841 2660 et
2876 2603 3153 2666 conditor,
3207 2610 3374 2671 atque
3411 2597 3656 2667 ipsarum

2085 2697 2349 2752 virtutum
2397 2698 2681 2766 Dominus,
2715 2697 2974 2768 perfacile
3007 2702 3222 2750 mutare
3259 2705 3422 2763 posse
3471 2700 3656 2743 rerum

2085 2803 2341 2858 naturas,
2377 2804 2430 2850 et
2456 2811 2526 2850 ex
2551 2793 2815 2850 felicitate
2845 2794 2900 2848 in
2938 2791 3220 2846 miseriam
3252 2786 3568 2848 traducere,
3602 2787 3658 2835 et

2085 2892 2277 2939 contra
2307 2886 2373 2942 ad
2406 2902 2495 2942 res
2528 2885 2800 2943 secundas
2844 2883 3146 2939 infortunio
3175 2879 3390 2950 1596
3431 2873 3656 2930 affectos

2083 2991 2364 3034 revocare.

401 3051 485 3106 λει
519 3054 627 3107 τῶν
671 3057 1012 3128 πραγμάτων
1043 3060 1142 3124 τὰς
1199 3059 1408 3128 φύσεις,
1442 3060 1534 3114 καὶ
1573 3061 1632 3124 ἐξ
1665 3058 1959 3130 εὐκληρίας
1993 3061 2071 3127 εἰς
2107 3068 2439 3142 δυσκληρίαν
2479 3069 2724 3140 μετάγει,
2781 3067 2874 3120 καὶ
2925 3066 3006 3130 είς
3051 3064 3348 3135 εὐημερίαν
3396 3056 3658 3125 ἐπανάγει

400 3144 528 3208 τοὺς
555 3147 862 3220 δυσπραξίᾳ
891 3153 1307 3223 κατεχομένους.

473 3243 536 3301 ε’,
564 3243 637 3302 ςῖ.
671 3255 690 3289 ι
710 3241 774 3291 Οί
807 3241 1042 3311 πατέρες
1072 3240 1226 3311 ὑμῶν
1259 3240 1361 3295 ποῦ
1386 3243 1514 3304 είσι,
1545 3243 1640 3295 καὶ
1668 3243 1719 3295 οί
1756 3241 1972 3312 προφῆ-

2155 3243 2319 3300 Vens.
2343 3245 2397 3309 5,
2418 3245 2471 3299 6.
2503 3263 2522 3295 ‹
2553 3244 2746 3298 Patres
2780 3243 2947 3298 vestri
2978 3242 3068 3297 ubi
3092 3247 3240 3307 sunt,
3265 3247 3318 3294 et
3341 3240 3658 3311 propheta)?

400 3345 488 3380 ται
513 3346 528 3394 ;
565 3329 638 3400 μὴ
662 3330 742 3393 είς
767 3331 789 3362 ⁸
819 3331 910 3384 τὸν
936 3332 1107 3385 αίῶνα
1147 3330 1437 3402 ξήσονται;
1467 3333 1614 3403 Πλὴν
1643 3333 1769 3395 τοὺς
1788 3332 1980 3400 λόγους

404 3435 516 3488 μου,
541 3420 636 3490 καὶ
660 3419 730 3472 τά
760 3421 967 3492 νόμιμά
1001 3439 1101 3492 μου
1128 3422 1370 3492 δέχεσθε,
1402 3423 1500 3475 ὅσα
1522 3424 1544 3454 θ
1589 3421 1700 3490 ἐγὼ
1737 3422 1980 3474 ἐντέλλο-

403 3525 502 3578 μαι
528 3510 586 3562 ἐν
612 3511 884 3581 πνεύματί
915 3531 1019 3583 μου
1042 3515 1062 3546 τ
1096 3517 1207 3579 τοῖς
1235 3514 1441 3580 δούλοις
1487 3532 1588 3584 μου
1619 3517 1734 3579 τοῖς
1764 3515 1980 3586 προφή-

397 3617 545 3666 ταις,
575 3600 612 3656 ἃ
655 3603 952 3658 κατέλαϐον
996 3606 1146 3670 τοὺς.
1170 3606 1415 3678 πατέρας
1459 3608 1635 3675 ὑμῶν.
1663 3627 1681 3660 ι
1720 3608 1978 3673 Βλέπετε,

402 3692 557 3762 φησι,
603 3693 712 3747 τῶν
747 3693 921 3763 λόγων
973 3715 1076 3767 μου
1110 3697 1208 3769 τὴν
1268 3698 1545 3770 ἀλήθειαν,
1589 3699 1672 3753 ὅτι
1730 3700 1825 3754 καὶ
1870 3699 1978 3754 τῶν
2023 3741 2026 3743 μ

401 3781 693 3852 προφητῶν
718 3783 809 3836 τὸν
851 3783 964 3854 βίον
1012 3786 1441 3854 ὑπεξελθόντων,
1464 3789 1559 3842 καὶ
1589 3789 1694 3842 τῶν
1725 3787 1980 3861 πατέρων

400 3869 554 3940 ὑμῶν
580 3874 646 3942 τῇ
695 3874 935 3947 τιμωρίᾳ
979 3877 1413 3946 παραδοθέντων,
1463 3882 1842 3952 μεμενήκασιν
1889 3876 1977 3936 οὗ·

396 3976 500 4023 τοι,
534 3960 622 4015 διὰ
659 3962 768 4018 τῶν
793 3966 1132 4036 πραγμάτων
1171 3966 1530 4040 κηρύττοντες
1557 3970 1657 4040 τὴν
1691 3970 1972 4042 ἀλήθειαν,

2082 3335 2330 3405 minquid
2354 3335 2408 3389 in
2441 3338 2834 3403 sempiternum
2865 3332 3092 3385 vivent?
3115 3329 3504 3384 Verumtamen
3535 3344 3653 3385 ser-

2081 3437 2276 3481 mones
2308 3439 2482 3489 meos,
2523 3433 2577 3478 et
2635 3430 2840 3478 statuta
2897 3436 3019 3476 mea
3071 3419 3358 3489 suscipite,
3386 3434 3508 3488 qua:
3545 3434 3648 3490 ego

2077 3515 2340 3586 praecipio
2366 3514 2422 3569 in
2452 3514 2652 3585 spiritu
2685 3527 2807 3568 meo
2837 3513 3011 3568 servis
3047 3512 3182 3567 meis
3207 3510 3511 3581 prophetis,
3552 3512 3646 3581 qui
3701 3512 3703 3514 ’

2078 3603 2613 3675 comprehenderunt
2661 3609 2843 3674 patres
2925 3610 3162 3657 vestros.
3205 3604 3252 3653 ἰ
3321 3599 3646 3655 Sermonum

2079 3711 2349 3758 meorum,
2382 3695 2583 3766 inquit,
2639 3694 2926 3750 veritatem
2968 3692 3199 3755 cernite,
3226 3690 3373 3762 quod
3421 3700 3477 3746 et
3526 3707 3652 3762 pro-

2079 3785 2264 3856 phetis
2292 3785 2404 3841 vita
2430 3783 2454 3836 ί
2453 3782 2656 3847 unctis,
2674 3789 2730 3838 et
2748 3779 2996 3851 patrihus
3015 3778 3218 3836 vestris
3239 3790 3399 3849 ptena
3422 3775 3649 3838 aii'ectis.

2083 3876 2471 3948 superfuerunt
2497 3874 2553 3929 hi
2580 3873 2748 3928 rebus
2783 3871 2921 3942 ipsis
2946 3871 3233 3926 veritatem
3261 3870 3648 3939 praedicantes.

2077 3976 2287 4024 etcum
2333 3967 2445 4036 jam
2508 3963 2806 4035 prophetas
2862 3961 2954 4030 qui
2988 3961 3333 4029 scripserant
3389 3967 3654 4028 patronos

399 4051 493 4103 καὶ
529 4053 654 4117 τοὺς
693 4057 1146 4124 συγγεγραφότας
1185 4059 1470 4129 προφήτας
1505 4061 1838 4130 συνηγόρους
1875 4063 1975 4115 οὐκ

2090 4076 2188 4115 non
2222 4059 2462 4115 habeant
2507 4057 2558 4128 (e
2589 4057 2704 4111 vita
2745 4053 2890 4109 enim
2946 4052 3022 4107 illi
3078 4051 3480 4119 excesserunt).
3537 4051 3649 4104 cla-

398 4137 614 4228 ἔχοντες
654 4157 667 4170 ·
728 4143 978 4209 ἐδέξαντο
1027 4146 1137 4216 γὰρ
1196 4145 1396 4200 ἐκεῖνοι
1450 4146 1545 4199 τοῦ
1605 4146 1837 4200 θανάτου
1880 4148 1972 4202 τὸν

2090 4158 2247 4217 mant,
2307 4159 2362 4206 et
2414 4156 2689 4203 testantur
2736 4146 2872 4200 nihil
2935 4143 3133 4198 falsum
3190 4141 3259 4196 ab
3303 4140 3385 4197 eis
3439 4140 3648 4194 dictum

399 4230 522 4300 ερον
561 4244 574 4260 ’
618 4232 804 4302 βοῶσι,
836 4235 931 4287 καὶ
975 4237 1362 4308 μαρτυροῦσιν,
1400 4237 1478 4300 ὡς
1515 4237 1669 4291 οὐδὲν
1699 4239 1792 4291 ὑπ’
1821 4239 1972 4292 ἐκεί-

2090 4243 2276 4298 luisse.
2312 4240 2557 4312 Prompti
2614 4239 2800 4309 itaque
2839 4252 2902 4292 ea
2935 4235 3192 4304 excipite,
3227 4247 3350 4303 qua
3383 4247 3480 4303 per
3522 4248 3648 4303 pro.

396 4337 503 4374 νων
545 4323 744 4396 ἐρρέθη
789 4325 1002 4394 ψευδές.
1051 4347 1067 4376 ι
1094 4327 1327 4394 Δέξασθε
1366 4329 1546 4383 τοίνυν
1582 4329 1876 4400 προθύμως
1904 4330 1974 4384 τὰ

2090 4334 2270 4404 phetas
2299 4347 2327 4385 a
2382 4341 2575 4388 sancto
2637 4329 2847 4400 Spiritu
2882 4327 3038 4384 vobis
3086 4325 3465 4397 proferuntur.
3507 4342 3527 4375 ι
3584 4321 3650 4377 Et

396 4413 502 4465 ὑπὸ
542 4414 636 4466 τοῦ
687 4418 950 4485 παναγίου
1008 4417 1329 4488 Πνεύματος
1383 4419 1470 4472 διὰ
1521 4419 1630 4473 τῶν
1675 4422 1971 4492 προφητῶν

2090 4423 2502 4496 responderunt,
2531 4431 2694 4491 atque
2745 4421 3004 4476 dixerunt
3049 4435 3067 4475 :
3118 4415 3273 4472 Sicut
3311 4422 3647 4488 praeparatus

394 4503 524 4574 ὑμῖν
545 4507 980 4579 προσφερόμενα.
1009 4510 1123 4562 Καὶ
1155 4510 1554 4582 ἀπεκρίθησαν,
1587 4513 1682 4565 καὶ⁹
1727 4509 1882 4568 εἶπον
1907 4514 1929 4546 ⁸
1952 4531 1968 4546 ·

2090 4525 2162 4574 ast
2203 4516 2470 4572 Dominus
2494 4516 2869 4586 omnipotens,
2901 4520 2962 4567 ut
2994 4511 3202 4566 faceret
3233 4509 3393 4564 nobis
3439 4521 3643 4564 secun-

395 4597 588 4661 Καθὼς
659 4602 1068 4674 παρατέτακται
1137 4603 1339 4677 Κύριος
1417 4607 1807 4678 παντοκράτωρ
1873 4608 1969 4663 τοῦ

2090 4609 2206 4666 ium
2236 4607 2356 4662 vias
2376 4612 2618 4669 nostras,
2648 4609 2668 4629 θ
2700 4613 2757 4660 et
2787 4601 3088 4659 secundum
3113 4599 3294 4656 studia
3325 4603 3538 4661 nostra,
3561 4595 3644 4650 sic

394 4689 616 4758 ποιῆσαι
652 4692 785 4760 ἡμῖν
831 4693 968 4747 κατὰ
1009 4693 1106 4758 τάς
1147 4694 1298 4760 ὁδοὺς
1341 4696 1532 4767 ήμῶν,
1582 4698 1677 4752 καὶ
1724 4701 1863 4754 κατά
1903 4701 1972 4755 τὰ

2090 4702 2207 4759 'ecit
2228 4701 2413 4758 nobis.
2448 4719 2466 4752 ι
2491 4697 2663 4754 Dictis
2699 4701 3058 4753 assenserunt
3094 4692 3490 4761 veritatemque
3511 4702 3644 4744 eon-

395 4780 799 4852 ἐπιτηδεύματα
888 4785 1087 4854 ἡμῶν,
1171 4787 1342 4852 οὕτως
1377 4846 1381 4849 γ
1419 4789 1674 4859 ἐποίησεν
1733 4793 1885 4864 ἡμῖν.
1946 4813 1964 4844 ι

2090 4795 2206 4850 'essi
2243 4799 2392 4857 sunt,
2430 4799 2484 4847 et
2525 4803 2749 4846 sensum
2795 4787 3121 4843 delictorum
3168 4790 3550 4855 perceperunt,
3578 4794 3642 4835 ac

394 4869 684 4924 Συνέθεντο
715 4875 828 4936 τοῖς
874 4873 1205 4944 εἰρημένοις,
1239 4878 1335 4929 καὶ
1374 4879 1829 4952 συνωμολόγησαν
1875 4882 1971 4954 τὴν

2090 4898 2256 4939 ieram
2286 4896 2411 4938 esse
2440 4878 2878 4951 praedictionem,
2905 4883 2961 4932 et
2989 4875 3194 4946 justam
3227 4874 3386 4937 iram,
3408 4879 3462 4928 et
3483 4870 3643 4942 puni-

391 4957 670 5028 ἀλήθειαν,
713 4962 806 5015 καὶ
836 4964 1086 5034 αἴσθησιν
1125 4966 1234 5020 τῶν
1270 4969 1824 5042 πεπλημμελημένοιν
1852 4974 1970 5026 ἐδέ-

2090 4977 2279 5031 .ionem
2311 4973 2552 5045 peccatis
2583 4969 2998 5026 convenientem
3027 4966 3306 5023 dixerunt.

393 5051 572 5117 ξαντον
612 5055 706 5108 καὶ
737 5055 944 5122 ἕερασαν
997 5058 1167 5130 ἀληθῆ
1191 5059 1288 5131 τὴν
1319 5062 1623 5135 πρόρρησιν
1669 5060 1831 5131 εἶναι,
1866 5066 1958 5120 καὶ
2006 5069 2222 5122 δικαίαν
2253 5067 2352 5139 τὴν
2382 5065 2777 5134 ἀγανάκτησιν,
2799 5060 2892 5116 καὶ
2927 5063 2994 5133 τῇ
3025 5059 3272 5133 ἁμαρτίᾳ
3314 5075 3414 5132 την
3463 5074 3642 5127 τιμω-

392 5139 516 5210 ρίαν
546 5142 844 5212 συμϐαῖνον
853 5161 970 5198 σαν.

462 5231 528 5295 ζ’.
562 5234 640 5305 Τῇ
680 5235 897 5308 τετράδι
938 5239 1032 5292 καὶ
1068 5240 1242 5294 εἰκάδι
1280 5241 1374 5296 τοῦ
1414 5243 1701 5298 ἑνδεκάτου
1732 5245 1957 5316 μηνὺςθ,
2144 5242 2307 5298 Vens.
2341 5243 2393 5295 7.
2437 5259 2455 5291 ‹
2489 5239 2698 5306 Quarto
2739 5244 2796 5293 et
2849 5237 3117 5294 vicesimo
3169 5235 3303 5310 (die)
3361 5237 3635 5294 undecimi

351 5434 360 5443 -
465 5400 719 5468 ’,ἔοι-οη).
751 5422 810 5474 n,
847 5407 934 5474 i7,

1724 5563 1956 5619 VARI-111
1997 5558 2398 5622 LECTIONES.

465 5647 486 5677 ²
509 5647 605 5700 καὶ
631 5680 697 5723 τ
728 5649 1026 5723 δυνάμεων.
1062 5649 1184 5723 Des.
1221 5651 1272 5723 i_n
1303 5653 1367 5707 C.
1441 5654 1520 5708 "A
1546 5653 1833 5709 ἐκάλεσαν.
1911 5658 1927 5688 ⁸
1948 5675 2107 5712 παντ.
2139 5657 2259 5712 Des.
2287 5658 2340 5711 in
2374 5659 2436 5712 A.
2516 5661 2535 5689 "
2565 5661 2665 5723 είς.
2700 5661 2822 5715 Des.
2859 5661 2910 5714 in
2942 5662 3006 5713 Δ.
3067 5663 3086 5691 ⁸
3109 5660 3229 5713 ὅσα.
3253 5660 3289 5712 Α
3330 5653 3434 5712 οἷα.
3517 5659 3538 5690 ⁷
3570 5660 3630 5711 ἐν

659 5719 782 5776 Des.
819 5718 874 5776 in
908 5722 971 5775 A.
1076 5722 1096 5752 ⁸
1126 5721 1169 5775 Δ
1194 5718 1374 5776 εἶπαν.
1481 5725 1502 5755 °
1549 5725 1642 5777 τοῦ
1675 5724 1780 5779 ἐνδ.
1815 5743 1870 5797 μ.
1933 5728 2015 5781 Ita
2043 5743 2264 5800 quoque
2286 5743 2474 5798 supra,
2539 5747 2593 5801 p.
2627 5718 2804 5785 ⁷1227.
2841 5732 2944 5786 SeJ
2975 5734 3018 5782 Α
3061 5730 3221 5784 habet
3251 5727 3325 5799 τῷ
3363 5727 3631 5787 xiv-acum
