4090 6418
491 339 626 407 1879

1509 364 1995 428 THEODORETI
2035 373 2373 435 EPISCOPI
2403 380 2767 443 CYRENSIS

3601 386 3738 454 1880

484 461 716 528 mensis,
761 464 848 520 hic
878 475 962 521 est
997 469 1203 524 mensis
1243 473 1430 540 Sabal,
1486 494 1633 535 anno
1686 461 1930 539 secundo
1958 488 2035 541 sul

484 551 642 575 n....:-
733 555 776 575 Γ-
798 574 802 575 ,
824 567 836 575 .
851 574 856 575 ,
1036 569 1047 575 -
1342 567 1372 575 ,ι
1475 569 1486 575 -
1536 572 1550 575 -
1734 574 1762 575 ρ

2163 486 2318 557 οὗτος
2348 498 2376 548 6
2408 499 2515 568 μήν
2549 502 2662 553 ἐστι
2691 503 2733 535 ιθ
2763 501 2962 568 Σαῆὰτ,
2999 503 3056 554 ἐν
3088 502 3165 571 τῷ
3205 503 3440 575 δευτέρῳ
3488 505 3598 559 ἔτει
3641 511 3737 560 ἐπὶ

483 551 664 618 Dario,
732 555 910 612 lactus
969 569 1054 613 est
1101 575 1284 618 sermo
1338 567 1552 624 Domini
1605 574 1670 626 ad
1732 574 2035 631 Zacharian

483 641 699 670 Iﬂlz..m\
745 645 1020 670 D-_-._I-:..
1079 651 1149 670 nn,-
1202 669 1207 670 ,
1309 656 1326 670 Δ
1363 656 1414 670 ιι
1498 660 1508 670 .
1769 665 1780 670 -

2159 551 2388 657 Δαρείου
2408 551 2645 658 ,ἐγένετο
2689 551 2842 661 λόᾷδς
2865 551 3085 665 ’Κῦρίου
3131 555 3268 669 πρὸς
3318 551 3612 670 Ζαχαρίαν,
3641 603 3737 654 τὸν

477 641 699 734 (filium)
744 645 1042 714 Barachize,
1077 651 1248 706 lilium
1295 656 1566 722 Addonis,
1626 665 1972 734 pr0pbetam.
2030 688 2050 720 ι

473 729 610 781 (tum
647 727 909 787 Hebraeus
951 746 1098 791 esset
1142 742 1433 809 propheta,
1482 727 1830 808 Hebraeorum
1879 759 2054 811 ascri-

476 817 584 882 psit
641 836 952 878 numerum.
1004 826 1215 884 Hebra'i
1265 843 1446 890 autem
1512 841 1748 908 primum
1807 861 2050 902 mensem

469 921 781 975 agnoscunt
817 914 1167 976 Xanthicum.
1197 923 1290 980 Sic
1311 929 1456 982 enim
1484 931 1591 989 illis
1625 936 1838 1008 1597
1870 938 2050 996 Moses

467 1013 700 1069 magnus
735 1004 852 1074 lege
874 1012 1078 1076 sanxit,
1123 1012 1330 1071 diserte
1360 1004 1817 1081 exclamans—arw
1847 1028 2050 1086 Mensis

473 1090 577 1146 iste
608 1095 763 1150 vobis
791 1098 1122 1170 principium
1152 1108 1445 1172 mensium,
1490 1114 1700 1182 primus
1745 1119 1854 1172 erit
1894 1121 2048 1174 vobis

473 1181 528 1236 in
560 1187 846 1244 mensibus
875 1194 1002 1246 anni
1036 1205 1086 1248 τι.
1128 1215 1146 1246 ι
1192 1197 1275 1253 Ab
1307 1200 1402 1254 illo
1436 1181 1619 1274 itaque
1651 1223 1941 1265 numerare
1967 1212 2048 1266 in-

466 1274 802 1343 cipientibus
827 1275 1158 1341 undecimus‘
1179 1287 1348 1356 Sabat
1374 1291 1685 1349 invenietur
1713 1315 1727 1350 :
1752 1307 1836 1352 est
1861 1310 2045 1356 autem

465 1366 560 1432 qui
615 1382 646 1421 a
705 1367 1094 1431 Macedonibus
1151 1377 1358 1434 dicitur
1413 1381 1671 1441 Peritius.
1711 1388 1804 1442 Ait
1855 1389 2038 1460 itaque

466 1459 732 1526 propheta
765 1477 846 1525 se,
882 1464 934 1516 in
964 1465 1064 1520 hoc
1092 1483 1303 1535 mense,
1336 1473 1584 1530 nondum
1617 1480 1864 1535 secundo
1897 1459 2044 1538 anno

467 1551 709 1618 expleto,
736 1552 934 1610 divina:
958 1559 1148 1626 gratiae
1176 1562 1283 1616 vim
1305 1564 1504 1620 iterum
1536 1572 1874 1641 suscepisse.
1915 1575 2042 1633 Sive

462 1643 609 1695 enim
635 1659 944 1701 sermonem
964 1649 1119 1712 dicit.
1155 1653 1272 1710 sive
1294 1657 1542 1723 verbum,
1567 1662 1684 1717 sive
1706 1669 2040 1738 assumptio-

465 1747 609 1794 nem,
646 1734 763 1788 sive
795 1750 1038 1802 manum,
1075 1740 1276 1798 divinae
1323 1747 1515 1816 gratiae
1548 1734 1922 1820 operationem
1951 1757 2038 1812 in-

461 1820 628 1875 dicat.
657 1821 770 1876 liae
799 1824 1106 1885 illustratus
1135 1847 1258 1888 cum
1299 1836 1568 1894 visionem
1618 1845 1912 1912 quamdam
1951 1849 2029 1904 vi-

450 1910 659 1976 .disset,
687 1928 808 1967 eam
838 1917 998 1972 nobis
1034 1921 1296 1992 scriptam
1329 1926 1574 1997 reliquit,
1603 1910 1668 1985 ac
1700 1931 1841 1988 dicit
1876 1952 1892 1990 :

541 2002 704 2060 Vens.
733 2007 879 2063 8-ll.
921 2028 940 2060 ι
987 2010 1116 2066 Vidi.
1155 2024 1346 2079 noctu.
1375 2025 1434 2072 et
1461 2034 1592 2075 ecce
1624 2021 1706 2074 vir
1731 2026 2035 2083 ascendens

462 2108 631 2163 super
671 2111 872 2168 equum
907 2099 1112 2168 rufum,
1136 2110 1192 2157 et
1244 2104 1362 2174 ipse
1411 2107 1592 2164 stabat
1636 2109 1782 2171 inter.
1819 2122 2034 2172 montes

464 2186 776 2257 umbrosos,
830 2202 882 2246 et
921 2201 1050 2261 post
1088 2209 1212 2249 eum
1242 2197 1384 2266 equi.
1412 2199 1537 2264 ruti,
1566 2212 1622 2255 et
1665 2204 1951 2270 maculosi,
1979 2213 2035 2262 et

463 2277 622 2343 varii,
649 2287 705 2334 et
731 2280 862 2336 albi.
892 2283 962 2343 Ει
989 2282 1101 2340 dixi
1137 2303 1150 2339 :
1180 2284 1320 2351 Quid
1353 2288 1467 2354 isti,
1506 2288 1776 2349 Domine?
1801 2293 1869 2348 Et
1897 2295 2036 2355 dixit

461 2365 530 2419 ad
564 2382 650 2424 me
670 2371 918 2441 angelus,
953 2375 1047 2443 qui
1073 2375 1400 2445 loquebatur
1433 2379 1488 2432 in
1519 2396 1604 2437 me
1637 2400 1650 2436 :
1698 2382 1809 2454 Ego
1840 2393 2028 2440 osten-

459 2454 584 2510 dam
615 2458 714 2513 tibi
758 2461 892 2530 quid
921 2462 1034 2517 sint
1062 2464 1200 2521 haec.
1231 2464 1296 2527 Et
1322 2470 1714 2540 responditvir
1733 2473 1826 2544 qui
1853 2476 2036 2542 stabat

461 2545 608 2601 inter
646 2562 882 2616 montes,
919 2561 978 2608 et
1001 2553 1140 2613 dixit
1169 2558 1235 2615 ad
1268 2573 1353 2613 me
1389 2558 1526 2621 :,.Isti
1564 2572 1694 2618 sunt
1721 2579 1870 2634 quos
1887 2567 2035 2626 misit

460 2637 752 2706 Dominus,
787 2651 847 2698 ut
884 2645 1190 2708 circuirent
1240 2664 1341 2718 pen
1374 2659 1600 2707 terram.
1628 2653 1706 2708 Et
1739 2658 2034 2727 responde-

419 2805 422 2808 Δ
457 2737 590 2784 runt
623 2734 818 2804 angelo
843 2733 1082 2802 Domini,
1111 2740 1205 2808 qui
1233 2741 1416 2802 stabat
1449 2743 1845 2812 intermontes,
1870 2757 2035 2819 atque

456 2821 722 2878 dixerunt
753 2844 766 2880 :
807 2827 1180 2891 Circuivimus
1203 2846 1302 2901 per
1332 2848 1550 2889 omnem
1570 2843 1795 2903 terram,
1823 2849 1879 2896 et
1903 2856 2035 2899 ecce

456 2913 640 2968 omnis
693 2924 837 2970 terra
873 2917 1174 2984 habitatur,
1211 2931 1267 2978 et
1294 2925 1552 2993 quiescit.
1593 2947 1613 2980 ι
1655 2928 1879 2986 Planum
1927 2941 2032 3003 est,

455 3018 598 3072 quos
619 3005 778 3070 vidit,
814 3007 1132 3071 invisibiles
1157 3013 1582 3082 Virtutesesse,
1627 3039 1647 3073 ι
1696 3021 1752 3076 in
1790 3023 2034 3086 ministe-

456 3091 600 3145 rium
633 3094 854 3161 missas,
911 3097 1070 3165 juxta
1129 3101 1475 3172 Apostolum,
1515 3118 1736 3178 propter
1786 3126 1882 3167 eos
1939 3113 2033 3183 qui

2154 679 2249 732 τοῦ
2279 681 2550 753 Βαραχίου
2587 688 2755 738 υίὺν¹¹
2777 687 2958 752 Ἀδδὼ,
2993 687 3085 741 τὸν
3111 690 3417 760 προφήτην.
3445 710 3464 742 ι
3485 692 3736 763 Ἑϐραῖος

2153 771 2286 825 ὣνό
2329 777 2619 846 προφήτης
2680 778 2790 831 τῶν
2861 780 3127 851 Ἐὗραίων
3179 781 3424 835 τέθεικεν
3475 783 3730 853 ἀριθμόν.

2164 863 2406 935 Ἑϐραῖοι
2432 866 2489 920 δὲ
2519 869 2610 920 τὸν
2634 866 2896 924 Ξανθικὸν
2931 873 3148 941 πρῶτον
3193 873 3341 925 ἴσασι
3385 874 3530 943 μῆνα
3551 892 3567 906 ο
3590 875 3734 927 οὕτω

2151 955 2259 1025 γὰρ
2285 957 2471 1020 αὐτοῖς
2503 959 2896 1030 ἐνομοθέτησεν
2927 963 2956 1014 6
2992 964 3164 1033 μέγας
3198 963 3404 1033 Μωσῆς
3435 965 3732 1035 διαρρήδην

2153 1045 2293 1114 βοῶν
2322 1064 2334 1075 ·
2381 1068 2401 1099 ι
2431 1041 2599 1112 Οὗτος
2629 1053 2658 1102 6
2694 1051 2802 1123 μὴν
2857 1053 2985 1123 ὑμῖν
3036 1055 3178 1124 ἀρχὴ
3237 1055 3449 1124 μηνῶν,
3512 1055 3730 1124 πρῶτος

2150 1140 2280 1209 ὑμῖν
2333 1140 2489 1218 ἔσται
2522 1144 2580 1194 ἐν
2626 1147 2741 1207 τοῖς
2793 1147 2928 1216 μησὶ
2969 1146 3064 1199 τοῦ
3113 1147 3384 1200 ἐνιαυτοῦ.
3419 1165 3439 1197 ι
3487 1147 3727 1200 Ἐκεῖθεν

2145 1232 2328 1286 τοίνυν
2366 1234 2618 1304 ἀριθμεῖν
2657 1236 2986 1306 ἀρχομένοις
3027 1238 3312 1301 ἑνδέκατος
3354 1240 3382 1290 6
3421 1238 3604 1290 Σαὸἀτ
3634 1238 3726 1290 εὑ-

2150 1325 2484 1396 ρεθήσεταιο
2517 1325 2634 1380 ἐστι
2683 1328 2742 1380 δὲ
2789 1330 2819 1382 6
2857 1329 2998 1382 κατὰ
3060 1329 3380 1392 Μακεδόνας
3448 1330 3718 1398 Περίτιος.

2143 1417 2308 1486 Λέγει
2352 1418 2582 1473 τοίνυνό
2609 1421 2914 1491 προφήτης,
2971 1421 3053 1474 ὅτι
3100 1421 3159 1473 ἐν
3210 1420 3386 1490 τούτῳ
3435 1419 3515 1488 τῷ
3567 1421 3720 1490 μηνὶ,

2145 1512 2374 1583 μηδέπω
2424 1513 2552 1572 τοῦ,
2580 1513 2831 1581 δευτέρου
2873 1513 3026 1576 ἔτους
3081 1511 3593 1583 συμπληρωθέντος,
3627 1514 3718 1564 ἐν-

2142 1605 2363 1674 έργειαν
2383 1605 2530 1668 θείας
2553 1605 2713 1658 πάλιν
2729 1604 2946 1671 ἐδέξατο
2976 1606 3204 1676 χάριτος
3234 1619 3248 1633 ·
3285 1603 3388 1656 κᾶν
3415 1603 3525 1671 γὰρ
3557 1603 3720 1670 λόγον

2141 1696 2292 1769 εἴπῃ,
2323 1697 2426 1750 κᾶν
2460 1697 2634 1768 ῥῆμα,
2668 1697 2771 1750 κᾶν
2817 1698 3030 1768 λῆμμα,
3067 1696 3170 1749 κᾶν
3200 1698 3380 1766 χεῖρα,
3429 1695 3528 1765 τῆς
3565 1695 3718 1759 θείας

2068 1824 2114 1884 Β
2141 1788 2364 1858 χάριτος
2398 1788 2694 1849 αἰνίττεται
2733 1787 2831 1858 τὴν
2858 1789 3161 1860 ἐνέργειαν.
3367 1787 3572 1855 ταύτης
3603 1803 3717 1884 φω-

2136 1877 2436 1951 τιζόμενος,
2483 1879 2577 1930 καὶ
2626 1877 2759 1931 ίδὼν.
2786 1896 2910 1932 τινα
2951 1877 3204 1950 θεωρίαν,
3237 1875 3587 1947 ἀνάγραπτον
3614 1877 3715 1930 αὐ-

2135 1970 2236 2042 τὴν
2273 1969 2662 2026 καταλέλοιπεν
2690 1973 2845 2042 ἡμῖν,
2875 1971 2976 2024 καί·
3004 1987 3172 2042 φησιν
3197 1985 3213 2000 ⁶

2206 2090 2376 2157 ἠ’-ια’.
2436 2104 2456 2137 ι
2495 2084 2748 2157 Ἑώρακα
2803 2084 2902 2156 τὴν
2947 2084 3137 2147 νύκτα,
3172 2083 3268 2143 καὶ
3299 2083 3410 2137 ίδοὺ
3431 2081 3570 2154 ἀνὴρ
3597 2083 3714 2134 ἐπι-

2135 2177 2388 2249 σεσηκὼς
2419 2177 2512 2230 ἐπὶ
2541 2177 2706 2230 ἵππον
2741 2176 2969 2247 πυρρὸν,
2993 2175 3088 2228 καὶ
3115 2170 3272 2238 οὗτος
3301 2174 3550 2244 εἱστήκει
3578 2173 3711 2226 ἀνα-

2139 2270 2304 2340 μέσον
2329 2268 2436 2322 τῶν
2471 2267 2643 2340 ὀρέων
2679 2267 2788 2322 τῶν
2817 2267 3150 2336 κατασκίων,
3184 2267 3280 2320 καὶ
3318 2265 3496 2320 ὀπίσω
3543 2264 3710 2319 αὑτοῦ

2135 2365 2292 2425 ἵπποι
2329 2363 2549 2436 πυρροὶ,
2583 2362 2679 2417 καὶ
2723 2362 2906 2432 ψαροὶ,
2944 2363 3039 2416 καὶ
3080 2361 3336 2424 ποικίλοι,
3360 2360 3454 2414 καὶ
3502 2359 3708 2412 λευκοί.

2134 2457 2246 2517 Καὶ
2275 2453 2430 2510 εἶπον
2453 2457 2495 2487 ⁸³
2522 2469 2537 2486 ο
2571 2454 2637 2509 Τί
2662 2447 2828 2518 οὗτοι,
2854 2454 3028 2525 Κύριε
3052 2469 3069 2519 ;
3103 2453 3213 2506 Καὶ
3238 2447 3360 2506 εἷπε
3394 2451 3532 2524 πρός
3587 2468 3654 2520 με
3681 2452 3711 2504 6

2133 2549 2381 2619 ἄγγελος,
2417 2551 2451 2611 6.
2477 2547 2654 2608 λαλῶν
2691 2549 2750 2602 ἐν
2794 2547 2957 2618 ἐμοί’
2999 2544 3139 2614 Ἐγὼ
3171 2544 3331 2608 δείξω
3379 2561 3486 2610 σοι,
3511 2543 3564 2596 τί
3595 2545 3710 2595 ἐστι

2133 2640 2326 2703 ταῦτα.
2357 2639 2467 2692 Καὶ
2490 2637 2808 2714 ἀπεκρίθη-ό
2829 2637 2970 2708 ἀνὴρ
2990 2639 3020 2691 6
3037 2635 3356 2707 ἐφεστηκὼς
3376 2634 3651 2705 ἀναμέσον
3665 2631 3710 2664 ⁸⁸

2133 2731 2243 2786 τῶν
2287 2731 2479 2802 ὁρέων,
2512 2731 2609 2790 καὶ
2655 2724 2778 2792 εἷπε
2839 2729 2974 2804 πρός
3004 2747 3071 2802 με
3094 2747 3110 2761 ο
3140 2722 3299 2783 Οὗτοί
3329 2729 3465 2781 εἰσιν
3505 2726 3598 2790 οὓς
3623 2724 3712 2792 ἐξ-

2133 2821 2423 2888 απέστειλε
2449 2821 2652 2898 Κύριος
2677 2821 3022 2891 περιοδεῦσαι
3065 2821 3164 2891 τὴν
3189 2820 3318 2890 γῆν.
3344 2820 3456 2873 Καὶ
3482 2816 3712 2889 ἀπεκρί-

2135 2913 2308 2984 θησαν
2343 2911 2422 2983 τῷ
2477 2911 2694 2982 ἀγγέλῳ
2737 2911 2941 2982 Κυρίου
2991 2911 3070 2982 τῷ
3120 2911 3386 2980 ἐφεστῶτι
3433 2909 3711 2979 ἀναμέσον

2133 3004 2244 3058 τῶν
2295 3004 2488 3075 ὁρέων,
2542 3005 2636 3056 καὶ
2680 3001 2834 3064 εἷπον
2872 3020 2887 3032 ·
2933 3001 3382 3076 Περιωδεύσαμεν
3445 2999 3546 3072 τὴν
3602 2999 3710 3069 γῆν

2135 3095 2439 3160 ἃπασανίδ,
2496 3095 2591 3150 καὶ
2637 3096 2745 3149 ίδοὺ
2786 3097 2934 3149 πᾶσα
2961 3097 2995 3166 ή
3030 3096 3102 3165 γῆ
3130 3095 3458 3148 κατοικεῖται
3499 3091 3597 3146 καὶ
3640 3092 3709 3161 ἡ-

840 3155 852 3161 -
911 3155 931 3165 -
1516 3155 1726 3178 ..-Ὗ-ν-
1787 3155 1882 3167 νυ..
1940 3155 2033 3183 .,...

457 3184 827 3242 haereditatem
856 3190 1072 3260 capient
1111 3194 1307 3252 salutis
1341 3207 1383 3252 τ.
1429 3217 1447 3250 ι
1488 3198 1688 3259 Eamun
1719 3213 1898 3259 autem
1920 3221 2032 3260 non

2135 3187 2381 3257 qudest.
2480 3190 2544 3242 Οί
2575 3188 2675 3258 μὲν
2701 3185 2959 3257 ὀφθέντες
2982 3155 3250 3257 sinuat:
3288 3185 3512 3257 ἀόρατοι
3543 3155 3714 3238 δυνά-

455 3275 884 3345 conspieiuntur
928 3288 1139 3338 naturae
1169 3283 1322 3353 (sunt
1360 3288 1505 3340 enim
1531 3288 1615 3343 hae
1647 3289 2032 3363 incorporea),

453 3364 575 3433 sed.
615 3377 780 3437 prout
827 3369 882 3423 in
907 3371 1145 3443 singulis
1190 3382 1283 3430 est
1319 3390 1480 3446 opus,
1529 3377 1745 3434 illarum
1794 3383 2033 3450 speciem

453 3455 792 3525 conformat,
818 3459 924 3529 qui
948 3461 1250 3518 etillarum
1292 3479 1356 3521 ac
1409 3480 1592 3521 rerum
1650 3469 1897 3524 omnium
1947 3479 2034 3527 est

451 3543 742 3604 Dominus.
770 3548 936 3620 quue
959 3567 1061 3606 nos
1083 3563 1276 3622 aperte
1297 3553 1481 3612 divina
1511 3557 1728 3628 1,598
1749 3559 2032 3630 Scriptura

453 3636 636 3704 docet,
688 3640 949 3697 diversas
979 3657 1172 3698 earum
1233 3646 1452 3716 ﬁguras.
1489 3650 1808 3707 ostendens.
1861 3655 2034 3709 Aliter

452 3730 602 3784 enim
628 3745 723 3785 eas
744 3730 880 3785 vidit
916 3731 1132 3800 Daniel,
1168 3734 1329 3790 aliter
1361 3735 1651 3806 Ezechiel;
1681 3750 1734 3796 et
1754 3741 1941 3809 lsaias,
1978 3750 2032 3797 et

455 3817 735 3884 Michaeas,
768 3821 971 3878 aliiset.
993 3824 1118 3880 aliis
1143 3825 1360 3896 ﬁguris.
1391 3826 1514 3884 Non
1551 3839 1735 3886 autem
1758 3833 2032 3889 multifor-

453 3923 597 3975 mes,
618 3910 712 3966 sed
743 3911 1082 3983 incorporea:
1103 3925 1234 3972 sunt
1256 3919 1824 3988 spiritualesnaturm,
1845 3930 2029 3994 atque,

458 4007 520 4053 ut
549 4015 693 4070 opus
727 4007 834 4067 est,
883 4000 1148 4060 Dominus
1186 4005 1408 4060 illarum
1447 4007 1480 4033 ’-
1511 4009 1713 4065 format
1764 4011 2028 4071 visiones.

455 4087 614 4155 Quod
645 4090 699 4146 in
729 4089 916 4148 divino
942 4092 1111 4148 etiam
1147 4093 1429 4151 Zacharia
1467 4099 1754 4169 prmstitit.
1777 4099 2033 4158 Ostendit

454 4180 602 4234 enim
633 4181 684 4236 ei
705 4181 962 4252 angelum
994 4186 1088 4255 qui
1117 4188 1322 4256 populo
1369 4191 1702 4259 praesidebat
1743 4210 1773 4253 ις
1801 4193 1849 4250 is
1900 4207 2033 4248 vero

455 4269 561 4324 fuit
592 4280 818 4328 sanctus
843 4273 1093 4342 Michael,
1123 4287 1191 4334 ut
1213 4279 1499 4352 alloquens
1537 4282 1815 4342 Danielem
1866 4298 2034 4354 ange-

457 4364 544 4417 lus
575 4363 736 4419 dixit.
769 4364 866 4420 llle
890 4367 1034 4422 enim
1069 4370 1151 4425 sic
1171 4371 1250 4425 ait
1284 4391 1298 4428 :
1331 4391 1349 4424 ι
1380 4373 1552 4431 Nemo
1570 4384 1657 4432 est
1693 4374 1790 4446 qui
1811 4375 2035 4445 adjuvet

456 4470 545 4508 me
567 4455 708 4511 inter
722 4473 915 4514 omnes
939 4459 1040 4517 hos
1062 4463 1170 4519 nisi
1193 4462 1422 4523 Michael
1446 4469 1706 4539 princeps
1723 4477 1907 4524 vester
1931 4476 1976 4523 ³.
2008 4487 2027 4519 ι

457 4541 618 4600 Hunc
642 4547 794 4603 videt
846 4549 1181 4610 insidentem
1224 4572 1389 4627 equo,
1423 4566 1648 4627 propter
1697 4561 2030 4618 celeritatem

459 4635 754 4695 factorum.
786 4639 973 4712 Equus
1003 4660 1134 4700 vero
1177 4649 1362 4704 colore
1393 4649 1546 4718 rufus
1604 4650 2029 4721 indignationem

459 4727 724 4784 adversus
758 4730 983 4788 hostiles
1013 4744 1202 4804 gentes
1228 4738 1470 4794 ostendit
1501 4757 1516 4793 :
1550 4754 1675 4795 nam
1704 4743 2028 4813 sanguinem

459 4826 515 4875 et
549 4822 810 4878 ruborem
865 4826 1034 4882 refert
1085 4829 1390 4886 iracundia.
1434 4829 1644 4885 Montes
1685 4843 1866 4888 autem
1919 4852 2027 4891 non

461 4909 639 4964 solum
689 4912 1024 4983 ﬁrmitatem,
1077 4919 1174 4974 scd
1219 4920 1387 4975 etiam
1419 4921 1814 4978 sublimitatem
1846 4925 2032 4981 decla-

461 5010 592 5056 rant
639 5005 958 5073 angelorum
992 5009 1058 5062 ad
1094 5011 1401 5067 subsidium
1439 5012 1861 5070 destinatorum.
1920 5016 2031 5072 Ne-

393 5161 395 5163 _
463 5092 662 5144 morosi
691 5108 817 5147 vero
855 5105 910 5150 et
943 5099 1176 5153 umbrosi
1210 5112 1410 5156 montes
1444 5102 1739 5173 designant
1790 5105 2030 5162 divinam

463 5180 891 5250 providentiam,
934 5203 1098 5256 quam
1152 5189 1206 5245 in
1233 5190 1399 5248 Deum
1452 5193 1806 5251 credentibus
1841 5195 2033 5252 beatus

530 5386 559 5428 ς
598 5375 768 5434 Exod.
805 5397 902 5446 xu,
936 5383 990 5436 ‘2.

1071 5395 1092 5423 τ
1133 5385 1295 5441 llcbr.
1334 5403 1385 5455 ι,
1422 5391 1505 5445 Μ.
1584 5403 1605 5431 ο
1646 5391 1779 5447 Dan.
1820 5406 1874 5458 Χ,
1903 5391 1993 5446 2|.

2137 3296 2259 3350 μεις
2284 3279 2645 3350 ὑπάρχουσιν,
2667 3281 2747 3344 είς
2764 3279 3041 3340 διακονίαν
3065 3276 3550 3347 ἀποστελλόμεναι,
3569 3275 3715 3330 κατά

2131 3373 2225 3428 τὸν
2241 3373 2382 3426 θετον
2413 3371 2756 3439 ’Δπόστολον,
2773 3371 2860 3426 διὰ
2876 3372 3004 3434 τοὺς
3029 3370 3326 3441 μέλλοντας
3351 3369 3713 3438 κληρονομεῖν

2135 3463 2442 3535 σωτηρίαν.
2497 3462 2765 3536 Ὀρῶνται
2817 3463 2875 3517 δὲ
2938 3462 3119 3516 αὐτῶν
3193 3461 3293 3532 οὐχ
3350 3462 3409 3514 αί
3468 3459 3659 3528 φύσεις
3691 3474 3708 3488 ·

2132 3553 2415 3625 ἀσώματοι
2459 3555 2566 3626 γὰρ
2613 3548 2774 3617 αὗται
2805 3569 2819 3583 ·
2851 3553 2990 3615 ἀλλὰ
3039 3553 3183 3613 κατά
3229 3552 3420 3623 χρείαν
3473 3550 3711 3617 ἑκάστην

2133 3646 2361 3707 ἐκτυποί
2380 3647 2587 3706 τούτων
2608 3644 2966 3718 τὴν,θεωρίαν
2993 3645 3022 3697 6
3047 3644 3252 3698 τούτων
3279 3641 3502 3697 καὶτῶν
3537 3639 3712 3695 ἀπάν-

2131 3755 2242 3792 των
2298 3739 2593 3809 Δεσπότης.
2657 3738 2766 3792 Kal
2811 3738 2972 3791 τοῦτο
3045 3738 3193 3808 ἡμᾶς
3255 3734 3445 3804 σαφῶς
3498 3736 3534 3803 ἠ
3588 3730 3715 3784 θεία

2133 3829 2377 3894 διδάσκει
2435 3829 2648 3902 Γραφὴ,
2697 3829 2933 3900 διάφορα
2981 3828 3162 3882 αὐτῶν
3217 3824 3584 3884 ὐποδεικνῦσα
3642 3823 3716 3875 τὰ

2136 3924 2424 3994 σχήματαο
2459 3922 2633 3985 ἄλλως
2666 3923 2764 3993 μὲν
2791 3923 2899 3993 γὰρ
2927 3921 3124 3983 αὐτοὺς
3169 3919 3278 3973 ίδεν
3301 3919 3335 3976 6_
3359 3917 3580 3988 Δανιὴλ,
3618 3917 3716 3970 καὶ

2135 4017 2311 4079 άλλως
2351 4015 2630 4084 Ίεζεκιὴλ,
2671 4015 2764 4068 καὶ
2802 4014 3029 4077 Ἡσαΐας
3060 4012 3158 4068 καὶ
3186 4011 3431 4081 Μιχαίας
3471 4013 3530 4063 ἐν
3571 4010 3711 4080 σχή-

2137 4127 2305 4181 μασιν
2326 4108 2551 4180 ἐτέροις.
2579 4107 2653 4160 Οὐ
2688 4105 3028 4176 πολύμορείοι
3055 4104 3138 4169 δὲ,
3163 4103 3279 4157 ἀλλ’
3327 4101 3612 4172 ἀσώματοι
3654 4101 3716 4152 αί

2134 4197 2556 4269 νοηταὶφύσεις.
2583 4196 2720 4268 πρὸς
2751 4196 2807 4249 δέ
2843 4195 2905 4248 τὸ
2933 4194 3258 4265 χρήσιμονὰ
3280 4191 3489 4246 τούτων
3514 4188 3716 4243 Δεσπό-

2134 4306 2235 4358 της
2266 4287 2593 4358 σχηματίζει
2642 4287 2741 4350 τὰς
2798 4285 3050 4356 θεωρίας,
3091 4279 3263 4338 Τοῦτο
3318 4284 3416 4337 καὶ
3467 4283 3562 4334 ἐπὶ
3614 4281 3712 4335 τοῦ

2139 4379 2414 4449 μακαρίου
2460 4378 2730 4449 Ζαχαρίου
2790 4376 3056 4446 πεποίηκε
3081 4392 3095 4406 ·
3124 4375 3364 4436 δείκνυσι
3403 4373 3514 4445 γὰρ
3561 4371 3716 4442 αὐτῷ

2066 4503 2109 4558 D
2137 4469 2370 4539 ἄγγελον
2417 4470 2510 4522 τὸν
2549 4468 2645 4522 τοῦ
2701 4468 2834 4522 λαοῦ
2889 4467 3328 4558 προστατεῦοντα
3350 4482 3365 4496 ο
3388 4468 3418 4520 6
3443 4465 3501 4558 δέ
3531 4465 3717 4558 suo;

2138 4560 2358 4631 Μιχαὴλ
2387 4555 2542 4624 οὗτος
2565 4560 2654 4629 ἦν,
2684 4560 2759 4623 ὡς
2784 4561 2813 4613 6
2841 4557 3366 4630 προσδιαλεγόμενος
3406 4556 3486 4627 τῷ
3514 4555 3716 4626 Δανιὴλ

2137 4654 2369 4723 ἄγγελος
2417 4653 2520 4723 ἔφη
2543 4667 2556 4681 ⁸
2588 4653 2796 4715 ἐκεῖνος
2834 4652 2945 4727 -ίάρ
2997 4668 3162 4722 φησιν
3194 4666 3208 4678 ⁸
3247 4670 3265 4702 ι
3286 4649 3401 4702 Οὐκ
3433 4649 3582 4701 ἐςτιν
3632 4641 3715 4710 εἷς

2135 4743 2490 4814 ἀντεχόμενος
2521 4745 2638 4814 μετῗ
2679 4742 2813 4812 ἐμοῦ
2862 4741 3237 4813 περὶτούτων,
3271 4740 3385 4792 ἀλλ’
3414 4739 3448 4807 ἢ
3492 4736 3716 4808 Μιχαὴλ

2133 4837 2165 4887 6
2188 4836 2371 4906 ἄρχων
2401 4835 2574 4903 ὑμῶν.
2608 4853 2627 4886 ι
2659 4835 2860 4887 Τοῦτον
2888 4835 2991 4906 ὁρᾷ
3022 4832 3386 4903 ἐποχούμενον
3421 4831 3524 4900 μὲν
3562 4831 3716 4898 ἵππῳ

2135 4927 2224 4980 διὰ
2254 4927 2356 4997 τὴν
2404 4925 2637 4995 ὀξύτητα
2683 4925 2806 4980 τῶν.
2835 4925 3130 4995 δρωμένων
3159 4942 3173 4954 ·
3209 4924 3270 4977 τὸ
3297 4923 3354 4975 δὲ
3399 4923 3498 4975 τοῦ
3544 4923 3716 4974 ἵππου

2138 5018 2369 5088 πυρῤὸν
2400 5017 2500 5089 τὴν
2525 5017 2666 5073 κατά
2704 5017 2812 5070 τῶν
2837 5017 3113 5086 πολεμίων
3141 5007 3311 5070 ἐθνῶν
3337 5015 3715 5083 ἀγανάκτησιν

2137 5107 2325 5177 δηλοῖ·
2371 5104 2611 5174 ὕφαιμον
2644 5106 2751 5178 γὰρ
2811 5107 2904 5159 καὶ
2947 5105 3255 5177 ὑπέρυθρον
3302 5103 3364 5156 τὸ
3397 5102 3714 5172 θυμοειδές’

2140 5199 2208 5253 τὰ
2228 5199 2284 5254 δέ
2314 5200 2420 5269 ὅρη
2449 5199 2510 5252 οὐ
2547 5197 2708 5270 μόνον
2737 5199 2799 5251 τὸ
2828 5197 3077 5269 στερρὸν,
3115 5196 3255 5250 ἀλλά
3294 5195 3388 5249 καὶ
3427 5194 3490 5248 τὸ
3511 5193 3702 5265 ὑψηλὸ·

1775 5552 2007 5608 νΑιιιιΕ
2047 5555 2446 5613 LECTIONES.

515 5700 631 5779 ‘°_A
664 5701 809 5755 ἐστὶν
842 5707 868 5757 6
903 5705 1028 5775 μὴν.
1066 5707 1264 5777 Sicque
1297 5723 1482 5776 supra,
1518 5711 1551 5761 l.
1587 5727 1634 5763 (τ.
1722 5713 1756 5741 ¹¹
1803 5711 1974 5783 Supra
2005 5715 2034 5768 l.
2077 5734 2122 5772 ς.
2157 5727 2268 5771 erat
2303 5716 2438 5769 υἱοῦ.
2523 5718 2560 5746 ¹²
2590 5717 2632 5772 Α
2670 5714 2797 5771 εἶπα

464 5779 511 5824 τι
539 5768 667 5840 γῆν.

2902 5719 2940 5749 ’³
2974 5719 3058 5773 ἀν.
3091 5716 3136 5770 Α
3167 5715 3427 5771 éna’ww.“
3455 5715 3502 5771 Α
3534 5712 3720 5768 πᾶσαν
