4090 6444
1732 303 1734 306 ν
1743 301 1824 313 -..—.

399 395 534 460 1881

1662 412 1743 467 ΙΝ
1773 413 2170 474 ZACIIARI/E
2196 419 2351 478 CAP.
2379 421 2428 478 Ι.

3523 423 3664 490 1882

395 515 638 568 δείκνυσι
677 517 786 568 τῶν
826 521 903 582 εἰς
946 521 1267 594 ἐπτκουρίαν
1298 526 1661 596 τεταγμένων.
1689 529 1973 596 ἀγγέλων--

2087 533 2252 588 David
2297 535 2590 604 pollicetur
2642 555 2656 590 :
2698 556 2716 588 ι
2755 537 2859 603 Qui
2901 537 3046 593 enim
3079 538 3309 605 habitat,
3367 539 3563 609 inquit,
3603 543 3660 596 in

394 607 460 663 τὸ
489 610 545 662 δὲ
575 611 918 680 ἀμφιλαφές
975 614 1068 669 καὶ
1124 615 1459 669 κατάσκιον
1508 617 1628 670 τῶν
1677 619 1832 685 ὀρῶν
1883 620 1982 690 τὴν

397 701 551 756 Θείαν
600 703 896 757 αἰνίττεται
927 705 1206 776 πρόνοιαν,
1231 708 1298 777 ἢν
1329 711 1444 772 τοῖς
1471 710 1554 772 εἰς
1587 711 1678 763 τὸν
1707 711 1840 763 Θεὸν
1886 711 1982 780 ὴλ-

396 794 617 847 πικόσιν
644 797 674 848 6
705 797 970 865 μακάριος
1000 797 1344 867 ὑπισχνεῖται
1373 801 1539 854 Δαϐίδ
1575 818 1589 831 °
1631 819 1658 853 «-
1691 803 1751 855 Ὀ
1799 821 1984 858 κατοι-

399 885 515 937 κῶν
543 876 675 954 γὰρ,
716 887 904 956 φησὶν,
933 888 992 941 ἐν
1021 887 1243 960 βοηθείᾳ
1269 889 1364 943 τοῦ
1397 891 1682 961 Ὑψίστου,
1717 895 1775 949 ἐν
1806 895 1992 966 σκέπῃ⁴

405 974 502 1027 τοῦ
556 975 691 1027 Θεοῦ
722 974 815 1028 τοῦ
846 976 1076 1046 ούρανοῦ
1134 978 1580 1048 αύλισθήσεται.»
1625 982 1736 1034 Καὶ
1779 981 1978 1035 πάλιν·

405 1083 424 1112 ι
467 1065 556 1115 Ἑν
581 1067 694 1127 τοῖς
725 1067 1087 1137 μεταφρένοις
1139 1068 1305 1127 αὑτοῦ
1340 1069 1652 1123 ἐπισκιάσει
1682 1087 1784 1123 σοι.
1821 1088 1840 1122 ›
1871 1071 1984 1125 Καὶ

397 1153 635 1224 ἀλλαχοῦ
667 1167 684 1184 ⁸
719 1175 738 1207 ι
774 1156 864 1210 Ἐν
894 1158 1072 1230 σκέπῃ
1100 1158 1209 1211 τῶν
1241 1160 1530 1231 πτερύγων
1562 1179 1654 1214 σου
1684 1163 1982 1228 σκεπάσεις

408 1269 498 1322 με.
541 1271 561 1304 ι
597 1253 710 1306 Καὶ
735 1254 827 1306 τὸν
873 1255 1092 1326 Ἰσραὴλ
1124 1255 1180 1309 δέ
1203 1258 1261 1310 ἐν
1287 1259 1354 1328 τῇ
1382 1258 1574 1328 ἐρήμῳ
1602 1258 1793 1322 στύλος
1833 1260 1985 1329 νεφέ-

402 1344 502 1415 λης
534 1345 830 1401 ἐπέσκεπε.
871 1346 1076 1400 Τούτου
1102 1348 1263 1420 χάριν
1291 1349 1570 1403 κάνταῦθα
1598 1351 1658 1403 ἐν
1692 1351 1843 1422 μέσῳ
1874 1350 1982 1405 τῶν

400 1435 572 1504 ὀρέων
601 1436 709 1489 τῶν
739 1439 1055 1494 κατασκίων
1084 1441 1113 1493 ό
1137 1440 1231 1493 τοῦ
1252 1439 1385 1498 λαοῦ
1400 1441 1985 1512 προστατεύωνάγγεα

401 1526 492 1588 λος
520 1526 766 1595 έστηκὼς
791 1529 1022 1599 ἑωρᾶτο,
1057 1529 1156 1601 τὴν
1190 1530 1344 1585 Θείαν
1397 1531 1723 1603 ἐπικουρίαν
1747 1532 1836 1586 διὰ
1861 1531 1984 1586 τού-

399 1636 511 1671 των
550 1619 790 1690 μηνύων.
820 1621 894 1678 Οἱ,
915 1621 972 1675 δὲ
1001 1623 1131 1692 περὶ
1165 1622 1254 1676 τὸν
1295 1622 1644 1680 Ἀκύλαν.καὶ
1661 1623 1981 1696 Σύμμαχον,

401 1713 499 1766 καὶ
517 1713 933 1782 μυρσινεῶνας
960 1715 1028 1771 τὰ
1052 1715 1153 1786 ὅρη
1180 1714 1696 1787 προσηγορεύκασιν
1725 1731 1739 1745 ⁸
1776 1715 1984 1780 εὑῶδες

399 1804 459 1857 δὲ
494 1803 555 1856 τὸ
581 1803 764 1872 φυτόν,
796 1806 893 1860 καὶ
923 1805 993 1860 τά
1030 1806 1209 1878 θερμὰ
1237 1806 1348 1860 τῶν
1394 1806 1583 1862 παθῶν
1649 1807 1984 1879 καταψύχειν

2085 627 2363 697 adjutorio
2405 629 2702 693 Altissimi,
2729 632 2783 684 in
2830 632 3172 701 protectione
3204 633 3297 688 Dei
3356 634 3482 686 cmli
3514 649 3666 687 com-

2085 716 2395 770 morabitur
2439 720 2480 771 ι.
2523 737 2542 770 ι
2580 717 2714 773 Item
2752 738 2765 772 :
2806 738 2824 770 ι
2866 720 3122 790 Scapulis
3162 723 3282 777 suis
3313 723 3668 778 obumbrabit

2084 811 2138 858 te
2164 816 2212 856 ιι.
2256 823 2275 856 ι
2304 803 2369 857 Ει
2398 805 2526 860 alibi
2564 824 2576 859 :
2604 825 2622 857 ι
2660 806 2778 860 Sub
2807 807 3001 862 umbra
3031 809 3246 862 alarum
3288 817 3505 863 tuarum
3540 826 3664 880 pro-

2085 899 2234 960 teges
2262 907 2348 947 me
2373 903 2425 947 ν.
2467 913 2486 946 ι
2523 892 2589 946 Ει
2618 895 2879 964 populum
2903 911 3122 965 quoque
3153 895 3321 952 Israel
3363 898 3416 950 in
3445 897 3667 954 deserto

2085 984 2345 1038 columna
2378 985 2546 1040 nubis
2581 986 2819 1056 tegebat.
2843 986 3059 1042 Idcirco
3082 987 3172 1045 hic
3189 988 3354 1043 etiam
3397 989 3452 1042 in
3483 988 3666 1043 medio

2087 1075 2357 1129 montium
2406 1076 2798 1132 umbrosorum
2832 1080 3036 1148 populo
3088 1079 3380 1148 praefectus
3436 1081 3665 1150 angelus

2084 1173 2232 1222 stare
2253 1166 2568 1232 videbatur,
2608 1169 2858 1223 divinum
2887 1171 3203 1226 subsidium
3247 1172 3354 1228 hoc
3385 1173 3548 1228 modo
3580 1173 3665 1228 in-

2084 1259 2308 1316 dicans.
2334 1259 2605 1315 Caeterum
2631 1262 2830 1332 Aquila
2853 1271 2908 1318 et
2931 1262 3298 1334 Symmachus
3330 1265 3496 1320 etiam
3525 1281 3663 1336 myr-

2087 1357 2196 1404 teta
2237 1359 2523 1406 verterunt
2575 1362 2810 1408 montes.
2850 1353 2923 1408 Ea
2972 1363 3154 1410 autem
3183 1357 3369 1426 planta
3407 1365 3492 1412 est
3526 1356 3664 1412 odo-

2085 1452 2226 1510 rata,
2251 1444 2461 1500 habens
2493 1446 2605 1499 vim
2648 1448 2872 1502 morbos
2906 1448 3121 1505 calidos
3149 1448 3524 1520 refrigerandi.
3563 1448 3667 1505 De-

2087 1543 2360 1591 monstrat
2392 1537 2579 1607 itaque
2615 1537 2832 1608 1599
2871 1539 2975 1596 hoc
3000 1541 3163 1596 etiam
3195 1539 3436 1595 futuram
3463 1538 3666 1595 Iudaeis

2087 1643 2118 1683 a
2154 1626 2266 1683 Deo
2301 1628 2690 1685 universorum
2721 1631 3182 1687 consolationem.
3206 1630 3278 1686 Ut
3305 1647 3436 1686 vero
3457 1647 3488 1686 a
3515 1641 3667 1703 tergo

2085 1717 2250 1773 etiam
2277 1717 2412 1771 vidit
2435 1732 2607 1787 equos
2633 1717 2806 1783 rufos,
2829 1718 3161 1810 maculpsos,
3186 1720 3392 1784 varios,
3417 1727 3471 1773 et
3488 1719 3664 1782 albos.

2087 1807 2353 1863 noscendi
2410 1807 2594 1863 studio
2652 1807 3164 1878 percontatur'quae
3199 1822 3369 1863 causa
3413 1815 3667 1863 ostenso-

397 1898 720 1968 δυνάμενον.
741 1899 1053 1972 Παραδηλοῖ
1073 1900 1254 1957 τοίνυν
1279 1900 1374 1954 καὶ
1402 1900 1564 1955 τοῦτο
1590 1900 1690 1971 τὴν
1713 1900 1980 1973 ἐσομένην

2086 1914 2205 1954 rum
2241 1906 2411 1956 esset.
2467 1897 2748 1953 Edocetur
2780 1905 2966 1953 autem
3001 1913 3032 1952 a
3066 1899 3244 1969 primo
3272 1899 3394 1954 viso
3437 1898 3657 1968 angelo,

417 1988 689 2052 Ἰουδαίοις
733 1990 886 2061 παρά
911 1989 1006 2043 τοῦ
1056 1989 1194 2045 Θεοῦ
1255 1991 1366 2045 τῶν
1419 1991 1556 2046 ὅλων
1603 1992 1980 2063 ψυχαγωγίαν.

399 2080 751 2152 Θεασάμενος
773 2082 832 2134 δὲ
856 2081 954 2138 καὶ¹
1007 2083 1135 2147 τοὺς
1174 2081 1398 2136 ὄπισθεν
1429 2084 1804 2153 ἀναφανέντας
1842 2087 1983 2156 πυρ-

404 2170 616 2242 ῥούς-τε
647 2171 999 2242 καὶ-ψαροὺς,
1031 2173 1126 2226 καὶ
1164 2172 1464 2237 ποικίλους,
1508 2173 1602 2227 καὶ
1631 2172 1866 2238 λευκοὺς,
1896 2173 1986 2232 i321:-

401 2279 561 2329 πους,
622 2263 951 2318 πυνθάνεται
1014 2264 1128 2334 μέν.
1174 2265 1382 2335 μαθεῖν.
1425 2265 1744 2335 ἐφιέμενος,
1813 2265 1898 2328 τίς
1951 2266 1984 2336 ἡ

400 2356 512 2409 τῶν
561 2354 928 2426 δεικνυμένων
981 2355 1154 2410 αἱτία.
1195 2355 1521 2410 Διδάσκεται
1570 2356 1628 2416 δὲ
1674 2354 1835 2427 παρὰ.
1888 2355 1984 2412 τοῦ

402 2447 621 2521 πρώτω
667 2448 926 2517 ὀφθέντος
966 2449 1226 2518 ἀγγέλου,
1252 2449 1313 2512 ὃς
1363 2448 1568 2520 μεταξὺ
1612 2448 1722 2502 τῶν
1763 2447 1906 2518 ὀρῶν
1940 2448 1984 2480 ⁸⁸

402 2541 648 2611 εἱστήκει
667 2539 778 2593 τῶν
804 2539 1142 2606 κατασκίων,
1170 2538 1263 2594 ὅτι
1292 2541 1475 2592 πᾶσαν
1503 2537 1842 2593 ἐποπτεῦσαι
1885 2537 1983 2609 τὴν

402 2629 915 2701 γῆνιάπεστάλησαν
934 2647 949 2661 ·
975 2631 1072 2685 καὶ
1091 2633 1172 2695 εἰς
1201 2631 1493 2700 βεϐαίωσιν
1517 2632 1624 2686 τῶν
1655 2632 1984 2704 εἰρημένων,

404 2720 499 2773 καὶ
533 2721 597 2773 οἱ·
608 2721 723 2784 τοῖς
747 2721 1107 2786 παντοδαποῖς
1136 2723 1368 2788 ἐκείνοις
1389 2721 1747 2795 ἐποχούμενοι
1773 2724 1984 2790 ἵπποις,

404 2809 617 2879 ἔφασαν
643 2810 779 2883 πρὸς
801 2812 893 2866 τὸν
921 2813 1218 2881 ἐφεστῶτα
1233 2815 1464 2879 ἐκείνοις
1494 2817 1608 2879 τοῖς
1645 2814 1831 2886 ὄρεσιν
1888 2816 1988 2882 ἀγ-

401 2901 585 2970 γελον,
605 2903 692 2957 ὅτι
717 2904 907 2961 Πᾶσαν
936 2904 1390 2976 περιοδεύσαντες
1417 2905 1516 2978 τὴν
1558 2907 1682 2978 γῆν.
1727 2905 1988 2976 οἰκουμέ-

403 3009 524 3063 νην,
570 2993 811 3064 εὕραμεν
862 2997 1089 3067 εἰρήνης
1137 2997 1518 3053 ἀπολαύουσαν
1571 2999 1667 3052 καὶ
1715 2999 1985 3070 γαλήνης.

404 3083 624 3138 Τούτων
649 3083 708 3138 δὲ
737 3084 979 3148 ἀκούσας
1029 3087 1059 3138 ὁ
1082 3087 1177 3140 τοῦ
1211 3087 1344 3146 λαοῦ
1382 3088 1853 3159 τὴν-προστασίαν
1885 3106 1989 3147 πε-

407 3175 765 3247 πιστευμένος
821 3177 1076 3248 ἄγγελος,
1125 3179 1220 3232 καὶ
1267 3180 1476 3251 σφόδρα
1517 3181 1875 3250 δυσχεράνας,
1906 3183 1988 3238 ὅτι

2075 1973 2182 2062 qui
2206 1990 2350 2045 inter
2370 1998 2587 2045 montes
2613 1989 2906 2045 umbrosos
2926 1989 3288 2055 consistebat,
3312 1988 3456 2060 quod
3475 1994 3668 2044 essent

2087 2083 2243 2142 missi
2271 2084 2340 2139 ad
2371 2084 2690 2139 universam
2729 2094 2933 2138 terram
2985 2081 3471 2153 perlustrandam;
3502 2089 3669 2150 atque

2088 2175 2157 2232 ad
2218 2174 2697 2230 conﬁrmationem
2739 2186 3081 2242 eorumque
3133 2172 3410 2236 dixerant,
3467 2171 3561 2242 qui
3609 2171 3668 2227 in

2089 2264 2200 2321 illis
2233 2263 2405 2320 variis
2453 2263 2613 2333 equis
2667 2262 2958 2328 sedebant,
2991 2262 3252 2317 dixerunt
3306 2261 3374 2316 ad
3412 2260 3668 2330 angelum

2089 2357 2234 2413 inter
2255 2364 2470 2411 montes
2499 2355 2916 2420 consistentem,
2949 2368 3032 2418 se,
3062 2368 3186 2409 cum
3216 2361 3422 2407 terram
3450 2366 3670 2406 omnem

2090 2455 2497 2520 peragrassent,
2527 2447 2581 2500 in
2617 2447 2750 2501 orbe
2784 2455 3055 2502 terrarum
3101 2459 3292 2515 pacem
3323 2451 3380 2499 et
3429 2442 3668 2513 quietem

2088 2541 2446 2598 constitutam
2475 2538 2768 2608 reperisse.
2796 2536 2913 2610 [12]
2941 2535 3062 2602 Quo
3083 2535 3298 2598 audito,
3327 2535 3557 2603 angelus
3577 2534 3670 2588 cui

2089 2633 2279 2705 populi
2317 2632 2574 2686 mandata
2607 2639 2728 2686 erat
2752 2628 3101 2698 praefectura,
3139 2627 3495 2682 vehementer
3526 2624 3670 2680 indi-

2086 2729 2308 2796 gnatus,
2352 2721 2500 2791 quod
2557 2720 2816 2774 omnibus
2871 2733 3009 2788 pace
3054 2716 3389 2796 fgueptibns,
3433 2715 3671 2786 populus

2088 2813 2195 2871 sibi
2236 2811 2516 2874 subditus,
2561 2811 2615 2864 in
2643 2808 2906 2864 aerumnis
2932 2807 3116 2862 adhuc
3150 2805 3457 2863 innumeris
3486 2818 3672 2860 versa—

2090 2914 2268 2970 retur,
2305 2904 2536 2975 supplex
2561 2901 2852 2956 Dominum
2889 2901 3145 2956 obsecrat
3175 2918 3188 2954 :
3232 2916 3251 2949 ι
3297 2897 3524 2952 Domine
3553 2910 3678 2950 emc-

2093 2997 2371 3066 nipotens,
2424 3006 2725 3062 usquequo
2757 3005 2868 3044 non
2906 2988 3255 3045 misereberis
3286 2984 3677 3057 Hierosolyma

2091 3095 2148 3144 et
2170 3085 2388 3142 urbium
2418 3082 2597 3146 Iudae,
2635 3096 2776 3152 quas
2823 3078 3165 3150 despcxisti?
3202 3076 3312 3133 Istc
3341 3084 3423 3133 est
3456 3082 3676 3146 septua-

2092 3178 2336 3249 gesimus
2372 3191 2571 3230 annus.
2633 3193 2650 3224 ι
2723 3173 2819 3228 Est
2889 3179 3074 3226 autem
3123 3165 3674 3223 animadvertendum

407 3266 626 3320 πάντων
653 3267 875 3339 εἰρήνης
897 3268 1286 3322 ἀπολαυόντων
1314 3271 1348 3326 ό
1374 3269 1466 3321 ὑπ’
1493 3269 1642 3336 αύτῷ
1657 3269 1984 3340 τεταγμένος

2096 3271 2114 3289 ⁴
2137 3266 2342 3338 prioris
2372 3262 2712 3332 captivitatis
2737 3272 2954 3327 tempus
2978 3257 3309 3327 completum
3334 3255 3504 3310 fuisse
3529 3268 3677 3307 anno

407 3358 537 3421 λαὸς
562 3359 606 3390 ¹⁶
647 3359 869 3430 μυρίαις
892 3358 972 3413 ἐτι
1003 3361 1312 3430 συμφοραῖς
1334 3359 1720 3431 προσπαλαίει,
1752 3359 1984 3414 ἱκετείαν

2091 3357 2278 3427 primo
2316 3354 2445 3424 Cyri
2479 3352 2772 3406 Persarum
2815 3348 2980 3418 regis,
3023 3347 3168 3401 bono
3201 3353 3257 3400 et
3297 3345 3534 3415 benigno
3565 3341 3675 3398 Do-

405 3447 486 3518 τῷ
515 3450 767 3521 Δεσπότῃ,
791 3449 1126 3521 προσφέρεικ
1148 3469 1167 3501 ι
1193 3450 1367 3521 Κύριε
1383 3451 1428 3487 “’~
1448 3447 1984 3521 παντοκράτωρ,ἐως

2097 3445 2270 3510 mino,
2317 3459 2442 3498 cum
2499 3440 2762 3496 aerumnis
2801 3453 2941 3508 quas
2993 3435 3204 3506 experti
3255 3443 3432 3496 erant,
3463 3441 3677 3501 tempus

405 3541 552 3605 τίνος
592 3542 652 3594 ού
715 3541 792 3613 μὴ
835 3541 1074 3614 ἐλεήσῃς
1118 3541 1219 3611 τὴν
1256 3540 1631 3613 Ἰερουσαλὴμ,
1685 3541 1779 3595 καὶ
1821 3539 1921 3602 τὰς
1947 3539 1984 3571 ³⁸

2092 3538 2258 3594 etiam
2301 3533 2676 3606 praedictionis
2704 3535 3106 3585 annumerante
3142 3545 3156 3582 :
3185 3525 3334 3597 quod
3359 3524 3676 3580 accuratius

407 3631 597 3695 πόλεις·
629 3630 821 3696 Ἰούδα,
864 3630 932 3696 ἃς
997 3632 1316 3704 biceps-165;;
1365 3632 1536 3688 Τοῦτο
1595 3631 1984 3704 ἑϐδομηκοστὸν

2095 3631 2151 3685 in
2177 3624 2593 3684 commentariis
2623 3623 2678 3677 in
2706 3620 3049 3677 Ezechielem
3077 3618 3448 3674 ostendimus.
3492 3614 3676 3671 Vasti-

408 3722 550 3783 ἔτος.
577 3739 596 3774 ι
639 3721 838 3776 ἰστέον
869 3721 928 3776 δὲ
952 3721 1030 3788 ὡς
1056 3723 1155 3794 τῆς
1182 3722 1283 3795 μὲν
1311 3723 1587 3796 προτέρας
1611 3721 1984 3793 αἰχμαλωσίας

2096 3718 2226 3774 tatis
2284 3724 2467 3771 autem
2519 3711 2920 3780 Hierosolyma:
2965 3707 3312 3778 septuaginta
3355 3705 3486 3759 anni
3527 3718 3679 3761 com-

405 3814 438 3866 6
469 3813 658 3884 χρόνος
692 3813 1090 3886 συνεπληρὼθη
1112 3815 1174 3870 ἐν
1207 3813 1285 3886 τῷ
1329 3795 1534 3885 πρώτῳ
1583 3812 1694 3866 ἔτει
1731 3811 1920 3883 Κύρου
1952 3812 1984 3845 ¹¹

2098 3812 2228 3882 picti
2285 3818 2414 3867 sunt
2468 3803 2712 3864 secundo
2767 3817 2914 3856 anno
2961 3801 3114 3871 regni
3149 3798 3315 3853 Darii.
3373 3795 3472 3852 Ilie
3517 3809 3681 3866 porro

407 3908 506 3959 τοῦ
553 3905 788 3976 Περσῶν
838 3906 1279 3977 βασιλεύσαντος,
1315 3906 1409 3960 τοῦ
1466 3905 1672 3974 ἀγαθοῦ
1740 3906 1834 3958 καὶ
1872 3905 1984 3972 φιλι

2099 3899 2737 3961 mmerusinchoandus
2775 3905 2862 3953 est
2909 3896 2978 3950 ab
3012 3909 3160 3948 anno
3203 3893 3498 3948 undecimo
3539 3890 3681 3961 regis

410 3993 701 4066 ανθρώπου
716 3994 1018 4062 Δεσπότου,
1043 3997 1108 4066 τῇ
1133 3994 1302 4066 πείρᾳ
1319 3994 1441 4048 τῶν,
1453 3994 1638 4054 κακῶν
1661 3993 1756 4048 καὶ
1782 3994 1874 4046 τὸν
1897 3994 1984 4062 τῆς

2101 3995 2364 4055 δθάεεὶευ,
2379 3992 2490 4048 sub
2506 4007 2616 4060 quo
2631 3990 2761 4044 urbs
2777 3995 2936 4056 capta
2955 3985 3075 4040 luit.
3093 3984 3148 4038 Si
3171 3984 3297 4054 quis
3313 3981 3680 4052 1600euim

412 4087 779 4158 προρρήσεως
839 4085 1353 4158 συναριθμήσαντος
1391 4083 1582 4156 χρόνον
1629 4101 1650 4118 ·η
1697 4085 1790 4137 καὶ
1840 4083 1984 4162 τρῦτι

2099 4087 2274 4143 ducto
2302 4084 2430 4140 inde
2481 4083 2642 4138 initio
2681 4079 2998 4148 investiget,
3035 4085 3259 4145 tempus.
3289 4073 3395 4126 hoc
3439 4071 3680 4140 comple-

409 4176 802 4247 ἀκριϐέστερον
841 4177 900 4229 ἐν
932 4179 999 4247 τῇ
1033 4175 1130 4229 τοῦ
1172 4174 1433 4245 Ἰεζεκιὴλ
1484 4173 1859 4245 ἀπεδείξαμεν.
1905 4173 1984 4244 ἐρ-

2102 4188 2216 4233 tum
2281 4175 2457 4230 fuisse
2521 4173 2765 4228 inveniet
2818 4183 2966 4226 anno
3011 4165 3257 4222 secundo
3312 4162 3466 4233 regni
3534 4161 3680 4216 Darii

413 4267 636 4338 μηνείᾳ.
704 4256 869 4338 Τῇδὲ
899 4265 1105 4338 ἐρημίᾳ
1145 4265 1246 4335 τῆς
1288 4262 1650 4336 Ἰερουσαλὴμ
1677 4263 1707 4314 6
1765 4262 1984 4332 ἑϐδομη-

2104 4267 2395 4341 Ilystaspis
2428 4264 2546 4319 ﬁlii.
2580 4263 2696 4318 IIoe
2724 4262 2891 4333 igitur
2924 4258 3112 4329 populi
3149 4263 3483 4327 procurator
3509 4268 3680 4322 ange-

413 4357 716 4427 κοντούτης
750 4355 1146 4427 συνεπληρὼθη
1188 4354 1380 4425 χρόνος
1409 4355 1467 4406 ἐν
1499 4352 1577 4423 τῷ
1604 4351 1843 4421 δευτέρῳ
1888 4350 1975 4404 ἐτε

2105 4357 2393 4414 IusDeum
2425 4353 2858 4423 omnipotentem
2892 4353 3067 4418 rogat,
3099 4355 3156 4400 ut
3187 4342 3595 4415 prmdictionem
3627 4349 3683 4394 ct

383 4449 514 4520 τῆς
539 4448 766 4519 Δαρείου
818 4445 1109 4518 βασιλείας.
1163 4444 1367 4498 Τούτου
1424 4443 1484 4497 δὲ
1519 4442 1784 4514 ἄρχεσθαι
1836 4459 1984 4513 προσ·

2105 4454 2321 4516 tempus
2349 4444 2472 4515 ejus
2500 4441 2838 4512 completum
2865 4437 3141 4500 attendat,
3162 4443 3217 4490 et
3264 4449 3332 4489 ne
3356 4433 3548 4488 urbem
3574 4431 3680 4486 sibi

413 4544 540 4614 ήκει
571 4541 664 4595 τοῦ
698 4539 934 4612 ἀριθμοῦ
972 4539 1082 4593 ἀπὸ
1107 4535 1226 4592 τοῦ*
1249 4536 1533 4592 ἑνδεκάτου
1559 4535 1711 4599 ἔτους
1757 4534 1984 4588 Σεδεκίοι

2107 4545 2490 4592 consecratam
2539 4531 2785 4588 vastitati
2826 4529 3086 4584 traditam
3142 4526 3456 4581 diutissime
3493 4523 3681 4593 despi—

410 4604 508 4686 τοῦ
553 4604 844 4702 βασιλέως,
865 4631 952 4699 ἐφ’
979 4624 1040 4684 οὗ
1069 4631 1186 4700 ἥλω
1214 4629 1249 4700 ἡ
1288 4627 1467 4692 πόλις.
1497 4627 1560 4680 Et
1590 4626 1698 4697 γάρ
1723 4643 1806 4688 τις
1858 4627 1984 4679 ἐκεῖ·

2107 4629 2241 4682 ciat.
2273 4622 2389 4697 [I3]
2417 4622 2594 4688 Quam
2626 4618 2999 4690 precationem
3023 4613 3290 4668 Dominus
3324 4609 3637 4679 suscipiens
3667 4626 3682 4660 :

376 4759 380 4764 -
414 4727 509 4778 θεν
540 4724 848 4795 ἀρξάμενος
877 4723 1183 4793 ἐρευνήσοι,
1223 4721 1448 4792 εὑρήσει
1499 4718 1690 4772 τοῦτον
1743 4715 1984 4788 σεειπλη·

2111 4740 2132 4773 ι
2179 4717 2505 4789 Respondit,
2539 4713 2717 4785 inquit
2751 4709 3042 4782 propheta,
3096 4706 3292 4776 angelo
3347 4704 3683 4806 loquentinin

418 4790 798 4887 pODpE-VOV‘TD‘I
821 4790 1013 4887 χρόνον
1041 4790 1097 4866 ἐν
1128 4811 1206 4884 τῷ
1229 4790 1469 4883 δευτέρῳ
1499 4810 1610 4864 ἔτει
1639 4810 1740 4882 τῆς
1768 4808 1984 4881 Δαρείοι

2107 4827 2214 4873 me,
2257 4809 2420 4864 verba
2451 4807 2595 4862 bona
2625 4813 2680 4860 et
2733 4816 3020 4858 sermones
3057 4795 3480 4853 consolatorios.
3517 4813 3536 4843 ι
3574 4790 3686 4845 Nec

414 4908 510 4962 τοῦ
557 4906 862 4961 Ὑστάσπου
901 4905 1200 4976 βασιλείας.
1257 4904 1430 4957 Τοῦτο
1465 4903 1648 4958 τοίνυν
1680 4905 1709 4956 6
1745 4901 1839 4957 τοῦ
1867 4899 1984 4954 λαοῐ

2106 4917 2240 4959 vero
2279 4901 2448 4955 alium
2505 4897 2759 4967 angelum
2797 4893 2947 4949 hunc
2989 4892 3122 4945 dicit
3148 4903 3312 4960 quam
3367 4887 3544 4950 illum,
3591 4887 3685 4952 qui

419 4997 871 5071 προμηθούμενος
900 4997 1132 5065 ἄγγελος
1162 4997 1254 5050 τὸν
1279 4995 1387 5049 τῶν
1415 4995 1553 5050 ὅλων
1586 4993 1818 5049 ἱκετεύει
1842 4994 1984 5048 Θεὸν

2107 4996 2249 5050 inter
2285 5000 2505 5046 montes
2538 4985 2880 5043 consistebat
2920 5003 2933 5038 :
2968 4981 3062 5038 sed
3089 4979 3340 5036 eumdem
3380 4976 3554 5039 illum,
3591 4976 3688 5044 qui

417 5065 498 5156 εἰς
533 5065 605 5144 τε.
627 5065 727 5162 τὴν
754 5091 1060 5164 πρόρρησιν
1104 5089 1337 5150 ἀπιδεῖν,
1395 5089 1489 5142 καὶ
1530 5089 1624 5141 τὸν
1657 5086 1848 5157 χρόνον
1900 5102 1984 5137 πε-

2107 5096 2162 5141 et
2196 5085 2374 5154 ipsum
2409 5079 2820 5150 alloquebatur,
2863 5083 2915 5130 et
2965 5088 3065 5143 pro
3095 5071 3294 5142 p0pulo
3321 5065 3686 5139 supplicabat.

419 5159 965 5255 πληρωμένον-’ἱδεῖῆ
991 5182 1087 5234 καὶ
1123 5182 1223 5252 τὴν
1255 5181 1644 5253 ἀφιερωμένην
1673 5177 1828 5248 αύτῷ.
1846 5177 1984 5231 πόλιη

2108 5177 2451 5231 Dicitautem
2474 5187 2599 5227 eum
2634 5169 2690 5223 in
2729 5183 2789 5224 se
2810 5166 2987 5237 loqui,
3021 5163 3168 5236 quod
3194 5177 3305 5216 non
3349 5159 3532 5215 verbis
3573 5165 3710 5234 utea.

421 5276 627 5348 ἐρημίᾳ
682 5277 939 5329 παντελεῖ
996 5273 1436 5345 παραδεδομένην
1510 5271 1858 5324 ἐπιπλεῖστον
1925 5269 1984 5339 μί

2110 5276 2284 5330 retur,
2314 5273 2372 5323 et
2395 5277 2528 5320 voce
2556 5267 2711 5317 ntotu
2740 5259 2942 5330 linguae
2975 5271 3040 5312 ac
3081 5259 3501 5326 repercussione
3545 5262 3696 5315 acris

493 5451 517 5493 ι
554 5452 699 5510 Psal.
733 5468 831 5516 xc,
864 5452 913 5505 I.
1019 5459 1048 5488 ιι
1081 5449 1215 5506 ibid.
1246 5449 1299 5504 4.
1375 5457 1405 5488 ν
1437 5447 1579 5505 Psal.
1614 5463 1703 5503 τινι
1725 5487 1739 5514 ,
1778 5448 1829 5502 8.

1734 5601 1966 5658 νΛΙΗίΕ
2007 5599 2411 5658 LECTIONES.

481 5750 589 5822 ΨΩ
613 5749 802 5822 ὀρέων.
885 5749 986 5822 (1
1010 5747 1181 5822 iam.
1251 5747 1288 5776 "'
1333 5747 1659 5822 K6p.,__z.__-c_.
1702 5744 1773 5822 λε.
1804 5741 2002 5807 Supra,
2035 5735 2283 5816 p.-l9.“.’.7,
2316 5749 2502 5805 prtem.
2540 5732 2648 5786 Καὶ
2693 5727 2966 5799 ἀπεκρίθη
3010 5727 3039 5778 6
3075 5724 3299 5793 ἄγγελος
3337 5720 3564 5795 Κυρίου,
3600 5679 3694 5776 ita“.

431 5814 570 5876 εἷπε.
647 5813 713 5852 ἠ
735 5822 850 5883 τάς.
885 5819 960 5872 Ex
991 5821 1033 5871 Α
1063 5829 1114 5874 et
1144 5818 1184 5872 ti
1216 5819 1392 5888 suppl.
1428 5813 1436 5816 ’
1503 5817 1543 5847 ¹⁹
1575 5813 1712 5883 Κύρ.
1736 5813 1777 5867 (3
1803 5826 1993 5882 praem.
2031 5813 2149 5861 τοῦ.
