4090 6420
497 379 640 446 1383
1495 387 1980 456 THEODORETI
2006 394 2345 462 EPISCOPI
2371 403 2732 467 CYRENSIS
3626 410 3760 476 1884

497 493 810 562 articulata,
854 500 950 555 sed
989 501 1144 557 intus
1171 509 1425 566 sonante,
1469 515 1524 558 et
1571 507 1626 559 in
1663 506 1785 575 ipso
1812 506 2060 564 formata.

2173 513 2438 584 παριδεῖν.
2468 519 2576 571 Καὶ
2599 517 2803 590 ταύτην
2842 520 2870 573 ὁ
2900 514 3180 592 Δεσπότὴς
3205 523 3306 594 τὴν
3334 521 3570 578 ἱκετείαν
3597 522 3757 589 δεξά-

501 584 614 659 [ιτ]
649 588 744 646 Dei
791 592 976 664 itaque
1006 595 1324 664 benignitati
1367 598 1608 654 confisus
1644 607 1869 656 Sanctus
1902 617 2060 671 ange-

2180 621 2344 674 μενος
2379 622 2395 640 ο
2438 627 2456 660 ι
2488 584 2806 682 Ἀπεκρίθη,
2839 612 3003 682 φησὶν
3039 614 3068 666 δ
3093 584 3399 686 προφήτης,
3427 615 3505 686 τῷ
3535 584 3758 686 ἀγγέλῳ

498 679 757 752 lusjubet
786 687 1105 754 prophetam
1136 689 1399 750 clamare.
1430 699 1485 746 et
1512 691 1701 747 dicere
1742 710 1757 748 :
1935 735 1940 740 -

2177 697 2254 770 τῷ
2283 699 2532 755 λαλοῦντι
2561 705 2619 755 ὲν
2650 679 2796 773 ἐμοὶ,
2846 679 3069 776 ῥήματα
3101 679 3238 758 καλά
3263 679 3604 775 ’καὶήλόγους
3622 679 3634 685 ⁷
3654 679 3757 760 παῖ-

505 776 886 846 ρακλητικούς.
922 797 940 829 ι
989 779 1104 833 Οὐκ
1151 781 1310 835 ἄλλον
1363 784 1420 837 δὲ
1471 784 1700 854 ἄγγελον
1736 786 1925 842 τοῦτον
1985 790 2091 862 ἔφη
2136 793 2271 866 παρ’
2302 795 2511 850 ἐκεῖνον
2554 797 2648 851 τὸν
2682 799 2885 868 μεταξὺ
2937 799 3047 853 τῶν
3108 800 3251 872 ὀρῶν
3301 801 3592 873 ἑστηκότα,
3656 801 3756 855 ἀλλ

498 865 664 919 αὐτὸν
714 867 952 931 ἐκεῖνον,
1008 871 1102 922 καὶ
1152 873 1300 942 αύτῴ
1361 874 1881 946 προσδιαλεγόμενον
1913 917 1928 942 ,
1978 882 2073 934 καὶ
2134 865 2274 956 ὑπὲρ
2309 886 2402 940 τοῦ
2453 886 2584 941 λαοῦ
2647 865 3111 961 πρεσϐευόμενον.
3144 865 3335 961 ’Λέγει
3382 865 3439 945 δέ.
3488 865 3652 945 αὑτὸν
3697 893 3756 944 ἐν

495 955 646 1025 αὐτῷ
688 957 892 1021 λαλεῖν,
945 962 1134 1032 ἐπειδὴ
1187 964 1251 1018 ού
1298 965 1477 1034 λόγοις
1526 968 1809 1039 ἐκέχρητο,
1851 971 1946 1024 καὶ
1995 977 2145 1045 φωνῇ
2177 955 2389 1048 κινήσει
2420 978 2666 1050 γλώττης
2691 955 2785 1035 καὶ
2810 955 2974 1052 ἀέρος
3009 955 3302 1054 ἀντιτυπία
3327 981 3752 1054 διαρθρουμένῃν

492 1045 608 1100 ἀλλ’
657 1046 868 1103 ἔνδοθεν
900 1052 1258 1128 ὲνηχουμένῃ,
1331 1059 1425 1112 καὶ
1478 1059 1537 1112 ἐν
1588 1061 1739 1133 αὐτῷ
1787 1065 2123 1138 τυπουμένη.
2165 1045 2458 1142 Θαρσήσας
2505 1045 2685 1129 τοίνυν
2741 1077 2808 1146 τῇ
2860 1045 2964 1128 τού
3011 1073 3148 1128 Θεοῦ
3221 1045 3558 1146 εύμενε-ίαὸ
3595 1045 3754 1145 ἀγιος

495 1138 724 1207 ἄγγελος
789 1145 1222 1213 παρακελεύεται
1280 1149 1358 1220 τῷ
1425 1153 1681 1225 προφήτῃ
1751 1156 1946 1227 βοῆσαι
1977 1198 1992 1222 ,
2053 1161 2150 1214 καὶ
2199 1138 2375 1216 εἰπεῖν
2407 1180 2422 1194 ⁸

568 1254 590 1289 ι
636 1239 763 1296 Haec
805 1240 938 1297 dicit
982 1243 1247 1301 Dominus
1287 1249 1637 1318 omnipotens
1679 1268 1694 1305 ε
1742 1251 2060 1310 Prosecutus

2254 1278 2273 1311 ι
2315 1261 2453 1314 Τάδε
2493 1261 2643 1329 λέγει
2683 1261 2886 1330 Κύριος
2929 1261 3362 1335 παντοκράτωρ’
3405 1260 3688 1331 Ἑζήλωσα
3705 1263 3751 1296 ὀ

494 1345 616 1383 sum
636 1330 1071 1406 Hierosolymam
1087 1348 1141 1391 et
1157 1337 1376 1394 Sionem
1398 1341 1515 1396 zelo
1534 1358 1750 1414 magno.
1766 1344 2060 1419 (Vens.i5.j

2171 1347 2272 1418 τὴν
2300 1349 2438 1402 Σιὼν
2462 1350 2553 1402 καὶ
2569 1350 2667 1421 τὴν
2705 1351 3060 1421 Ἰερουσαλὴμ
3075 1330 3236 1421 ζῆλον
3259 1330 3452 1420 μέγαν.
3475 1330 3606 1420 (ιε’.)
3632 1352 3743 1404 Καὶ

498 1421 563 1475 Et
586 1424 664 1478 ira
693 1439 890 1496 magna
920 1443 1020 1499 ego
1051 1430 1267 1485 irascor
1289 1447 1455 1502 super
1487 1441 1696 1504 gentes,
1729 1452 1852 1505 qua:
1879 1454 2060 1510 super~

2173 1437 2343 1510 ὀργὴν
2401 1439 2643 1510 μεγάλην
2704 1439 2815 1509 ἐγὼ
2869 1441 3161 1512 ὀργίζομαι
3213 1441 3308 1493 ἐπὶ
3350 1440 3418 1494 τὰ
3495 1440 3624 1511 ἔθνη
3683 1442 3752 1495 τὰ

495 1512 762 1582 imposita:
812 1523 963 1582 sunt,
1021 1534 1120 1587 pro
1174 1534 1240 1574 eo
1283 1521 1426 1591 quod
1478 1537 1582 1593 ego
1621 1523 1846 1588 quidem
1900 1529 2060 1584 iratus

2178 1531 2659 1602 συνεπιτιθέμενα,
2713 1531 2833 1586 ἀνθ’
2873 1525 2949 1585 ὧν
2976 1531 3087 1599 ἐγὼ
3117 1531 3216 1602 μὲν
3245 1530 3528 1602 ὠργίσθην
3570 1531 3748 1598 ὀλίγα,

495 1620 618 1659 sum
649 1620 866 1674 parum,
895 1607 996 1677 ipsi
1019 1624 1148 1664 vero
1175 1613 1586 1682 superimpositi
1608 1622 1738 1669 sunt
1767 1616 1820 1670 in
1852 1617 2017 1673 mala.
2052 1638 2060 1671 ι

2181 1621 2335 1675 αὐτοὶ
2379 1622 2437 1675 δὲ
2491 1623 2846 1677 συνεπέθεντο
2892 1625 2969 1688 είς
3022 1625 3188 1685 xade
3233 1642 3253 1673 ι
3291 1623 3526 1688 θύκέτι,
3563 1623 3749 1692 φησὶν,

493 1700 613 1753 Νοη
647 1704 883 1773 amplius
907 1705 1231 1776 despiciam,
1260 1708 1461 1778 inquit,
1490 1726 1552 1764 ea
1575 1727 1695 1781 quae
1723 1721 1913 1767 contra
1943 1713 2060 1771 Hie-

2180 1712 2439 1784 ἀνέξομαι
2466 1715 2725 1785 περιιδεῖν
2753 1714 2820 1768 τὰ
2851 1713 2994 1768 κατὰ
3020 1715 3120 1785 τῆς
3163 1713 3518 1784 Ἰερουσαλὴμ
3542 1713 3752 1784 τολμώ-

493 1790 820 1860 rosolymam
857 1803 1244 1864 perpetrantur
1281 1814 1296 1850 :
1339 1798 1437 1852 sed
1491 1815 1683 1868 poenas
1734 1809 1973 1872 repetam
2004 1805 2060 1859 at

2181 1823 2357 1876 μενα,
2415 1804 2554 1858 ἀλλά
2599 1805 2755 1869 δίκας
2813 1805 3179 1876 εἰσπράξομαι
3229 1807 3354 1867 τοὺς
3402 1804 3760 1875 ὑπερϐάντας,

493 1879 560 1935 iis
611 1881 702 1948 qui
743 1881 979 1939 definitae
1010 1885 1063 1938 in
1095 1902 1214 1940 eam
1247 1889 1502 1944 vindictae
1526 1891 1744 1944 modum
1773 1892 2060 1960 excedunt,

2173 1897 2274 1968 τῆς
2305 1897 2450 1951 κατά
2476 1898 2576 1968 τῆς
2595 1898 2642 1930 ’ί
2669 1897 2980 1970 ὁρισθείσης
3007 1898 3282 1969 τιμωρίας
3309 1898 3370 1950 τὸ
3400 1897 3619 1968 μέτρον.
3651 1898 3751 1950 καὶ
3783 1954 3786 1957 _

491 1973 546 2018 et
586 1967 741 2036 plura
784 1983 951 2038 quam
981 1971 1203 2027 decreta
1238 1975 1373 2040 siut,
1437 1977 1578 2030 mala
1617 1977 1695 2030 i'lli
1727 1978 1928 2036 inferre
1975 1996 2082 2037 co-.

492 2069 710 2112 nantur.
744 2062 858 2131 Fgo
891 2063 1036 2116 enim
1064 2073 1122 2117 ut
1155 2081 1348 2136 poenas
1385 2070 1455 2124 ab
1493 2085 1556 2125 ea
1583 2072 1878 2142 exigerem,
1920 2075 2066 2144 quod

491 2165 646 2206 meas
665 2153 809 2222 leges
846 2155 1124 2220 violasset,
1170 2175 1288 2212 mea
1323 2161 1539 2230 1601.
1581 2163 1921 2231 providentia
1944 2180 2066 2228 eam

491 2239 719 2307 spoliavi
749 2260 762 2294 :
791 2242 842 2294 hi
871 2259 1022 2310 vero,
1052 2257 1271 2316 accepta
1306 2249 1433 2304 inde
1470 2249 1691 2316 ﬁducia,
1723 2252 1923 2306 nullam
1945 2253 2066 2323 ejus

490 2329 718 2381 vexandi
762 2331 1070 2387 satietatem
1111 2349 1308 2403 capere
1343 2338 1652 2393 voluerunt.
1690 2340 1869 2406 Quare
1913 2342 2065 2410 justo

489 2422 611 2477 zelo
631 2431 812 2491 utens,
834 2428 882 2481 ei
917 2427 1136 2498 quidem
1167 2445 1409 2500 parcam,
1434 2433 1502 2487 ab
1534 2434 1616 2488 his
1651 2450 1778 2489 vero
1810 2436 2065 2492 adinissa‘.

489 2514 732 2569 audaciae
785 2532 978 2586 poenas
1024 2529 1288 2589 repetam.
1344 2522 1578 2595 [[6,17]
1619 2524 1820 2580 Deinde
1851 2529 2056 2588 miseri-

488 2606 692 2661 cordia)
724 2624 943 2678 quoque
988 2613 1209 2666 modum
1254 2615 1503 2683 exponit,
1557 2623 1610 2669 et
1636 2615 1836 2673 divinae
1863 2619 2063 2674 domus

487 2695 869 2753 :ediliealionis
895 2702 1054 2754 linem
1089 2703 1399 2771 pollicetur,
1429 2714 1485 2759 et
1510 2706 1663 2761 urbis
1703 2708 2060 2762 instauratio-

489 2801 636 2851 nem,
662 2797 719 2842 et
756 2805 1038 2846 murorum
1074 2793 1510 2848 restitutionem.
1560 2794 1673 2850 Hoc
1707 2799 1852 2851 enim
1879 2799 2060 2854 decla-

487 2885 595 2942 rat,
637 2897 654 2929 ι
696 2895 954 2935 mensura
988 2885 1005 2904 ⁴
1047 2883 1225 2938 adhuc
1251 2886 1578 2941 extendetur
1603 2905 1768 2958 super
1799 2889 2060 2947 Hieroso-

489 2969 710 3039 lymam.
758 2991 775 3023 ι
817 2971 1029 3029 Rursus
1062 2985 1243 3029 autem
1284 2977 1613 3034 illisanctus
1652 2981 1878 3049 angelus
1916 2999 2056 3052 pra:-

487 3060 633 3130 repit
671 3069 729 3115 ut
759 3064 1044 3128 clamaret,
1083 3073 1138 3119 et
1174 3065 1314 3121 dixit
1346 3087 1358 3122 :
1394 3087 1412 3119 ι
1449 3068 1575 3124 Haec
1620 3071 1754 3124 dicit
1793 3069 2057 3132 Dominus

487 3150 886 3220 omnipotens:
936 3157 1128 3209 Adhuc
1162 3155 1535 3214 diﬂ'undentur
1583 3162 1830 3220 civitates
1874 3165 2055 3230 bonis,

2176 1989 2398 2044 πλείονα
2434 1990 2541 2043 τῶν
2572 1991 3096 2060 καταψηφισθέντων
3146 1990 3447 2058 ἐπαγαγεῖν
3488 1990 3626 2060 αὐτῇ
3656 2007 3748 2042 τεο

2175 2077 2517 2148 τολμηκότας
2576 2078 2745 2133 κακά.
2812 2076 2955 2146 Ἐγὼ
3011 2077 3111 2147 μὲν
3160 2079 3270 2148 γὰρ
3329 2077 3496 2148 αὐτὴν
3556 2076 3748 2147 ποινὴν

2174 2170 2637 2241 εἰσπραττόμενος
2657 2171 2724 2231 ²²,
2757 2169 2833 2231 ὼς
2860 2170 2938 2231 είς
2963 2169 3089 2231 τοὺς
3122 2169 3292 2239 ἐμοὺς
3315 2169 3746 2240 πεπαρανὸμηκε

2173 2260 2391 2330 νόμους,
2428 2261 2528 2329 τῆς
2565 2259 2702 2329 ὲμῆς
2731 2259 2901 2329 αὐτὴν
2945 2258 3202 2329 προνοίας
3244 2257 3538 2327 ὲγύμνωσα
3560 2272 3574 2284 ·
3611 2258 3750 2318 ἐκεῖ·

2173 2369 2256 2406 νοι
2288 2351 2345 2404 δὲ
2378 2353 2475 2420 τὴν
2514 2350 2766 2403 ἐντεῦθεν
2791 2349 2976 2402 ἄδειαν
2997 2349 3306 2418 εἰληφότες,
3357 2349 3521 2420 κόρον
3559 2348 3758 2402 λαὸεῖν

2170 2442 2279 2495 τῶν
2337 2442 2459 2496 κατ’
2509 2441 2682 2510 αὐτῆς
2738 2440 2922 2494 κακῶν
2959 2441 3060 2494 οὐκ
3113 2440 3426 2510 ἠθέλησαν
3478 2440 3559 2493 διὸ
3597 2440 3746 2510 ζήλῳ

2169 2533 2363 2603 δικαίῳ
2416 2533 2758 2604 χρησάμενος
2784 2573 2798 2594 ,
2854 2532 3024 2603 αὐτὴν
3083 2532 3180 2603 μὲν
3231 2531 3448 2596 ἀξιώσω
3501 2531 3741 2600 φειδοῦς,

2171 2625 2412 2689 ἐκείνους
2463 2625 2523 2682 δὲ
2582 2625 2689 2678 τῶν
2748 2623 3169 2694 τετολμημένων
3223 2623 3515 2693 ἀπαιτήσω
3562 2623 3739 2686 δίκας.

2170 2713 2301 2771 Εἶτα
2343 2716 2492 2783 λέγει
2533 2716 2626 2768 καὶ
2668 2715 2762 2768 τοῦ
2804 2715 2957 2768 ἐλέου
2987 2716 3078 2768 τὸν
3107 2714 3312 2785 τρόπον
3335 2755 3348 2776 ,
3387 2717 3484 2767 καὶ
3515 2715 3614 2785 τῆς
3647 2714 3743 2767 τοῦ

2169 2808 2312 2863 θείου
2339 2809 2490 2861 οἴκου
2518 2807 2809 2878 οἰκοδομῆς
2843 2806 3186 2876 ὑπισχνεῖται
3211 2807 3273 2859 τὸ
3301 2807 3473 2870 τέλος,
3509 2807 3603 2860 καὶ
3645 2807 3746 2876 τῆς

2168 2897 2376 2959 πόλεως
2426 2895 2524 2967 τὴν
2573 2895 2904 2965 νεουργίαν.
2957 2895 3053 2948 καὶ
3109 2895 3215 2964 τὴν
3260 2895 3371 2948 τῶν
3436 2895 3742 2965 περισόλων

2166 2988 2484 3042 ἀνάστασιν.
2521 2987 2694 3040 Τοῦτο
2727 2987 2835 3056 γὰρ
2875 2987 3058 3056 δηλοῖ·
3097 3005 3115 3036 ι
3150 2987 3225 3038 Τὸ
3263 2986 3462 3057 μέτρον
3506 2986 3742 3056 ὲκταθή-

2167 3093 2326 3131 σεται
2351 3077 2444 3130 ἐπὶ
2482 3076 2839 3148 Ἰερουσαλὴμ
2889 3075 2991 3130 ἔτι.
3026 3095 3044 3127 ι
3079 3077 3190 3129 Καὶ
3224 3072 3380 3139 αὖθις
3420 3075 3479 3129 δὲ
3526 3075 3742 3144 αύτῷη

2163 3167 2194 3220 δ
2232 3168 2386 3236 ἅγιος
2430 3167 2662 3235 ἄγγελος
2708 3166 3074 3239 παρηγγύησε
3118 3165 3312 3236 βοῆσαι
3336 3205 3351 3226 ,
3399 3167 3503 3218 καὶ*
3543 3161 3764 3224 εἶπενο.

486 3248 542 3294 ct
573 3240 925 3297 miserebitur
977 3243 1246 3302 Dominus
1297 3249 1478 3304 adhuc
1543 3249 1752 3319 Sionis,
1791 3263 1847 3309 et
1894 3255 2060 3326 eliget

2171 3277 2189 3309 ι
2224 3258 2364 3312 Τάδε
2394 3257 2542 3326 λέγει
2582 3255 2788 3328 Κύριος
2832 3254 3232 3327 παντοκράτωρ
3257 3271 3270 3284 ·
3318 3255 3442 3308 Ἔτι
3479 3253 3743 3324 διαχυθῆ-

485 3326 663 3382 adhuc
711 3328 1170 3404 Hierosolymam.
1215 3355 1234 3387 ι
1304 3337 1492 3394 Multis
1543 3341 1763 3410 quidem
1832 3346 2062 3401 urbibus

484 3417 683 3475 Judmze
726 3422 990 3478 bonorum
1044 3428 1262 3497 cupiam
1297 3429 1598 3500 largietur;
1649 3433 1752 3489 hoc
1781 3435 1928 3490 enim
1961 3436 2063 3491 do-

484 3513 617 3580 cuit,
675 3529 800 3569 cum
840 3516 1030 3573 dixit:
1073 3537 1109 3572 ι.
1143 3519 1336 3576 Adhuc
1391 3523 1770 3579 diﬂundentur
1807 3528 2074 3584 civitates.

484 3605 642 3658 bonis
677 3623 692 3659 :
733 3624 752 3658 ι
791 3607 883 3661 sed
926 3619 1106 3664 tamen
1143 3611 1323 3667 adhuc
1347 3614 1472 3670 aliis
1494 3615 1929 3689 Hierosolymam
1959 3637 2060 3675 an-

483 3702 729 3762 ιρῃοηρι,
753 3704 806 3750 et
832 3700 1360 3771 antiquaprivilegia
1384 3705 1668 3773 prmbebit.
1694 3707 1798 3763 Sed
1817 3709 2064 3768 animad-

483 3783 804 3838 vertendum
833 3795 936 3851 est,
974 3789 1256 3858 quodnon
1289 3794 1678 3863 sempiternam
1707 3799 1790 3853 eis
1821 3797 2061 3856 felicita-

482 3881 592 3927 tem
631 3878 962 3945 promiserit,
994 3879 1094 3963 sed
1117 3889 1327 3952 tempus
1367 3885 1640 3955 quoddam
1672 3889 2059 3962 designaverit,

483 3965 670 4024 dicens
713 3968 883 4023 adhuc
912 3987 931 4025 :
976 3983 1404 4043 prmmonstrans
1453 3977 1568 4033 fore
1603 3990 1846 4048 ut,_cum
1888 3983 2061 4043 haeres

481 4058 781 4124 advenerit,
818 4062 905 4117 lex
932 4067 1201 4121 meonomi
1234 4075 1290 4122 et
1326 4071 1611 4128 curatoris
1645 4073 1797 4130 vices
1839 4091 2056 4146 gerens,

482 4163 818 4218 supervacua
850 4153 1122 4221 videatur,
1172 4166 1228 4212 et
1261 4158 1425 4214 simul
1468 4174 1591 4215 cum
1641 4178 1704 4218 ea
1737 4164 1916 4230 locus,
1964 4168 2080 4237 qui.

485 4242 706 4311 legalem
739 4243 947 4298 cultum
1002 4257 1310 4316 exceperat.
1365 4248 1480 4321 με,
1532 4250 1622 4324 i9]
1654 4251 1784 4309 inde
1814 4254 1884 4309 ad
1919 4256 2056 4312 alte.-

481 4334 599 4388 rius
629 4334 858 4390 visionis
918 4337 1290 4393 narrationem
1345 4356 1404 4396 se
1431 4344 1730 4408 convertit,
1781 4345 1971 4415 aitque
1999 4361 2082 4404 se...

480 4434 709 4492 quatuor
741 4442 940 4480 cornua
970 4427 1191 4494 vidisse,
1220 4438 1383 4500 atque
1430 4432 1499 4487 ab
1526 4435 1727 4503 angelo
1757 4450 1855 4503 per
1893 4437 2059 4492 inter-

2169 3366 2356 3403 σονται
2407 3349 2594 3413 πόλεις
2639 3351 2696 3402 ἐν
2732 3348 2989 3417 ἀγαθοῖς,
3036 3349 3131 3401 καὶ
3159 3347 3371 3416 ἐλεήσει
3416 3346 3496 3401 ἔτι
3538 3346 3744 3417 Κύριος

2162 3441 2264 3512 τὴν
2311 3439 2484 3508 Σιὼν,
2537 3439 2636 3494 καὶ
2682 3440 2914 3511 αἱρετιεῖ
2951 3439 3033 3492 ἔτι
3076 3439 3174 3508 τὴν
3195 3441 3244 3470 ’⁸
3301 3438 3749 3508 Ἰερουσαλήμει.

2164 3531 2394 3596 Πολλαῖς
2438 3531 2538 3601 μὲν
2567 3529 2755 3583 πόλεσι
2784 3529 2883 3598 τῆς
2925 3529 3188 3589 Ἰουδαίας
3216 3527 3444 3597 παρέξει
3471 3527 3583 3581 τῶν
3609 3527 3745 3595 ἀγα-

2164 3624 2272 3677 θῶν
2299 3623 2398 3694 τὴν
2426 3622 2720 3691 ἀφθονίαν*
2774 3619 2935 3673 τοῦτο
2984 3620 3094 3691 γὰρ
3140 3618 3528 3690 παρεδήλωσεν
3584 3621 3742 3688 εἰρηο

2163 3712 2316 3777 κὼςο
2357 3733 2377 3765 ι
2419 3714 2544 3766 Ἐτι
2589 3711 3006 3781 διαχυθήσονται
3072 3709 3254 3773 πόλεις
3310 3711 3369 3764 ὲν
3416 3708 3675 3778 ἀγαθοῖς·
3715 3727 3734 3760 ι

2162 3804 2278 3858 ἀλλ’
2305 3805 2453 3874 ὅμως
2494 3803 2576 3854 ἔτι
2605 3801 2714 3854 τῶν
2757 3802 2933 3856 ἄλλων
2968 3802 3299 3872 προτιμήσει
3327 3800 3427 3871 τήν
3466 3801 3743 3870 Ἱερουσοφ

2161 3895 2292 3966 λὴμ,
2326 3895 2423 3948 καὶ
2463 3892 2533 3947 τὰ
2583 3892 2792 3947 παλαιά
2821 3891 3052 3965 παρέξει
3082 3893 3375 3964 προνόμια.
3424 3893 3752 3964 Ἐπισημή-,

2161 3987 2358 4042 νασθαι
2399 3985 2458 4040 δὲ
2487 3986 2776 4057 προσήκει,
2804 3985 2881 4049 ὡς
2926 3987 3027 4040 οὐκ
3053 3986 3273 4040 αἰώνιον
3303 3985 3488 4048 αὐτοῖς
3514 3985 3614 4055 τὴν
3645 3985 3741 4038 εύ-

2160 4077 2398 4148 πραξίαν
2430 4075 2696 4146 ὑπέσχετο
2721 4115 2736 4140 ,
2771 4075 2906 4130 ἀλλὰ
2948 4075 3140 4146 χρόνον
3170 4075 3290 4129 τινὰ
3321 4075 3733 4146 παρεδήλωσεν,

2161 4165 2419 4238 εἰρηκὼς,
2453 4167 2595 4230 Ἔτι,
2614 4166 2990 4237 προδιδάσκων
3018 4167 3093 4229 ὡς
3124 4165 3222 4219 τοῦ
3243 4167 3587 4261 κληρονόμου
3629 4184 3738 4236 φα-

2159 4257 2379 4319 νέντος,
2437 4259 2466 4310 ὁ
2491 4257 2774 4327 οἰκονόμου
2830 4257 2926 4311 καὶ
2973 4257 3271 4329 ἐπιτρόπου
3313 4257 3466 4321 τάξιν
3509 4257 3728 4326 ἐπέχων

2158 4346 2320 4416 νόμος
2346 4347 2515 4418 ἀργὸς
2534 4349 2925 4416 ἀναφανεῖται)
2961 4348 3260 4419 συντούτῳ
3293 4350 3388 4402 καὶ
3411 4349 3458 4380 ’³
3481 4349 3510 4401 ὁ
3541 4349 3732 4412 τόπος,

2157 4437 2206 4504 ὁ,
2238 4437 2338 4504 τὴν
2400 4438 2550 4502 κατὰ,
2585 4438 2775 4492 τοῦτον
2831 4438 3088 4510 λατρείαν
3154 4438 3465 4509 δεξάμενος,
3521 4437 3736 4491 Ἐνιπεῦ.-

483 4515 816 4585 rogationem
843 4516 1127 4583 didicisse,
1156 4520 1272 4576 haec
1293 4536 1416 4578 esse
1438 4538 1560 4592 qua:
1584 4523 1778 4578 Iudam
1803 4533 1857 4580 et
1881 4529 2057 4583 israe-

483 4600 580 4623 I-..-
621 4603 846 4623 .l!-_-_,!
895 4622 900 4623 ,
987 4614 1001 4623 .
1060 4606 1152 4623 ι’ΛΛ
1208 4609 1301 4623 nam
1338 4609 1376 4623 -ι
1415 4612 1427 4623 ο
1493 4612 1506 4623 ι
1869 4615 1880 4623 .
1982 4617 2050 4623 μ-

2163 4526 2252 4579 θεν
2299 4529 2377 4592 είς
2413 4529 2605 4598 ἐτέρας
2657 4529 2925 4593 ὀπτασίας
2978 4530 3230 4601 διήγησιν
3289 4530 3588 4600 μεταφέρει
3640 4530 3736 4584 τὸν

481 4600 583 4654 lem
614 4603 1026 4675 dispersissent.
1060 4606 1178 4680 βο,
1208 4609 1301 4681 21]
1338 4609 1544 4667 Deinde
1593 4628 1788 4668 rursus
1833 4615 1923 4669 ait,
1949 4617 2053 4672 sibi

2163 4619 2348 4688 λόγον,
2401 4621 2492 4674 καί
2540 4639 2673 4690 φησι
2698 4621 2965 4691 τέσσαρα
3017 4600 3135 4693 μὲν
3159 4621 3450 4676 τεθεᾶσθαι
3491 4621 3734 4690 κέρατα,

483 4693 693 4763 1602
722 4711 753 4749 a
791 4695 900 4752 Deo
922 4709 1175 4756 ostensos
1229 4701 1401 4758 fuisse
1450 4703 1676 4758 totidem
1710 4719 1939 4762 numero
1968 4707 2053 4762 fa-

480 4785 630 4845 bros.
663 4801 859 4844 rursus
892 4804 952 4846 se
990 4792 1383 4864 interrogasse,
1413 4804 1468 4849 et
1500 4795 1781 4851 audivisse
1826 4815 1840 4852 :
1873 4818 1892 4850 ι
1931 4798 2054 4856 Haec

479 4882 609 4927 sunt
645 4890 876 4943 cornua,
909 4896 1030 4948 qua:
1053 4881 1249 4936 ludam
1273 4893 1327 4938 et
1351 4883 1605 4940 lsraelem
1633 4885 2049 4954 disperserunt:

477 4972 530 5016 et
560 4966 766 5033 egressi
795 4976 925 5023 sunt
960 4970 1074 5036 isti,
1111 4981 1172 5027 ut
1218 4981 1491 5028 exacuant
1516 4990 1580 5030 ea
1627 4976 1881 5036 manibus
1910 4981 2048 5037 suis.

478 5055 729 5120 Quatuor
755 5074 960 5117 cornua
996 5074 1186 5134 gentes
1205 5076 1355 5132 sunt,
1385 5085 1507 5140 quae
1529 5071 1849 5126 levaverunt
1880 5090 2053 5130 cornu

479 5163 645 5215 super
671 5158 873 5206 terram
915 5155 1157 5225 Domini,
1184 5169 1244 5214 ut
1268 5161 1644 5233 dispergerent
1671 5177 1814 5217 eam.
1857 5183 1877 5215 ι
1912 5165 2055 5222 Dicit

478 5238 664 5309 itaque
734 5244 1038 5305 invisibiles
1098 5261 1398 5322 potestates
1441 5269 1473 5308 a
1515 5253 1626 5310 Deo
1669 5252 2051 5312 universorum

469 5328 657 5397 jussas
684 5349 806 5390 esse
823 5337 922 5393 has
939 5351 1128 5411 gentes
1142 5343 1376 5400 invicem
1395 5346 1674 5401 concitare
1689 5354 1744 5401 et
1758 5359 2049 5410 exacuere,

2160 4711 2541 4782 μεμαθηκέναι
2577 4712 2633 4766 δὲ
2660 4713 2730 4766 δι’
2773 4713 3100 4784 ἐρωτήσεως
3126 4713 3235 4766 ἀπὸ
3258 4714 3302 4744 ⁸⁸
3348 4712 3444 4766 τοῦ
3471 4713 3730 4780 ἀγγέλου,

2154 4802 2237 4854 ὅτι
2271 4801 2497 4855 τοιαῦτά
2517 4804 2561 4834 ³⁷
2606 4805 2724 4856 ἐστι
2772 4803 2842 4856 τὰ
2873 4803 3340 4874 διασκορπίσαντα
3381 4803 3474 4856 τὸν
3533 4803 3734 4856 Ἰούδαν

2155 4893 2266 4947 καὶ
2290 4893 2391 4962 τὴν
2434 4893 2812 4963 Ἰερουσαλήμ.
2863 4888 3000 4947 Εἶτα
3043 4893 3194 4962 λέγει
3247 4893 3449 4957 πάλιν,
3493 4892 3600 4945 ὑπὸ
3633 4892 3733 4945 τοῦ

2154 4981 2292 5036 Θεοῦ
2313 4983 2420 5036 τῶν
2450 4983 2588 5037 ὅλων
2615 4983 2890 5054 δειχθῆναι
2917 4983 3068 5054 αύτῷ
3096 4985 3355 5048 τέκτονας
3381 4982 3728 5057 ἰσαρίθμους,

2151 5075 2244 5125 καὶ
2273 5072 2435 5126 πάλιν
2485 5072 2782 5133 πυθέσθαι,
2820 5073 2929 5125 ’καὶ
2968 5074 3302 5144 ἀκηκοέναι,
3347 5075 3431 5126 ὅτι
3466 5092 3486 5124 ι
3538 5072 3582 5124 Τ
3587 5070 3728 5124 αὔτα

2150 5164 2217 5218 τά
2253 5165 2460 5234 κέρατα
2488 5165 2580 5216 τὸν
2607 5164 2806 5218 Ἰούδαν
2833 5165 2924 5217 καὶ
2946 5165 3036 5218 τὸν
3073 5165 3291 5237 Ἰσραήλ
3322 5165 3722 5235 σκορπίσαντα·

2150 5255 2244 5308 καὶ
2262 5255 2308 5286 ³⁸
2348 5252 2570 5324 ἐξῆλθον
2601 5246 2746 5306 οὗτοι
2776 5253 2962 5318 ὀξῦναι
2993 5255 3133 5308 αύτά
3162 5256 3242 5317 εἰς
3276 5256 3467 5324 χεῖρας
3499 5252 3682 5306 αὐτῶν
3704 5269 3721 5284 ο

2149 5345 2220 5397 τὰ
2266 5343 2504 5414 τέσσαρα
2549 5345 2761 5414 κέρατα,
2799 5345 2926 5415 ἔθνη
2974 5345 3312 5417 ὲπαιρὸμενα
3357 5345 3582 5428 κέρας²⁹
3631 5344 3726 5397 ἐπὶ

1770 5518 2008 5575 νΑιιιΑξ
2048 5517 2453 5575 LECTIONES.

545 5597 590 5628 ’θ
620 5598 663 5649 Λ
685 5597 932 5660 ἐζήλωκα
955 5603 1051 5673 την
1091 5606 1215 5677 Ὶερ.
1243 5625 1296 5660 κ.
1325 5625 1374 5662 τ.
1410 5611 1566 5665 Σιών.
1646 5614 1684 5643 ³³
1715 5613 1756 5666 C
1795 5614 1914 5666 κατ’
1963 5614 2152 5686 αὐτῆς.

546 5670 654 5737 τῇη
711 5669 759 5699 ³⁸
782 5671 898 5737 τήν.
927 5672 998 5726 Ex
1032 5677 1074 5728 A
1104 5687 1156 5732 et
1184 5678 1226 5733 (ὲ
1257 5679 1435 5737 suppl.
1512 5683 1557 5710 ²¹⁶
1589 5681 1699 5736 καί.
1728 5683 1769 5736 (Ζ
1798 5698 1983 5737 ιιιοιειιι.
2018 5684 2094 5737 δέ.

1589 5699 1699 5736 και.
1728 5698 1769 5736 ιλ
1798 5698 1983 5752 praem.
2018 5698 2094 5737 0:.

473 5668 759 5792 Eiram:
782 5671 898 5742 τήν.
927 5668 1074 5728 ΕκἈ
1104 5668 1226 5733 ρι’(ὲ
1257 5679 1435 5746 suppl.

557 5754 602 5790 ε.
759 5779 769 5791 .

557 5754 602 5790 S.
639 5754 769 5791 ιυιυ.

2253 5614 2299 5643 ’³
2334 5611 2375 5665 C
2415 5612 2806 5681 πραττόμενος.
2913 5614 2958 5642 ²³
2990 5613 3157 5682 αὐτῷ.
3219 5612 3365 5666 ιίιὶὶῑ.
3399 5612 3549 5682 prior
3592 5611 3722 5682 hab.

2175 5683 2218 5714 ³⁸
2243 5683 2282 5737 C
2306 5682 2426 5734 ὑπύ.
2506 5684 2549 5713 ’⁷
2576 5683 2616 5736 (.1
2647 5683 2839 5734 ταῦτα.
2919 5685 2963 5713 ³³⁸
2991 5684 3100 5736 καί.
3142 5683 3262 5738 Des.
3301 5683 3354 5738 in
3386 5681 3449 5739 (Β.
3515 5683 3560 5713 ¹⁹
3596 5681 3719 5750 κέρ.
