4090 6398
337 338 484 404 1885

1530 350 1611 410 IN
1647 351 2044 412 ZACHARIIE
2097 355 2254 416 CAP.
2291 359 2372 416 Il.

3456 360 3596 427 1886

334 465 436 535 τὴν
477 465 582 536 γῆν
611 464 856 536 Κυρίου,
911 467 1004 523 1:06
1033 467 1416 540 διασκορπίσαι
1462 469 1656 541 αὐτήν.
1693 489 1712 522 ι
1751 471 1912 538 Λέγει

2034 483 2070 526 ιι
2103 489 2295 543 pomus
2341 481 2484 531 inter
2525 491 2588 532 se
2643 485 2839 532 mutuo
2890 478 3084 534 darent
3153 493 3342 535 eorum
3392 478 3597 548 quibus

333 555 521 610 τοίνυν
565 556 648 610 δτι
681 558 735 608 αἱ
781 557 1003 628 ἀόρατοι
1045 557 1304 627 δυνάμεις
1353 559 1458 612 ὑπὸ
1500 559 1596 612 1:06
1639 560 1776 614 Θεοῦ
1810 561 1918 614 τῶν

335 648 480 702 ὅλων
508 648 960 720 προσετάχθησαν
987 646 1108 704 κατ’
1137 650 1384 722 ἀλλήλων
1413 651 1625 724 ἐγεῖραι
1653 652 1749 705 καὶ
1777 669 1918 724 παρ-

336 737 528 806 οξῦναι
550 739 726 794 ταῦτα
745 741 815 794 τά
840 739 990 812 ἔθνη,
1015 740 1156 795 ὥστε
1176 741 1245 796 δι’
1273 741 1522 814 ἀλλήλων
1542 743 1727 797 δοῦναι
1754 743 1911 808 δίκας

337 818 418 878 ὧν
469 825 612 880 κατὰ
659 826 754 880 τοῦ
817 828 1034 899 Ἰσραήλ
1085 829 1539 908 ἐπλημμέλησαν.
1583 831 1756 885 Τοῦτο
1806 832 1916 904 γάρ

339 917 693 990 παρεδήλωσε
719 935 734 949 ο
763 937 783 970 ι
813 919 920 973 T06
946 921 1295 987 6&6vara6‘cé
1324 923 1404 985 είς
1432 925 1624 994 χεῖρας
1656 924 1856 979 αὐτῶν.
1889 944 1908 977 ι

343 1008 622 1080 Τέσσαρα
648 1009 707 1064 δὲ
733 1010 911 1079 λέγει,
931 1013 1032 1067 ούκ
1052 1014 1226 1068 ὲθνῶν
1254 1032 1420 1068 τινων
1450 1015 1686 1086 ἀριθμὸν
1720 1015 1918 1086 δηλῶν,

338 1098 459 1152 ἀλλ’
499 1099 687 1171 ἐπειδὴ
729 1101 974 1171 τέσσαρα
1013 1104 1112 1173 τῆς
1160 1103 1491 1176 οἰκουμένης
1518 1103 1588 1157 τὲ
1629 1106 1920 1175 τμήματα.

339 1191 402 1243 τὸ
433 1188 568 1260 ὲῷον
597 1230 613 1252 ,
645 1190 708 1244 τὺ
736 1191 992 1263 ἑσπέριον
1016 1237 1030 1258 ,
1079 1194 1140 1246 τὸ
1179 1195 1352 1248 νότιον
1377 1235 1392 1259 ,
1423 1194 1486 1248 τὸ
1523 1195 1732 1266 βόρειον
1753 1211 1768 1225 °
1830 1197 1926 1248 έπ-

340 1282 509 1350 ῆλθον
533 1283 590 1336 δὲ
617 1282 799 1348 αὐτοῖς
823 1285 870 1337 οἱ
905 1285 1002 1355 μὲν
1031 1286 1204 1350 ἔνθεν,
1234 1288 1281 1338 οἱ
1307 1286 1363 1339 δὲ
1386 1286 1594 1340 ἐκεῖθεν
1615 1302 1629 1316 ⁸
1659 1287 1789 1340 ποτὲ
1824 1288 1923 1358 μὲν

356 1374 675 1444 Ἀσσύριοι,
723 1375 820 1429 καὶ
863 1375 1232 1430 Βαϐυλώνιοιο
1282 1378 1414 1431 ποτὲ
1482 1377 1540 1430 δὲ
1598 1379 1916 1447 ἀλλόφυλοι,

341 1461 441 1514 καὶ
471 1463 760 1532 Αἰγύπτιοι
787 1481 802 1495 ο
830 1465 1017 1520 ἄλλοτε
1039 1466 1096 1519 δὲ
1137 1467 1446 1536 Ἰδουμαῖοι,
1475 1468 1571 1520 καὶ
1601 1468 1916 1536 Μωαϐῖται,

342 1553 441 1606 καὶ
474 1554 801 1625 Ἀμμανῖται
828 1573 843 1589 ·
879 1557 1146 1626 τέσσαρα
1161 1557 1378 1627 κέρατα
1424 1560 1549 1623 τοὺς
1574 1560 1764 1614 ἐκτῶν
1799 1577 1919 1612 τεσ-

343 1645 531 1715 σάρων
553 1648 860 1717 τμημάτων
891 1649 1075 1712 αὐτοῖς
1113 1649 1443 1714 ἐπελθόντας
1481 1651 1915 1722 προσηγόρευσε.

2021 564 2278 622 lsraelcm
2319 567 2704 624 oll‘endissent.
2754 567 2872 624 Hoc
2929 571 3074 626 enim
3109 571 3432 636 declaravit,
3471 585 3597 624 cum

2029 655 2169 712 dixit
2221 675 2234 712 :
2279 677 2299 711 ι
2346 657 2417 713 Ut
2450 669 2722 714 exacuant
2772 676 2836 715 ea
2895 661 3153 716 manibus
3199 661 3335 716 suis.
3383 679 3402 713 ι
3458 660 3596 715 Cum

2019 753 2204 802 autem
2243 759 2478 819 quatuor
2506 749 2663 814 dicit,
2693 766 2802 805 non
2827 751 3072 821 gentium
3106 753 3470 822 quarumdam
3493 766 3599 805 nu-

2019 853 2229 893 merum
2251 840 2546 910 exprimit;
2569 841 2665 897 sed
2695 843 2824 912 quia
2860 851 3099 912 quatuor
3127 842 3278 896 orbis
3309 849 3440 896 sunt
3466 856 3590 911 para

2017 939 2120 996 tes,
2147 932 2355 998 oriens,
2387 933 2670 997 occidens,
2705 935 2980 1000 meridies,
3025 933 3346 1003 septentrio,
3386 933 3444 987 in
3475 933 3598 987 illos
3676 953 3684 962 -

2017 1028 2200 1075 autem
2237 1021 2520 1078 irruerunt
2538 1024 2664 1078 hinc
2687 1025 2801 1090 isti,
2837 1025 2987 1080 illinc
3027 1026 3142 1089 alii,
3185 1039 3333 1079 nunc
3374 1023 3597 1093 quidem

2015 1109 2232 1182 Assyrii
2279 1121 2336 1167 ct
2386 1113 2689 1184 Babylonii,
2739 1131 2888 1171 nunc
2929 1116 3188 1186 allophyli
3237 1125 3290 1170 et
3329 1112 3595 1186 Egyptii,

2019 1202 2156 1256 alias
2180 1201 2423 1270 ldutnzei,
2475 1215 2530 1260 et
2580 1206 2852 1269 Moabitae,
2891 1217 2944 1262 et
2977 1208 3596 1276 Ammonitrc;quatuor

2020 1307 2219 1346 cornua
2243 1295 2539 1362 appellavit
2571 1311 2671 1350 eos
2721 1296 2816 1366 qui
2839 1312 2904 1350 ex
2934 1304 3174 1366 quatuor
3200 1295 3444 1364 partibus
3471 1292 3598 1346 illos

2026 1381 2371 1439 invaserunt.
2411 1385 2507 1441 llis
2539 1386 2763 1442 totidem
2805 1402 3038 1442 numero
3067 1387 3311 1456 praefecit
3341 1381 3594 1439 invisibi-

2024 1475 2105 1529 les
2127 1483 2456 1544 poteSIates,
2483 1486 2542 1532 ut
2563 1493 2660 1534 eos
2688 1479 2833 1532 inter
2855 1495 2914 1535 se
2949 1483 3354 1543 eommoveant,
3389 1482 3446 1530 ut
3478 1487 3598 1545 pm-

2024 1579 2126 1620 nas
2157 1577 2347 1622 Inutuo
2379 1568 2522 1623 inter
2570 1585 2630 1625 se
2673 1577 2925 1639 repetant
2969 1583 3158 1624 eorum
3187 1583 3311 1638 quae
3361 1565 3598 1620 admisc—

2021 1665 2171 1712 runt.

346 1735 579 1801 Τούτοις
621 1741 944 1812 ἰσαρίθμους
990 1742 1294 1812 ἐπέστησεν
1341 1743 1609 1814 άοράτους
1637 1744 1914 1815 δυνάμεις,
1949 1749 2086 1803 κατ’»
2111 1749 2360 1821 ἀλλήλων
2393 1751 2591 1816 αὐτοὺς
2615 1751 3024 1822 διεγειρούσας,
3078 1751 3148 1804 ἶν’
3209 1750 3297 1802 ὑπ’
3359 1745 3600 1816 ἀλλήλων

345 1829 756 1900 εἰσπραχθῶσιν
784 1825 860 1886 ῶν
885 1831 1196 1904 ἐτόλμησαν
1225 1833 1402 1897 δίκας.

876 1928 1271 1982 ΚΕΦΑΛΜΟΝ
1315 1931 1392 1984 B'.

448 2014 593 2070 Αλλά
617 2015 726 2086 γὰρ
760 2011 914 2079 αὖθις
945 2018 1026 2080 εἰς
1058 2018 1252 2087 ἑτέραν
1285 2016 1520 2090 θεωρίαν
1547 2020 1646 2092 τὴν
1669 2019 1939 2091 διήγησιν.

347 2107 701 2176 μετατίθησι,
729 2105 823 2160 καί
850 2125 980 2177 φησι
1008 2109 1299 2162 τεθεᾶσθαι
1334 2109 1502 2181 ἄνδρα
1536 2110 1770 2181 σχοινίον
1802 2113 1924 2164 ἐπι-

345 2195 652 2264 φερόμενον
699 2197 1109 2267 γεωμετρικόν·
1156 2193 1276 2250 εἶτα
1322 2197 1549 2269 ἐρέσθαι
1600 2199 1764 2253 αὑτὸν
1799 2200 1922 2254 ὅποι

345 2284 663 2355 πορεύεται·
694 2286 950 2340 κάκεῖνον
1011 2287 1211 2356 φάναι,
1281 2289 1364 2342 ὅτι
1413 2288 1511 2358 τὴν
1567 2289 1922 2360 Ἰερουσαλὴμ

344 2375 731 2447 διαμετρήσων
779 2377 1036 2442 ἄπεισιν,
1086 2377 1227 2432 ὥστε
1281 2378 1473 2450 μαθεῖν
1512 2381 1710 2433 ὁπόσον
1753 2381 1925 2451 αὐτῆς

344 2467 408 2520 τό
436 2484 496 2520 τε
541 2467 714 2538 μῆκός
741 2468 880 2530 ἐστι,
913 2468 1097 2522 καὶτὸ
1135 2466 1314 2540 εὖρος.
1361 2471 1691 2541 Προστίθησι
1733 2471 1790 2524 δὲ
1829 2473 1926 2525 καὶ

345 2558 524 2613 ταῦτα
559 2558 638 2629 τῷ
674 2559 1008 2630 διηγήματι,
1045 2561 1126 2613 ὄτι
1158 2561 1187 2612 ό
1216 2561 1442 2629 ἄγγελος
1485 2563 1690 2624 ἐκεῖνος
1737 2563 1765 2614 ό
1801 2562 1926 2615 τού-

345 2667 477 2712 τους
509 2650 719 2720 ένηχῶν
749 2651 898 2720 αὐτῷ
928 2652 1052 2714 τοὺς
1080 2651 1272 2718 λόγους
1318 2653 1567 2724 εἱστήκει
1594 2667 1610 2682 ·
1651 2653 1838 2725 ἕτερος
1861 2653 1920 2706 δὲ

347 2741 488 2813 πρὸς
511 2741 674 2794 αὐτὸν
713 2741 1044 2813 ἀφικόμενος
1071 2742 1299 2810 ἄγγελος
1317 2743 1550 2814 δραμεῖν
1583 2743 1734 2812 αύτῷ
1775 2761 1919 2815 παρ-

348 2832 599 2904 ηγγύησε
628 2832 765 2904 πρὸς
796 2833 886 2887 τὸν
930 2833 995 2886 τὸ
1024 2833 1226 2904 μέτρον
1255 2834 1655 2906 ἐπιφερόμενον
1684 2835 1926 2903 νεανίαν,

350 2924 448 2977 καὶ
474 2924 649 2976 εἰπεῖν
672 2939 688 2954 ο
781 2983 784 2986 ,

433 3032 453 3064 ι
483 3013 855 3084 Κατάκαρπος
896 3015 1360 3088 κατοικηθήσεται
1397 3017 1778 3089 Ἰερουσαλὴμ,
1818 3017 1928 3071 ἀπὸ

352 3106 592 3178 πλήθους
622 3105 926 3178 ἀνθρώπων
953 3108 1049 3161 καλ⁸
1095 3109 1312 3176 κτηνῶν
1363 3113 1422 3164 ὲν
1439 3111 1493 3143 ³⁰’
1540 3111 1690 3181 μέσῳ
1739 3110 1928 3180 αὐτῆς.

354 3200 471 3270 (ε’.)
508 3199 621 3252 Καὶ
659 3199 772 3265 ἐγὼ
805 3197 1002 3267 ἔσομαι
1064 3199 1235 3270 αὐτῇ,
1286 3200 1434 3267 λέγει
1480 3202 1708 3272 Κύριος,
1758 3203 1933 3271 τεῖχος

2684 1927 2913 1986 CAPUT
2953 1929 3018 1984 ll.

2094 2017 2171 2090 [1,
2201 2018 2428 2094 2]‘Tum
2454 2035 2658 2077 rur-sus
2701 2021 2769 2076 ad
2820 2021 2982 2075 aliam
3011 2019 3284 2075 visionem
3323 2021 3595 2076 narratio-

2023 2126 2148 2168 nem
2179 2112 2466 2178 transfert,
2503 2111 2688 2182 aitque
2722 2113 2928 2169 vidisse
2970 2127 3030 2168 sc
3075 2111 3254 2166 virum
3287 2119 3598 2182 portantem

2024 2202 2333 2259 funiculum
2372 2206 2791 2274 geometricum,
2849 2213 2964 2258 tum
3009 2205 3379 2273 interrogasse
3433 2203 3588 2257 illum

2023 2305 2134 2360 quo
2161 2301 2431 2361 pergeret,
2463 2298 2627 2361 atque
2651 2291 2802 2345 illum
2829 2292 3058 2355 dixisse,
3091 2291 3160 2345 ad
3202 2292 3592 2347 dimetiendam

2026 2381 2462 2451 Hierosolymam
2519 2397 2580 2437 se
2622 2381 2795 2446 abire,
2841 2391 2898 2436 ut
2937 2383 3176 2439 disceret
3211 2392 3414 2454 quanta
3447 2391 3599 2439 esset

2027 2471 2307 2542 longitudo
2334 2470 2454 2540 ejus
2478 2479 2531 2526 et
2572 2471 2826 2526 latitudo.
2861 2471 2938 2542 [3,
2977 2471 3032 2542 ό]
3067 2471 3193 2526 llaec
3240 2472 3400 2526 etiam
3446 2471 3598 2528 addit

2027 2560 2094 2614 ad
2133 2558 2527 2622 narrationem,
2583 2559 2835 2628 angelum
2882 2560 3058 2624 illum,
3105 2560 3432 2631 1603qui
3483 2560 3598 2614 hare

2027 2651 2192 2704 verba
2241 2650 2416 2720 ipsius
2443 2650 2671 2704 auribus
2704 2650 3036 2715 inculcabat,
3095 2652 3332 2711 stetisse,
3367 2653 3596 2706 alterum

2029 2756 2157 2795 vero
2187 2741 2440 2810 angelum
2487 2741 2555 2794 ad
2589 2741 2768 2810 ipsum
2809 2742 3043 2808 venisse,
3090 2757 3154 2797 ac
3182 2743 3512 2811 przecepisse
3539 2752 3599 2796 ut

2029 2841 2276 2886 curreret
2309 2832 2373 2887 ad
2408 2832 2560 2884 illum
2583 2832 2838 2901 juvenem
2892 2833 2986 2902 qui
3018 2848 3335 2889 mensuram
3365 2832 3604 2897 ferebat,

2031 2940 2098 2981 ac
2121 2924 2324 2978 diceret
2355 2942 2375 2979 :-

2109 3035 2129 3068 ι
2175 3015 2454 3087 Frugifera
2490 3016 2826 3072 habitabitur
2861 3015 3258 3088 Hierosolyma,
3288 3029 3318 3069 a
3350 3015 3602 3069 multitu-

2033 3107 2164 3163 dine
2218 3107 2502 3162 hominum
2563 3114 2618 3162 et
2666 3107 3041 3175 jumentonurn
3105 3107 3159 3160 in
3222 3106 3404 3160 medio
3459 3105 3601 3172 ejus.

2035 3195 2205 3267 (Vens
2262 3195 2342 3264 5.)
2387 3197 2452 3249 Et
2500 3209 2604 3265 ego
2645 3196 2877 3259 eroilli,
2917 3195 3050 3250 dicit
3088 3193 3375 3259 Dominus,
3412 3210 3605 3251 murus

353 3289 531 3359 πυρὸς
555 3288 836 3353 κυκλόθεν,
862 3290 957 3341 καὶ
995 3289 1076 3351 εἰς
1103 3289 1260 3354 δόξαν
1299 3291 1494 3360 ἔσομαι
1544 3293 1603 3344 ὲν
1643 3293 1793 3360 μέσῳ
1835 3291 1930 3343 αὖ·

2041 3286 2183 3356 ignis
2232 3285 2290 3340 in
2342 3287 2602 3352 circuitu,
2659 3294 2715 3341 ct
2783 3286 2836 3340 in
2907 3286 3135 3356 gloriam
3175 3301 3272 3340 ero
3329 3286 3383 3339 in
3426 3286 3617 3341 medio.

352 3380 478 3449 τῆς.
521 3398 539 3431 ι
576 3379 718 3448 Ὅρα
746 3379 885 3448 γὰρ,
934 3380 1104 3448 φησι.
1150 3382 1224 3451 μὴ
1257 3381 1564 3453 σμικρύνῃς
1594 3381 1663 3434 τά
1696 3381 1796 3451 τῆς
1835 3381 1936 3433 πό-

353 3471 499 3533 λεως
534 3469 710 3540 μέτρα
735 3469 920 3533 ,άλλά
962 3469 1262 3539 παρ’κὲμοῦ
1307 3469 1405 3523 τοῦ
1454 3470 1549 3523 σοῦ
1602 3470 1698 3523 καὶ
1730 3469 1950 3539 ταύτης-

356 3561 631 3616 Δεσπότου
667 3560 989 3631 μανθάνων,
1021 3561 1100 3624 ὡς
1141 3560 1394 3614 πλεῖστον
1433 3561 1557 3614 ὅσον
1588 3561 1757 3631 αὐτὴν
1796 3561 1936 3631 πλῆ-

358 3653 457 3716 θος
489 3651 586 3705 καὶ
616 3648 922 3722 ἀνθρώπων
952 3651 1049 3703 καὶ
1074 3652 1425 3721 τετραπόδων
1454 3653 1686 3722 οἰκήσει,
1711 3650 1939 3721 διάγρα-

357 3743 466 3811 ψον
497 3740 795 3809 ἀναλογοῦν
813 3740 890 3811 τῷ
911 3740 1105 3812 πλήθει
1135 3741 1245 3794 τῶν
1276 3743 1579 3814 οἰκητόρων
1600 3742 1661 3795 τὸ
1686 3742 1936 3812 μέγεθος.

363 3833 511 3904 Πρὸς
537 3832 646 3903 γάρ
685 3832 897 3895 τούτοις
925 3832 1084 3900 κάγὼ
1117 3833 1252 3903 αὐτῇ
1285 3833 1376 3887 διὰ
1403 3835 1504 3904 τῆς
1544 3835 1686 3905 ἐμῆς
1717 3834 1942 3904 χάριτος

361 3928 541 3996 τεῖχος
581 3923 795 3995 ἄμαχόν
843 3941 903 3977 τε
950 3924 1047 3976 καὶ
1088 3921 1468 3993 ἀνυπέρϐατον
1520 3925 1736 3995 ἔσομαι.
1770 3925 1942 3978 Τοῦτο

365 4015 476 4084 γὰρ
525 4013 753 4068 ἐκάλεσε
808 4016 987 4083 τεῖχος
1041 4013 1234 4083 πυρός.
1285 4013 1554 4084 Καθάπερ
1613 4015 1722 4084 γὰρ
1762 4013 1942 4085 πυρὰν

371 4107 635 4178 μεγίστην
659 4105 966 4175 ὑπερϐῆναι
991 4103 1100 4156 τῶν
1123 4103 1401 4158 ἀδυνάτων
1421 4122 1434 4135 ·
1474 4105 1649 4169 οὕτως
1678 4105 1958 4164 ἀδύνατον,

365 4197 664 4269 ἡττηθῆναι
694 4196 785 4248 τὸν
820 4195 924 4248 ὑπὸ
945 4195 1045 4266 τῆς
1074 4194 1226 4259 θείας
1253 4195 1660 4267 φρουρούμενον
1691 4197 1940 4266 χάριτος.

369 4291 446 4344 Ού
504 4289 662 4360 μόνον
707 4287 764 4340 δὲ
817 4287 956 4356 αὐτῇ
1013 4286 1196 4339 πᾶσαν
1261 4286 1562 4355 ἀσφάλειαν
1627 4289 1941 4358 χορηγήσω,

367 4382 506 4436 ἀ).λά
547 4381 642 4434 καὶ
668 4362 1028 4451 περίϐλεπτον
1063 4377 1235 4446 αὐτὴν
1268 4377 1555 4446 ἀποφανῶ,
1593 4377 1736 4430 ὥστε
1776 4377 1945 4448 αὐτῆς

370 4473 604 4526 πάντοσε
651 4471 973 4543 διαδραμεῖν
1008 4466 1072 4521 τὸ
1125 4468 1302 4531 κλέος.
1341 4467 1527 4522 Ταῦτα
1571 4468 1630 4521 δὲ
1675 4468 1892 4522 ἅπαντα
1917 4469 1946 4521 ὁ

2036 3378 2179 3445 ejus.
2230 3395 2255 3430 ι
2294 3377 2429 3432 Vide
2485 3377 2654 3442 enim,
2709 3375 2908 3446 inquit,
2956 3391 3028 3430 ne
3078 3376 3232 3431 urbis
3291 3391 3612 3432 mensuram

2037 3470 2294 3538 exiguam
2320 3467 2578 3536 designes
2609 3486 2622 3522 :
2660 3468 2757 3523 sed
2798 3483 2924 3522 eum
2965 3467 3300 3522 intellexeris
3334 3483 3363 3520 a
3400 3483 3508 3530 me,
3550 3475 3608 3522 et

2041 3567 2135 3614 tuo
2161 3568 2214 3614 ct
2245 3559 2406 3615 istius
2432 3558 2686 3625 Domino,
2721 3558 2775 3614 in
2819 3573 2884 3614 ea
2921 3573 3084 3628 quam
3119 3559 3412 3612 maximam
3447 3559 3610 3614 habi-

2042 3659 2279 3704 taturam
2321 3665 2450 3705 esse
2498 3649 2784 3705 hominum
2841 3649 3266 3713 multitudinem,
3298 3658 3354 3704 et
3394 3650 3614 3719 jumen-

2043 3751 2247 3807 lonum,
2283 3742 2535 3799 describe
2563 3741 2998 3812 magnitudinem
3039 3742 3404 3797 habitantium
3432 3742 3614 3796 multi-

2045 3837 2217 3892 tudini
2247 3844 2700 3891 consentancam.
2738 3834 3006 3888 Cancrum
3038 3850 3142 3903 ego
3171 3835 3248 3888 illi
3283 3835 3617 3904 benignitate

2046 3945 2166 3984 mea
2213 3943 2398 3982 murus
2444 3942 2563 3990 ero,
2596 3926 2688 3996 qui
2745 3926 3048 3995 oppugnari
3089 3933 3144 3978 et
3202 3926 3450 3993 superari
3507 3941 3613 3977 non

2046 4019 2240 4088 possit.
2264 4017 2422 4072 llunc
2449 4017 2594 4072 enim
2623 4015 2840 4070 vocavit
2865 4029 3071 4066 murum
3096 4014 3250 4082 ignis.
3270 4012 3402 4066 Nam
3426 4028 3617 4082 quem-

2045 4110 2338 4166 admodum
2380 4123 2513 4179 pyra
2548 4109 2754 4178 ingens
2789 4105 3056 4161 trausiliri
3093 4105 3302 4172 nequit,
3341 4104 3421 4159 sic
3470 4105 3612 4156 vinci

2049 4219 2168 4258 non.
2199 4210 2380 4279 potest
2423 4201 2518 4270 qui
2566 4199 2746 4270 gratia
2796 4196 2892 4252 Dei
2945 4196 3276 4252 custoditur.
3309 4194 3424 4248 Non
3454 4196 3616 4247 modo

2047 4305 2227 4350 autem
2262 4308 2480 4348 onmem
2510 4291 2560 4347 ei
2608 4290 2964 4346 securitatem
3001 4288 3293 4357 prmstabo,
3329 4286 3426 4342 sed
3459 4295 3514 4340 et
3554 4288 3615 4339 il-

2051 4387 2275 4441 lustrem
2331 4397 2452 4439 eam
2513 4381 2761 4443 reddam,
2801 4379 2875 4434 ita
2926 4387 2984 4433 ut
3025 4378 3144 4447 ejus
3201 4378 3376 4446 gloria
3425 4390 3615 4430 omnes

2050 4493 2186 4532 oras
2231 4473 2514 4545 pervadat.
2538 4473 2666 4527 llzcc
2691 4486 2822 4527 vero
2864 4470 3048 4523 omnia
3084 4468 3220 4522 vidit
3247 4467 3536 4538 propheta,
3562 4473 3617 4519 et

370 4564 656 4636 προφήτης
693 4564 840 4635 ἐώρα
863 4603 878 4625 ,
922 4565 1019 4644 καὶ
1055 4563 1150 4617 τοῦ
1198 4560 1664 4633 προστατεύοντος
1706 4561 1931 4630 ἀγγέλοι

2055 4568 2294 4637 przci‘eeti
2330 4565 2508 4635 angeli
2545 4577 2758 4626 curam,
2784 4560 3092 4633 etaliorum
3130 4558 3446 4627 angelorum
3487 4571 3616 4609 eur-

369 4655 470 4726 τὴν
501 4653 826 4725 κηδεμονίαν
853 4692 870 4718 ,
911 4655 1008 4708 καὶ
1036 4653 1161 4708 τῶν,⁴
1184 4651 1360 4705 ἄλλων
1399 4649 1649 4719 ἀγγέλων
1687 4651 1780 4704 τὸν
1822 4651 1931 4723 δρό-

2051 4674 2197 4723 sunt,
2227 4667 2282 4713 et
2311 4655 2464 4710 urbis
2508 4653 2933 4714 dimensioncm,
2963 4658 3078 4703 tum
3110 4657 3170 4702 ut
3203 4649 3320 4717 ipsc
3351 4647 3522 4701 bonas
3551 4644 3620 4701 de

374 4765 510 4817 μον,
562 4750 656 4802 καὶ
683 4748 751 4802 τὰ
778 4748 879 4817 τῆς
912 4747 1119 4810 πόλεως
1153 4745 1328 4818 μέτρα
1349 4784 1365 4806 ,
1389 4745 1492 4802 ἕνα
1542 4745 1638 4798 καί
1665 4743 1826 4807 αὐτὸς
1858 4743 1946 4813 βε·-

371 4839 542 4902 6αίως
592 4839 811 4909 δέξηται
861 4840 963 4902 τὰς
1006 4838 1216 4906 ἀγαθὰς
1265 4838 1392 4906 περὶ
1439 4837 1539 4906 τῆς
1583 4835 1943 4906 Ἰερουσαλὴμ

371 4929 734 4998 ὑποσχέσεις,
787 4928 882 4982 καὶ
933 4931 963 4981 ὁ
1009 4928 1149 4992 λαὸς,
1187 4926 1434 4997 ἀκριϐῶς
1473 4929 1588 4990 τοῖς
1633 4925 1950 4996 λεγομένοις

369 5019 674 5092 πιστεύσῃ,
718 5020 780 5072 ού
826 5019 1016 5088 λόγους
1049 5018 1237 5084 ἁπλῶς
1270 5017 1772 5090 προσφερομένους,
1812 5017 1951 5070 ἀλλά

374 5111 679 5185 πράγματα
723 5110 944 5182 θεωρῶν
999 5109 1447 5180 προτυπούμενα.
1499 5107 1674 5170 Εὐθὺς
1723 5109 1822 5178 μὲν
1852 5101 1947 5160 06v

373 5203 660 5268 ὑποδείξας
690 5203 876 5256 ἐκεῖνα
913 5201 992 5272 τῷ
1023 5202 1276 5274 προφήτῃ
1318 5200 1532 5254 κελεύει
1567 5201 1696 5271 βοᾷν
1719 5216 1732 5230 ⁶

449 5302 521 5360 ς’,
556 5292 618 5359 ζ’-
667 5311 686 5345 (
731 5295 833 5357 Ὢ,
885 5292 957 5358 ὣ,
1002 5293 1232 5362 φεύγετε
1273 5291 1380 5346 ἀπὸ
1413 5291 1517 5361 γῆς
1561 5291 1766 5361 βορρᾶ,
1803 5288 1956 5357 λέγει

375 5385 582 5456 Κύριος
605 5401 618 5415 °
645 5385 778 5437 διότι
813 5383 877 5436 ὲκ
904 5382 1010 5436 τῶν
1043 5384 1324 5453 τεσσάρων
1352 5382 1571 5452 ἀνέμων
1599 5381 1694 5434 τοῦ
1720 5380 1952 5451 ούρανοῦ

375 5475 589 5539 συνάξω
624 5476 797 5544 ὑμᾶς,
827 5473 974 5540 λέγει
1010 5473 1232 5545 Κύριος.
1271 5475 1366 5538 Εἰς
1407 5473 1544 5526 Σιὼν
1575 5471 1948 5539 ἀνασώζεσθε,

2054 4747 2431 4817 Hierosolyma
2457 4743 2856 4815 promissiones
2890 4750 2950 4794 ut
2995 4747 3180 4794 certas
3215 4737 3478 4808 excipiat,
3505 4745 3618 4790 tum

2054 4850 2113 4896 ut
2145 4840 2382 4910 populus
2410 4836 2497 4892 his
2540 4833 2890 4891 sermonibus
2930 4839 3182 4886 exactam
3215 4829 3371 4884 ﬁdem
3404 4828 3621 4893 habeat,

2054 4948 2162 4986 non
2220 4930 2388 4985 verba
2443 4929 2621 4984 solum
2683 4926 2918 4996 prolata,
2953 4923 3048 4979 sed
3100 4939 3190 4979 res
3218 4923 3382 4978 etiam
3433 4922 3624 4978 videns

2053 5031 2181 5076 ante
2214 5019 2546 5089 descriptas.
2579 5017 2702 5070 Mox
2753 5030 2884 5084 ergo
2931 5023 2993 5068 ut
3043 5014 3159 5069 hate
3210 5013 3491 5084 prephetaa
3528 5011 3624 5068 de-

2053 5111 2400 5175 monstravit,
2437 5110 2748 5164 cxclamarc
2777 5105 2931 5175 jubet
2961 5121 2976 5158 :

2128 5291 2300 5345 Vens.
2345 5288 2403 5353 6,
2435 5262 2547 5340 7.ἰ
2588 5283 2654 5348 0,
2705 5298 2760 5346 ο,
2804 5281 2976 5352 fugite
3016 5281 3085 5336 dc
3129 5290 3276 5336 terra
3333 5278 3627 5348 aquilonis,

2055 5383 2192 5436 dicit
2236 5379 2524 5441 Dominus,
2553 5374 2682 5446 quia
2714 5375 2786 5430 de
2821 5381 3061 5444 quatuor
3113 5372 3294 5428 ventis
3334 5369 3458 5424 cmli
3493 5383 3629 5420 con-

2053 5471 2290 5542 gregabo
2338 5483 2458 5531 vos,
2487 5464 2620 5520 dicit
2654 5463 2940 5520 Dominus.
2977 5461 3036 5518 In
3096 5461 3262 5516 Siune
3317 5454 3624 5519 salvamin',

1667 5648 1902 5705 V'AlilJ‘]
1941 5644 2346 5704 LECTIONES.

457 5744 497 5771 ’ς
529 5745 584 5796 ὲν
649 5745 687 5797 (ἐ
723 5760 904 5814 plmm.
951 5743 1074 5796 τῶν.
