4090 6406
349 432 490 498 1889

1545 425 1627 486 IN
1656 420 2054 484 ZACHARI/E
2091 419 2247 476 CAP.
2279 417 2357 475 Π,

3466 413 3604 479 1890

348 548 568 617 γνῶμεῡ
598 543 690 597 τὸν
731 537 1028 611 εὐεργέτην
1053 579 1066 603 ,
1103 537 1196 590 καὶ
1226 536 1455 608 Σωτῆρα
1497 537 1608 589 τῶν
1641 535 1930 606 ἡμετέρων

2047 536 2092 587 in
2130 541 2396 602 quantum
2455 531 2602 586 enim
2657 531 2804 587 Deus
2853 541 2960 598 est,
3003 533 3232 602 mqualis
3287 543 3373 588 est
3427 531 3602 587 Patri.

347 635 562 706 ψυχῶν,
611 633 707 686 καὶ
741 632 832 685 τὸν
863 627 1266 682 ἀποστείλαντα
1308 627 1473 680 αὑτὸν
1502 625 1592 678 διὰ
1625 624 1931 694 φιλανθρω-

354 730 485 782 πίαν
530 725 771 795 Πατέρα.
812 721 1122 790 Ἀπεστάλη
1165 720 1244 785 δὲ,
1273 720 1373 788 οὐχ
1399 719 1476 782 ώς
1501 717 1668 780 Θεὸς,
1702 715 1817 769 ἀλλ’
1855 714 1931 778 ώς

351 817 450 871 ἄνθ
460 831 641 885 ρωπος
662 829 676 844 ⁶
705 814 782 876 ὼς
799 812 907 882 γὰρ
929 810 1083 874 Θεὸς,
1105 807 1202 862 τοῦ
1233 807 1625 878 γεγεννηκότος
1644 805 1928 876 ὁμότιμος.

357 927 378 960 ι
425 905 568 974 Ἐγὼ
599 906 710 975 γάρ
732 943 750 970 ,
793 903 992 974 φησιν,
1024 902 1083 954 ὲν
1110 899 1189 970 τῷ
1235 897 1448 970 Πατρὶ,
1481 897 1576 951 καὶ
1603 897 1632 950 6
1659 895 1848 966 Πατὴρ
1874 896 1932 948 ὲν

352 998 498 1067 ἐμοί.
539 1016 557 1047 ι
593 997 704 1048 Καί
731 1011 746 1026 ο
793 1012 812 1046 ι
868 993 928 1046 '0
962 991 1151 1062 Πατὴρ
1173 992 1202 1043 6
1225 989 1273 1022 ³⁸
1299 991 1358 1043 έν
1393 990 1519 1060 ἐμοὶ
1562 987 1741 1059 μένων
1771 985 1934 1048 αὐτὸς

356 1091 504 1142 ποιεῖ
531 1088 602 1141 τὰ
647 1086 806 1156 ἔργα.
862 1103 881 1136 ι
928 1083 1086 1137 Καί·
1135 1102 1153 1134 ι
1212 1079 1359 1151 Ἐγὼ
1407 1081 1504 1134 καὶ
1545 1083 1574 1134 ὁ
1629 1078 1820 1150 Πατὴρ
1873 1079 1933 1131 ἓν

356 1182 544 1250 ἐσμεν.
582 1197 601 1229 ι
635 1177 775 1230 Καί·
810 1193 829 1227 ι
888 1175 946 1228 '0
990 1172 1250 1244 ἑωρακὼς
1296 1171 1396 1243 ἐμὲ
1440 1171 1652 1241 ἑώρακε
1689 1169 1780 1222 τὸν
1819 1170 1934 1221 Πα-

355 1272 511 1340 τέρα.
555 1287 573 1320 ι
608 1267 898 1338 Πέμπεται
931 1265 989 1318 δὲ
1027 1265 1103 1328 ὡς
1131 1262 1439 1334 ἄνθρωπος,
1471 1261 1571 1332 τὴν
1603 1259 1746 1331 ὑπὲρ
1775 1258 1933 1330 ἡμῶν

355 1362 671 1431 οἰκονομίαν
719 1356 980 1429 πληρῶν,
1030 1357 1092 1410 ού
1140 1357 1241 1426 τὴν
1275 1353 1427 1408 Θείαν
1461 1353 1625 1423 φύσιν
1660 1368 1938 1421 κατασμι-

356 1454 593 1525 κρύνων.
631 1471 652 1504 ‹
707 1453 795 1505 Ἐν
828 1452 1010 1522 μορφῇ
1056 1449 1164 1519 γάρ
1192 1447 1328 1500 Θεοῦ
1372 1447 1636 1518 ὑπάρχων
1659 1485 1674 1510 ,
1704 1444 1803 1514 οὐχ
1832 1444 1935 1513 ἀρ-

357 1544 580 1614 παγμδν
630 1542 876 1614 ἡγήσατο
924 1539 985 1593 τὸ
1039 1535 1180 1593 εἶναι
1223 1537 1315 1592 ίσα
1363 1536 1484 1607 Θεῷ
1510 1552 1526 1568 ⁸
1570 1535 1687 1588 ἀλλ’
1743 1533 1936 1587 ἑαυτὸν

358 1636 616 1698 ὲκένωσε,
652 1633 868 1706 μορφὴν
908 1631 1098 1685 δούλου
1127 1630 1327 1685 λαϐών.
1372 1649 1397 1684 -ι
1436 1628 1722 1696 Ὑπέδειξε
1749 1628 1794 1660 ³⁷
1827 1626 1939 1681 τοί-

359 1742 456 1778 νυν
514 1726 647 1794 ἡμῖν
684 1723 713 1776 6
745 1723 1039 1794 Προφήτης
1065 1759 1082 1785 ,
1133 1721 1195 1773 ού
1252 1720 1416 1792 μόνον
1465 1722 1566 1792 τὴν
1608 1719 1778 1773 δυάδα
1829 1717 1938 1772 τῶν

360 1815 694 1887 προσώπων,
741 1813 880 1868 ἀλλά
911 1815 1006 1867 καὶ
1052 1814 1112 1868 τὸ
1149 1812 1413 1884 ὁμότιμον
1441 1812 1551 1866 τῶν
1599 1808 1934 1880 προσώπων.

2038 643 2056 676 ι
2107 624 2218 695 Ego
2244 625 2411 692 enim,
2446 624 2650 695 inquit,
2681 626 2736 679 in
2770 624 2956 690 Patre,
2989 635 3044 680 et
3078 625 3241 680 Pater
3270 627 3325 680 in
3356 640 3442 681 me
3471 637 3534 690 c;
3580 643 3599 676 ι

2031 723 2086 771 ει
2125 735 2138 771 :
2173 735 2193 768 ι
2233 715 2397 771 Pater
2445 717 2500 770 in
2545 732 2631 772 me
2686 733 2915 772 manens
2961 718 3078 788 ipse
3119 717 3251 771 facit
3279 731 3445 787 opera
3471 716 3532 782 d;
3582 735 3602 766 υ

2033 817 2086 862 ει
2119 825 2132 860 :
2170 827 2188 858 ι
2241 808 2356 878 Ego
2385 816 2441 863 et
2489 810 2658 864 Pater
2688 824 2856 862 unum
2896 824 3090 866 sumus
3123 822 3180 873 0;
3224 828 3244 861 ι
3290 817 3346 864 ει
3380 828 3394 864 :
3442 826 3462 859 ι
3500 809 3606 876 Qui

2033 896 2170 949 vidit
2202 911 2307 959 me,
2341 896 2477 950 vidit
2508 911 2727 966 quoque
2755 895 2971 953 Patrem
3009 897 3052 952 ί.
3103 916 3122 949 ι
3161 897 3390 952 Mittitur
3419 905 3605 950 autem

2037 997 2096 1042 ut
2127 988 2312 1050 homo.
2337 988 2807 1058 dispensationem
2842 1004 2942 1058 pro
2977 989 3136 1044 nobis
3175 1003 3461 1059 peragens,
3490 970 3605 1040 non

2035 1079 2278 1133 divinam
2319 1086 2570 1133 naturam
2603 1087 2925 1134 extenuans.
2953 1078 3086 1133 Nam
3128 1079 3372 1150 1606i
3399 1071 3520 1134 cum
3547 1079 3600 1131 in

2038 1168 2212 1222 forma
2260 1166 2355 1221 Dei
2408 1175 2573 1232 esset,
2611 1183 2721 1222 non
2765 1168 3012 1237 rapinam
3067 1169 3370 1223 arbitratus
3405 1172 3488 1218 est
3545 1157 3605 1218 Se

2036 1259 2295 1330 aequalem
2341 1274 2466 1314 esse
2512 1258 2622 1314 Deo
2677 1277 2691 1312 :
2745 1262 2838 1314 sed
2891 1258 3251 1327 semetipsum
3303 1256 3607 1312 eainanivit

2038 1349 2271 1403 formam
2318 1348 2463 1403 servi
2515 1349 2792 1417 accipiens
2835 1350 2883 1400 ε.
2927 1365 2946 1398 ι
2989 1347 3396 1402 Demonstravit
3442 1345 3610 1416 igitur

2039 1440 2198 1496 nobis
2251 1439 2546 1510 propheta,
2596 1453 2706 1493 non
2767 1438 2946 1494 solum
2980 1439 3138 1493 binas
3193 1452 3477 1512 personas,
3513 1436 3608 1490 sed

2037 1529 2203 1585 etiam
2249 1527 2614 1597 aequalitatem
2651 1540 3038 1594 personarum.
3079 1544 3099 1577 ‹
3140 1525 3269 1580 llaec
3298 1525 3444 1580 enim
3477 1523 3612 1578 dicit

2041 1617 2306 1674 Dominus
2325 1615 2700 1686 omnipotens:
2718 1614 2852 1671 Post
2865 1615 3098 1686 gloriam
3122 1615 3273 1670 misit
3296 1630 3402 1670 me.
3429 1633 3448 1666 ι
3471 1613 3538 1668 Ει
3555 1622 3614 1668 ιιι

2040 1708 2378 1765 demonstret
2397 1706 2524 1777 quis
2551 1706 2790 1773 miserit,
2833 1705 3001 1761 infert
3039 1724 3054 1760 :
3095 1723 3120 1758 ί
3168 1703 3237 1760 Ει
3271 1705 3616 1776 cognoscetis

2042 1799 2330 1856 Dominum
2393 1797 2829 1869 omnipotentem
2884 1798 3108 1854 misisse
3152 1811 3261 1852 me.
3309 1816 3331 1850 ι
3381 1794 3526 1866 Ergo
3558 1804 3615 1851 ει

365 1927 385 1959 ι
407 1882 564 1962 ’Τάδε
606 1907 716 1980 γὰρ
738 1906 783 1939 ³⁸
830 1906 981 1976 λέγει
1012 1882 1218 1976 Κύριος
1252 1882 1673 1976 παντοκράτωρ·
1730 1902 1938 1956 Ὀπίσω

2047 1890 2134 1962 qui
2164 1889 2338 1954 misit,
2352 1887 2626 1945 Dominus
2660 1888 3009 1959 omnipotens
3039 1895 3146 1952 est,
3172 1896 3228 1942 et
3259 1886 3354 1957 qui
3386 1887 3613 1952 missus,

359 2002 520 2074 δόξης
543 2001 859 2055 ἀπέσταλκέ
891 2019 982 2072 με.
1029 2021 1048 2054 ι
1081 1999 1194 2054 Καὶ
1221 1999 1437 2062 δεικνὺς
1474 1999 1560 2062 τίς
1606 2000 1635 2051 6
1677 1993 1938 2050 ἀποστεί-

360 2095 482 2164 λας,
513 2094 740 2163 ἐπάγει·
782 2112 802 2145 ‹
832 2093 944 2147 Kal.
974 2091 1252 2162 γνώσεσθε
1279 2092 1360 2145 ὃτι
1389 2089 1593 2159 Κύριος
1629 2085 1940 2157 παντοκρά-

358 2203 498 2257 τωρΔ
531 2183 846 2238 ἀπέσταλκέ
891 2202 980 2256 με.
1041 2203 1061 2237 ι
1101 2182 1406 2254 Τοιγαροῦν
1437 2180 1534 2235 καὶ
1561 2181 1591 2233 6
1613 2176 1942 2240 ἀποστείλας

361 2277 570 2348 Κύριος
597 2277 1016 2348 παντοκράτωρ,
1043 2275 1141 2330 καὶ
1165 2276 1194 2329 6
1215 2272 1545 2335 ἀποσταλεὶς
1568 2270 1774 2340 Κύριος
1800 2284 1940 2323 παν-

360 2368 675 2440 τοκτράτωρ,
721 2369 814 2422 καὶ
852 2366 1080 2438 οὐδεμία
1121 2366 1451 2436 ἀξιωμάτων
1497 2363 1754 2433 διαφορά.
1807 2359 1942 2414 Ἀπ-

363 2459 568 2527 εστάλη
593 2459 651 2513 δὲ
671 2499 687 2525 ,
719 2458 797 2522 ὡς
822 2458 966 2527 ἔφην
987 2498 1003 2525 ,
1035 2456 1395 2529 ἀνθρωπίνως
1419 2495 1435 2520 ,
1470 2453 1532 2509 ού
1578 2452 1780 2516 θεῖκῶς
1797 2491 1814 2517 ,
1841 2451 1940 2521 τὴν

2042 1993 2126 2039 εει
2175 1980 2445 2037 Dominus
2482 1982 2864 2051 omnipotens,
2889 1987 2952 2036 et
2981 1980 3193 2035 nullum
3241 1989 3327 2034 est
3375 1978 3616 2050 dignita-

2046 2084 2164 2130 tum
2205 2073 2522 2130 discrimen.
2575 2072 2777 2130 Missus
2839 2081 2926 2128 est
2982 2084 3188 2138 autem,
3222 2079 3290 2126 ut
3335 2071 3470 2135 dixi,
3508 2083 3618 2136 qua

2045 2165 2211 2221 homo
2231 2171 2339 2228 est,
2374 2179 2484 2218 non
2512 2178 2621 2235 qua
2652 2161 2818 2226 Deus,
2835 2160 3298 2231 dispensationem
3332 2172 3434 2229 pro
3460 2157 3622 2212 nobis

2046 2272 2360 2328 peragens:
2390 2264 2445 2310 et
2496 2254 2703 2310 missus
2748 2267 2937 2310 secum
2987 2251 3196 2317 habuit,
3228 2251 3327 2322 qui
3375 2249 3621 2314 miserat,
3671 2269 3674 2273 λ

2049 2351 2285 2406 Patrem.
2320 2365 2338 2399 ι
2368 2346 2534 2402 Pater
2550 2346 2704 2402 enim
2739 2360 2917 2408 meus,
2946 2343 3144 2416 inquit,
3177 2342 3236 2397 in
3257 2355 3346 2396 me
3369 2353 3622 2404 manens,

2047 2444 2169 2515 ipse
2207 2440 2340 2495 facit
2364 2453 2532 2510 opera
2551 2439 2603 2492 ιι.
2642 2458 2665 2492 ι
2702 2436 2974 2506 Deinceps
3005 2434 3272 2506 propheta
3309 2432 3514 2488 infert:

365 2554 508 2625 ὑπὲρ
530 2524 689 2625 ημῶν
723 2524 1042 2620 οἰκονομίαν
1089 2524 1349 2624 πληρῶνο
1398 2550 1495 2604 καὶ
1540 2547 1866 2610 ἀποσταλεὶς
1915 2543 1974 2597 δὲ
2026 2535 2173 2610 εἶχεν
2197 2540 2263 2591 Δὲν
2289 2534 2470 2605 ἑαυτῷ
2495 2533 2588 2587 τὸν
2626 2531 2968 2625 ξιτειττομκρόταΔ
2991 2529 3206 2625 πατέρα
3228 2545 3241 2558 ·
3281 2546 3302 2581 ι
3340 2527 3399 2582 '0
3435 2524 3626 2597 Πατὴρ

363 2620 628 2718 γάρμου,
664 2646 694 2699 6
735 2645 795 2698 ἐν
821 2645 948 2716 ἐμοὶ
982 2620 1392 2714 μένωνίαύτδς
1431 2642 1579 2694 ποιεῖ
1606 2639 1676 2694 τὰ
1716 2638 1874 2710 ἔργα.
1907 2652 1927 2686 ι
1964 2629 2190 2693 Τούτοις
2221 2629 2251 2682 6
2298 2622 2926 2718 npurpﬁrqgﬁxoloﬂm;
2952 2620 3195 2718 έπάγει

438 2744 492 2806 ι’,
527 2745 618 2794 ια’.
655 2757 675 2790 ‹
712 2737 930 2809 Τέρπου
967 2737 1062 2792 καὶ
1113 2735 1410 2807 εὐφραίνου
1436 2774 1452 2801 ,
1505 2732 1748 2804 θύγατερ
1781 2729 1942 2794 Σιὼν,

364 2830 504 2885 διότι
549 2829 658 2883 ἰδοὺ
676 2828 722 2860 ³⁸
770 2826 881 2897 ἐγὼ
930 2826 1162 2900 ἔρχομαι
1191 2869 1207 2894 ,
1259 2827 1357 2881 καὶ
1415 2823 1834 2896 κατασκηνώσω
1883 2823 1941 2875 ὲν

370 2921 522 2993 μέσῳ
567 2937 692 2984 σου,
737 2919 886 2989 λέγει
915 2920 1140 2993 Κύριος.
1189 2921 1304 2974 Καὶ
1347 2917 1780 2989 καταφεύξονται
1815 2914 1945 2984 έθνη

2124 2721 2286 2777 Vens.
2311 2718 2508 2784 10,“.
2539 2735 2558 2767 ι
2586 2715 2792 2770 Laetare
2821 2721 2876 2768 et
2905 2711 3102 2784 gaude,
3132 2709 3242 2765 lilia
3271 2706 3481 2774 Sionis,
3499 2707 3626 2777 quia

2049 2828 2180 2870 ecce
2226 2811 2411 2876 venio,
2447 2816 2506 2864 et
2543 2806 2807 2863 habitabo
2850 2806 2909 2860 in
2958 2801 3142 2859 medio
3198 2802 3300 2865 tui,
3343 2799 3480 2854 dicit
3517 2796 3630 2850 Do-

2052 2904 2258 2958 minus.
2291 2901 2360 2956 Et
2385 2898 2713 2969 confugient
2740 2903 2934 2969 gentes
2973 2894 3162 2950 multa:
3213 2891 3283 2948 ad
3335 2889 3630 2945 Dominum

367 2978 540 3064 πολλὰ
582 2978 1042 3079 ἐπιὼν-Κύριον
1093 2978 1152 3062 έν
1209 3010 1276 3080 τῇ
1328 2978 1516 3080 ήμέρέ
1569 2978 1796 3078 ἐκείνῃ,
1853 2978 1943 3057 καί

2051 2995 2143 3050 die
2182 2995 2306 3058 illo,
2338 3000 2395 3048 et
2421 2997 2587 3046 erunt
2621 2989 2676 3044 ei
2713 2988 2769 3042 in
2809 2986 3097 3057 populum,
3121 2993 3179 3053 et
3211 2982 3540 3038 babitabunt
3574 2978 3630 3033 in

367 3097 586 3153 ἔσονται
625 3095 776 3168 αύτῷ
810 3097 892 3161 εἱς
919 3096 1078 3162 λαὸν,
1125 3096 1222 3150 καὶ
1270 3095 1792 3168 κατασκηνώσουσιν
1804 3094 1847 3126 ⁸⁸
1887 3094 1943 3147 ὲν

2053 3085 2234 3143 medio
2279 3085 2382 3150 tui,
2415 3091 2473 3138 et
2520 3081 2664 3138 scies
2717 3077 3009 3133 Dominum
3051 3075 3486 3143 omnipotentem
3529 3070 3633 3125 mi-

373 3188 527 3261 μέσῳ
570 3206 699 3254 σου,
746 3163 842 3242 καὶ
892 3186 1077 3259 γνώσῃ
1093 3188 1137 3220 ⁸⁸
1171 3189 1255 3242 ὅτι
1303 3163 1523 3260 Κύριος⁷
1543 3186 1943 3258 παντοκράτωρ

2055 3180 2202 3238 sisse
2248 3191 2338 3232 me
2367 3174 2434 3229 ad
2479 3181 2554 3229 te.
2599 3190 2620 3224 ο
2657 3169 2784 3225 Haec
2815 3169 2984 3225 etiam
3019 3166 3313 3237 perspicue
3344 3163 3400 3219 in
3433 3177 3536 3218 nos
3564 3176 3633 3217 ex

369 3252 745 3343 έξαπέπαλκέ
767 3278 811 3310 ⁸⁵⁸
849 3252 917 3349 με
961 3252 1098 3347 πρδς
1140 3277 1221 3331 σέ.
1263 3295 1282 3328 ι
1323 3252 1612 3350 Ἀντικρὺς
1652 3252 1943 3332 καὶ-ταῦτα

2055 3268 2312 3342 gentibus
2355 3275 2582 3320 vocatos
2629 3268 2684 3317 et
2719 3260 2953 3315 salutem
3007 3257 3242 3326 adeptos
3273 3252 3634 3320 conveniunt,

371 3371 505 3440 ἡμῖν
549 3370 780 3442 ἁρμόζει
803 3372 919 3433 τοῖς
955 3366 1016 3434 ἐξ
1058 3367 1229 3423 ὲθνῶν
1261 3367 1659 3440 κεκλημένοις,
1703 3368 1799 3422 καὶ
1848 3366 1951 3436 τῆς

374 3462 650 3532 σωτηρίας
685 3461 1080 3534 τετυχηκόσιν,
1144 3454 1228 3524 οἷς
1266 3461 1363 3514 καὶ
1397 3459 1459 3514 τὸ
1507 3458 1723 3530 χαίρειν
1762 3457 1953 3511 καὶτὸ

373 3552 765 3623 εὐφραίνεσθαι
809 3551 1282 3625 παρακελεύεται,
1333 3551 1410 3615 ὡς
1441 3549 1652 3604 ἕνοικον
1687 3547 1951 3621 ἐσχηκόσι

373 3643 465 3696 τὸν
493 3642 589 3696 τοῦ
621 3643 822 3707 παντὸς
873 3643 1098 3716 Κύριον.
1155 3644 1313 3697 Ἐστι
1354 3642 1413 3697 δὲ
1463 3642 1592 3696 ἰδεῖν
1643 3641 1740 3695 κα)⁵
1778 3640 1952 3712 αὐτὴν

372 3734 475 3804 τὴν
505 3734 770 3806 αἰσθητὴν
814 3734 1170 3806 Ἰερουσαλὴμ
1215 3735 1320 3789 ύπὺ
1361 3736 1470 3788 τῶν
1509 3735 1594 3797 είς
1622 3733 1714 3787 τὸν
1743 3731 1953 3804 Κύριον

376 3828 821 3881 πεπιστευκότων
886 3826 1217 3897 οἰκουμένην
1277 3824 1470 3880 ὲθνῶν.
1537 3821 1838 3878 Κάνταῦθα
1895 3821 1952 3874 δὲ

373 3918 600 3989 ὁμοίως,
635 3917 731 3972 καὶ
759 3918 856 3990 τὴν
883 3917 1052 3972 δυάδα
1089 3917 1199 3970 τῶν
1227 3914 1558 3987 προσώπων,
1587 3914 1684 3967 καὶ
1702 3907 1778 3965 ’τὸ
1806 3909 1944 3980 ὁμό-

373 4023 534 4080 τιμον
566 4009 928 4081 ἐδιδάχθημεν
971 4009 1080 4062 τῶν
1112 4006 1444 4080 προσώπων.

454 4121 475 4155 ‹
512 4102 644 4155 Ἰδοὺ
681 4101 792 4172 γάρ
844 4100 1106 4172 ἔρχομαι,
1147 4099 1240 4153 καὶ
1265 4095 1679 4163 κατασκηνώσω
1705 4096 1766 4150 ἐν
1798 4095 1952 4166 μέσῳ

377 4212 512 4261 σου,
547 4193 696 4263 λέγει
737 4194 943 4265 Κύριος
969 4209 983 4223 ·
1025 4193 1116 4246 καὶ
1157 4191 1342 4262 γνώσῃ
1387 4191 1468 4244 ὅτι
1500 4188 1706 4260 Κύριος
1747 4198 1955 4249 παντοῤ

376 4286 602 4358 λράτωρ
636 4284 1010 4351 ὲξαπέσταλκέ
1061 4301 1127 4355 με
1173 4283 1310 4354 πρὸς
1340 4282 1421 4337 σέ.
1455 4280 1592 4353 (ιβ’.)
1624 4280 1736 4334 Καὶ
1779 4294 1952 4332 κατα-

377 4379 777 4450 κληρονομήσει
831 4377 1034 4448 Κύριος
1082 4377 1175 4431 τὸν
1226 4376 1430 4430 Ἰούδαν
1455 4413 1471 4441 ,
1541 4373 1642 4445 τὴν
1659 4373 1704 4406 ⁵³
1759 4373 1956 4444 μερίδα

376 4470 544 4526 αὑτοῦ
591 4471 687 4524 ἐπὶ
728 4470 828 4541 τὴν
855 4469 1020 4539 ἁγίαν
1063 4469 1173 4550 γῆν
1189 4469 1257 4533 δ”,
1308 4469 1405 4522 καὶ
1446 4469 1678 4538 αἱρετιεῖ
1727 4466 1810 4520 ἐτι
1856 4465 1956 4536 τὴν

389 4562 765 4634 Ἰερουσαλήμ.
797 4579 816 4613 ι
854 4561 954 4615 Ἐκ
1004 4560 1114 4632 γὰρ
1149 4559 1245 4613 τοῦ
1297 4558 1470 4612 Ἰούδα
1506 4557 1605 4629 τὴν
1633 4557 1731 4610 τοῦ
1765 4556 1954 4610 δούλου

2057 3360 2152 3432 qui
2203 3356 2374 3412 laztari
2407 3362 2462 3410 et
2506 3353 2747 3424 gaudere
2793 3350 3076 3420 iubemur,
3106 3353 3165 3400 ut
3209 3345 3303 3415 qui
3341 3344 3632 3400 nobiscum

2057 3455 2374 3504 versantem
2423 3443 2782 3500 habuerimus
2815 3438 3057 3495 omnium
3094 3450 3278 3492 rerum
3317 3433 3632 3488 Dominum.

2058 3539 2256 3596 Videre
2287 3544 2472 3592 autem
2511 3534 2640 3589 licet
2671 3533 2847 3603 ipsam
2878 3529 3042 3585 etiam
3092 3526 3408 3583 sensibilem
3438 3522 3631 3580 Hiero-

2059 3631 2324 3703 solymam
2364 3626 2672 3682 habitatam
2729 3638 2760 3678 a
2797 3621 3061 3694 gentibus
3093 3619 3151 3674 in
3185 3616 3475 3674 Dominum
3509 3630 3632 3672 crc-

2060 3723 2340 3780 dentibus.
2370 3719 2488 3775 Hoc
2519 3725 2702 3773 autem
2734 3715 2861 3770 loco
2899 3712 3107 3785 pariter
3135 3711 3301 3768 etiam
3335 3710 3474 3768 duas
3510 3723 3637 3782 per-

2059 3835 2228 3878 sonas
2257 3831 2559 3889 carumque
2590 3811 2961 3884 aequalitatem
2991 3809 3278 3866 docemur.

2133 4119 2155 4149 σ
2191 4099 2332 4153 Ecce
2381 4095 2592 4167 1607
2631 4090 2800 4155 enim,
2845 4088 3048 4159 inquit,
3099 4086 3338 4152 veniant,
3375 4093 3431 4141 et
3474 4085 3634 4140 habi-

2059 4193 2185 4247 tabo
2233 4191 2288 4245 in
2336 4187 2518 4242 medio
2557 4183 2657 4248 tui,
2704 4181 2842 4237 dicit
2889 4179 3156 4235 Dominus
3197 4195 3210 4231 :
3269 4184 3325 4232 et
3353 4176 3496 4232 scies
3525 4175 3635 4230 Do-

2060 4283 2269 4338 minum
2295 4276 2728 4345 omnipotentem
2763 4271 2982 4326 misisse
3005 4284 3091 4325 me
3111 4267 3180 4323 ad
3205 4275 3276 4324 te.
3305 4266 3491 4337 (Vens.
3523 4265 3635 4336 l2.)

2061 4373 2128 4427 Et
2179 4366 2483 4442 possidebit
2534 4363 2801 4418 Dominus
2852 4356 3051 4416 Judam
3109 4365 3318 4429 partem
3371 4371 3528 4412 suam
3577 4357 3635 4412 in

2064 4474 2210 4519 terra
2249 4468 2466 4521 sancta,
2492 4463 2548 4511 et
2595 4455 2761 4525 eliget
2788 4452 2971 4508 adhuc
2999 4448 3460 4520 Hierosolymam.
3501 4466 3521 4500 ι
3556 4448 3633 4503 Ex

2061 4553 2201 4610 Juda
2263 4551 2410 4608 enim
2462 4547 2609 4604 servi
2673 4545 2906 4600 formam
2973 4541 3186 4612 accepit
3245 4539 3532 4603 Dominus,
3580 4547 3637 4594 et

380 4630 596 4726 μορφὴν
614 4630 876 4708 ἀνέλαϐεν
902 4653 932 4706 6
956 4630 1250 4722 Δεσπότης,
1276 4652 1370 4705 καὶ
1388 4649 1565 4704 οἰκίαν
1587 4649 1758 4720 αὐτὴν
1775 4648 1943 4718 ἑποιή·

2065 4661 2187 4702 eam
2219 4652 2428 4714 partem
2459 4653 2614 4695 suam
2659 4636 2795 4692 fecit
2823 4653 2840 4690 :
2872 4635 3034 4703 cujus
3073 4632 3153 4687 rei
3194 4631 3353 4686 testis
3384 4640 3469 4685 est
3495 4630 3636 4684 divi-

378 4763 510 4800 σατο
539 4744 732 4816 μερίδα
754 4759 769 4774 ·
806 4744 900 4798 καὶ
930 4743 1138 4815 μάρτυς
1167 4744 1196 4796 6
1225 4741 1510 4805 θεσπέσιος
1538 4739 1750 4803 Παῦλος
1781 4738 1920 4808 βοῶν
1939 4755 1953 4768 ο

384 4859 404 4893 ι
429 4837 706 4910 Πρόδηλον
734 4835 791 4889 δὲ
811 4836 896 4889 ὅτι
921 4835 1096 4888 Ἰούδα
1118 4833 1482 4890 ἀνατέταλκεν
1506 4833 1536 4885 6
1555 4833 1790 4904 Κύριος.
1805 4851 1823 4882 ι
1846 4831 1959 4886 Kal.

377 4931 594 4993 δεικνὺς
623 4931 700 4995 ὡς
727 4929 788 4983 o6
838 4929 999 5001 μόνον
1035 4928 1134 5000 τὴν
1169 4927 1548 4999 Ἰερουσαλὴμ,
1587 4925 1725 4980 ἀλλά
1775 4924 1958 4978 πᾶσαν

382 5022 488 5076 τῶν
540 5020 848 5094 ἀνθρώπων
919 5019 1022 5091 τὴν
1069 5019 1234 5090 φύσιν
1291 5021 1374 5083 είς
1439 5018 1716 5089 σωτηρίαν
1773 5015 1955 5082 καλεῖ,

379 5113 576 5182 επάγει
596 5131 611 5146 ν

480 5302 504 5330 ε
545 5291 707 5345 Joan.
739 5291 970 5359 x1v,lO.
1064 5290 1092 5330 δ
1135 5290 1266 5346 ibid.

386 5366 403 5404 ί
443 5361 602 5417 llebr.
635 5375 732 5426 vn,
765 5361 852 5416 Μ.

1379 5300 1404 5328 ε
1441 5285 1598 5343 Joan.
1631 5301 1699 5350 χ,
1735 5283 1827 5340 50.
1908 5281 1927 5320 ί
1968 5279 2131 5336 Joan.
2166 5293 2281 5342 xw,
2315 5275 2365 5329 9.

2058 4753 2170 4793 nus
2228 4734 2460 4797 Paulus,
2534 4731 2831 4785 clamans:
2874 4746 2893 4778 ι
2937 4723 3288 4780 Manifestum
3331 4730 3510 4777 autem
3552 4733 3637 4776 est

2057 4843 2125 4882 ex
2152 4825 2300 4880 tribu
2321 4827 2337 4844 θ
2358 4820 2515 4877 Judae
2536 4827 2720 4874 ortum
2753 4831 2875 4872 esse
2899 4813 3192 4870 Dominum
3223 4815 3268 4866 ί.
3305 4831 3325 4863 ι
3356 4812 3423 4866 Ει
3454 4821 3639 4866 osten-

2057 4918 2196 4973 dens
2241 4912 2387 4985 quod
2439 4927 2549 4966 non
2586 4909 2778 4982 modo
2825 4905 3288 4975 Hierosolymam,
3327 4903 3422 4958 sed
3469 4902 3638 4957 etiam

2059 5009 2382 5064 universum
2432 5017 2608 5077 genus
2663 5001 2968 5056 humanmn
3033 4995 3101 5051 ad
3169 4994 3402 5050 salutem
3453 5003 3638 5058 vocet,

2061 5099 2219 5156 addit
2242 5117 2256 5154 :

2471 5273 2498 5312 ε
2538 5269 2776 5340 Philipp.
2809 5283 2846 5325 ιι
2872 5307 2886 5334 ,
2910 5266 2966 5333 6,
2999 5266 3052 5320 7.
3153 5261 3180 5302 ιι
3219 5262 3380 5320 Joan.
3409 5275 3521 5328 xxv,
3549 5258 3641 5315 l0.

1676 5495 1768 5551 VA
1779 5495 1916 5550 RIIE
1953 5490 2352 5549 LECTIONES.

450 5678 496 5711 ³⁸
531 5681 559 5732 ὁ
584 5678 664 5733 Ex
690 5676 732 5735 C
761 5675 958 5748 suppl.
1017 5669 1376 5748 πριεδειξε..
1439 5669 1482 5702 ⁸⁸
1517 5667 1647 5748 γάρ.
1680 5665 1806 5722 Des.
1839 5667 1894 5720 in

379 5746 493 5816 ΑΠ’.
530 5748 657 5804 Cur.
704 5733 886 5804 scrin:
914 5746 1023 5816 10.Δ
1078 5733 1397 5816 “in-frag.
1431 5753 1481 5816 ε.
1514 5733 1626 5816 est.
1655 5733 2093 5807 κατασκηνώσει.

381 5807 580 5892 ⁶³”τήν.
622 5818 665 5870 Α
715 5829 898 5888 [)er}.
933 5813 1044 5869 καί.
1133 5811 1177 5843 ’⁸⁵
1205 5810 1248 5863 Δ
1279 5810 1381 5880 γῆν
1410 5809 1508 5880 τὴν
1534 5807 1715 5876 ἁγίαν.

2097 5662 2140 5696 ³³
2165 5661 2303 5716 ἰδού.
2335 5661 2409 5713 Ex
2444 5659 2490 5711 A
2533 5657 2712 5726 suppl.
2746 5654 2982 5726 Additur
3023 5659 3263 5726 _qnoqne
3321 5639 3493 5726 infra,
3520 5637 3638 5726 ‘Gr.

2212 5708 2709 5799 ’ῖῘᾸῙέ-πιγνώσῇῖῃ
2739 5726 2783 5758 δ’
2815 5722 2981 5787 Infra,
3023 5708 3145 5775 l.'c.
3174 5708 3262 5771 est
3311 5708 3662 5771 ἀπέσταλκε¹
