4090 6426
419 454 549 521 1531

418 662 687 732 quoniam
750 658 991 715 surrexit
1039 656 1110 712 de
1167 653 1408 708 nubibus
1463 651 1672 706 sanctis
1723 651 1860 704 suis.
1909 649 2004 704 Sic

419 754 585 806 etiam
627 749 798 803 David
829 747 908 802 ait
939 765 952 801 :
991 765 1010 798 ι
1046 746 1128 800 Ad
1163 753 1217 799 te
1257 743 1438 798 omnis
1477 756 1610 795 caro
1641 740 1823 794 veniet
1855 738 1870 788 ί
1916 756 1929 792 :
1979 757 1999 792 ι

424 842 518 896 Sic
549 840 715 895 etiam
739 839 911 893 Isaias
950 855 964 890 :
995 857 1012 888 ι
1050 835 1116 889 Et
1150 833 1353 889 videbit
1388 834 1571 887 omnis
1607 846 1738 885 caro
1770 831 2004 885 salutem

424 946 455 983 a
484 931 597 984 Deo
637 937 832 982 nostro
864 928 912 978 κ.
952 945 972 978 ι
1011 924 1192 979 Nubes
1226 933 1408 979 autem
1455 932 1680 976 sanctos
1709 921 2006 990 prophetas

424 1029 574 1075 recte
614 1027 797 1080 vocat,
859 1017 996 1070 nihil
1048 1032 1210 1070 suum
1252 1015 1564 1086 loquentes,
1599 1011 1695 1067 sed
1743 1022 2006 1080 tanquam

425 1128 490 1164 ex
532 1111 668 1164 mari
703 1109 938 1178 quodam
981 1109 1170 1177 gratia:
1203 1106 1445 1176 Spiritus
1495 1105 1734 1174 pluviam
1773 1101 2008 1172 prophe-

426 1203 589 1256 ticam
643 1201 982 1254 haurientes.
1023 1200 1105 1252 Ah
1137 1198 1223 1253 his
1257 1196 1573 1251 surrexisse
1603 1204 1657 1248 et
1689 1193 2010 1262 apparuisse

428 1295 581 1348 illum
615 1291 769 1356 dicit,
804 1291 956 1360 quia,
987 1305 1113 1343 cum
1156 1303 1251 1358 per
1284 1288 1386 1342 hos
1419 1285 1764 1355 praedixisset
1807 1285 2009 1337 adven-

427 1394 540 1437 tum
578 1397 762 1442 suum,
787 1389 841 1434 et
870 1379 954 1433 his
979 1393 1098 1448 qua:
1127 1377 1648 1448 prmsignilicaverat
1703 1373 1862 1426 linem
1905 1373 2009 1425 im-

426 1473 730 1542 posuisset,
761 1471 877 1540 ipsa
917 1472 1145 1522 veritate
1180 1467 1525 1538 prophetiam
1565 1465 1808 1518 divinant
1842 1463 2013 1518 fuisse

428 1563 692 1619 ostendit.
742 1560 864 1615 llzec
908 1561 952 1614 si
991 1558 1198 1612 Judzeis
1259 1557 1328 1610 ad
1385 1564 1605 1624 tempus
1675 1553 2012 1607 reversionis

430 1653 944 1711 accommodentur,
989 1657 1050 1701 nt
1076 1648 1300 1716 quidam
1331 1643 1675 1714 interpretati
1721 1648 1868 1706 sunt,
1902 1655 2012 1693 non

429 1744 586 1798 valde
642 1755 914 1812 repugno.
965 1739 1124 1804 Quod
1192 1751 1321 1791 vero
1377 1733 1662 1806 praedictio
1714 1747 1902 1787 verum
1959 1739 2011 1785 et

428 1839 641 1886 certum
716 1839 840 1900 post
924 1826 1366 1882 incarnationem
1455 1823 1766 1876 Salvatoris
1835 1818 2010 1874 nostri

1420 445 1904 506 THEODORETI
1933 444 2270 504 EPISCOPI
2301 446 2664 505 CYBENSIS

489 569 656 624 Vens.
695 568 778 623 15.
823 584 840 618 ι
885 565 1099 620 Timeat
1143 562 1325 617 omnis
1355 575 1488 614 caro
1519 575 1548 612 a
1579 558 1718 613 facie
1751 557 1988 623 Domini,
2021 565 2066 619 Α

2167 566 2254 627 ιγ’.
2299 578 2317 610 ι
2350 560 2698 618 Εὐλαϐεἰσθω
2729 561 2875 613 πᾶσα
2922 558 3056 629 σὰρξ
3096 557 3202 610 ἀπὸ
3236 557 3529 628 προσώπου
3557 560 3678 612 Κυ-

2108 650 2245 720 ρίου,
2281 652 2362 704 ὅτι
2413 654 2712 722 ἐγήγερται
2748 652 2794 683 ι’
2834 653 2897 704 ἐκ
2935 649 3174 719 νεφελῶν
3222 649 3394 717 ἁγίων
3439 649 3627 703 αὑτοῦ.
3661 669 3682 700 ›

2107 741 2264 795 Οὕτω
2289 744 2386 797 καλ⁸
2414 744 2443 795 6
2466 744 2630 796 Δαϐίδ
2650 761 2783 814 φησι
2805 759 2822 774 ⁸
2852 762 2872 795 ‹
2894 744 3040 814 Πρὸς
3064 742 3124 796 σὲ
3155 743 3306 795 πᾶσα
3330 740 3468 813 σὰρξ
3491 740 3631 811 ἥξει.
3664 761 3684 794 ι

2107 831 2262 884 Οὕτω
2285 833 2638 897 καὶἩσαῒαςο
2667 853 2685 885 ι
2712 834 2822 887 Kal.
2842 834 3033 904 διίιεται
3056 835 3206 886 πᾶσα
3229 831 3366 902 σὰρξ
3389 831 3486 904 τὴν
3511 847 3693 902 σωτη-

2112 923 2234 993 ρίαν
2276 924 2376 989 τὴν
2409 925 2563 995 παρά
2594 925 2692 978 τοῦ
2722 925 2858 980 Θεοῦ
2908 926 3086 997 ἡμῶν.
3131 927 3408 994 Νεφέλας
3433 925 3512 978 αδέ
3558 926 3690 990 τοὺς

2108 1013 2302 1080 ἁγίους
2335 1016 2626 1085 προφήτας
2667 1017 2896 1080 εἰκότως
2924 1017 3100 1081 καλεῖ,
3133 1017 3285 1072 οὐδὲν
3305 1020 3507 1072 οἰκεῖον
3529 1019 3695 1088 φθεγ-

2109 1104 2397 1174 γομένους,
2424 1107 2539 1160 ἀλλ’
2568 1107 2644 1170 ὡς
2686 1107 2751 1160 ἐκ
2790 1125 2936 1171 τινος
2962 1107 3240 1178 Θαλάσσης
3265 1108 3365 1178 τῆς
3387 1109 3482 1163 τοῦ
3511 1111 3690 1164 Πνεῦ-

2114 1211 2282 1264 ματος
2305 1197 2526 1266 χάριτος
2547 1197 2636 1250 τὸν
2661 1195 3002 1268 προφητικὸν
3033 1198 3296 1261 ἐλκοντας
3323 1199 3499 1251 ὑετόν.
3554 1199 3694 1252 Ἀπὸ

2109 1285 2318 1339 τούτων
2361 1288 2526 1341 αὐτὸν
2573 1289 2887 1360 ἐγείρεσθαι
2932 1290 3026 1343 καὶ
3075 1289 3459 1359 ἐπιφαίνεσθαι
3515 1290 3694 1358 λέγει,

2112 1377 2298 1448 ἐπειδὴ
2327 1380 2415 1432 διὰ
2457 1380 2662 1434 τούτων
2713 1383 2814 1452 τὴν
2859 1382 3071 1435 οἰκείαν
3103 1382 3522 1454 προαγορεύσεις
3569 1385 3697 1436 ἐπι-

2114 1468 2362 1536 φάνειαν,
2415 1472 2509 1523 καὶ
2554 1468 2637 1535 οἷς
2688 1472 3085 1542 προεθέσπισεν
3137 1474 3346 1536 ὲπιΟείς
3406 1474 3468 1526 τὸ
3516 1475 3694 1538 τέλος,

2114 1558 2282 1623 ἔδειξε
2330 1560 2421 1613 διὰ
2478 1562 2581 1628 τῆς
2638 1561 2900 1631 ἀληθείας
2956 1562 3109 1616 Θείαν
3169 1563 3271 1634 τὴν
3326 1563 3692 1634 προφητείαν.

2113 1648 2300 1703 Ταῦτα
2324 1651 2424 1721 μὲν
2451 1654 2500 1704 εί
2536 1652 2581 1684 ⁴⁶
2610 1653 2706 1705 καὶ
2744 1653 3021 1717 Ἰουδαίοις
3049 1655 3259 1723 ἥρμοσε
3292 1653 3437 1706 κατά
3471 1651 3566 1707 τὸν
3595 1654 3698 1723 τῆς

2115 1741 2380 1795 ἐπανόδου
2426 1743 2637 1814 καιρὸν,
2679 1742 2756 1808 ὣς
2793 1761 2937 1807 τινες
2985 1743 3421 1816 ἡρμηνεύκασιν,
3471 1744 3533 1797 οὐ
3572 1744 3698 1798 λίαν

2115 1831 2404 1900 ἀντιλέγω.
2434 1833 2559 1886 Ὅτι
2585 1833 2640 1886 δὲ
2665 1834 2698 1904 ἠ
2736 1836 3044 1908 πρόρρησις
3077 1835 3177 1906 τὴν
3207 1835 3385 1906 ἀληθῆ
3413 1835 3508 1888 καὶ
3531 1836 3698 1889 ἀναν-

426 1922 636 1976 exitum
691 1892 885 1974 sortita
932 1917 1024 1983 sit,
1078 1917 1208 1970 hinc
1265 1914 1611 1983 intelligitur,
1645 1910 1794 1982 quod
1849 1925 1913 1965 ex
1945 1924 2011 1963 eo

2118 1892 2371 1994 τίρῤητον
2423 1923 2650 1977 ἑκϐασιν
2680 1892 2820 1995 μετά
2977 1892 3392 1998 ἐνανθιρώπηισιν
3429 1925 3523 1980 τοῦ
3558 1926 3697 1980 Θεοῦ

431 2020 675 2080 tempore
734 2007 948 2062 inﬁnita
1004 2007 1253 2078 gentium
1313 2004 1508 2068 millia,
1557 2002 1752 2073 .priori
1822 2018 2013 2058 errore

431 2100 665 2168 abiecto,
689 2098 758 2153 ad
794 2098 965 2153 Deum
1000 2098 1384 2152 universorum
1413 2094 1628 2165 1608
1649 2095 2010 2159 transierunt,

432 2203 487 2246 et
517 2193 754 2262 populus
794 2191 1105 2261 appellatus
1135 2197 1224 2245 est
1261 2189 1504 2245 divinus.
1529 2189 1610 2244 Ex
1657 2204 1723 2243 eo
1769 2197 2015 2260 tempore

433 2287 558 2352 pius
620 2291 801 2338 cmtus
862 2298 926 2337 ex
980 2282 1236 2352 gentibus
1309 2291 1680 2351 congregatus
1747 2281 2018 2337 habitavit

433 2373 850 2444 llierosolymae.
914 2372 992 2427 Ex
1056 2387 1124 2428 eo
1190 2379 1442 2443 tempore
1516 2373 1699 2426 omnis
1767 2388 1898 2428 caro
1960 2383 2016 2430 et

433 2465 674 2534 priorem
708 2464 1012 2520 Salvatoris
1043 2465 1340 2519 adventum
1375 2464 1688 2534 excepit,et
1712 2467 2014 2521 secundum

433 2556 728 2610 adventum
765 2556 1041 2611 extimuit.
1090 2556 1198 2611 Sed
1249 2564 1470 2627 tempus
1499 2563 1586 2611 est
1620 2565 1682 2612 ut
1720 2555 1790 2611 ad
1826 2558 2016 2628 expla-

435 2647 714 2704 nationem
736 2646 1056 2704 redeamus.

1039 2845 1272 2902 CAPUT
1325 2820 1444 2899 nL'

505 2939 672 2994 Vens.
715 2940 770 3004 1,
805 2939 863 2994 2.
902 2957 921 2990 ι
963 2937 1028 2991 Ει
1059 2936 1303 2991 ostendit
1328 2935 1463 2990 mihi
1490 2933 1755 2990 Dominus
1795 2934 2018 2990 Josuam

339 3095 348 3104 κ
436 3031 774 3086 sacerdotem
827 3041 1108 3097 magnum,
1143 3033 1379 3081 stantem
1423 3031 1554 3080 ante
1599 3023 1795 3080 faciem
1843 3024 2018 3095 angeli

443 3121 655 3174 Domini
689 3135 702 3171 :
731 3128 786 3174 et
815 3118 1069 3172 diabolus
1099 3117 1283 3171 stabat
1315 3130 1346 3169 a
1378 3115 1626 3170 dexteris
1655 3116 1800 3184 ejus,
1833 3123 1891 3168 ut
1922 3117 2019 3169 ad-

2115 2013 2210 2064 καὶ
2255 2012 2508 2084 Σωτῆρος
2539 2014 2698 2084 ἡμῶν
2730 2015 2978 2081 ἐδέξατο,
3019 2013 3247 2069 αὐτόθεν
3293 2015 3410 2068 ἐστι
3459 2015 3652 2087 μαθεῖν
3679 2033 3694 2046 ο

2118 2100 2179 2166 ἐξ
2219 2102 2431 2156 ἐκείνου
2471 2102 2582 2175 γὰρ
2623 2106 2719 2158 καὶ
2759 2105 2827 2159 τά
2883 2106 3053 2177 μυρία
3077 2105 3230 2176 ἔθνη,
3275 2106 3378 2176 τὴν
3422 2107 3700 2177 προτέραν

2117 2194 2486 2250 καταλιπόντα
2517 2195 2751 2266 πλάνην,
2784 2197 3095 2265 κατέφυγον
3123 2196 3170 2228 ⁵⁷
3202 2197 3296 2250 ἐπὶ
3313 2197 3406 2250 τὸν
3429 2196 3540 2250 τῶν
3561 2197 3701 2250 ὅλων

2119 2284 2278 2351 Θεὸν,
2331 2285 2426 2339 καὶ
2464 2284 2608 2351 λαὸς·
2639 2288 2979 2359 ἐχρημάτισε
3010 2287 3174 2350 θεῖος.
3231 2286 3324 2352 Ἐξ
3358 2287 3570 2342 ἐκείνου
3600 2288 3704 2355 τὴν

2128 2377 2485 2450 Ἰερουσαλὴμ
2527 2379 2590 2432 τδ
2637 2381 2702 2433 ἐκ
2752 2379 2866 2433 τῶν
2920 2380 3092 2434 ἐθνῶν
3153 2379 3414 2448 πλλεγέν
3473 2380 3704 2444 εὐσεϐὲς

2118 2468 2409 2541 κατῴκησε
2438 2469 2714 2540 σῦστημα.
2760 2470 2851 2535 Ἐξ
2881 2472 3091 2524 ἐκείνου
3121 2472 3270 2524 πᾶσα
3299 2470 3455 2537 σὰρξ,
3483 2471 3579 2524 καὶ
3603 2471 3704 2540 τὴν

2119 2561 2395 2630 προτέραν
2439 2557 2535 2614 τοῦ
2569 2561 2828 2632 Σωτῆρος
2869 2561 3092 2628 ἐδέξατο
3125 2563 3452 2632 παρουσίαν,
3485 2563 3583 2617 καὶ
3606 2562 3704 2634 τὴν

2121 2650 2384 2721 δευτέραν
2407 2651 2678 2723 πέφρικεν
2716 2652 3062 2720 ἐπιφάνειαν.
3109 2651 3249 2704 Ἀλλ’
3277 2652 3370 2706 ἐπὶ
3396 2653 3500 2724 τὴν
3529 2655 3704 2726 ἑρμη-

2119 2741 2270 2796 νείαν
2293 2742 2611 2797 ἐπανελθεῖν
2640 2743 2864 2812 καιρός,
3691 2749 3705 2760 ’

2662 2833 3056 2887 ΚΕΦΛΛΑΙΟΝ
3092 2834 3166 2888 Γ.

2190 2930 2263 2988 α’,
2284 2924 2352 2994 β’.
2378 2943 2397 2976 ι
2422 2925 2532 2978 Καὶ
2548 2924 2716 2988 ἔδειξέ
2751 2943 2839 2995 μοι
2861 2925 3066 2997 Κύριος
3086 2927 3176 2980 τὸν
3193 2927 3421 2998 Ἰησοῦν,
3445 2929 3536 2983 τὸν
3554 2930 3707 3002 ίερέα

2121 3015 2212 3070 τδν
2247 3017 2443 3086 μέγαν,
2467 3015 2680 3070 ἑστῶτα
2703 3016 2811 3087 πρὸ
2833 3016 3130 3087 προσώπου
3152 3019 3386 3087 ἀγγέλου
3405 3019 3451 3052 ³⁸
3475 3021 3703 3092 Κυρίου,

2123 3107 2218 3160 καὶ
2245 3109 2274 3160 ό
2307 3107 2554 3171 διάϐολος
2585 3108 2835 3177 εἱστήκει
2879 3109 2943 3161 ἐκ
2991 3109 3181 3176 δεξιῶν
3209 3109 3400 3175 αὑτοῦ,
3433 3111 3529 3165 τοῦ
3557 3112 3711 3166 ἀντι-

439 3220 756 3267 vrrsaretur
813 3210 885 3264 ei.
924 3208 988 3261 Et
1038 3207 1178 3262 dixit
1227 3207 1497 3261 Dominus
1558 3207 1626 3260 ad
1681 3206 1960 3260 diabolum
2000 3226 2013 3260 :

2127 3199 2344 3252 κεῖσθαι
2381 3199 2552 3270 αὐτῷ.
2586 3201 2698 3254 Καὶ
2731 3196 2854 3253 εἷπε
2889 3201 3097 3272 Κύριος
3133 3201 3270 3272 πρὸς
3293 3200 3388 3256 τὸν
3420 3203 3667 3260 διάϐολον
3692 3223 3710 3238 ο

443 3304 689 3370 lncrepet
730 3299 995 3352 Dominus
1035 3308 1108 3360 te,
1165 3296 1410 3361 diabole,
1439 3303 1494 3351 et
1535 3296 1782 3364 increpet
1809 3305 1862 3351 te
1913 3293 2019 3350 Do-

443 3396 646 3459 minus,
702 3393 794 3462 qui
856 3391 1022 3461 elegit
1081 3389 1542 3457 Hierosolymam.
1593 3407 1612 3439 ι
1673 3387 1798 3441 llaec
1855 3388 2018 3442 etiam

444 3495 754 3542 nostrorum
807 3494 971 3556 typus
1034 3493 1180 3538 sunt.
1227 3481 1364 3536 Nam
1414 3481 1877 3550 quemadmodum
1924 3478 2020 3534 Jo-

444 3594 600 3634 suam
640 3579 792 3630 illum
842 3573 1186 3629 sacerdotem
1235 3587 1518 3642 magnum,
1569 3571 1898 3641 legationem
1951 3569 2020 3624 ad

447 3670 616 3722 Deum
678 3669 973 3720 obeuntem
1018 3679 1117 3734 pro
1165 3664 1387 3732 populo,
1435 3663 1790 3717 vehementer
1839 3661 2022 3731 impu-

446 3758 650 3828 gnahat
681 3754 1082 3810 infestissimus
1116 3762 1170 3808 et
1208 3751 1584 3822 nequissimus
1611 3752 1863 3806 diabolus
1893 3768 1906 3804 :
1941 3751 2024 3807 sic

449 3860 642 3900 rursus
696 3841 825 3896 Jesu
867 3857 1070 3912 magno
1102 3841 1377 3896 sacerdoti
1415 3840 1720 3896 secundum
1769 3839 2022 3895 ordinem

451 3937 882 3998 Melchisedech,
915 3936 1177 3990 mundum
1213 3924 1463 4004 expianti'
1501 3950 1530 3987 a
1587 3935 1849 4004 peccatis,
1879 3933 2024 3988 idem

451 4033 570 4101 ipse
609 4030 787 4083 hostis
835 4029 1193 4098 repugnabat,
1239 4042 1362 4080 eum
1405 4026 1766 4096 supplantare
1813 4026 2022 4080 volens.

451 4119 558 4173 Sed
619 4118 772 4172 hunc
812 4116 1037 4186 quidem
1090 4113 1261 4170 Josua
1309 4116 1459 4170 illius
1509 4113 1741 4170 Josedec
1777 4131 1884 4169 non
1943 4114 2027 4168 in-

2135 3292 2494 3363 Ἐπιτιμήσαι
2523 3291 2729 3364 Κύριος
2755 3294 2813 3345 ἐν
2834 3292 2939 3361 σοὶ,
2969 3293 3207 3357 διάϐολε,
3262 3296 3358 3348 καὶ
3384 3297 3712 3369 ἐπιτιμῆσαι

2121 3381 2327 3452 Κύριος
2356 3384 2416 3434 ἐν
2449 3383 2553 3448 σοὶ,
2575 3385 2604 3436 ό
2635 3383 2996 3454 ἐκλεξάμενος
3017 3386 3118 3457 τὴν
3153 3385 3530 3460 Ἰερουσαλήμ.
3559 3407 3579 3439 ι
3602 3391 3713 3444 Καὶ

2121 3475 2299 3528 ταῦτα
2330 3474 2388 3527 δὲ
2411 3475 2584 3538 τύπος
2623 3475 2732 3528 τῶν
2764 3475 3074 3547 ἡμετέρων.
3109 3477 3322 3551 ’Ὥσπερ
3358 3481 3469 3552 γάρ
3515 3482 3711 3553 ἐκείνῳ

2123 3563 2202 3634 τῷ
2263 3564 2439 3634 Ἰησοῦ
2482 3566 2735 3638 ἀρχιερεῖ
2785 3566 2920 3630 ὄντι,
2967 3566 3062 3619 καὶ
3115 3567 3215 3630 τὰς
3263 3567 3405 3640 ὑπὲρ
3448 3570 3544 3624 τοῦ
3579 3570 3712 3624 λαοῦ

2125 3655 2430 3726 πρεσϐείας
2472 3657 2841 3727 προσφέροντι
2892 3657 2966 3726 τῷ
3003 3656 3145 3728 Θεῷ,
3193 3659 3478 3714 ἀντέκειτο
3524 3659 3648 3715 λίαν
3684 3664 3714 3716 ό

2124 3745 2383 3816 ἀλάστωρ
2433 3747 2531 3799 καὶ
2575 3748 2818 3820 πονηρὸς
2867 3748 3148 3814 διάϐολος⁸
3205 3751 3383 3816 οὕτως
3428 3753 3605 3826 Ἰησοῦ
3634 3753 3715 3825 τῷ

2128 3837 2351 3908 μεγάλῳ
2371 3838 2639 3910 ἀρχιερεῖ,
2666 3840 2745 3910 τῷ
2776 3840 2920 3895 κατά
2937 3842 3038 3913 τὴν
3064 3842 3218 3908 τάξιν
3247 3844 3602 3918 Μελχισεδὲχ,
3634 3846 3716 3918 τῷ

2126 3929 2336 3999 αἰροντι
2385 3931 2486 4002 τήν
2541 3932 2816 4003 ἁμαρτίαν
2846 3933 2962 4010 ,τοῦ
3026 3936 3258 4006 κόσμου,
3313 3938 3718 4008 ἀντηγωνίζετο

2127 4023 2290 4079 πάλιν
2327 4024 2356 4076 6
2386 4026 2552 4088 αὐτὸς
2583 4019 2737 4090 οὗτος
2781 4026 3063 4096 πολέμιος,
3112 4027 3477 4082 ὐποσκελίσαι
3522 4029 3714 4100 βουλό-

2132 4131 2328 4185 μενος’
2375 4115 2514 4169 ἀλλά
2543 4116 2720 4187 τούτῳ
2773 4116 2982 4186 Ἰησοῦς
3034 4117 3082 4151 δ’
3127 4118 3230 4188 μὲν
3259 4119 3287 4171 ό
3318 4117 3413 4172 τοῦ
3461 4121 3714 4175 Ἰωσεδὲκ

449 4211 686 4280 rrcpuit,
733 4207 830 4263 sed
864 4207 1046 4262 Josute
1090 4206 1382 4262 Dominus.
1428 4209 1499 4262 At
1535 4222 1660 4262 cum
1700 4209 2032 4263 accessisset

453 4301 519 4354 ad
552 4298 739 4354 .lcsum
787 4297 1128 4353 Salvatorem
1181 4300 1337 4355 orhis
1377 4300 1394 4322 ‘
1438 4306 1620 4364 terrae,
1653 4300 1723 4354 ab
1747 4314 1813 4354 eo
1849 4300 2029 4354 inere-

2126 4209 2228 4259 οὑκ
2257 4206 2613 4277 ἐπετίμησεν,
2633 4207 2749 4261 ἀλλ’
2771 4210 2800 4262 ό
2823 4207 2916 4262 τοῦ
2961 4207 3136 4278 Ἰησοῦ
3170 4209 3470 4281 Δεσπότης.
3516 4211 3716 4266 Ἥνίκα

2127 4293 2184 4345 δὲ
2246 4295 2422 4364 Ἰησοῦ
2461 4295 2542 4366 τῷ
2586 4296 2804 4367 Σωτῆρι
2855 4298 2958 4368 τῆς
3006 4299 3334 4369 οἰκουμένης
3382 4303 3714 4374 προσῆλθεν.

455 4397 634 4458 patur,
663 4397 925 4457 tanquam
960 4404 989 4440 τι
1025 4386 1134 4442 Deo
1155 4397 1211 4443 et
1237 4386 1491 4452 Domino,
1522 4395 1577 4443 et
1611 4389 1800 4442 audit:
1831 4405 1851 4440 ι
1882 4387 2016 4443 Vadt

2132 4385 2226 4438 ὑπ’
2259 4383 2426 4438 αὐτοῦ
2461 4386 2810 4456 ἐπιτιμᾶται,
2861 4382 2951 4442 οἷα
3003 4389 3068 4460 δὴ
3123 4389 3231 4441 ὑπὸ
3277 4389 3375 4442 τοῦ
3429 4385 3567 4445 Θεοῦ
3618 4395 3717 4446 καὶ

453 4488 623 4543 :‘etro,
654 4481 856 4533 Satana
886 4476 928 4532 ι.
975 4497 992 4529 ι
1036 4477 1130 4532 Sic
1173 4493 1327 4549 ergo,
1353 4493 1478 4532 eum
1504 4492 1534 4530 a
1557 4477 1776 4532 diabolo
1803 4475 2016 4532 liberas

2131 4474 2427 4534 Δεσπότου,
2487 4473 2584 4526 καὶ
2637 4475 2872 4527 ἀκούειο
2946 4477 3208 4543 (Ὕπαγε
3275 4477 3453 4529 ὀπίσω
3512 4495 3616 4548 μου
3639 4479 3714 4545 ⁸ο,

455 4579 538 4622 set
565 4566 790 4624 Josuam
819 4567 992 4621 illium
1013 4566 1266 4632 Josedec,
1292 4575 1553 4636 tanquam
1580 4567 1724 4621 Deus
1753 4565 2016 4620 videlicet.

2139 4567 2370 4621 Σατανᾶ.
2404 4584 2423 4618 ι
2457 4565 2616 4619 Οὕτω
2637 4566 2816 4620 τοίνυν
2858 4566 3174 4634 ἀπαλλάξας
3211 4567 3305 4620 τοῦ
3335 4567 3584 4621 διαϐόλου
3624 4569 3718 4623 τὶν

457 4658 726 4712 Dominus
780 4658 1031 4728 adiunxit
1075 4676 1090 4712 :
1157 4676 1174 4709 ς
1213 4655 1406 4712 Nonne
1444 4671 1574 4710 ecce
1615 4657 1722 4710 hoc
1753 4662 1812 4709 ut
1861 4657 2016 4710 torris

2148 4657 2395 4712 Ἰωσεδὲκ
2429 4657 2661 4727 Ἰησοῦν,
2691 4653 2778 4712 οἷα
2793 4659 2857 4728 δὴ
2879 4658 3034 4723 Θεὸς,
3060 4659 3090 4710 6
3109 4659 3387 4730 Δεσπότης
3406 4661 3714 4732 ἐπήγαγεν

457 4760 542 4804 cst
574 4757 763 4804 erutus
801 4749 868 4804 de
897 4749 1056 4817 igne?
1091 4767 1110 4800 ι
1149 4748 1420 4814 Quoniam
1446 4748 1592 4802 enim
1631 4747 1798 4816 paulo
1837 4754 1968 4803 ante
1999 4763 2016 4804 ε

2138 4767 2157 4800 ι
2186 4750 2299 4802 υὺκ
2335 4749 2444 4802 ἰδοὺ
2471 4749 2630 4802 τοῦτο
2649 4749 2725 4812 ὡς
2740 4748 2900 4812 δαλὸς
2937 4749 3342 4818 ἐξεσπασμένος
3368 4751 3433 4802 ἐκ
3460 4751 3666 4820 πυρός;
3695 4770 3713 4802 ι

459 4843 795 4911 captivitate.
836 4841 1086 4904 reversi,
1129 4839 1471 4911 captivitatis
1527 4838 1686 4908 signa
1734 4837 2016 4894 ferebant.

2147 4837 2368 4910 Ἐπειδὴ
2392 4841 2501 4910 γὰρ
2526 4840 2732 4912 ἀρτίως
2767 4839 2876 4893 ἀπὸ
2901 4839 3001 4908 τῆς
3031 4840 3413 4911 αἰχμαλωσίας
3441 4841 3716 4914 ἐπανελη-

461 4939 858 5000 paupertatem,
935 4930 1150 5002 1609
1201 4938 1258 4986 et
1311 4929 1660 4986 solitudinem
1738 4944 2016 4984 summam

2135 4932 2381 4996 λυοότες,
2435 4933 2503 4986 τά
2547 4936 2647 5004 τῆς
2696 4933 3076 5004 αἰχμαλωσίας
3119 4934 3452 5004 ἐπεφέροντο
3491 4936 3717 5005 σημεῖα,

465 5022 660 5076 merito
713 5037 810 5077 eos
873 5031 1068 5076 torrem
1129 5020 1398 5076 nominat.
1460 5018 1643 5074 Terris
1701 5027 1884 5075 autem
1949 5035 2010 5075 es

2139 5024 2240 5096 τὴν
2276 5024 2487 5089 πενίαν,
2536 5025 2635 5095 τὴν
2691 5025 2947 5096 ἐρημίαν,
3003 5023 3235 5087 εἰκότως
3280 5025 3482 5089 αὐτοὺς
3525 5025 3722 5079 δαλὸν

465 5110 788 5164 semiustum
841 5112 1074 5182 lignum,
1109 5117 1188 5166 ex'
1223 5112 1351 5181 igne
1397 5118 1673 5182 ereptum.
1719 5108 1796 5181 [5]
1833 5109 2016 5165 Deindi

2141 5117 2416 5189 ὀνομάζει.
2477 5116 2671 5183 Δαλὸς
2720 5117 2776 5169 δέ
2825 5118 2974 5168 ἐστιν
3035 5116 3341 5187 ἡμιφλεγὲς
3400 5114 3558 5180 ξύλον
3613 5117 3723 5170 ἀπὸ

465 5197 665 5254 iterum
703 5210 893 5254 narrat
922 5203 1211 5272 propheta,
1247 5204 1493 5259 vestibus
1523 5203 1796 5274 squalidis
1825 5211 1881 5258 et
1916 5220 2016 5259 sor

2145 5204 2319 5275 πυρὸς
2352 5204 2625 5275 ἀρπαγέν.
2662 5197 2797 5257 Εἶτα
2829 5203 3104 5273 διηγεῖται
3149 5205 3316 5258 πάλιν
3345 5205 3375 5256 6
3404 5205 3721 5274 προφήτης.

466 5290 612 5344 didis
632 5302 888 5361 magnum
907 5294 1249 5351 sacerdotem
1273 5295 1527 5351 indutum
1555 5295 1724 5352 fuisse
1748 5314 1761 5350 :
1784 5298 2015 5367 angelun

2141 5295 2216 5359 ὡς
2245 5295 2438 5364 ἱμάτια
2470 5295 2570 5365 μὲν
2607 5291 2814 5364 πιναρά
2846 5293 2940 5345 καὶ
2968 5292 3338 5363 ἐρρυπωμένσ
3371 5291 3400 5342 ό
3427 5292 3725 5364 ἀρχιερεὺς

466 5395 598 5435 vero
648 5381 832 5453 populi
857 5390 1096 5440 tutorem
1140 5385 1265 5442 aliis
1312 5387 1620 5443 astantibus
1649 5386 1858 5457 angelis
1898 5401 2016 5456 pra:-

2145 5387 2491 5456 περιέκειτο⁸
2553 5387 2582 5440 6
2633 5384 2690 5437 δέ
2741 5381 2836 5436 τοῦ
2876 5383 3006 5436 λαοῦ
3051 5381 3442 5452 προστατεύων
3489 5381 3726 5454 ἄγγελος

521 5539 540 5609 j
570 5537 717 5594 Psal.
756 5555 904 5606 thv,
933 5541 988 5596 2.
1053 5542 1080 5582 ιι
1116 5539 1221 5599 lsa.
1255 5557 1344 5610 χι,
1375 5541 1428 5596 5.
1513 5542 1529 5582 ι
1568 5543 1756 5598 Matth.
1794 5557 1868 5605 Iv,
1903 5542 1990 5596 10.

1065 5657 1071 5663 ’
1773 5654 2003 5710 VARUE
2037 5653 2440 5712 LECTIONES.

545 5764 591 5795 “
626 5766 661 5816 Α
701 5768 1080 5836 ὲξεγήγερται.
1169 5771 1212 5801 ⁸⁸
1240 5771 1280 5823 C
1314 5771 1360 5823 εἰ
1424 5771 1538 5840 μέν.
1596 5770 1637 5800 ’⁸⁷
1671 5768 1710 5824 C
1733 5767 2056 5835 κατέφυγεν.

2139 5769 2335 5836 ww.
2379 5767 2502 5822 Des.
2553 5768 2606 5822 in
2646 5765 2706 5820 c.

479 5829 682 5886 Abesse
713 5829 907 5888 solet}:
935 5829 977 5890 ’1.
1011 5855 1058 5889 e.

2820 5764 2864 5798 δ’
2895 5763 2936 5818 C
2970 5762 3071 5834 μὲν
3110 5761 3336 5836 Ἰησοῦς.
3406 5762 3452 5795 ⁸ο
3481 5763 3572 5814 ὄπ.
3597 5778 3724 5832 μου.
