4090 6400
373 398 524 466 1393

1579 408 1658 467 ΙΝ
1693 406 2092 466 ZACIIARI/E
2121 409 2278 466 CAP.
2314 409 2426 468 III.

3491 413 3629 478 1894

369 515 590 586 ἑτέροις
631 515 946 588 παρεστῶσι
1002 517 1397 589 παρηγγύησεν
1425 518 1704 588 ἀγγέλοις,
1733 519 1929 589 ἐκείνης

2053 519 2285 588 cepisse,
2333 530 2393 573 ut
2452 520 2555 575 illis
2618 522 2864 578 vestibus
2914 540 3038 579 eum
3097 533 3382 580 exuerent.
3433 524 3511 596 [4]
3549 525 3629 579 Ac

367 608 542 661 αὐτὸν
591 609 692 679 τῆς
750 609 978 681 ἐσθῆτος
1023 611 1330 679 γυμνῶσαι.
1371 611 1484 664 Καὶ
1528 611 1817 677 διδάσκων,
1875 610 1951 673 ώς

364 698 567 769 ἔτερόν
623 717 676 752 τι
723 700 813 754 διὰ
861 701 970 754 τῶν
1021 699 1253 771 ἱματίων
1295 701 1612 767 αἰνίττεται,
1666 702 1946 772 ἐπήγαγεο

371 807 392 841 ι
425 790 542 844 Καὶ
565 785 686 843 εἷπε
720 791 858 861 πρὸς
897 791 1060 845 αύτόν
1079 808 1092 824 ’
1133 792 1264 846 Ἰδοὺ
1292 793 1554 865 ἀφῄρηκα
1595 792 1703 847 ἀπὸ
1727 790 1822 844 σού
1850 790 1948 855 τάς

360 881 607 951 ἀνομίας
635 899 750 938 σου.
786 902 805 935 ι
834 883 993 946 Εἰκὸς
1018 883 1117 953 μὲν
1146 883 1256 953 γὰρ
1283 879 1352 954 ἦν
1385 885 1479 938 καὶ
1501 883 1664 938 αὑτὸν
1704 882 1849 953 ἔχειν
1872 883 1948 946 ώς

361 972 664 1044 ἄνθρωπον
695 974 818 1026 τινα
868 973 1330 1046 πλημμελήματα.
1380 975 1648 1046 Ἠγοῦμαι
1690 975 1748 1029 δὲ
1789 976 1831 1008 ⁵¹
1867 976 1946 1029 ὃτι

359 1059 461 1116 οἷα
490 1061 555 1132 δὴ
586 1063 880 1134 ἀρχιερεὺς
927 1063 1192 1134 ᾠκειοῦτο
1243 1065 1342 1136 τὴν
1379 1065 1472 1118 τοῦ
1522 1065 1655 1120 λαοῦ
1708 1082 1946 1136 παρανο-

363 1153 536 1224 μίαν,
578 1153 674 1208 καὶ
720 1155 796 1218 ώς
842 1153 1278 1226 συνημαρτηκὼς
1315 1155 1543 1219 ἐκείνοις
1599 1155 1696 1220 τὰς
1731 1156 1944 1226 δεήσεις

358 1244 718 1315 προσέφερεο
766 1245 862 1298 καὶ
907 1243 1096 1299 τούτου
1138 1245 1331 1317 χάριν,
1378 1247 1452 1310 ὡς
1499 1247 1704 1300 οἰκείαν
1749 1247 1942 1316 ἄφεσιν

354 1332 579 1402 δέχεται
609 1333 713 1402 τῆς
737 1333 833 1387 τοῦ
863 1333 994 1387 λαοῦ
1020 1335 1364 1405 παρανομίας
1401 1337 1498 1407 τὴν
1527 1336 1742 1405 ἄφεσιν.
1779 1336 1942 1390 vim

354 1424 476 1494 γάιρ
505 1423 668 1491 οὓτω,
709 1425 896 1495 φησιν,
935 1426 1268 1496 ἀπαλλαγεὶς
1307 1428 1400 1481 τοῦ
1435 1428 1692 1482 πενθικοῦ
1727 1430 1940 1501 σχήμα-

353 1531 478 1578 τος,
513 1516 607 1568 καὶ
652 1517 778 1578 τοὺς
809 1515 1076 1588 θυμηδίας
1127 1519 1358 1588 μεστοὺς
1395 1519 1688 1590 δεξάμενος
1720 1519 1935 1589 λόγους,

354 1603 740 1675 ἁπολαμὸάνει
771 1606 865 1659 καὶ
891 1606 990 1678 τὴν
1010 1610 1112 1678 τῆς
1136 1609 1434 1680 ἱερωσύνης
1466 1610 1681 1682 στολήν.
1719 1612 1936 1684 Παρεγ-

353 1698 471 1767 γυᾷ
501 1696 611 1768 γὰρ
640 1700 753 1761 τοῖς
793 1698 1140 1770 παρεστῶσιν
1177 1703 1206 1753 ὁ
1244 1703 1426 1754 ἐκεῖνα
1458 1703 1696 1773 εἰρηκώς
1731 1721 1792 1757 τε
1829 1705 1930 1759 καὶ

352 1785 658 1857 δεδρακὼς,
705 1786 796 1840 τόν
842 1804 901 1840 τε
952 1788 1156 1859 ποδήρη
1215 1789 1379 1844 αὑτὸν
1410 1791 1646 1856 ὲνδύσαι,
1699 1792 1795 1846 καὶ
1834 1792 1933 1862 τὴν

2051 609 2260 663 docens
2306 611 2454 664 aliud
2503 610 2784 680 quidpiam
2836 629 2932 682 per
2964 623 3144 670 vestes
3195 615 3498 686 designari,
3527 615 3629 668 ad-

2047 697 2183 766 jecit
2213 715 2226 752 :
2265 717 2284 750 ι
2322 697 2388 752 Ει
2409 699 2550 752 dixit
2579 700 2648 753 ad
2684 716 2809 755 eum
2839 721 2852 756 :
2885 703 3024 757 Ecce
3057 704 3259 759 abstuli
3284 719 3315 758 a
3346 714 3398 759 te
3429 704 3629 774 iniqui-

2052 796 2193 842 tates
2237 797 2380 842 tuas.
2421 808 2441 840 ι
2477 789 2788 846 Verisimile
2832 792 3050 862 quidem
3092 801 3176 847 est
3227 794 3409 863 ipsum
3459 794 3625 848 etiam

2051 889 2108 933 ιιι
2155 880 2430 934 hominem
2460 881 2528 935 'in
2589 881 2868 952 aliquibus
2917 883 3240 953 deliquisse.
3287 883 3401 952 Ego
3441 892 3624 938 tamen

2047 969 2306 1023 existimo
2369 985 2494 1024 eum
2529 978 2791 1041 tauquam
2827 987 3083 1042 magnum
3121 973 3486 1038 sacerdotem,
3515 974 3623 1028 sibi

2047 1059 2235 1128 populi
2289 1059 2634 1132 iniquitatem
2669 1062 3008 1126 attribuisse,
3047 1070 3103 1116 et
3150 1064 3304 1132 quasi
3343 1078 3450 1116 una
3493 1079 3620 1118 cum

2045 1149 2182 1218 ipsis
2243 1159 2550 1218 peccasset,
2605 1167 2798 1222 preces
2849 1153 3151 1221 obtulisse;
3204 1154 3436 1224 ideoque
3493 1161 3621 1208 tan-

2045 1254 2210 1308 quam
2257 1255 2488 1296 suorum
2533 1243 2771 1309 veniam,
2805 1244 3133 1298 delictorum
3182 1246 3367 1314 populi
3396 1246 3613 1300 veniam

2043 1331 2382 1401 suscepisse.
2415 1331 2492 1404 [5]
2521 1334 2789 1389 Caeterum
2822 1336 2948 1400 hoc,
2977 1337 3174 1405 inquit,
3203 1335 3363 1390 modo
3386 1336 3615 1406 lugubri

2041 1429 2193 1477 veste
2238 1438 2365 1479 cum
2414 1432 2561 1480 esset
2607 1434 2834 1490 exutus,
2882 1433 2938 1480 et
2987 1441 3273 1481 sermones
3320 1426 3620 1496 voluptatis

2027 1515 2232 1585 plenos
2263 1517 2586 1586 accepisset,
2616 1518 2813 1573 stolam
2837 1519 3020 1574 etiam
3060 1519 3268 1588 recepit
3302 1518 3617 1575 sacerdotii.

2039 1603 2289 1676 Prmeipit
2338 1608 2484 1662 enim
2532 1607 2845 1662 astantibus
2917 1608 2964 1663 is
3011 1609 3104 1677 qui
3158 1609 3250 1662 illa
3309 1608 3528 1663 dixerat
3562 1617 3618 1663 et

2035 1707 2245 1767 egerat,
2298 1708 2360 1754 ut
2398 1715 2526 1754 eum
2581 1701 2872 1756 induerent
2914 1702 3109 1756 tunica
3152 1701 3310 1756 talari
3343 1709 3398 1756 et
3427 1703 3614 1764 mitra,

2037 1802 2100 1843 ac
2124 1789 2358 1844 Cidarim
2389 1791 2557 1861 capiti
2591 1791 2955 1862 imponerent.
2977 1792 3055 1866 [6]
3079 1795 3166 1860 Et,
3208 1794 3297 1848 his
3325 1793 3610 1865 perfectis,

355 1877 564 1948 μίτραν
603 1877 698 1930 καὶ
725 1877 826 1948 τὴν
858 1878 1068 1950 κίδαριν
1113 1879 1382 1934 ἐπιθεῖναι
1427 1886 1494 1953 τῇ
1549 1884 1782 1955 κεφαλῇ.
1822 1885 1929 1938 Καὶ

2030 1889 2380 1938 contestatur
2401 1898 2529 1938 eum
2571 1895 2799 1940 sanctus
2829 1885 3081 1957 angelus,
3103 1896 3162 1941 et
3195 1885 3270 1940 ait
3295 1903 3311 1940 :

351 1967 568 2023 τούτων
620 1969 952 2040 γενομένων,
1014 1971 1446 2042 διαμαρτύρεται
1501 1975 1664 2030 αὑτὸν
1701 1978 1729 2031 ό
1775 1977 1931 2046 ἆγτος

350 2058 610 2128 ἄγγελος,
650 2062 744 2115 καί
773 2079 906 2134 φησι
927 2080 940 2093 ·

391 2200 402 2210 ,
426 2150 495 2214 ζ’.
525 2168 544 2202 ι
568 2151 708 2204 Τάδε
745 2151 894 2221 λέγει
933 2153 1136 2226 Κύριος
1163 2157 1557 2230 παντοκράτωρ
1583 2174 1598 2189 ο
1649 2157 1775 2211 Ἐἀν
1797 2159 1853 2212 ὲν
1882 2158 1928 2190 δ’

346 2245 476 2306 ταῖς
521 2243 662 2308 ὁδοῖς
691 2261 794 2315 μου
839 2247 1082 2319 πορεύσῃ
1130 2249 1199 2314 ⁸³,
1260 2251 1354 2304 καὶ
1413 2250 1509 2305 ἐὰν
1561 2249 1630 2304 τὰ
1679 2251 1928 2322 προστά-

345 2332 544 2404 γματά
589 2351 691 2404 μου
729 2335 972 2408 φυλάξῃς
1014 2339 1081 2404 ⁸³,
1119 2340 1212 2392 καὶ
1245 2339 1310 2392 σὺ
1331 2339 1626 2411 διακρινεῖς
1657 2341 1750 2394 τὸν
1780 2336 1928 2396 οῐκόν

350 2442 461 2496 μου
482 2468 498 2494 ,
545 2427 641 2480 καὶ
666 2426 762 2481 ὲάν
779 2428 1066 2502 φυλάσσῃς
1095 2432 1140 2463 ⁵⁵
1172 2433 1272 2503 τὴν
1296 2431 1465 2504 αύλήν
1495 2449 1619 2502 μου,
1651 2433 1745 2486 καὶ
1771 2433 1928 2487 δώσω

235 2555 246 2562 .
349 2533 438 2570 σοι
480 2517 987 2590 ἀναστρεφομένους
1032 2523 1090 2575 ἐν
1135 2521 1286 2594 μέσῳ
1313 2524 1426 2576 τῶν
1458 2524 1764 2594 ἑστηκότων
1799 2523 1927 2577 τού-

346 2626 481 2662 των.
509 2628 529 2662 ι
586 2611 697 2682 Τὴν
729 2611 1010 2684 ἱερατικὴν
1041 2613 1200 2680 ἀξίαν
1253 2613 1562 2679 ἀπολαὸὼν,
1598 2616 1752 2669 ’κατὰ
1798 2615 1926 2681 τοὺς

351 2701 656 2774 ἱερωσύνης
686 2702 969 2758 πολιτεύου
997 2705 1216 2776 νόμους,
1251 2705 1532 2774 φυλάττων
1557 2706 1795 2772 ἅπαντα,
1826 2709 1925 2762 ὅσα

345 2793 486 2863 δρᾷν
513 2793 862 2866 διηγόρευσα.
899 2787 1085 2850 Ταῦτα
1113 2796 1223 2867 γὰρ
1242 2797 1434 2862 ποιῶν,
1466 2799 1560 2852 καὶ
1577 2799 1734 2852 ’σὺπὲν
1753 2798 1922 2870 ταύτῃ

346 2880 538 2950 βιώσει
571 2885 636 2954 τῇ
675 2886 831 2956 τιμῇ,
868 2883 962 2938 καὶ
1015 2884 1206 2956 μέχρις
1250 2886 1490 2954 ἐκγόνων
1533 2887 1924 2960 παραπέμψεις

343 2972 410 3025 τὸ
447 2973 636 3043 γέρας,
666 2974 775 3027 τῶν
802 2975 866 3028 ἐκ
900 2975 994 3028 σού
1038 2977 1129 3029 τὸν
1173 2976 1303 3029 λαὸν
1345 2977 1536 3031 τοῦτον
1574 2978 1922 3049 οἰκονομούν-

240 3117 242 3119 .
342 3081 477 3119 των.
519 3063 687 3118 Τοῦτο
715 3065 826 3138 γὰρ
851 3061 972 3121 εἶπε
995 3080 1010 3096 ⁸
1051 3085 1069 3119 t
1099 3067 1265 3122 Δώσω
1301 3071 1918 3142 σοι-ἀναστρεφομένους

344 3157 407 3208 ὲν
440 3155 592 3226 μέσῳ
618 3157 727 3210 τῶν
754 3158 1064 3230 ἑστηκότων
1085 3157 1310 3216 τούτων.
1338 3179 1357 3213 ι

419 3215 486 3316 η’.
528 3215 782 3300 ι”’Δκουε
819 3215 906 3320 δή,
949 3249 1125 3320 Ἰησοῦ
1150 3251 1178 3304 ὁ
1215 3252 1392 3323 ἱερεὺς
1437 3253 1466 3306 ό
1494 3251 1686 3322 μέγας,
1728 3253 1792 3305 σὺ
1824 3251 1920 3306 καὶ
1949 3215 1994 3273 C

341 3341 395 3391 οί
439 3339 667 3408 πλησίον
719 3357 813 3394 σου
852 3341 902 3394 οί
946 3339 1249 3411 καθήμενοι
1299 3343 1406 3412 πρὸ
1452 3341 1752 3412 προσώπου
1804 3359 1920 3405 σου,

340 3431 482 3484 διότι
520 3431 714 3502 ἄνδρες
753 3431 1148 3502 τερατοσκόποι
1191 3432 1320 3486 εἰσί.
1354 3452 1372 3484 ι
1430 3432 1923 3502 Τερατοσκόπους

341 3521 407 3575 δὲ
438 3521 589 3591 λέγει
626 3501 727 3592 ούχ
763 3501 840 3586 ὥς
881 3501 1026 3588 τινες
1061 3523 1328 3578 ὑπέλαϐον
1365 3501 1778 3587 οἰωνοσκόπους,
1829 3521 1922 3574 καὶ

344 3612 572 3681 κληδόσι
623 3613 1032 3685 κεχρημένους⁹
1094 3616 1154 3668 ού
1203 3614 1313 3686 γὰρ
1352 3615 1418 3670 ἂν
1466 3616 1604 3690 πρὸς
1649 3615 1921 3678 τοιούτους

342 3703 610 3768 τοιούτοις
636 3705 909 3776 ἐχρήσατο
933 3705 1147 3775 λόγοις,
1183 3707 1292 3761 οὐδ’
1344 3708 1410 3763 ἂν
1457 3708 1617 3772 αὐτὸς
1653 3709 1682 3761 ό
1717 3707 1922 3779 Ἰησοῦς

342 3795 580 3867 εὐσεϐὴς
609 3796 684 3850 ῶν
718 3795 811 3852 τὸν
854 3794 1097 3851 τοιοῦτον
1133 3798 1421 3868 ἠσπάσατο
1453 3799 1707 3867 σύλλογον
1733 3815 1746 3828 °
1781 3799 1924 3854 ’ἀλλά

341 3886 547 3956 γνῶσιν
574 3889 756 3952 αὐτοῖς
799 3891 1089 3961 μαρτυρεῖ,
1121 3891 1214 3942 καὶ
1267 3889 1367 3960 τὴν
1398 3893 1528 3962 περὶ
1587 3892 1657 3945 τὰ
1708 3891 1826 3945 θεῖα
1872 3891 1920 3923 ⁸⁸

343 3980 605 4052 σπουδήν.
633 3979 714 4034 Τά
739 3980 848 4053 γὰρ
876 3981 980 4036 ὑπὸ
1001 3981 1108 4036 τῶν
1132 3982 1425 4052 προφητῶν
1445 3982 1698 4053 διδόμενα
1717 3983 1921 4052 τέρατα

343 4073 444 4126 καὶ
473 4075 676 4143 σημεῖα
708 4073 1170 4145 περισκοποῦντες
1221 4073 1297 4138 ὡς
1353 4073 1598 4136 εύσεδεῖς
1630 4073 1918 4138 διετέλουν,

345 4164 444 4216 καὶ
487 4163 548 4217 τὺ
603 4143 829 4217 τούτων’
875 4163 1240 4235 ἀναμένοντες
1286 4164 1458 4228 τέλος.
1511 4163 1653 4234 Πρὸς
1698 4163 1920 4229 τούτους

343 4256 526 4310 τοίνυν
555 4256 652 4312 καὶ
689 4256 782 4310 τὸν
825 4254 1030 4328 Ἰησοῦν
1059 4256 1208 4326 λέγει
1233 4256 1300 4311 τὰ
1331 4257 1677 4328 ἐπαγόμενα-

426 4344 610 4398 «Διότι
643 4343 752 4398 ἰδοὺ
807 4340 920 4413 ἐγὼ
966 4343 1084 4412 ἀγω
1136 4343 1226 4397 τὸν
1255 4343 1439 4398 δοῦλόν
1490 4361 1617 4415 μου,
1664 4342 1919 4415 Ἀνατολὴ

345 4435 518 4507 ὄνομα
575 4435 726 4507 αὐτῷ
751 4436 818 4490 ⁵⁷.
855 4434 976 4504 (ϐ’).
1021 4435 1169 4489 Διότι
1203 4435 1350 4498 λίθος
1392 4435 1451 4488 ὃν
1483 4435 1691 4489 δέδωκα
1717 4435 1762 4467 ⁸⁸
1814 4434 1921 4506 πρὸ

2104 2161 2270 2220 Vsus.
2300 2163 2356 2217 7.
2393 2163 2522 2220 llaec
2563 2165 2700 2222 dicit
2749 2167 3013 2222 Dominus
3041 2166 3392 2236 omnipotens
3420 2184 3434 2222 :
3461 2165 3520 2222 Si
3551 2168 3608 2224 in

2031 2252 2142 2309 viis
2165 2255 2302 2312 meis
2323 2256 2716 2324 ambulaveris,
2736 2270 2790 2315 et
2809 2268 3088 2330 praecepta
3115 2273 3234 2313 mea
3251 2258 3607 2328 custodieris,

2028 2353 2086 2401 et
2121 2353 2180 2400 tu
2227 2346 2505 2416 iudicabis
2555 2349 2780 2404 domum
2839 2365 3049 2415 meam;
3079 2360 3135 2406 et
3175 2351 3231 2407 si
3275 2351 3606 2407 custodieris

2027 2438 2230 2493 atrium
2281 2456 2485 2506 meum,
2522 2450 2577 2498 et
2620 2444 2766 2498 dabo
2809 2444 2922 2499 tibi
2956 2445 3054 2514 qui
3104 2457 3504 2501 conversentur
3547 2446 3603 2503 in

2027 2529 2212 2585 medio
2259 2533 2526 2588 stantium
2584 2533 2843 2590 istorum.
2895 2553 2914 2586 ι
2961 2535 3302 2591 Sacerdotali
3340 2536 3606 2606 dignitate

2025 2621 2313 2690 prmditus,
2341 2623 2502 2694 juxta
2538 2625 2836 2682 sacerdotii
2877 2627 3025 2697 leges
3061 2627 3227 2681 vitam
3265 2642 3386 2697 age,
3415 2629 3606 2683 omnia

2012 2713 2333 2769 observans
2363 2730 2706 2786 quaecunque
2754 2715 2938 2772 facere
2961 2719 3226 2788 praecepi.
3276 2716 3405 2772 Haec
3457 2717 3605 2772 enim

2023 2803 2232 2859 faciens
2264 2811 2321 2859 et
2365 2813 2426 2860 tu
2473 2805 2531 2859 in
2563 2805 2666 2860 hoc
2694 2805 2902 2860 honore
2930 2806 3108 2867 vives,
3147 2813 3203 2860 et
3233 2805 3497 2861 honorem
3536 2805 3606 2861 ad

2026 2902 2276 2965 posteros
2292 2895 2663 2960 transmittes,
2691 2897 2758 2952 iis
2783 2899 2878 2966 qui
2907 2912 2972 2951 ex
2996 2897 3279 2967 1610te
3309 2904 3610 2952 nascentur

2025 2988 2287 3058 populnnt
2338 2987 2489 3041 hunc
2548 2987 2890 3058 regentibus.
2943 2987 3059 3043 Hoc
3105 2987 3253 3042 enim
3307 2988 3608 3057 expressit,

2023 3091 2150 3130 eum
2179 3076 2318 3130 dixit
2353 3095 2366 3130 :
2391 3095 2420 3126 ε(
2453 3075 2604 3130 Dabo
2633 3077 2752 3142 tibi,
2779 3075 2875 3146 qui
2901 3083 3306 3132 conversentur
3331 3078 3392 3130 in
3422 3075 3609 3132 medio

2025 3167 2286 3221 stantium
2329 3167 2586 3222 istorum.
2635 3185 2654 3218 ι

2099 3257 2270 3311 Vens.
2302 3256 2354 3309 8.
2391 3275 2410 3307 ι
2445 3257 2587 3310 Audi
2617 3271 2770 3324 ergo,
2801 3255 2967 3312 Josua
3001 3255 3266 3310 sacerdos
3298 3270 3516 3325 magne,
3545 3263 3605 3310 tu

2023 3355 2078 3400 et
2127 3346 2362 3415 proximi
2395 3345 2474 3400 tui
2517 3346 2612 3414 qui
2645 3345 2839 3399 sedent
2877 3353 3012 3398 ante
3035 3344 3236 3398 faciem
3263 3353 3440 3410 tuam,
3471 3346 3603 3415 quia

2026 3435 2125 3489 viri
2167 3443 2542 3504 portentorum
2577 3441 2921 3504 spectatores
2976 3440 3126 3488 sunt.
3169 3454 3187 3486 ι
3230 3434 3604 3489 Ρονιειιιοηιικ

2023 3535 2338 3594 spectatores
2391 3526 2548 3589 dicit,
2580 3541 2714 3586 non,
2755 3535 2818 3578 ut
2873 3525 3095 3594 quidam
3131 3526 3398 3595 suspicati
3448 3536 3601 3592 sunt,

2011 3633 2285 3690 augures,
2329 3627 2384 3673 et
2421 3618 2860 3674 divinationibus
2904 3618 3160 3689 deditos;
3193 3636 3298 3674 non
3331 3619 3481 3674 enim
3516 3620 3604 3676 his

2023 3711 2208 3766 verbis
2236 3710 2306 3764 ad
2331 3708 2610 3780 ejusmodi
2641 3712 2660 3730 ⁶
2687 3709 2942 3765 homines
2971 3725 3106 3766 usus
3136 3709 3334 3768 fuisset
3369 3731 3382 3766 :
3423 3725 3604 3781 neque

2024 3803 2142 3873 ipse
2189 3801 2390 3866 Josua,
2441 3817 2568 3856 eum
2628 3808 2778 3856 esset
2821 3803 2968 3871 pius,
3021 3801 3332 3857 istiusmodi
3373 3802 3604 3873 collegio

2024 3911 2224 3952 nomen
2255 3894 2500 3950 dedisset
2533 3911 2546 3946 :
2585 3894 2678 3947 sed
2720 3893 3007 3947 scientiam
3040 3892 3124 3946 eis
3165 3894 3515 3958 testiﬁcatur,
3546 3904 3604 3948 et

2023 4004 2150 4060 erga
2187 4002 2278 4041 res
2307 3985 2525 4040 divinas
2559 3983 2828 4037 studium.
2875 3983 3008 4036 Nam
3058 3998 3090 4035 a
3143 3982 3424 4051 prophetis
3452 3983 3602 4038 edita

2015 4077 2273 4150 prodigia
2298 4082 2354 4129 et
2387 4075 2543 4144 signa
2591 4081 2650 4126 ut
2683 4073 2756 4142 pii
2788 4072 3011 4126 assidue
3059 4073 3509 4140 speculabantur,
3542 4081 3598 4128 et

2024 4173 2186 4238 linem
2218 4168 2412 4222 horum
2459 4163 2878 4231 exspectabant.
2915 4163 2998 4218 Ad
3047 4162 3148 4216 hos
3196 4163 3362 4233 igitur
3408 4171 3465 4216 et
3496 4160 3596 4216 Jo-

2023 4274 2178 4315 suam
2203 4254 2489 4327 sequentia
2519 4252 2654 4307 dicit
2685 4271 2698 4307 :

2095 4369 2115 4402 ι
2163 4348 2304 4415 Ωιιια
2333 4360 2462 4402 ecce
2495 4358 2596 4414 ego
2626 4341 2894 4397 adducant
2923 4357 3142 4398 servum
3176 4356 3378 4407 meum,
3402 4341 3597 4399 Oriens

2023 4456 2223 4496 nomen
2262 4437 2389 4508 ipsi.
2416 4436 2606 4508 (Vens.
2649 4433 2730 4505 9.)
2762 4433 2904 4500 Quia
2933 4434 3092 4504 lapis,
3129 4449 3291 4504 quem
3319 4434 3441 4489 dedi
3469 4443 3598 4490 ante

348 4526 640 4598 προσώπου
703 4527 878 4598 Ἰησοῦ
927 4529 996 4596 ⁸⁸,
1043 4528 1137 4581 ἐπὶ
1178 4526 1270 4581 τὸν
1320 4525 1467 4581 λίθον
1503 4527 1596 4581 τὸν
1642 4527 1738 4580 ἕνα
1779 4527 1920 4581 έπτά

2030 4530 2221 4586 faciem
2267 4527 2470 4593 Josuar,
2504 4539 2670 4594 super
2717 4523 2952 4593 lapidem
2984 4539 3154 4578 unum
3195 4531 3402 4592 septem
3451 4524 3596 4578 oculi

347 4617 619 4689 ὀφθαλμοί
643 4619 802 4674 εἰσιν.
833 4638 853 4672 ι
885 4619 1269 4690 Διακοσμήσας
1297 4618 1389 4671 τὸν
1421 4618 1590 4689 ἱερέα,
1612 4620 1708 4672 καὶ
1733 4618 1791 4672 τὸ
1819 4618 1919 4690 μὲν

348 4710 614 4782 πένθιμον
643 4711 920 4775 ἀποδύσας
942 4713 1150 4783 σχῆμα,
1187 4711 1286 4782 τὴν
1309 4709 1365 4763 δὲ
1393 4711 1671 4780 ἱερατικὴν
1694 4709 1921 4774 ὲνδύσας

349 4801 565 4872 στολὴν,
593 4802 689 4856 καὶ
718 4801 782 4854 τὸ
809 4803 1081 4874 πρακτέον
1119 4799 1425 4866 ὑποδείξας,
1465 4801 1560 4854 καὶ
1606 4801 1668 4852 τὸ
1703 4799 1922 4870 διαρκὲς

347 4893 442 4944 ἐπὶ
472 4891 723 4945 πλεῖστον
762 4893 876 4956 τοῖς
907 4891 1154 4961 ἐγγόνοις
1183 4891 1673 4962 ἐπαγγειλάμενος,
1716 4892 1765 4944 εἰ
1795 4889 1922 4953 τοὺς

347 4981 526 5046 ὑείους
567 4979 770 5052 νόμους
822 4980 1132 5051 φυλάξοιεν,
1181 4982 1274 5035 ἐπὶ
1321 4980 1382 5034 τὸ
1420 4979 1697 5050 βασιλικὸν
1750 4995 1921 5050 μετα-

348 5071 526 5124 ϐαίνει
571 5070 752 5140 γένος,
795 5071 891 5125 καὶ
929 5072 1022 5125 τὸν
1050 5070 1363 5142 Ζοροϐάϐελ
1405 5070 1627 5140 ἔκγονον
1651 5069 1786 5122 ὄντα
1830 5066 1922 5120 τοῦ

359 5163 631 5233 Ἰεχονίου,
683 5163 792 5218 ἀπὸ
833 5162 889 5216 δὲ
937 5162 1032 5216 τοῦ
1068 5161 1234 5214 Δαὸὶδ
1275 5162 1335 5214 τὸ
1377 5162 1537 5230 γένος
1589 5159 1920 5227 κατάγοντα,

347 5251 492 5305 οὕτω
530 5252 804 5323 περιφανῆ
832 5251 926 5306 καὶ
953 5251 1318 5322 περίόλεπτον
1362 5251 1708 5321 ὑπισχνεῖται
1763 5247 1926 5319 ποιή-

349 5359 485 5410 σειν,
520 5343 596 5409 ώς
623 5342 703 5414 τῷ
727 5343 1098 5414 λαμπροτάτῳ
1133 5343 1232 5410 τῆς
1265 5341 1531 5413 ἀνατολῆς
1568 5340 1707 5411 φωτὶ
1745 5357 1924 5411 παρα-

349 5431 659 5488 ϐάλλεσθαι.
709 5431 910 5486 Τοῦτον
955 5430 1105 5500 λέγει
1146 5429 1438 5484 δεδωκέναι
1489 5429 1582 5484 τὸν
1632 5429 1779 5482 λίοον
1808 5427 1915 5499 πρὸ

2024 4629 2173 4680 sunt.
2221 4639 2240 4672 ι
2297 4617 2592 4688 Postquam
2647 4614 2991 4670 sacerdotem
3053 4613 3223 4682 probe
3273 4612 3492 4667 ornavit
3540 4621 3596 4667 et

2025 4721 2230 4767 vestem
2278 4711 2564 4779 lugubrem
2602 4706 2864 4768 detraxit,
2898 4704 3197 4760 sacerdotii
3235 4719 3364 4758 vero
3395 4704 3596 4758 stolam

2025 4803 2209 4859 induit
2239 4810 2295 4858 et
2322 4801 2454 4872 quid
2485 4798 2754 4871 agendum
2788 4805 2944 4852 esset
2981 4794 3244 4860 ostendit,
3273 4810 3336 4850 ac
3371 4795 3598 4849 diutur-

2027 4908 2153 4947 nam
2201 4891 2610 4947 successionem
2659 4885 2782 4956 ejus
2826 4887 3064 4956 posteris
3113 4886 3384 4956 promisit,
3435 4881 3599 4940 modo

2028 4984 2178 5054 leges
2223 4983 2442 5038 divinas
2486 4982 2874 5047 observarent,
2908 4980 3108 5034 transit
3163 4977 3230 5031 ad
3283 4991 3457 5047 genus
3508 4991 3599 5034 re-

2029 5075 2206 5143 gium,
2235 5079 2399 5143 atque
2440 5070 2837 5125 Zorobabelem
2868 5077 3119 5138 nepotem
3165 5065 3448 5122 Jechoniae
3473 5075 3528 5123 et
3569 5084 3599 5122 a

2030 5161 2236 5218 Davide
2285 5177 2456 5232 genus
2503 5161 2819 5225 ducentem,
2869 5169 2982 5215 tam
3040 5159 3310 5214 illustrem
3362 5167 3417 5213 et
3457 5173 3599 5229 prae-

2027 5253 2238 5308 clarum
2267 5267 2328 5308 se
2370 5250 2706 5306 redditurum
2736 5251 3034 5320 promittit,
3066 5257 3127 5303 ut
3157 5247 3387 5304 orientis
3416 5249 3598 5318 splen-

2028 5343 2320 5399 didissimo
2362 5340 2559 5395 lumini
2591 5347 2964 5411 comparetur.
2999 5337 3156 5394 llune
3192 5338 3270 5392 ait
3299 5352 3361 5394 se
3381 5336 3598 5393 dedisse

2030 5431 2266 5501 lapidem
2324 5436 2452 5486 ante
2507 5429 2704 5486 faciem
2786 5429 3096 5486 sacerdotis
3157 5435 3363 5499 septem
3419 5427 3596 5484 oculis

1653 5584 1889 5640 VARI/['1
1918 5585 2322 5641 LECTIONES.

433 5702 476 5733 "
509 5700 587 5755 δέ.
621 5697 745 5754 Des.
773 5699 826 5752 in
857 5697 920 5752 C.
988 5697 1131 5768 βέν.
1171 5696 1294 5752 Des.
1330 5699 1386 5768 in
1418 5699 1481 5751 A.
1543 5697 1648 5768 "A
1683 5697 1912 5768 πορεύῃ.

344 5770 538 5841 λὰξῃς.
647 5770 694 5802 ⁸⁸
719 5769 761 5824 C
789 5769 856 5822 τά
884 5767 1008 5839 περὶ
1041 5766 1180 5823 θεῖα.
1252 5770 1294 5800 ⁵⁷
1317 5767 1397 5824 δν.
1427 5769 1599 5839 αὐτῷ.
1635 5766 1768 5823 Des.
1787 5766 1951 5822 .in"A.

2006 5697 2056 5772 δῖ
2159 5699 2217 5772 έν
2243 5699 2356 5760 τοὶς
2384 5695 2770 5772 προστάγμασί
2811 5713 2914 5765 μου
2959 5693 3189 5772 φυλάξῃ.

3271 5691 3315 5724 ⁵⁸
3331 5693 3376 5746 Α
3397 5691 3590 5763 διαφυ-

2014 5768 2059 5799 ⁵⁸
2089 5769 2134 5820 Α
2167 5769 2353 5822 ἔδωκα.
2460 5769 2503 5796 ⁵⁸
2535 5767 2666 5836 Ἰησ.
2701 5766 2744 5816 Α
2771 5781 2955 5835 ιιιλιιξιιι.
2988 5766 3106 5816 τοῦ.
