4090 6422
469 425 604 490 1395

1489 415 1975 478 TIIEODORETI
2008 417 2346 477 EPISCOPI
2384 418 2751 478 CYRENSIS

3591 418 3729 481 1896

464 543 743 591 ornatum.
798 533 984 605 Neque
1033 542 1213 588 tamen
1275 545 1372 599 per
1423 529 1621 583 oculos
1698 528 2042 598 intelligendi

2154 532 2442 597 προσώπου
2471 529 2566 582 τοῦ
2605 530 2797 599 ἱερέως
2829 526 2971 580 ἑπτά
3007 527 3380 598 κοσμούμενον
3404 529 3726 600 ὀφθαλμοῖς.

467 636 596 682 sunt
622 626 808 690 oculi,
851 638 1030 694 neque
1065 620 1414 691 septenarius
1457 634 1724 674 numerus
1757 634 1857 689 pro
1899 627 2052 674 certo

469 717 655 787 aliquo
709 729 939 770 numero
999 709 1372 781 accipiendus.
1411 707 1548 763 Nam
1612 708 1813 765 divina:
1862 711 2054 782 gratia:

467 807 841 876 operationem
928 803 1110 858 oculos
1193 801 1494 876 appellavit
1557 815 1572 852 :
1639 810 1836 870 septem
1923 815 2054 856 vero

473 898 682 967 161],
751 897 874 951 illos
905 895 1065 958 dixit,
1110 892 1232 963 ejus
1299 890 1733 962 magnitudinem
1799 900 1855 947 et
1908 893 2050 947 mul-

469 989 757 1042 titudinem
817 1003 910 1056 per
970 987 1070 1040 hos
1130 983 1475 1055 significans.
1519 983 1610 1038 Sic
1667 983 1831 1039 etiam
1894 984 2052 1037 Anna

469 1080 649 1149 inquit
678 1093 692 1130 :
721 1097 739 1129 ι
781 1077 999 1132 Sterilis
1050 1078 1262 1147 peperit
1295 1085 1502 1147 septem
1529 1085 1592 1141 ιιι,
1639 1093 1657 1127 ι
1699 1090 1810 1130 non
1858 1074 2054 1130 defini-

469 1183 584 1225 tum
637 1186 926 1225 numerum
979 1170 1317 1241 intelligens,
1347 1170 1440 1225 sed
1492 1169 1902 1224 multitudinem
1955 1169 2053 1224 de-

469 1265 721 1333 signans.
757 1262 823 1316 Et
856 1263 1052 1317 beatus
1083 1260 1253 1317 David
1285 1278 1299 1314 :
1338 1282 1357 1314 ι
1391 1261 1585 1316 Redde
1611 1261 1812 1316 vicinis
1842 1260 2053 1316 nostris

470 1355 784 1423 scpluplum
829 1354 884 1407 in
926 1353 1055 1407 sinu
1086 1351 1523 1407 eorumnnhoc
1570 1360 1675 1416 est,
1721 1351 2054 1422 multiplices

469 1445 542 1498 ob
568 1459 632 1498 ea
654 1444 818 1508 mala,
850 1443 1056 1512 quibus
1085 1457 1188 1497 nos
1222 1442 1502 1504 laeserunt,
1531 1441 1664 1496 dent
1693 1456 1905 1509 poenas.
1933 1443 2052 1499 Jam

471 1549 602 1587 vero
649 1549 772 1587 eum
811 1533 1040 1601 lapidem
1076 1532 1346 1594 nominat,
1386 1539 1610 1602 propter
1641 1531 1960 1590 firmitatem
1999 1540 2054 1590 et

472 1625 642 1678 robur
683 1624 1128 1695 inexpugnabile,
1209 1638 1333 1678 cum
1409 1626 1714 1694 praesertim
1761 1627 1835 1682 sit
1891 1636 2054 1699 typus

471 1715 677 1769 Christi
723 1714 973 1780 Domini,
1012 1715 1105 1784 qui
1155 1713 1208 1767 in
1250 1715 1458 1771 multis-
1492 1716 1694 1771 divinas
1753 1717 2056 1788 Scriptum

475 1807 611 1860 locis
677 1807 820 1876 lapis
869 1807 1181 1875 appellatus
1232 1813 1338 1861 est.
1390 1805 1623 1863 Divinus
1682 1809 1830 1863 enim
1881 1809 2053 1864 David

472 1897 633 1949 dixit:
659 1895 854 1966 «Lapis
901 1912 1063 1966 quem
1095 1898 1529 1966 reprohaveruut
1563 1898 1926 1967 aedificantes,
1959 1901 2049 1955 hic

472 1989 648 2040 factus
673 1997 755 2043 est
785 1995 950 2058 caput
982 1989 1171 2059 anguli
1195 1996 1241 2043 ο.
1277 2009 1294 2041 ι
1322 1988 1426 2045 Per
1447 2005 1511 2045 os
1537 2007 1668 2046 vero
1696 1993 1866 2047 divini
1895 1993 2048 2049 Isaia:

474 2078 617 2133 Deus
654 2079 1040 2133 universorqu
1074 2081 1151 2134 ait
1183 2098 1196 2133 :
1236 2099 1254 2131 ι
1287 2081 1431 2137 Ecce
1475 2097 1578 2153 ego
1616 2099 1761 2154 pono
1790 2085 1845 2139 in
1879 2083 2048 2141 Sione

473 2174 709 2243 lapidem
740 2174 1119 2245 magnificum,
1177 2175 1434 2240 electum,
1472 2176 1814 2247 angularem,
1845 2178 2049 2248 pretio-

473 2280 615 2329 sum,
664 2265 718 2318 in
774 2264 1125 2320 fundamenta
1164 2265 1311 2335 ejus,
1355 2274 1412 2321 et
1460 2268 1643 2322 omnis
1694 2269 1931 2325 credens
1991 2271 2048 2325 in

471 2369 597 2406 eum
629 2367 739 2406 non
787 2352 1158 2410 confundetur
1187 2363 1236 2412 Ρ.
1279 2374 1297 2406 ι
1341 2353 1432 2410 Sic
1463 2355 1591 2412 item
1625 2357 1822 2414 beatus
1855 2359 2049 2415 Daniel

474 2441 706 2511 lapidem
736 2441 873 2496 vid-it
909 2442 978 2498 de
1027 2451 1214 2499 monte
1258 2445 1571 2502 abscissum
1608 2447 1730 2502 sine
1768 2449 2048 2519 manibus,

470 2542 526 2585 et
575 2541 813 2588 statuam
864 2534 1288 2602 percutientem,
1327 2534 1562 2606 ejusque
1596 2539 1859 2595 materias
1893 2554 2050 2594 com-

471 2621 837 2687 Iuinuentem,
889 2622 1208 2695 factumque
1264 2625 1320 2679 in
1374 2638 1614 2682 montem
1673 2644 1956 2699 magnum,
1996 2640 2053 2686 et

473 2711 786 2780 implentetn
838 2712 1150 2767 universam
1203 2717 1409 2768 terram
1445 2725 1497 2771 ⁴ι.
1546 2714 1674 2772 Haec
1725 2718 1954 2776 edoctus
1996 2729 2053 2776 et

474 2805 667 2858 beatus
710 2801 916 2859 Paulus
948 2805 1193 2860 clamat:
1232 2824 1250 2857 ι
1291 2804 1558 2861 Bibebant
1593 2817 1775 2864 autem
1832 2811 1902 2867 de
1939 2812 2054 2883 spi-

471 2893 702 2946 rituali‘
733 2902 999 2963 sequente
1055 2909 1153 2950 cos
1204 2903 1362 2965 petra
1417 2915 1431 2952 :
1492 2904 1646 2966 petra
1698 2907 1882 2956 autem
1930 2911 2054 2957 erat

469 2983 1064 3054 C-ltristtts'.iltclnque
1100 3003 1114 3038 :
1158 3003 1177 3037 ι
1215 2984 1662 3044 Fundamentum
1704 2991 1855 3045 aliud
1893 3008 2054 3048 nemo

473 3081 652 3143 potest
680 3087 903 3142 ponere,
935 3086 1132 3144 prmter
1187 3078 1240 3132 id
1277 3066 1424 3151 quod
1459 3081 1698 3150 positum
1752 3090 1862 3149 est,
1905 3085 2052 3153 quod

470 3173 556 3218 est
591 3163 852 3219 Christus
890 3163 1050 3220 Jesus
1086 3176 1132 3219 ·.
1181 3187 1200 3220 ι
1244 3167 1402 3223 llunc
1444 3171 1500 3223 in
1535 3184 1595 3226 se
1643 3179 1868 3242 gestans
1914 3174 2054 3245 lapi-

2151 619 2293 673 Οῦτε
2336 621 2397 672 δὲ
2439 620 2568 683 τοὺς
2607 618 2944 689 ὀφθαλμοὺς,
2983 619 3295 689 ὀφθαλμοὺς
3327 621 3567 690 νοητέον,
3603 621 3729 673 οὔτε

2151 713 2244 766 τὸν
2269 712 2411 765 ἑπτὰ
2440 711 2676 783 ἀριθμὸν
2707 712 2801 764 ἐπὶ
2842 711 3010 782 ῥητοῦ
3039 711 3276 782 ἀριθμοῦ
3311 712 3570 782 ληπτέον.
3617 713 3731 782 Τὴν

2152 802 2262 874 γάρ
2290 804 2387 872 τῆς
2411 802 2563 866 θείας
2593 802 2814 874 χάριτος
2852 803 3134 872 ἐνέργειαν
3171 801 3520 870 ὀφθαλμοὺς
3556 820 3736 874 προσ-

2153 893 2494 964 ηγόρευσεν·
2534 892 2687 945 ἑπτὰ
2735 892 2794 944 δὲ
2845 891 3046 954 αὐτοὺς
3092 889 3368 960 ὠνόμασε,
3414 891 3478 943 τὸ
3527 889 3732 960 πλῆθος

2152 984 2324 1055 αὐτῆς
2357 984 2454 1038 καὶ
2481 985 2544 1037 τὸ
2577 983 2809 1054 μέγεθος
2855 982 2943 1038 διὰ
2973 982 3182 1036 τούτων
3220 982 3530 1052 σημαίνων.
3574 981 3732 1035 Οῦτω

2153 1078 2248 1132 καὶ
2280 1079 2314 1148 ἡ
2364 1078 2536 1131 Ἀννα
2581 1076 2780 1147 φησίν·
2841 1094 2866 1127 ι
2890 1075 3088 1146 Στεῖρα
3143 1074 3330 1128 ἔτεκεν
3374 1074 3580 1138 Eme,»
3634 1073 3733 1143 οὐχ
3836 1068 3844 1076 ’

2153 1170 2464 1242 ὡρισμένον
2495 1168 2732 1240 ἀριθμὸν
2758 1168 3014 1236 λέγουσα,
3059 1166 3196 1220 άλλά
3224 1165 3286 1220 τὸ
3315 1164 3521 1234 πλῆθος
3547 1181 3732 1235 παρα-

2152 1263 2410 1334 δηλοῦσα.
2479 1262 2591 1316 Kal.
2638 1261 2668 1314 ὁ
2726 1261 2998 1332 μακάριος
3057 1259 3223 1312 Δαϐίδ
3249 1275 3264 1290 ο
3315 1256 3581 1320 «Ἀπόδος
3619 1257 3732 1318 τοῖς

2152 1359 2392 1426 γείτοσιν
2419 1354 2577 1426 ἡμῶν
2602 1352 3016 1408 ἑπταπλασίονα
3060 1353 3141 1414 εἰς
3167 1350 3260 1404 τὸν
3285 1349 3486 1403 κόλπον
3515 1347 3696 1400 αὐτῶν
3712 1360 3731 1377 ⁸

2155 1451 2278 1505 ἀντὶ
2303 1449 2420 1513 τοῦ,
2441 1446 2877 1510 πολλαπλασίαν,
2905 1440 2982 1500 ὧν
3008 1443 3277 1515 ἠδίκησαν
3300 1441 3469 1512 ἡμᾶς,
3491 1439 3732 1492 δότωσαν

2153 1541 2330 1614 δίκην.
2369 1542 2552 1596 Λίθον
2585 1540 2642 1594 δὲ
2675 1539 2838 1594 αὐτὸν
2872 1538 3128 1608 ὀνομάζει
3153 1534 3242 1589 διὰ
3263 1534 3326 1588 τὸ
3350 1531 3581 1604 στερρὸν
3634 1529 3733 1582 καὶ¹

2153 1633 2631 1702 ἁκαταγώνιστον·
2665 1631 2843 1694 ἄλλως
2871 1647 2932 1683 τε
2972 1630 3018 1661 ⁸⁸
3055 1627 3151 1682 καὶ
3184 1627 3358 1689 τύπος
3392 1621 3460 1696 ἦν
3491 1623 3588 1677 τοῦ
3633 1625 3732 1675 Δε-

2157 1727 2356 1780 σπότου
2395 1723 2658 1796 Χριστοῦ,
2691 1723 2751 1786 ὃς
2790 1721 2939 1785 λίθος
2984 1720 3092 1774 ὑπὸ
3121 1719 3225 1789 τῆς
3256 1717 3407 1780 θείας
3457 1712 3732 1784 πολλαχοῦ

2155 1814 2580 1889 προσηγορεύθη
2628 1813 2872 1885 Γραφῆς.
2913 1811 2973 1863 '0
3011 1809 3112 1881 μὲν
3157 1807 3268 1879 γὰρ
3311 1806 3594 1868 θειότατος
3628 1802 3735 1874 ἔφη

2086 1885 2130 1945 Β
2157 1885 2358 1963 Δίκόίδ⁸
2408 1885 2594 1972 Λίθον,
2645 1906 2708 1959 6v
2747 1903 3162 1974 ἀπεδοκίμασαν
3199 1902 3251 1953 οἰ
3299 1896 3731 1968 οἰκοδομοῦντες,

2156 1996 2312 2063 οὗτος
2357 1999 2591 2069 ἐγενήθη
2643 1998 2724 2060 εἰς
2772 1993 3016 2064 κεφαλὴν
3063 1991 3288 2060 γωνίας.
3314 2006 3332 2042 ι
3394 1987 3494 2041 Διά
3533 1986 3592 2040 δὲ
3637 1985 3732 2038 τοῦ

2157 2090 2445 2145 θεσπεσίου
2482 2090 2710 2143 Ἡσαΐου
2757 2089 2786 2140 6
2831 2086 2942 2140 τῶν
2969 2084 3107 2138 ὅλων
3163 2081 3315 2150 λέγει
3356 2078 3508 2143 Θεὸς
3533 2096 3552 2129 ι
3598 2076 3733 2129 ’ἰδοὺ

2155 2177 2348 2250 τίθημι
2379 2180 2438 2232 ὲν
2459 2177 2599 2232 Σιὼν
2628 2176 2778 2231 λίθον
2814 2173 3108 2244 πολυτελῆ,
3156 2163 3438 2235 ἐκλεκτὸν,
3482 2169 3735 2238 ἀκρογω-

2157 2275 2349 2338 νιαῖον,
2379 2270 2597 2341 ἔντιμον
2627 2271 2694 2337 εί,
2737 2269 2819 2332 εἰς
2846 2267 2916 2322 τά
2955 2264 3180 2338 θεμέλια
3213 2264 3403 2334 αὐτῆς,
3439 2261 3535 2316 καὶ
3568 2261 3676 2322 πᾶς
3705 2259 3736 2311 6

2156 2362 2432 2417 πιστεύων
2461 2363 2550 2416 ἐπ’
2581 2361 2732 2433 αὐτῷ
2763 2361 2825 2414 ού
2857 2359 2934 2431 μὴ
2974 2355 3366 2426 καταισχυνθῇ.
3396 2371 3416 2407 ι
3455 2351 3615 2406 ῡῦτω
3641 2351 3735 2404 καὶ

2156 2457 2186 2510 6
2218 2455 2487 2526 μακάριος
2531 2453 2736 2526 Δανιὴλ
2763 2447 2875 2506 εἶδε
2911 2449 3198 2522 τμηθέντα
3247 2446 3356 2501 ἀπὸ
3396 2445 3556 2516 ϐρους
3589 2441 3737 2496 λίθον

2158 2547 2288 2602 ἄνευ
2332 2545 2555 2617 χειρῶν,
2610 2544 2708 2598 καί.
2757 2544 2860 2615 τὴν
2909 2541 3010 2613 μὲν
3038 2543 3226 2594 εἰκόνα
3265 2536 3608 2602 πατάξαντα,
3641 2533 3736 2588 καὶ

2155 2637 2257 2702 τὰς
2283 2637 2418 2700 ὔλας
2438 2633 2806 2702 λεπτύναντα,
2860 2633 3155 2704 γενόμενον
3187 2630 3246 2685 δὲ
3291 2629 3370 2692 εἰς
3401 2627 3527 2698 ὅρος
3567 2625 3734 2697 μέγα,

2158 2730 2256 2784 καὶ
2299 2728 2401 2799 τὴν
2441 2726 2775 2799 οἰκουμένην
2816 2724 3157 2795 καλύψαντα.
3199 2721 3390 2776 Ταῦτα
3439 2716 3738 2772 πεπαιδευ-

2162 2823 2324 2894 μένος
2344 2822 2439 2876 ml.
2463 2821 2492 2873 6
2523 2820 2797 2892 μακάριος
2826 2818 3039 2882 Παῦλος
3072 2817 3200 2889 βοᾷο
3239 2833 3258 2867 ι
3283 2815 3511 2868 Ἔπινον
3537 2811 3648 2883 γὰρ
3671 2811 3739 2863 ἐκ

2161 2906 2544 2979 πνευματικῆς
2584 2906 2986 2976 ἀκολουθούσης
3021 2907 3231 2976 πέτρας
3255 2919 3267 2932 ·
3299 2905 3334 2975 ἡ
3371 2903 3428 2957 δὲ
3463 2901 3637 2971 πέτρα
3666 2896 3739 2971 ἦν

2158 3002 2189 3054 6
2236 2999 2494 3074 Χριστός.
2520 3018 2539 3052 ι
2601 3000 2714 3054 Καὶ
2764 2998 2961 3054 πάλιν·
3001 2997 3304 3070 ιΘεμέλιον
3359 2995 3519 3050 ἄλλον
3560 2992 3738 3056 οὐδεὶς

2159 3094 2384 3148 δύναται
2417 3094 2591 3147 θεῖναι
2622 3091 2776 3163 παρά
2805 3092 2899 3144 τὸν
2929 3092 3207 3161 κείμενον,
3252 3089 3313 3153 ὃς
3337 3091 3485 3143 ἐστιν
3526 3083 3739 3158 Ἰησοῦς

2161 3187 2189 3238 6
2221 3185 2474 3256 Χριστός.
2504 3203 2524 3236 ι
2561 3182 2765 3237 Τοῦτον
2822 3183 2882 3236 ἐν
2934 3181 3115 3253 ἑαυτῷ
3170 3181 3352 3253 φέρων
3389 3181 3484 3233 τὸν
3521 3178 3671 3232 λίθον
3709 3179 3740 3231 6

469 3256 595 3310 dem
646 3254 952 3310 Zorobabel
999 3256 1086 3327 (ex
1139 3273 1206 3312 eo
1261 3260 1410 3313 enim
1463 3261 1772 3317 secundum
1829 3281 2052 3320 carnem

2158 3251 2464 3349 Ζοροϐάϐελ
2519 3273 2602 3346 (ἐξ
2656 3273 2821 3329 αὐτοῦ
2858 3274 2967 3346 γάρ
3011 3251 3260 3326 τδήκατά
3308 3271 3486 3342 σάρκα
3545 3267 3746 3340 βεϐλάρ

471 3347 678 3418 prodiit
713 3348 867 3402 orbis
906 3355 1069 3403 terra:
1121 3348 1424 3423 Salvator),
1460 3362 1611 3407 recte
1643 3362 1700 3408 et
1748 3355 1866 3425 ipse
1915 3357 2055 3425 lapis

470 3448 838 3509 nuncupatur,
880 3439 1140 3494 omnibus
1175 3443 1371 3505 gratiis
1410 3442 1749 3515 perfulgens.
1796 3434 1870 3500 Ut
1921 3462 2057 3502 vero

471 3533 544 3585 ita
575 3531 842 3586 divinitus
882 3532 1068 3586 datam
1115 3531 1443 3598 Zorobabeli
1488 3519 1722 3605 gratiam
1773 3538 2054 3608 patefecit,

467 3621 715 3690 praedicit
767 3623 934 3677 etiam
988 3630 1197 3692 tropaea
1238 3623 1477 3688 illustris
1523 3625 1646 3696 ejus
1700 3629 1915 3699 1612
1959 3631 2058 3686 ad-

470 3714 895 3769 ministrationis
925 3714 1155 3768 bellica.
1197 3731 1216 3764 ι
1259 3713 1398 3768 Ecce
1436 3731 1540 3786 ego
1571 3715 1778 3771 fodiam
1819 3721 2054 3786 foveam,

469 3809 603 3861 dicit
635 3806 902 3862 Dominus
936 3805 1314 3875 omnipotens,
1348 3813 1404 3862 et
1443 3809 1803 3864 contrectabo
1835 3824 2053 3866 onmem

424 3900 816 3971 .iniquitatem
853 3908 1012 3954 terra:
1052 3897 1225 3983 illius,
1253 3896 1344 3952 die
1389 3912 1520 3952 uno.
1553 3915 1573 3950 ι
1630 3898 1756 3954 llaec
1798 3900 1867 3956 de
1905 3900 2056 3974 Gogo

469 4001 524 4048 et
573 3993 798 4064 Magogo
848 3989 1134 4062 praedixit,
1179 3990 1384 4060 quibus
1431 3990 1522 4046 die
1583 4007 1696 4046 uno
1748 3995 2053 4063 perniciem

467 4080 672 4139 attulit.
702 4088 757 4134 et
809 4095 1002 4135 omnes
1039 4079 1247 4149 pariter
1297 4079 1365 4133 ad
1411 4079 1748 4138 occisionem
1804 4084 2053 4151 deduxit,

468 4187 632 4241 quam
685 4185 782 4241 per
833 4169 1256 4226 translationem
1326 4170 1532 4240 foveam
1581 4175 1904 4244 appellavit.
1955 4177 2054 4246 His

469 4279 596 4317 vero
645 4262 836 4332 gestis,
881 4277 1097 4326 omnes,
1145 4261 1351 4332 inquit,
1411 4263 1516 4320 sub
1563 4264 1904 4323 Zorobahele
1944 4269 2052 4323 mi-

470 4356 712 4419 litantes,
735 4354 938 4426 quippe
961 4355 1219 4421 victores.
1239 4354 1394 4419 facti,
1423 4355 1479 4411 in
1526 4358 1802 4427 reliquum
1834 4369 2052 4430 tempus

470 4460 662 4501 secure
691 4444 882 4500 subter
903 4445 1042 4500 vites
1078 4453 1134 4500 et
1163 4443 1325 4511 ficus,
1351 4461 1476 4502 sese
1510 4456 1705 4502 mutuo
1745 4449 1814 4502 ad
1855 4451 2051 4520 epulas

2160 3381 2361 3438 στηκεν
2391 3369 2420 3420 ό
2438 3365 2538 3438 τῆς
2570 3364 2900 3437 οἰκουμένης
2938 3363 3182 3436 Σωτὴρ),
3199 3363 3427 3424 εἰκότως
3452 3361 3550 3414 καὶ
3577 3359 3740 3422 αὐτὸς

2155 3459 2484 3530 ὀνομάζεται
2537 3458 2709 3524 λίθος,
2765 3456 3131 3518 παντοδαποῖς
3190 3453 3514 3524 διαλάμπων
3580 3449 3739 3521 χαρί-

2159 3565 2380 3619 σμασιν.
2411 3547 2569 3601 Οῦτω
2587 3547 2689 3620 τὴν
2711 3546 2988 3600 θεόσδοτον
3003 3544 3098 3599 τοῦ
3121 3542 3430 3617 Ζοροϐάϐελ
3452 3539 3740 3606 ὑποδείξας

2156 3642 2337 3712 χάριν,
2371 3639 2628 3712 προλέγει
2655 3639 2753 3693 καὶ
2780 3638 2882 3708 τῆς
2903 3637 3166 3709 λαμπρᾶς
3199 3633 3368 3690 αὐτοῦ
3401 3632 3741 3706 στρατηγίας

2154 3730 2225 3784 τὰ
2249 3730 2506 3806 τρόπαιαο
2554 3749 2573 3782 ι
2595 3730 2726 3784 Ἰδοὺ
2755 3729 2865 3798 ἐγὼ
2883 3728 3102 3800 όρύσσω
3132 3727 3344 3798 βόθρον,
3367 3725 3515 3795 λέγει
3537 3725 3741 3796 Κύριος

2158 3819 2570 3893 παντοκράτωρ,
2609 3821 2705 3874 καὶ
2731 3819 3044 3892 ’ψηλαφήσω
3073 3821 3254 3873 πᾶσαν
3276 3818 3376 3890 τὴν
3401 3817 3618 3872 ἀδικίαν
3637 3816 3741 3886 τῆς
3847 3843 3851 3847 ~

2158 3911 2263 3985 γῆς
2294 3913 2511 3985 ἐκείνης
2543 3914 2600 3967 ὲν
2633 3913 2820 3984 ἡμέρᾳ
2849 3914 2968 3984 μιᾷ.
3002 3931 3022 3964 ι
3075 3910 3262 3964 Ταῦτα
3307 3911 3437 3982 περὶ
3481 3908 3574 3963 τοῦ
3613 3905 3741 3976 Γὼγ

2157 4008 2255 4061 καὶ
2314 4004 2527 4076 Μαγὼγ
2585 4005 3019 4077 προηγόρευσεν,
3065 3997 3150 4067 οἷς
3192 4003 3254 4056 ὲν
3297 4001 3481 4073 ἡμέρᾳ
3509 4001 3610 4070 μιᾷ
3636 3998 3741 4070 τὴν

2157 4098 2534 4171 πανωλεθρίαν
2586 4099 2870 4170 ἐπήγαγε·
2907 4096 3002 4152 καί⁷
3029 4096 3278 4159 ἅπαντας
3328 4097 3450 4148 κατ’
3492 4092 3656 4147 αὐτὸν
3689 4092 3737 4125 ⁸³

2159 4191 2378 4263 θανάτῳ
2430 4189 2819 4261 παρέπεμψεν,
2875 4188 2936 4242 ὃν
2995 4185 3276 4270 προπικῶς
3327 4184 3738 4258 προσηγόρευσε

2151 4285 2400 4352 βόθρον.
2439 4283 2643 4337 Τούτου
2685 4282 2766 4346 δὲ,
2814 4282 3006 4353 φησὶν,
3057 4279 3376 4351 γενομένου,
3411 4277 3654 4341 ἅπαντες
3684 4277 3738 4330 οἰ

2157 4374 2264 4428 ὑπὸ
2296 4375 2374 4446 τῷ
2412 4373 2722 4446 Ζοροϐάϐελ
2752 4373 3200 4443 στρατευόμενοι,
3235 4365 3325 4424 οἷα
3354 4371 3420 4441 δὴ
3445 4369 3739 4440 νικηφόροι

2155 4465 2464 4539 γενόμενοι,
2496 4465 2667 4527 ἀδεῶς
2699 4465 2887 4518 λοιπὸν
2936 4464 3042 4517 ὑπὸ
3071 4462 3171 4527 τὰς
3200 4462 3480 4534 ἀμπέλους
3518 4459 3740 4524 καὶτὰς

470 4537 785 4598 iuvitantcs,
811 4534 1064 4590 convivia
1113 4535 1352 4600 inibunt,
1386 4536 1626 4591 hostium
1661 4538 1868 4593 bellum
1911 4540 2044 4594 nihil

2158 4534 2330 4622 ωκόίς
2366 4557 2632 4629 ἀλλήλους
2662 4559 2744 4620 εἰς
2792 4555 3038 4610 ἑστίασιν
3087 4551 3490 4623 συγκαλοῦντες
3520 4551 3738 4622 εὐωχη-

470 4635 798 4682 metuentes.
831 4627 970 4680 Cum
1024 4626 1139 4680 haac
1178 4626 1482 4681 audivisset
1519 4628 1789 4697 propheta
1816 4668 1833 4694 ,
1873 4630 1927 4683 in
1966 4639 2049 4684 tot

468 4724 522 4769 et
570 4724 845 4768 tantarum
897 4715 1298 4770 revelationum
1348 4715 1563 4770 visione
1618 4718 1859 4797 positus,
1891 4730 2048 4775 extra

471 4822 561 4862 res
591 4806 860 4861 humanas
880 4807 1151 4872 constitit,
1177 4816 1234 4862 et
1275 4807 1329 4860 in
1362 4806 1475 4862 illis
1521 4816 1759 4863 mentem
1784 4811 2048 4884 deﬁgens,

470 4899 675 4954 homiei
715 4909 940 4954 veterno
974 4899 1238 4969 depresso
1276 4914 1583 4970 somnoque
1627 4905 1931 4960 constricto
1971 4908 2048 4962 si-

473 4988 620 5043 milis
662 4987 971 5044 videbatur.
1006 4989 1222 5043 Ideirco
1268 4998 1498 5044 sanctus
1558 4991 1788 5060 angelus
1846 4997 2051 5065 populo

471 5079 759 5150 praefectus
818 5079 911 5149 qui
968 5095 1090 5136 cum
1205 5095 1302 5149 per
1351 5094 1548 5138 cinncs
1629 5084 1868 5141 visiones
1954 5088 2050 5144 de-

469 5171 730 5236 duxerat,

536 5463 576 5526 tn
618 5453 634 5507 l
675 5452 807 5525 Reg.
840 5469 912 5526 ll,
945 5456 999 5510 5.
1077 5466 1103 5493 η
1139 5453 1284 5510 Psal.
1317 5472 1523 5511 Lxxvm
1548 5499 1565 5526 ,
1603 5462 1695 5517 12.

471 5533 491 5562 π
533 5525 704 5581 ιίὲοικ
742 5543 794 5590 x,
824 5525 880 5579 4.
956 5539 977 5565 ³
1023 5527 1039 5581 l
1075 5528 1201 5582 Cor.
1229 5541 1323 5592 ιιι,
1360 5529 1450 5579 Η.

1774 5476 1795 5498 ο
1835 5460 1980 5517 Psal.
2017 5478 2200 5534 cxvu,
2252 5468 2348 5526 22.

2158 4649 2442 4720 θήσονται,
2471 4649 2569 4719 τὴν
2603 4647 2712 4701 τῶν
2747 4646 3026 4717 πολεμίων
3049 4645 3111 4700 ού
3132 4645 3503 4715 δειμαίνοντες
3523 4642 3735 4712 ἔφοδον.

2157 4740 2376 4794 Τούτων
2412 4741 2441 4793 6
2474 4739 2763 4810 προφήτης
2792 4739 3053 4801 ἀκούσας,
3085 4737 3181 4790 καὶ
3209 4738 3268 4789 ἐν
3300 4737 3367 4806 τῇ
3399 4732 3606 4806 θεωρίᾳ
3627 4730 3740 4786 τῶν

2156 4831 2426 4886 τοσούτων
2453 4831 2548 4884 καὶ
2577 4829 2836 4884 τοιούτων
2883 4827 3280 4898 ἀποκαλύψεων
3318 4824 3580 4896 γεγονὼς,
3629 4823 3741 4891 ἔξω

2159 4923 2260 4995 μὲν
2288 4923 2396 4976 τῶν
2417 4922 2775 4993 ἀνθρωπίνων
2805 4921 3151 4994 πραγμάτων
3185 4919 3448 4990 κατέστη,
3486 4919 3547 4971 ὲν
3586 4916 3739 4972 ὲκεί-

2156 5031 2268 5080 νοις
2294 5014 2351 5068 δὲ
2381 5015 2480 5085 τὴν
2507 5013 2744 5068 διάνοιαν
2776 5013 2938 5084 ἔχων,
2979 5013 3142 5084 ἐῴκει
3178 5012 3291 5066 τινὶ
3317 5009 3439 5063 λίαν
3486 5023 3736 5078 κεκαρω-

2161 5106 2308 5176 μένῳ
2342 5107 2437 5159 καὶ
2464 5103 2618 5175 ὕπνῳ
2659 5105 3011 5176 κατεχομένῳ
3031 5120 3044 5135 ·
3077 5096 3137 5156 οὗ
3157 5101 3319 5176 χάριν
3338 5104 3368 5155 6
3396 5102 3550 5170 ἅγιος
3571 5098 3740 5167 ἀγγε-

2163 5199 2276 5266 λος,
2307 5201 2335 5253 6
2356 5197 2451 5252 τοῦ
2481 5216 2542 5251 τε
2575 5197 2706 5251 λαοῦ
2743 5197 3152 5269 προστατεύων,
3188 5199 3282 5250 καὶ
3299 5194 3427 5266 περί
3447 5194 3545 5257 τὰς
3567 5193 3740 5244 ὀπτα-

2161 5290 2280 5354 σίας
2309 5291 2472 5344 αὐτὸν
2500 5289 2814 5361 ποδηγὴσας
2840 5290 3078 5356 ἁπάσας,

2454 5479 2484 5520 ι)
2525 5470 2630 5526 lsa.
2664 5485 2872 5537 xxviii,
2922 5469 3009 5526 16.
3123 5477 3153 5518 ει
3193 5465 3331 5522 Dan.
3368 5481 3442 5532 ιι,
3473 5462 3543 5524 54.
3573 5476 3730 5536 seqq.

1760 5693 1990 5750 VARUE
2025 5692 2427 5753 LECTIONES.

544 5822 590 5852 ⁶⁰
681 5821 760 5877 δέ.
821 5825 864 5856 ⁸⁸
902 5824 1012 5879 Evt.
1051 5826 1090 5880 C
1123 5825 1272 5880 addit
1303 5825 1574 5898 θεμέλιον.
1646 5834 1692 5864 ⁶¹
1715 5832 1766 5886 Ε
1797 5831 1935 5886 κατά
1965 5830 2178 5884 ταυτόν.
