4090 6394
299 353 440 420 ’ῙΒΘἾ

840 461 1234 518 ΚΕΦΑΛΑΙΟΝ
1278 464 1352 517 Δθ.

373 552 870 625 α’-γ¹.ῐ1ροσελθὼν,
890 551 1076 624 φησλν,
1091 553 1340 626 ἐξήγειρε
1362 572 1448 624 με,
1461 555 1521 608 ὃν
1535 555 1737 628 τρόπον
1757 555 1885 608 ὅταν

299 645 566 717 ἐξεγερθῇ
603 645 894 716 ἄνθρωπος
924 645 984 710 ἐξ
1025 645 1198 699 ὕπνου
1235 646 1421 702 αὐτοῦ.
1453 649 1560 702 Καὶ
1589 643 1710 700 εἷπε
1749 647 1884 717 πρός

305 755 373 808 με
396 754 411 768 ο
446 737 510 790 Τί
542 738 607 790 σὺ
646 735 898 806 βλέπεις;
943 737 1055 791 Καὶ
1083 732 1238 790 εἶπον
1265 755 1280 769 ·
1329 739 1605 808 Ἑώρακα,
1646 739 1740 791 καὶ
1777 739 1884 792 ἰδοὺ

300 829 495 900 λυχνία
528 827 708 899 χρυσῆ
742 827 863 898 ὅλη,
896 830 990 882 καὶ
1021 828 1081 882 τὸ
1116 829 1418 899 λαμπάδιον
1460 829 1646 882 ἐπάνω
1690 828 1882 898 αὐτῆς,

289 925 400 976 ’καὶ
431 924 576 976 ἑπτά
602 923 793 992 λύχνοι
819 922 1004 975 ἐπάνω
1034 923 1230 991 αὐτῆς,
1261 923 1354 975 καὶ
1383 922 1522 974 ἑπτά
1552 920 1886 991 ἐπαρυστρί-

294 1013 390 1075 δες
440 1014 553 1074 τοῖς
601 1011 819 1082 λύχνοις
848 1013 963 1074 τοῖς
1006 1011 1195 1064 ἐπάνω
1225 1011 1416 1082 αὐτῆς.
1450 1011 1557 1063 Καὶ
1585 1010 1680 1062 δύο
1709 1009 1884 1062 ἐλαῖαι

297 1106 492 1158 ἐπάνω
519 1105 714 1176 αὐτῆς,
749 1103 845 1174 μία
885 1105 951 1156 ἐκ
994 1103 1186 1168 δεξιῶν
1214 1103 1309 1157 τοῦ
1339 1101 1649 1172 λαμπαδίου
1689 1099 1882 1168 αὐτῆς,

301 1196 396 1250 καὶ
431 1195 532 1266 μία
557 1193 618 1259 ἐξ
673 1193 992 1264 εὐωνύμων.
1020 1215 1039 1246 ι
1104 1196 1213 1248 Καὶ
1242 1193 1415 1246 ταῦτα
1444 1193 1500 1244 δὲ
1533 1192 1714 1245 πάντα
1745 1189 1888 1243 alvi-

299 1287 492 1358 γματά
519 1288 666 1339 ἐστιν
699 1285 903 1356 ἐτέρων
935 1285 1304 1356 πραγμάτων.
1338 1283 1453 1336 Νῦν
1482 1283 1592 1352 γὰρ
1621 1282 1887 1349 λυχνίαν

303 1378 548 1448 χρυσῆν
579 1379 660 1441 είς
689 1377 859 1431 τύπον
915 1379 1014 1448 τῆς
1071 1377 1226 1441 θείας
1255 1376 1423 1440 ἔδειξε
1454 1373 1818 1447 προμηθείας,
1850 1374 1884 1446 ὴ

302 1473 398 1524 καὶ
425 1470 496 1526 τὰ
523 1470 750 1542 οὐράνια
809 1469 905 1523 καὶ
946 1469 1016 1523 τὰ
1046 1469 1267 1537 ἐπίγεια
1298 1467 1664 1540 πρυτανεύειν
1723 1469 1771 1520 οἱ
1829 1467 1887 1520 δὲ

293 1561 455 1615 ἑπτὰ
482 1561 704 1628 λύχνοι
721 1559 832 1612 τῶν
863 1561 1004 1614 ἑπτὰ
1035 1561 1132 1630 τῆς
1178 1559 1478 1630 ἑϐδομάδος
1508 1558 1733 1630 ἡμερῶν
1771 1559 1887 1612 ίσά-

305 1650 514 1722 ριθμοι,
544 1650 607 1704 τὸ
636 1650 886 1722 διηνεκὲς
916 1651 1012 1704 καὶ
1038 1650 1262 1721 διαρκὲς
1306 1652 1404 1721 τῆς
1447 1651 1598 1714 θείας
1640 1651 1888 1722 παραδη-

1541 351 1625 442 _IN
1654 347 2051 411 mamma
2078 348 2236 412 CAP.
2269 349 2368 412 IV.

1911 468 1960 524 Δ

3428 351 3566 420 1898

2583 459 2818 522 CAPUT
2877 463 2968 520 IV.

2055 552 2222 611 Vens.
2263 556 2376 611 1-5.
2418 573 2437 607 ι
2473 556 2795 624 Accedens,
2833 557 3048 628 inquit,
3103 557 3398 615 suscitavit
3458 573 3566 621 me,

1985 647 2131 702 sicut
2159 648 2424 704 suscitari
2457 649 2601 704 solet
2645 649 2810 704 homo
2843 648 2912 705 de
2948 665 3143 705 somno
3165 666 3287 704 suo.
3319 649 3383 704 Et
3429 649 3567 704 dixit

1985 739 2053 794 ad
2080 756 2165 796 me
2185 757 2200 796 ι
2222 739 2362 807 Quid
2381 748 2437 796 tu
2463 740 2658 798 vides?
2687 741 2753 795 Et
2775 741 2889 796 dixi
2926 759 2940 796 :
2967 742 3110 804 Vidi,
3135 750 3190 798 et
3211 757 3342 797 ecce
3363 743 3568 797 cande-

1985 831 2200 887 labrum
2230 848 2457 888 aureum
2478 843 2674 900 totum,
2698 841 2752 890 et
2775 835 2982 904 lampas
3008 827 3174 905 super
3198 833 3356 902 illud,
3389 842 3442 889 et
3477 851 3568 890 sc-

1985 933 2130 992 plem
2156 924 2393 979 lucernae
2418 940 2584 992 super
2605 925 2762 988 illud,
2783 934 2838 980 et
2860 934 3067 994 septem
3089 925 3354 981 inlusoria
3382 925 3566 980 lucer-

1985 1030 2204 1079 narum,
2233 1032 2354 1086 qua:
2379 1025 2538 1071 erant
2562 1032 2726 1088 super
2749 1018 2902 1072 illud.
2927 1016 2987 1070 Et
3005 1019 3126 1074 dua:
3141 1019 3296 1074 oliva:
3315 1034 3481 1089 super
3502 1019 3566 1072 il-

1986 1105 2101 1171 lud,
2120 1123 2227 1162 una
2245 1121 2274 1161 a
2295 1108 2535 1165 dexteris
2555 1109 2841 1181 lampadis,
2860 1119 2912 1165 et
2928 1125 3036 1164 una
3063 1125 3092 1164 a
3115 1110 3408 1166 sinistris.»
3440 1109 3564 1166 Haec

1985 1197 2149 1252 etiam
2192 1201 2377 1254 omnia
2412 1201 2648 1256 aliarum
2678 1217 2864 1256 rerum
2897 1210 3027 1256 sunt
3062 1203 3376 1272 aenigmata.
3410 1201 3566 1256 Nunc

1987 1293 2136 1346 enim
2187 1292 2571 1346 candelabrum
2621 1309 2846 1347 aureum
2881 1293 3123 1347 ostendit
3167 1295 3222 1347 in
3253 1300 3444 1365 typum
3477 1293 3564 1348 di-

1985 1381 2127 1434 vina:
2143 1378 2530 1446 Providentiae,
2567 1397 2691 1452 quae
2724 1383 2971 1438 caelestia
3001 1389 3056 1438 et
3077 1383 3363 1438 terrestria
3397 1382 3570 1438 admi-

1987 1472 2212 1527 nistrat.
2261 1470 2473 1542 Septem
2507 1487 2640 1528 vero
2680 1472 2915 1528 lucerna
2951 1475 3313 1530 hebdomadis
3360 1488 3567 1546 septem

1991 1563 2205 1634 1613
2254 1564 2451 1620 diebus
2482 1580 2714 1620 numero
2762 1560 3044 1636 aequales,
3080 1567 3468 1622 assiduitatem
3518 1577 3573 1623 ct

1989 1655 2414 1726 perpetuitatem
2445 1654 2649 1710 divina:
2674 1657 2985 1711 curationis
3019 1656 3423 1713 demonstrant.
3470 1656 3571 1712 1η-

301 1743 458 1797 λοῦσι
493 1743 783 1812 προνοίας’
815 1743 872 1796 ai.
901 1740 958 1794 δὲ
997 1733 1456 1811 ἐπαρυσθρίδες,
1503 1746 1559 1797 αἱ
1603 1744 1663 1796 τὸ
1708 1744 1888 1798 ἔλαιον

1996 1747 2199 1816 {uxoria
2234 1753 2416 1801 autem
2452 1747 2816 1814 lucernarum,
2850 1762 2973 1817 qua!
3008 1747 3190 1803 oleum
3240 1748 3568 1814 infundunt,

303 1835 769 1905 ἐπιχέουσαι,τὴν
817 1834 1050 1902 ἄφθονον
1097 1834 1414 1905 φιλοτιμίαν
1458 1835 1560 1904 τῆς
1601 1834 1694 1888 τοῦ
1750 1833 1885 1888 Θεοῦ

1996 1840 2320 1895 immensam
2359 1839 2564 1895 divina
2589 1841 2949 1911 benignitatis
2975 1842 3365 1898 liberalitatem
3397 1845 3572 1914 signi.

293 1928 724 1999 φιλανθρωπίας
773 1927 1153 1996 σημαίνουσιν.
1203 1925 1362 1979 Οὕτω
1408 1925 1495 1979 διὰ
1523 1927 1616 1979 τοῦ
1645 1930 1887 1995 λαμπα-

289 2018 438 2073 ·δίου
465 2019 564 2089 τὴν
593 2017 662 2070 τὰ
693 2017 872 2070 πάντα
915 2013 1408 2085 καταφωτίζουσαν
1443 2016 1604 2088 χάριν
1648 2016 1885 2088 ᾐνίξατο.

297 2113 419 2166 Δύο
447 2110 504 2162 δέ
532 2111 743 2175 ἐλαίας
772 2107 1118 2179 ἑκατέρωθεν
1133 2107 1446 2177 τεθηλυίας,
1478 2109 1578 2178 τὴν
1609 2108 1889 2179 βασιλείαν

301 2205 397 2256 καὶ
425 2201 525 2272 τὴν
558 2200 865 2272 ἱερωσύνην
895 2200 1145 2264 ἐκάλεσε,
1179 2203 1246 2270 τῇ
1291 2199 1412 2270 θείᾳ
1440 2200 1626 2270 χάριτι
1656 2217 1890 2271 κοσμου-

291 2295 512 2366 μένας·
570 2295 698 2356 τοὺς
753 2291 811 2344 δὲ
866 2293 978 2346 δύο
1032 2290 1320 2356 κλάδους,
1378 2291 1507 2354 τοὺς
1565 2291 1726 2361 μέχρι
1781 2290 1890 2344 τῶν

301 2385 516 2454 λύχνων
551 2383 864 2452 διήκοντας,
905 2382 998 2435 τὸν
1041 2381 1250 2451 Ἰησοῦν
1282 2382 1378 2434 καὶ
1420 2381 1513 2434 τὸν
1555 2381 1888 2452 Ζοροϐάϐελ,

295 2475 395 2528 τὸν
431 2473 529 2545 μὲν
561 2475 626 2528 ἐκ
655 2475 753 2544 τῆς
786 2473 1090 2543 ἱερατικῆς,
1142 2473 1236 2526 τὸν
1277 2471 1336 2527 δὲ
1378 2473 1444 2527 ἐκ
1471 2473 1571 2542 τῆς
1603 2473 1892 2543 βασιλικῆς

313 2566 725 2636 βεϐλαστηκότα
754 2564 946 2635 φυλῆς.
990 2563 1210 2634 Ἐπειδὴ
1239 2563 1348 2632 γάρ
1386 2567 1501 2627 τοῖς
1527 2563 1891 2635 ἀνθρωπίνοις

289 2659 587 2730 ⁴λογισμοῖς
659 2657 1022 2728 κεχρημένοις
1096 2658 1327 2712 ἄπιστον
1385 2657 1560 2710 ἐδόκει
1618 2659 1712 2711 καὶ
1769 2649 1890 2711 λίαν

289 2748 590 2812 ¹ἀπίθανον,
645 2747 845 2819 ἄνδρας
899 2746 1136 2814 ὀλίγους,
1185 2747 1280 2799 καὶ
1311 2747 1572 2818 πένητας,
1605 2748 1700 2800 καὶ
1732 2749 1892 2819 μόγις

292 2837 404 2907 ,ὀψέ
445 2853 578 2891 ποτε
619 2837 716 2907 τὴν
775 2835 994 2906 μακράν
1023 2835 1242 2908 ἐκείνην
1283 2837 1668 2908 αἰχμαλωσίαν
1695 2838 1892 2907 διαφυ-

297 2932 529 2998 γόντας,
559 2927 796 2982 τοσαῦτα
844 2929 940 2981 καὶ
982 2928 1208 2982 τοιαῦτα
1239 2929 1586 3001 κατορθῶσαι
1617 2927 1892 3000 ἀνδραγα-

307 3020 372 3090 θή
383 3037 552 3090 ματα,
583 3017 887 3072 ἐϐεϐαίωσε
916 3020 1029 3080 τοῖς
1077 3018 1445 3089 ὑποδειχθεῖσι
1473 3018 1572 3089 τὴν
1601 3019 1893 3090 ὑπόσχεσιν

1991 1929 2183 1987 ticam.
2221 1930 2312 1985 Sic
2343 1945 2440 2001 per
2482 1929 2785 2000 lampadem
2805 1933 2844 1998 θ,
2875 1932 3110 2002 gratiam
3137 1933 3324 1988 omnia
3363 1933 3568 1988 illumi-

1990 2033 2214 2077 nantem
2237 2024 2440 2078 innuit.
2480 2022 2628 2077 Duas
2651 2039 2783 2079 vero
2817 2025 2990 2079 olivas
3021 2024 3288 2096 utrinque
3321 2038 3568 2089 exortas,

1992 2129 2218 2185 regnum
2250 2122 2307 2172 et
2339 2115 2710 2170 sacerdotium
2741 2117 2983 2182 vocavit,
3024 2117 3214 2172 divina
3260 2119 3435 2188 gratia
3467 2133 3571 2174 ex-

1990 2216 2218 2274 ornata;
2249 2205 2382 2261 duo:
2409 2217 2590 2262 autem
2607 2224 2786 2262 ramos
2814 2224 2990 2280 usque
3005 2209 3070 2263 ad
3091 2210 3346 2267 lucernas
3364 2213 3574 2284 pertin-

1991 2304 2202 2370 gentes,
2229 2296 2453 2355 Josuam
2496 2308 2551 2355 et
2583 2299 3004 2366 Zorobabelem,
3035 2303 3188 2357 illum
3221 2319 3288 2359 ex
3317 2307 3574 2362 sacerdo-

1991 2390 2109 2454 tali,
2137 2390 2285 2445 hunc
2323 2406 2390 2446 ex
2425 2391 2596 2462 regali
2633 2392 2784 2447 tribu
2824 2403 3039 2448 natum.
3074 2393 3348 2460 Quoniam
3381 2396 3450 2452 iis
3476 2399 3572 2469 qui

1992 2483 2302 2538 rationibus
2350 2484 2614 2540 humanis
2669 2485 2990 2552 utebantur,
3041 2487 3375 2546 incredibile
3425 2491 3575 2547 vide-

1990 2572 2177 2639 batur,
2202 2588 2408 2643 paucos
2439 2573 2608 2635 viros,
2641 2581 2696 2628 et
2721 2589 3013 2646 pauperes,
3041 2587 3095 2631 et
3115 2577 3209 2646 qui
3235 2577 3322 2632 vix
3349 2579 3571 2634 tandem

1993 2660 2141 2714 illam
2187 2663 2406 2733 longam
2446 2663 3207 2736 captivitatem'eﬂ'ugissent,
3237 2675 3318 2722 tot
3367 2677 3422 2725 et
3465 2678 3572 2723 tant

1991 2755 2258 2825 praeclara
2317 2754 2566 2809 facinora
2623 2753 2901 2821 edidisse,
2950 2757 3382 2827 promissionem
3428 2759 3576 2818 Deus

1993 2861 2095 2916 per
2150 2861 2215 2901 ea
2270 2861 2393 2917 quae
2445 2853 2671 2903 ostensa
2727 2855 2856 2903 sunt
2911 2849 3316 2907 conﬁrmavit:
3369 2853 3578 2909 docens

1993 2938 2102 2994 ista
2126 2953 2238 2994 non
2265 2954 2457 2994 eorum
2491 2939 2728 3004 viribus,
2767 2941 2861 2996 sed
2895 2943 3077 3012 gratia
3108 2959 3211 2998 sua
3238 2944 3418 3002 fuisse
3453 2962 3580 3016 pcr-

1999 3029 2162 3085 l'ecta.
2203 3029 2381 3102 Atque
2419 3031 2566 3086 hanc
2597 3033 3024 3102 explicationem
3057 3036 3128 3090 ab
3177 3035 3297 3106 ipso
3342 3036 3580 3092 Domino

293 3112 334 3164 ὁ
359 3111 516 3173 Θεὸς,
546 3110 834 3171 διδάσκων,
869 3109 946 3172 ὡς
974 3110 1036 3161 ού
1065 3109 1169 3179 τῆς
1197 3109 1378 3162 αὐτῶν
1417 3111 1722 3180 δυνάμεως,
1757 3111 1892 3166 ἀλλὰ

1997 3119 2314 3183 didicimus,
2341 3120 2436 3190 qui
2470 3121 2741 3177 visionem
2775 3122 2926 3176 illam
2963 3123 3231 3181 ostendit.
3264 3124 3406 3198 [4-6]
3442 3124 3577 3180 Nam

305 3201 408 3271 τῆς
434 3198 606 3256 αὑτοῦ
635 3198 854 3269 χάριτός
885 3200 1035 3252 ἐστιν
1064 3201 1098 3272 ἡ
1130 3198 1490 3270 κατόρθωσις.
1533 3202 1645 3254 Καὶ
1685 3201 1892 3273 ταύτην

1997 3227 2124 3266 cum
2148 3212 2415 3280 propheta
2453 3219 2901 3280 percontaretur,
2927 3229 3162 3284 quarum
3197 3230 3380 3270 rerum
3403 3217 3580 3288 ﬁgura
3639 3285 3642 3288 γ

303 3291 408 3364 τὴν
449 3293 753 3362 ἑρμηνείαν
803 3292 936 3361 παρ’
980 3289 1147 3344 αὐτοῦ
1194 3289 1598 3361 μεμαθήκαμεν
1647 3292 1744 3345 τοῦ
1789 3293 1890 3362 τὴν

1999 3309 2054 3356 et
2075 3302 2367 3372 aenigmata
2398 3309 2608 3368 essent,
2643 3317 2756 3373 quae
2801 3303 3028 3359 fuerant
3060 3304 3465 3371 demonstrata,
3495 3310 3583 3362 di-

304 3385 427 3454 δψιν
459 3382 678 3454 ἐκείνην
706 3381 1088 3446 ὑποδείξαντος
1133 3381 1406 3435 Δεσπνᾶτου
1431 3397 1447 3412 ·
1489 3381 1587 3435 ’τοῦ
1619 3381 1726 3454 γὰρ
1755 3399 1891 3455 προ-

1996 3392 2162 3446 vinus
2210 3393 2440 3463 angelus
2495 3393 2619 3449 ait:
2663 3412 2682 3445 ι
2714 3395 2825 3450 Iste
2872 3404 2960 3452 est
3018 3408 3201 3452 sermo
3258 3397 3474 3455 Domini
3509 3402 3579 3454 ad

303 3479 482 3550 φὴτου
513 3474 822 3546 πυθομένου
867 3474 939 3527 τά
977 3474 1261 3544 δειχθέντα
1287 3474 1450 3528 τίνων
1480 3475 1597 3528 ἐστὶ
1626 3475 1889 3547 πραγμά-

2001 3483 2418 3550 Zorobabelem,
2466 3485 2657 3542 dicens
2689 3502 2706 3540 :
2742 3483 2862 3542 Non
2889 3487 2946 3542 in
2980 3487 3306 3547 fortitudine
3354 3507 3578 3563 magna,

304 3584 418 3623 των
469 3567 792 3639 αἰνίγματα,
850 3567 880 3619 ὁ
935 3567 1078 3630 θεῖος
1116 3566 1350 3634 ἄγγελος
1391 3567 1534 3639 ἔφη⁸
1599 3560 1810 3630 «Οὗτος
1863 3571 1892 3622 ό

1996 3591 2175 3648 neque
2201 3576 2257 3630 in
2284 3577 2517 3654 robore,
2559 3578 2658 3634 sed
2697 3579 2752 3633 in
2787 3577 2999 3650 Spiritu
3048 3595 3193 3645 meo,
3229 3581 3368 3638 dicit
3404 3560 3583 3638 nami-

305 3664 469 3732 λόγος
520 3663 731 3735 Κυρίου
790 3661 928 3733 πρὸς
984 3660 1315 3733 Ζοροϐάϐελ,
1373 3661 1588 3733 λέγων·
1668 3664 1781 3716 Οὐκ
1837 3665 1896 3716 ἐν

304 3755 536 3826 δυνάμει
581 3755 814 3825 μεγάλῃ,
853 3753 974 3806 οὐδὲ
1007 3755 1065 3806 ὲν
1108 3753 1278 3824 ἰσχύϊ,
1339 3753 1459 3807 ἀλλ’
1503 3757 1561 3808 ἐν
1616 3753 1897 3823 Πνεύματί

294 3863 436 3916 μου,
484 3844 635 3914 λέγει
679 3844 886 3915 Κύριος
927 3844 1352 3915 παντοκράτωρ.
1383 3862 1400 3894 ι
1463 3846 1620 3916 Μήτε
1663 3849 1744 3909 είς
1797 3847 1897 3917 τὴν

305 3934 594 4008 παροῦσαν
623 3935 924 3999 εὐτέλειαν,
965 3929 1013 3988 ὧ
1054 3934 1386 4006 Ζοροϐάϐελ,
1430 3935 1758 3988 ἀποϐλέπων
1788 3936 1896 3990 τῶν

307 4028 807 4100 προηγορευμένων
861 4025 1248 4096 ἀπαγορεύσῃς
1303 4023 1407 4094 τὴν
1459 4024 1704 4090 ἔκϐασιν,
1755 4028 1896 4098 μήτε

307 4125 477 4182 πάλιν
530 4123 886 4195 κατορθώσας
931 4119 1113 4190 σαυτῷ
1153 4118 1252 4190 τὴν
1293 4118 1452 4190 νίκην
1492 4119 1779 4194 ἐπιγράψῃ
1811 4121 1893 4154 σεο

1999 3682 2106 3723 nus
2141 3667 2520 3738 omnipotens.
2564 3686 2582 3721 ι
2627 3667 2818 3737 Neque
2867 3669 2935 3725 ad
2975 3680 3307 3741 praesentem
3345 3675 3586 3730 tenuita-

2001 3766 2132 3819 tem,
2160 3772 2194 3812 o
2232 3757 2565 3823 Zorobabel,
2591 3759 2920 3828 respiciens,
2958 3761 3352 3831 praedictorum
3385 3765 3585 3837 despe-
3633 3752 3637 3754 ’

2001 3863 2092 3904 res
2119 3849 2329 3904 exitum
2364 3869 2376 3904 :
2404 3865 2584 3920 neque
2612 3866 2835 3914 rursus,
2875 3853 3320 3925 cumquidpiam
3354 3862 3586 3928 praacla-
3645 3890 3661 3916 ι

2001 3956 2122 3995 rum
2159 3942 2423 4011 gesseris,
2473 3940 2578 3995 tibi
2613 3941 2906 3996 victoriam
2954 3933 3230 4001 ascribas.
3262 3945 3376 4000 Mea
3433 3951 3583 4004 enim

2002 4031 2344 4100 benignitate
2403 4029 2652 4100 adjutus,
2705 4031 2774 4087 de
2814 4031 3071 4103 gentibus
3130 4042 3399 4106 tropaeum
3448 4039 3587 4097 illud

2004 4122 2294 4180 excitabis.
2335 4122 2545 4178 Deinde
2574 4123 2642 4178 ad
2673 4139 2772 4180 eos
2810 4126 3086 4182 convertit
3118 4143 3457 4187 sermonem.

303 4218 421 4276 ὑπὸ
448 4217 495 4252 ιι
523 4217 635 4289 γὰρ
661 4218 764 4287 τῆς
791 4216 933 4287 δμῆς
965 4213 1332 4285 βοηθούμενος
1377 4212 1623 4284 χάριτος,
1666 4211 1728 4265 τὸ
1757 4213 1898 4268 κατὰ
1920 4215 2032 4272 τῶν
2060 4215 2231 4272 ἐθνῶν
2260 4215 2485 4271 ἐκείνων
2529 4214 2797 4286 τρόπαιον
2852 4218 3203 4293 ἀναστήσεις.
3252 4216 3389 4276 Εἶτα
3449 4223 3586 4294 πρὸς

305 4312 508 4376 αὐτοὺς
535 4310 780 4372 ἐκείνους
810 4309 1000 4380 τρέπει
1032 4308 1122 4362 τὸν
1158 4307 1338 4376 λόγον.

381 4408 449 4473 ζ’.
485 4423 509 4458 ο
532 4407 629 4470 Τίς
659 4401 710 4459 εἴ
740 4405 804 4458 σὺ
834 4394 898 4458 τὸ
925 4405 1052 4477 ὅρος
1095 4402 1158 4457 τδ
1191 4403 1335 4474 μέγα
1373 4403 1426 4458 ,δ
1456 4404 1563 4475 πρὸ
1594 4403 1896 4475 προσώπου

307 4497 640 4569 Ζοροϐάϐελ,
696 4496 793 4550 τοῦ
852 4494 1236 4563 κατορθῶσαι;
1269 4513 1288 4546 ι
1364 4494 1585 4566 Ἐπειδὴ
1641 4495 1749 4567 γὰρ
1805 4497 1901 4550 καὶ

2072 4401 2240 4459 Vens.
2266 4401 2321 4458 7.
2351 4421 2370 4454 ι
2399 4403 2536 4470 Quis
2563 4419 2624 4460 es
2661 4411 2745 4470 tu,
2779 4419 2940 4462 mons
2973 4421 3194 4479 magne,
3233 4417 3362 4465 ante
3383 4409 3584 4468 faciem

2000 4493 2379 4560 Zorobabelis,
2412 4493 2629 4569 1615.
2656 4505 2724 4551 ‘ut
2747 4496 3038 4568 corrigas?
3079 4517 3098 4550 ι
3141 4499 3414 4566 Quoniam
3436 4504 3585 4558 enim

307 4591 474 4645 αὐτὸν
502 4589 596 4644 τὸν
628 4587 940 4659 Ζοροϐάϐελ
967 4587 1148 4641 λίθον
1188 4587 1500 4659 ὠνόμασεν,
1546 4589 1773 4652 εἰκότως
1803 4591 1892 4643 καὶ

2005 4589 2188 4668 ipsum
2237 4587 2634 4643 Zorobabelem
2690 4587 2918 4658 lapidem
2977 4591 3217 4654 vocavit,
3270 4600 3420 4647 recte
3462 4593 3587 4648 illas

306 4681 382 4736 τὰ
429 4680 598 4753 μυρία
639 4678 768 4749 ἔθνη
813 4680 999 4731 ἐκεῖνα
1042 4676 1183 4745 ὄρος
1231 4677 1416 4743 καλεῖ,
1475 4678 1570 4732 καὶ
1610 4678 1706 4732 τοῦ
1753 4678 1898 4734 θείου

309 4773 446 4829 ναοῦ
487 4773 589 4845 τὴν
635 4770 950 4842 οἰκοδομίαν
995 4769 1239 4823 κωλύσαι
1280 4768 1624 4841 πειρώμενα,
1669 4771 1762 4824 καὶ
1804 4770 1899 4824 τοῦ

309 4863 446 4919 λαοῦ
477 4865 540 4918 τὸ
566 4863 896 4932 λειπόμενον
926 4861 1258 4915 καταλῦσαι.
1304 4861 1446 4915 Ἀλλ’
1476 4862 1630 4916 οὐδὲν
1651 4863 1900 4934 ἰσχύσετε

310 4957 491 5012 ταῦτα
529 4953 932 5027 βουλευόμενοι.
986 4971 1006 5005 ι
1043 4953 1272 5020 Ἐξοίσω
1314 4953 1423 5026 γὰρ
1467 4955 1560 5008 τὸν
1597 4953 1746 5009 λίθον
1801 4957 1902 5026 τῆς

312 5049 708 5122 κληρονομίας,
770 5048 995 5116 ίσότητα
1038 5049 1259 5118 χάριτος
1302 5047 1504 5119 χάριτα
1533 5049 1722 5119 αὐτῆς.
1750 5067 1768 5100 ι
1837 5051 1902 5124 ’ρ

311 5143 371 5197 δὲ
419 5141 568 5209 λέγει
616 5138 864 5194 τοιοῦτόν
920 5140 1070 5192 ἐστι’
1138 5140 1246 5192 κᾶν
1292 5141 1557 5210 μυριάκις
1599 5140 1904 5211 λυττήσητε

313 5232 572 5304 ἐμποδὼν
626 5231 707 5303 τῷ
761 5229 1072 5302 Ζοροϐάϐελ
1125 5230 1463 5301 γιγνόμενοι,
1527 5230 1692 5296 κενάς
1750 5233 1904 5302 ὑμῶν

313 5322 582 5391 ἀποφανῶ
609 5324 709 5386 τὰς
739 5323 961 5386 ἐλπίδας
987 5338 1001 5352 ⁸
1066 5322 1249 5392 πάσης
1278 5322 1388 5393 γὰρ
1418 5323 1580 5376 αὐτὸν
1612 5323 1902 5394 ἐμπλήσας

312 5415 564 5486 χάριτος,
622 5415 718 5468 καὶ
772 5412 959 5484 τελείᾳ
1014 5413 1179 5467 αὐτὸν
1225 5414 1653 5484 κατακοσμήσας
1696 5415 1901 5486 χάριτι,

316 5505 416 5560 καὶ
448 5505 679 5579 στερρὸν
709 5505 996 5576 ἀποφήνας
1027 5498 1115 5558 οἷα
1146 5503 1210 5577 δὴ
1245 5504 1412 5574 λίθον,
1463 5505 1712 5570 ἅπαντας
1754 5507 1900 5577 ὑμᾶς

2007 4681 2174 4737 etiam
2211 4679 2658 4752 innumerabiles
2691 4687 2884 4750 gentes
2917 4688 3148 4734 montem
3180 4681 3441 4752 appellat,
3464 4701 3590 4755 quae

2009 4771 2182 4828 divini
2248 4771 2438 4842 templi
2497 4770 2914 4828 aediﬁcationem
2966 4773 3342 4846 impedire,et
3399 4779 3586 4848 populi

2009 4860 2280 4932 reliquias
2335 4863 2524 4918 delere
2583 4870 2797 4919 conata:
2866 4863 3126 4922 fuissent.
3193 4863 3588 4924 Verumtamen

2009 4955 2118 5010 ista
2156 4953 2536 5010 deliberantes
2589 4955 2820 5023 exsequi
2880 4955 3017 5010 nihil
3072 4957 3347 5026 poteritis.
3387 4975 3407 5013 ι
3446 4958 3592 5014 Ειίιμ

2009 5059 2130 5098 cam
2166 5044 2314 5098 enim
2346 5043 2583 5114 lapidem
2607 5043 2969 5110 haereditatis,
2994 5046 3367 5116 aequalitatem
3399 5053 3592 5120 gratia:

2011 5134 2247 5204 gratiam
2297 5134 2441 5204 ejus.
2483 5153 2501 5186 ι
2539 5133 2696 5202 Quod
2756 5151 2889 5191 vero
2920 5137 3019 5204 ait,
3054 5147 3142 5194 est
3200 5139 3518 5211 hujusmodi
3574 5161 3588 5197 :

2012 5225 2124 5282 Etsi
2161 5225 2366 5282 millies
2415 5225 2731 5291 insanistis,
2783 5234 2838 5284 et
2874 5227 3269 5288 Zorobabelem
3324 5233 3592 5306 impedire
3649 5233 3652 5235 λ

2013 5317 2315 5386 conemini,
2351 5327 2567 5374 vestras
2603 5333 2731 5389 spes
2756 5335 2932 5376 vanas
2979 5321 3231 5379 reddam.
3264 5323 3400 5380 Eum
3441 5327 3589 5380 enim

2015 5411 2164 5467 omni
2199 5410 2486 5482 complens
2514 5413 2718 5484 gratia,
2753 5417 2808 5468 et
2852 5413 3100 5486 perfecta
3143 5429 3351 5472 ornans
3391 5419 3588 5486 gratia,

2008 5512 2066 5561 et
2100 5503 2317 5560 ﬁrmum
2351 5510 2616 5574 tanquam
2666 5503 2903 5580 lapidem
2946 5507 3209 5576 reddens,
3239 5521 3341 5564 vos
3395 5521 3591 5565 omnes

1609 5661 1840 5720 VARUS
1876 5662 2264 5720 LECTIONES

380 5753 484 5812 "C
520 5755 850 5828 ἐπιγράψῃς.
961 5756 1005 5788 ⁸⁸
1036 5755 1175 5810 Edit.
1213 5772 1363 5826 prtor
1397 5755 1502 5812 hab
1557 5754 1720 5827 ὑπὲρέ

605 5847 881 5910 Parnm.
917 5847 1036 5908 Gn.
1076 5849 1334 5920 LXXXI.

3078 5848 3152 5912 60
