  <div class='ocr_page' id='page_1' title='image "/cluster/home/n/w/nwhite01/storage/ocr_20150623/81:no.2/coo.31924054869825/957.png"; bbox 0 0 4090 6416; ppageno 0'>
   <div class='ocr_carea' id='block_1_1' title="bbox 512 356 655 421">
    <p class='ocr_par' dir='ltr' id='par_1_1' title="bbox 512 356 655 421">
     <span class='ocr_line' id='line_1_1' title="bbox 512 356 655 421; baseline 0.021 -3"><span class='ocrx_word' id='word_1_1' title='bbox 512 356 655 421; x_wconf 73' lang='grc'><strong>’1899</strong></span> 
     </span>
    </p>
   </div>
   <div class='ocr_carea' id='block_1_2' title="bbox 1471 348 2732 423">
    <p class='ocr_par' dir='ltr' id='par_1_2' title="bbox 1471 348 2732 423">
     <span class='ocr_line' id='line_1_2' title="bbox 1471 348 2732 423; baseline 0.003 -14"><span class='ocrx_word' id='word_1_2' title='bbox 1471 348 1960 423; x_wconf 79' lang='lat' dir='ltr'><strong>THEODORETI</strong></span> <span class='ocrx_word' id='word_1_3' title='bbox 2009 348 2349 411; x_wconf 86' lang='lat' dir='ltr'><strong>EPISCOPI</strong></span> <span class='ocrx_word' id='word_1_4' title='bbox 2366 348 2732 413; x_wconf 80' lang='lat' dir='ltr'><strong>CYRENSIS</strong></span> 
     </span>
    </p>
   </div>
   <div class='ocr_carea' id='block_1_3' title="bbox 3628 347 3779 417">
    <p class='ocr_par' dir='ltr' id='par_1_3' title="bbox 3628 347 3779 417">
     <span class='ocr_line' id='line_1_3' title="bbox 3628 347 3779 417; baseline 0.013 -2"><span class='ocrx_word' id='word_1_5' title='bbox 3628 347 3779 417; x_wconf 77' lang='lat' dir='ltr'><strong>19m</strong></span> 
     </span>
    </p>
   </div>
   <div class='ocr_carea' id='block_1_4' title="bbox 519 455 2102 536">
    <p class='ocr_par' dir='ltr' id='par_1_4' title="bbox 519 456 2091 536">
     <span class='ocr_line' id='line_1_4' title="bbox 519 456 2091 536; baseline -0.008 -16"><span class='ocrx_word' id='word_1_6' title='bbox 519 474 578 520; x_wconf 86' lang='lat' dir='ltr'><strong>ut</strong></span> <span class='ocrx_word' id='word_1_7' title='bbox 612 462 835 536; x_wconf 99' lang='lat' dir='ltr'><strong>penitus</strong></span> <span class='ocrx_word' id='word_1_8' title='bbox 867 459 1050 518; x_wconf 78' lang='lat' dir='ltr'><strong>deleat</strong></span> <span class='ocrx_word' id='word_1_9' title='bbox 1080 456 1343 531; x_wconf 75' lang='lat' dir='ltr'><strong>efﬁciam;</strong></span> <span class='ocrx_word' id='word_1_10' title='bbox 1384 464 1449 513; x_wconf 92' lang='lat' dir='ltr'><strong>ut</strong></span> <span class='ocrx_word' id='word_1_11' title='bbox 1483 457 1634 528; x_wconf 90' lang='lat' dir='ltr'><strong>quod</strong></span> <span class='ocrx_word' id='word_1_12' title='bbox 1663 457 1876 512; x_wconf 85' lang='lat' dir='ltr'><strong>viribus</strong></span> <span class='ocrx_word' id='word_1_13' title='bbox 1896 459 2091 509; x_wconf 85' lang='lat' dir='ltr'><strong>buma-</strong></span> 
     </span>
    </p>
   </div>
   <div class='ocr_carea' id='block_1_5' title="bbox 2200 455 3780 536">
    <p class='ocr_par' dir='ltr' id='par_1_5' title="bbox 2200 455 3780 530">
     <span class='ocr_line' id='line_1_5' title="bbox 2200 455 3780 530; baseline 0.004 -21"><span class='ocrx_word' id='word_1_14' title='bbox 2200 455 2404 529; x_wconf 78' lang='grc' dir='ltr'><strong>ὀλέθρῳ</strong></span> <span class='ocrx_word' id='word_1_15' title='bbox 2433 456 2773 529; x_wconf 90' lang='grc' dir='ltr'>παραδοῦναι</span> <span class='ocrx_word' id='word_1_16' title='bbox 2804 456 3233 530; x_wconf 75' lang='grc' dir='ltr'><strong>παρασκευάσω,</strong></span> <span class='ocrx_word' id='word_1_17' title='bbox 3262 456 3406 513; x_wconf 81' lang='grc' dir='ltr'>ὥστε</span> <span class='ocrx_word' id='word_1_18' title='bbox 3434 456 3498 513; x_wconf 76' lang='grc' dir='ltr'><strong>τὸ</strong></span> <span class='ocrx_word' id='word_1_19' title='bbox 3525 457 3780 517; x_wconf 74' lang='grc' dir='ltr'><strong>ἐλλεῖπον</strong></span> 
     </span>
    </p>
   </div>
   <div class='ocr_carea' id='block_1_6' title="bbox 517 546 2091 626">
    <p class='ocr_par' dir='ltr' id='par_1_6' title="bbox 517 546 2091 626">
     <span class='ocr_line' id='line_1_6' title="bbox 517 546 2091 626; baseline -0.008 -14"><span class='ocrx_word' id='word_1_20' title='bbox 517 560 604 612; x_wconf 90' lang='lat' dir='ltr'><strong>nis</strong></span> <span class='ocrx_word' id='word_1_21' title='bbox 635 557 812 622; x_wconf 88' lang='lat' dir='ltr'><strong>deest,</strong></span> <span class='ocrx_word' id='word_1_22' title='bbox 843 553 1097 626; x_wconf 76' lang='lat' dir='ltr'><strong>suppleat</strong></span> <span class='ocrx_word' id='word_1_23' title='bbox 1138 561 1193 608; x_wconf 89' lang='lat' dir='ltr'><strong>et</strong></span> <span class='ocrx_word' id='word_1_24' title='bbox 1238 557 1568 621; x_wconf 88' lang='lat' dir='ltr'><strong>compenset</strong></span> <span class='ocrx_word' id='word_1_25' title='bbox 1612 562 1857 621; x_wconf 86' lang='lat' dir='ltr'><strong>superna</strong></span> <span class='ocrx_word' id='word_1_26' title='bbox 1887 546 2091 619; x_wconf 84' lang='lat' dir='ltr'><strong>gratia.</strong></span> 
     </span>
    </p>
   </div>
   <div class='ocr_carea' id='block_1_7' title="bbox 528 638 2094 723">
    <p class='ocr_par' dir='ltr' id='par_1_7' title="bbox 528 638 2094 723">
     <span class='ocr_line' id='line_1_7' title="bbox 528 638 2094 723; baseline -0.007 -18"><span class='ocrx_word' id='word_1_27' title='bbox 528 648 673 723; x_wconf 75' lang='lat'><strong>[3—9]</strong></span> <span class='ocrx_word' id='word_1_28' title='bbox 707 646 1034 718; x_wconf 88' lang='lat' dir='ltr'><strong>Cognoscite</strong></span> <span class='ocrx_word' id='word_1_29' title='bbox 1061 644 1248 713; x_wconf 89' lang='lat' dir='ltr'><strong>igitur,</strong></span> <span class='ocrx_word' id='word_1_30' title='bbox 1292 641 1441 715; x_wconf 92' lang='lat' dir='ltr'><strong>quod</strong></span> <span class='ocrx_word' id='word_1_31' title='bbox 1492 656 1690 697; x_wconf 91' lang='lat' dir='ltr'><strong>manus</strong></span> <span class='ocrx_word' id='word_1_32' title='bbox 1736 638 2094 696; x_wconf 85' lang='lat' dir='ltr'><strong>Zorobabelis</strong></span> 
     </span>
    </p>
   </div>
   <div class='ocr_carea' id='block_1_8' title="bbox 517 730 2094 801">
    <p class='ocr_par' dir='ltr' id='par_1_8' title="bbox 517 730 2094 801">
     <span class='ocr_line' id='line_1_8' title="bbox 517 730 2094 801; baseline -0.007 -7"><span class='ocrx_word' id='word_1_33' title='bbox 517 738 873 794; x_wconf 88' lang='lat' dir='ltr'><strong>fundaveriut</strong></span> <span class='ocrx_word' id='word_1_34' title='bbox 903 737 1126 791; x_wconf 89' lang='lat' dir='ltr'><strong>domum</strong></span> <span class='ocrx_word' id='word_1_35' title='bbox 1158 734 1350 797; x_wconf 86' lang='lat' dir='ltr'><strong>istam,</strong></span> <span class='ocrx_word' id='word_1_36' title='bbox 1380 741 1435 789; x_wconf 90' lang='lat' dir='ltr'><strong>et</strong></span> <span class='ocrx_word' id='word_1_37' title='bbox 1459 747 1662 788; x_wconf 87' lang='lat' dir='ltr'><strong>manus</strong></span> <span class='ocrx_word' id='word_1_38' title='bbox 1702 730 1826 801; x_wconf 84' lang='lat' dir='ltr'><strong>ejus</strong></span> <span class='ocrx_word' id='word_1_39' title='bbox 1871 730 2094 787; x_wconf 85' lang='lat' dir='ltr'><strong>absolu-</strong></span> 
     </span>
    </p>
   </div>
   <div class='ocr_carea' id='block_1_9' title="bbox 517 822 2094 895">
    <p class='ocr_par' dir='ltr' id='par_1_9' title="bbox 517 822 2094 895">
     <span class='ocr_line' id='line_1_9' title="bbox 517 822 2094 895; baseline -0.007 -8"><span class='ocrx_word' id='word_1_40' title='bbox 517 840 655 887; x_wconf 84' lang='lat' dir='ltr'><strong>turae</strong></span> <span class='ocrx_word' id='word_1_41' title='bbox 687 832 801 884; x_wconf 87' lang='lat' dir='ltr'><strong>sint</strong></span> <span class='ocrx_word' id='word_1_42' title='bbox 830 843 949 884; x_wconf 90' lang='lat' dir='ltr'><strong>eam</strong></span> <span class='ocrx_word' id='word_1_43' title='bbox 985 846 999 884; x_wconf 89' lang='lat'><strong>:</strong></span> <span class='ocrx_word' id='word_1_44' title='bbox 1030 834 1086 882; x_wconf 92' lang='lat' dir='ltr'><strong>et</strong></span> <span class='ocrx_word' id='word_1_45' title='bbox 1123 842 1192 881; x_wconf 80' lang='lat' dir='ltr'><strong>ex</strong></span> <span class='ocrx_word' id='word_1_46' title='bbox 1222 825 1390 881; x_wconf 84' lang='lat' dir='ltr'><strong>rebus</strong></span> <span class='ocrx_word' id='word_1_47' title='bbox 1425 825 1564 895; x_wconf 90' lang='lat' dir='ltr'><strong>ipsis</strong></span> <span class='ocrx_word' id='word_1_48' title='bbox 1610 822 1952 894; x_wconf 77' lang='lat' dir='ltr'><strong>intelligetis,</strong></span> <span class='ocrx_word' id='word_1_49' title='bbox 2006 836 2094 876; x_wconf 89' lang='lat' dir='ltr'><strong>me</strong></span> 
     </span>
    </p>
   </div>
   <div class='ocr_carea' id='block_1_10' title="bbox 516 914 2094 985">
    <p class='ocr_par' dir='ltr' id='par_1_10' title="bbox 516 914 2094 985">
     <span class='ocr_line' id='line_1_10' title="bbox 516 914 2094 985; baseline -0.009 -5"><span class='ocrx_word' id='word_1_50' title='bbox 516 923 868 981; x_wconf 85' lang='lat' dir='ltr'><strong>sermonibus</strong></span> <span class='ocrx_word' id='word_1_51' title='bbox 922 922 1259 976; x_wconf 78' lang='lat' dir='ltr'><strong>servientem</strong></span> <span class='ocrx_word' id='word_1_52' title='bbox 1292 917 1521 985; x_wconf 85' lang='lat' dir='ltr'><strong>divinis,</strong></span> <span class='ocrx_word' id='word_1_53' title='bbox 1562 917 1708 972; x_wconf 90' lang='lat' dir='ltr'><strong>bane</strong></span> <span class='ocrx_word' id='word_1_54' title='bbox 1752 914 1909 972; x_wconf 81' lang='lat' dir='ltr'><strong>vobis</strong></span> <span class='ocrx_word' id='word_1_55' title='bbox 1966 928 2094 985; x_wconf 89' lang='lat' dir='ltr'><strong>pro-</strong></span> 
     </span>
    </p>
   </div>
   <div class='ocr_carea' id='block_1_11' title="bbox 515 1013 1190 1087">
    <p class='ocr_par' dir='ltr' id='par_1_11' title="bbox 515 1013 1190 1087">
     <span class='ocr_line' id='line_1_11' title="bbox 515 1013 1190 1087; baseline -0.01 -16"><span class='ocrx_word' id='word_1_56' title='bbox 515 1015 758 1087; x_wconf 88' lang='lat' dir='ltr'><strong>phetiam</strong></span> <span class='ocrx_word' id='word_1_57' title='bbox 785 1013 1190 1084; x_wconf 77' lang='lat' dir='ltr'><strong>promulgasse.</strong></span> 
     </span>
    </p>
   </div>
   <div class='ocr_carea' id='block_1_12' title="bbox 585 1092 2088 1168">
    <p class='ocr_par' dir='ltr' id='par_1_12' title="bbox 585 1092 2088 1168">
     <span class='ocr_line' id='line_1_12' title="bbox 585 1092 2088 1168; baseline -0.009 -11"><span class='ocrx_word' id='word_1_58' title='bbox 585 1101 753 1157; x_wconf 74' lang='lat' dir='ltr'><strong>Vens.</strong></span> <span class='ocrx_word' id='word_1_59' title='bbox 796 1102 881 1154; x_wconf 82' lang='lat' dir='ltr'><strong>tt).</strong></span> <span class='ocrx_word' id='word_1_60' title='bbox 917 1118 935 1151; x_wconf 88' lang='grc'><em>‹</em></span> <span class='ocrx_word' id='word_1_61' title='bbox 962 1098 1098 1166; x_wconf 82' lang='lat' dir='ltr'><strong>Quis</strong></span> <span class='ocrx_word' id='word_1_62' title='bbox 1120 1099 1263 1154; x_wconf 92' lang='lat' dir='ltr'><strong>enim</strong></span> <span class='ocrx_word' id='word_1_63' title='bbox 1293 1096 1543 1168; x_wconf 83' lang='lat' dir='ltr'><strong>despexit</strong></span> <span class='ocrx_word' id='word_1_64' title='bbox 1573 1096 1629 1152; x_wconf 93' lang='lat' dir='ltr'><strong>in</strong></span> <span class='ocrx_word' id='word_1_65' title='bbox 1660 1095 1778 1151; x_wconf 90' lang='lat' dir='ltr'><strong>dies</strong></span> <span class='ocrx_word' id='word_1_66' title='bbox 1808 1093 2013 1149; x_wconf 89' lang='lat' dir='ltr'><strong>multos</strong></span> <span class='ocrx_word' id='word_1_67' title='bbox 2033 1092 2088 1146; x_wconf 62' lang='grc' dir='ltr'><strong>ἓ»</strong></span> 
     </span>
    </p>
   </div>
   <div class='ocr_carea' id='block_1_13' title="bbox 515 1184 2092 1259">
    <p class='ocr_par' dir='ltr' id='par_1_13' title="bbox 515 1184 2092 1259">
     <span class='ocr_line' id='line_1_13' title="bbox 515 1184 2092 1259; baseline -0.006 -11"><span class='ocrx_word' id='word_1_68' title='bbox 515 1192 629 1249; x_wconf 77' lang='lat' dir='ltr'><strong>Hoc</strong></span> <span class='ocrx_word' id='word_1_69' title='bbox 659 1192 839 1247; x_wconf 87' lang='lat' dir='ltr'><strong>simile</strong></span> <span class='ocrx_word' id='word_1_70' title='bbox 870 1198 956 1246; x_wconf 79' lang='lat' dir='ltr'><strong>est</strong></span> <span class='ocrx_word' id='word_1_71' title='bbox 990 1189 1081 1243; x_wconf 88' lang='lat' dir='ltr'><strong>Dei</strong></span> <span class='ocrx_word' id='word_1_72' title='bbox 1104 1192 1123 1213; x_wconf 82' lang='lat'>&quot;</span> <span class='ocrx_word' id='word_1_73' title='bbox 1158 1189 1368 1255; x_wconf 82' lang='lat' dir='ltr'><strong>verbis,</strong></span> <span class='ocrx_word' id='word_1_74' title='bbox 1410 1202 1533 1259; x_wconf 84' lang='lat' dir='ltr'><strong>quae</strong></span> <span class='ocrx_word' id='word_1_75' title='bbox 1555 1187 1830 1242; x_wconf 86' lang='lat' dir='ltr'><strong>habentur</strong></span> <span class='ocrx_word' id='word_1_76' title='bbox 1860 1186 1918 1241; x_wconf 91' lang='lat' dir='ltr'><strong>in</strong></span> <span class='ocrx_word' id='word_1_77' title='bbox 1946 1184 2092 1239; x_wconf 92' lang='lat' dir='ltr'><strong>Deu-</strong></span> 
     </span>
    </p>
   </div>
   <div class='ocr_carea' id='block_1_14' title="bbox 517 1277 2091 1352">
    <p class='ocr_par' dir='ltr' id='par_1_14' title="bbox 517 1277 2091 1352">
     <span class='ocr_line' id='line_1_14' title="bbox 517 1277 2091 1352; baseline -0.01 -10"><span class='ocrx_word' id='word_1_78' title='bbox 517 1285 827 1342; x_wconf 82' lang='lat' dir='ltr'><strong>teronomio</strong></span> <span class='ocrx_word' id='word_1_79' title='bbox 862 1300 923 1338; x_wconf 72' lang='grc' dir='ltr'><strong>ιι</strong></span> <span class='ocrx_word' id='word_1_80' title='bbox 955 1283 1065 1352; x_wconf 79' lang='lat' dir='ltr'><strong>Ego</strong></span> <span class='ocrx_word' id='word_1_81' title='bbox 1109 1280 1382 1347; x_wconf 83' lang='lat' dir='ltr'><strong>occidam,</strong></span> <span class='ocrx_word' id='word_1_82' title='bbox 1419 1286 1473 1335; x_wconf 91' lang='lat' dir='ltr'><strong>et</strong></span> <span class='ocrx_word' id='word_1_83' title='bbox 1495 1294 1597 1351; x_wconf 83' lang='lat' dir='ltr'><strong>ego</strong></span> <span class='ocrx_word' id='word_1_84' title='bbox 1626 1278 1811 1333; x_wconf 80' lang='lat' dir='ltr'><strong>vivere</strong></span> <span class='ocrx_word' id='word_1_85' title='bbox 1842 1277 2039 1330; x_wconf 77' lang='lat' dir='ltr'><strong>faciant</strong></span> <span class='ocrx_word' id='word_1_86' title='bbox 2076 1291 2091 1328; x_wconf 92' lang='lat'><strong>:</strong></span> 
     </span>
    </p>
   </div>
   <div class='ocr_carea' id='block_1_15' title="bbox 512 1364 2092 1446">
    <p class='ocr_par' dir='ltr' id='par_1_15' title="bbox 512 1364 2092 1446">
     <span class='ocr_line' id='line_1_15' title="bbox 512 1364 2092 1446; baseline -0.009 -15"><span class='ocrx_word' id='word_1_87' title='bbox 512 1374 845 1446; x_wconf 85' lang='lat' dir='ltr'><strong>percutiam,</strong></span> <span class='ocrx_word' id='word_1_88' title='bbox 881 1386 934 1427; x_wconf 89' lang='lat' dir='ltr'><strong>et</strong></span> <span class='ocrx_word' id='word_1_89' title='bbox 957 1386 1058 1442; x_wconf 83' lang='lat' dir='ltr'><strong>ego</strong></span> <span class='ocrx_word' id='word_1_90' title='bbox 1097 1370 1305 1427; x_wconf 86' lang='lat' dir='ltr'><strong>sanabo</strong></span> <span class='ocrx_word' id='word_1_91' title='bbox 1328 1369 1372 1423; x_wconf 71' lang='grc' dir='ltr'><strong>ί.</strong></span> <span class='ocrx_word' id='word_1_92' title='bbox 1413 1387 1431 1421; x_wconf 78' lang='grc' dir='ltr'><strong>ι</strong></span> <span class='ocrx_word' id='word_1_93' title='bbox 1472 1367 1589 1422; x_wconf 81' lang='lat' dir='ltr'><strong>Hoc</strong></span> <span class='ocrx_word' id='word_1_94' title='bbox 1628 1368 1773 1421; x_wconf 88' lang='lat' dir='ltr'><strong>enim</strong></span> <span class='ocrx_word' id='word_1_95' title='bbox 1802 1366 1891 1420; x_wconf 90' lang='lat' dir='ltr'><strong>hic</strong></span> <span class='ocrx_word' id='word_1_96' title='bbox 1925 1364 2092 1419; x_wconf 82' lang='lat' dir='ltr'><strong>etiam</strong></span> 
     </span>
    </p>
   </div>
   <div class='ocr_carea' id='block_1_16' title="bbox 521 1457 2095 1537">
    <p class='ocr_par' dir='ltr' id='par_1_16' title="bbox 521 1457 2095 1537">
     <span class='ocr_line' id='line_1_16' title="bbox 521 1457 2095 1537; baseline -0.01 -12"><span class='ocrx_word' id='word_1_97' title='bbox 521 1467 762 1525; x_wconf 86' lang='lat' dir='ltr'><strong>ostendit</strong></span> <span class='ocrx_word' id='word_1_98' title='bbox 810 1466 968 1537; x_wconf 91' lang='lat' dir='ltr'><strong>quasi</strong></span> <span class='ocrx_word' id='word_1_99' title='bbox 1003 1464 1213 1518; x_wconf 88' lang='lat' dir='ltr'><strong>diceret</strong></span> <span class='ocrx_word' id='word_1_100' title='bbox 1248 1481 1261 1515; x_wconf 90' lang='lat'><strong>:</strong></span> <span class='ocrx_word' id='word_1_101' title='bbox 1299 1461 1456 1515; x_wconf 87' lang='lat' dir='ltr'><strong>Sicut</strong></span> <span class='ocrx_word' id='word_1_102' title='bbox 1507 1458 1733 1531; x_wconf 79' lang='lat' dir='ltr'><strong>despexi</strong></span> <span class='ocrx_word' id='word_1_103' title='bbox 1780 1457 2095 1535; x_wconf 81' lang='lat' dir='ltr'><strong>Hierosoly-</strong></span> 
     </span>
    </p>
   </div>
   <div class='ocr_carea' id='block_1_17' title="bbox 522 1550 2096 1623">
    <p class='ocr_par' dir='ltr' id='par_1_17' title="bbox 522 1550 2096 1623">
     <span class='ocr_line' id='line_1_17' title="bbox 522 1550 2096 1623; baseline -0.007 -9"><span class='ocrx_word' id='word_1_104' title='bbox 522 1560 673 1615; x_wconf 86' lang='lat' dir='ltr'><strong>mam</strong></span> <span class='ocrx_word' id='word_1_105' title='bbox 705 1559 759 1613; x_wconf 93' lang='lat' dir='ltr'><strong>in</strong></span> <span class='ocrx_word' id='word_1_106' title='bbox 791 1558 999 1612; x_wconf 90' lang='lat' dir='ltr'><strong>multos</strong></span> <span class='ocrx_word' id='word_1_107' title='bbox 1037 1555 1181 1618; x_wconf 85' lang='lat' dir='ltr'><strong>dies,</strong></span> <span class='ocrx_word' id='word_1_108' title='bbox 1209 1568 1444 1623; x_wconf 87' lang='lat' dir='ltr'><strong>eamque</strong></span> <span class='ocrx_word' id='word_1_109' title='bbox 1494 1550 1566 1607; x_wconf 92' lang='lat' dir='ltr'><strong>ad</strong></span> <span class='ocrx_word' id='word_1_110' title='bbox 1607 1551 1956 1623; x_wconf 78' lang='lat' dir='ltr'><strong>septuaginta</strong></span> <span class='ocrx_word' id='word_1_111' title='bbox 1996 1564 2096 1604; x_wconf 84' lang='lat' dir='ltr'><strong>an-</strong></span> 
     </span>
    </p>
   </div>
   <div class='ocr_carea' id='block_1_18' title="bbox 520 1636 2097 1708">
    <p class='ocr_par' dir='ltr' id='par_1_18' title="bbox 520 1636 2097 1708">
     <span class='ocr_line' id='line_1_18' title="bbox 520 1636 2097 1708; baseline -0.006 -4"><span class='ocrx_word' id='word_1_112' title='bbox 520 1664 718 1704; x_wconf 88' lang='lat' dir='ltr'><strong>norum</strong></span> <span class='ocrx_word' id='word_1_113' title='bbox 743 1646 1053 1702; x_wconf 85' lang='lat' dir='ltr'><strong>vastitatem</strong></span> <span class='ocrx_word' id='word_1_114' title='bbox 1094 1641 1487 1707; x_wconf 87' lang='lat' dir='ltr'><strong>condemnavi,</strong></span> <span class='ocrx_word' id='word_1_115' title='bbox 1519 1641 1599 1697; x_wconf 91' lang='lat' dir='ltr'><strong>sie</strong></span> <span class='ocrx_word' id='word_1_116' title='bbox 1647 1639 1782 1694; x_wconf 82' lang='lat' dir='ltr'><strong>mihi</strong></span> <span class='ocrx_word' id='word_1_117' title='bbox 1835 1636 2097 1708; x_wconf 81' lang='lat' dir='ltr'><strong>perfacile</strong></span> 
     </span>
    </p>
   </div>
   <div class='ocr_carea' id='block_1_19' title="bbox 517 1730 2093 1806">
    <p class='ocr_par' dir='ltr' id='par_1_19' title="bbox 517 1730 2093 1806">
     <span class='ocr_line' id='line_1_19' title="bbox 517 1730 2093 1806; baseline -0.007 -11"><span class='ocrx_word' id='word_1_118' title='bbox 517 1750 600 1795; x_wconf 90' lang='lat' dir='ltr'><strong>est</strong></span> <span class='ocrx_word' id='word_1_119' title='bbox 634 1754 754 1794; x_wconf 89' lang='lat' dir='ltr'><strong>eam</strong></span> <span class='ocrx_word' id='word_1_120' title='bbox 788 1738 842 1792; x_wconf 91' lang='lat' dir='ltr'><strong>in</strong></span> <span class='ocrx_word' id='word_1_121' title='bbox 877 1737 1115 1806; x_wconf 90' lang='lat' dir='ltr'><strong>priorem</strong></span> <span class='ocrx_word' id='word_1_122' title='bbox 1151 1734 1469 1790; x_wconf 79' lang='lat' dir='ltr'><strong>felicitatem</strong></span> <span class='ocrx_word' id='word_1_123' title='bbox 1510 1746 1793 1787; x_wconf 88' lang='lat' dir='ltr'><strong>revocare.</strong></span> <span class='ocrx_word' id='word_1_124' title='bbox 1834 1730 1939 1797; x_wconf 88' lang='lat' dir='ltr'><strong>Qui</strong></span> <span class='ocrx_word' id='word_1_125' title='bbox 1991 1744 2093 1784; x_wconf 85' lang='lat' dir='ltr'><strong>au-</strong></span> 
     </span>
    </p>
   </div>
   <div class='ocr_carea' id='block_1_20' title="bbox 2191 549 3781 624">
    <p class='ocr_par' dir='ltr' id='par_1_20' title="bbox 2191 549 3781 624">
     <span class='ocr_line' id='line_1_20' title="bbox 2191 549 3781 624; baseline 0.003 -20"><span class='ocrx_word' id='word_1_126' title='bbox 2191 550 2261 621; x_wconf 75' lang='grc' dir='ltr'><strong>τῇ</strong></span> <span class='ocrx_word' id='word_1_127' title='bbox 2292 549 2609 623; x_wconf 71' lang='grc' dir='ltr'>ἀνθρωπεία</span> <span class='ocrx_word' id='word_1_128' title='bbox 2648 549 2879 623; x_wconf 76' lang='grc' dir='ltr'><strong>δυνάμει</strong></span> <span class='ocrx_word' id='word_1_129' title='bbox 2907 549 3309 624; x_wconf 71' lang='grc' dir='ltr'>ἀναπληρῶσαι</span> <span class='ocrx_word' id='word_1_130' title='bbox 3361 550 3460 606; x_wconf 80' lang='grc' dir='ltr'>καὶ</span> <span class='ocrx_word' id='word_1_131' title='bbox 3512 551 3781 620; x_wconf 64' lang='grc' dir='ltr'>ἐξισῶσαι</span> 
     </span>
    </p>
   </div>
   <div class='ocr_carea' id='block_1_21' title="bbox 2194 641 3783 716">
    <p class='ocr_par' dir='ltr' id='par_1_21' title="bbox 2194 641 3783 716">
     <span class='ocr_line' id='line_1_21' title="bbox 2194 641 3783 716; baseline 0.002 -20"><span class='ocrx_word' id='word_1_132' title='bbox 2194 644 2261 713; x_wconf 82' lang='grc' dir='ltr'><strong>τῇ</strong></span> <span class='ocrx_word' id='word_1_133' title='bbox 2307 641 2518 698; x_wconf 80' lang='grc' dir='ltr'>ἄνωθεν</span> <span class='ocrx_word' id='word_1_134' title='bbox 2571 644 2781 716; x_wconf 86' lang='grc' dir='ltr'>χάριτι.</span> <span class='ocrx_word' id='word_1_135' title='bbox 2813 641 3121 698; x_wconf 78' lang='grc' dir='ltr'><strong>Γινώσκετε</strong></span> <span class='ocrx_word' id='word_1_136' title='bbox 3150 642 3359 710; x_wconf 78' lang='grc' dir='ltr'><strong>τοίνυν,</strong></span> <span class='ocrx_word' id='word_1_137' title='bbox 3390 644 3475 698; x_wconf 82' lang='grc' dir='ltr'>ὅτι</span> <span class='ocrx_word' id='word_1_138' title='bbox 3504 644 3565 698; x_wconf 68' lang='lat' dir='ltr'><strong>al</strong></span> <span class='ocrx_word' id='word_1_139' title='bbox 3593 646 3783 716; x_wconf 79' lang='grc' dir='ltr'>χεῖρες</span> 
     </span>
    </p>
   </div>
   <div class='ocr_carea' id='block_1_22' title="bbox 2193 729 3783 806">
    <p class='ocr_par' dir='ltr' id='par_1_22' title="bbox 2193 729 3783 806">
     <span class='ocr_line' id='line_1_22' title="bbox 2193 729 3783 806; baseline 0.002 -18"><span class='ocrx_word' id='word_1_140' title='bbox 2193 733 2503 804; x_wconf 79' lang='grc' dir='ltr'>Ζοροϐάϐελ</span> <span class='ocrx_word' id='word_1_141' title='bbox 2556 733 2927 806; x_wconf 79' lang='grc' dir='ltr'>ὲθεμελίωσαν</span> <span class='ocrx_word' id='word_1_142' title='bbox 2978 733 3074 789; x_wconf 75' lang='grc' dir='ltr'><strong>τὸν</strong></span> <span class='ocrx_word' id='word_1_143' title='bbox 3127 729 3277 790; x_wconf 79' lang='grc' dir='ltr'>οἷκον</span> <span class='ocrx_word' id='word_1_144' title='bbox 3324 734 3540 799; x_wconf 77' lang='grc' dir='ltr'>τοῦτον,</span> <span class='ocrx_word' id='word_1_145' title='bbox 3585 736 3686 790; x_wconf 70' lang='grc' dir='ltr'>καὶ</span> <span class='ocrx_word' id='word_1_146' title='bbox 3724 737 3783 791; x_wconf 69' lang='grc' dir='ltr'>αἱ</span> 
     </span>
    </p>
   </div>
   <div class='ocr_carea' id='block_1_23' title="bbox 2193 824 3786 898">
    <p class='ocr_par' dir='ltr' id='par_1_23' title="bbox 2193 824 3786 898">
     <span class='ocr_line' id='line_1_23' title="bbox 2193 824 3786 898; baseline 0.003 -21"><span class='ocrx_word' id='word_1_147' title='bbox 2193 827 2375 896; x_wconf 85' lang='grc' dir='ltr'>χεῖρες</span> <span class='ocrx_word' id='word_1_148' title='bbox 2429 825 2596 881; x_wconf 87' lang='grc' dir='ltr'>αὐτοῦ</span> <span class='ocrx_word' id='word_1_149' title='bbox 2638 824 2954 882; x_wconf 74' lang='grc' dir='ltr'>ἐκτελοῦσιν</span> <span class='ocrx_word' id='word_1_150' title='bbox 2995 824 3181 891; x_wconf 77' lang='grc' dir='ltr'>αὐτὸν,</span> <span class='ocrx_word' id='word_1_151' title='bbox 3212 826 3306 881; x_wconf 78' lang='grc' dir='ltr'><strong>καὶ</strong></span> <span class='ocrx_word' id='word_1_152' title='bbox 3332 824 3403 881; x_wconf 83' lang='grc' dir='ltr'><strong>δι’</strong></span> <span class='ocrx_word' id='word_1_153' title='bbox 3432 825 3616 880; x_wconf 80' lang='grc' dir='ltr'>αὐτῶν</span> <span class='ocrx_word' id='word_1_154' title='bbox 3644 826 3786 898; x_wconf 77' lang='grc' dir='ltr'>μαθ-</span> 
     </span>
    </p>
   </div>
   <div class='ocr_carea' id='block_1_24' title="bbox 2194 914 3787 989">
    <p class='ocr_par' dir='ltr' id='par_1_24' title="bbox 2194 914 3787 989">
     <span class='ocr_line' id='line_1_24' title="bbox 2194 914 3787 989; baseline 0.002 -21"><span class='ocrx_word' id='word_1_155' title='bbox 2194 914 2393 982; x_wconf 82' lang='grc' dir='ltr'>ήσεσθε</span> <span class='ocrx_word' id='word_1_156' title='bbox 2446 914 2557 969; x_wconf 88' lang='grc' dir='ltr'><strong>τῶν</strong></span> <span class='ocrx_word' id='word_1_157' title='bbox 2613 916 2985 989; x_wconf 83' lang='grc' dir='ltr'><strong>πραγμάτων,</strong></span> <span class='ocrx_word' id='word_1_158' title='bbox 3028 916 3113 969; x_wconf 82' lang='grc' dir='ltr'>ὅτι</span> <span class='ocrx_word' id='word_1_159' title='bbox 3150 914 3320 980; x_wconf 77' lang='grc' dir='ltr'>θείοις</span> <span class='ocrx_word' id='word_1_160' title='bbox 3357 914 3787 987; x_wconf 81' lang='grc' dir='ltr'>διακονούμενος</span> 
     </span>
    </p>
   </div>
   <div class='ocr_carea' id='block_1_25' title="bbox 2193 999 3782 1078">
    <p class='ocr_par' dir='ltr' id='par_1_25' title="bbox 2193 999 3782 1078">
     <span class='ocr_line' id='line_1_25' title="bbox 2193 999 3782 1078; baseline 0.005 -24"><span class='ocrx_word' id='word_1_161' title='bbox 2193 999 2374 1072; x_wconf 90' lang='grc' dir='ltr'>λόγοις</span> <span class='ocrx_word' id='word_1_162' title='bbox 2426 1002 2633 1074; x_wconf 89' lang='grc' dir='ltr'>ταύτην</span> <span class='ocrx_word' id='word_1_163' title='bbox 2688 1004 2821 1074; x_wconf 85' lang='grc' dir='ltr'>ὑμῖν</span> <span class='ocrx_word' id='word_1_164' title='bbox 2848 1004 3255 1077; x_wconf 86' lang='grc' dir='ltr'>διεπόρθμευσσ</span> <span class='ocrx_word' id='word_1_165' title='bbox 3284 1003 3386 1076; x_wconf 78' lang='grc' dir='ltr'><strong>τὴν</strong></span> <span class='ocrx_word' id='word_1_166' title='bbox 3415 1006 3782 1078; x_wconf 73' lang='grc' dir='ltr'><strong>προφητείαν.</strong></span> 
     </span>
    </p>
   </div>
   <div class='ocr_carea' id='block_1_26' title="bbox 2271 1094 3779 1169">
    <p class='ocr_par' dir='ltr' id='par_1_26' title="bbox 2271 1094 3779 1169">
     <span class='ocr_line' id='line_1_26' title="bbox 2271 1094 3779 1169; baseline 0.003 -22"><span class='ocrx_word' id='word_1_167' title='bbox 2271 1113 2292 1147; x_wconf 80' lang='grc' dir='ltr'><strong>ι</strong></span> <span class='ocrx_word' id='word_1_168' title='bbox 2320 1101 2370 1148; x_wconf 85' lang='grc' dir='ltr'>ι’.</span> <span class='ocrx_word' id='word_1_169' title='bbox 2386 1095 2534 1149; x_wconf 91' lang='grc' dir='ltr'>Διότι</span> <span class='ocrx_word' id='word_1_170' title='bbox 2560 1096 2644 1159; x_wconf 88' lang='grc' dir='ltr'><strong>τίς</strong></span> <span class='ocrx_word' id='word_1_171' title='bbox 2668 1094 3022 1161; x_wconf 81' lang='grc' dir='ltr'>έξουδένωσεν</span> <span class='ocrx_word' id='word_1_172' title='bbox 3059 1096 3141 1160; x_wconf 84' lang='grc' dir='ltr'><strong>είς</strong></span> <span class='ocrx_word' id='word_1_173' title='bbox 3162 1096 3375 1169; x_wconf 81' lang='grc' dir='ltr'>ἡμέρας</span> <span class='ocrx_word' id='word_1_174' title='bbox 3407 1097 3625 1169; x_wconf 88' lang='grc' dir='ltr'>μακράς</span> <span class='ocrx_word' id='word_1_175' title='bbox 3647 1098 3729 1167; x_wconf 79' lang='lat'><strong>“;</strong></span> <span class='ocrx_word' id='word_1_176' title='bbox 3754 1117 3779 1152; x_wconf 69' lang='grc' dir='ltr'><strong>ι</strong></span> 
     </span>
    </p>
   </div>
   <div class='ocr_carea' id='block_1_27' title="bbox 2198 1185 3787 1260">
    <p class='ocr_par' dir='ltr' id='par_1_27' title="bbox 2198 1185 3787 1260">
     <span class='ocr_line' id='line_1_27' title="bbox 2198 1185 3787 1260; baseline 0.003 -21"><span class='ocrx_word' id='word_1_177' title='bbox 2198 1186 2385 1239; x_wconf 82' lang='grc' dir='ltr'>Ἐοικε</span> <span class='ocrx_word' id='word_1_178' title='bbox 2409 1185 2567 1239; x_wconf 92' lang='grc' dir='ltr'>τοῦτο</span> <span class='ocrx_word' id='word_1_179' title='bbox 2609 1187 2724 1250; x_wconf 79' lang='grc' dir='ltr'>τοῖς</span> <span class='ocrx_word' id='word_1_180' title='bbox 2768 1187 2827 1241; x_wconf 80' lang='grc' dir='ltr'><strong>έν</strong></span> <span class='ocrx_word' id='word_1_181' title='bbox 2881 1185 2961 1258; x_wconf 81' lang='grc' dir='ltr'><strong>τῷ</strong></span> <span class='ocrx_word' id='word_1_182' title='bbox 3013 1186 3424 1258; x_wconf 79' lang='grc' dir='ltr'>Δευτερονομίῳ</span> <span class='ocrx_word' id='word_1_183' title='bbox 3458 1187 3787 1260; x_wconf 81' lang='grc' dir='ltr'>φερομένοις</span> 
     </span>
    </p>
   </div>
   <div class='ocr_carea' id='block_1_28' title="bbox 2194 1275 3779 1353">
    <p class='ocr_par' dir='ltr' id='par_1_28' title="bbox 2194 1275 3779 1353">
     <span class='ocr_line' id='line_1_28' title="bbox 2194 1275 3779 1353; baseline 0.001 -23"><span class='ocrx_word' id='word_1_184' title='bbox 2194 1275 2285 1331; x_wconf 90' lang='grc' dir='ltr'><strong>τοῦ</strong></span> <span class='ocrx_word' id='word_1_185' title='bbox 2322 1276 2459 1330; x_wconf 85' lang='grc' dir='ltr'>Θεοῦ</span> <span class='ocrx_word' id='word_1_186' title='bbox 2477 1277 2660 1345; x_wconf 89' lang='grc' dir='ltr'>λόγοις</span> <span class='ocrx_word' id='word_1_187' title='bbox 2679 1293 2693 1307; x_wconf 76' lang='grc' dir='ltr'><strong>ο</strong></span> <span class='ocrx_word' id='word_1_188' title='bbox 2718 1294 2739 1330; x_wconf 79' lang='grc' dir='ltr'><strong>ι</strong></span> <span class='ocrx_word' id='word_1_189' title='bbox 2761 1276 2906 1346; x_wconf 84' lang='grc' dir='ltr'>Ἐγὼ</span> <span class='ocrx_word' id='word_1_190' title='bbox 2929 1277 3243 1343; x_wconf 75' lang='grc' dir='ltr'>ἀποκτενῶ,</span> <span class='ocrx_word' id='word_1_191' title='bbox 3268 1278 3365 1333; x_wconf 80' lang='grc' dir='ltr'>καὶ</span> <span class='ocrx_word' id='word_1_192' title='bbox 3389 1278 3494 1352; x_wconf 78' lang='grc' dir='ltr'>ζῇν</span> <span class='ocrx_word' id='word_1_193' title='bbox 3523 1282 3740 1353; x_wconf 75' lang='grc' dir='ltr'>ποιήσοι</span> <span class='ocrx_word' id='word_1_194' title='bbox 3758 1298 3779 1316; x_wconf 78' lang='grc' dir='ltr'><strong>ο</strong></span> 
     </span>
    </p>
   </div>
   <div class='ocr_carea' id='block_1_29' title="bbox 2195 1367 3877 1443">
    <p class='ocr_par' dir='ltr' id='par_1_29' title="bbox 2195 1367 3877 1443">
     <span class='ocr_line' id='line_1_29' title="bbox 2195 1367 3877 1443; baseline 0.006 -23"><span class='ocrx_word' id='word_1_195' title='bbox 2195 1367 2457 1435; x_wconf 80' lang='grc' dir='ltr'><strong>πατάξω,</strong></span> <span class='ocrx_word' id='word_1_196' title='bbox 2488 1368 2646 1438; x_wconf 83' lang='grc' dir='ltr'><strong>κάγὼ</strong></span> <span class='ocrx_word' id='word_1_197' title='bbox 2711 1369 2960 1440; x_wconf 76' lang='grc' dir='ltr'>ἰάσομαι.</span> <span class='ocrx_word' id='word_1_198' title='bbox 2996 1389 3017 1423; x_wconf 72' lang='grc' dir='ltr'><strong>ι</strong></span> <span class='ocrx_word' id='word_1_199' title='bbox 3052 1369 3225 1424; x_wconf 88' lang='grc' dir='ltr'>Τοῦτο</span> <span class='ocrx_word' id='word_1_200' title='bbox 3256 1370 3370 1443; x_wconf 84' lang='grc' dir='ltr'><strong>γὰρ</strong></span> <span class='ocrx_word' id='word_1_201' title='bbox 3411 1372 3508 1427; x_wconf 76' lang='grc' dir='ltr'>καὶ</span> <span class='ocrx_word' id='word_1_202' title='bbox 3542 1372 3786 1429; x_wconf 70' lang='grc' dir='ltr'>ἐνταῦθα</span> <span class='ocrx_word' id='word_1_203' title='bbox 3874 1434 3877 1435; x_wconf 24' lang='grc' dir='ltr'><strong>ν</strong></span> 
     </span>
    </p>
   </div>
   <div class='ocr_carea' id='block_1_30' title="bbox 2194 1459 3786 1537">
    <p class='ocr_par' dir='ltr' id='par_1_30' title="bbox 2194 1459 3786 1537">
     <span class='ocr_line' id='line_1_30' title="bbox 2194 1459 3786 1537; baseline 0.004 -24"><span class='ocrx_word' id='word_1_204' title='bbox 2194 1460 2364 1531; x_wconf 81' lang='grc' dir='ltr'>δηλοῖ,</span> <span class='ocrx_word' id='word_1_205' title='bbox 2397 1461 2481 1514; x_wconf 83' lang='grc' dir='ltr'>ὅτι</span> <span class='ocrx_word' id='word_1_206' title='bbox 2522 1460 2781 1534; x_wconf 89' lang='grc' dir='ltr'>καθάπερ</span> <span class='ocrx_word' id='word_1_207' title='bbox 2813 1459 3144 1525; x_wconf 75' lang='grc' dir='ltr'>ὲξουδένωσα</span> <span class='ocrx_word' id='word_1_208' title='bbox 3174 1462 3274 1533; x_wconf 76' lang='grc' dir='ltr'><strong>τὴν</strong></span> <span class='ocrx_word' id='word_1_209' title='bbox 3313 1462 3667 1537; x_wconf 73' lang='grc' dir='ltr'>Ἰερουσαλὴμ</span> <span class='ocrx_word' id='word_1_210' title='bbox 3700 1467 3786 1531; x_wconf 85' lang='grc' dir='ltr'><strong>είς</strong></span> 
     </span>
    </p>
   </div>
   <div class='ocr_carea' id='block_1_31' title="bbox 2194 1551 3788 1629">
    <p class='ocr_par' dir='ltr' id='par_1_31' title="bbox 2194 1551 3788 1629">
     <span class='ocr_line' id='line_1_31' title="bbox 2194 1551 3788 1629; baseline 0.005 -25"><span class='ocrx_word' id='word_1_211' title='bbox 2194 1552 2411 1622; x_wconf 81' lang='grc' dir='ltr'>ἡμέρας</span> <span class='ocrx_word' id='word_1_212' title='bbox 2466 1551 2707 1624; x_wconf 83' lang='grc' dir='ltr'>μακρὰς,</span> <span class='ocrx_word' id='word_1_213' title='bbox 2767 1554 2864 1608; x_wconf 70' lang='grc' dir='ltr'>καὶ</span> <span class='ocrx_word' id='word_1_214' title='bbox 2913 1552 3293 1626; x_wconf 80' lang='grc' dir='ltr'>ἐϐδομήκοντα</span> <span class='ocrx_word' id='word_1_215' title='bbox 3351 1554 3493 1609; x_wconf 78' lang='grc' dir='ltr'>ἑτῶν</span> <span class='ocrx_word' id='word_1_216' title='bbox 3543 1557 3788 1629; x_wconf 68' lang='grc' dir='ltr'>ἐρημίαν</span> 
     </span>
    </p>
   </div>
   <div class='ocr_carea' id='block_1_32' title="bbox 2194 1644 3790 1720">
    <p class='ocr_par' dir='ltr' id='par_1_32' title="bbox 2194 1644 3790 1720">
     <span class='ocr_line' id='line_1_32' title="bbox 2194 1644 3790 1720; baseline 0.003 -21"><span class='ocrx_word' id='word_1_217' title='bbox 2194 1644 2665 1716; x_wconf 81' lang='grc' dir='ltr'>κατεψηφισάμην</span> <span class='ocrx_word' id='word_1_218' title='bbox 2719 1645 2925 1716; x_wconf 83' lang='grc' dir='ltr'>αὐτῆς·</span> <span class='ocrx_word' id='word_1_219' title='bbox 2979 1646 3125 1701; x_wconf 79' lang='grc' dir='ltr'>οὕτω</span> <span class='ocrx_word' id='word_1_220' title='bbox 3173 1663 3268 1717; x_wconf 89' lang='grc' dir='ltr'><strong>μοι</strong></span> <span class='ocrx_word' id='word_1_221' title='bbox 3324 1646 3508 1719; x_wconf 78' lang='grc' dir='ltr'>ῥᾴδιον</span> <span class='ocrx_word' id='word_1_222' title='bbox 3555 1649 3636 1714; x_wconf 85' lang='grc' dir='ltr'><strong>είς</strong></span> <span class='ocrx_word' id='word_1_223' title='bbox 3681 1650 3790 1720; x_wconf 75' lang='grc' dir='ltr'>τὴν</span> 
     </span>
    </p>
   </div>
   <div class='ocr_carea' id='block_1_33' title="bbox 2196 1734 3790 1810">
    <p class='ocr_par' dir='ltr' id='par_1_33' title="bbox 2196 1734 3790 1810">
     <span class='ocr_line' id='line_1_33' title="bbox 2196 1734 3790 1810; baseline 0.006 -22"><span class='ocrx_word' id='word_1_224' title='bbox 2196 1735 2474 1807; x_wconf 84' lang='grc' dir='ltr'>προτέραν</span> <span class='ocrx_word' id='word_1_225' title='bbox 2495 1735 2664 1808; x_wconf 79' lang='grc' dir='ltr'>αὐτὴν</span> <span class='ocrx_word' id='word_1_226' title='bbox 2693 1734 3065 1807; x_wconf 61' lang='grc' dir='ltr'>ὲπῶναγαγεῖν</span> <span class='ocrx_word' id='word_1_227' title='bbox 3087 1736 3415 1810; x_wconf 81' lang='grc' dir='ltr'>εὐπραξίαν.</span> <span class='ocrx_word' id='word_1_228' title='bbox 3437 1739 3503 1793; x_wconf 82' lang='grc' dir='ltr'>υί</span> <span class='ocrx_word' id='word_1_229' title='bbox 3523 1738 3582 1793; x_wconf 70' lang='grc' dir='ltr'>δὲ</span> <span class='ocrx_word' id='word_1_230' title='bbox 3609 1739 3790 1798; x_wconf 88' lang='grc' dir='ltr'>ταῦτα</span> 
     </span>
    </p>
   </div>
   <div class='ocr_carea' id='block_1_34' title="bbox 517 1804 2102 1899">
    <p class='ocr_par' dir='ltr' id='par_1_34' title="bbox 517 1804 2095 1892">
     <span class='ocr_line' id='line_1_34' title="bbox 517 1804 2095 1892; baseline -0.006 -7"><span class='ocrx_word' id='word_1_231' title='bbox 517 1841 626 1888; x_wconf 90' lang='lat' dir='ltr'><strong>tem</strong></span> <span class='ocrx_word' id='word_1_232' title='bbox 681 1831 797 1886; x_wconf 71' lang='lat' dir='ltr'><strong>haec</strong></span> <span class='ocrx_word' id='word_1_233' title='bbox 855 1804 1143 1892; x_wconf 85' lang='lat' dir='ltr'><strong>videbunt,</strong></span> <span class='ocrx_word' id='word_1_234' title='bbox 1204 1844 1223 1879; x_wconf 81' lang='grc' dir='ltr'><strong>ι</strong></span> <span class='ocrx_word' id='word_1_235' title='bbox 1273 1825 1666 1888; x_wconf 66' lang='grc' dir='ltr'>ιωιοῢιιιιιυν,</span> <span class='ocrx_word' id='word_1_236' title='bbox 1724 1826 1780 1879; x_wconf 81' lang='lat' dir='ltr'><strong>et</strong></span> <span class='ocrx_word' id='word_1_237' title='bbox 1830 1822 2095 1878; x_wconf 88' lang='lat' dir='ltr'><strong>videbunt</strong></span> 
     </span>
    </p>
   </div>
   <div class='ocr_carea' id='block_1_35' title="bbox 2200 1804 3791 1899">
    <p class='ocr_par' dir='ltr' id='par_1_35' title="bbox 2200 1804 3791 1899">
     <span class='ocr_line' id='line_1_35' title="bbox 2200 1804 3791 1899; baseline 0.005 -20"><span class='ocrx_word' id='word_1_238' title='bbox 2200 1804 2434 1898; x_wconf 78' lang='grc' dir='ltr'>ὁρῶντες</span> <span class='ocrx_word' id='word_1_239' title='bbox 2456 1844 2479 1878; x_wconf 74' lang='grc' dir='ltr'><strong>ε</strong></span> <span class='ocrx_word' id='word_1_240' title='bbox 2514 1804 2893 1899; x_wconf 77' lang='grc' dir='ltr'>Χαρήσονται,</span> <span class='ocrx_word' id='word_1_241' title='bbox 2937 1804 3036 1883; x_wconf 74' lang='grc' dir='ltr'>καὶ</span> <span class='ocrx_word' id='word_1_242' title='bbox 3082 1804 3309 1898; x_wconf 74' lang='grc' dir='ltr'>ὄψονται</span> <span class='ocrx_word' id='word_1_243' title='bbox 3359 1828 3455 1883; x_wconf 77' lang='grc' dir='ltr'>τὸν</span> <span class='ocrx_word' id='word_1_244' title='bbox 3498 1828 3650 1884; x_wconf 86' lang='grc' dir='ltr'>λίθον</span> <span class='ocrx_word' id='word_1_245' title='bbox 3691 1830 3791 1887; x_wconf 74' lang='grc' dir='ltr'><strong>τὸν</strong></span> 
     </span>
    </p>
   </div>
   <div class='ocr_carea' id='block_1_36' title="bbox 515 1915 2096 1999">
    <p class='ocr_par' dir='ltr' id='par_1_36' title="bbox 515 1915 2096 1999">
     <span class='ocr_line' id='line_1_36' title="bbox 515 1915 2096 1999; baseline -0.008 -16"><span class='ocrx_word' id='word_1_246' title='bbox 515 1926 757 1999; x_wconf 88' lang='lat' dir='ltr'><strong>lapidem</strong></span> <span class='ocrx_word' id='word_1_247' title='bbox 804 1932 1099 1981; x_wconf 87' lang='lat' dir='ltr'><strong>stanneum</strong></span> <span class='ocrx_word' id='word_1_248' title='bbox 1139 1922 1194 1976; x_wconf 91' lang='lat' dir='ltr'><strong>in</strong></span> <span class='ocrx_word' id='word_1_249' title='bbox 1232 1936 1405 1976; x_wconf 91' lang='lat' dir='ltr'><strong>manu</strong></span> <span class='ocrx_word' id='word_1_250' title='bbox 1453 1917 1835 1974; x_wconf 88' lang='lat' dir='ltr'><strong>Zorobabelis.</strong></span> <span class='ocrx_word' id='word_1_251' title='bbox 1866 1935 1885 1969; x_wconf 78' lang='grc' dir='ltr'><strong>ι</strong></span> <span class='ocrx_word' id='word_1_252' title='bbox 1920 1915 2096 1986; x_wconf 82' lang='lat' dir='ltr'><strong>Expe-</strong></span> 
     </span>
    </p>
   </div>
   <div class='ocr_carea' id='block_1_37' title="bbox 516 2007 2097 2087">
    <p class='ocr_par' dir='ltr' id='par_1_37' title="bbox 516 2007 2097 2087">
     <span class='ocr_line' id='line_1_37' title="bbox 516 2007 2097 2087; baseline -0.008 -12"><span class='ocrx_word' id='word_1_253' title='bbox 516 2021 776 2084; x_wconf 88' lang='lat' dir='ltr'><strong>rimento,</strong></span> <span class='ocrx_word' id='word_1_254' title='bbox 831 2017 1039 2087; x_wconf 90' lang='lat' dir='ltr'><strong>inquit,</strong></span> <span class='ocrx_word' id='word_1_255' title='bbox 1078 2019 1420 2085; x_wconf 82' lang='lat' dir='ltr'><strong>cognoscent</strong></span> <span class='ocrx_word' id='word_1_256' title='bbox 1462 2009 1578 2067; x_wconf 88' lang='lat' dir='ltr'><strong>fore</strong></span> <span class='ocrx_word' id='word_1_257' title='bbox 1615 2018 1678 2085; x_wconf 84' lang='lat' dir='ltr'><strong>ut</strong></span> <span class='ocrx_word' id='word_1_258' title='bbox 1712 2010 1808 2081; x_wconf 89' lang='lat' dir='ltr'><strong>qui</strong></span> <span class='ocrx_word' id='word_1_259' title='bbox 1838 2024 1987 2065; x_wconf 87' lang='lat' dir='ltr'><strong>nunc</strong></span> <span class='ocrx_word' id='word_1_260' title='bbox 2025 2007 2097 2063; x_wconf 84' lang='lat' dir='ltr'><strong>ab</strong></span> 
     </span>
    </p>
   </div>
   <div class='ocr_carea' id='block_1_38' title="bbox 517 2100 2096 2176">
    <p class='ocr_par' dir='ltr' id='par_1_38' title="bbox 517 2100 2096 2176">
     <span class='ocr_line' id='line_1_38' title="bbox 517 2100 2096 2176; baseline -0.009 -7"><span class='ocrx_word' id='word_1_261' title='bbox 517 2114 604 2169; x_wconf 88' lang='lat' dir='ltr'><strong>eis</strong></span> <span class='ocrx_word' id='word_1_262' title='bbox 646 2111 1019 2166; x_wconf 89' lang='lat' dir='ltr'><strong>contemnitur</strong></span> <span class='ocrx_word' id='word_1_263' title='bbox 1073 2106 1240 2174; x_wconf 71' lang='lat' dir='ltr'><strong>Deus,</strong></span> <span class='ocrx_word' id='word_1_264' title='bbox 1289 2107 1409 2176; x_wconf 89' lang='lat' dir='ltr'><strong>ipse</strong></span> <span class='ocrx_word' id='word_1_265' title='bbox 1443 2120 1541 2175; x_wconf 91' lang='lat' dir='ltr'><strong>per</strong></span> <span class='ocrx_word' id='word_1_266' title='bbox 1574 2102 1973 2159; x_wconf 86' lang='lat' dir='ltr'><strong>Zorobabelem</strong></span> <span class='ocrx_word' id='word_1_267' title='bbox 2009 2100 2096 2156; x_wconf 91' lang='lat' dir='ltr'><strong>vi-</strong></span> 
     </span>
    </p>
   </div>
   <div class='ocr_carea' id='block_1_39' title="bbox 517 2196 2097 2274">
    <p class='ocr_par' dir='ltr' id='par_1_39' title="bbox 517 2196 2097 2274">
     <span class='ocr_line' id='line_1_39' title="bbox 517 2196 2097 2274; baseline -0.008 -12"><span class='ocrx_word' id='word_1_268' title='bbox 517 2205 749 2262; x_wconf 91' lang='lat' dir='ltr'><strong>ctoriam</strong></span> <span class='ocrx_word' id='word_1_269' title='bbox 783 2201 992 2274; x_wconf 78' lang='lat'><strong>1615</strong></span> <span class='ocrx_word' id='word_1_270' title='bbox 1026 2200 1252 2257; x_wconf 80' lang='lat' dir='ltr'><strong>referat.</strong></span> <span class='ocrx_word' id='word_1_271' title='bbox 1284 2197 1553 2254; x_wconf 81' lang='lat' dir='ltr'><strong>Stanuum</strong></span> <span class='ocrx_word' id='word_1_272' title='bbox 1601 2198 1750 2253; x_wconf 92' lang='lat' dir='ltr'><strong>enim</strong></span> <span class='ocrx_word' id='word_1_273' title='bbox 1802 2197 1912 2252; x_wconf 83' lang='lat' dir='ltr'><strong>hoc</strong></span> <span class='ocrx_word' id='word_1_274' title='bbox 1972 2196 2097 2250; x_wconf 86' lang='lat' dir='ltr'><strong>loco</strong></span> 
     </span>
    </p>
   </div>
   <div class='ocr_carea' id='block_1_40' title="bbox 517 2286 2095 2363">
    <p class='ocr_par' dir='ltr' id='par_1_40' title="bbox 517 2286 2095 2363">
     <span class='ocr_line' id='line_1_40' title="bbox 517 2286 2095 2363; baseline -0.005 -16"><span class='ocrx_word' id='word_1_275' title='bbox 517 2300 746 2363; x_wconf 90' lang='lat' dir='ltr'><strong>propter</strong></span> <span class='ocrx_word' id='word_1_276' title='bbox 801 2290 1070 2345; x_wconf 85' lang='lat' dir='ltr'><strong>vilitatem</strong></span> <span class='ocrx_word' id='word_1_277' title='bbox 1144 2287 1353 2358; x_wconf 91' lang='lat' dir='ltr'><strong>posuit.</strong></span> <span class='ocrx_word' id='word_1_278' title='bbox 1413 2286 1571 2353; x_wconf 85' lang='lat' dir='ltr'><strong>Quod</strong></span> <span class='ocrx_word' id='word_1_279' title='bbox 1638 2287 1786 2341; x_wconf 92' lang='lat' dir='ltr'><strong>enim</strong></span> <span class='ocrx_word' id='word_1_280' title='bbox 1846 2286 2095 2341; x_wconf 85' lang='lat' dir='ltr'><strong>divinum</strong></span> 
     </span>
    </p>
   </div>
   <div class='ocr_carea' id='block_1_41' title="bbox 518 2376 2097 2453">
    <p class='ocr_par' dir='ltr' id='par_1_41' title="bbox 518 2376 2097 2453">
     <span class='ocr_line' id='line_1_41' title="bbox 518 2376 2097 2453; baseline -0.008 -12"><span class='ocrx_word' id='word_1_281' title='bbox 518 2386 684 2441; x_wconf 86' lang='lat' dir='ltr'><strong>etiam</strong></span> <span class='ocrx_word' id='word_1_282' title='bbox 720 2383 981 2453; x_wconf 89' lang='lat' dir='ltr'><strong>templum</strong></span> <span class='ocrx_word' id='word_1_283' title='bbox 1028 2380 1410 2451; x_wconf 79' lang='lat' dir='ltr'><strong>deﬂagrasset,</strong></span> <span class='ocrx_word' id='word_1_284' title='bbox 1439 2386 1494 2434; x_wconf 93' lang='lat' dir='ltr'><strong>et</strong></span> <span class='ocrx_word' id='word_1_285' title='bbox 1536 2379 1774 2450; x_wconf 89' lang='lat' dir='ltr'><strong>populus</strong></span> <span class='ocrx_word' id='word_1_286' title='bbox 1810 2377 1864 2433; x_wconf 89' lang='lat' dir='ltr'><strong>in</strong></span> <span class='ocrx_word' id='word_1_287' title='bbox 1919 2376 2097 2432; x_wconf 78' lang='lat' dir='ltr'><strong>servi-</strong></span> 
     </span>
    </p>
   </div>
   <div class='ocr_carea' id='block_1_42' title="bbox 521 2468 2093 2542">
    <p class='ocr_par' dir='ltr' id='par_1_42' title="bbox 521 2468 2093 2542">
     <span class='ocr_line' id='line_1_42' title="bbox 521 2468 2093 2542; baseline -0.006 -9"><span class='ocrx_word' id='word_1_288' title='bbox 521 2485 688 2534; x_wconf 89' lang='lat' dir='ltr'><strong>tutem</strong></span> <span class='ocrx_word' id='word_1_289' title='bbox 708 2475 981 2532; x_wconf 88' lang='lat' dir='ltr'><strong>abductus</strong></span> <span class='ocrx_word' id='word_1_290' title='bbox 1015 2473 1237 2535; x_wconf 85' lang='lat' dir='ltr'><strong>fuisset,</strong></span> <span class='ocrx_word' id='word_1_291' title='bbox 1265 2478 1432 2542; x_wconf 91' lang='lat' dir='ltr'><strong>atque</strong></span> <span class='ocrx_word' id='word_1_292' title='bbox 1457 2472 1591 2526; x_wconf 88' lang='lat' dir='ltr'><strong>urbs</strong></span> <span class='ocrx_word' id='word_1_293' title='bbox 1615 2477 1830 2525; x_wconf 87' lang='lat' dir='ltr'><strong>vastata</strong></span> <span class='ocrx_word' id='word_1_294' title='bbox 1858 2468 2093 2524; x_wconf 78' lang='lat' dir='ltr'><strong>fuisset:</strong></span> 
     </span>
    </p>
   </div>
   <div class='ocr_carea' id='block_1_43' title="bbox 518 2556 2099 2632">
    <p class='ocr_par' dir='ltr' id='par_1_43' title="bbox 518 2556 2099 2632">
     <span class='ocr_line' id='line_1_43' title="bbox 518 2556 2099 2632; baseline -0.009 -7"><span class='ocrx_word' id='word_1_295' title='bbox 518 2576 574 2625; x_wconf 90' lang='lat' dir='ltr'><strong>et</strong></span> <span class='ocrx_word' id='word_1_296' title='bbox 609 2568 1015 2623; x_wconf 84' lang='lat' dir='ltr'><strong>arbitrarentur</strong></span> <span class='ocrx_word' id='word_1_297' title='bbox 1055 2578 1270 2628; x_wconf 89' lang='lat' dir='ltr'><strong>omnes,</strong></span> <span class='ocrx_word' id='word_1_298' title='bbox 1319 2577 1430 2616; x_wconf 91' lang='lat' dir='ltr'><strong>non</strong></span> <span class='ocrx_word' id='word_1_299' title='bbox 1482 2568 1709 2632; x_wconf 83' lang='lat' dir='ltr'><strong>propter</strong></span> <span class='ocrx_word' id='word_1_300' title='bbox 1741 2558 1935 2629; x_wconf 88' lang='lat' dir='ltr'><strong>populi</strong></span> <span class='ocrx_word' id='word_1_301' title='bbox 1987 2556 2099 2612; x_wconf 91' lang='lat' dir='ltr'><strong>ini-</strong></span> 
     </span>
    </p>
   </div>
   <div class='ocr_carea' id='block_1_44' title="bbox 519 2648 2097 2730">
    <p class='ocr_par' dir='ltr' id='par_1_44' title="bbox 519 2648 2097 2730">
     <span class='ocr_line' id='line_1_44' title="bbox 519 2648 2097 2730; baseline -0.008 -16"><span class='ocrx_word' id='word_1_302' title='bbox 519 2659 808 2730; x_wconf 84' lang='lat' dir='ltr'><strong>quitatem,</strong></span> <span class='ocrx_word' id='word_1_303' title='bbox 844 2655 941 2712; x_wconf 87' lang='lat' dir='ltr'><strong>sed</strong></span> <span class='ocrx_word' id='word_1_304' title='bbox 978 2663 1205 2727; x_wconf 91' lang='lat' dir='ltr'><strong>propter</strong></span> <span class='ocrx_word' id='word_1_305' title='bbox 1237 2652 1331 2709; x_wconf 90' lang='lat' dir='ltr'><strong>Dei</strong></span> <span class='ocrx_word' id='word_1_306' title='bbox 1365 2653 1432 2707; x_wconf 88' lang='lat' dir='ltr'><strong>ab</strong></span> <span class='ocrx_word' id='word_1_307' title='bbox 1458 2666 1527 2707; x_wconf 90' lang='lat' dir='ltr'><strong>eo</strong></span> <span class='ocrx_word' id='word_1_308' title='bbox 1561 2651 1696 2706; x_wconf 91' lang='lat' dir='ltr'><strong>culti</strong></span> <span class='ocrx_word' id='word_1_309' title='bbox 1719 2648 2097 2704; x_wconf 85' lang='lat' dir='ltr'><strong>infirmitatem</strong></span> 
     </span>
    </p>
   </div>
   <div class='ocr_carea' id='block_1_45' title="bbox 2198 1917 3789 1994">
    <p class='ocr_par' dir='ltr' id='par_1_45' title="bbox 2198 1917 3789 1994">
     <span class='ocr_line' id='line_1_45' title="bbox 2198 1917 3789 1994; baseline 0.004 -25"><span class='ocrx_word' id='word_1_310' title='bbox 2198 1917 2580 1988; x_wconf 89' lang='grc' dir='ltr'>κασσιτέρινον</span> <span class='ocrx_word' id='word_1_311' title='bbox 2609 1919 2670 1972; x_wconf 79' lang='grc' dir='ltr'>ἐν</span> <span class='ocrx_word' id='word_1_312' title='bbox 2692 1921 2841 1989; x_wconf 76' lang='grc' dir='ltr'>χειρὶ</span> <span class='ocrx_word' id='word_1_313' title='bbox 2872 1918 3201 1990; x_wconf 84' lang='grc' dir='ltr'>Ζοροϐάϐελ.</span> <span class='ocrx_word' id='word_1_314' title='bbox 3227 1939 3247 1972; x_wconf 74' lang='grc' dir='ltr'><strong>ι</strong></span> <span class='ocrx_word' id='word_1_315' title='bbox 3280 1919 3789 1994; x_wconf 78' lang='grc' dir='ltr'>Γνώσονται,φησὶ,</span> 
     </span>
    </p>
   </div>
   <div class='ocr_carea' id='block_1_46' title="bbox 2195 2007 3793 2085">
    <p class='ocr_par' dir='ltr' id='par_1_46' title="bbox 2195 2007 3793 2085">
     <span class='ocr_line' id='line_1_46' title="bbox 2195 2007 3793 2085; baseline 0.004 -24"><span class='ocrx_word' id='word_1_316' title='bbox 2195 2007 2286 2077; x_wconf 81' lang='grc' dir='ltr'><strong>διὰ</strong></span> <span class='ocrx_word' id='word_1_317' title='bbox 2325 2008 2427 2079; x_wconf 83' lang='grc' dir='ltr'>τῆς</span> <span class='ocrx_word' id='word_1_318' title='bbox 2481 2008 2700 2081; x_wconf 83' lang='grc' dir='ltr'>πείρας,</span> <span class='ocrx_word' id='word_1_319' title='bbox 2731 2010 2808 2074; x_wconf 81' lang='grc' dir='ltr'>ὡς</span> <span class='ocrx_word' id='word_1_320' title='bbox 2841 2010 2871 2063; x_wconf 82' lang='grc' dir='ltr'>ὁ</span> <span class='ocrx_word' id='word_1_321' title='bbox 2899 2009 2998 2064; x_wconf 92' lang='grc' dir='ltr'><strong>νῦν</strong></span> <span class='ocrx_word' id='word_1_322' title='bbox 3039 2011 3172 2082; x_wconf 90' lang='grc' dir='ltr'>παρ’</span> <span class='ocrx_word' id='word_1_323' title='bbox 3202 2012 3385 2066; x_wconf 83' lang='grc' dir='ltr'>αὐτῶν</span> <span class='ocrx_word' id='word_1_324' title='bbox 3414 2013 3793 2085; x_wconf 82' lang='grc' dir='ltr'>καταφρονού-</span> 
     </span>
    </p>
   </div>
   <div class='ocr_carea' id='block_1_47' title="bbox 2200 2099 3790 2175">
    <p class='ocr_par' dir='ltr' id='par_1_47' title="bbox 2200 2099 3790 2175">
     <span class='ocr_line' id='line_1_47' title="bbox 2200 2099 3790 2175; baseline 0.004 -23"><span class='ocrx_word' id='word_1_325' title='bbox 2200 2115 2365 2170; x_wconf 88' lang='grc' dir='ltr'>μενος</span> <span class='ocrx_word' id='word_1_326' title='bbox 2418 2099 2572 2165; x_wconf 83' lang='grc' dir='ltr'>Θεὸς,</span> <span class='ocrx_word' id='word_1_327' title='bbox 2610 2100 2774 2165; x_wconf 80' lang='grc' dir='ltr'>αὐτὸς</span> <span class='ocrx_word' id='word_1_328' title='bbox 2815 2099 2905 2155; x_wconf 79' lang='grc' dir='ltr'>διὰ</span> <span class='ocrx_word' id='word_1_329' title='bbox 2944 2099 3040 2154; x_wconf 89' lang='grc' dir='ltr'><strong>τοῦ</strong></span> <span class='ocrx_word' id='word_1_330' title='bbox 3084 2101 3393 2173; x_wconf 88' lang='grc' dir='ltr'>Ζοροϐάϐελ</span> <span class='ocrx_word' id='word_1_331' title='bbox 3448 2103 3790 2175; x_wconf 76' lang='grc' dir='ltr'>κατορθώσει</span> 
     </span>
    </p>
   </div>
   <div class='ocr_carea' id='block_1_48' title="bbox 2195 2189 3791 2263">
    <p class='ocr_par' dir='ltr' id='par_1_48' title="bbox 2195 2189 3791 2263">
     <span class='ocr_line' id='line_1_48' title="bbox 2195 2189 3791 2263; baseline 0.003 -20"><span class='ocrx_word' id='word_1_332' title='bbox 2195 2189 2296 2261; x_wconf 81' lang='grc' dir='ltr'>τὴν</span> <span class='ocrx_word' id='word_1_333' title='bbox 2326 2192 2508 2262; x_wconf 87' lang='grc' dir='ltr'>νίκην.</span> <span class='ocrx_word' id='word_1_334' title='bbox 2545 2190 2652 2246; x_wconf 84' lang='grc' dir='ltr'><strong>Τὸν</strong></span> <span class='ocrx_word' id='word_1_335' title='bbox 2684 2190 2795 2263; x_wconf 84' lang='grc' dir='ltr'>γὰρ</span> <span class='ocrx_word' id='word_1_336' title='bbox 2845 2192 3212 2260; x_wconf 78' lang='grc' dir='ltr'>κασσίτερον</span> <span class='ocrx_word' id='word_1_337' title='bbox 3264 2192 3354 2247; x_wconf 72' lang='grc' dir='ltr'><strong>ἐπ’</strong></span> <span class='ocrx_word' id='word_1_338' title='bbox 3382 2193 3661 2256; x_wconf 74' lang='grc' dir='ltr'>εὐτελείας</span> <span class='ocrx_word' id='word_1_339' title='bbox 3699 2196 3791 2248; x_wconf 75' lang='grc' dir='ltr'>έν-</span> 
     </span>
    </p>
   </div>
   <div class='ocr_carea' id='block_1_49' title="bbox 2196 2283 3791 2358">
    <p class='ocr_par' dir='ltr' id='par_1_49' title="bbox 2196 2283 3791 2358">
     <span class='ocr_line' id='line_1_49' title="bbox 2196 2283 3791 2358; baseline -0.001 -18"><span class='ocrx_word' id='word_1_340' title='bbox 2196 2283 2373 2340; x_wconf 91' lang='grc' dir='ltr'>ταῦθα</span> <span class='ocrx_word' id='word_1_341' title='bbox 2431 2283 2700 2339; x_wconf 83' lang='grc' dir='ltr'>τέθεικεν.</span> <span class='ocrx_word' id='word_1_342' title='bbox 2751 2284 2975 2357; x_wconf 78' lang='grc' dir='ltr'>Ἐπειδὴ</span> <span class='ocrx_word' id='word_1_343' title='bbox 3006 2285 3117 2356; x_wconf 80' lang='grc' dir='ltr'>γὰρ</span> <span class='ocrx_word' id='word_1_344' title='bbox 3144 2284 3239 2339; x_wconf 80' lang='grc' dir='ltr'>καὶ</span> <span class='ocrx_word' id='word_1_345' title='bbox 3273 2287 3302 2340; x_wconf 85' lang='grc' dir='ltr'><strong>ὁ</strong></span> <span class='ocrx_word' id='word_1_346' title='bbox 3341 2286 3488 2350; x_wconf 82' lang='grc' dir='ltr'>θεῖος</span> <span class='ocrx_word' id='word_1_347' title='bbox 3515 2284 3652 2351; x_wconf 84' lang='grc' dir='ltr'>νεὼς</span> <span class='ocrx_word' id='word_1_348' title='bbox 3683 2287 3791 2358; x_wconf 72' lang='grc' dir='ltr'>εμ-</span> 
     </span>
    </p>
   </div>
   <div class='ocr_carea' id='block_1_50' title="bbox 2199 2375 3792 2450">
    <p class='ocr_par' dir='ltr' id='par_1_50' title="bbox 2199 2375 3792 2450">
     <span class='ocr_line' id='line_1_50' title="bbox 2199 2375 3792 2450; baseline 0.001 -19"><span class='ocrx_word' id='word_1_349' title='bbox 2199 2377 2511 2449; x_wconf 86' lang='grc' dir='ltr'>πέπρηστο,</span> <span class='ocrx_word' id='word_1_350' title='bbox 2535 2377 2633 2431; x_wconf 71' lang='grc' dir='ltr'>καὶ</span> <span class='ocrx_word' id='word_1_351' title='bbox 2668 2377 2699 2429; x_wconf 84' lang='grc' dir='ltr'><strong>ὁ</strong></span> <span class='ocrx_word' id='word_1_352' title='bbox 2742 2375 2874 2440; x_wconf 79' lang='grc' dir='ltr'>λαὸς</span> <span class='ocrx_word' id='word_1_353' title='bbox 2908 2377 3396 2449; x_wconf 73' lang='grc' dir='ltr'>ἐξηνδραπόδιστο,</span> <span class='ocrx_word' id='word_1_354' title='bbox 3426 2378 3523 2433; x_wconf 82' lang='grc' dir='ltr'>καὶ</span> <span class='ocrx_word' id='word_1_355' title='bbox 3552 2380 3587 2450; x_wconf 87' lang='grc' dir='ltr'><strong>ή</strong></span> <span class='ocrx_word' id='word_1_356' title='bbox 3632 2378 3792 2444; x_wconf 83' lang='grc' dir='ltr'>πόλις</span> 
     </span>
    </p>
   </div>
   <div class='ocr_carea' id='block_1_51' title="bbox 2194 2467 3792 2538">
    <p class='ocr_par' dir='ltr' id='par_1_51' title="bbox 2194 2467 3792 2538">
     <span class='ocr_line' id='line_1_51' title="bbox 2194 2467 3792 2538; baseline 0 -14"><span class='ocrx_word' id='word_1_357' title='bbox 2194 2469 2502 2532; x_wconf 84' lang='grc' dir='ltr'>ἀνάστατος</span> <span class='ocrx_word' id='word_1_358' title='bbox 2528 2468 2795 2538; x_wconf 72' lang='grc' dir='ltr'>ἐγεγόνει,</span> <span class='ocrx_word' id='word_1_359' title='bbox 2814 2467 3141 2523; x_wconf 80' lang='grc' dir='ltr'>ὑπώπτευον</span> <span class='ocrx_word' id='word_1_360' title='bbox 3169 2468 3227 2523; x_wconf 76' lang='grc' dir='ltr'>δὲ</span> <span class='ocrx_word' id='word_1_361' title='bbox 3255 2470 3521 2535; x_wconf 82' lang='grc' dir='ltr'>ἅπαντες,</span> <span class='ocrx_word' id='word_1_362' title='bbox 3553 2470 3617 2524; x_wconf 87' lang='grc' dir='ltr'><strong>ού</strong></span> <span class='ocrx_word' id='word_1_363' title='bbox 3644 2469 3792 2524; x_wconf 65' lang='grc' dir='ltr'>διάη</span> 
     </span>
    </p>
   </div>
   <div class='ocr_carea' id='block_1_52' title="bbox 2198 2558 3793 2634">
    <p class='ocr_par' dir='ltr' id='par_1_52' title="bbox 2198 2558 3793 2634">
     <span class='ocr_line' id='line_1_52' title="bbox 2198 2558 3793 2634; baseline 0.002 -20"><span class='ocrx_word' id='word_1_364' title='bbox 2198 2560 2299 2632; x_wconf 84' lang='grc' dir='ltr'>τὴν</span> <span class='ocrx_word' id='word_1_365' title='bbox 2328 2558 2421 2614; x_wconf 90' lang='grc' dir='ltr'><strong>τοῦ</strong></span> <span class='ocrx_word' id='word_1_366' title='bbox 2458 2559 2591 2614; x_wconf 90' lang='grc' dir='ltr'>λαοῦ</span> <span class='ocrx_word' id='word_1_367' title='bbox 2641 2559 3032 2632; x_wconf 85' lang='grc' dir='ltr'>παρανομίαν,</span> <span class='ocrx_word' id='word_1_368' title='bbox 3071 2559 3210 2616; x_wconf 81' lang='grc' dir='ltr'>ἀλλὰ</span> <span class='ocrx_word' id='word_1_369' title='bbox 3235 2560 3326 2615; x_wconf 77' lang='grc' dir='ltr'><strong>διὰ</strong></span> <span class='ocrx_word' id='word_1_370' title='bbox 3372 2560 3474 2634; x_wconf 84' lang='grc' dir='ltr'>τὴν</span> <span class='ocrx_word' id='word_1_371' title='bbox 3503 2561 3793 2618; x_wconf 80' lang='grc' dir='ltr'>ἀσθένειαν</span> 
     </span>
    </p>
   </div>
   <div class='ocr_carea' id='block_1_53' title="bbox 2199 2650 3796 2726">
    <p class='ocr_par' dir='ltr' id='par_1_53' title="bbox 2199 2650 3796 2726">
     <span class='ocr_line' id='line_1_53' title="bbox 2199 2650 3796 2726; baseline 0.001 -20"><span class='ocrx_word' id='word_1_372' title='bbox 2199 2651 2295 2706; x_wconf 77' lang='grc' dir='ltr'><strong>τοῦ</strong></span> <span class='ocrx_word' id='word_1_373' title='bbox 2322 2653 2453 2723; x_wconf 81' lang='grc' dir='ltr'>παρ’</span> <span class='ocrx_word' id='word_1_374' title='bbox 2484 2651 2666 2707; x_wconf 88' lang='grc' dir='ltr'>αὐτῶν</span> <span class='ocrx_word' id='word_1_375' title='bbox 2688 2650 3006 2724; x_wconf 75' lang='grc' dir='ltr'>τιμωμένου</span> <span class='ocrx_word' id='word_1_376' title='bbox 3040 2651 3199 2718; x_wconf 82' lang='grc' dir='ltr'>Θεοῦ,</span> <span class='ocrx_word' id='word_1_377' title='bbox 3229 2651 3408 2708; x_wconf 90' lang='grc' dir='ltr'>ταῦτα</span> <span class='ocrx_word' id='word_1_378' title='bbox 3436 2654 3617 2710; x_wconf 85' lang='grc' dir='ltr'>πάντα</span> <span class='ocrx_word' id='word_1_379' title='bbox 3653 2670 3796 2726; x_wconf 79' lang='grc' dir='ltr'>συμ-</span> 
     </span>
    </p>
   </div>
   <div class='ocr_carea' id='block_1_54' title="bbox 519 2740 2102 2813">
    <p class='ocr_par' dir='ltr' id='par_1_54' title="bbox 519 2741 2100 2812">
     <span class='ocr_line' id='line_1_54' title="bbox 519 2741 2100 2812; baseline -0.009 -5"><span class='ocrx_word' id='word_1_380' title='bbox 519 2754 637 2807; x_wconf 67' lang='lat' dir='ltr'><strong>lure</strong></span> <span class='ocrx_word' id='word_1_381' title='bbox 683 2750 866 2805; x_wconf 87' lang='lat' dir='ltr'><strong>omnia</strong></span> <span class='ocrx_word' id='word_1_382' title='bbox 945 2747 1254 2811; x_wconf 87' lang='lat' dir='ltr'><strong>accidisse;</strong></span> <span class='ocrx_word' id='word_1_383' title='bbox 1292 2743 1549 2812; x_wconf 83' lang='lat' dir='ltr'><strong>Lapidem</strong></span> <span class='ocrx_word' id='word_1_384' title='bbox 1605 2752 1890 2797; x_wconf 80' lang='lat' dir='ltr'><strong>stauneum</strong></span> <span class='ocrx_word' id='word_1_385' title='bbox 1944 2741 2100 2809; x_wconf 81' lang='lat' dir='ltr'><strong>juxta</strong></span> 
     </span>
    </p>
   </div>
   <div class='ocr_carea' id='block_1_55' title="bbox 2200 2740 3798 2813">
    <p class='ocr_par' dir='ltr' id='par_1_55' title="bbox 2200 2740 3798 2813">
     <span class='ocr_line' id='line_1_55' title="bbox 2200 2740 3798 2813; baseline 0.004 -19"><span class='ocrx_word' id='word_1_386' title='bbox 2200 2740 2383 2813; x_wconf 83' lang='grc' dir='ltr'>ϐῆναι,</span> <span class='ocrx_word' id='word_1_387' title='bbox 2412 2741 2561 2796; x_wconf 85' lang='grc' dir='ltr'>λίθον</span> <span class='ocrx_word' id='word_1_388' title='bbox 2584 2741 2960 2812; x_wconf 85' lang='grc' dir='ltr'>κασσιτέρινον</span> <span class='ocrx_word' id='word_1_389' title='bbox 2991 2742 3134 2798; x_wconf 79' lang='grc' dir='ltr'>κατὰ</span> <span class='ocrx_word' id='word_1_390' title='bbox 3160 2743 3261 2813; x_wconf 82' lang='grc' dir='ltr'>τὴν</span> <span class='ocrx_word' id='word_1_391' title='bbox 3282 2744 3509 2800; x_wconf 67' lang='grc' dir='ltr'>ἐκείνων</span> <span class='ocrx_word' id='word_1_392' title='bbox 3538 2743 3798 2800; x_wconf 78' lang='grc' dir='ltr'>ὑπόνοιαν</span> 
     </span>
    </p>
   </div>
   <div class='ocr_carea' id='block_1_56' title="bbox 516 2832 2096 2911">
    <p class='ocr_par' dir='ltr' id='par_1_56' title="bbox 516 2832 2096 2911">
     <span class='ocr_line' id='line_1_56' title="bbox 516 2832 2096 2911; baseline -0.009 -13"><span class='ocrx_word' id='word_1_393' title='bbox 516 2845 742 2900; x_wconf 84' lang='lat' dir='ltr'><strong>illorum</strong></span> <span class='ocrx_word' id='word_1_394' title='bbox 773 2841 1093 2911; x_wconf 87' lang='lat' dir='ltr'><strong>opinionem</strong></span> <span class='ocrx_word' id='word_1_395' title='bbox 1146 2836 1447 2907; x_wconf 82' lang='lat' dir='ltr'><strong>appellavit</strong></span> <span class='ocrx_word' id='word_1_396' title='bbox 1491 2835 1742 2891; x_wconf 90' lang='lat' dir='ltr'><strong>divinum</strong></span> <span class='ocrx_word' id='word_1_397' title='bbox 1783 2832 2096 2887; x_wconf 79' lang='lat' dir='ltr'><strong>auxilium:</strong></span> 
     </span>
    </p>
   </div>
   <div class='ocr_carea' id='block_1_57' title="bbox 521 2925 2104 3003">
    <p class='ocr_par' dir='ltr' id='par_1_57' title="bbox 521 2925 2104 3003">
     <span class='ocr_line' id='line_1_57' title="bbox 521 2925 2104 3003; baseline -0.008 -14"><span class='ocrx_word' id='word_1_398' title='bbox 521 2936 727 2990; x_wconf 89' lang='lat' dir='ltr'><strong>docens</strong></span> <span class='ocrx_word' id='word_1_399' title='bbox 779 2934 833 2988; x_wconf 90' lang='lat' dir='ltr'><strong>id</strong></span> <span class='ocrx_word' id='word_1_400' title='bbox 862 2931 1062 3003; x_wconf 89' lang='lat' dir='ltr'><strong>quoda</strong></span> <span class='ocrx_word' id='word_1_401' title='bbox 1098 2928 1465 3001; x_wconf 28' lang='lat' dir='ltr'><strong>perfidisrvile</strong></span> <span class='ocrx_word' id='word_1_402' title='bbox 1501 2927 1766 2998; x_wconf 86' lang='lat' dir='ltr'><strong>quiddam</strong></span> <span class='ocrx_word' id='word_1_403' title='bbox 1810 2925 2104 2981; x_wconf 80' lang='lat' dir='ltr'><strong>existima-</strong></span> 
     </span>
    </p>
   </div>
   <div class='ocr_carea' id='block_1_58' title="bbox 520 3016 2101 3093">
    <p class='ocr_par' dir='ltr' id='par_1_58' title="bbox 520 3016 2101 3093">
     <span class='ocr_line' id='line_1_58' title="bbox 520 3016 2101 3093; baseline -0.008 -11"><span class='ocrx_word' id='word_1_404' title='bbox 520 3038 636 3093; x_wconf 85' lang='lat' dir='ltr'><strong>tur,</strong></span> <span class='ocrx_word' id='word_1_405' title='bbox 667 3034 722 3081; x_wconf 88' lang='lat' dir='ltr'><strong>et</strong></span> <span class='ocrx_word' id='word_1_406' title='bbox 766 3024 1072 3087; x_wconf 82' lang='lat' dir='ltr'><strong>infirmum,</strong></span> <span class='ocrx_word' id='word_1_407' title='bbox 1110 3037 1208 3092; x_wconf 87' lang='lat' dir='ltr'><strong>per</strong></span> <span class='ocrx_word' id='word_1_408' title='bbox 1251 3035 1424 3075; x_wconf 88' lang='lat' dir='ltr'><strong>unum</strong></span> <span class='ocrx_word' id='word_1_409' title='bbox 1478 3021 1659 3074; x_wconf 89' lang='lat' dir='ltr'><strong>virum</strong></span> <span class='ocrx_word' id='word_1_410' title='bbox 1702 3016 2101 3073; x_wconf 66' lang='lat' dir='ltr'><strong>Zorobabelem</strong></span> 
     </span>
    </p>
   </div>
   <div class='ocr_carea' id='block_1_59' title="bbox 2194 2833 3797 2907">
    <p class='ocr_par' dir='ltr' id='par_1_59' title="bbox 2194 2833 3797 2907">
     <span class='ocr_line' id='line_1_59' title="bbox 2194 2833 3797 2907; baseline 0.002 -21"><span class='ocrx_word' id='word_1_411' title='bbox 2194 2833 2300 2905; x_wconf 73' lang='grc' dir='ltr'>τὴν</span> <span class='ocrx_word' id='word_1_412' title='bbox 2360 2833 2515 2889; x_wconf 88' lang='grc' dir='ltr'>θείαν</span> <span class='ocrx_word' id='word_1_413' title='bbox 2574 2833 2833 2906; x_wconf 84' lang='grc' dir='ltr'>βοήθειαν</span> <span class='ocrx_word' id='word_1_414' title='bbox 2886 2834 3339 2907; x_wconf 80' lang='grc' dir='ltr'>προσηγόρευσε,</span> <span class='ocrx_word' id='word_1_415' title='bbox 3367 2834 3642 2892; x_wconf 86' lang='grc' dir='ltr'>διδάσκων</span> <span class='ocrx_word' id='word_1_416' title='bbox 3707 2837 3797 2891; x_wconf 82' lang='grc' dir='ltr'>ὅτι</span> 
     </span>
    </p>
   </div>
   <div class='ocr_carea' id='block_1_60' title="bbox 2177 2923 3795 3008">
    <p class='ocr_par' dir='ltr' id='par_1_60' title="bbox 2177 2923 3795 3008">
     <span class='ocr_line' id='line_1_60' title="bbox 2177 2923 3795 3008; baseline 0.003 -31"><span class='ocrx_word' id='word_1_417' title='bbox 2177 2923 2346 3008; x_wconf 27' lang='grc' dir='ltr'>,αῦτη</span> <span class='ocrx_word' id='word_1_418' title='bbox 2376 2926 2410 2996; x_wconf 87' lang='grc' dir='ltr'><strong>ή</strong></span> <span class='ocrx_word' id='word_1_419' title='bbox 2456 2924 2611 2996; x_wconf 78' lang='grc' dir='ltr'>παρὰ</span> <span class='ocrx_word' id='word_1_420' title='bbox 2635 2925 2748 2981; x_wconf 87' lang='grc' dir='ltr'><strong>τῶν</strong></span> <span class='ocrx_word' id='word_1_421' title='bbox 2788 2926 3038 2981; x_wconf 78' lang='grc' dir='ltr'>ἀπίστων</span> <span class='ocrx_word' id='word_1_422' title='bbox 3069 2927 3300 3000; x_wconf 83' lang='grc' dir='ltr'>εὐτελής</span> <span class='ocrx_word' id='word_1_423' title='bbox 3324 2945 3412 2993; x_wconf 89' lang='grc' dir='ltr'><strong>τις</strong></span> <span class='ocrx_word' id='word_1_424' title='bbox 3458 2926 3795 3000; x_wconf 80' lang='grc' dir='ltr'>νομιζομένη</span> 
     </span>
    </p>
   </div>
   <div class='ocr_carea' id='block_1_61' title="bbox 2205 3016 3799 3091">
    <p class='ocr_par' dir='ltr' id='par_1_61' title="bbox 2205 3016 3799 3091">
     <span class='ocr_line' id='line_1_61' title="bbox 2205 3016 3799 3091; baseline 0.004 -22"><span class='ocrx_word' id='word_1_425' title='bbox 2205 3016 2302 3070; x_wconf 59' lang='grc' dir='ltr'><strong>καὶ⁵</strong></span> <span class='ocrx_word' id='word_1_426' title='bbox 2333 3016 2594 3087; x_wconf 81' lang='grc' dir='ltr'>ἀσθενής,</span> <span class='ocrx_word' id='word_1_427' title='bbox 2624 3017 2694 3071; x_wconf 84' lang='grc' dir='ltr'><strong>δι’</strong></span> <span class='ocrx_word' id='word_1_428' title='bbox 2721 3017 2842 3081; x_wconf 84' lang='grc' dir='ltr'>ὲνὸς</span> <span class='ocrx_word' id='word_1_429' title='bbox 2874 3017 3071 3091; x_wconf 82' lang='grc' dir='ltr'>ἀνδρὸς</span> <span class='ocrx_word' id='word_1_430' title='bbox 3096 3018 3194 3073; x_wconf 91' lang='grc' dir='ltr'><strong>τοῦ</strong></span> <span class='ocrx_word' id='word_1_431' title='bbox 3234 3019 3540 3091; x_wconf 87' lang='grc' dir='ltr'>Ζοροϐάϐελ</span> <span class='ocrx_word' id='word_1_432' title='bbox 3569 3020 3671 3090; x_wconf 84' lang='grc' dir='ltr'>τὴν</span> <span class='ocrx_word' id='word_1_433' title='bbox 3710 3022 3799 3075; x_wconf 75' lang='lat' dir='ltr'><strong>oi-</strong></span> 
     </span>
    </p>
   </div>
   <div class='ocr_carea' id='block_1_62' title="bbox 522 3105 2102 3195">
    <p class='ocr_par' dir='ltr' id='par_1_62' title="bbox 522 3105 2098 3176">
     <span class='ocr_line' id='line_1_62' title="bbox 522 3105 2098 3176; baseline -0.007 -6"><span class='ocrx_word' id='word_1_434' title='bbox 522 3116 634 3170; x_wconf 81' lang='lat' dir='ltr'><strong>vim</strong></span> <span class='ocrx_word' id='word_1_435' title='bbox 666 3129 821 3171; x_wconf 87' lang='lat' dir='ltr'><strong>suam</strong></span> <span class='ocrx_word' id='word_1_436' title='bbox 860 3121 1216 3168; x_wconf 88' lang='lat' dir='ltr'><strong>ostensurum</strong></span> <span class='ocrx_word' id='word_1_437' title='bbox 1246 3124 1394 3165; x_wconf 87' lang='lat' dir='ltr'><strong>esse.</strong></span> <span class='ocrx_word' id='word_1_438' title='bbox 1435 3106 1593 3164; x_wconf 88' lang='lat' dir='ltr'><strong>Unde</strong></span> <span class='ocrx_word' id='word_1_439' title='bbox 1623 3107 1811 3163; x_wconf 90' lang='lat' dir='ltr'><strong>statim</strong></span> <span class='ocrx_word' id='word_1_440' title='bbox 1853 3105 2059 3176; x_wconf 86' lang='lat' dir='ltr'><strong>adjecit</strong></span> <span class='ocrx_word' id='word_1_441' title='bbox 2080 3121 2098 3158; x_wconf 84' lang='lat'><strong>:</strong></span> 
     </span>
    </p>
   </div>
   <div class='ocr_carea' id='block_1_63' title="bbox 2200 3105 3798 3195">
    <p class='ocr_par' dir='ltr' id='par_1_63' title="bbox 2204 3105 3798 3195">
     <span class='ocr_line' id='line_1_63' title="bbox 2204 3105 3798 3195; baseline 0.004 -35"><span class='ocrx_word' id='word_1_442' title='bbox 2204 3105 2362 3160; x_wconf 87' lang='grc' dir='ltr'>κείαν</span> <span class='ocrx_word' id='word_1_443' title='bbox 2408 3106 2739 3195; x_wconf 68' lang='grc' dir='ltr'>έπιδείξεται</span> <span class='ocrx_word' id='word_1_444' title='bbox 2790 3107 3041 3180; x_wconf 85' lang='grc' dir='ltr'>δύναμιν.</span> <span class='ocrx_word' id='word_1_445' title='bbox 3076 3108 3244 3164; x_wconf 86' lang='grc' dir='ltr'>Ὅθεν</span> <span class='ocrx_word' id='word_1_446' title='bbox 3272 3110 3432 3175; x_wconf 79' lang='grc' dir='ltr'>εὐθὺς</span> <span class='ocrx_word' id='word_1_447' title='bbox 3460 3112 3748 3184; x_wconf 68' lang='grc' dir='ltr'>ἐπήγαγεν</span> <span class='ocrx_word' id='word_1_448' title='bbox 3778 3128 3798 3145; x_wconf 77' lang='grc' dir='ltr'><strong>ο</strong></span> 
     </span>
    </p>
   </div>
   <div class='ocr_carea' id='block_1_64' title="bbox 528 3189 2102 3277">
    <p class='ocr_par' dir='ltr' id='par_1_64' title="bbox 528 3199 2100 3277">
     <span class='ocr_line' id='line_1_64' title="bbox 528 3199 2100 3277; baseline -0.004 -17"><span class='ocrx_word' id='word_1_449' title='bbox 528 3226 549 3260; x_wconf 86' lang='grc'><strong>‹</strong></span> <span class='ocrx_word' id='word_1_450' title='bbox 588 3209 810 3277; x_wconf 84' lang='lat' dir='ltr'><strong>Septem</strong></span> <span class='ocrx_word' id='word_1_451' title='bbox 853 3204 946 3261; x_wconf 90' lang='lat' dir='ltr'><strong>isti</strong></span> <span class='ocrx_word' id='word_1_452' title='bbox 1003 3204 1148 3259; x_wconf 89' lang='lat' dir='ltr'><strong>oculi</strong></span> <span class='ocrx_word' id='word_1_453' title='bbox 1199 3200 1419 3257; x_wconf 87' lang='lat' dir='ltr'><strong>Domini</strong></span> <span class='ocrx_word' id='word_1_454' title='bbox 1451 3207 1604 3267; x_wconf 90' lang='lat' dir='ltr'><strong>sunt,</strong></span> <span class='ocrx_word' id='word_1_455' title='bbox 1642 3200 1737 3270; x_wconf 87' lang='lat' dir='ltr'><strong>qui</strong></span> <span class='ocrx_word' id='word_1_456' title='bbox 1789 3199 2100 3270; x_wconf 86' lang='lat' dir='ltr'><strong>respiciunt</strong></span> 
     </span>
    </p>
   </div>
   <div class='ocr_carea' id='block_1_65' title="bbox 2200 3189 3800 3277">
    <p class='ocr_par' dir='ltr' id='par_1_65' title="bbox 2214 3189 3800 3271">
     <span class='ocr_line' id='line_1_65' title="bbox 2214 3189 3800 3271; baseline 0.006 -24"><span class='ocrx_word' id='word_1_457' title='bbox 2214 3214 2233 3247; x_wconf 78' lang='grc' dir='ltr'><strong>ι</strong></span> <span class='ocrx_word' id='word_1_458' title='bbox 2282 3194 2453 3249; x_wconf 84' lang='grc' dir='ltr'>Ἑπτὰ</span> <span class='ocrx_word' id='word_1_459' title='bbox 2503 3189 2648 3250; x_wconf 77' lang='grc' dir='ltr'>οὗτοι</span> <span class='ocrx_word' id='word_1_460' title='bbox 2702 3196 2972 3268; x_wconf 78' lang='grc' dir='ltr'>ὀφθαλμοὶ</span> <span class='ocrx_word' id='word_1_461' title='bbox 3012 3197 3221 3271; x_wconf 80' lang='grc' dir='ltr'>Κυρίου</span> <span class='ocrx_word' id='word_1_462' title='bbox 3260 3201 3423 3266; x_wconf 78' lang='grc' dir='ltr'>εἰσὶν,</span> <span class='ocrx_word' id='word_1_463' title='bbox 3470 3202 3522 3254; x_wconf 77' lang='grc' dir='ltr'>οἱ</span> <span class='ocrx_word' id='word_1_464' title='bbox 3570 3201 3800 3256; x_wconf 69' lang='grc' dir='ltr'>επιϐλέ-</span> 
     </span>
    </p>
   </div>
   <div class='ocr_carea' id='block_1_66' title="bbox 524 3288 2102 3369">
    <p class='ocr_par' dir='ltr' id='par_1_66' title="bbox 524 3288 2102 3369">
     <span class='ocr_line' id='line_1_66' title="bbox 524 3288 2102 3369; baseline -0.008 -15"><span class='ocrx_word' id='word_1_465' title='bbox 524 3314 692 3369; x_wconf 91' lang='lat' dir='ltr'><strong>super</strong></span> <span class='ocrx_word' id='word_1_466' title='bbox 718 3311 935 3352; x_wconf 88' lang='lat' dir='ltr'><strong>omnem</strong></span> <span class='ocrx_word' id='word_1_467' title='bbox 962 3308 1195 3353; x_wconf 82' lang='lat' dir='ltr'><strong>terram.</strong></span> <span class='ocrx_word' id='word_1_468' title='bbox 1234 3312 1253 3345; x_wconf 85' lang='grc'>›</span> <span class='ocrx_word' id='word_1_469' title='bbox 1292 3292 1548 3347; x_wconf 85' lang='lat' dir='ltr'><strong>Omnium</strong></span> <span class='ocrx_word' id='word_1_470' title='bbox 1599 3293 1748 3348; x_wconf 86' lang='lat' dir='ltr'><strong>enim</strong></span> <span class='ocrx_word' id='word_1_471' title='bbox 1778 3305 1965 3345; x_wconf 90' lang='lat' dir='ltr'><strong>rerum</strong></span> <span class='ocrx_word' id='word_1_472' title='bbox 2018 3288 2102 3343; x_wconf 81' lang='lat' dir='ltr'><strong>in-</strong></span> 
     </span>
    </p>
   </div>
   <div class='ocr_carea' id='block_1_67' title="bbox 523 3382 2103 3463">
    <p class='ocr_par' dir='ltr' id='par_1_67' title="bbox 523 3382 2103 3463">
     <span class='ocr_line' id='line_1_67' title="bbox 523 3382 2103 3463; baseline -0.009 -16"><span class='ocrx_word' id='word_1_473' title='bbox 523 3397 751 3463; x_wconf 81' lang='lat' dir='ltr'><strong>spector</strong></span> <span class='ocrx_word' id='word_1_474' title='bbox 776 3396 832 3445; x_wconf 88' lang='lat' dir='ltr'><strong>et</strong></span> <span class='ocrx_word' id='word_1_475' title='bbox 869 3387 1309 3452; x_wconf 85' lang='lat' dir='ltr'><strong>administrator,</strong></span> <span class='ocrx_word' id='word_1_476' title='bbox 1358 3384 1564 3454; x_wconf 88' lang='lat' dir='ltr'><strong>quique</strong></span> <span class='ocrx_word' id='word_1_477' title='bbox 1618 3382 1804 3437; x_wconf 86' lang='lat' dir='ltr'><strong>omnia</strong></span> <span class='ocrx_word' id='word_1_478' title='bbox 1856 3383 2103 3437; x_wconf 82' lang='lat' dir='ltr'><strong>intuetur</strong></span> 
     </span>
    </p>
   </div>
   <div class='ocr_carea' id='block_1_68' title="bbox 524 3468 2100 3549">
    <p class='ocr_par' dir='ltr' id='par_1_68' title="bbox 524 3468 2100 3549">
     <span class='ocr_line' id='line_1_68' title="bbox 524 3468 2100 3549; baseline -0.01 -11"><span class='ocrx_word' id='word_1_479' title='bbox 524 3492 582 3539; x_wconf 89' lang='lat' dir='ltr'><strong>et</strong></span> <span class='ocrx_word' id='word_1_480' title='bbox 610 3481 795 3538; x_wconf 87' lang='lat' dir='ltr'><strong>omnia</strong></span> <span class='ocrx_word' id='word_1_481' title='bbox 824 3476 999 3547; x_wconf 87' lang='lat' dir='ltr'><strong>audit,</strong></span> <span class='ocrx_word' id='word_1_482' title='bbox 1021 3478 1139 3549; x_wconf 85' lang='lat' dir='ltr'><strong>ipse</strong></span> <span class='ocrx_word' id='word_1_483' title='bbox 1161 3482 1409 3548; x_wconf 73' lang='lat' dir='ltr'><strong>proteget</strong></span> <span class='ocrx_word' id='word_1_484' title='bbox 1433 3473 1856 3530; x_wconf 88' lang='lat' dir='ltr'><strong>Zorobabelem.</strong></span> <span class='ocrx_word' id='word_1_485' title='bbox 1886 3470 2033 3545; x_wconf 75' lang='lat' dir='ltr'><strong>[li-l</strong></span> <span class='ocrx_word' id='word_1_486' title='bbox 2045 3468 2100 3542; x_wconf 75' lang='grc'><strong>4]</strong></span> 
     </span>
    </p>
   </div>
   <div class='ocr_carea' id='block_1_69' title="bbox 530 3562 2105 3641">
    <p class='ocr_par' dir='ltr' id='par_1_69' title="bbox 530 3562 2105 3641">
     <span class='ocr_line' id='line_1_69' title="bbox 530 3562 2105 3641; baseline -0.009 -11"><span class='ocrx_word' id='word_1_487' title='bbox 530 3574 631 3630; x_wconf 83' lang='lat' dir='ltr'><strong>llis</strong></span> <span class='ocrx_word' id='word_1_488' title='bbox 656 3574 733 3627; x_wconf 89' lang='lat' dir='ltr'><strong>ita</strong></span> <span class='ocrx_word' id='word_1_489' title='bbox 762 3571 952 3635; x_wconf 89' lang='lat' dir='ltr'><strong>dictis,</strong></span> <span class='ocrx_word' id='word_1_490' title='bbox 986 3569 1254 3641; x_wconf 83' lang='lat' dir='ltr'><strong>propheta</strong></span> <span class='ocrx_word' id='word_1_491' title='bbox 1276 3565 1534 3638; x_wconf 83' lang='lat' dir='ltr'><strong>angelum</strong></span> <span class='ocrx_word' id='word_1_492' title='bbox 1569 3565 1872 3635; x_wconf 87' lang='lat' dir='ltr'><strong>interrogat</strong></span> <span class='ocrx_word' id='word_1_493' title='bbox 1900 3563 1969 3618; x_wconf 90' lang='lat' dir='ltr'><strong>de</strong></span> <span class='ocrx_word' id='word_1_494' title='bbox 1990 3562 2105 3617; x_wconf 88' lang='lat' dir='ltr'><strong>oli-</strong></span> 
     </span>
    </p>
   </div>
   <div class='ocr_carea' id='block_1_70' title="bbox 522 3654 2101 3734">
    <p class='ocr_par' dir='ltr' id='par_1_70' title="bbox 522 3654 2101 3734">
     <span class='ocr_line' id='line_1_70' title="bbox 522 3654 2101 3734; baseline -0.009 -11"><span class='ocrx_word' id='word_1_495' title='bbox 522 3667 611 3724; x_wconf 84' lang='lat' dir='ltr'><strong>vis</strong></span> <span class='ocrx_word' id='word_1_496' title='bbox 654 3681 723 3720; x_wconf 86' lang='lat' dir='ltr'><strong>ex</strong></span> <span class='ocrx_word' id='word_1_497' title='bbox 774 3671 1011 3734; x_wconf 91' lang='lat' dir='ltr'><strong>utraque</strong></span> <span class='ocrx_word' id='word_1_498' title='bbox 1062 3666 1220 3732; x_wconf 85' lang='lat' dir='ltr'><strong>parte</strong></span> <span class='ocrx_word' id='word_1_499' title='bbox 1264 3656 1593 3712; x_wconf 78' lang='lat' dir='ltr'><strong>candelabri</strong></span> <span class='ocrx_word' id='word_1_500' title='bbox 1659 3654 2101 3720; x_wconf 82' lang='lat' dir='ltr'><strong>virescentibus;</strong></span> 
     </span>
    </p>
   </div>
   <div class='ocr_carea' id='block_1_71' title="bbox 525 3746 2104 3826">
    <p class='ocr_par' dir='ltr' id='par_1_71' title="bbox 525 3746 2104 3826">
     <span class='ocr_line' id='line_1_71' title="bbox 525 3746 2104 3826; baseline -0.008 -12"><span class='ocrx_word' id='word_1_501' title='bbox 525 3760 828 3826; x_wconf 84' lang='lat' dir='ltr'><strong>interrogat</strong></span> <span class='ocrx_word' id='word_1_502' title='bbox 862 3762 1046 3809; x_wconf 89' lang='lat' dir='ltr'><strong>autem</strong></span> <span class='ocrx_word' id='word_1_503' title='bbox 1075 3751 1144 3807; x_wconf 91' lang='lat' dir='ltr'><strong>de</strong></span> <span class='ocrx_word' id='word_1_504' title='bbox 1179 3750 1397 3805; x_wconf 89' lang='lat' dir='ltr'><strong>duobus</strong></span> <span class='ocrx_word' id='word_1_505' title='bbox 1429 3748 1601 3803; x_wconf 88' lang='lat' dir='ltr'><strong>ramis</strong></span> <span class='ocrx_word' id='word_1_506' title='bbox 1634 3762 1811 3815; x_wconf 86' lang='lat' dir='ltr'><strong>usque</strong></span> <span class='ocrx_word' id='word_1_507' title='bbox 1858 3746 1925 3801; x_wconf 85' lang='lat' dir='ltr'><strong>ad</strong></span> <span class='ocrx_word' id='word_1_508' title='bbox 1953 3746 2104 3816; x_wconf 88' lang='lat' dir='ltr'><strong>ipsas</strong></span> 
     </span>
    </p>
   </div>
   <div class='ocr_carea' id='block_1_72' title="bbox 527 3836 2105 3917">
    <p class='ocr_par' dir='ltr' id='par_1_72' title="bbox 527 3836 2105 3917">
     <span class='ocr_line' id='line_1_72' title="bbox 527 3836 2105 3917; baseline -0.009 -11"><span class='ocrx_word' id='word_1_509' title='bbox 527 3842 1266 3917; x_wconf 82' lang='lat' dir='ltr'><strong>lucernaspertingentibus.</strong></span> <span class='ocrx_word' id='word_1_510' title='bbox 1295 3840 1361 3894; x_wconf 88' lang='lat' dir='ltr'><strong>Et</strong></span> <span class='ocrx_word' id='word_1_511' title='bbox 1386 3839 1571 3903; x_wconf 89' lang='lat' dir='ltr'><strong>discit,</strong></span> <span class='ocrx_word' id='word_1_512' title='bbox 1596 3838 1742 3909; x_wconf 91' lang='lat' dir='ltr'><strong>quod</strong></span> <span class='ocrx_word' id='word_1_513' title='bbox 1768 3838 1828 3892; x_wconf 90' lang='lat' dir='ltr'><strong>bi</strong></span> <span class='ocrx_word' id='word_1_514' title='bbox 1854 3838 1966 3894; x_wconf 87' lang='lat' dir='ltr'><strong>sint</strong></span> <span class='ocrx_word' id='word_1_515' title='bbox 1995 3836 2105 3892; x_wconf 91' lang='lat' dir='ltr'><strong>duo</strong></span> 
     </span>
    </p>
   </div>
   <div class='ocr_carea' id='block_1_73' title="bbox 528 3929 2107 4011">
    <p class='ocr_par' dir='ltr' id='par_1_73' title="bbox 528 3929 2107 4011">
     <span class='ocr_line' id='line_1_73' title="bbox 528 3929 2107 4011; baseline -0.009 -13"><span class='ocrx_word' id='word_1_516' title='bbox 528 3941 626 3998; x_wconf 80' lang='lat' dir='ltr'><strong>filii</strong></span> <span class='ocrx_word' id='word_1_517' title='bbox 675 3937 1049 4011; x_wconf 85' lang='lat' dir='ltr'><strong>piuguedinis,</strong></span> <span class='ocrx_word' id='word_1_518' title='bbox 1085 3934 1181 4006; x_wconf 90' lang='lat' dir='ltr'><strong>qui</strong></span> <span class='ocrx_word' id='word_1_519' title='bbox 1234 3933 1511 3990; x_wconf 86' lang='lat' dir='ltr'><strong>assistunt</strong></span> <span class='ocrx_word' id='word_1_520' title='bbox 1539 3929 1784 3985; x_wconf 91' lang='lat' dir='ltr'><strong>.Domino</strong></span> <span class='ocrx_word' id='word_1_521' title='bbox 1829 3929 2107 3985; x_wconf 69' lang='lat' dir='ltr'><strong>universae</strong></span> 
     </span>
    </p>
   </div>
   <div class='ocr_carea' id='block_1_74' title="bbox 516 4017 2106 4099">
    <p class='ocr_par' dir='ltr' id='par_1_74' title="bbox 516 4017 2106 4099">
     <span class='ocr_line' id='line_1_74' title="bbox 516 4017 2106 4099; baseline -0.009 -12"><span class='ocrx_word' id='word_1_522' title='bbox 516 4041 709 4087; x_wconf 66' lang='lat' dir='ltr'><strong>terrae.</strong></span> <span class='ocrx_word' id='word_1_523' title='bbox 747 4028 1233 4099; x_wconf 62' lang='lat' dir='ltr'><strong>Designat.autem</strong></span> <span class='ocrx_word' id='word_1_524' title='bbox 1262 4021 1490 4080; x_wconf 82' lang='lat' dir='ltr'><strong>Josuam</strong></span> <span class='ocrx_word' id='word_1_525' title='bbox 1540 4021 1880 4093; x_wconf 82' lang='lat' dir='ltr'><strong>pontiﬁcem,</strong></span> <span class='ocrx_word' id='word_1_526' title='bbox 1908 4029 1963 4075; x_wconf 90' lang='lat' dir='ltr'><strong>et</strong></span> <span class='ocrx_word' id='word_1_527' title='bbox 1998 4017 2106 4074; x_wconf 85' lang='lat' dir='ltr'><strong>Zo-</strong></span> 
     </span>
    </p>
   </div>
   <div class='ocr_carea' id='block_1_75' title="bbox 525 4112 2106 4183">
    <p class='ocr_par' dir='ltr' id='par_1_75' title="bbox 525 4112 2106 4183">
     <span class='ocr_line' id='line_1_75' title="bbox 525 4112 2106 4183; baseline -0.008 -4"><span class='ocrx_word' id='word_1_528' title='bbox 525 4120 842 4179; x_wconf 86' lang='lat' dir='ltr'><strong>robabelem</strong></span> <span class='ocrx_word' id='word_1_529' title='bbox 880 4116 1390 4172; x_wconf 89' lang='lat' dir='ltr'><strong>administratorem</strong></span> <span class='ocrx_word' id='word_1_530' title='bbox 1427 4112 1585 4174; x_wconf 90' lang='lat' dir='ltr'><strong>belli,</strong></span> <span class='ocrx_word' id='word_1_531' title='bbox 1630 4113 1862 4167; x_wconf 87' lang='lat' dir='ltr'><strong>alterum</strong></span> <span class='ocrx_word' id='word_1_532' title='bbox 1896 4126 1965 4166; x_wconf 75' lang='lat' dir='ltr'><strong>ex</strong></span> <span class='ocrx_word' id='word_1_533' title='bbox 2010 4125 2106 4183; x_wconf 79' lang='lat' dir='ltr'><strong>ge-</strong></span> 
     </span>
    </p>
   </div>
   <div class='ocr_carea' id='block_1_76' title="bbox 527 4203 1938 4287">
    <p class='ocr_par' dir='ltr' id='par_1_76' title="bbox 527 4203 1938 4287">
     <span class='ocr_line' id='line_1_76' title="bbox 527 4203 1938 4287; baseline -0.009 -16"><span class='ocrx_word' id='word_1_534' title='bbox 527 4230 659 4273; x_wconf 88' lang='lat' dir='ltr'><strong>nere</strong></span> <span class='ocrx_word' id='word_1_535' title='bbox 692 4214 865 4284; x_wconf 81' lang='lat' dir='ltr'><strong>regio,</strong></span> <span class='ocrx_word' id='word_1_536' title='bbox 896 4210 1132 4287; x_wconf 86' lang='lat' dir='ltr'><strong>alterum</strong></span> <span class='ocrx_word' id='word_1_537' title='bbox 1153 4224 1219 4267; x_wconf 80' lang='lat' dir='ltr'><strong>ex</strong></span> <span class='ocrx_word' id='word_1_538' title='bbox 1253 4205 1586 4265; x_wconf 86' lang='lat' dir='ltr'><strong>sacerdotali</strong></span> <span class='ocrx_word' id='word_1_539' title='bbox 1610 4203 1938 4262; x_wconf 89' lang='lat' dir='ltr'><strong>oriundum.</strong></span> 
     </span>
    </p>
   </div>
   <div class='ocr_carea' id='block_1_77' title="bbox 1142 4367 1500 4425">
    <p class='ocr_par' dir='ltr' id='par_1_77' title="bbox 1142 4367 1500 4425">
     <span class='ocr_line' id='line_1_77' title="bbox 1142 4367 1500 4425; baseline -0.003 -1"><span class='ocrx_word' id='word_1_540' title='bbox 1142 4367 1372 4425; x_wconf 84' lang='lat' dir='ltr'><strong>CAPUT</strong></span> <span class='ocrx_word' id='word_1_541' title='bbox 1432 4367 1500 4424; x_wconf 73' lang='grc' dir='ltr'>ν.</span> 
     </span>
    </p>
   </div>
   <div class='ocr_carea' id='block_1_78' title="bbox 518 4452 2185 4544">
    <p class='ocr_par' dir='ltr' id='par_1_78' title="bbox 518 4452 2185 4544">
     <span class='ocr_line' id='line_1_78' title="bbox 518 4452 2185 4544; baseline -0.004 -26"><span class='ocrx_word' id='word_1_542' title='bbox 518 4452 523 4463; x_wconf 84' lang='grc'><strong>’</strong></span> <span class='ocrx_word' id='word_1_543' title='bbox 602 4460 742 4536; x_wconf 70' lang='grc'><strong>[1-2]</strong></span> <span class='ocrx_word' id='word_1_544' title='bbox 776 4461 1076 4532; x_wconf 83' lang='lat' dir='ltr'><strong>Postquam</strong></span> <span class='ocrx_word' id='word_1_545' title='bbox 1119 4461 1290 4517; x_wconf 91' lang='lat' dir='ltr'><strong>variis</strong></span> <span class='ocrx_word' id='word_1_546' title='bbox 1328 4460 1414 4516; x_wconf 87' lang='lat' dir='ltr'><strong>his</strong></span> <span class='ocrx_word' id='word_1_547' title='bbox 1469 4458 1777 4515; x_wconf 89' lang='lat' dir='ltr'><strong>visionibus</strong></span> <span class='ocrx_word' id='word_1_548' title='bbox 1822 4456 2109 4512; x_wconf 85' lang='lat' dir='ltr'><strong>sermones</strong></span> <span class='ocrx_word' id='word_1_549' title='bbox 2141 4488 2185 4544; x_wconf 73' lang='grc' dir='ltr'><strong>ι)</strong></span> 
     </span>
    </p>
   </div>
   <div class='ocr_carea' id='block_1_79' title="bbox 532 4546 2110 4625">
    <p class='ocr_par' dir='ltr' id='par_1_79' title="bbox 532 4546 2110 4625">
     <span class='ocr_line' id='line_1_79' title="bbox 532 4546 2110 4625; baseline -0.004 -18"><span class='ocrx_word' id='word_1_550' title='bbox 532 4553 599 4609; x_wconf 86' lang='lat' dir='ltr'><strong>de</strong></span> <span class='ocrx_word' id='word_1_551' title='bbox 628 4569 798 4625; x_wconf 76' lang='lat' dir='ltr'><strong>regno</strong></span> <span class='ocrx_word' id='word_1_552' title='bbox 827 4563 881 4609; x_wconf 90' lang='lat' dir='ltr'><strong>et</strong></span> <span class='ocrx_word' id='word_1_553' title='bbox 911 4553 1230 4608; x_wconf 84' lang='lat' dir='ltr'><strong>sacerdotio</strong></span> <span class='ocrx_word' id='word_1_554' title='bbox 1252 4550 1618 4614; x_wconf 87' lang='lat' dir='ltr'><strong>confirmavit,</strong></span> <span class='ocrx_word' id='word_1_555' title='bbox 1645 4557 1701 4604; x_wconf 87' lang='lat' dir='ltr'><strong>et</strong></span> <span class='ocrx_word' id='word_1_556' title='bbox 1727 4546 2110 4602; x_wconf 85' lang='lat' dir='ltr'><strong>aedificationis</strong></span> 
     </span>
    </p>
   </div>
   <div class='ocr_carea' id='block_1_80' title="bbox 532 4638 2106 4715">
    <p class='ocr_par' dir='ltr' id='par_1_80' title="bbox 532 4638 2106 4715">
     <span class='ocr_line' id='line_1_80' title="bbox 532 4638 2106 4715; baseline -0.007 -15"><span class='ocrx_word' id='word_1_557' title='bbox 532 4645 702 4700; x_wconf 82' lang='lat' dir='ltr'><strong>divini</strong></span> <span class='ocrx_word' id='word_1_558' title='bbox 758 4645 946 4715; x_wconf 83' lang='lat' dir='ltr'><strong>templi</strong></span> <span class='ocrx_word' id='word_1_559' title='bbox 1005 4644 1413 4699; x_wconf 89' lang='lat' dir='ltr'><strong>absolutionem</strong></span> <span class='ocrx_word' id='word_1_560' title='bbox 1471 4638 1761 4710; x_wconf 81' lang='lat' dir='ltr'><strong>praedixit,</strong></span> <span class='ocrx_word' id='word_1_561' title='bbox 1810 4649 2106 4706; x_wconf 74' lang='lat' dir='ltr'><strong>pmnarum</strong></span> 
     </span>
    </p>
   </div>
   <div class='ocr_carea' id='block_1_81' title="bbox 535 4727 2111 4798">
    <p class='ocr_par' dir='ltr' id='par_1_81' title="bbox 535 4727 2111 4798">
     <span class='ocr_line' id='line_1_81' title="bbox 535 4727 2111 4798; baseline -0.006 -6"><span class='ocrx_word' id='word_1_562' title='bbox 535 4735 966 4796; x_wconf 85' lang='lat' dir='ltr'><strong>comminatione</strong></span> <span class='ocrx_word' id='word_1_563' title='bbox 1015 4744 1259 4791; x_wconf 83' lang='lat' dir='ltr'><strong>exterret</strong></span> <span class='ocrx_word' id='word_1_564' title='bbox 1288 4732 1603 4798; x_wconf 84' lang='lat' dir='ltr'><strong>audientes,</strong></span> <span class='ocrx_word' id='word_1_565' title='bbox 1638 4727 1845 4786; x_wconf 86' lang='lat' dir='ltr'><strong>avitiis</strong></span> <span class='ocrx_word' id='word_1_566' title='bbox 1891 4742 1989 4782; x_wconf 85' lang='lat' dir='ltr'><strong>eos</strong></span> <span class='ocrx_word' id='word_1_567' title='bbox 2023 4743 2111 4783; x_wconf 85' lang='lat' dir='ltr'><strong>re-</strong></span> 
     </span>
    </p>
   </div>
   <div class='ocr_carea' id='block_1_82' title="bbox 532 4820 2109 4899">
    <p class='ocr_par' dir='ltr' id='par_1_82' title="bbox 532 4820 2109 4899">
     <span class='ocr_line' id='line_1_82' title="bbox 532 4820 2109 4899; baseline -0.008 -14"><span class='ocrx_word' id='word_1_568' title='bbox 532 4846 761 4895; x_wconf 85' lang='lat' dir='ltr'><strong>vocans,</strong></span> <span class='ocrx_word' id='word_1_569' title='bbox 826 4829 1178 4899; x_wconf 83' lang='lat' dir='ltr'><strong>iucitansque</strong></span> <span class='ocrx_word' id='word_1_570' title='bbox 1224 4827 1295 4881; x_wconf 90' lang='lat' dir='ltr'><strong>ad</strong></span> <span class='ocrx_word' id='word_1_571' title='bbox 1337 4825 1595 4878; x_wconf 89' lang='lat' dir='ltr'><strong>virtutem</strong></span> <span class='ocrx_word' id='word_1_572' title='bbox 1647 4839 1663 4876; x_wconf 91' lang='lat'><strong>:</strong></span> <span class='ocrx_word' id='word_1_573' title='bbox 1723 4828 1888 4889; x_wconf 90' lang='lat' dir='ltr'><strong>atque</strong></span> <span class='ocrx_word' id='word_1_574' title='bbox 1944 4820 2109 4875; x_wconf 86' lang='lat' dir='ltr'><strong>etiam</strong></span> 
     </span>
    </p>
   </div>
   <div class='ocr_carea' id='block_1_83' title="bbox 535 4908 2113 4993">
    <p class='ocr_par' dir='ltr' id='par_1_83' title="bbox 535 4908 2113 4993">
     <span class='ocr_line' id='line_1_83' title="bbox 535 4908 2113 4993; baseline -0.007 -18"><span class='ocrx_word' id='word_1_575' title='bbox 535 4921 820 4993; x_wconf 83' lang='lat' dir='ltr'><strong>prophetae</strong></span> <span class='ocrx_word' id='word_1_576' title='bbox 858 4920 1060 4989; x_wconf 73' lang='lat' dir='ltr'><strong>falcem</strong></span> <span class='ocrx_word' id='word_1_577' title='bbox 1110 4916 1353 4973; x_wconf 85' lang='lat' dir='ltr'><strong>ostendit</strong></span> <span class='ocrx_word' id='word_1_578' title='bbox 1381 4912 1709 4978; x_wconf 80' lang='lat' dir='ltr'><strong>maximam,</strong></span> <span class='ocrx_word' id='word_1_579' title='bbox 1733 4908 1956 4980; x_wconf 76' lang='lat'><strong>1616</strong></span> <span class='ocrx_word' id='word_1_580' title='bbox 1988 4923 2113 4965; x_wconf 88' lang='lat' dir='ltr'><strong>sus-</strong></span> 
     </span>
    </p>
   </div>
   <div class='ocr_carea' id='block_1_84' title="bbox 536 4999 2111 5083">
    <p class='ocr_par' dir='ltr' id='par_1_84' title="bbox 536 4999 2111 5083">
     <span class='ocr_line' id='line_1_84' title="bbox 536 4999 2111 5083; baseline -0.011 -14"><span class='ocrx_word' id='word_1_581' title='bbox 536 5028 763 5083; x_wconf 86' lang='lat' dir='ltr'><strong>pensam</strong></span> <span class='ocrx_word' id='word_1_582' title='bbox 812 5020 866 5065; x_wconf 88' lang='lat' dir='ltr'><strong>et</strong></span> <span class='ocrx_word' id='word_1_583' title='bbox 918 5026 1013 5080; x_wconf 90' lang='lat' dir='ltr'><strong>per</strong></span> <span class='ocrx_word' id='word_1_584' title='bbox 1065 5023 1243 5063; x_wconf 89' lang='lat' dir='ltr'><strong>aerem</strong></span> <span class='ocrx_word' id='word_1_585' title='bbox 1299 5005 1600 5067; x_wconf 89' lang='lat' dir='ltr'><strong>volantem,</strong></span> <span class='ocrx_word' id='word_1_586' title='bbox 1651 5001 1818 5054; x_wconf 90' lang='lat' dir='ltr'><strong>latam</strong></span> <span class='ocrx_word' id='word_1_587' title='bbox 1895 4999 2111 5064; x_wconf 91' lang='lat' dir='ltr'><strong>decem,</strong></span> 
     </span>
    </p>
   </div>
   <div class='ocr_carea' id='block_1_85' title="bbox 535 5090 2113 5173">
    <p class='ocr_par' dir='ltr' id='par_1_85' title="bbox 535 5090 2113 5173">
     <span class='ocr_line' id='line_1_85' title="bbox 535 5090 2113 5173; baseline -0.008 -16"><span class='ocrx_word' id='word_1_588' title='bbox 535 5106 760 5173; x_wconf 85' lang='lat' dir='ltr'><strong>longam</strong></span> <span class='ocrx_word' id='word_1_589' title='bbox 793 5101 987 5171; x_wconf 81' lang='lat' dir='ltr'><strong>viginti</strong></span> <span class='ocrx_word' id='word_1_590' title='bbox 1019 5100 1256 5155; x_wconf 88' lang='lat' dir='ltr'><strong>eubitos.</strong></span> <span class='ocrx_word' id='word_1_591' title='bbox 1278 5095 1357 5169; x_wconf 76' lang='grc' dir='ltr'><strong>[ὅ]</strong></span> <span class='ocrx_word' id='word_1_592' title='bbox 1382 5094 1446 5149; x_wconf 83' lang='lat' dir='ltr'><strong>Et</strong></span> <span class='ocrx_word' id='word_1_593' title='bbox 1475 5094 1729 5159; x_wconf 90' lang='lat' dir='ltr'><strong>docetur,</strong></span> <span class='ocrx_word' id='word_1_594' title='bbox 1762 5090 1907 5145; x_wconf 88' lang='lat' dir='ltr'><strong>hanc</strong></span> <span class='ocrx_word' id='word_1_595' title='bbox 1943 5092 2113 5146; x_wconf 89' lang='lat' dir='ltr'><strong>male-</strong></span> 
     </span>
    </p>
   </div>
   <div class='ocr_carea' id='block_1_86' title="bbox 534 5182 2111 5264">
    <p class='ocr_par' dir='ltr' id='par_1_86' title="bbox 534 5182 2111 5264">
     <span class='ocr_line' id='line_1_86' title="bbox 534 5182 2111 5264; baseline -0.006 -15"><span class='ocrx_word' id='word_1_596' title='bbox 534 5195 830 5251; x_wconf 85' lang='lat' dir='ltr'><strong>dictionem</strong></span> <span class='ocrx_word' id='word_1_597' title='bbox 854 5208 997 5262; x_wconf 85' lang='lat' dir='ltr'><strong>csse,</strong></span> <span class='ocrx_word' id='word_1_598' title='bbox 1028 5208 1149 5264; x_wconf 79' lang='lat' dir='ltr'><strong>quae</strong></span> <span class='ocrx_word' id='word_1_599' title='bbox 1174 5187 1486 5261; x_wconf 84' lang='lat' dir='ltr'><strong>egreditur‘</strong></span> <span class='ocrx_word' id='word_1_600' title='bbox 1512 5199 1683 5257; x_wconf 85' lang='lat' dir='ltr'><strong>super</strong></span> <span class='ocrx_word' id='word_1_601' title='bbox 1700 5183 1895 5239; x_wconf 89' lang='lat' dir='ltr'><strong>faciem</strong></span> <span class='ocrx_word' id='word_1_602' title='bbox 1929 5182 2111 5240; x_wconf 86' lang='lat' dir='ltr'><strong>omnis</strong></span> 
     </span>
    </p>
   </div>
   <div class='ocr_carea' id='block_1_87' title="bbox 535 5295 1863 5343">
    <p class='ocr_par' dir='ltr' id='par_1_87' title="bbox 535 5295 1863 5343">
     <span class='ocr_line' id='line_1_87' title="bbox 535 5295 1863 5343; baseline 0.002 -2"><span class='ocrx_word' id='word_1_603' title='bbox 535 5295 717 5341; x_wconf 79' lang='lat' dir='ltr'><strong>terrae.</strong></span> <span class='ocrx_word' id='word_1_604' title='bbox 804 5338 807 5341; x_wconf 89' lang='lat'><strong>.</strong></span> <span class='ocrx_word' id='word_1_605' title='bbox 1856 5338 1863 5343; x_wconf 94' lang='lat'><strong>.</strong></span> 
     </span>
    </p>
   </div>
   <div class='ocr_carea' id='block_1_88' title="bbox 610 5354 2108 5444">
    <p class='ocr_par' dir='ltr' id='par_1_88' title="bbox 610 5354 2108 5444">
     <span class='ocr_line' id='line_1_88' title="bbox 610 5354 2108 5444; baseline -0.003 -17"><span class='ocrx_word' id='word_1_606' title='bbox 610 5397 628 5427; x_wconf 76' lang='grc' dir='ltr'><strong>ι</strong></span> <span class='ocrx_word' id='word_1_607' title='bbox 661 5374 800 5440; x_wconf 83' lang='lat' dir='ltr'><strong>Quia</strong></span> <span class='ocrx_word' id='word_1_608' title='bbox 838 5375 1018 5431; x_wconf 83' lang='lat' dir='ltr'><strong>omnis</strong></span> <span class='ocrx_word' id='word_1_609' title='bbox 1051 5376 1140 5429; x_wconf 86' lang='lat' dir='ltr'><strong>t&#39;ur</strong></span> <span class='ocrx_word' id='word_1_610' title='bbox 1178 5366 1248 5429; x_wconf 77' lang='lat' dir='ltr'><strong>ex</strong></span> <span class='ocrx_word' id='word_1_611' title='bbox 1298 5372 1404 5429; x_wconf 87' lang='lat' dir='ltr'><strong>hoc</strong></span> <span class='ocrx_word' id='word_1_612' title='bbox 1434 5384 1609 5444; x_wconf 88' lang='lat' dir='ltr'><strong>usque</strong></span> <span class='ocrx_word' id='word_1_613' title='bbox 1649 5368 1716 5425; x_wconf 88' lang='lat' dir='ltr'><strong>ad</strong></span> <span class='ocrx_word' id='word_1_614' title='bbox 1752 5354 1983 5424; x_wconf 83' lang='lat' dir='ltr'><strong>mortem</strong></span> <span class='ocrx_word' id='word_1_615' title='bbox 2007 5383 2108 5439; x_wconf 87' lang='lat' dir='ltr'><strong>pu-</strong></span> 
     </span>
    </p>
   </div>
   <div class='ocr_carea' id='block_1_89' title="bbox 611 5513 1160 5583">
    <p class='ocr_par' dir='ltr' id='par_1_89' title="bbox 611 5513 1160 5583">
     <span class='ocr_line' id='line_1_89' title="bbox 611 5513 1160 5583; baseline -0.004 -13"><span class='ocrx_word' id='word_1_616' title='bbox 611 5519 632 5556; x_wconf 72' lang='grc' dir='ltr'><strong>ι</strong></span> <span class='ocrx_word' id='word_1_617' title='bbox 663 5514 826 5572; x_wconf 86' lang='lat' dir='ltr'><strong>Deut.</strong></span> <span class='ocrx_word' id='word_1_618' title='bbox 857 5530 1007 5571; x_wconf 62' lang='grc' dir='ltr'>χχχιι</span> <span class='ocrx_word' id='word_1_619' title='bbox 1026 5557 1041 5583; x_wconf 90' lang='grc'><strong>,</strong></span> <span class='ocrx_word' id='word_1_620' title='bbox 1071 5513 1160 5569; x_wconf 80' lang='lat'><strong>&#39;59.</strong></span> 
     </span>
    </p>
   </div>
   <div class='ocr_carea' id='block_1_90' title="bbox 2198 3285 3800 3362">
    <p class='ocr_par' dir='ltr' id='par_1_90' title="bbox 2198 3285 3800 3362">
     <span class='ocr_line' id='line_1_90' title="bbox 2198 3285 3800 3362; baseline 0.008 -27"><span class='ocrx_word' id='word_1_621' title='bbox 2198 3301 2402 3349; x_wconf 85' lang='grc' dir='ltr'>,ποντες</span> <span class='ocrx_word' id='word_1_622' title='bbox 2431 3285 2527 3339; x_wconf 63' lang='lat' dir='ltr'><strong>stt).</strong></span> <span class='ocrx_word' id='word_1_623' title='bbox 2554 3288 2736 3342; x_wconf 79' lang='grc' dir='ltr'>πᾶσαν</span> <span class='ocrx_word' id='word_1_624' title='bbox 2782 3287 2883 3358; x_wconf 83' lang='grc' dir='ltr'>τὴν</span> <span class='ocrx_word' id='word_1_625' title='bbox 2929 3287 3058 3359; x_wconf 81' lang='grc' dir='ltr'>γῆν.</span> <span class='ocrx_word' id='word_1_626' title='bbox 3098 3307 3118 3340; x_wconf 77' lang='grc' dir='ltr'><strong>ι</strong></span> <span class='ocrx_word' id='word_1_627' title='bbox 3161 3288 3224 3343; x_wconf 83' lang='lat'><strong>&#39;0</strong></span> <span class='ocrx_word' id='word_1_628' title='bbox 3254 3289 3368 3362; x_wconf 85' lang='grc' dir='ltr'><strong>γὰρ</strong></span> <span class='ocrx_word' id='word_1_629' title='bbox 3394 3290 3507 3345; x_wconf 87' lang='grc' dir='ltr'><strong>τῶν</strong></span> <span class='ocrx_word' id='word_1_630' title='bbox 3537 3291 3800 3347; x_wconf 82' lang='grc' dir='ltr'>ἁπάντων</span> 
     </span>
    </p>
   </div>
   <div class='ocr_carea' id='block_1_91' title="bbox 2196 3376 3799 3455">
    <p class='ocr_par' dir='ltr' id='par_1_91' title="bbox 2196 3376 3799 3455">
     <span class='ocr_line' id='line_1_91' title="bbox 2196 3376 3799 3455; baseline 0.004 -26"><span class='ocrx_word' id='word_1_631' title='bbox 2196 3376 2449 3448; x_wconf 82' lang='grc' dir='ltr'>,Ἔφορός</span> <span class='ocrx_word' id='word_1_632' title='bbox 2478 3394 2538 3430; x_wconf 90' lang='grc' dir='ltr'><strong>τε</strong></span> <span class='ocrx_word' id='word_1_633' title='bbox 2574 3377 2681 3431; x_wconf 69' lang='grc' dir='ltr'><strong>,καὶ¹</strong></span> <span class='ocrx_word' id='word_1_634' title='bbox 2730 3378 3029 3449; x_wconf 76' lang='grc' dir='ltr'>Πρύτανις,</span> <span class='ocrx_word' id='word_1_635' title='bbox 3064 3379 3164 3435; x_wconf 76' lang='grc' dir='ltr'>καὶ</span> <span class='ocrx_word' id='word_1_636' title='bbox 3203 3381 3386 3436; x_wconf 83' lang='grc' dir='ltr'>πάντα</span> <span class='ocrx_word' id='word_1_637' title='bbox 3417 3382 3517 3454; x_wconf 77' lang='grc' dir='ltr'>μὲν</span> <span class='ocrx_word' id='word_1_638' title='bbox 3556 3384 3799 3455; x_wconf 67' lang='grc' dir='ltr'>ἐφορῶν,</span> 
     </span>
    </p>
   </div>
   <div class='ocr_carea' id='block_1_92' title="bbox 2198 3467 3806 3545">
    <p class='ocr_par' dir='ltr' id='par_1_92' title="bbox 2198 3467 3806 3545">
     <span class='ocr_line' id='line_1_92' title="bbox 2198 3467 3806 3545; baseline 0.006 -26"><span class='ocrx_word' id='word_1_639' title='bbox 2198 3467 2392 3522; x_wconf 82' lang='grc' dir='ltr'>,πάντα</span> <span class='ocrx_word' id='word_1_640' title='bbox 2440 3467 2498 3520; x_wconf 84' lang='grc' dir='ltr'>δὲ</span> <span class='ocrx_word' id='word_1_641' title='bbox 2532 3467 2768 3534; x_wconf 80' lang='grc' dir='ltr'>ἀκούων,</span> <span class='ocrx_word' id='word_1_642' title='bbox 2802 3468 2968 3534; x_wconf 83' lang='grc' dir='ltr'>αὐτὸς</span> <span class='ocrx_word' id='word_1_643' title='bbox 3019 3470 3386 3542; x_wconf 80' lang='grc' dir='ltr'>ύπερασπίσει</span> <span class='ocrx_word' id='word_1_644' title='bbox 3407 3473 3452 3505; x_wconf 80' lang='grc'><strong>⁸⁷</strong></span> <span class='ocrx_word' id='word_1_645' title='bbox 3491 3473 3590 3527; x_wconf 91' lang='grc' dir='ltr'><strong>τοῦ</strong></span> <span class='ocrx_word' id='word_1_646' title='bbox 3616 3476 3806 3545; x_wconf 84' lang='grc' dir='ltr'>Ζορο-</span> 
     </span>
    </p>
   </div>
   <div class='ocr_carea' id='block_1_93' title="bbox 2209 3556 3911 3637">
    <p class='ocr_par' dir='ltr' id='par_1_93' title="bbox 2209 3556 3911 3637">
     <span class='ocr_line' id='line_1_93' title="bbox 2209 3556 3911 3637; baseline 0.005 -27"><span class='ocrx_word' id='word_1_647' title='bbox 2209 3556 2397 3613; x_wconf 83' lang='grc' dir='ltr'><strong>ϐάϐελ⁴</strong></span> <span class='ocrx_word' id='word_1_648' title='bbox 2429 3558 2647 3613; x_wconf 84' lang='grc' dir='ltr'>Τούτων</span> <span class='ocrx_word' id='word_1_649' title='bbox 2678 3556 2855 3622; x_wconf 77' lang='grc' dir='ltr'>οὕτως</span> <span class='ocrx_word' id='word_1_650' title='bbox 2879 3560 3212 3632; x_wconf 74' lang='grc' dir='ltr'>εἰρημένων,</span> <span class='ocrx_word' id='word_1_651' title='bbox 3252 3563 3441 3633; x_wconf 73' lang='grc' dir='ltr'>ἐρέται</span> <span class='ocrx_word' id='word_1_652' title='bbox 3474 3562 3575 3634; x_wconf 69' lang='grc' dir='ltr'>μὲν</span> <span class='ocrx_word' id='word_1_653' title='bbox 3599 3566 3629 3619; x_wconf 84' lang='grc' dir='ltr'><strong><em>ὁ</em></strong></span> <span class='ocrx_word' id='word_1_654' title='bbox 3660 3582 3802 3637; x_wconf 85' lang='grc' dir='ltr'>προ-</span> <span class='ocrx_word' id='word_1_655' title='bbox 3902 3622 3911 3628; x_wconf 67' lang='grc'><strong>,</strong></span> 
     </span>
    </p>
   </div>
   <div class='ocr_carea' id='block_1_94' title="bbox 2212 3650 3804 3729">
    <p class='ocr_par' dir='ltr' id='par_1_94' title="bbox 2212 3650 3804 3729">
     <span class='ocr_line' id='line_1_94' title="bbox 2212 3650 3804 3729; baseline 0.007 -28"><span class='ocrx_word' id='word_1_656' title='bbox 2212 3650 2391 3720; x_wconf 86' lang='grc' dir='ltr'>φήτης</span> <span class='ocrx_word' id='word_1_657' title='bbox 2422 3651 2553 3721; x_wconf 72' lang='grc' dir='ltr'>περὶ</span> <span class='ocrx_word' id='word_1_658' title='bbox 2598 3652 2710 3705; x_wconf 84' lang='grc' dir='ltr'><strong>τῶν</strong></span> <span class='ocrx_word' id='word_1_659' title='bbox 2739 3651 3082 3722; x_wconf 81' lang='grc' dir='ltr'>ἑκατέρωθεν</span> <span class='ocrx_word' id='word_1_660' title='bbox 3112 3651 3216 3723; x_wconf 80' lang='grc' dir='ltr'>τῆς</span> <span class='ocrx_word' id='word_1_661' title='bbox 3252 3653 3475 3724; x_wconf 89' lang='grc' dir='ltr'>λυχνίας</span> <span class='ocrx_word' id='word_1_662' title='bbox 3496 3654 3804 3729; x_wconf 79' lang='grc' dir='ltr'>τεθηλυιῶν</span> 
     </span>
    </p>
   </div>
   <div class='ocr_carea' id='block_1_95' title="bbox 2212 3737 3806 3811">
    <p class='ocr_par' dir='ltr' id='par_1_95' title="bbox 2212 3737 3806 3811">
     <span class='ocr_line' id='line_1_95' title="bbox 2212 3737 3806 3811; baseline 0.006 -22"><span class='ocrx_word' id='word_1_663' title='bbox 2212 3737 2430 3803; x_wconf 72' lang='grc' dir='ltr'>ἐλαιῶν,</span> <span class='ocrx_word' id='word_1_664' title='bbox 2467 3739 2799 3793; x_wconf 84' lang='grc' dir='ltr'>πυνθάνεται</span> <span class='ocrx_word' id='word_1_665' title='bbox 2843 3739 2903 3793; x_wconf 81' lang='grc' dir='ltr'>δὲ</span> <span class='ocrx_word' id='word_1_666' title='bbox 2960 3741 3235 3811; x_wconf 75' lang='grc' dir='ltr'>περὶτῶν</span> <span class='ocrx_word' id='word_1_667' title='bbox 3291 3742 3388 3797; x_wconf 87' lang='grc' dir='ltr'><strong>δύο</strong></span> <span class='ocrx_word' id='word_1_668' title='bbox 3443 3743 3660 3799; x_wconf 84' lang='grc' dir='ltr'>κλάδων</span> <span class='ocrx_word' id='word_1_669' title='bbox 3688 3744 3806 3800; x_wconf 87' lang='grc' dir='ltr'><strong>τῶν</strong></span> 
     </span>
    </p>
   </div>
   <div class='ocr_carea' id='block_1_96' title="bbox 2215 3830 3801 3907">
    <p class='ocr_par' dir='ltr' id='par_1_96' title="bbox 2215 3830 3801 3907">
     <span class='ocr_line' id='line_1_96' title="bbox 2215 3830 3801 3907; baseline 0.008 -27"><span class='ocrx_word' id='word_1_670' title='bbox 2215 3830 2407 3900; x_wconf 85' lang='grc' dir='ltr'>μέχρις</span> <span class='ocrx_word' id='word_1_671' title='bbox 2452 3831 2632 3883; x_wconf 86' lang='grc' dir='ltr'>αὐτῶν</span> <span class='ocrx_word' id='word_1_672' title='bbox 2660 3830 2954 3900; x_wconf 84' lang='grc' dir='ltr'>διηκόντων</span> <span class='ocrx_word' id='word_1_673' title='bbox 2991 3833 3102 3887; x_wconf 82' lang='grc' dir='ltr'><strong>τῶν</strong></span> <span class='ocrx_word' id='word_1_674' title='bbox 3127 3832 3358 3904; x_wconf 85' lang='grc' dir='ltr'>λύχνων,</span> <span class='ocrx_word' id='word_1_675' title='bbox 3383 3836 3481 3889; x_wconf 70' lang='grc' dir='ltr'>καὶ</span> <span class='ocrx_word' id='word_1_676' title='bbox 3509 3836 3801 3907; x_wconf 75' lang='grc' dir='ltr'>μανθάνει,</span> 
     </span>
    </p>
   </div>
   <div class='ocr_carea' id='block_1_97' title="bbox 2211 3920 3810 3999">
    <p class='ocr_par' dir='ltr' id='par_1_97' title="bbox 2211 3920 3810 3999">
     <span class='ocr_line' id='line_1_97' title="bbox 2211 3920 3810 3999; baseline 0.007 -26"><span class='ocrx_word' id='word_1_677' title='bbox 2211 3920 2296 3974; x_wconf 81' lang='grc' dir='ltr'>ὅτι</span> <span class='ocrx_word' id='word_1_678' title='bbox 2321 3923 2372 3974; x_wconf 78' lang='grc' dir='ltr'>οἱ</span> <span class='ocrx_word' id='word_1_679' title='bbox 2404 3921 2498 3975; x_wconf 89' lang='grc' dir='ltr'><strong>δύο</strong></span> <span class='ocrx_word' id='word_1_680' title='bbox 2524 3921 2634 3976; x_wconf 81' lang='grc' dir='ltr'>υίοὶ</span> <span class='ocrx_word' id='word_1_681' title='bbox 2657 3924 2759 3993; x_wconf 80' lang='grc' dir='ltr'>τῆς</span> <span class='ocrx_word' id='word_1_682' title='bbox 2806 3923 3085 3996; x_wconf 86' lang='grc' dir='ltr'>πιότητος,</span> <span class='ocrx_word' id='word_1_683' title='bbox 3106 3924 3156 3977; x_wconf 82' lang='grc' dir='ltr'>οἶ</span> <span class='ocrx_word' id='word_1_684' title='bbox 3180 3926 3562 3998; x_wconf 74' lang='grc' dir='ltr'>παρεστήκασι</span> <span class='ocrx_word' id='word_1_685' title='bbox 3589 3927 3669 3999; x_wconf 76' lang='grc' dir='ltr'>τῷ</span> <span class='ocrx_word' id='word_1_686' title='bbox 3690 3930 3810 3983; x_wconf 80' lang='grc' dir='ltr'><strong>Κυ-</strong></span> 
     </span>
    </p>
   </div>
   <div class='ocr_carea' id='block_1_98' title="bbox 2214 4013 3809 4091">
    <p class='ocr_par' dir='ltr' id='par_1_98' title="bbox 2214 4013 3809 4091">
     <span class='ocr_line' id='line_1_98' title="bbox 2214 4013 3809 4091; baseline 0.006 -27"><span class='ocrx_word' id='word_1_687' title='bbox 2214 4013 2317 4085; x_wconf 84' lang='grc' dir='ltr'><strong>ρίῳ</strong></span> <span class='ocrx_word' id='word_1_688' title='bbox 2338 4015 2520 4085; x_wconf 85' lang='grc' dir='ltr'>πάσης</span> <span class='ocrx_word' id='word_1_689' title='bbox 2546 4014 2646 4087; x_wconf 82' lang='grc' dir='ltr'>τῆς</span> <span class='ocrx_word' id='word_1_690' title='bbox 2697 4016 2821 4086; x_wconf 84' lang='grc' dir='ltr'>γῆς.</span> <span class='ocrx_word' id='word_1_691' title='bbox 2851 4015 3017 4085; x_wconf 85' lang='grc' dir='ltr'>Λέγει</span> <span class='ocrx_word' id='word_1_692' title='bbox 3066 4014 3127 4069; x_wconf 73' lang='grc' dir='ltr'>δὲ</span> <span class='ocrx_word' id='word_1_693' title='bbox 3166 4015 3374 4087; x_wconf 86' lang='grc' dir='ltr'>Ἰησοῦν</span> <span class='ocrx_word' id='word_1_694' title='bbox 3397 4018 3490 4072; x_wconf 82' lang='grc' dir='ltr'><strong>τὸν</strong></span> <span class='ocrx_word' id='word_1_695' title='bbox 3537 4019 3809 4091; x_wconf 79' lang='grc' dir='ltr'>ἀρχιερέα</span> 
     </span>
    </p>
   </div>
   <div class='ocr_carea' id='block_1_99' title="bbox 2198 4104 3811 4180">
    <p class='ocr_par' dir='ltr' id='par_1_99' title="bbox 2198 4104 3811 4180">
     <span class='ocr_line' id='line_1_99' title="bbox 2198 4104 3811 4180; baseline 0.006 -25"><span class='ocrx_word' id='word_1_696' title='bbox 2198 4105 2308 4156; x_wconf 76' lang='lat' dir='ltr'><strong>.xal.</strong></span> <span class='ocrx_word' id='word_1_697' title='bbox 2335 4104 2651 4177; x_wconf 84' lang='grc' dir='ltr'>Ζοραϐάϐελ</span> <span class='ocrx_word' id='word_1_698' title='bbox 2700 4105 2794 4161; x_wconf 82' lang='grc' dir='ltr'>τὸν</span> <span class='ocrx_word' id='word_1_699' title='bbox 2845 4105 3174 4178; x_wconf 81' lang='grc' dir='ltr'>στρατηγὸν,</span> <span class='ocrx_word' id='word_1_700' title='bbox 3204 4106 3298 4163; x_wconf 79' lang='grc' dir='ltr'>τὸν</span> <span class='ocrx_word' id='word_1_701' title='bbox 3337 4106 3441 4179; x_wconf 61' lang='grc' dir='ltr'><strong>μέν</strong></span> <span class='ocrx_word' id='word_1_702' title='bbox 3463 4110 3528 4163; x_wconf 74' lang='grc' dir='ltr'>ὲκ</span> <span class='ocrx_word' id='word_1_703' title='bbox 3578 4109 3675 4163; x_wconf 89' lang='grc' dir='ltr'><strong>τοῦ</strong></span> <span class='ocrx_word' id='word_1_704' title='bbox 3704 4108 3811 4180; x_wconf 76' lang='grc' dir='ltr'><strong>βα-</strong></span> 
     </span>
    </p>
   </div>
   <div class='ocr_carea' id='block_1_100' title="bbox 2216 4194 3812 4276">
    <p class='ocr_par' dir='ltr' id='par_1_100' title="bbox 2216 4194 3812 4276">
     <span class='ocr_line' id='line_1_100' title="bbox 2216 4194 3812 4276; baseline 0.007 -29"><span class='ocrx_word' id='word_1_705' title='bbox 2216 4194 2424 4250; x_wconf 89' lang='grc' dir='ltr'>σιλικοῦ</span> <span class='ocrx_word' id='word_1_706' title='bbox 2447 4236 2463 4264; x_wconf 89' lang='grc'><strong>,</strong></span> <span class='ocrx_word' id='word_1_707' title='bbox 2522 4196 2615 4252; x_wconf 82' lang='grc' dir='ltr'>τὸν</span> <span class='ocrx_word' id='word_1_708' title='bbox 2662 4196 2727 4251; x_wconf 78' lang='grc' dir='ltr'>δὲ</span> <span class='ocrx_word' id='word_1_709' title='bbox 2772 4199 2840 4251; x_wconf 70' lang='grc' dir='ltr'>ἐκ</span> <span class='ocrx_word' id='word_1_710' title='bbox 2886 4196 2983 4253; x_wconf 91' lang='grc' dir='ltr'><strong>τοῦ</strong></span> <span class='ocrx_word' id='word_1_711' title='bbox 3042 4197 3317 4270; x_wconf 66' lang='grc' dir='ltr'>ἱερατικοῦ</span> <span class='ocrx_word' id='word_1_712' title='bbox 3375 4199 3574 4270; x_wconf 75' lang='grc' dir='ltr'>γένους</span> <span class='ocrx_word' id='word_1_713' title='bbox 3626 4200 3812 4276; x_wconf 80' lang='grc' dir='ltr'>ἀνθή-</span> 
     </span>
    </p>
   </div>
   <div class='ocr_carea' id='block_1_101' title="bbox 2217 4300 2405 4343">
    <p class='ocr_par' dir='ltr' id='par_1_101' title="bbox 2217 4300 2405 4343">
     <span class='ocr_line' id='line_1_101' title="bbox 2217 4300 2405 4343; baseline 0.027 -5"><span class='ocrx_word' id='word_1_714' title='bbox 2217 4300 2405 4343; x_wconf 87' lang='grc' dir='ltr'>σαντα.</span> 
     </span>
    </p>
   </div>
   <div class='ocr_carea' id='block_1_102' title="bbox 2745 4378 3256 4439">
    <p class='ocr_par' dir='ltr' id='par_1_102' title="bbox 2745 4378 3256 4439">
     <span class='ocr_line' id='line_1_102' title="bbox 2745 4378 3256 4439; baseline 0.014 -6"><span class='ocrx_word' id='word_1_715' title='bbox 2745 4378 3140 4437; x_wconf 59' lang='grc' dir='ltr'><strong>ΚΕΦΑΛΔΙΟΝ</strong></span> <span class='ocrx_word' id='word_1_716' title='bbox 3178 4382 3256 4439; x_wconf 68' lang='lat' dir='ltr'><strong>Et.</strong></span> 
     </span>
    </p>
   </div>
   <div class='ocr_carea' id='block_1_103' title="bbox 2285 4463 3813 4552">
    <p class='ocr_par' dir='ltr' id='par_1_103' title="bbox 2285 4463 3813 4552">
     <span class='ocr_line' id='line_1_103' title="bbox 2285 4463 3813 4552; baseline 0.009 -33"><span class='ocrx_word' id='word_1_717' title='bbox 2285 4463 2443 4521; x_wconf 75' lang='grc' dir='ltr'>Οὕτω</span> <span class='ocrx_word' id='word_1_718' title='bbox 2476 4469 2598 4533; x_wconf 73' lang='grc' dir='ltr'>ταῖς</span> <span class='ocrx_word' id='word_1_719' title='bbox 2652 4470 3025 4537; x_wconf 82' lang='grc' dir='ltr'>παντοδαπαῖς</span> <span class='ocrx_word' id='word_1_720' title='bbox 3073 4473 3331 4546; x_wconf 81' lang='grc' dir='ltr'>θεωρίαις</span> <span class='ocrx_word' id='word_1_721' title='bbox 3373 4473 3502 4540; x_wconf 78' lang='grc' dir='ltr'>τοὺς</span> <span class='ocrx_word' id='word_1_722' title='bbox 3544 4476 3677 4547; x_wconf 79' lang='grc' dir='ltr'>περὶ</span> <span class='ocrx_word' id='word_1_723' title='bbox 3704 4476 3813 4552; x_wconf 80' lang='grc' dir='ltr'>τῆς</span> 
     </span>
    </p>
   </div>
   <div class='ocr_carea' id='block_1_104' title="bbox 2201 4552 3807 4638">
    <p class='ocr_par' dir='ltr' id='par_1_104' title="bbox 2201 4552 3807 4638">
     <span class='ocr_line' id='line_1_104' title="bbox 2201 4552 3807 4638; baseline 0.009 -29"><span class='ocrx_word' id='word_1_724' title='bbox 2201 4552 2495 4626; x_wconf 68' lang='grc' dir='ltr'>,βασιλείας</span> <span class='ocrx_word' id='word_1_725' title='bbox 2519 4559 2617 4614; x_wconf 75' lang='grc' dir='ltr'>καὶ</span> <span class='ocrx_word' id='word_1_726' title='bbox 2647 4559 2748 4631; x_wconf 83' lang='grc' dir='ltr'>τῆς</span> <span class='ocrx_word' id='word_1_727' title='bbox 2774 4562 3077 4633; x_wconf 74' lang='grc' dir='ltr'>ἱερωσύνης</span> <span class='ocrx_word' id='word_1_728' title='bbox 3114 4565 3560 4638; x_wconf 83' lang='grc' dir='ltr'>βεϐαιωσάμενος</span> <span class='ocrx_word' id='word_1_729' title='bbox 3583 4567 3807 4638; x_wconf 86' lang='grc' dir='ltr'>λόγους,</span> 
     </span>
    </p>
   </div>
   <div class='ocr_carea' id='block_1_105' title="bbox 2214 4649 3818 4732">
    <p class='ocr_par' dir='ltr' id='par_1_105' title="bbox 2214 4649 3818 4732">
     <span class='ocr_line' id='line_1_105' title="bbox 2214 4649 3818 4732; baseline 0.011 -30"><span class='ocrx_word' id='word_1_730' title='bbox 2214 4650 2313 4703; x_wconf 73' lang='grc' dir='ltr'>καὶ</span> <span class='ocrx_word' id='word_1_731' title='bbox 2338 4649 2440 4721; x_wconf 80' lang='grc' dir='ltr'>τῆς</span> <span class='ocrx_word' id='word_1_732' title='bbox 2466 4652 2781 4723; x_wconf 84' lang='grc' dir='ltr'>οἰκοδομίας</span> <span class='ocrx_word' id='word_1_733' title='bbox 2798 4653 2893 4708; x_wconf 89' lang='grc' dir='ltr'><strong>τοῦ</strong></span> <span class='ocrx_word' id='word_1_734' title='bbox 2929 4654 3075 4709; x_wconf 77' lang='grc' dir='ltr'>θείου</span> <span class='ocrx_word' id='word_1_735' title='bbox 3105 4656 3237 4712; x_wconf 88' lang='grc' dir='ltr'>ναοῦ</span> <span class='ocrx_word' id='word_1_736' title='bbox 3286 4662 3711 4732; x_wconf 70' lang='grc' dir='ltr'>προσαγορεύσας</span> <span class='ocrx_word' id='word_1_737' title='bbox 3745 4664 3818 4719; x_wconf 83' lang='grc' dir='ltr'>τὸ</span> 
     </span>
    </p>
   </div>
   <div class='ocr_carea' id='block_1_106' title="bbox 2214 4738 3811 4822">
    <p class='ocr_par' dir='ltr' id='par_1_106' title="bbox 2214 4738 3811 4822">
     <span class='ocr_line' id='line_1_106' title="bbox 2214 4738 3811 4822; baseline 0.011 -31"><span class='ocrx_word' id='word_1_738' title='bbox 2214 4738 2391 4805; x_wconf 88' lang='grc' dir='ltr'>τέλος,</span> <span class='ocrx_word' id='word_1_739' title='bbox 2429 4742 2628 4815; x_wconf 78' lang='grc' dir='ltr'>ἀπειλῇ</span> <span class='ocrx_word' id='word_1_740' title='bbox 2644 4742 2689 4777; x_wconf 76' lang='grc'><strong>⁸⁸</strong></span> <span class='ocrx_word' id='word_1_741' title='bbox 2705 4744 2975 4816; x_wconf 84' lang='grc' dir='ltr'>τιμωρίας</span> <span class='ocrx_word' id='word_1_742' title='bbox 2997 4746 3296 4803; x_wconf 84' lang='grc' dir='ltr'>δεδίττεται</span> <span class='ocrx_word' id='word_1_743' title='bbox 3325 4752 3455 4815; x_wconf 84' lang='grc' dir='ltr'>τοὺς</span> <span class='ocrx_word' id='word_1_744' title='bbox 3479 4752 3811 4822; x_wconf 81' lang='grc' dir='ltr'>ἀκούοντας,</span> 
     </span>
    </p>
   </div>
   <div class='ocr_carea' id='block_1_107' title="bbox 2216 4828 3817 4915">
    <p class='ocr_par' dir='ltr' id='par_1_107' title="bbox 2216 4828 3817 4915">
     <span class='ocr_line' id='line_1_107' title="bbox 2216 4828 3817 4915; baseline 0.011 -33"><span class='ocrx_word' id='word_1_745' title='bbox 2216 4828 2414 4892; x_wconf 84' lang='grc' dir='ltr'>κακίας</span> <span class='ocrx_word' id='word_1_746' title='bbox 2439 4830 2766 4903; x_wconf 82' lang='grc' dir='ltr'>ἀποτρέπων</span> <span class='ocrx_word' id='word_1_747' title='bbox 2785 4875 2802 4901; x_wconf 89' lang='grc'><strong>,</strong></span> <span class='ocrx_word' id='word_1_748' title='bbox 2835 4835 2934 4889; x_wconf 76' lang='grc' dir='ltr'>καὶ</span> <span class='ocrx_word' id='word_1_749' title='bbox 2969 4838 3296 4910; x_wconf 82' lang='grc' dir='ltr'>προτρέπων</span> <span class='ocrx_word' id='word_1_750' title='bbox 3327 4841 3408 4905; x_wconf 76' lang='grc' dir='ltr'>εἰς</span> <span class='ocrx_word' id='word_1_751' title='bbox 3441 4842 3679 4915; x_wconf 76' lang='grc' dir='ltr'>ἀρετήν’</span> <span class='ocrx_word' id='word_1_752' title='bbox 3709 4845 3817 4900; x_wconf 74' lang='grc' dir='ltr'>καὶ</span> 
     </span>
    </p>
   </div>
   <div class='ocr_carea' id='block_1_108' title="bbox 2215 4919 3816 5007">
    <p class='ocr_par' dir='ltr' id='par_1_108' title="bbox 2215 4919 3816 5007">
     <span class='ocr_line' id='line_1_108' title="bbox 2215 4919 3816 5007; baseline 0.011 -35"><span class='ocrx_word' id='word_1_753' title='bbox 2215 4919 2458 4975; x_wconf 86' lang='grc' dir='ltr'>δείκνυσι</span> <span class='ocrx_word' id='word_1_754' title='bbox 2480 4921 2562 4993; x_wconf 84' lang='grc' dir='ltr'>τῷ</span> <span class='ocrx_word' id='word_1_755' title='bbox 2600 4927 2854 4998; x_wconf 75' lang='grc' dir='ltr'>προφήτῃ</span> <span class='ocrx_word' id='word_1_756' title='bbox 2896 4926 3200 4997; x_wconf 71' lang='grc' dir='ltr'>δρέπανον</span> <span class='ocrx_word' id='word_1_757' title='bbox 3213 4931 3260 4963; x_wconf 77' lang='grc' dir='ltr'><strong>⁷ο</strong></span> <span class='ocrx_word' id='word_1_758' title='bbox 3285 4931 3544 5002; x_wconf 84' lang='grc' dir='ltr'>μέγιστον</span> <span class='ocrx_word' id='word_1_759' title='bbox 3564 4935 3816 5007; x_wconf 78' lang='grc' dir='ltr'>αίωρού-</span> 
     </span>
    </p>
   </div>
   <div class='ocr_carea' id='block_1_109' title="bbox 2203 5013 3818 5096">
    <p class='ocr_par' dir='ltr' id='par_1_109' title="bbox 2203 5013 3818 5096">
     <span class='ocr_line' id='line_1_109' title="bbox 2203 5013 3818 5096; baseline 0.011 -33"><span class='ocrx_word' id='word_1_760' title='bbox 2203 5028 2398 5082; x_wconf 73' lang='grc' dir='ltr'>μενον,</span> <span class='ocrx_word' id='word_1_761' title='bbox 2426 5013 2521 5069; x_wconf 74' lang='grc' dir='ltr'>καὶ</span> <span class='ocrx_word' id='word_1_762' title='bbox 2566 5013 2659 5069; x_wconf 83' lang='grc' dir='ltr'>διὰ</span> <span class='ocrx_word' id='word_1_763' title='bbox 2700 5015 2796 5069; x_wconf 91' lang='grc' dir='ltr'><strong>τοῦ</strong></span> <span class='ocrx_word' id='word_1_764' title='bbox 2845 5017 3017 5088; x_wconf 87' lang='grc' dir='ltr'>άέρος.</span> <span class='ocrx_word' id='word_1_765' title='bbox 3044 5020 3377 5092; x_wconf 80' lang='grc' dir='ltr'>φερόμενον,</span> <span class='ocrx_word' id='word_1_766' title='bbox 3421 5014 3563 5077; x_wconf 88' lang='grc' dir='ltr'>δέκα</span> <span class='ocrx_word' id='word_1_767' title='bbox 3608 5024 3711 5096; x_wconf 78' lang='grc' dir='ltr'>μὲν</span> <span class='ocrx_word' id='word_1_768' title='bbox 3744 5027 3818 5082; x_wconf 74' lang='grc' dir='ltr'>τὸ</span> 
     </span>
    </p>
   </div>
   <div class='ocr_carea' id='block_1_110' title="bbox 2211 5100 3815 5187">
    <p class='ocr_par' dir='ltr' id='par_1_110' title="bbox 2211 5100 3815 5187">
     <span class='ocr_line' id='line_1_110' title="bbox 2211 5100 3815 5187; baseline 0.01 -31"><span class='ocrx_word' id='word_1_769' title='bbox 2211 5100 2370 5173; x_wconf 74' lang='grc' dir='ltr'>εὖρος</span> <span class='ocrx_word' id='word_1_770' title='bbox 2407 5104 2645 5175; x_wconf 90' lang='grc' dir='ltr'>πήχεων,</span> <span class='ocrx_word' id='word_1_771' title='bbox 2682 5106 2853 5161; x_wconf 80' lang='grc' dir='ltr'>εἴκοσι</span> <span class='ocrx_word' id='word_1_772' title='bbox 2904 5107 2962 5161; x_wconf 82' lang='grc' dir='ltr'>δὲ</span> <span class='ocrx_word' id='word_1_773' title='bbox 2995 5109 3058 5162; x_wconf 85' lang='grc' dir='ltr'>τὸ</span> <span class='ocrx_word' id='word_1_774' title='bbox 3099 5112 3294 5183; x_wconf 82' lang='grc' dir='ltr'>μῆκος.</span> <span class='ocrx_word' id='word_1_775' title='bbox 3325 5114 3438 5168; x_wconf 82' lang='grc' dir='ltr'><strong>Καὶ</strong></span> <span class='ocrx_word' id='word_1_776' title='bbox 3465 5116 3815 5187; x_wconf 84' lang='grc' dir='ltr'>διδάσκεται,</span> 
     </span>
    </p>
   </div>
   <div class='ocr_carea' id='block_1_111' title="bbox 2213 5195 3816 5277">
    <p class='ocr_par' dir='ltr' id='par_1_111' title="bbox 2213 5195 3816 5277">
     <span class='ocr_line' id='line_1_111' title="bbox 2213 5195 3816 5277; baseline 0.01 -28"><span class='ocrx_word' id='word_1_777' title='bbox 2213 5197 2294 5251; x_wconf 82' lang='grc' dir='ltr'>ὅτι</span> <span class='ocrx_word' id='word_1_778' title='bbox 2318 5195 2459 5268; x_wconf 81' lang='grc' dir='ltr'>αῦτη</span> <span class='ocrx_word' id='word_1_779' title='bbox 2501 5199 2534 5268; x_wconf 87' lang='grc' dir='ltr'><strong>ή</strong></span> <span class='ocrx_word' id='word_1_780' title='bbox 2568 5196 2697 5267; x_wconf 84' lang='grc' dir='ltr'>ἀρὰ,</span> <span class='ocrx_word' id='word_1_781' title='bbox 2724 5200 2758 5269; x_wconf 81' lang='grc' dir='ltr'><strong>ή</strong></span> <span class='ocrx_word' id='word_1_782' title='bbox 2811 5200 3225 5275; x_wconf 76' lang='grc' dir='ltr'>ἐκπορευομένη</span> <span class='ocrx_word' id='word_1_783' title='bbox 3249 5204 3345 5258; x_wconf 75' lang='grc' dir='ltr'><strong>ἐπὶ</strong></span> <span class='ocrx_word' id='word_1_784' title='bbox 3371 5207 3666 5277; x_wconf 78' lang='grc' dir='ltr'>πρόσωπον</span> <span class='ocrx_word' id='word_1_785' title='bbox 3694 5211 3816 5266; x_wconf 83' lang='grc' dir='ltr'>πά-</span> 
     </span>
    </p>
   </div>
   <div class='ocr_carea' id='block_1_112' title="bbox 2216 5286 3015 5371">
    <p class='ocr_par' dir='ltr' id='par_1_112' title="bbox 2216 5286 3015 5371">
     <span class='ocr_line' id='line_1_112' title="bbox 2216 5286 3015 5371; baseline 0 -13"><span class='ocrx_word' id='word_1_786' title='bbox 2216 5303 2314 5358; x_wconf 76' lang='grc' dir='ltr'><strong>σης</strong></span> <span class='ocrx_word' id='word_1_787' title='bbox 2340 5287 2441 5358; x_wconf 80' lang='grc' dir='ltr'><strong>τῆς</strong></span> <span class='ocrx_word' id='word_1_788' title='bbox 2460 5286 2587 5358; x_wconf 74' lang='grc' dir='ltr'><strong>γῆςο</strong></span> <span class='ocrx_word' id='word_1_789' title='bbox 3013 5369 3015 5371; x_wconf 38' lang='grc'><strong><em>,</em></strong></span> 
     </span>
    </p>
   </div>
   <div class='ocr_carea' id='block_1_113' title="bbox 2292 5378 3818 5456">
    <p class='ocr_par' dir='ltr' id='par_1_113' title="bbox 2292 5378 3818 5456">
     <span class='ocr_line' id='line_1_113' title="bbox 2292 5378 3818 5456; baseline 0.013 -24"><span class='ocrx_word' id='word_1_790' title='bbox 2292 5396 2312 5432; x_wconf 83' lang='grc' dir='ltr'><strong>ι</strong></span> <span class='ocrx_word' id='word_1_791' title='bbox 2338 5378 2487 5433; x_wconf 86' lang='grc' dir='ltr'>Διότι</span> <span class='ocrx_word' id='word_1_792' title='bbox 2514 5380 2621 5444; x_wconf 75' lang='grc' dir='ltr'>πᾶς</span> <span class='ocrx_word' id='word_1_793' title='bbox 2645 5382 2673 5435; x_wconf 82' lang='grc' dir='ltr'>ὁ</span> <span class='ocrx_word' id='word_1_794' title='bbox 2698 5379 2939 5455; x_wconf 85' lang='grc' dir='ltr'>κλέπτης</span> <span class='ocrx_word' id='word_1_795' title='bbox 2973 5385 3039 5441; x_wconf 71' lang='grc' dir='ltr'>ἐκ</span> <span class='ocrx_word' id='word_1_796' title='bbox 3076 5386 3270 5443; x_wconf 92' lang='grc' dir='ltr'>τούτου</span> <span class='ocrx_word' id='word_1_797' title='bbox 3302 5388 3409 5456; x_wconf 70' lang='grc' dir='ltr'>ἕως</span> <span class='ocrx_word' id='word_1_798' title='bbox 3436 5391 3676 5449; x_wconf 83' lang='grc' dir='ltr'>θανάτου</span> <span class='ocrx_word' id='word_1_799' title='bbox 3712 5395 3818 5452; x_wconf 80' lang='grc' dir='ltr'>έκ-</span> 
     </span>
    </p>
   </div>
   <div class='ocr_carea' id='block_1_114' title="bbox 1840 5573 2523 5637">
    <p class='ocr_par' dir='ltr' id='par_1_114' title="bbox 1840 5573 2523 5637">
     <span class='ocr_line' id='line_1_114' title="bbox 1840 5573 2523 5637; baseline 0.007 -9"><span class='ocrx_word' id='word_1_800' title='bbox 1840 5573 2077 5633; x_wconf 70' lang='grc' dir='ltr'><strong>ἾΑΠΙΑΞ</strong></span> <span class='ocrx_word' id='word_1_801' title='bbox 2116 5576 2523 5637; x_wconf 77' lang='lat' dir='ltr'><strong>LECTIONES.</strong></span> 
     </span>
    </p>
   </div>
   <div class='ocr_carea' id='block_1_115' title="bbox 602 5692 1629 5769">
    <p class='ocr_par' dir='ltr' id='par_1_115' title="bbox 602 5692 1629 5769">
     <span class='ocr_line' id='line_1_115' title="bbox 602 5692 1629 5769; baseline -0.022 1"><span class='ocrx_word' id='word_1_802' title='bbox 602 5699 647 5769; x_wconf 64' lang='grc' dir='ltr'><strong>⁶ῗ</strong></span> <span class='ocrx_word' id='word_1_803' title='bbox 671 5697 736 5769; x_wconf 55' lang='grc' dir='ltr'><strong>Α·</strong></span> <span class='ocrx_word' id='word_1_804' title='bbox 764 5698 986 5769; x_wconf 61' lang='grc' dir='ltr'>μικρὰς,</span> <span class='ocrx_word' id='word_1_805' title='bbox 1004 5703 1251 5769; x_wconf 13' lang='lat' dir='ltr'><strong>rqttteest</strong></span> <span class='ocrx_word' id='word_1_806' title='bbox 1271 5708 1376 5769; x_wconf 56' lang='lat' dir='ltr'><strong>rec</strong></span> <span class='ocrx_word' id='word_1_807' title='bbox 1442 5692 1629 5769; x_wconf 83' lang='lat' dir='ltr'><strong>lectio.</strong></span> 
     </span>
    </p>
   </div>
   <div class='ocr_carea' id='block_1_116' title="bbox 530 5764 1732 5838">
    <p class='ocr_par' dir='ltr' id='par_1_116' title="bbox 530 5764 1732 5838">
     <span class='ocr_line' id='line_1_116' title="bbox 530 5764 1732 5838; baseline -0.006 -15"><span class='ocrx_word' id='word_1_808' title='bbox 530 5770 576 5803; x_wconf 80' lang='lat'><strong>&quot;</strong></span> <span class='ocrx_word' id='word_1_809' title='bbox 611 5766 652 5822; x_wconf 86' lang='lat' dir='ltr'><strong>C</strong></span> <span class='ocrx_word' id='word_1_810' title='bbox 688 5764 920 5823; x_wconf 78' lang='grc' dir='ltr'>ἀπειλεῖ.</span> <span class='ocrx_word' id='word_1_811' title='bbox 991 5764 1223 5838; x_wconf 65' lang='grc' dir='ltr'>⁷⁰’δρέ,π.</span> <span class='ocrx_word' id='word_1_812' title='bbox 1260 5764 1426 5820; x_wconf 75' lang='lat' dir='ltr'><strong>Hebr.</strong></span> <span class='ocrx_word' id='word_1_813' title='bbox 1458 5765 1732 5818; x_wconf 79' lang='lat' dir='ltr'><strong>volumen.</strong></span> 
     </span>
    </p>
   </div>
   <div class='ocr_carea' id='block_1_117' title="bbox 1739 5669 2300 5751">
    <p class='ocr_par' dir='ltr' id='par_1_117' title="bbox 1739 5669 2300 5751">
     <span class='ocr_line' id='line_1_117' title="bbox 1739 5669 2300 5751; baseline 0.014 -8"><span class='ocrx_word' id='word_1_814' title='bbox 1739 5692 1781 5723; x_wconf 76' lang='grc' dir='ltr'><strong>ο·</strong></span> <span class='ocrx_word' id='word_1_815' title='bbox 1813 5669 1918 5748; x_wconf 64' lang='lat' dir='ltr'><strong>aia.</strong></span> <span class='ocrx_word' id='word_1_816' title='bbox 1970 5690 2091 5748; x_wconf 87' lang='lat' dir='ltr'><strong>Dcs.</strong></span> <span class='ocrx_word' id='word_1_817' title='bbox 2144 5694 2198 5749; x_wconf 90' lang='lat' dir='ltr'><strong>in</strong></span> <span class='ocrx_word' id='word_1_818' title='bbox 2240 5695 2300 5751; x_wconf 87' lang='lat' dir='ltr'><strong>c.</strong></span> 
     </span>
    </p>
   </div>
   <div class='ocr_carea' id='block_1_118' title="bbox 2419 5695 3810 5784">
    <p class='ocr_par' dir='ltr' id='par_1_118' title="bbox 2419 5695 3810 5784">
     <span class='ocr_line' id='line_1_118' title="bbox 2419 5695 3810 5784; baseline 0.015 -32"><span class='ocrx_word' id='word_1_819' title='bbox 2419 5696 2463 5730; x_wconf 80' lang='lat'><strong>&quot;</strong></span> <span class='ocrx_word' id='word_1_820' title='bbox 2492 5695 2534 5753; x_wconf 86' lang='lat' dir='ltr'><strong>C</strong></span> <span class='ocrx_word' id='word_1_821' title='bbox 2593 5698 2975 5774; x_wconf 81' lang='grc' dir='ltr'>ύπερασπίζει.</span> <span class='ocrx_word' id='word_1_822' title='bbox 3093 5706 3137 5740; x_wconf 74' lang='grc'><strong>⁸⁸</strong></span> <span class='ocrx_word' id='word_1_823' title='bbox 3166 5708 3238 5765; x_wconf 76' lang='grc' dir='ltr'>οἱ.</span> <span class='ocrx_word' id='word_1_824' title='bbox 3287 5707 3330 5767; x_wconf 87' lang='lat' dir='ltr'><strong>C</strong></span> <span class='ocrx_word' id='word_1_825' title='bbox 3380 5725 3576 5784; x_wconf 68' lang='lat' dir='ltr'><strong>praem.</strong></span> <span class='ocrx_word' id='word_1_826' title='bbox 3626 5707 3810 5776; x_wconf 76' lang='grc' dir='ltr'>οῦτοι.</span> 
     </span>
    </p>
   </div>
  </div>
