  <div class='ocr_page' id='page_1' title='image "/cluster/home/n/w/nwhite01/storage/ocr_20150623/81:no.2/coo.31924054869825/958.png"; bbox 0 0 4090 6394; ppageno 0'>
   <div class='ocr_carea' id='block_1_1' title="bbox 324 379 475 446">
    <p class='ocr_par' dir='ltr' id='par_1_1' title="bbox 324 379 475 446">
     <span class='ocr_line' id='line_1_1' title="bbox 324 379 475 446; baseline -0.007 -2"><span class='ocrx_word' id='word_1_1' title='bbox 324 379 475 446; x_wconf 70' lang='lat'><strong>&quot;1901</strong></span> 
     </span>
    </p>
   </div>
   <div class='ocr_carea' id='block_1_2' title="bbox 1558 377 2388 448">
    <p class='ocr_par' dir='ltr' id='par_1_2' title="bbox 1558 377 2388 448">
     <span class='ocr_line' id='line_1_2' title="bbox 1558 377 2388 448; baseline 0.008 -8"><span class='ocrx_word' id='word_1_2' title='bbox 1558 379 1640 442; x_wconf 85' lang='lat' dir='ltr'><strong>IN</strong></span> <span class='ocrx_word' id='word_1_3' title='bbox 1678 377 2079 440; x_wconf 72' lang='lat' dir='ltr'><strong>ZACHARI/E</strong></span> <span class='ocrx_word' id='word_1_4' title='bbox 2113 383 2272 444; x_wconf 82' lang='lat' dir='ltr'><strong>CAP.</strong></span> <span class='ocrx_word' id='word_1_5' title='bbox 2319 385 2388 448; x_wconf 88' lang='lat' dir='ltr'><strong>V.</strong></span> 
     </span>
    </p>
   </div>
   <div class='ocr_carea' id='block_1_3' title="bbox 3470 381 3610 448">
    <p class='ocr_par' dir='ltr' id='par_1_3' title="bbox 3470 381 3610 448">
     <span class='ocr_line' id='line_1_3' title="bbox 3470 381 3610 448; baseline 0.014 -2"><span class='ocrx_word' id='word_1_6' title='bbox 3470 381 3610 448; x_wconf 76' lang='lat'><strong>1902</strong></span> 
     </span>
    </p>
   </div>
   <div class='ocr_carea' id='block_1_4' title="bbox 331 485 1922 564">
    <p class='ocr_par' dir='ltr' id='par_1_4' title="bbox 331 485 1922 564">
     <span class='ocr_line' id='line_1_4' title="bbox 331 485 1922 564; baseline -0.004 -17"><span class='ocrx_word' id='word_1_7' title='bbox 331 489 693 562; x_wconf 83' lang='grc' dir='ltr'>δικηθήσεται</span> <span class='ocrx_word' id='word_1_8' title='bbox 711 488 783 549; x_wconf 84' lang='lat'><strong>&quot;.</strong></span> <span class='ocrx_word' id='word_1_9' title='bbox 817 485 927 564; x_wconf 81' lang='grc' dir='ltr'><strong>(δ’</strong></span> <span class='ocrx_word' id='word_1_10' title='bbox 953 488 1065 544; x_wconf 84' lang='lat' dir='ltr'><strong>Kal.</strong></span> <span class='ocrx_word' id='word_1_11' title='bbox 1091 487 1287 554; x_wconf 72' lang='grc' dir='ltr'>ἐξοίσω</span> <span class='ocrx_word' id='word_1_12' title='bbox 1310 487 1446 543; x_wconf 78' lang='grc' dir='ltr'>αὐτὸ</span> <span class='ocrx_word' id='word_1_13' title='bbox 1461 487 1529 554; x_wconf 78' lang='grc'>⁷⁸,</span> <span class='ocrx_word' id='word_1_14' title='bbox 1545 486 1695 558; x_wconf 91' lang='grc' dir='ltr'><strong>λέγει</strong></span> <span class='ocrx_word' id='word_1_15' title='bbox 1719 487 1922 560; x_wconf 83' lang='grc' dir='ltr'>Κύριος</span> 
     </span>
    </p>
   </div>
   <div class='ocr_carea' id='block_1_5' title="bbox 2023 485 3610 564">
    <p class='ocr_par' dir='ltr' id='par_1_5' title="bbox 2031 488 3610 562">
     <span class='ocr_line' id='line_1_5' title="bbox 2031 488 3610 562; baseline 0.003 -18"><span class='ocrx_word' id='word_1_16' title='bbox 2031 490 2239 548; x_wconf 89' lang='lat' dir='ltr'><strong>nietur.</strong></span> <span class='ocrx_word' id='word_1_17' title='bbox 2274 493 2467 561; x_wconf 74' lang='lat' dir='ltr'><strong>(Vens.</strong></span> <span class='ocrx_word' id='word_1_18' title='bbox 2493 490 2576 562; x_wconf 75' lang='grc' dir='ltr'><strong>ι.)</strong></span> <span class='ocrx_word' id='word_1_19' title='bbox 2604 490 2669 547; x_wconf 85' lang='lat' dir='ltr'><strong>Et</strong></span> <span class='ocrx_word' id='word_1_20' title='bbox 2703 489 2941 548; x_wconf 78' lang='lat' dir='ltr'><strong>educam</strong></span> <span class='ocrx_word' id='word_1_21' title='bbox 2975 488 3138 559; x_wconf 89' lang='lat' dir='ltr'><strong>illud,</strong></span> <span class='ocrx_word' id='word_1_22' title='bbox 3175 489 3314 547; x_wconf 88' lang='lat' dir='ltr'><strong>dicit</strong></span> <span class='ocrx_word' id='word_1_23' title='bbox 3339 488 3610 549; x_wconf 86' lang='lat' dir='ltr'><strong>Dominus</strong></span> 
     </span>
    </p>
   </div>
   <div class='ocr_carea' id='block_1_6' title="bbox 333 575 1924 655">
    <p class='ocr_par' dir='ltr' id='par_1_6' title="bbox 333 575 1924 655">
     <span class='ocr_line' id='line_1_6' title="bbox 333 575 1924 655; baseline -0.004 -16"><span class='ocrx_word' id='word_1_24' title='bbox 333 581 741 655; x_wconf 80' lang='grc' dir='ltr'><strong>παντοκράτωρ</strong></span> <span class='ocrx_word' id='word_1_25' title='bbox 764 621 780 649; x_wconf 93' lang='grc'><strong>,</strong></span> <span class='ocrx_word' id='word_1_26' title='bbox 815 583 913 638; x_wconf 71' lang='grc' dir='ltr'>καὶ</span> <span class='ocrx_word' id='word_1_27' title='bbox 966 580 1332 636; x_wconf 72' lang='grc' dir='ltr'><strong>εἰσελεύσεται</strong></span> <span class='ocrx_word' id='word_1_28' title='bbox 1388 582 1470 646; x_wconf 90' lang='grc' dir='ltr'><strong>είς</strong></span> <span class='ocrx_word' id='word_1_29' title='bbox 1509 580 1600 636; x_wconf 72' lang='grc' dir='ltr'><strong>τὸν</strong></span> <span class='ocrx_word' id='word_1_30' title='bbox 1649 575 1798 634; x_wconf 75' lang='grc' dir='ltr'>οἷκον</span> <span class='ocrx_word' id='word_1_31' title='bbox 1829 578 1924 634; x_wconf 74' lang='grc' dir='ltr'>τοῦ</span> 
     </span>
    </p>
   </div>
   <div class='ocr_carea' id='block_1_7' title="bbox 330 670 1926 746">
    <p class='ocr_par' dir='ltr' id='par_1_7' title="bbox 330 670 1926 746">
     <span class='ocr_line' id='line_1_7' title="bbox 330 670 1926 746; baseline -0.004 -15"><span class='ocrx_word' id='word_1_32' title='bbox 330 678 592 741; x_wconf 85' lang='grc' dir='ltr'><strong>κλέπτου,</strong></span> <span class='ocrx_word' id='word_1_33' title='bbox 619 675 717 730; x_wconf 73' lang='grc' dir='ltr'><strong>καὶ</strong></span> <span class='ocrx_word' id='word_1_34' title='bbox 763 675 845 738; x_wconf 89' lang='grc' dir='ltr'><strong>είς</strong></span> <span class='ocrx_word' id='word_1_35' title='bbox 886 673 981 729; x_wconf 77' lang='grc' dir='ltr'>τὸν</span> <span class='ocrx_word' id='word_1_36' title='bbox 1013 670 1162 728; x_wconf 70' lang='grc' dir='ltr'>οἶκον</span> <span class='ocrx_word' id='word_1_37' title='bbox 1204 673 1298 728; x_wconf 83' lang='grc' dir='ltr'><strong>τοῦ</strong></span> <span class='ocrx_word' id='word_1_38' title='bbox 1329 673 1626 746; x_wconf 82' lang='grc' dir='ltr'><strong>ὀμνύοντος</strong></span> <span class='ocrx_word' id='word_1_39' title='bbox 1663 673 1819 727; x_wconf 60' lang='lat' dir='ltr'><strong>Evcl.&quot;</strong></span> <span class='ocrx_word' id='word_1_40' title='bbox 1846 671 1926 743; x_wconf 82' lang='grc' dir='ltr'><strong>τῷ</strong></span> 
     </span>
    </p>
   </div>
   <div class='ocr_carea' id='block_1_8' title="bbox 327 763 1922 840">
    <p class='ocr_par' dir='ltr' id='par_1_8' title="bbox 327 763 1922 840">
     <span class='ocr_line' id='line_1_8' title="bbox 327 763 1922 840; baseline -0.003 -18"><span class='ocrx_word' id='word_1_41' title='bbox 327 767 562 840; x_wconf 84' lang='grc' dir='ltr'>ὀνόματί</span> <span class='ocrx_word' id='word_1_42' title='bbox 593 785 698 837; x_wconf 92' lang='grc' dir='ltr'><strong>μου</strong></span> <span class='ocrx_word' id='word_1_43' title='bbox 724 768 817 821; x_wconf 74' lang='grc' dir='ltr'><strong>ἐπὶ</strong></span> <span class='ocrx_word' id='word_1_44' title='bbox 839 765 1051 839; x_wconf 80' lang='grc' dir='ltr'>ψεύδει,</span> <span class='ocrx_word' id='word_1_45' title='bbox 1089 767 1184 822; x_wconf 73' lang='grc' dir='ltr'>καὶ</span> <span class='ocrx_word' id='word_1_46' title='bbox 1213 766 1511 821; x_wconf 84' lang='grc' dir='ltr'><strong>καταλύσει</strong></span> <span class='ocrx_word' id='word_1_47' title='bbox 1549 768 1608 820; x_wconf 82' lang='grc' dir='ltr'>έν</span> <span class='ocrx_word' id='word_1_48' title='bbox 1646 764 1797 837; x_wconf 83' lang='grc' dir='ltr'>μέσῳ</span> <span class='ocrx_word' id='word_1_49' title='bbox 1827 763 1922 818; x_wconf 82' lang='grc' dir='ltr'><strong>τοῦ</strong></span> 
     </span>
    </p>
   </div>
   <div class='ocr_carea' id='block_1_9' title="bbox 330 856 1928 926">
    <p class='ocr_par' dir='ltr' id='par_1_9' title="bbox 330 856 1928 926">
     <span class='ocr_line' id='line_1_9' title="bbox 330 856 1928 926; baseline -0.003 -12"><span class='ocrx_word' id='word_1_50' title='bbox 330 861 483 914; x_wconf 76' lang='grc' dir='ltr'>οἴκου</span> <span class='ocrx_word' id='word_1_51' title='bbox 516 859 708 926; x_wconf 82' lang='grc' dir='ltr'>αὐτοῦ,</span> <span class='ocrx_word' id='word_1_52' title='bbox 737 859 832 912; x_wconf 79' lang='grc' dir='ltr'><strong>καὶ</strong></span> <span class='ocrx_word' id='word_1_53' title='bbox 865 857 1177 912; x_wconf 87' lang='grc' dir='ltr'>συντελέσει</span> <span class='ocrx_word' id='word_1_54' title='bbox 1200 857 1386 925; x_wconf 79' lang='grc' dir='ltr'>αὐτὸν,</span> <span class='ocrx_word' id='word_1_55' title='bbox 1420 857 1516 913; x_wconf 77' lang='grc' dir='ltr'>καὶ</span> <span class='ocrx_word' id='word_1_56' title='bbox 1563 857 1632 912; x_wconf 89' lang='grc' dir='ltr'><strong>τά</strong></span> <span class='ocrx_word' id='word_1_57' title='bbox 1666 856 1797 922; x_wconf 77' lang='grc' dir='ltr'>ξύλα</span> <span class='ocrx_word' id='word_1_58' title='bbox 1835 857 1928 911; x_wconf 83' lang='grc' dir='ltr'>αύ-</span> 
     </span>
    </p>
   </div>
   <div class='ocr_carea' id='block_1_10' title="bbox 329 949 1926 1022">
    <p class='ocr_par' dir='ltr' id='par_1_10' title="bbox 329 949 1926 1022">
     <span class='ocr_line' id='line_1_10' title="bbox 329 949 1926 1022; baseline -0.003 -15"><span class='ocrx_word' id='word_1_59' title='bbox 329 951 452 1015; x_wconf 85' lang='grc' dir='ltr'>τοῦ,</span> <span class='ocrx_word' id='word_1_60' title='bbox 487 952 584 1006; x_wconf 75' lang='grc' dir='ltr'><strong>καὶ</strong></span> <span class='ocrx_word' id='word_1_61' title='bbox 615 951 746 1015; x_wconf 80' lang='grc' dir='ltr'>τοὺς</span> <span class='ocrx_word' id='word_1_62' title='bbox 789 949 970 1012; x_wconf 83' lang='grc' dir='ltr'>λίθους</span> <span class='ocrx_word' id='word_1_63' title='bbox 1019 949 1209 1005; x_wconf 78' lang='grc' dir='ltr'>αὑτοῦ.</span> <span class='ocrx_word' id='word_1_64' title='bbox 1251 969 1270 1000; x_wconf 76' lang='grc' dir='ltr'><strong>ι</strong></span> <span class='ocrx_word' id='word_1_65' title='bbox 1311 950 1476 1022; x_wconf 85' lang='grc' dir='ltr'><strong>Ἀράν</strong></span> <span class='ocrx_word' id='word_1_66' title='bbox 1506 949 1623 1018; x_wconf 80' lang='grc' dir='ltr'>τὴν</span> <span class='ocrx_word' id='word_1_67' title='bbox 1647 950 1926 1017; x_wconf 79' lang='grc' dir='ltr'>τιμωρίαν</span> 
     </span>
    </p>
   </div>
   <div class='ocr_carea' id='block_1_11' title="bbox 330 1041 1923 1114">
    <p class='ocr_par' dir='ltr' id='par_1_11' title="bbox 330 1041 1923 1114">
     <span class='ocr_line' id='line_1_11' title="bbox 330 1041 1923 1114; baseline -0.001 -16"><span class='ocrx_word' id='word_1_68' title='bbox 330 1043 587 1108; x_wconf 77' lang='grc' dir='ltr'>ἐκάλεσε,</span> <span class='ocrx_word' id='word_1_69' title='bbox 613 1042 714 1114; x_wconf 78' lang='grc' dir='ltr'><strong>τὴν</strong></span> <span class='ocrx_word' id='word_1_70' title='bbox 749 1042 893 1096; x_wconf 90' lang='grc' dir='ltr'><strong>κατά</strong></span> <span class='ocrx_word' id='word_1_71' title='bbox 921 1043 1103 1114; x_wconf 83' lang='grc' dir='ltr'><strong>πάσης</strong></span> <span class='ocrx_word' id='word_1_72' title='bbox 1134 1041 1423 1114; x_wconf 82' lang='grc' dir='ltr'><strong>χωροῦσαν</strong></span> <span class='ocrx_word' id='word_1_73' title='bbox 1445 1041 1545 1113; x_wconf 83' lang='grc' dir='ltr'>τῆς</span> <span class='ocrx_word' id='word_1_74' title='bbox 1576 1043 1923 1113; x_wconf 86' lang='grc' dir='ltr'>οἰκουμένης,</span> 
     </span>
    </p>
   </div>
   <div class='ocr_carea' id='block_1_12' title="bbox 331 1134 1926 1207">
    <p class='ocr_par' dir='ltr' id='par_1_12' title="bbox 331 1134 1926 1207">
     <span class='ocr_line' id='line_1_12' title="bbox 331 1134 1926 1207; baseline 0.001 -19"><span class='ocrx_word' id='word_1_75' title='bbox 331 1135 432 1200; x_wconf 79' lang='grc' dir='ltr'>καὶ</span> <span class='ocrx_word' id='word_1_76' title='bbox 456 1138 572 1200; x_wconf 76' lang='grc' dir='ltr'>τοῖς</span> <span class='ocrx_word' id='word_1_77' title='bbox 608 1134 712 1206; x_wconf 81' lang='grc' dir='ltr'><strong>τῆς</strong></span> <span class='ocrx_word' id='word_1_78' title='bbox 737 1134 955 1198; x_wconf 79' lang='grc' dir='ltr'><strong>ἀδικίας</strong></span> <span class='ocrx_word' id='word_1_79' title='bbox 989 1135 1252 1206; x_wconf 75' lang='grc' dir='ltr'><strong>ἐργάταις</strong></span> <span class='ocrx_word' id='word_1_80' title='bbox 1304 1136 1676 1207; x_wconf 74' lang='grc' dir='ltr'>ἐπαγομένην.</span> <span class='ocrx_word' id='word_1_81' title='bbox 1720 1135 1926 1189; x_wconf 84' lang='grc' dir='ltr'>Ἐδιδά-</span> 
     </span>
    </p>
   </div>
   <div class='ocr_carea' id='block_1_13' title="bbox 331 1221 1925 1297">
    <p class='ocr_par' dir='ltr' id='par_1_13' title="bbox 331 1221 1925 1297">
     <span class='ocr_line' id='line_1_13' title="bbox 331 1221 1925 1297; baseline -0.001 -19"><span class='ocrx_word' id='word_1_82' title='bbox 331 1226 439 1297; x_wconf 87' lang='grc' dir='ltr'>χθη</span> <span class='ocrx_word' id='word_1_83' title='bbox 466 1226 525 1279; x_wconf 65' lang='grc' dir='ltr'>δὲ</span> <span class='ocrx_word' id='word_1_84' title='bbox 553 1224 645 1280; x_wconf 80' lang='grc' dir='ltr'><strong>διὰ</strong></span> <span class='ocrx_word' id='word_1_85' title='bbox 685 1224 894 1280; x_wconf 88' lang='grc' dir='ltr'>τούτων</span> <span class='ocrx_word' id='word_1_86' title='bbox 940 1225 1036 1278; x_wconf 78' lang='grc' dir='ltr'><strong>καὶ</strong></span> <span class='ocrx_word' id='word_1_87' title='bbox 1068 1225 1097 1277; x_wconf 98' lang='lat'><strong>6</strong></span> <span class='ocrx_word' id='word_1_88' title='bbox 1130 1224 1438 1297; x_wconf 79' lang='grc' dir='ltr'><strong>προφήτης,</strong></span> <span class='ocrx_word' id='word_1_89' title='bbox 1483 1224 1579 1278; x_wconf 75' lang='grc' dir='ltr'><strong>καὶ</strong></span> <span class='ocrx_word' id='word_1_90' title='bbox 1619 1227 1647 1278; x_wconf 90' lang='lat'><strong>6</strong></span> <span class='ocrx_word' id='word_1_91' title='bbox 1682 1223 1829 1288; x_wconf 77' lang='grc' dir='ltr'>λαὸς,</span> <span class='ocrx_word' id='word_1_92' title='bbox 1850 1221 1925 1287; x_wconf 84' lang='grc' dir='ltr'>ὡς</span> 
     </span>
    </p>
   </div>
   <div class='ocr_carea' id='block_1_14' title="bbox 331 1312 1921 1387">
    <p class='ocr_par' dir='ltr' id='par_1_14' title="bbox 331 1312 1921 1387">
     <span class='ocr_line' id='line_1_14' title="bbox 331 1312 1921 1387; baseline -0.004 -17"><span class='ocrx_word' id='word_1_93' title='bbox 331 1318 556 1370; x_wconf 77' lang='grc' dir='ltr'>πάντων</span> <span class='ocrx_word' id='word_1_94' title='bbox 602 1314 916 1387; x_wconf 83' lang='grc' dir='ltr'>ἀνθρώπων</span> <span class='ocrx_word' id='word_1_95' title='bbox 949 1316 1144 1387; x_wconf 86' lang='grc' dir='ltr'>κριτής</span> <span class='ocrx_word' id='word_1_96' title='bbox 1207 1316 1353 1367; x_wconf 78' lang='grc' dir='ltr'>ἐστιν</span> <span class='ocrx_word' id='word_1_97' title='bbox 1382 1317 1410 1368; x_wconf 89' lang='lat'><strong>6</strong></span> <span class='ocrx_word' id='word_1_98' title='bbox 1449 1312 1557 1368; x_wconf 84' lang='grc' dir='ltr'><strong>τῶν</strong></span> <span class='ocrx_word' id='word_1_99' title='bbox 1601 1315 1738 1368; x_wconf 83' lang='grc' dir='ltr'>ὅλων</span> <span class='ocrx_word' id='word_1_100' title='bbox 1768 1312 1921 1376; x_wconf 70' lang='grc' dir='ltr'>Θεὸς,</span> 
     </span>
    </p>
   </div>
   <div class='ocr_carea' id='block_1_15' title="bbox 331 1404 1924 1476">
    <p class='ocr_par' dir='ltr' id='par_1_15' title="bbox 331 1404 1924 1476">
     <span class='ocr_line' id='line_1_15' title="bbox 331 1404 1924 1476; baseline -0.004 -13"><span class='ocrx_word' id='word_1_101' title='bbox 331 1409 432 1463; x_wconf 67' lang='grc' dir='ltr'>καὶ</span> <span class='ocrx_word' id='word_1_102' title='bbox 463 1406 716 1470; x_wconf 71' lang='grc' dir='ltr'>ἅπαντας</span> <span class='ocrx_word' id='word_1_103' title='bbox 749 1406 910 1472; x_wconf 77' lang='grc' dir='ltr'>ἀξίας</span> <span class='ocrx_word' id='word_1_104' title='bbox 940 1404 1298 1476; x_wconf 72' lang='grc' dir='ltr'><strong>εἰσπράξεται</strong></span> <span class='ocrx_word' id='word_1_105' title='bbox 1336 1405 1512 1471; x_wconf 86' lang='grc' dir='ltr'>δίκας,</span> <span class='ocrx_word' id='word_1_106' title='bbox 1546 1404 1924 1476; x_wconf 85' lang='grc' dir='ltr'>πανωλεθρίαν</span> 
     </span>
    </p>
   </div>
   <div class='ocr_carea' id='block_1_16' title="bbox 331 1496 1924 1568">
    <p class='ocr_par' dir='ltr' id='par_1_16' title="bbox 331 1496 1924 1568">
     <span class='ocr_line' id='line_1_16' title="bbox 331 1496 1924 1568; baseline -0.002 -15"><span class='ocrx_word' id='word_1_107' title='bbox 331 1499 558 1568; x_wconf 75' lang='grc' dir='ltr'><strong>ἐπάγων</strong></span> <span class='ocrx_word' id='word_1_108' title='bbox 587 1500 647 1552; x_wconf 84' lang='grc' dir='ltr'><strong>ού</strong></span> <span class='ocrx_word' id='word_1_109' title='bbox 688 1498 851 1568; x_wconf 87' lang='grc' dir='ltr'>μόνον</span> <span class='ocrx_word' id='word_1_110' title='bbox 877 1501 992 1561; x_wconf 87' lang='grc' dir='ltr'>τοῖς</span> <span class='ocrx_word' id='word_1_111' title='bbox 1021 1500 1104 1561; x_wconf 87' lang='grc' dir='ltr'>είς</span> <span class='ocrx_word' id='word_1_112' title='bbox 1128 1496 1290 1550; x_wconf 68' lang='grc' dir='ltr'>αὐτὸν</span> <span class='ocrx_word' id='word_1_113' title='bbox 1313 1496 1627 1562; x_wconf 74' lang='grc' dir='ltr'>ἀσεϐοῦσιν,</span> <span class='ocrx_word' id='word_1_114' title='bbox 1655 1497 1791 1550; x_wconf 87' lang='grc' dir='ltr'>ἀλλὰ</span> <span class='ocrx_word' id='word_1_115' title='bbox 1830 1500 1924 1550; x_wconf 69' lang='grc' dir='ltr'><strong>καὶ</strong></span> 
     </span>
    </p>
   </div>
   <div class='ocr_carea' id='block_1_17' title="bbox 329 1587 1925 1661">
    <p class='ocr_par' dir='ltr' id='par_1_17' title="bbox 329 1587 1925 1661">
     <span class='ocr_line' id='line_1_17' title="bbox 329 1587 1925 1661; baseline -0.001 -17"><span class='ocrx_word' id='word_1_116' title='bbox 329 1593 444 1654; x_wconf 85' lang='grc' dir='ltr'>τοῖς</span> <span class='ocrx_word' id='word_1_117' title='bbox 475 1589 720 1644; x_wconf 76' lang='grc' dir='ltr'>ἀδικοῦσι</span> <span class='ocrx_word' id='word_1_118' title='bbox 751 1589 841 1642; x_wconf 74' lang='grc' dir='ltr'>τὸν</span> <span class='ocrx_word' id='word_1_119' title='bbox 900 1589 1093 1653; x_wconf 84' lang='grc' dir='ltr'>πέλας.</span> <span class='ocrx_word' id='word_1_120' title='bbox 1126 1589 1218 1661; x_wconf 78' lang='grc' dir='ltr'><strong>Μὴ</strong></span> <span class='ocrx_word' id='word_1_121' title='bbox 1247 1587 1356 1660; x_wconf 81' lang='grc' dir='ltr'><strong>γάρ</strong></span> <span class='ocrx_word' id='word_1_122' title='bbox 1401 1606 1482 1652; x_wconf 88' lang='grc' dir='ltr'><strong>τις</strong></span> <span class='ocrx_word' id='word_1_123' title='bbox 1517 1588 1710 1642; x_wconf 79' lang='grc' dir='ltr'><strong>οἰέσθω</strong></span> <span class='ocrx_word' id='word_1_124' title='bbox 1732 1628 1746 1651; x_wconf 92' lang='grc'><strong>,</strong></span> <span class='ocrx_word' id='word_1_125' title='bbox 1782 1588 1925 1642; x_wconf 88' lang='grc' dir='ltr'><strong>κατά</strong></span> 
     </span>
    </p>
   </div>
   <div class='ocr_carea' id='block_1_18' title="bbox 329 1678 1923 1751">
    <p class='ocr_par' dir='ltr' id='par_1_18' title="bbox 329 1678 1923 1751">
     <span class='ocr_line' id='line_1_18' title="bbox 329 1678 1923 1751; baseline -0.001 -16"><span class='ocrx_word' id='word_1_126' title='bbox 329 1679 582 1735; x_wconf 83' lang='grc' dir='ltr'>κλεπτῶν</span> <span class='ocrx_word' id='word_1_127' title='bbox 611 1681 788 1750; x_wconf 88' lang='grc' dir='ltr'>μόνων</span> <span class='ocrx_word' id='word_1_128' title='bbox 820 1680 912 1734; x_wconf 78' lang='grc' dir='ltr'><strong>καὶ</strong></span> <span class='ocrx_word' id='word_1_129' title='bbox 934 1679 1208 1751; x_wconf 76' lang='grc' dir='ltr'>ἐπιόρκων</span> <span class='ocrx_word' id='word_1_130' title='bbox 1228 1678 1435 1750; x_wconf 64' lang='grc' dir='ltr'>ταύτην</span> <span class='ocrx_word' id='word_1_131' title='bbox 1461 1679 1791 1750; x_wconf 80' lang='grc' dir='ltr'><strong>γεγενῆσθαι</strong></span> <span class='ocrx_word' id='word_1_132' title='bbox 1824 1679 1923 1751; x_wconf 84' lang='grc' dir='ltr'><strong>τὴν</strong></span> 
     </span>
    </p>
   </div>
   <div class='ocr_carea' id='block_1_19' title="bbox 329 1769 1922 1842">
    <p class='ocr_par' dir='ltr' id='par_1_19' title="bbox 329 1769 1922 1842">
     <span class='ocr_line' id='line_1_19' title="bbox 329 1769 1922 1842; baseline 0 -18"><span class='ocrx_word' id='word_1_133' title='bbox 329 1772 599 1842; x_wconf 84' lang='grc' dir='ltr'>ἀπειλήν·</span> <span class='ocrx_word' id='word_1_134' title='bbox 640 1771 786 1825; x_wconf 78' lang='grc' dir='ltr'>κατὰ</span> <span class='ocrx_word' id='word_1_135' title='bbox 836 1771 1017 1842; x_wconf 82' lang='grc' dir='ltr'><strong>πάσης</strong></span> <span class='ocrx_word' id='word_1_136' title='bbox 1063 1769 1173 1841; x_wconf 90' lang='grc' dir='ltr'><strong>γάρ</strong></span> <span class='ocrx_word' id='word_1_137' title='bbox 1225 1771 1574 1842; x_wconf 84' lang='grc' dir='ltr'>παρανομίας</span> <span class='ocrx_word' id='word_1_138' title='bbox 1605 1771 1704 1842; x_wconf 80' lang='grc' dir='ltr'>τὴν</span> <span class='ocrx_word' id='word_1_139' title='bbox 1741 1771 1922 1841; x_wconf 76' lang='grc' dir='ltr'>ψῆφον</span> 
     </span>
    </p>
   </div>
   <div class='ocr_carea' id='block_1_20' title="bbox 330 1839 1995 1934">
    <p class='ocr_par' dir='ltr' id='par_1_20' title="bbox 330 1839 1995 1934">
     <span class='ocr_line' id='line_1_20' title="bbox 330 1839 1995 1934; baseline -0.004 -17"><span class='ocrx_word' id='word_1_140' title='bbox 330 1839 644 1934; x_wconf 78' lang='grc' dir='ltr'>ἐξήνεγκεν.</span> <span class='ocrx_word' id='word_1_141' title='bbox 690 1860 911 1932; x_wconf 82' lang='grc' dir='ltr'><strong>Ἐπειδὴ</strong></span> <span class='ocrx_word' id='word_1_142' title='bbox 951 1839 1062 1932; x_wconf 78' lang='grc' dir='ltr'><strong>γὰρ</strong></span> <span class='ocrx_word' id='word_1_143' title='bbox 1093 1839 1213 1924; x_wconf 73' lang='grc' dir='ltr'>ὅλος</span> <span class='ocrx_word' id='word_1_144' title='bbox 1244 1863 1273 1914; x_wconf 90' lang='grc' dir='ltr'><strong>ό</strong></span> <span class='ocrx_word' id='word_1_145' title='bbox 1304 1839 1466 1932; x_wconf 78' lang='grc' dir='ltr'>νόμος</span> <span class='ocrx_word' id='word_1_146' title='bbox 1497 1861 1591 1916; x_wconf 76' lang='grc' dir='ltr'>καὶ</span> <span class='ocrx_word' id='word_1_147' title='bbox 1619 1839 1671 1916; x_wconf 67' lang='lat' dir='ltr'><strong>ot</strong></span> <span class='ocrx_word' id='word_1_148' title='bbox 1701 1839 1918 1933; x_wconf 47' lang='lat' dir='ltr'><strong>«palpa-</strong></span> <span class='ocrx_word' id='word_1_149' title='bbox 1952 1839 1995 1895; x_wconf 73' lang='grc' dir='ltr'><strong>Β</strong></span> 
     </span>
    </p>
   </div>
   <div class='ocr_carea' id='block_1_21' title="bbox 327 1952 1922 2026">
    <p class='ocr_par' dir='ltr' id='par_1_21' title="bbox 327 1952 1922 2026">
     <span class='ocr_line' id='line_1_21' title="bbox 327 1952 1922 2026; baseline -0.001 -17"><span class='ocrx_word' id='word_1_150' title='bbox 327 1972 420 2009; x_wconf 88' lang='grc' dir='ltr'>ται</span> <span class='ocrx_word' id='word_1_151' title='bbox 456 1957 514 2009; x_wconf 85' lang='grc' dir='ltr'>ὲν</span> <span class='ocrx_word' id='word_1_152' title='bbox 537 1954 714 2025; x_wconf 86' lang='grc' dir='ltr'>τούτῳ</span> <span class='ocrx_word' id='word_1_153' title='bbox 746 1953 824 2024; x_wconf 81' lang='grc' dir='ltr'><strong>τῷ</strong></span> <span class='ocrx_word' id='word_1_154' title='bbox 885 1952 1033 2022; x_wconf 86' lang='grc' dir='ltr'>λόγῳ</span> <span class='ocrx_word' id='word_1_155' title='bbox 1086 1953 1413 2024; x_wconf 82' lang='grc' dir='ltr'>κρέμανται,</span> <span class='ocrx_word' id='word_1_156' title='bbox 1463 1955 1523 2008; x_wconf 83' lang='grc' dir='ltr'><strong>ὲν</strong></span> <span class='ocrx_word' id='word_1_157' title='bbox 1555 1953 1663 2026; x_wconf 85' lang='grc' dir='ltr'><strong>τῷ,</strong></span> <span class='ocrx_word' id='word_1_158' title='bbox 1701 1974 1719 2007; x_wconf 88' lang='grc' dir='ltr'><strong>ι</strong></span> <span class='ocrx_word' id='word_1_159' title='bbox 1756 1956 1922 2023; x_wconf 78' lang='grc' dir='ltr'><strong>Ἀγα-</strong></span> 
     </span>
    </p>
   </div>
   <div class='ocr_carea' id='block_1_22' title="bbox 328 2043 1916 2120">
    <p class='ocr_par' dir='ltr' id='par_1_22' title="bbox 328 2043 1916 2120">
     <span class='ocr_line' id='line_1_22' title="bbox 328 2043 1916 2120; baseline -0.001 -19"><span class='ocrx_word' id='word_1_160' title='bbox 328 2049 530 2120; x_wconf 81' lang='grc' dir='ltr'>πήσεις</span> <span class='ocrx_word' id='word_1_161' title='bbox 554 2046 760 2117; x_wconf 80' lang='grc' dir='ltr'>Κύριον</span> <span class='ocrx_word' id='word_1_162' title='bbox 781 2045 873 2098; x_wconf 76' lang='grc' dir='ltr'><strong>τὸν</strong></span> <span class='ocrx_word' id='word_1_163' title='bbox 893 2043 1027 2098; x_wconf 84' lang='grc' dir='ltr'>Θεόν</span> <span class='ocrx_word' id='word_1_164' title='bbox 1058 2062 1152 2098; x_wconf 92' lang='grc' dir='ltr'><strong>σου</strong></span> <span class='ocrx_word' id='word_1_165' title='bbox 1181 2045 1243 2110; x_wconf 75' lang='grc' dir='ltr'>ἐξ</span> <span class='ocrx_word' id='word_1_166' title='bbox 1271 2045 1400 2117; x_wconf 82' lang='grc' dir='ltr'>ὅλης</span> <span class='ocrx_word' id='word_1_167' title='bbox 1420 2046 1521 2116; x_wconf 84' lang='grc' dir='ltr'>τῆς</span> <span class='ocrx_word' id='word_1_168' title='bbox 1551 2046 1778 2117; x_wconf 86' lang='grc' dir='ltr'>καρδίας</span> <span class='ocrx_word' id='word_1_169' title='bbox 1801 2063 1916 2113; x_wconf 91' lang='grc' dir='ltr'>σου,</span> 
     </span>
    </p>
   </div>
   <div class='ocr_carea' id='block_1_23' title="bbox 328 2135 1922 2210">
    <p class='ocr_par' dir='ltr' id='par_1_23' title="bbox 328 2135 1922 2210">
     <span class='ocr_line' id='line_1_23' title="bbox 328 2135 1922 2210; baseline 0 -17"><span class='ocrx_word' id='word_1_170' title='bbox 328 2140 428 2193; x_wconf 76' lang='grc' dir='ltr'><strong>καὶ</strong></span> <span class='ocrx_word' id='word_1_171' title='bbox 453 2139 771 2210; x_wconf 83' lang='grc' dir='ltr'><strong>ἀγαπήσεις</strong></span> <span class='ocrx_word' id='word_1_172' title='bbox 802 2136 894 2190; x_wconf 79' lang='grc' dir='ltr'>τὸν</span> <span class='ocrx_word' id='word_1_173' title='bbox 941 2135 1170 2207; x_wconf 81' lang='grc' dir='ltr'><strong>πλησίον</strong></span> <span class='ocrx_word' id='word_1_174' title='bbox 1211 2155 1304 2190; x_wconf 89' lang='grc' dir='ltr'>σου</span> <span class='ocrx_word' id='word_1_175' title='bbox 1337 2138 1414 2201; x_wconf 80' lang='grc' dir='ltr'>ὡς</span> <span class='ocrx_word' id='word_1_176' title='bbox 1461 2139 1710 2206; x_wconf 91' lang='grc' dir='ltr'>σεαυτόν,</span> <span class='ocrx_word' id='word_1_177' title='bbox 1781 2157 1802 2191; x_wconf 75' lang='grc' dir='ltr'>ι</span> <span class='ocrx_word' id='word_1_178' title='bbox 1833 2139 1922 2194; x_wconf 75' lang='grc' dir='ltr'>διὰ</span> 
     </span>
    </p>
   </div>
   <div class='ocr_carea' id='block_1_24' title="bbox 327 2227 1922 2301">
    <p class='ocr_par' dir='ltr' id='par_1_24' title="bbox 327 2227 1922 2301">
     <span class='ocr_line' id='line_1_24' title="bbox 327 2227 1922 2301; baseline -0.002 -17"><span class='ocrx_word' id='word_1_179' title='bbox 327 2229 444 2299; x_wconf 82' lang='grc' dir='ltr'>τῆς</span> <span class='ocrx_word' id='word_1_180' title='bbox 459 2231 786 2300; x_wconf 78' lang='grc' dir='ltr'>ἐπιορκίας,</span> <span class='ocrx_word' id='word_1_181' title='bbox 810 2229 905 2283; x_wconf 73' lang='grc' dir='ltr'>καὶ</span> <span class='ocrx_word' id='word_1_182' title='bbox 931 2227 1044 2296; x_wconf 83' lang='grc' dir='ltr'>τῆς</span> <span class='ocrx_word' id='word_1_183' title='bbox 1067 2228 1322 2299; x_wconf 79' lang='grc' dir='ltr'>κλοπῆς,</span> <span class='ocrx_word' id='word_1_184' title='bbox 1345 2231 1453 2284; x_wconf 82' lang='grc' dir='ltr'><strong>πᾶν</strong></span> <span class='ocrx_word' id='word_1_185' title='bbox 1482 2227 1620 2294; x_wconf 76' lang='grc' dir='ltr'>εἶδος</span> <span class='ocrx_word' id='word_1_186' title='bbox 1647 2230 1922 2301; x_wconf 84' lang='grc' dir='ltr'>ἁμαρτίας</span> 
     </span>
    </p>
   </div>
   <div class='ocr_carea' id='block_1_25' title="bbox 326 2320 1923 2393">
    <p class='ocr_par' dir='ltr' id='par_1_25' title="bbox 326 2320 1923 2393">
     <span class='ocr_line' id='line_1_25' title="bbox 326 2320 1923 2393; baseline -0.002 -17"><span class='ocrx_word' id='word_1_187' title='bbox 326 2324 663 2393; x_wconf 84' lang='grc' dir='ltr'><strong>συνήγαγεν.</strong></span> <span class='ocrx_word' id='word_1_188' title='bbox 705 2321 772 2374; x_wconf 87' lang='grc' dir='ltr'><strong>Ἦ</strong></span> <span class='ocrx_word' id='word_1_189' title='bbox 805 2321 906 2391; x_wconf 84' lang='grc' dir='ltr'>μὲν</span> <span class='ocrx_word' id='word_1_190' title='bbox 954 2321 1063 2392; x_wconf 90' lang='grc' dir='ltr'><strong>γάρ</strong></span> <span class='ocrx_word' id='word_1_191' title='bbox 1097 2321 1207 2374; x_wconf 86' lang='grc' dir='ltr'><strong>τῶν</strong></span> <span class='ocrx_word' id='word_1_192' title='bbox 1237 2321 1418 2393; x_wconf 81' lang='grc' dir='ltr'>ὅρκων</span> <span class='ocrx_word' id='word_1_193' title='bbox 1449 2320 1762 2393; x_wconf 73' lang='grc' dir='ltr'>παράὄασις</span> <span class='ocrx_word' id='word_1_194' title='bbox 1792 2321 1923 2374; x_wconf 59' lang='grc' dir='ltr'>ἀσελ-</span> 
     </span>
    </p>
   </div>
   <div class='ocr_carea' id='block_1_26' title="bbox 326 2419 1921 2492">
    <p class='ocr_par' dir='ltr' id='par_1_26' title="bbox 326 2419 1921 2492">
     <span class='ocr_line' id='line_1_26' title="bbox 326 2419 1921 2492; baseline -0.001 -17"><span class='ocrx_word' id='word_1_195' title='bbox 326 2421 484 2484; x_wconf 83' lang='grc' dir='ltr'>6είας</span> <span class='ocrx_word' id='word_1_196' title='bbox 517 2420 635 2474; x_wconf 81' lang='grc' dir='ltr'>ἐστὶ</span> <span class='ocrx_word' id='word_1_197' title='bbox 667 2420 730 2472; x_wconf 73' lang='grc' dir='ltr'><strong>τὺ</strong></span> <span class='ocrx_word' id='word_1_198' title='bbox 751 2419 1049 2489; x_wconf 77' lang='grc' dir='ltr'><strong>κεφάλαιον</strong></span> <span class='ocrx_word' id='word_1_199' title='bbox 1083 2436 1098 2452; x_wconf 67' lang='grc' dir='ltr'>θ</span> <span class='ocrx_word' id='word_1_200' title='bbox 1131 2421 1354 2490; x_wconf 77' lang='grc' dir='ltr'><strong>ἀγάπης</strong></span> <span class='ocrx_word' id='word_1_201' title='bbox 1380 2419 1438 2473; x_wconf 79' lang='grc' dir='ltr'>δὲ</span> <span class='ocrx_word' id='word_1_202' title='bbox 1472 2419 1621 2483; x_wconf 83' lang='grc' dir='ltr'>θείας</span> <span class='ocrx_word' id='word_1_203' title='bbox 1655 2420 1862 2492; x_wconf 75' lang='grc' dir='ltr'>ἔρημος</span> <span class='ocrx_word' id='word_1_204' title='bbox 1892 2423 1921 2474; x_wconf 82' lang='lat'><strong>6</strong></span> 
     </span>
    </p>
   </div>
   <div class='ocr_carea' id='block_1_27' title="bbox 324 2510 1921 2582">
    <p class='ocr_par' dir='ltr' id='par_1_27' title="bbox 324 2510 1921 2582">
     <span class='ocr_line' id='line_1_27' title="bbox 324 2510 1921 2582; baseline -0.004 -12"><span class='ocrx_word' id='word_1_205' title='bbox 324 2511 591 2577; x_wconf 83' lang='grc' dir='ltr'>τοιοῦτος.</span> <span class='ocrx_word' id='word_1_206' title='bbox 645 2511 710 2564; x_wconf 85' lang='grc' dir='ltr'><strong>Ἦ</strong></span> <span class='ocrx_word' id='word_1_207' title='bbox 753 2511 812 2564; x_wconf 83' lang='grc' dir='ltr'>δὲ</span> <span class='ocrx_word' id='word_1_208' title='bbox 870 2510 1043 2581; x_wconf 78' lang='grc' dir='ltr'>κλοπὴ</span> <span class='ocrx_word' id='word_1_209' title='bbox 1091 2511 1191 2582; x_wconf 84' lang='grc' dir='ltr'><strong>τὴν</strong></span> <span class='ocrx_word' id='word_1_210' title='bbox 1233 2513 1314 2574; x_wconf 88' lang='grc' dir='ltr'><strong>είς</strong></span> <span class='ocrx_word' id='word_1_211' title='bbox 1352 2510 1443 2564; x_wconf 75' lang='grc' dir='ltr'><strong>τὸν</strong></span> <span class='ocrx_word' id='word_1_212' title='bbox 1494 2510 1662 2574; x_wconf 82' lang='grc' dir='ltr'>πέλας</span> <span class='ocrx_word' id='word_1_213' title='bbox 1705 2511 1921 2564; x_wconf 82' lang='grc' dir='ltr'>ἀδικίαν</span> 
     </span>
    </p>
   </div>
   <div class='ocr_carea' id='block_1_28' title="bbox 324 2600 1921 2676">
    <p class='ocr_par' dir='ltr' id='par_1_28' title="bbox 324 2600 1921 2676">
     <span class='ocr_line' id='line_1_28' title="bbox 324 2600 1921 2676; baseline -0.001 -18"><span class='ocrx_word' id='word_1_214' title='bbox 324 2605 516 2676; x_wconf 77' lang='grc' dir='ltr'>δηλοϊο</span> <span class='ocrx_word' id='word_1_215' title='bbox 547 2601 723 2665; x_wconf 70' lang='grc' dir='ltr'>οὐδεὶς</span> <span class='ocrx_word' id='word_1_216' title='bbox 751 2600 810 2654; x_wconf 80' lang='grc' dir='ltr'>δὲ</span> <span class='ocrx_word' id='word_1_217' title='bbox 843 2600 1075 2670; x_wconf 85' lang='grc' dir='ltr'><strong>ἀγαπῶν</strong></span> <span class='ocrx_word' id='word_1_218' title='bbox 1100 2601 1194 2656; x_wconf 75' lang='grc' dir='ltr'><strong>τὸν</strong></span> <span class='ocrx_word' id='word_1_219' title='bbox 1231 2601 1461 2672; x_wconf 90' lang='grc' dir='ltr'><strong>πλησίον</strong></span> <span class='ocrx_word' id='word_1_220' title='bbox 1494 2602 1700 2656; x_wconf 76' lang='grc' dir='ltr'>ἀδικεῖν</span> <span class='ocrx_word' id='word_1_221' title='bbox 1733 2603 1921 2656; x_wconf 75' lang='grc' dir='ltr'>τοῦτον</span> 
     </span>
    </p>
   </div>
   <div class='ocr_carea' id='block_1_29' title="bbox 326 2693 1920 2764">
    <p class='ocr_par' dir='ltr' id='par_1_29' title="bbox 326 2693 1920 2764">
     <span class='ocr_line' id='line_1_29' title="bbox 326 2693 1920 2764; baseline -0.001 -13"><span class='ocrx_word' id='word_1_222' title='bbox 326 2697 582 2763; x_wconf 77' lang='grc' dir='ltr'>ἀνέξεται</span> <span class='ocrx_word' id='word_1_223' title='bbox 607 2710 622 2725; x_wconf 87' lang='grc'>⁶</span> <span class='ocrx_word' id='word_1_224' title='bbox 651 2693 978 2764; x_wconf 89' lang='grc' dir='ltr'>περιεκτικά</span> <span class='ocrx_word' id='word_1_225' title='bbox 1023 2694 1208 2748; x_wconf 90' lang='grc' dir='ltr'>τοίνυν</span> <span class='ocrx_word' id='word_1_226' title='bbox 1253 2695 1371 2748; x_wconf 75' lang='grc' dir='ltr'>ἐστὶ</span> <span class='ocrx_word' id='word_1_227' title='bbox 1398 2693 1508 2747; x_wconf 83' lang='grc' dir='ltr'>τῶν</span> <span class='ocrx_word' id='word_1_228' title='bbox 1531 2694 1712 2750; x_wconf 84' lang='grc' dir='ltr'>ἀλλων</span> <span class='ocrx_word' id='word_1_229' title='bbox 1740 2695 1920 2764; x_wconf 90' lang='grc' dir='ltr'>νόμων</span> 
     </span>
    </p>
   </div>
   <div class='ocr_carea' id='block_1_30' title="bbox 325 2785 1922 2860">
    <p class='ocr_par' dir='ltr' id='par_1_30' title="bbox 325 2785 1922 2860">
     <span class='ocr_line' id='line_1_30' title="bbox 325 2785 1922 2860; baseline -0.001 -17"><span class='ocrx_word' id='word_1_230' title='bbox 325 2789 512 2843; x_wconf 84' lang='grc' dir='ltr'>ταῦτα</span> <span class='ocrx_word' id='word_1_231' title='bbox 531 2787 601 2841; x_wconf 87' lang='grc' dir='ltr'><strong>τά</strong></span> <span class='ocrx_word' id='word_1_232' title='bbox 636 2785 933 2856; x_wconf 82' lang='grc' dir='ltr'>κεφάλαια,</span> <span class='ocrx_word' id='word_1_233' title='bbox 971 2785 1067 2840; x_wconf 75' lang='grc' dir='ltr'><strong>καὶ</strong></span> <span class='ocrx_word' id='word_1_234' title='bbox 1103 2787 1329 2851; x_wconf 86' lang='grc' dir='ltr'>εἰκότως</span> <span class='ocrx_word' id='word_1_235' title='bbox 1354 2789 1470 2852; x_wconf 87' lang='grc' dir='ltr'>τοῖς</span> <span class='ocrx_word' id='word_1_236' title='bbox 1494 2787 1542 2819; x_wconf 75' lang='grc'><strong>⁷⁸</strong></span> <span class='ocrx_word' id='word_1_237' title='bbox 1570 2787 1922 2860; x_wconf 79' lang='grc' dir='ltr'>παραόἀταις</span> 
     </span>
    </p>
   </div>
   <div class='ocr_carea' id='block_1_31' title="bbox 327 2878 1320 2954">
    <p class='ocr_par' dir='ltr' id='par_1_31' title="bbox 327 2878 1320 2954">
     <span class='ocr_line' id='line_1_31' title="bbox 327 2878 1320 2954; baseline -0.002 -18"><span class='ocrx_word' id='word_1_238' title='bbox 327 2882 433 2954; x_wconf 81' lang='grc' dir='ltr'><strong>τὴν</strong></span> <span class='ocrx_word' id='word_1_239' title='bbox 471 2879 748 2951; x_wconf 87' lang='grc' dir='ltr'>τιμωρίαν</span> <span class='ocrx_word' id='word_1_240' title='bbox 782 2878 1003 2950; x_wconf 74' lang='grc' dir='ltr'>ἐκείνην</span> <span class='ocrx_word' id='word_1_241' title='bbox 1028 2879 1320 2952; x_wconf 71' lang='grc' dir='ltr'><strong>ἠπείλησε.</strong></span> 
     </span>
    </p>
   </div>
   <div class='ocr_carea' id='block_1_32' title="bbox 401 2969 1922 3043">
    <p class='ocr_par' dir='ltr' id='par_1_32' title="bbox 401 2969 1922 3043">
     <span class='ocr_line' id='line_1_32' title="bbox 401 2969 1922 3043; baseline 0.001 -18"><span class='ocrx_word' id='word_1_242' title='bbox 401 2969 465 3037; x_wconf 84' lang='grc' dir='ltr'>ε’,</span> <span class='ocrx_word' id='word_1_243' title='bbox 491 2979 596 3036; x_wconf 83' lang='grc' dir='ltr'>ς⁹.ι</span> <span class='ocrx_word' id='word_1_244' title='bbox 626 2971 736 3024; x_wconf 79' lang='lat' dir='ltr'><strong>Kal.</strong></span> <span class='ocrx_word' id='word_1_245' title='bbox 757 2969 980 3042; x_wconf 76' lang='grc' dir='ltr'><strong>ἐξῆλθεν</strong></span> <span class='ocrx_word' id='word_1_246' title='bbox 1008 2970 1036 3024; x_wconf 90' lang='lat'><strong>6</strong></span> <span class='ocrx_word' id='word_1_247' title='bbox 1063 2970 1294 3042; x_wconf 77' lang='grc' dir='ltr'><strong>ἄγγελος</strong></span> <span class='ocrx_word' id='word_1_248' title='bbox 1320 2974 1350 3026; x_wconf 91' lang='lat'><strong>6</strong></span> <span class='ocrx_word' id='word_1_249' title='bbox 1372 2971 1550 3027; x_wconf 87' lang='grc' dir='ltr'>λαλῶν</span> <span class='ocrx_word' id='word_1_250' title='bbox 1577 2972 1636 3028; x_wconf 82' lang='grc' dir='ltr'><strong>ὲν</strong></span> <span class='ocrx_word' id='word_1_251' title='bbox 1663 2973 1807 3043; x_wconf 74' lang='grc' dir='ltr'>ἐμοὶ,</span> <span class='ocrx_word' id='word_1_252' title='bbox 1827 2972 1922 3026; x_wconf 73' lang='grc' dir='ltr'>καὶ</span> 
     </span>
    </p>
   </div>
   <div class='ocr_carea' id='block_1_33' title="bbox 330 3062 1923 3136">
    <p class='ocr_par' dir='ltr' id='par_1_33' title="bbox 330 3062 1923 3136">
     <span class='ocr_line' id='line_1_33' title="bbox 330 3062 1923 3136; baseline 0 -18"><span class='ocrx_word' id='word_1_253' title='bbox 330 3062 454 3118; x_wconf 71' lang='grc' dir='ltr'><strong>εἷπε</strong></span> <span class='ocrx_word' id='word_1_254' title='bbox 485 3064 624 3136; x_wconf 87' lang='grc' dir='ltr'>πρός</span> <span class='ocrx_word' id='word_1_255' title='bbox 665 3081 734 3136; x_wconf 91' lang='grc' dir='ltr'><strong>με</strong></span> <span class='ocrx_word' id='word_1_256' title='bbox 757 3080 771 3097; x_wconf 77' lang='grc' dir='ltr'><strong>ο</strong></span> <span class='ocrx_word' id='word_1_257' title='bbox 815 3062 1148 3134; x_wconf 69' lang='grc' dir='ltr'>Ἀνάϐλεψον</span> <span class='ocrx_word' id='word_1_258' title='bbox 1175 3067 1290 3128; x_wconf 85' lang='grc' dir='ltr'>τοῖς</span> <span class='ocrx_word' id='word_1_259' title='bbox 1333 3065 1634 3136; x_wconf 80' lang='grc' dir='ltr'>ὀφθαλμοῖς</span> <span class='ocrx_word' id='word_1_260' title='bbox 1671 3082 1789 3132; x_wconf 92' lang='grc' dir='ltr'>σου,</span> <span class='ocrx_word' id='word_1_261' title='bbox 1831 3065 1923 3120; x_wconf 77' lang='grc' dir='ltr'><strong>καὶ</strong></span> 
     </span>
    </p>
   </div>
   <div class='ocr_carea' id='block_1_34' title="bbox 2028 583 3611 657">
    <p class='ocr_par' dir='ltr' id='par_1_34' title="bbox 2028 583 3611 657">
     <span class='ocr_line' id='line_1_34' title="bbox 2028 583 3611 657; baseline 0.001 -17"><span class='ocrx_word' id='word_1_262' title='bbox 2028 583 2410 655; x_wconf 84' lang='lat' dir='ltr'><strong>omnipotens,</strong></span> <span class='ocrx_word' id='word_1_263' title='bbox 2453 593 2511 641; x_wconf 90' lang='lat' dir='ltr'><strong>et</strong></span> <span class='ocrx_word' id='word_1_264' title='bbox 2537 584 2882 657; x_wconf 85' lang='lat' dir='ltr'><strong>ingredietur</strong></span> <span class='ocrx_word' id='word_1_265' title='bbox 2923 585 2980 639; x_wconf 92' lang='lat' dir='ltr'><strong>in</strong></span> <span class='ocrx_word' id='word_1_266' title='bbox 3013 585 3238 640; x_wconf 91' lang='lat' dir='ltr'><strong>domum</strong></span> <span class='ocrx_word' id='word_1_267' title='bbox 3273 583 3435 650; x_wconf 84' lang='lat' dir='ltr'><strong>l‘uris,</strong></span> <span class='ocrx_word' id='word_1_268' title='bbox 3469 594 3524 641; x_wconf 87' lang='lat' dir='ltr'><strong>et</strong></span> <span class='ocrx_word' id='word_1_269' title='bbox 3555 587 3611 641; x_wconf 92' lang='lat' dir='ltr'><strong>in</strong></span> 
     </span>
    </p>
   </div>
   <div class='ocr_carea' id='block_1_35' title="bbox 2026 676 3604 748">
    <p class='ocr_par' dir='ltr' id='par_1_35' title="bbox 2026 676 3604 748">
     <span class='ocr_line' id='line_1_35' title="bbox 2026 676 3604 748; baseline 0.002 -19"><span class='ocrx_word' id='word_1_270' title='bbox 2026 677 2253 730; x_wconf 91' lang='lat' dir='ltr'><strong>domum</strong></span> <span class='ocrx_word' id='word_1_271' title='bbox 2280 676 2522 745; x_wconf 86' lang='lat' dir='ltr'><strong>jurantis</strong></span> <span class='ocrx_word' id='word_1_272' title='bbox 2551 692 2649 748; x_wconf 91' lang='lat' dir='ltr'><strong>per</strong></span> <span class='ocrx_word' id='word_1_273' title='bbox 2683 693 2885 733; x_wconf 86' lang='lat' dir='ltr'><strong>nomen</strong></span> <span class='ocrx_word' id='word_1_274' title='bbox 2937 693 3121 733; x_wconf 90' lang='lat' dir='ltr'><strong>meum</strong></span> <span class='ocrx_word' id='word_1_275' title='bbox 3166 677 3224 732; x_wconf 90' lang='lat' dir='ltr'><strong>in</strong></span> <span class='ocrx_word' id='word_1_276' title='bbox 3266 676 3560 733; x_wconf 88' lang='lat' dir='ltr'><strong>mendacio</strong></span> <span class='ocrx_word' id='word_1_277' title='bbox 3590 697 3604 733; x_wconf 76' lang='grc' dir='ltr'><strong>ε</strong></span> 
     </span>
    </p>
   </div>
   <div class='ocr_carea' id='block_1_36' title="bbox 2025 767 3610 838">
    <p class='ocr_par' dir='ltr' id='par_1_36' title="bbox 2025 767 3610 838">
     <span class='ocr_line' id='line_1_36' title="bbox 2025 767 3610 838; baseline -0.001 -14"><span class='ocrx_word' id='word_1_278' title='bbox 2025 775 2080 824; x_wconf 90' lang='lat' dir='ltr'><strong>et</strong></span> <span class='ocrx_word' id='word_1_279' title='bbox 2109 767 2423 838; x_wconf 90' lang='lat' dir='ltr'><strong>requiescet</strong></span> <span class='ocrx_word' id='word_1_280' title='bbox 2476 768 2532 822; x_wconf 91' lang='lat' dir='ltr'><strong>in</strong></span> <span class='ocrx_word' id='word_1_281' title='bbox 2568 767 2748 824; x_wconf 86' lang='lat' dir='ltr'><strong>medio</strong></span> <span class='ocrx_word' id='word_1_282' title='bbox 2796 768 2996 824; x_wconf 91' lang='lat' dir='ltr'><strong>domus</strong></span> <span class='ocrx_word' id='word_1_283' title='bbox 3037 769 3194 838; x_wconf 84' lang='lat' dir='ltr'><strong>ejus,</strong></span> <span class='ocrx_word' id='word_1_284' title='bbox 3226 776 3283 824; x_wconf 91' lang='lat' dir='ltr'><strong>et</strong></span> <span class='ocrx_word' id='word_1_285' title='bbox 3317 777 3610 824; x_wconf 76' lang='lat' dir='ltr'><strong>consumet</strong></span> 
     </span>
    </p>
   </div>
   <div class='ocr_carea' id='block_1_37' title="bbox 2025 859 3609 932">
    <p class='ocr_par' dir='ltr' id='par_1_37' title="bbox 2025 859 3609 932">
     <span class='ocr_line' id='line_1_37' title="bbox 2025 859 3609 932; baseline 0.001 -18"><span class='ocrx_word' id='word_1_286' title='bbox 2025 874 2174 924; x_wconf 89' lang='lat' dir='ltr'><strong>eum,</strong></span> <span class='ocrx_word' id='word_1_287' title='bbox 2213 868 2268 914; x_wconf 91' lang='lat' dir='ltr'><strong>et</strong></span> <span class='ocrx_word' id='word_1_288' title='bbox 2309 859 2454 929; x_wconf 83' lang='lat' dir='ltr'><strong>ligna</strong></span> <span class='ocrx_word' id='word_1_289' title='bbox 2487 861 2632 928; x_wconf 82' lang='lat' dir='ltr'><strong>ejus,</strong></span> <span class='ocrx_word' id='word_1_290' title='bbox 2664 869 2718 916; x_wconf 89' lang='lat' dir='ltr'><strong>et</strong></span> <span class='ocrx_word' id='word_1_291' title='bbox 2771 859 2984 932; x_wconf 83' lang='lat' dir='ltr'><strong>lapides</strong></span> <span class='ocrx_word' id='word_1_292' title='bbox 3036 861 3179 930; x_wconf 87' lang='lat' dir='ltr'><strong>ejus.</strong></span> <span class='ocrx_word' id='word_1_293' title='bbox 3213 880 3232 913; x_wconf 71' lang='grc' dir='ltr'>ι</span> <span class='ocrx_word' id='word_1_294' title='bbox 3263 859 3609 916; x_wconf 75' lang='lat' dir='ltr'><strong>Haledictio—</strong></span> 
     </span>
    </p>
   </div>
   <div class='ocr_carea' id='block_1_38' title="bbox 2027 949 3611 1020">
    <p class='ocr_par' dir='ltr' id='par_1_38' title="bbox 2027 949 3611 1020">
     <span class='ocr_line' id='line_1_38' title="bbox 2027 949 3611 1020; baseline 0 -16"><span class='ocrx_word' id='word_1_295' title='bbox 2027 965 2143 1004; x_wconf 83' lang='lat' dir='ltr'><strong>nem</strong></span> <span class='ocrx_word' id='word_1_296' title='bbox 2175 949 2476 1020; x_wconf 88' lang='lat' dir='ltr'><strong>appellavit</strong></span> <span class='ocrx_word' id='word_1_297' title='bbox 2499 951 2848 1020; x_wconf 88' lang='lat' dir='ltr'><strong>punitionem</strong></span> <span class='ocrx_word' id='word_1_298' title='bbox 2877 951 2933 1004; x_wconf 94' lang='lat' dir='ltr'><strong>in</strong></span> <span class='ocrx_word' id='word_1_299' title='bbox 2963 964 3182 1005; x_wconf 85' lang='lat' dir='ltr'><strong>omnem</strong></span> <span class='ocrx_word' id='word_1_300' title='bbox 3216 950 3405 1006; x_wconf 89' lang='lat' dir='ltr'><strong>orbem</strong></span> <span class='ocrx_word' id='word_1_301' title='bbox 3431 958 3611 1006; x_wconf 89' lang='lat' dir='ltr'><strong>terra-</strong></span> 
     </span>
    </p>
   </div>
   <div class='ocr_carea' id='block_1_39' title="bbox 2027 1039 3608 1111">
    <p class='ocr_par' dir='ltr' id='par_1_39' title="bbox 2027 1039 3608 1111">
     <span class='ocr_line' id='line_1_39' title="bbox 2027 1039 3608 1111; baseline 0.002 -18"><span class='ocrx_word' id='word_1_302' title='bbox 2027 1054 2150 1093; x_wconf 91' lang='lat' dir='ltr'><strong>rum</strong></span> <span class='ocrx_word' id='word_1_303' title='bbox 2185 1039 2600 1109; x_wconf 74' lang='lat' dir='ltr'><strong>pervadentem,</strong></span> <span class='ocrx_word' id='word_1_304' title='bbox 2628 1057 2751 1111; x_wconf 68' lang='lat' dir='ltr'><strong>qua:</strong></span> <span class='ocrx_word' id='word_1_305' title='bbox 2785 1039 3135 1110; x_wconf 69' lang='lat' dir='ltr'><strong>iniquitatem</strong></span> <span class='ocrx_word' id='word_1_306' title='bbox 3185 1041 3608 1096; x_wconf 80' lang='lat' dir='ltr'><strong>admittentibus</strong></span> 
     </span>
    </p>
   </div>
   <div class='ocr_carea' id='block_1_40' title="bbox 2029 1131 3608 1204">
    <p class='ocr_par' dir='ltr' id='par_1_40' title="bbox 2029 1131 3608 1204">
     <span class='ocr_line' id='line_1_40' title="bbox 2029 1131 3608 1204; baseline 0 -18"><span class='ocrx_word' id='word_1_307' title='bbox 2029 1131 2289 1188; x_wconf 81' lang='lat' dir='ltr'><strong>infertur.</strong></span> <span class='ocrx_word' id='word_1_308' title='bbox 2337 1131 2441 1188; x_wconf 88' lang='lat' dir='ltr'><strong>Per</strong></span> <span class='ocrx_word' id='word_1_309' title='bbox 2472 1132 2590 1188; x_wconf 73' lang='lat' dir='ltr'><strong>haec</strong></span> <span class='ocrx_word' id='word_1_310' title='bbox 2632 1138 2817 1188; x_wconf 85' lang='lat' dir='ltr'><strong>autem</strong></span> <span class='ocrx_word' id='word_1_311' title='bbox 2877 1133 3111 1188; x_wconf 90' lang='lat' dir='ltr'><strong>edoctus</strong></span> <span class='ocrx_word' id='word_1_312' title='bbox 3161 1139 3272 1198; x_wconf 89' lang='lat' dir='ltr'><strong>est,</strong></span> <span class='ocrx_word' id='word_1_313' title='bbox 3312 1139 3428 1186; x_wconf 92' lang='lat' dir='ltr'><strong>tum</strong></span> <span class='ocrx_word' id='word_1_314' title='bbox 3475 1147 3608 1204; x_wconf 41' lang='lat' dir='ltr'><strong>pro:</strong></span> 
     </span>
    </p>
   </div>
   <div class='ocr_carea' id='block_1_41' title="bbox 2028 1222 3606 1295">
    <p class='ocr_par' dir='ltr' id='par_1_41' title="bbox 2028 1222 3606 1295">
     <span class='ocr_line' id='line_1_41' title="bbox 2028 1222 3606 1295; baseline 0.001 -19"><span class='ocrx_word' id='word_1_315' title='bbox 2028 1222 2212 1293; x_wconf 85' lang='lat' dir='ltr'><strong>pheta,</strong></span> <span class='ocrx_word' id='word_1_316' title='bbox 2252 1233 2366 1278; x_wconf 90' lang='lat' dir='ltr'><strong>tum</strong></span> <span class='ocrx_word' id='word_1_317' title='bbox 2419 1224 2691 1295; x_wconf 88' lang='lat' dir='ltr'><strong>populus,</strong></span> <span class='ocrx_word' id='word_1_318' title='bbox 2737 1223 2978 1295; x_wconf 86' lang='lat' dir='ltr'><strong>judieem</strong></span> <span class='ocrx_word' id='word_1_319' title='bbox 3025 1225 3274 1279; x_wconf 92' lang='lat' dir='ltr'><strong>omnium</strong></span> <span class='ocrx_word' id='word_1_320' title='bbox 3317 1224 3606 1280; x_wconf 84' lang='lat' dir='ltr'><strong>hominum</strong></span> 
     </span>
    </p>
   </div>
   <div class='ocr_carea' id='block_1_42' title="bbox 2025 1314 3610 1386">
    <p class='ocr_par' dir='ltr' id='par_1_42' title="bbox 2025 1314 3610 1386">
     <span class='ocr_line' id='line_1_42' title="bbox 2025 1314 3610 1386; baseline 0.002 -18"><span class='ocrx_word' id='word_1_321' title='bbox 2025 1329 2149 1368; x_wconf 82' lang='lat' dir='ltr'><strong>esse</strong></span> <span class='ocrx_word' id='word_1_322' title='bbox 2177 1314 2344 1369; x_wconf 90' lang='lat' dir='ltr'><strong>Deum</strong></span> <span class='ocrx_word' id='word_1_323' title='bbox 2387 1316 2804 1383; x_wconf 89' lang='lat' dir='ltr'><strong>universorum,</strong></span> <span class='ocrx_word' id='word_1_324' title='bbox 2839 1331 3080 1386; x_wconf 88' lang='lat' dir='ltr'><strong>eumque</strong></span> <span class='ocrx_word' id='word_1_325' title='bbox 3109 1317 3178 1370; x_wconf 84' lang='lat' dir='ltr'><strong>ab</strong></span> <span class='ocrx_word' id='word_1_326' title='bbox 3208 1315 3468 1370; x_wconf 90' lang='lat' dir='ltr'><strong>omnibus</strong></span> <span class='ocrx_word' id='word_1_327' title='bbox 3495 1331 3610 1371; x_wconf 87' lang='lat' dir='ltr'><strong>me-</strong></span> 
     </span>
    </p>
   </div>
   <div class='ocr_carea' id='block_1_43' title="bbox 2025 1404 3605 1476">
    <p class='ocr_par' dir='ltr' id='par_1_43' title="bbox 2025 1404 3605 1476">
     <span class='ocr_line' id='line_1_43' title="bbox 2025 1404 3605 1476; baseline 0 -17"><span class='ocrx_word' id='word_1_328' title='bbox 2025 1405 2168 1461; x_wconf 87' lang='lat' dir='ltr'><strong>ritas</strong></span> <span class='ocrx_word' id='word_1_329' title='bbox 2215 1419 2410 1476; x_wconf 69' lang='lat' dir='ltr'><strong>pmnas</strong></span> <span class='ocrx_word' id='word_1_330' title='bbox 2456 1414 2805 1470; x_wconf 81' lang='lat' dir='ltr'><strong>exacturum,</strong></span> <span class='ocrx_word' id='word_1_331' title='bbox 2854 1405 3272 1476; x_wconf 85' lang='lat' dir='ltr'><strong>perniciemque</strong></span> <span class='ocrx_word' id='word_1_332' title='bbox 3321 1404 3605 1460; x_wconf 89' lang='lat' dir='ltr'><strong>illaturum</strong></span> 
     </span>
    </p>
   </div>
   <div class='ocr_carea' id='block_1_44' title="bbox 2025 1494 3608 1566">
    <p class='ocr_par' dir='ltr' id='par_1_44' title="bbox 2025 1494 3608 1566">
     <span class='ocr_line' id='line_1_44' title="bbox 2025 1494 3608 1566; baseline 0 -17"><span class='ocrx_word' id='word_1_333' title='bbox 2025 1509 2152 1550; x_wconf 91' lang='lat' dir='ltr'><strong>esse</strong></span> <span class='ocrx_word' id='word_1_334' title='bbox 2190 1508 2300 1549; x_wconf 91' lang='lat' dir='ltr'><strong>non</strong></span> <span class='ocrx_word' id='word_1_335' title='bbox 2333 1495 2404 1549; x_wconf 91' lang='lat' dir='ltr'><strong>iis</strong></span> <span class='ocrx_word' id='word_1_336' title='bbox 2444 1495 2629 1561; x_wconf 89' lang='lat' dir='ltr'><strong>modo,</strong></span> <span class='ocrx_word' id='word_1_337' title='bbox 2663 1495 2756 1565; x_wconf 91' lang='lat' dir='ltr'><strong>qui</strong></span> <span class='ocrx_word' id='word_1_338' title='bbox 2810 1494 2866 1548; x_wconf 93' lang='lat' dir='ltr'><strong>in</strong></span> <span class='ocrx_word' id='word_1_339' title='bbox 2911 1495 3094 1565; x_wconf 92' lang='lat' dir='ltr'><strong>ipsum</strong></span> <span class='ocrx_word' id='word_1_340' title='bbox 3127 1494 3277 1566; x_wconf 91' lang='lat' dir='ltr'><strong>impii</strong></span> <span class='ocrx_word' id='word_1_341' title='bbox 3323 1503 3474 1560; x_wconf 90' lang='lat' dir='ltr'><strong>sunt,</strong></span> <span class='ocrx_word' id='word_1_342' title='bbox 3511 1496 3608 1550; x_wconf 85' lang='lat' dir='ltr'><strong>sed</strong></span> 
     </span>
    </p>
   </div>
   <div class='ocr_carea' id='block_1_45' title="bbox 2025 1585 3608 1657">
    <p class='ocr_par' dir='ltr' id='par_1_45' title="bbox 2025 1585 3608 1657">
     <span class='ocr_line' id='line_1_45' title="bbox 2025 1585 3608 1657; baseline 0 -17"><span class='ocrx_word' id='word_1_343' title='bbox 2025 1585 2096 1642; x_wconf 90' lang='lat' dir='ltr'><strong>iis</strong></span> <span class='ocrx_word' id='word_1_344' title='bbox 2129 1589 2293 1641; x_wconf 89' lang='lat' dir='ltr'><strong>etiam</strong></span> <span class='ocrx_word' id='word_1_345' title='bbox 2325 1586 2418 1656; x_wconf 90' lang='lat' dir='ltr'><strong>qui</strong></span> <span class='ocrx_word' id='word_1_346' title='bbox 2447 1586 2703 1657; x_wconf 85' lang='lat' dir='ltr'><strong>proximo</strong></span> <span class='ocrx_word' id='word_1_347' title='bbox 2729 1586 2988 1656; x_wconf 87' lang='lat' dir='ltr'><strong>injuriam</strong></span> <span class='ocrx_word' id='word_1_348' title='bbox 3019 1587 3249 1642; x_wconf 86' lang='lat' dir='ltr'><strong>faciunt.</strong></span> <span class='ocrx_word' id='word_1_349' title='bbox 3267 1585 3440 1642; x_wconf 90' lang='lat' dir='ltr'><strong>Nemo</strong></span> <span class='ocrx_word' id='word_1_350' title='bbox 3460 1587 3608 1642; x_wconf 89' lang='lat' dir='ltr'><strong>enim</strong></span> 
     </span>
    </p>
   </div>
   <div class='ocr_carea' id='block_1_46' title="bbox 2028 1679 3610 1750">
    <p class='ocr_par' dir='ltr' id='par_1_46' title="bbox 2028 1679 3610 1750">
     <span class='ocr_line' id='line_1_46' title="bbox 2028 1679 3610 1750; baseline 0.001 -16"><span class='ocrx_word' id='word_1_351' title='bbox 2028 1687 2204 1750; x_wconf 87' lang='lat' dir='ltr'><strong>putet,</strong></span> <span class='ocrx_word' id='word_1_352' title='bbox 2258 1688 2452 1734; x_wconf 78' lang='lat' dir='ltr'><strong>contra</strong></span> <span class='ocrx_word' id='word_1_353' title='bbox 2507 1680 2658 1735; x_wconf 89' lang='lat' dir='ltr'><strong>solos</strong></span> <span class='ocrx_word' id='word_1_354' title='bbox 2708 1679 2860 1736; x_wconf 86' lang='lat' dir='ltr'><strong>fures</strong></span> <span class='ocrx_word' id='word_1_355' title='bbox 2889 1689 2943 1734; x_wconf 87' lang='lat' dir='ltr'><strong>et</strong></span> <span class='ocrx_word' id='word_1_356' title='bbox 2995 1681 3249 1750; x_wconf 88' lang='lat' dir='ltr'><strong>perjuros</strong></span> <span class='ocrx_word' id='word_1_357' title='bbox 3305 1680 3610 1736; x_wconf 86' lang='lat' dir='ltr'><strong>intentatas</strong></span> 
     </span>
    </p>
   </div>
   <div class='ocr_carea' id='block_1_47' title="bbox 2027 1771 3604 1843">
    <p class='ocr_par' dir='ltr' id='par_1_47' title="bbox 2027 1771 3604 1843">
     <span class='ocr_line' id='line_1_47' title="bbox 2027 1771 3604 1843; baseline 0.001 -18"><span class='ocrx_word' id='word_1_358' title='bbox 2027 1771 2200 1828; x_wconf 79' lang='lat' dir='ltr'><strong>fuisse</strong></span> <span class='ocrx_word' id='word_1_359' title='bbox 2240 1772 2342 1827; x_wconf 88' lang='lat' dir='ltr'><strong>has</strong></span> <span class='ocrx_word' id='word_1_360' title='bbox 2362 1773 2538 1827; x_wconf 88' lang='lat' dir='ltr'><strong>minas</strong></span> <span class='ocrx_word' id='word_1_361' title='bbox 2564 1815 2577 1828; x_wconf 94' lang='lat'><strong>.</strong></span> <span class='ocrx_word' id='word_1_362' title='bbox 2603 1779 2797 1827; x_wconf 90' lang='lat' dir='ltr'><strong>contra</strong></span> <span class='ocrx_word' id='word_1_363' title='bbox 2823 1786 3042 1828; x_wconf 89' lang='lat' dir='ltr'><strong>omnem</strong></span> <span class='ocrx_word' id='word_1_364' title='bbox 3077 1771 3225 1828; x_wconf 86' lang='lat' dir='ltr'><strong>enim</strong></span> <span class='ocrx_word' id='word_1_365' title='bbox 3257 1771 3604 1843; x_wconf 80' lang='lat' dir='ltr'><strong>iniquitatem</strong></span> 
     </span>
    </p>
   </div>
   <div class='ocr_carea' id='block_1_48' title="bbox 2023 1863 3606 1936">
    <p class='ocr_par' dir='ltr' id='par_1_48' title="bbox 2023 1863 3606 1936">
     <span class='ocr_line' id='line_1_48' title="bbox 2023 1863 3606 1936; baseline 0 -16"><span class='ocrx_word' id='word_1_366' title='bbox 2023 1866 2359 1921; x_wconf 82' lang='lat' dir='ltr'><strong>sententiam</strong></span> <span class='ocrx_word' id='word_1_367' title='bbox 2390 1865 2540 1922; x_wconf 91' lang='lat' dir='ltr'><strong>tulit.</strong></span> <span class='ocrx_word' id='word_1_368' title='bbox 2571 1863 2706 1919; x_wconf 84' lang='lat' dir='ltr'><strong>Nam</strong></span> <span class='ocrx_word' id='word_1_369' title='bbox 2746 1865 2876 1934; x_wconf 86' lang='lat' dir='ltr'><strong>quia</strong></span> <span class='ocrx_word' id='word_1_370' title='bbox 2923 1863 3186 1919; x_wconf 85' lang='lat' dir='ltr'><strong>universa</strong></span> <span class='ocrx_word' id='word_1_371' title='bbox 3239 1863 3323 1919; x_wconf 84' lang='lat' dir='ltr'><strong>lex</strong></span> <span class='ocrx_word' id='word_1_372' title='bbox 3373 1872 3425 1920; x_wconf 85' lang='lat' dir='ltr'><strong>et</strong></span> <span class='ocrx_word' id='word_1_373' title='bbox 3474 1880 3606 1936; x_wconf 85' lang='lat' dir='ltr'><strong>pro-</strong></span> 
     </span>
    </p>
   </div>
   <div class='ocr_carea' id='block_1_49' title="bbox 2025 1953 3606 2026">
    <p class='ocr_par' dir='ltr' id='par_1_49' title="bbox 2025 1953 3606 2026">
     <span class='ocr_line' id='line_1_49' title="bbox 2025 1953 3606 2026; baseline 0.003 -19"><span class='ocrx_word' id='word_1_374' title='bbox 2025 1957 2204 2026; x_wconf 68' lang='lat' dir='ltr'><strong>pheta:</strong></span> <span class='ocrx_word' id='word_1_375' title='bbox 2238 1973 2302 2012; x_wconf 84' lang='lat' dir='ltr'><strong>ex</strong></span> <span class='ocrx_word' id='word_1_376' title='bbox 2339 1957 2425 2012; x_wconf 88' lang='lat' dir='ltr'><strong>his</strong></span> <span class='ocrx_word' id='word_1_377' title='bbox 2456 1955 2648 2012; x_wconf 81' lang='lat' dir='ltr'><strong>verbis</strong></span> <span class='ocrx_word' id='word_1_378' title='bbox 2683 1955 2926 2025; x_wconf 86' lang='lat' dir='ltr'><strong>pendent</strong></span> <span class='ocrx_word' id='word_1_379' title='bbox 2960 1973 2974 2010; x_wconf 87' lang='lat'><strong>:</strong></span> <span class='ocrx_word' id='word_1_380' title='bbox 3015 1975 3034 2006; x_wconf 88' lang='grc' dir='ltr'><strong>ι</strong></span> <span class='ocrx_word' id='word_1_381' title='bbox 3065 1954 3272 2026; x_wconf 87' lang='lat' dir='ltr'><strong>Diliges</strong></span> <span class='ocrx_word' id='word_1_382' title='bbox 3313 1953 3606 2011; x_wconf 89' lang='lat' dir='ltr'><strong>Dominum</strong></span> 
     </span>
    </p>
   </div>
   <div class='ocr_carea' id='block_1_50' title="bbox 2024 2047 3607 2120">
    <p class='ocr_par' dir='ltr' id='par_1_50' title="bbox 2024 2047 3607 2120">
     <span class='ocr_line' id='line_1_50' title="bbox 2024 2047 3607 2120; baseline -0.001 -17"><span class='ocrx_word' id='word_1_383' title='bbox 2024 2049 2194 2105; x_wconf 90' lang='lat' dir='ltr'><strong>Deum</strong></span> <span class='ocrx_word' id='word_1_384' title='bbox 2245 2059 2398 2104; x_wconf 86' lang='lat' dir='ltr'><strong>tuum</strong></span> <span class='ocrx_word' id='word_1_385' title='bbox 2451 2064 2517 2104; x_wconf 86' lang='lat' dir='ltr'><strong>ex</strong></span> <span class='ocrx_word' id='word_1_386' title='bbox 2567 2057 2685 2104; x_wconf 92' lang='lat' dir='ltr'><strong>toto</strong></span> <span class='ocrx_word' id='word_1_387' title='bbox 2735 2047 2901 2105; x_wconf 89' lang='lat' dir='ltr'><strong>corde</strong></span> <span class='ocrx_word' id='word_1_388' title='bbox 2943 2056 3059 2113; x_wconf 90' lang='lat' dir='ltr'><strong>tuo,</strong></span> <span class='ocrx_word' id='word_1_389' title='bbox 3095 2058 3150 2103; x_wconf 89' lang='lat' dir='ltr'><strong>et</strong></span> <span class='ocrx_word' id='word_1_390' title='bbox 3183 2047 3380 2120; x_wconf 83' lang='lat' dir='ltr'><strong>diliges</strong></span> <span class='ocrx_word' id='word_1_391' title='bbox 3411 2050 3607 2120; x_wconf 78' lang='lat' dir='ltr'><strong>proxi-</strong></span> 
     </span>
    </p>
   </div>
   <div class='ocr_carea' id='block_1_51' title="bbox 2023 2140 3610 2212">
    <p class='ocr_par' dir='ltr' id='par_1_51' title="bbox 2023 2140 3610 2212">
     <span class='ocr_line' id='line_1_51' title="bbox 2023 2140 3610 2212; baseline 0.002 -19"><span class='ocrx_word' id='word_1_392' title='bbox 2023 2155 2175 2194; x_wconf 90' lang='lat' dir='ltr'><strong>mum</strong></span> <span class='ocrx_word' id='word_1_393' title='bbox 2241 2149 2394 2194; x_wconf 93' lang='lat' dir='ltr'><strong>tuum</strong></span> <span class='ocrx_word' id='word_1_394' title='bbox 2434 2140 2581 2195; x_wconf 89' lang='lat' dir='ltr'><strong>sicut</strong></span> <span class='ocrx_word' id='word_1_395' title='bbox 2642 2141 2882 2211; x_wconf 83' lang='lat' dir='ltr'><strong>teipsum</strong></span> <span class='ocrx_word' id='word_1_396' title='bbox 2901 2153 2951 2208; x_wconf 83' lang='grc' dir='ltr'><strong>ιι,</strong></span> <span class='ocrx_word' id='word_1_397' title='bbox 2987 2159 3006 2193; x_wconf 83' lang='grc' dir='ltr'>ι</span> <span class='ocrx_word' id='word_1_398' title='bbox 3059 2143 3166 2197; x_wconf 89' lang='lat' dir='ltr'><strong>sub</strong></span> <span class='ocrx_word' id='word_1_399' title='bbox 3196 2141 3342 2212; x_wconf 78' lang='lat' dir='ltr'><strong>furto</strong></span> <span class='ocrx_word' id='word_1_400' title='bbox 3384 2151 3440 2198; x_wconf 89' lang='lat' dir='ltr'><strong>et</strong></span> <span class='ocrx_word' id='word_1_401' title='bbox 3488 2159 3610 2212; x_wconf 84' lang='lat' dir='ltr'><strong>per-</strong></span> 
     </span>
    </p>
   </div>
   <div class='ocr_carea' id='block_1_52' title="bbox 2013 2231 3608 2303">
    <p class='ocr_par' dir='ltr' id='par_1_52' title="bbox 2013 2231 3608 2303">
     <span class='ocr_line' id='line_1_52' title="bbox 2013 2231 3608 2303; baseline 0.004 -20"><span class='ocrx_word' id='word_1_402' title='bbox 2013 2231 2184 2301; x_wconf 81' lang='lat' dir='ltr'><strong>jurio,</strong></span> <span class='ocrx_word' id='word_1_403' title='bbox 2214 2245 2433 2286; x_wconf 90' lang='lat' dir='ltr'><strong>omnem</strong></span> <span class='ocrx_word' id='word_1_404' title='bbox 2468 2231 2708 2302; x_wconf 85' lang='lat' dir='ltr'><strong>speciem</strong></span> <span class='ocrx_word' id='word_1_405' title='bbox 2739 2231 2960 2302; x_wconf 87' lang='lat' dir='ltr'><strong>peccati</strong></span> <span class='ocrx_word' id='word_1_406' title='bbox 3005 2233 3334 2303; x_wconf 78' lang='lat' dir='ltr'><strong>complexus</strong></span> <span class='ocrx_word' id='word_1_407' title='bbox 3367 2242 3476 2289; x_wconf 80' lang='lat' dir='ltr'><strong>est.</strong></span> <span class='ocrx_word' id='word_1_408' title='bbox 3508 2233 3608 2289; x_wconf 85' lang='lat' dir='ltr'><strong>Ju-</strong></span> 
     </span>
    </p>
   </div>
   <div class='ocr_carea' id='block_1_53' title="bbox 2023 2320 3611 2394">
    <p class='ocr_par' dir='ltr' id='par_1_53' title="bbox 2023 2320 3611 2394">
     <span class='ocr_line' id='line_1_53' title="bbox 2023 2320 3611 2394; baseline 0.001 -16"><span class='ocrx_word' id='word_1_409' title='bbox 2023 2320 2327 2392; x_wconf 84' lang='lat' dir='ltr'><strong>risjurantli</strong></span> <span class='ocrx_word' id='word_1_410' title='bbox 2363 2323 2509 2376; x_wconf 90' lang='lat' dir='ltr'><strong>enim</strong></span> <span class='ocrx_word' id='word_1_411' title='bbox 2551 2321 2780 2376; x_wconf 77' lang='lat' dir='ltr'><strong>violatio</strong></span> <span class='ocrx_word' id='word_1_412' title='bbox 2826 2322 3126 2393; x_wconf 78' lang='lat' dir='ltr'><strong>impietatis</strong></span> <span class='ocrx_word' id='word_1_413' title='bbox 3179 2331 3347 2394; x_wconf 90' lang='lat' dir='ltr'><strong>caput</strong></span> <span class='ocrx_word' id='word_1_414' title='bbox 3395 2331 3502 2393; x_wconf 89' lang='lat' dir='ltr'><strong>est,</strong></span> <span class='ocrx_word' id='word_1_415' title='bbox 3553 2336 3611 2382; x_wconf 89' lang='lat' dir='ltr'><strong>et</strong></span> 
     </span>
    </p>
   </div>
   <div class='ocr_carea' id='block_1_54' title="bbox 2023 2413 3608 2484">
    <p class='ocr_par' dir='ltr' id='par_1_54' title="bbox 2023 2413 3608 2484">
     <span class='ocr_line' id='line_1_54' title="bbox 2023 2413 3608 2484; baseline 0.002 -14"><span class='ocrx_word' id='word_1_416' title='bbox 2023 2415 2318 2470; x_wconf 86' lang='lat' dir='ltr'><strong>dilectione</strong></span> <span class='ocrx_word' id='word_1_417' title='bbox 2363 2413 2556 2468; x_wconf 88' lang='lat' dir='ltr'><strong>divina</strong></span> <span class='ocrx_word' id='word_1_418' title='bbox 2591 2422 2754 2468; x_wconf 84' lang='lat' dir='ltr'><strong>vacat</strong></span> <span class='ocrx_word' id='word_1_419' title='bbox 2778 2415 2875 2484; x_wconf 90' lang='lat' dir='ltr'><strong>qui</strong></span> <span class='ocrx_word' id='word_1_420' title='bbox 2903 2414 3033 2472; x_wconf 89' lang='lat' dir='ltr'><strong>talis</strong></span> <span class='ocrx_word' id='word_1_421' title='bbox 3062 2426 3168 2470; x_wconf 86' lang='lat' dir='ltr'><strong>est.</strong></span> <span class='ocrx_word' id='word_1_422' title='bbox 3203 2413 3439 2472; x_wconf 86' lang='lat' dir='ltr'><strong>Furtum</strong></span> <span class='ocrx_word' id='word_1_423' title='bbox 3474 2432 3608 2473; x_wconf 83' lang='lat' dir='ltr'><strong>vero</strong></span> 
     </span>
    </p>
   </div>
   <div class='ocr_carea' id='block_1_55' title="bbox 2024 2506 3608 2580">
    <p class='ocr_par' dir='ltr' id='par_1_55' title="bbox 2024 2506 3608 2580">
     <span class='ocr_line' id='line_1_55' title="bbox 2024 2506 3608 2580; baseline 0.002 -18"><span class='ocrx_word' id='word_1_424' title='bbox 2024 2507 2352 2578; x_wconf 90' lang='lat' dir='ltr'><strong>injustitiam</strong></span> <span class='ocrx_word' id='word_1_425' title='bbox 2388 2507 2444 2562; x_wconf 92' lang='lat' dir='ltr'><strong>in</strong></span> <span class='ocrx_word' id='word_1_426' title='bbox 2480 2507 2792 2578; x_wconf 84' lang='lat' dir='ltr'><strong>proximum</strong></span> <span class='ocrx_word' id='word_1_427' title='bbox 2834 2506 3058 2580; x_wconf 88' lang='lat' dir='ltr'><strong>prodit:</strong></span> <span class='ocrx_word' id='word_1_428' title='bbox 3092 2524 3256 2564; x_wconf 89' lang='lat' dir='ltr'><strong>nemo</strong></span> <span class='ocrx_word' id='word_1_429' title='bbox 3299 2510 3448 2565; x_wconf 91' lang='lat' dir='ltr'><strong>enim</strong></span> <span class='ocrx_word' id='word_1_430' title='bbox 3481 2511 3608 2566; x_wconf 90' lang='lat' dir='ltr'><strong>dili-</strong></span> 
     </span>
    </p>
   </div>
   <div class='ocr_carea' id='block_1_56' title="bbox 2023 2598 3720 2672">
    <p class='ocr_par' dir='ltr' id='par_1_56' title="bbox 2023 2598 3720 2672">
     <span class='ocr_line' id='line_1_56' title="bbox 2023 2598 3720 2672; baseline 0.002 -19"><span class='ocrx_word' id='word_1_431' title='bbox 2023 2615 2158 2670; x_wconf 90' lang='lat' dir='ltr'><strong>gens</strong></span> <span class='ocrx_word' id='word_1_432' title='bbox 2191 2599 2529 2669; x_wconf 79' lang='lat' dir='ltr'><strong>proximum,</strong></span> <span class='ocrx_word' id='word_1_433' title='bbox 2577 2599 2837 2667; x_wconf 86' lang='lat' dir='ltr'><strong>injuriant</strong></span> <span class='ocrx_word' id='word_1_434' title='bbox 2884 2599 2934 2654; x_wconf 92' lang='lat' dir='ltr'><strong>ei</strong></span> <span class='ocrx_word' id='word_1_435' title='bbox 2960 2598 3186 2656; x_wconf 80' lang='lat' dir='ltr'><strong>inferet.</strong></span> <span class='ocrx_word' id='word_1_436' title='bbox 3235 2599 3362 2656; x_wconf 60' lang='lat' dir='ltr'><strong>Haec</strong></span> <span class='ocrx_word' id='word_1_437' title='bbox 3418 2603 3608 2672; x_wconf 86' lang='lat' dir='ltr'><strong>itaque</strong></span> <span class='ocrx_word' id='word_1_438' title='bbox 3715 2666 3720 2671; x_wconf 91' lang='lat'><strong><em>_</em></strong></span> 
     </span>
    </p>
   </div>
   <div class='ocr_carea' id='block_1_57' title="bbox 2021 2690 3605 2761">
    <p class='ocr_par' dir='ltr' id='par_1_57' title="bbox 2021 2690 3605 2761">
     <span class='ocr_line' id='line_1_57' title="bbox 2021 2690 3605 2761; baseline 0.001 -15"><span class='ocrx_word' id='word_1_439' title='bbox 2021 2695 2201 2761; x_wconf 75' lang='lat' dir='ltr'><strong>capita</strong></span> <span class='ocrx_word' id='word_1_440' title='bbox 2263 2691 2402 2746; x_wconf 89' lang='lat' dir='ltr'><strong>alias</strong></span> <span class='ocrx_word' id='word_1_441' title='bbox 2456 2691 2605 2759; x_wconf 85' lang='lat' dir='ltr'><strong>leges</strong></span> <span class='ocrx_word' id='word_1_442' title='bbox 2651 2690 2864 2761; x_wconf 77' lang='lat'><strong>1617</strong></span> <span class='ocrx_word' id='word_1_443' title='bbox 2907 2691 3371 2760; x_wconf 85' lang='lat' dir='ltr'><strong>complectuntur,</strong></span> <span class='ocrx_word' id='word_1_444' title='bbox 3402 2699 3458 2747; x_wconf 88' lang='lat' dir='ltr'><strong>et</strong></span> <span class='ocrx_word' id='word_1_445' title='bbox 3485 2707 3605 2748; x_wconf 82' lang='lat' dir='ltr'><strong>nte-</strong></span> 
     </span>
    </p>
   </div>
   <div class='ocr_carea' id='block_1_58' title="bbox 2024 2780 3609 2852">
    <p class='ocr_par' dir='ltr' id='par_1_58' title="bbox 2024 2780 3609 2852">
     <span class='ocr_line' id='line_1_58' title="bbox 2024 2780 3609 2852; baseline 0.003 -18"><span class='ocrx_word' id='word_1_446' title='bbox 2024 2783 2132 2836; x_wconf 85' lang='lat' dir='ltr'><strong>rito</strong></span> <span class='ocrx_word' id='word_1_447' title='bbox 2194 2783 2393 2836; x_wconf 85' lang='lat' dir='ltr'><strong>horum</strong></span> <span class='ocrx_word' id='word_1_448' title='bbox 2453 2780 2980 2851; x_wconf 60' lang='lat' dir='ltr'><strong>praevarieatoribus</strong></span> <span class='ocrx_word' id='word_1_449' title='bbox 3011 2795 3205 2852; x_wconf 66' lang='lat' dir='ltr'><strong>pmnas</strong></span> <span class='ocrx_word' id='word_1_450' title='bbox 3248 2781 3374 2839; x_wconf 89' lang='lat' dir='ltr'><strong>illas</strong></span> <span class='ocrx_word' id='word_1_451' title='bbox 3429 2781 3609 2838; x_wconf 85' lang='lat' dir='ltr'><strong>mina-</strong></span> 
     </span>
    </p>
   </div>
   <div class='ocr_carea' id='block_1_59' title="bbox 2025 2880 2274 2928">
    <p class='ocr_par' dir='ltr' id='par_1_59' title="bbox 2025 2880 2274 2928">
     <span class='ocr_line' id='line_1_59' title="bbox 2025 2880 2274 2928; baseline 0.004 -1"><span class='ocrx_word' id='word_1_452' title='bbox 2025 2882 2114 2928; x_wconf 87' lang='lat' dir='ltr'><strong>tus</strong></span> <span class='ocrx_word' id='word_1_453' title='bbox 2167 2880 2274 2928; x_wconf 86' lang='lat' dir='ltr'><strong>est.</strong></span> 
     </span>
    </p>
   </div>
   <div class='ocr_carea' id='block_1_60' title="bbox 2095 2965 3612 3038">
    <p class='ocr_par' dir='ltr' id='par_1_60' title="bbox 2095 2965 3612 3038">
     <span class='ocr_line' id='line_1_60' title="bbox 2095 2965 3612 3038; baseline 0.001 -18"><span class='ocrx_word' id='word_1_454' title='bbox 2095 2965 2265 3022; x_wconf 76' lang='lat' dir='ltr'><strong>Vens.</strong></span> <span class='ocrx_word' id='word_1_455' title='bbox 2300 2967 2356 3031; x_wconf 82' lang='lat'><strong>5,</strong></span> <span class='ocrx_word' id='word_1_456' title='bbox 2387 2966 2441 3023; x_wconf 81' lang='grc' dir='ltr'><strong>ϐ.</strong></span> <span class='ocrx_word' id='word_1_457' title='bbox 2478 2984 2498 3020; x_wconf 84' lang='lat' dir='ltr'><strong>t</strong></span> <span class='ocrx_word' id='word_1_458' title='bbox 2535 2965 2604 3021; x_wconf 89' lang='lat' dir='ltr'><strong>Et</strong></span> <span class='ocrx_word' id='word_1_459' title='bbox 2632 2980 2896 3038; x_wconf 84' lang='lat' dir='ltr'><strong>egressus</strong></span> <span class='ocrx_word' id='word_1_460' title='bbox 2933 2972 3018 3021; x_wconf 88' lang='lat' dir='ltr'><strong>est</strong></span> <span class='ocrx_word' id='word_1_461' title='bbox 3075 2980 3329 3038; x_wconf 72' lang='lat' dir='ltr'><strong>angelus,</strong></span> <span class='ocrx_word' id='word_1_462' title='bbox 3378 2966 3475 3038; x_wconf 85' lang='lat' dir='ltr'><strong>qui</strong></span> <span class='ocrx_word' id='word_1_463' title='bbox 3529 2967 3612 3023; x_wconf 83' lang='lat' dir='ltr'><strong>lo—</strong></span> 
     </span>
    </p>
   </div>
   <div class='ocr_carea' id='block_1_61' title="bbox 2025 3055 3612 3128">
    <p class='ocr_par' dir='ltr' id='par_1_61' title="bbox 2025 3055 3612 3128">
     <span class='ocr_line' id='line_1_61' title="bbox 2025 3055 3612 3128; baseline 0.004 -20"><span class='ocrx_word' id='word_1_464' title='bbox 2025 3058 2304 3126; x_wconf 86' lang='lat' dir='ltr'><strong>quebatur</strong></span> <span class='ocrx_word' id='word_1_465' title='bbox 2351 3056 2408 3110; x_wconf 88' lang='lat' dir='ltr'><strong>in</strong></span> <span class='ocrx_word' id='word_1_466' title='bbox 2453 3071 2564 3122; x_wconf 88' lang='lat' dir='ltr'><strong>me,</strong></span> <span class='ocrx_word' id='word_1_467' title='bbox 2597 3063 2652 3111; x_wconf 91' lang='lat' dir='ltr'><strong>et</strong></span> <span class='ocrx_word' id='word_1_468' title='bbox 2695 3055 2835 3110; x_wconf 79' lang='lat' dir='ltr'><strong>dixit</strong></span> <span class='ocrx_word' id='word_1_469' title='bbox 2865 3055 2933 3110; x_wconf 89' lang='lat' dir='ltr'><strong>ad</strong></span> <span class='ocrx_word' id='word_1_470' title='bbox 2975 3068 3106 3111; x_wconf 89' lang='lat' dir='ltr'><strong>me:</strong></span> <span class='ocrx_word' id='word_1_471' title='bbox 3143 3055 3379 3128; x_wconf 89' lang='lat' dir='ltr'><strong>Suspicc</strong></span> <span class='ocrx_word' id='word_1_472' title='bbox 3431 3058 3612 3114; x_wconf 88' lang='lat' dir='ltr'><strong>oculis</strong></span> 
     </span>
    </p>
   </div>
   <div class='ocr_carea' id='block_1_62' title="bbox 332 3146 1922 3233">
    <p class='ocr_par' dir='ltr' id='par_1_62' title="bbox 332 3153 1922 3229">
     <span class='ocr_line' id='line_1_62' title="bbox 332 3153 1922 3229; baseline 0.001 -20"><span class='ocrx_word' id='word_1_473' title='bbox 332 3157 413 3210; x_wconf 83' lang='grc' dir='ltr'><strong>ῐδε</strong></span> <span class='ocrx_word' id='word_1_474' title='bbox 464 3157 581 3210; x_wconf 76' lang='grc' dir='ltr'><strong>τί⁷1⁵</strong></span> <span class='ocrx_word' id='word_1_475' title='bbox 608 3155 669 3210; x_wconf 79' lang='grc' dir='ltr'>τὸ</span> <span class='ocrx_word' id='word_1_476' title='bbox 717 3156 1156 3229; x_wconf 75' lang='grc' dir='ltr'>ἐκπορευόμενον</span> <span class='ocrx_word' id='word_1_477' title='bbox 1204 3155 1364 3210; x_wconf 81' lang='grc' dir='ltr'>τοῦτο</span> <span class='ocrx_word' id='word_1_478' title='bbox 1391 3158 1457 3212; x_wconf 77' lang='grc' dir='ltr'><strong>⁷ο.</strong></span> <span class='ocrx_word' id='word_1_479' title='bbox 1491 3159 1603 3212; x_wconf 81' lang='grc' dir='ltr'><strong>Καὶ</strong></span> <span class='ocrx_word' id='word_1_480' title='bbox 1634 3153 1786 3212; x_wconf 73' lang='grc' dir='ltr'><strong>εἷπον</strong></span> <span class='ocrx_word' id='word_1_481' title='bbox 1810 3173 1824 3188; x_wconf 90' lang='grc'>·</span> <span class='ocrx_word' id='word_1_482' title='bbox 1857 3157 1922 3212; x_wconf 92' lang='grc' dir='ltr'>Τί</span> 
     </span>
    </p>
   </div>
   <div class='ocr_carea' id='block_1_63' title="bbox 2023 3146 3606 3233">
    <p class='ocr_par' dir='ltr' id='par_1_63' title="bbox 2031 3146 3606 3218">
     <span class='ocr_line' id='line_1_63' title="bbox 2031 3146 3606 3218; baseline 0.001 -15"><span class='ocrx_word' id='word_1_483' title='bbox 2031 3152 2166 3213; x_wconf 90' lang='lat' dir='ltr'><strong>tuis,</strong></span> <span class='ocrx_word' id='word_1_484' title='bbox 2216 3157 2272 3203; x_wconf 90' lang='lat' dir='ltr'><strong>et</strong></span> <span class='ocrx_word' id='word_1_485' title='bbox 2323 3147 2443 3204; x_wconf 86' lang='lat' dir='ltr'><strong>vide</strong></span> <span class='ocrx_word' id='word_1_486' title='bbox 2477 3147 2611 3218; x_wconf 86' lang='lat' dir='ltr'><strong>quid</strong></span> <span class='ocrx_word' id='word_1_487' title='bbox 2668 3148 2762 3212; x_wconf 88' lang='lat' dir='ltr'><strong>sit,</strong></span> <span class='ocrx_word' id='word_1_488' title='bbox 2798 3146 2945 3218; x_wconf 92' lang='lat' dir='ltr'><strong>quod</strong></span> <span class='ocrx_word' id='word_1_489' title='bbox 2993 3147 3295 3217; x_wconf 80' lang='lat' dir='ltr'><strong>egreditur.</strong></span> <span class='ocrx_word' id='word_1_490' title='bbox 3331 3147 3399 3204; x_wconf 89' lang='lat' dir='ltr'><strong>Et</strong></span> <span class='ocrx_word' id='word_1_491' title='bbox 3429 3149 3544 3205; x_wconf 90' lang='lat' dir='ltr'><strong>dixi</strong></span> <span class='ocrx_word' id='word_1_492' title='bbox 3591 3168 3606 3204; x_wconf 91' lang='lat'><strong>:</strong></span> 
     </span>
    </p>
   </div>
   <div class='ocr_carea' id='block_1_64' title="bbox 332 3247 1920 3320">
    <p class='ocr_par' dir='ltr' id='par_1_64' title="bbox 332 3247 1920 3320">
     <span class='ocr_line' id='line_1_64' title="bbox 332 3247 1920 3320; baseline -0.001 -15"><span class='ocrx_word' id='word_1_493' title='bbox 332 3253 479 3318; x_wconf 82' lang='grc' dir='ltr'><strong>ὲστι;</strong></span> <span class='ocrx_word' id='word_1_494' title='bbox 508 3252 620 3308; x_wconf 76' lang='grc' dir='ltr'><strong>Καὶ</strong></span> <span class='ocrx_word' id='word_1_495' title='bbox 650 3247 773 3306; x_wconf 83' lang='grc' dir='ltr'><strong>εἶπε</strong></span> <span class='ocrx_word' id='word_1_496' title='bbox 798 3269 812 3284; x_wconf 76' lang='grc' dir='ltr'><strong>ο</strong></span> <span class='ocrx_word' id='word_1_497' title='bbox 844 3249 1016 3305; x_wconf 83' lang='grc' dir='ltr'>Τοῦτο</span> <span class='ocrx_word' id='word_1_498' title='bbox 1048 3249 1110 3301; x_wconf 81' lang='grc' dir='ltr'><strong>τὸ</strong></span> <span class='ocrx_word' id='word_1_499' title='bbox 1139 3247 1338 3320; x_wconf 78' lang='grc' dir='ltr'>μέτρον</span> <span class='ocrx_word' id='word_1_500' title='bbox 1366 3247 1428 3300; x_wconf 85' lang='grc' dir='ltr'>τὸ</span> <span class='ocrx_word' id='word_1_501' title='bbox 1463 3249 1920 3320; x_wconf 72' lang='grc' dir='ltr'>ἐκπορευόμενον.</span> 
     </span>
    </p>
   </div>
   <div class='ocr_carea' id='block_1_65' title="bbox 257 3326 1917 3412">
    <p class='ocr_par' dir='ltr' id='par_1_65' title="bbox 257 3326 1917 3412">
     <span class='ocr_line' id='line_1_65' title="bbox 257 3326 1917 3412; baseline -0.008 -12"><span class='ocrx_word' id='word_1_502' title='bbox 257 3396 263 3400; x_wconf 91' lang='grc'><strong>.</strong></span> <span class='ocrx_word' id='word_1_503' title='bbox 329 3339 471 3395; x_wconf 78' lang='grc' dir='ltr'><strong>Καὶ’</strong></span> <span class='ocrx_word' id='word_1_504' title='bbox 499 3334 674 3395; x_wconf 80' lang='grc' dir='ltr'><strong>εἶπεν·</strong></span> <span class='ocrx_word' id='word_1_505' title='bbox 729 3326 880 3412; x_wconf 58' lang='grc' dir='ltr'><strong>Α’ὓτη</strong></span> <span class='ocrx_word' id='word_1_506' title='bbox 902 3341 936 3410; x_wconf 82' lang='grc' dir='ltr'>ἡ</span> <span class='ocrx_word' id='word_1_507' title='bbox 988 3335 1169 3392; x_wconf 85' lang='grc' dir='ltr'>ἀδικία</span> <span class='ocrx_word' id='word_1_508' title='bbox 1200 3334 1380 3390; x_wconf 83' lang='grc' dir='ltr'>αὐτῶν</span> <span class='ocrx_word' id='word_1_509' title='bbox 1418 3337 1476 3390; x_wconf 79' lang='grc' dir='ltr'><strong>ὲν</strong></span> <span class='ocrx_word' id='word_1_510' title='bbox 1502 3336 1651 3408; x_wconf 85' lang='grc' dir='ltr'><strong>πάσῃ</strong></span> <span class='ocrx_word' id='word_1_511' title='bbox 1678 3340 1746 3408; x_wconf 81' lang='grc' dir='ltr'><strong>τῇ</strong></span> <span class='ocrx_word' id='word_1_512' title='bbox 1773 3339 1864 3407; x_wconf 79' lang='grc' dir='ltr'><strong>γῇ.</strong></span> <span class='ocrx_word' id='word_1_513' title='bbox 1897 3354 1917 3387; x_wconf 75' lang='grc' dir='ltr'><strong>ι</strong></span> 
     </span>
    </p>
   </div>
   <div class='ocr_carea' id='block_1_66' title="bbox 327 3427 1921 3505">
    <p class='ocr_par' dir='ltr' id='par_1_66' title="bbox 327 3427 1921 3505">
     <span class='ocr_line' id='line_1_66' title="bbox 327 3427 1921 3505; baseline -0.004 -18"><span class='ocrx_word' id='word_1_514' title='bbox 327 3433 709 3505; x_wconf 85' lang='grc' dir='ltr'>Διδασκὸμεθα</span> <span class='ocrx_word' id='word_1_515' title='bbox 741 3434 836 3488; x_wconf 71' lang='grc' dir='ltr'>καὶ</span> <span class='ocrx_word' id='word_1_516' title='bbox 862 3433 1023 3504; x_wconf 78' lang='grc' dir='ltr'>ἡμεῖς</span> <span class='ocrx_word' id='word_1_517' title='bbox 1051 3429 1143 3485; x_wconf 85' lang='grc' dir='ltr'>διὰ</span> <span class='ocrx_word' id='word_1_518' title='bbox 1168 3428 1386 3492; x_wconf 92' lang='grc' dir='ltr'>τούτου,</span> <span class='ocrx_word' id='word_1_519' title='bbox 1415 3427 1492 3493; x_wconf 84' lang='grc' dir='ltr'><strong>ὡς</strong></span> <span class='ocrx_word' id='word_1_520' title='bbox 1523 3427 1703 3482; x_wconf 88' lang='grc' dir='ltr'>πάντα</span> <span class='ocrx_word' id='word_1_521' title='bbox 1740 3429 1921 3499; x_wconf 81' lang='grc' dir='ltr'>μέτρῳ</span> 
     </span>
    </p>
   </div>
   <div class='ocr_carea' id='block_1_67' title="bbox 328 3520 1922 3597">
    <p class='ocr_par' dir='ltr' id='par_1_67' title="bbox 328 3520 1922 3597">
     <span class='ocr_line' id='line_1_67' title="bbox 328 3520 1922 3597; baseline -0.003 -18"><span class='ocrx_word' id='word_1_522' title='bbox 328 3525 428 3580; x_wconf 77' lang='grc' dir='ltr'><strong>καὶ</strong></span> <span class='ocrx_word' id='word_1_523' title='bbox 473 3524 701 3596; x_wconf 85' lang='grc' dir='ltr'>σταθμῷ</span> <span class='ocrx_word' id='word_1_524' title='bbox 757 3524 1089 3597; x_wconf 86' lang='grc' dir='ltr'>πρυτανεύει</span> <span class='ocrx_word' id='word_1_525' title='bbox 1115 3522 1274 3576; x_wconf 86' lang='grc' dir='ltr'><strong>ὁτῶν</strong></span> <span class='ocrx_word' id='word_1_526' title='bbox 1325 3520 1463 3576; x_wconf 83' lang='grc' dir='ltr'>ὅλων</span> <span class='ocrx_word' id='word_1_527' title='bbox 1502 3520 1727 3592; x_wconf 82' lang='grc' dir='ltr'>Κύριος.</span> <span class='ocrx_word' id='word_1_528' title='bbox 1764 3520 1922 3576; x_wconf 81' lang='grc' dir='ltr'>Ούτω</span> 
     </span>
    </p>
   </div>
   <div class='ocr_carea' id='block_1_68' title="bbox 291 3611 1922 3689">
    <p class='ocr_par' dir='ltr' id='par_1_68' title="bbox 291 3611 1922 3689">
     <span class='ocr_line' id='line_1_68' title="bbox 291 3611 1922 3689; baseline -0.003 -17"><span class='ocrx_word' id='word_1_529' title='bbox 291 3655 298 3660; x_wconf 94' lang='grc'><strong><em>-</em></strong></span> <span class='ocrx_word' id='word_1_530' title='bbox 329 3617 430 3672; x_wconf 69' lang='grc' dir='ltr'><strong>καὶ</strong></span> <span class='ocrx_word' id='word_1_531' title='bbox 470 3616 550 3688; x_wconf 84' lang='grc' dir='ltr'><strong>τῷ</strong></span> <span class='ocrx_word' id='word_1_532' title='bbox 582 3616 840 3689; x_wconf 76' lang='grc' dir='ltr'>’Λϐραάμ</span> <span class='ocrx_word' id='word_1_533' title='bbox 871 3616 1140 3688; x_wconf 84' lang='grc' dir='ltr'>πάροικον</span> <span class='ocrx_word' id='word_1_534' title='bbox 1174 3612 1392 3668; x_wconf 72' lang='grc' dir='ltr'><strong>ἔσεσθαι</strong></span> <span class='ocrx_word' id='word_1_535' title='bbox 1421 3612 1584 3667; x_wconf 71' lang='grc' dir='ltr'>αὑτοῦ</span> <span class='ocrx_word' id='word_1_536' title='bbox 1609 3611 1671 3666; x_wconf 83' lang='grc' dir='ltr'>τὸ</span> <span class='ocrx_word' id='word_1_537' title='bbox 1700 3613 1922 3684; x_wconf 89' lang='grc' dir='ltr'>σπέρμα</span> 
     </span>
    </p>
   </div>
   <div class='ocr_carea' id='block_1_69' title="bbox 330 3703 1916 3780">
    <p class='ocr_par' dir='ltr' id='par_1_69' title="bbox 330 3703 1916 3780">
     <span class='ocr_line' id='line_1_69' title="bbox 330 3703 1916 3780; baseline -0.004 -16"><span class='ocrx_word' id='word_1_538' title='bbox 330 3707 768 3780; x_wconf 86' lang='grc' dir='ltr'>προαγορεύσας,</span> <span class='ocrx_word' id='word_1_539' title='bbox 787 3707 884 3762; x_wconf 75' lang='grc' dir='ltr'>καὶ</span> <span class='ocrx_word' id='word_1_540' title='bbox 905 3707 1005 3780; x_wconf 84' lang='grc' dir='ltr'><strong>τὴν</strong></span> <span class='ocrx_word' id='word_1_541' title='bbox 1025 3705 1209 3760; x_wconf 87' lang='grc' dir='ltr'>αίτίαν</span> <span class='ocrx_word' id='word_1_542' title='bbox 1228 3704 1506 3760; x_wconf 84' lang='grc' dir='ltr'>διδάσκει·</span> <span class='ocrx_word' id='word_1_543' title='bbox 1543 3723 1562 3757; x_wconf 82' lang='grc' dir='ltr'>ι</span> <span class='ocrx_word' id='word_1_544' title='bbox 1589 3703 1756 3758; x_wconf 79' lang='grc' dir='ltr'>Ούπω</span> <span class='ocrx_word' id='word_1_545' title='bbox 1788 3705 1916 3774; x_wconf 86' lang='grc' dir='ltr'>γὰρ,</span> 
     </span>
    </p>
   </div>
   <div class='ocr_carea' id='block_1_70' title="bbox 331 3793 1922 3866">
    <p class='ocr_par' dir='ltr' id='par_1_70' title="bbox 331 3793 1922 3866">
     <span class='ocr_line' id='line_1_70' title="bbox 331 3793 1922 3866; baseline 0.001 -19"><span class='ocrx_word' id='word_1_546' title='bbox 331 3795 520 3866; x_wconf 73' lang='grc' dir='ltr'>φησὶν,</span> <span class='ocrx_word' id='word_1_547' title='bbox 559 3794 1059 3866; x_wconf 86' lang='grc' dir='ltr'>ἀναπεπλήρωνται</span> <span class='ocrx_word' id='word_1_548' title='bbox 1082 3796 1137 3847; x_wconf 76' lang='lat' dir='ltr'><strong>at</strong></span> <span class='ocrx_word' id='word_1_549' title='bbox 1165 3795 1434 3865; x_wconf 84' lang='grc' dir='ltr'>ἁμαρτίαι</span> <span class='ocrx_word' id='word_1_550' title='bbox 1452 3793 1563 3848; x_wconf 85' lang='grc' dir='ltr'><strong>τῶν</strong></span> <span class='ocrx_word' id='word_1_551' title='bbox 1582 3795 1633 3848; x_wconf 84' lang='grc' dir='ltr'><strong>Ἀ</strong></span> <span class='ocrx_word' id='word_1_552' title='bbox 1644 3794 1922 3866; x_wconf 81' lang='grc' dir='ltr'>μορῤαίων</span> 
     </span>
    </p>
   </div>
   <div class='ocr_carea' id='block_1_71' title="bbox 329 3884 1922 3956">
    <p class='ocr_par' dir='ltr' id='par_1_71' title="bbox 329 3884 1922 3956">
     <span class='ocr_line' id='line_1_71' title="bbox 329 3884 1922 3956; baseline 0 -18"><span class='ocrx_word' id='word_1_553' title='bbox 329 3885 437 3948; x_wconf 73' lang='grc' dir='ltr'><strong>ἕως</strong></span> <span class='ocrx_word' id='word_1_554' title='bbox 468 3885 564 3939; x_wconf 81' lang='grc' dir='ltr'><strong>τοῦ</strong></span> <span class='ocrx_word' id='word_1_555' title='bbox 607 3885 722 3940; x_wconf 83' lang='grc' dir='ltr'>νῦν.</span> <span class='ocrx_word' id='word_1_556' title='bbox 777 3905 797 3939; x_wconf 74' lang='grc' dir='ltr'><strong>ι</strong></span> <span class='ocrx_word' id='word_1_557' title='bbox 841 3884 1070 3939; x_wconf 80' lang='grc' dir='ltr'>Οὐδέπω</span> <span class='ocrx_word' id='word_1_558' title='bbox 1091 3922 1106 3947; x_wconf 87' lang='grc'><strong>,</strong></span> <span class='ocrx_word' id='word_1_559' title='bbox 1142 3885 1345 3954; x_wconf 68' lang='grc' dir='ltr'>φησιν,</span> <span class='ocrx_word' id='word_1_560' title='bbox 1379 3884 1504 3951; x_wconf 74' lang='grc' dir='ltr'>ἀξια</span> <span class='ocrx_word' id='word_1_561' title='bbox 1545 3884 1922 3956; x_wconf 85' lang='grc' dir='ltr'>πανωλεθρίας</span> 
     </span>
    </p>
   </div>
   <div class='ocr_carea' id='block_1_72' title="bbox 329 3973 1922 4050">
    <p class='ocr_par' dir='ltr' id='par_1_72' title="bbox 329 3973 1922 4050">
     <span class='ocr_line' id='line_1_72' title="bbox 329 3973 1922 4050; baseline -0.002 -20"><span class='ocrx_word' id='word_1_562' title='bbox 329 3973 872 4050; x_wconf 81' lang='grc' dir='ltr'>πεπλημμελήκασι·</span> <span class='ocrx_word' id='word_1_563' title='bbox 920 3977 1112 4047; x_wconf 86' lang='grc' dir='ltr'><strong>διόπερ</strong></span> <span class='ocrx_word' id='word_1_564' title='bbox 1155 3975 1256 4028; x_wconf 81' lang='grc' dir='ltr'>οὐκ</span> <span class='ocrx_word' id='word_1_565' title='bbox 1307 3973 1570 4045; x_wconf 81' lang='grc' dir='ltr'>ἀνέξομαι</span> <span class='ocrx_word' id='word_1_566' title='bbox 1600 3974 1694 4028; x_wconf 79' lang='grc' dir='ltr'><strong>νῦν</strong></span> <span class='ocrx_word' id='word_1_567' title='bbox 1725 3976 1922 4039; x_wconf 78' lang='grc' dir='ltr'>αὐτοὺς</span> 
     </span>
    </p>
   </div>
   <div class='ocr_carea' id='block_1_73' title="bbox 332 4063 1918 4140">
    <p class='ocr_par' dir='ltr' id='par_1_73' title="bbox 332 4063 1918 4140">
     <span class='ocr_line' id='line_1_73' title="bbox 332 4063 1918 4140; baseline -0.003 -19"><span class='ocrx_word' id='word_1_568' title='bbox 332 4067 672 4140; x_wconf 82' lang='grc' dir='ltr'>παραδοῦναι</span> <span class='ocrx_word' id='word_1_569' title='bbox 705 4068 913 4138; x_wconf 74' lang='grc' dir='ltr'>σφαγῇ,</span> <span class='ocrx_word' id='word_1_570' title='bbox 947 4066 1087 4121; x_wconf 88' lang='grc' dir='ltr'><strong>ἀλλά</strong></span> <span class='ocrx_word' id='word_1_571' title='bbox 1119 4067 1218 4136; x_wconf 81' lang='grc' dir='ltr'>τῆς</span> <span class='ocrx_word' id='word_1_572' title='bbox 1245 4064 1594 4137; x_wconf 87' lang='grc' dir='ltr'>παρανομίας</span> <span class='ocrx_word' id='word_1_573' title='bbox 1625 4064 1687 4117; x_wconf 82' lang='grc' dir='ltr'>τὸ</span> <span class='ocrx_word' id='word_1_574' title='bbox 1720 4063 1918 4134; x_wconf 87' lang='grc' dir='ltr'>μέτρον</span> 
     </span>
    </p>
   </div>
   <div class='ocr_carea' id='block_1_74' title="bbox 315 4153 1918 4230">
    <p class='ocr_par' dir='ltr' id='par_1_74' title="bbox 315 4153 1918 4230">
     <span class='ocr_line' id='line_1_74' title="bbox 315 4153 1918 4230; baseline -0.003 -18"><span class='ocrx_word' id='word_1_575' title='bbox 315 4157 616 4230; x_wconf 82' lang='grc' dir='ltr'>ἀναμενῶ.</span> <span class='ocrx_word' id='word_1_576' title='bbox 646 4156 804 4211; x_wconf 76' lang='grc' dir='ltr'>Οὕτω</span> <span class='ocrx_word' id='word_1_577' title='bbox 840 4159 955 4221; x_wconf 79' lang='grc' dir='ltr'>τοῖς</span> <span class='ocrx_word' id='word_1_578' title='bbox 997 4156 1092 4210; x_wconf 66' lang='grc' dir='ltr'><strong>ἐπὶ</strong></span> <span class='ocrx_word' id='word_1_579' title='bbox 1116 4155 1211 4210; x_wconf 76' lang='grc' dir='ltr'>τοῦ</span> <span class='ocrx_word' id='word_1_580' title='bbox 1240 4155 1364 4209; x_wconf 86' lang='grc' dir='ltr'><strong>Νῶε</strong></span> <span class='ocrx_word' id='word_1_581' title='bbox 1401 4154 1575 4208; x_wconf 80' lang='grc' dir='ltr'>εἴκοσι</span> <span class='ocrx_word' id='word_1_582' title='bbox 1598 4153 1694 4208; x_wconf 80' lang='grc' dir='ltr'><strong>καὶ</strong></span> <span class='ocrx_word' id='word_1_583' title='bbox 1721 4154 1918 4208; x_wconf 79' lang='grc' dir='ltr'>ἑκατὸν</span> 
     </span>
    </p>
   </div>
   <div class='ocr_carea' id='block_1_75' title="bbox 330 4247 1917 4322">
    <p class='ocr_par' dir='ltr' id='par_1_75' title="bbox 330 4247 1917 4322">
     <span class='ocr_line' id='line_1_75' title="bbox 330 4247 1917 4322; baseline -0.002 -18"><span class='ocrx_word' id='word_1_584' title='bbox 330 4251 481 4304; x_wconf 79' lang='grc' dir='ltr'><strong>ἔτεσι</strong></span> <span class='ocrx_word' id='word_1_585' title='bbox 532 4253 632 4321; x_wconf 79' lang='grc' dir='ltr'><strong>τὴν</strong></span> <span class='ocrx_word' id='word_1_586' title='bbox 667 4249 812 4322; x_wconf 78' lang='grc' dir='ltr'>ζωὴν</span> <span class='ocrx_word' id='word_1_587' title='bbox 867 4249 1210 4322; x_wconf 90' lang='grc' dir='ltr'>περιορίσας,</span> <span class='ocrx_word' id='word_1_588' title='bbox 1261 4247 1450 4320; x_wconf 71' lang='grc' dir='ltr'><strong>ἐπειδὴ</strong></span> <span class='ocrx_word' id='word_1_589' title='bbox 1499 4247 1594 4320; x_wconf 84' lang='grc' dir='ltr'><strong>τὴν</strong></span> <span class='ocrx_word' id='word_1_590' title='bbox 1641 4247 1917 4319; x_wconf 83' lang='grc' dir='ltr'>ἁμαρτίαν</span> 
     </span>
    </p>
   </div>
   <div class='ocr_carea' id='block_1_76' title="bbox 328 4334 1914 4412">
    <p class='ocr_par' dir='ltr' id='par_1_76' title="bbox 328 4334 1914 4412">
     <span class='ocr_line' id='line_1_76' title="bbox 328 4334 1914 4412; baseline -0.004 -16"><span class='ocrx_word' id='word_1_591' title='bbox 328 4340 709 4412; x_wconf 77' lang='grc' dir='ltr'>αὐξανομένην</span> <span class='ocrx_word' id='word_1_592' title='bbox 725 4341 770 4372; x_wconf 79' lang='grc'><strong>⁷⁷</strong></span> <span class='ocrx_word' id='word_1_593' title='bbox 820 4340 916 4394; x_wconf 78' lang='grc' dir='ltr'>καὶ</span> <span class='ocrx_word' id='word_1_594' title='bbox 964 4336 1404 4411; x_wconf 83' lang='grc' dir='ltr'>πλημμυροῦσαν</span> <span class='ocrx_word' id='word_1_595' title='bbox 1450 4334 1609 4403; x_wconf 81' lang='grc' dir='ltr'>εἶδεν,</span> <span class='ocrx_word' id='word_1_596' title='bbox 1640 4337 1740 4392; x_wconf 81' lang='grc' dir='ltr'>οὐκ</span> <span class='ocrx_word' id='word_1_597' title='bbox 1786 4335 1914 4390; x_wconf 82' lang='grc' dir='ltr'>ἀνέ-</span> 
     </span>
    </p>
   </div>
   <div class='ocr_carea' id='block_1_77' title="bbox 331 4427 1915 4505">
    <p class='ocr_par' dir='ltr' id='par_1_77' title="bbox 331 4427 1915 4505">
     <span class='ocr_line' id='line_1_77' title="bbox 331 4427 1915 4505; baseline -0.004 -18"><span class='ocrx_word' id='word_1_598' title='bbox 331 4449 486 4504; x_wconf 82' lang='grc' dir='ltr'><strong>μεινε</strong></span> <span class='ocrx_word' id='word_1_599' title='bbox 531 4431 632 4504; x_wconf 78' lang='grc' dir='ltr'><strong>τὴν</strong></span> <span class='ocrx_word' id='word_1_600' title='bbox 673 4433 892 4505; x_wconf 90' lang='grc' dir='ltr'>κυρίαν,</span> <span class='ocrx_word' id='word_1_601' title='bbox 916 4429 1054 4486; x_wconf 88' lang='grc' dir='ltr'><strong>ἀλλά</strong></span> <span class='ocrx_word' id='word_1_602' title='bbox 1105 4429 1204 4500; x_wconf 82' lang='grc' dir='ltr'><strong>τὴν</strong></span> <span class='ocrx_word' id='word_1_603' title='bbox 1237 4428 1579 4501; x_wconf 83' lang='grc' dir='ltr'>προθεσμίαν</span> <span class='ocrx_word' id='word_1_604' title='bbox 1631 4427 1915 4498; x_wconf 80' lang='grc' dir='ltr'>συνέτεμε,</span> 
     </span>
    </p>
   </div>
   <div class='ocr_carea' id='block_1_78' title="bbox 2029 3237 3605 3310">
    <p class='ocr_par' dir='ltr' id='par_1_78' title="bbox 2029 3237 3605 3310">
     <span class='ocr_line' id='line_1_78' title="bbox 2029 3237 3605 3310; baseline 0.001 -17"><span class='ocrx_word' id='word_1_605' title='bbox 2029 3239 2172 3306; x_wconf 89' lang='lat' dir='ltr'><strong>Quid</strong></span> <span class='ocrx_word' id='word_1_606' title='bbox 2204 3239 2329 3293; x_wconf 87' lang='lat' dir='ltr'><strong>est?</strong></span> <span class='ocrx_word' id='word_1_607' title='bbox 2352 3246 2406 3293; x_wconf 88' lang='lat' dir='ltr'><strong>et</strong></span> <span class='ocrx_word' id='word_1_608' title='bbox 2432 3238 2546 3292; x_wconf 88' lang='lat' dir='ltr'><strong>ait:</strong></span> <span class='ocrx_word' id='word_1_609' title='bbox 2578 3237 2706 3292; x_wconf 58' lang='lat' dir='ltr'><strong>Hac</strong></span> <span class='ocrx_word' id='word_1_610' title='bbox 2724 3245 2808 3293; x_wconf 89' lang='lat' dir='ltr'><strong>est</strong></span> <span class='ocrx_word' id='word_1_611' title='bbox 2837 3252 3120 3302; x_wconf 90' lang='lat' dir='ltr'><strong>mensura,</strong></span> <span class='ocrx_word' id='word_1_612' title='bbox 3144 3254 3268 3309; x_wconf 66' lang='lat' dir='ltr'><strong>quae</strong></span> <span class='ocrx_word' id='word_1_613' title='bbox 3292 3239 3605 3310; x_wconf 85' lang='lat' dir='ltr'><strong>egreditur;</strong></span> 
     </span>
    </p>
   </div>
   <div class='ocr_carea' id='block_1_79' title="bbox 2024 3326 3712 3397">
    <p class='ocr_par' dir='ltr' id='par_1_79' title="bbox 2024 3326 3712 3397">
     <span class='ocr_line' id='line_1_79' title="bbox 2024 3326 3712 3397; baseline -0.001 -13"><span class='ocrx_word' id='word_1_614' title='bbox 2024 3339 2079 3384; x_wconf 89' lang='lat' dir='ltr'><strong>et</strong></span> <span class='ocrx_word' id='word_1_615' title='bbox 2101 3329 2176 3382; x_wconf 86' lang='lat' dir='ltr'><strong>ait</strong></span> <span class='ocrx_word' id='word_1_616' title='bbox 2208 3346 2221 3382; x_wconf 89' lang='lat'>:</span> <span class='ocrx_word' id='word_1_617' title='bbox 2255 3326 2380 3382; x_wconf 67' lang='lat' dir='ltr'><strong>Haec</strong></span> <span class='ocrx_word' id='word_1_618' title='bbox 2440 3337 2526 3382; x_wconf 91' lang='lat' dir='ltr'><strong>est</strong></span> <span class='ocrx_word' id='word_1_619' title='bbox 2579 3326 2847 3397; x_wconf 85' lang='lat' dir='ltr'><strong>iniquitas</strong></span> <span class='ocrx_word' id='word_1_620' title='bbox 2882 3340 3077 3380; x_wconf 89' lang='lat' dir='ltr'><strong>eorum</strong></span> <span class='ocrx_word' id='word_1_621' title='bbox 3115 3327 3170 3380; x_wconf 91' lang='lat' dir='ltr'><strong>in</strong></span> <span class='ocrx_word' id='word_1_622' title='bbox 3203 3329 3354 3382; x_wconf 91' lang='lat' dir='ltr'><strong>omni</strong></span> <span class='ocrx_word' id='word_1_623' title='bbox 3382 3336 3548 3383; x_wconf 86' lang='lat' dir='ltr'><strong>terra.</strong></span> <span class='ocrx_word' id='word_1_624' title='bbox 3581 3347 3602 3382; x_wconf 78' lang='grc' dir='ltr'>ι</span> <span class='ocrx_word' id='word_1_625' title='bbox 3707 3377 3712 3382; x_wconf 87' lang='grc'><strong>.</strong></span> 
     </span>
    </p>
   </div>
   <div class='ocr_carea' id='block_1_80' title="bbox 2025 3417 3611 3489">
    <p class='ocr_par' dir='ltr' id='par_1_80' title="bbox 2025 3417 3611 3489">
     <span class='ocr_line' id='line_1_80' title="bbox 2025 3417 3611 3489; baseline 0.001 -17"><span class='ocrx_word' id='word_1_626' title='bbox 2025 3418 2104 3473; x_wconf 84' lang='lat' dir='ltr'><strong>Ex</strong></span> <span class='ocrx_word' id='word_1_627' title='bbox 2157 3419 2262 3474; x_wconf 89' lang='lat' dir='ltr'><strong>hoc</strong></span> <span class='ocrx_word' id='word_1_628' title='bbox 2304 3418 2665 3489; x_wconf 85' lang='lat' dir='ltr'><strong>intelligimus</strong></span> <span class='ocrx_word' id='word_1_629' title='bbox 2707 3431 2950 3488; x_wconf 89' lang='lat' dir='ltr'><strong>quoque,</strong></span> <span class='ocrx_word' id='word_1_630' title='bbox 3013 3417 3204 3472; x_wconf 88' lang='lat' dir='ltr'><strong>omnia</strong></span> <span class='ocrx_word' id='word_1_631' title='bbox 3262 3429 3520 3473; x_wconf 89' lang='lat' dir='ltr'><strong>mensura</strong></span> <span class='ocrx_word' id='word_1_632' title='bbox 3551 3427 3611 3474; x_wconf 92' lang='lat' dir='ltr'><strong>et</strong></span> 
     </span>
    </p>
   </div>
   <div class='ocr_carea' id='block_1_81' title="bbox 2024 3508 3608 3583">
    <p class='ocr_par' dir='ltr' id='par_1_81' title="bbox 2024 3508 3608 3583">
     <span class='ocr_line' id='line_1_81' title="bbox 2024 3508 3608 3583; baseline -0.001 -16"><span class='ocrx_word' id='word_1_633' title='bbox 2024 3512 2274 3583; x_wconf 81' lang='lat' dir='ltr'><strong>pondere</strong></span> <span class='ocrx_word' id='word_1_634' title='bbox 2303 3510 2695 3565; x_wconf 89' lang='lat' dir='ltr'><strong>administrare</strong></span> <span class='ocrx_word' id='word_1_635' title='bbox 2725 3509 3026 3565; x_wconf 88' lang='lat' dir='ltr'><strong>Dominum</strong></span> <span class='ocrx_word' id='word_1_636' title='bbox 3050 3508 3464 3565; x_wconf 89' lang='lat' dir='ltr'><strong>universorum.</strong></span> <span class='ocrx_word' id='word_1_637' title='bbox 3507 3509 3608 3566; x_wconf 85' lang='lat' dir='ltr'><strong>Sic</strong></span> 
     </span>
    </p>
   </div>
   <div class='ocr_carea' id='block_1_82' title="bbox 2023 3599 3607 3673">
    <p class='ocr_par' dir='ltr' id='par_1_82' title="bbox 2023 3599 3607 3673">
     <span class='ocr_line' id='line_1_82' title="bbox 2023 3599 3607 3673; baseline -0.001 -15"><span class='ocrx_word' id='word_1_638' title='bbox 2023 3603 2192 3658; x_wconf 89' lang='lat' dir='ltr'><strong>etiam</strong></span> <span class='ocrx_word' id='word_1_639' title='bbox 2227 3601 2544 3658; x_wconf 83' lang='lat' dir='ltr'><strong>Abrabatno</strong></span> <span class='ocrx_word' id='word_1_640' title='bbox 2573 3600 2928 3673; x_wconf 77' lang='lat' dir='ltr'><strong>peregrinum</strong></span> <span class='ocrx_word' id='word_1_641' title='bbox 2963 3599 3084 3656; x_wconf 82' lang='lat' dir='ltr'><strong>fore</strong></span> <span class='ocrx_word' id='word_1_642' title='bbox 3112 3599 3234 3672; x_wconf 87' lang='lat' dir='ltr'><strong>ejus</strong></span> <span class='ocrx_word' id='word_1_643' title='bbox 3260 3616 3448 3656; x_wconf 87' lang='lat' dir='ltr'><strong>semen</strong></span> <span class='ocrx_word' id='word_1_644' title='bbox 3480 3615 3607 3657; x_wconf 89' lang='lat' dir='ltr'><strong>cum</strong></span> 
     </span>
    </p>
   </div>
   <div class='ocr_carea' id='block_1_83' title="bbox 2022 3691 3608 3765">
    <p class='ocr_par' dir='ltr' id='par_1_83' title="bbox 2022 3691 3608 3765">
     <span class='ocr_line' id='line_1_83' title="bbox 2022 3691 3608 3765; baseline 0.001 -17"><span class='ocrx_word' id='word_1_645' title='bbox 2022 3691 2370 3765; x_wconf 66' lang='lat' dir='ltr'><strong>praediceret,</strong></span> <span class='ocrx_word' id='word_1_646' title='bbox 2429 3706 2656 3748; x_wconf 85' lang='lat' dir='ltr'><strong>causam</strong></span> <span class='ocrx_word' id='word_1_647' title='bbox 2681 3692 2850 3747; x_wconf 89' lang='lat' dir='ltr'><strong>etiam</strong></span> <span class='ocrx_word' id='word_1_648' title='bbox 2876 3691 3105 3748; x_wconf 87' lang='lat' dir='ltr'><strong>docuit:</strong></span> <span class='ocrx_word' id='word_1_649' title='bbox 3157 3710 3176 3744; x_wconf 82' lang='lat' dir='ltr'><strong>t</strong></span> <span class='ocrx_word' id='word_1_650' title='bbox 3212 3691 3486 3760; x_wconf 85' lang='lat' dir='ltr'><strong>Nondum,</strong></span> <span class='ocrx_word' id='word_1_651' title='bbox 3519 3693 3608 3749; x_wconf 84' lang='lat' dir='ltr'><strong>in-</strong></span> 
     </span>
    </p>
   </div>
   <div class='ocr_carea' id='block_1_84' title="bbox 2025 3783 3609 3855">
    <p class='ocr_par' dir='ltr' id='par_1_84' title="bbox 2025 3783 3609 3855">
     <span class='ocr_line' id='line_1_84' title="bbox 2025 3783 3609 3855; baseline 0.002 -17"><span class='ocrx_word' id='word_1_652' title='bbox 2025 3787 2168 3855; x_wconf 89' lang='lat' dir='ltr'><strong>quit,</strong></span> <span class='ocrx_word' id='word_1_653' title='bbox 2197 3786 2484 3855; x_wconf 72' lang='lat' dir='ltr'><strong>completa:</strong></span> <span class='ocrx_word' id='word_1_654' title='bbox 2521 3791 2652 3840; x_wconf 88' lang='lat' dir='ltr'><strong>sunt</strong></span> <span class='ocrx_word' id='word_1_655' title='bbox 2691 3783 3022 3855; x_wconf 89' lang='lat' dir='ltr'><strong>iniquitates</strong></span> <span class='ocrx_word' id='word_1_656' title='bbox 3049 3784 3506 3841; x_wconf 68' lang='lat' dir='ltr'><strong>Amorrhazorum</strong></span> <span class='ocrx_word' id='word_1_657' title='bbox 3538 3786 3609 3842; x_wconf 80' lang='lat' dir='ltr'><strong>ad</strong></span> 
     </span>
    </p>
   </div>
   <div class='ocr_carea' id='block_1_85' title="bbox 2024 3876 3605 3952">
    <p class='ocr_par' dir='ltr' id='par_1_85' title="bbox 2024 3876 3605 3952">
     <span class='ocr_line' id='line_1_85' title="bbox 2024 3876 3605 3952; baseline 0.004 -23"><span class='ocrx_word' id='word_1_658' title='bbox 2024 3893 2274 3946; x_wconf 69' lang='lat' dir='ltr'><strong>praesens</strong></span> <span class='ocrx_word' id='word_1_659' title='bbox 2303 3891 2480 3947; x_wconf 91' lang='lat' dir='ltr'><strong>usque</strong></span> <span class='ocrx_word' id='word_1_660' title='bbox 2508 3887 2726 3947; x_wconf 87' lang='lat' dir='ltr'><strong>tempus</strong></span> <span class='ocrx_word' id='word_1_661' title='bbox 2743 3887 2794 3932; x_wconf 75' lang='grc' dir='ltr'><strong>ν.</strong></span> <span class='ocrx_word' id='word_1_662' title='bbox 2831 3896 2850 3928; x_wconf 79' lang='grc' dir='ltr'>ι</span> <span class='ocrx_word' id='word_1_663' title='bbox 2878 3876 3136 3933; x_wconf 85' lang='lat' dir='ltr'><strong>Nondum</strong></span> <span class='ocrx_word' id='word_1_664' title='bbox 3167 3880 3355 3952; x_wconf 82' lang='lat' dir='ltr'><strong>digna,</strong></span> <span class='ocrx_word' id='word_1_665' title='bbox 3400 3880 3605 3952; x_wconf 91' lang='lat' dir='ltr'><strong>inquit,</strong></span> 
     </span>
    </p>
   </div>
   <div class='ocr_carea' id='block_1_86' title="bbox 2021 3966 3606 4038">
    <p class='ocr_par' dir='ltr' id='par_1_86' title="bbox 2021 3966 3606 4038">
     <span class='ocr_line' id='line_1_86' title="bbox 2021 3966 3606 4038; baseline 0.003 -16"><span class='ocrx_word' id='word_1_666' title='bbox 2021 3978 2270 4023; x_wconf 82' lang='lat' dir='ltr'><strong>extrema</strong></span> <span class='ocrx_word' id='word_1_667' title='bbox 2304 3967 2550 4038; x_wconf 88' lang='lat' dir='ltr'><strong>pernicie</strong></span> <span class='ocrx_word' id='word_1_668' title='bbox 2595 3979 2994 4038; x_wconf 88' lang='lat' dir='ltr'><strong>peccaverunt.</strong></span> <span class='ocrx_word' id='word_1_669' title='bbox 3033 3966 3219 4034; x_wconf 86' lang='lat' dir='ltr'><strong>Quare</strong></span> <span class='ocrx_word' id='word_1_670' title='bbox 3239 3984 3338 4025; x_wconf 87' lang='lat' dir='ltr'><strong>eos</strong></span> <span class='ocrx_word' id='word_1_671' title='bbox 3383 3970 3452 4024; x_wconf 88' lang='lat' dir='ltr'><strong>ad</strong></span> <span class='ocrx_word' id='word_1_672' title='bbox 3493 3985 3606 4026; x_wconf 74' lang='lat' dir='ltr'><strong>ca:-</strong></span> 
     </span>
    </p>
   </div>
   <div class='ocr_carea' id='block_1_87' title="bbox 2020 4056 3607 4130">
    <p class='ocr_par' dir='ltr' id='par_1_87' title="bbox 2020 4056 3607 4130">
     <span class='ocr_line' id='line_1_87' title="bbox 2020 4056 3607 4130; baseline 0.003 -18"><span class='ocrx_word' id='word_1_673' title='bbox 2020 4058 2145 4113; x_wconf 87' lang='lat' dir='ltr'><strong>dem</strong></span> <span class='ocrx_word' id='word_1_674' title='bbox 2185 4072 2335 4112; x_wconf 90' lang='lat' dir='ltr'><strong>nunc</strong></span> <span class='ocrx_word' id='word_1_675' title='bbox 2382 4056 2528 4111; x_wconf 88' lang='lat' dir='ltr'><strong>tradi</strong></span> <span class='ocrx_word' id='word_1_676' title='bbox 2579 4072 2688 4111; x_wconf 91' lang='lat' dir='ltr'><strong>non</strong></span> <span class='ocrx_word' id='word_1_677' title='bbox 2751 4059 3092 4128; x_wconf 86' lang='lat' dir='ltr'><strong>permittam,</strong></span> <span class='ocrx_word' id='word_1_678' title='bbox 3143 4059 3242 4115; x_wconf 86' lang='lat' dir='ltr'><strong>sed</strong></span> <span class='ocrx_word' id='word_1_679' title='bbox 3292 4059 3607 4130; x_wconf 77' lang='lat' dir='ltr'><strong>iniquitatis</strong></span> 
     </span>
    </p>
   </div>
   <div class='ocr_carea' id='block_1_88' title="bbox 2021 4147 3606 4222">
    <p class='ocr_par' dir='ltr' id='par_1_88' title="bbox 2021 4147 3606 4222">
     <span class='ocr_line' id='line_1_88' title="bbox 2021 4147 3606 4222; baseline 0.003 -19"><span class='ocrx_word' id='word_1_680' title='bbox 2021 4163 2337 4204; x_wconf 87' lang='lat' dir='ltr'><strong>mensuram</strong></span> <span class='ocrx_word' id='word_1_681' title='bbox 2364 4149 2720 4219; x_wconf 79' lang='lat' dir='ltr'><strong>exspectabo.</strong></span> <span class='ocrx_word' id='word_1_682' title='bbox 2755 4147 2849 4206; x_wconf 89' lang='lat' dir='ltr'><strong>Sic</strong></span> <span class='ocrx_word' id='word_1_683' title='bbox 2878 4149 3224 4217; x_wconf 87' lang='lat' dir='ltr'><strong>hominibus,</strong></span> <span class='ocrx_word' id='word_1_684' title='bbox 3250 4151 3344 4222; x_wconf 90' lang='lat' dir='ltr'><strong>qui</strong></span> <span class='ocrx_word' id='word_1_685' title='bbox 3375 4151 3606 4208; x_wconf 79' lang='lat' dir='ltr'><strong>fuerunt</strong></span> 
     </span>
    </p>
   </div>
   <div class='ocr_carea' id='block_1_89' title="bbox 2020 4237 3601 4313">
    <p class='ocr_par' dir='ltr' id='par_1_89' title="bbox 2020 4237 3601 4313">
     <span class='ocr_line' id='line_1_89' title="bbox 2020 4237 3601 4313; baseline 0.005 -20"><span class='ocrx_word' id='word_1_686' title='bbox 2020 4247 2274 4311; x_wconf 89' lang='lat' dir='ltr'><strong>tempore</strong></span> <span class='ocrx_word' id='word_1_687' title='bbox 2296 4237 2434 4306; x_wconf 84' lang='lat' dir='ltr'><strong>Noe,</strong></span> <span class='ocrx_word' id='word_1_688' title='bbox 2469 4248 2693 4295; x_wconf 91' lang='lat' dir='ltr'><strong>centum</strong></span> <span class='ocrx_word' id='word_1_689' title='bbox 2720 4249 2776 4296; x_wconf 90' lang='lat' dir='ltr'><strong>et</strong></span> <span class='ocrx_word' id='word_1_690' title='bbox 2807 4241 3007 4313; x_wconf 84' lang='lat' dir='ltr'><strong>viginti</strong></span> <span class='ocrx_word' id='word_1_691' title='bbox 3029 4242 3194 4300; x_wconf 89' lang='lat' dir='ltr'><strong>annis</strong></span> <span class='ocrx_word' id='word_1_692' title='bbox 3251 4244 3420 4299; x_wconf 86' lang='lat' dir='ltr'><strong>vitam</strong></span> <span class='ocrx_word' id='word_1_693' title='bbox 3473 4259 3601 4301; x_wconf 87' lang='lat' dir='ltr'><strong>cum</strong></span> 
     </span>
    </p>
   </div>
   <div class='ocr_carea' id='block_1_90' title="bbox 2019 4331 3604 4403">
    <p class='ocr_par' dir='ltr' id='par_1_90' title="bbox 2019 4331 3604 4403">
     <span class='ocr_line' id='line_1_90' title="bbox 2019 4331 3604 4403; baseline 0.001 -14"><span class='ocrx_word' id='word_1_694' title='bbox 2019 4332 2391 4397; x_wconf 82' lang='lat' dir='ltr'><strong>deﬁnivisset,</strong></span> <span class='ocrx_word' id='word_1_695' title='bbox 2451 4331 2545 4387; x_wconf 91' lang='lat' dir='ltr'><strong>ubi</strong></span> <span class='ocrx_word' id='word_1_696' title='bbox 2596 4339 2827 4403; x_wconf 86' lang='lat' dir='ltr'><strong>peccata</strong></span> <span class='ocrx_word' id='word_1_697' title='bbox 2881 4347 3138 4390; x_wconf 90' lang='lat' dir='ltr'><strong>crescere</strong></span> <span class='ocrx_word' id='word_1_698' title='bbox 3169 4341 3225 4391; x_wconf 78' lang='lat' dir='ltr'><strong>et</strong></span> <span class='ocrx_word' id='word_1_699' title='bbox 3285 4333 3604 4392; x_wconf 87' lang='lat' dir='ltr'><strong>redundare</strong></span> 
     </span>
    </p>
   </div>
   <div class='ocr_carea' id='block_1_91' title="bbox 2018 4423 3605 4497">
    <p class='ocr_par' dir='ltr' id='par_1_91' title="bbox 2018 4423 3605 4497">
     <span class='ocr_line' id='line_1_91' title="bbox 2018 4423 3605 4497; baseline 0.001 -15"><span class='ocrx_word' id='word_1_700' title='bbox 2018 4426 2178 4494; x_wconf 87' lang='lat' dir='ltr'><strong>vidit,</strong></span> <span class='ocrx_word' id='word_1_701' title='bbox 2209 4425 2354 4481; x_wconf 90' lang='lat' dir='ltr'><strong>diem</strong></span> <span class='ocrx_word' id='word_1_702' title='bbox 2394 4423 2761 4480; x_wconf 88' lang='lat' dir='ltr'><strong>constitutum</strong></span> <span class='ocrx_word' id='word_1_703' title='bbox 2802 4440 2914 4480; x_wconf 91' lang='lat' dir='ltr'><strong>non</strong></span> <span class='ocrx_word' id='word_1_704' title='bbox 2938 4426 3309 4497; x_wconf 83' lang='lat' dir='ltr'><strong>exspectavit,</strong></span> <span class='ocrx_word' id='word_1_705' title='bbox 3343 4426 3442 4484; x_wconf 89' lang='lat' dir='ltr'><strong>sed</strong></span> <span class='ocrx_word' id='word_1_706' title='bbox 3467 4428 3605 4485; x_wconf 55' lang='lat' dir='ltr'><strong>dear</strong></span> 
     </span>
    </p>
   </div>
   <div class='ocr_carea' id='block_1_92' title="bbox 326 4517 1922 4596">
    <p class='ocr_par' dir='ltr' id='par_1_92' title="bbox 326 4517 1918 4596">
     <span class='ocr_line' id='line_1_92' title="bbox 326 4517 1918 4596; baseline -0.001 -20"><span class='ocrx_word' id='word_1_707' title='bbox 326 4523 426 4576; x_wconf 76' lang='grc' dir='ltr'>καὶ</span> <span class='ocrx_word' id='word_1_708' title='bbox 451 4521 531 4594; x_wconf 81' lang='grc' dir='ltr'><strong>τῷ</strong></span> <span class='ocrx_word' id='word_1_709' title='bbox 557 4524 832 4596; x_wconf 76' lang='grc' dir='ltr'>ἑκατοστῷ</span> <span class='ocrx_word' id='word_1_710' title='bbox 856 4522 966 4577; x_wconf 73' lang='grc' dir='ltr'>ἔτει</span> <span class='ocrx_word' id='word_1_711' title='bbox 991 4523 1159 4577; x_wconf 77' lang='grc' dir='ltr'>πᾶσιν</span> <span class='ocrx_word' id='word_1_712' title='bbox 1187 4521 1437 4593; x_wconf 77' lang='grc' dir='ltr'><strong>ἐπήγαγε</strong></span> <span class='ocrx_word' id='word_1_713' title='bbox 1468 4519 1560 4574; x_wconf 84' lang='grc' dir='ltr'>τὸν</span> <span class='ocrx_word' id='word_1_714' title='bbox 1582 4519 1690 4574; x_wconf 86' lang='grc' dir='ltr'>τῶν</span> <span class='ocrx_word' id='word_1_715' title='bbox 1711 4517 1918 4574; x_wconf 77' lang='grc' dir='ltr'>ὑδάτων</span> 
     </span>
    </p>
   </div>
   <div class='ocr_carea' id='block_1_93' title="bbox 2023 4517 3602 4596">
    <p class='ocr_par' dir='ltr' id='par_1_93' title="bbox 2023 4518 3602 4593">
     <span class='ocr_line' id='line_1_93' title="bbox 2023 4518 3602 4593; baseline 0 -16"><span class='ocrx_word' id='word_1_716' title='bbox 2023 4521 2200 4577; x_wconf 87' lang='lat' dir='ltr'><strong>nilum</strong></span> <span class='ocrx_word' id='word_1_717' title='bbox 2226 4522 2243 4542; x_wconf 80' lang='grc'><strong><em>⁵</em></strong></span> <span class='ocrx_word' id='word_1_718' title='bbox 2271 4527 2489 4590; x_wconf 90' lang='lat' dir='ltr'><strong>tempus</strong></span> <span class='ocrx_word' id='word_1_719' title='bbox 2525 4518 2779 4589; x_wconf 88' lang='lat' dir='ltr'><strong>abrupit,</strong></span> <span class='ocrx_word' id='word_1_720' title='bbox 2810 4526 2865 4574; x_wconf 91' lang='lat' dir='ltr'><strong>et</strong></span> <span class='ocrx_word' id='word_1_721' title='bbox 2895 4519 3202 4576; x_wconf 87' lang='lat' dir='ltr'><strong>centesimo</strong></span> <span class='ocrx_word' id='word_1_722' title='bbox 3249 4535 3397 4577; x_wconf 88' lang='lat' dir='ltr'><strong>anno</strong></span> <span class='ocrx_word' id='word_1_723' title='bbox 3427 4535 3602 4593; x_wconf 84' lang='lat' dir='ltr'><strong>aqua-</strong></span> 
     </span>
    </p>
   </div>
   <div class='ocr_carea' id='block_1_94' title="bbox 328 4612 747 4685">
    <p class='ocr_par' dir='ltr' id='par_1_94' title="bbox 328 4612 747 4685">
     <span class='ocr_line' id='line_1_94' title="bbox 328 4612 747 4685; baseline 0.002 -19"><span class='ocrx_word' id='word_1_724' title='bbox 328 4612 747 4685; x_wconf 85' lang='grc' dir='ltr'>κατακλυσμόν.</span> 
     </span>
    </p>
   </div>
   <div class='ocr_carea' id='block_1_95' title="bbox 402 4699 1912 4776">
    <p class='ocr_par' dir='ltr' id='par_1_95' title="bbox 402 4699 1912 4776">
     <span class='ocr_line' id='line_1_95' title="bbox 402 4699 1912 4776; baseline -0.003 -15"><span class='ocrx_word' id='word_1_725' title='bbox 402 4704 471 4772; x_wconf 81' lang='grc' dir='ltr'><strong>ζ’,</strong></span> <span class='ocrx_word' id='word_1_726' title='bbox 495 4711 568 4776; x_wconf 81' lang='grc' dir='ltr'><strong>η’.</strong></span> <span class='ocrx_word' id='word_1_727' title='bbox 602 4724 622 4758; x_wconf 82' lang='grc' dir='ltr'><strong>ι</strong></span> <span class='ocrx_word' id='word_1_728' title='bbox 651 4705 765 4760; x_wconf 77' lang='grc' dir='ltr'><strong>Καὶ</strong></span> <span class='ocrx_word' id='word_1_729' title='bbox 795 4705 907 4760; x_wconf 80' lang='grc' dir='ltr'>ίδοὺ</span> <span class='ocrx_word' id='word_1_730' title='bbox 952 4703 1211 4759; x_wconf 81' lang='grc' dir='ltr'>τάλαντον</span> <span class='ocrx_word' id='word_1_731' title='bbox 1256 4700 1506 4774; x_wconf 78' lang='grc' dir='ltr'>μολίϐδου</span> <span class='ocrx_word' id='word_1_732' title='bbox 1535 4699 1912 4774; x_wconf 76' lang='grc' dir='ltr'>ὲξαιρόμενον,</span> 
     </span>
    </p>
   </div>
   <div class='ocr_carea' id='block_1_96' title="bbox 327 4792 1914 4870">
    <p class='ocr_par' dir='ltr' id='par_1_96' title="bbox 327 4792 1914 4870">
     <span class='ocr_line' id='line_1_96' title="bbox 327 4792 1914 4870; baseline -0.004 -16"><span class='ocrx_word' id='word_1_733' title='bbox 327 4799 428 4854; x_wconf 73' lang='grc' dir='ltr'><strong>καὶ</strong></span> <span class='ocrx_word' id='word_1_734' title='bbox 455 4798 563 4854; x_wconf 78' lang='grc' dir='ltr'>ἰδοὺ</span> <span class='ocrx_word' id='word_1_735' title='bbox 586 4799 726 4870; x_wconf 84' lang='grc' dir='ltr'>γυνὴ</span> <span class='ocrx_word' id='word_1_736' title='bbox 759 4798 857 4870; x_wconf 89' lang='grc' dir='ltr'><strong>μία</strong></span> <span class='ocrx_word' id='word_1_737' title='bbox 888 4796 1123 4870; x_wconf 75' lang='grc' dir='ltr'><strong>ἐκάθητο</strong></span> <span class='ocrx_word' id='word_1_738' title='bbox 1156 4796 1216 4850; x_wconf 81' lang='grc' dir='ltr'><strong>ὲν</strong></span> <span class='ocrx_word' id='word_1_739' title='bbox 1247 4794 1398 4867; x_wconf 84' lang='grc' dir='ltr'>μέσῳ</span> <span class='ocrx_word' id='word_1_740' title='bbox 1424 4792 1520 4849; x_wconf 81' lang='grc' dir='ltr'><strong>τοῦ</strong></span> <span class='ocrx_word' id='word_1_741' title='bbox 1557 4794 1779 4866; x_wconf 89' lang='grc' dir='ltr'>μέτρου.</span> <span class='ocrx_word' id='word_1_742' title='bbox 1803 4795 1914 4850; x_wconf 78' lang='grc' dir='ltr'><strong>Καὶ</strong></span> 
     </span>
    </p>
   </div>
   <div class='ocr_carea' id='block_1_97' title="bbox 326 4884 1913 4961">
    <p class='ocr_par' dir='ltr' id='par_1_97' title="bbox 326 4884 1913 4961">
     <span class='ocr_line' id='line_1_97' title="bbox 326 4884 1913 4961; baseline -0.001 -19"><span class='ocrx_word' id='word_1_743' title='bbox 326 4886 520 4944; x_wconf 75' lang='grc' dir='ltr'><strong>εἶπενο</strong></span> <span class='ocrx_word' id='word_1_744' title='bbox 552 4887 703 4961; x_wconf 79' lang='grc' dir='ltr'><strong>Αὕτη</strong></span> <span class='ocrx_word' id='word_1_745' title='bbox 733 4888 880 4944; x_wconf 68' lang='grc' dir='ltr'>ἐστὶν</span> <span class='ocrx_word' id='word_1_746' title='bbox 916 4889 950 4958; x_wconf 82' lang='grc' dir='ltr'>ὴ</span> <span class='ocrx_word' id='word_1_747' title='bbox 992 4887 1214 4958; x_wconf 86' lang='grc' dir='ltr'>ἀνομία.</span> <span class='ocrx_word' id='word_1_748' title='bbox 1250 4885 1361 4941; x_wconf 76' lang='grc' dir='ltr'><strong>Καὶ</strong></span> <span class='ocrx_word' id='word_1_749' title='bbox 1409 4884 1635 4958; x_wconf 75' lang='grc' dir='ltr'>ἔρριψεν</span> <span class='ocrx_word' id='word_1_750' title='bbox 1657 4885 1827 4958; x_wconf 77' lang='grc' dir='ltr'>αὐτὴν</span> <span class='ocrx_word' id='word_1_751' title='bbox 1853 4887 1913 4940; x_wconf 82' lang='grc' dir='ltr'><strong>έν</strong></span> 
     </span>
    </p>
   </div>
   <div class='ocr_carea' id='block_1_98' title="bbox 332 4976 1912 5052">
    <p class='ocr_par' dir='ltr' id='par_1_98' title="bbox 332 4976 1912 5052">
     <span class='ocr_line' id='line_1_98' title="bbox 332 4976 1912 5052; baseline 0 -20"><span class='ocrx_word' id='word_1_752' title='bbox 332 4979 486 5050; x_wconf 82' lang='grc' dir='ltr'>μέσῳ</span> <span class='ocrx_word' id='word_1_753' title='bbox 514 4979 608 5034; x_wconf 81' lang='grc' dir='ltr'><strong>τοῦ</strong></span> <span class='ocrx_word' id='word_1_754' title='bbox 634 4979 857 5052; x_wconf 89' lang='grc' dir='ltr'>μέτρου,</span> <span class='ocrx_word' id='word_1_755' title='bbox 891 4979 985 5033; x_wconf 74' lang='grc' dir='ltr'><strong>καὶ</strong></span> <span class='ocrx_word' id='word_1_756' title='bbox 1021 4977 1212 5051; x_wconf 71' lang='grc' dir='ltr'>ἔρριψε</span> <span class='ocrx_word' id='word_1_757' title='bbox 1244 4977 1308 5032; x_wconf 79' lang='grc' dir='ltr'><strong>τὸ</strong></span> <span class='ocrx_word' id='word_1_758' title='bbox 1337 4976 1601 5032; x_wconf 81' lang='grc' dir='ltr'>τάλαντον</span> <span class='ocrx_word' id='word_1_759' title='bbox 1617 4978 1664 5011; x_wconf 82' lang='grc'><strong>⁷⁸</strong></span> <span class='ocrx_word' id='word_1_760' title='bbox 1685 4977 1777 5032; x_wconf 83' lang='grc' dir='ltr'><strong>τοῦ</strong></span> <span class='ocrx_word' id='word_1_761' title='bbox 1811 4995 1912 5049; x_wconf 87' lang='grc' dir='ltr'><strong>μο-</strong></span> 
     </span>
    </p>
   </div>
   <div class='ocr_carea' id='block_1_99' title="bbox 329 5064 1912 5143">
    <p class='ocr_par' dir='ltr' id='par_1_99' title="bbox 329 5064 1912 5143">
     <span class='ocr_line' id='line_1_99' title="bbox 329 5064 1912 5143; baseline 0 -19"><span class='ocrx_word' id='word_1_762' title='bbox 329 5069 514 5126; x_wconf 80' lang='grc' dir='ltr'>λίϐδου</span> <span class='ocrx_word' id='word_1_763' title='bbox 565 5072 647 5136; x_wconf 83' lang='grc' dir='ltr'><strong>είς</strong></span> <span class='ocrx_word' id='word_1_764' title='bbox 695 5071 760 5124; x_wconf 79' lang='grc' dir='ltr'>τὸ</span> <span class='ocrx_word' id='word_1_765' title='bbox 785 5071 961 5143; x_wconf 85' lang='grc' dir='ltr'>στόμα</span> <span class='ocrx_word' id='word_1_766' title='bbox 988 5070 1181 5142; x_wconf 77' lang='grc' dir='ltr'>αὐτῆς.</span> <span class='ocrx_word' id='word_1_767' title='bbox 1232 5088 1251 5122; x_wconf 77' lang='grc' dir='ltr'><strong>ι</strong></span> <span class='ocrx_word' id='word_1_768' title='bbox 1291 5069 1404 5141; x_wconf 78' lang='grc' dir='ltr'><strong>Τὴν</strong></span> <span class='ocrx_word' id='word_1_769' title='bbox 1449 5069 1548 5141; x_wconf 78' lang='grc' dir='ltr'>μὲν</span> <span class='ocrx_word' id='word_1_770' title='bbox 1590 5064 1684 5123; x_wconf 79' lang='grc' dir='ltr'>οὖν</span> <span class='ocrx_word' id='word_1_771' title='bbox 1712 5070 1912 5139; x_wconf 77' lang='grc' dir='ltr'>ἀρετὴν</span> 
     </span>
    </p>
   </div>
   <div class='ocr_carea' id='block_1_100' title="bbox 322 5160 1914 5233">
    <p class='ocr_par' dir='ltr' id='par_1_100' title="bbox 322 5160 1914 5233">
     <span class='ocr_line' id='line_1_100' title="bbox 322 5160 1914 5233; baseline -0.001 -15"><span class='ocrx_word' id='word_1_772' title='bbox 322 5164 717 5233; x_wconf 78' lang='grc' dir='ltr'>μαργαρίταις</span> <span class='ocrx_word' id='word_1_773' title='bbox 745 5164 775 5216; x_wconf 90' lang='lat'><strong>6</strong></span> <span class='ocrx_word' id='word_1_774' title='bbox 800 5163 944 5228; x_wconf 80' lang='grc' dir='ltr'>θεῖος</span> <span class='ocrx_word' id='word_1_775' title='bbox 973 5160 1266 5226; x_wconf 77' lang='grc' dir='ltr'>ἀπεικάζει</span> <span class='ocrx_word' id='word_1_776' title='bbox 1288 5161 1448 5231; x_wconf 90' lang='grc' dir='ltr'>λόγος</span> <span class='ocrx_word' id='word_1_777' title='bbox 1467 5179 1482 5194; x_wconf 74' lang='grc' dir='ltr'><strong>ο</strong></span> <span class='ocrx_word' id='word_1_778' title='bbox 1521 5182 1539 5214; x_wconf 88' lang='grc' dir='ltr'><strong>ι</strong></span> <span class='ocrx_word' id='word_1_779' title='bbox 1579 5162 1771 5231; x_wconf 86' lang='grc' dir='ltr'>Ὁμοία</span> <span class='ocrx_word' id='word_1_780' title='bbox 1805 5162 1914 5233; x_wconf 87' lang='grc' dir='ltr'><strong>γάρ</strong></span> 
     </span>
    </p>
   </div>
   <div class='ocr_carea' id='block_1_101' title="bbox 328 5251 1914 5327">
    <p class='ocr_par' dir='ltr' id='par_1_101' title="bbox 328 5251 1914 5327">
     <span class='ocr_line' id='line_1_101' title="bbox 328 5251 1914 5327; baseline -0.001 -19"><span class='ocrx_word' id='word_1_781' title='bbox 328 5257 480 5310; x_wconf 77' lang='grc' dir='ltr'>ἐστιν</span> <span class='ocrx_word' id='word_1_782' title='bbox 503 5259 536 5327; x_wconf 81' lang='grc' dir='ltr'>ἡ</span> <span class='ocrx_word' id='word_1_783' title='bbox 574 5254 822 5326; x_wconf 86' lang='grc' dir='ltr'>βασιλεία</span> <span class='ocrx_word' id='word_1_784' title='bbox 843 5255 961 5308; x_wconf 76' lang='grc' dir='ltr'>’τῶν</span> <span class='ocrx_word' id='word_1_785' title='bbox 997 5253 1244 5326; x_wconf 84' lang='grc' dir='ltr'>οὐρανῶν</span> <span class='ocrx_word' id='word_1_786' title='bbox 1286 5251 1560 5326; x_wconf 86' lang='grc' dir='ltr'>ἀνθρώπῳ</span> <span class='ocrx_word' id='word_1_787' title='bbox 1582 5254 1628 5286; x_wconf 83' lang='grc'><strong>⁷⁸</strong></span> <span class='ocrx_word' id='word_1_788' title='bbox 1662 5252 1914 5325; x_wconf 80' lang='grc' dir='ltr'><strong>ζητοῦντι</strong></span> 
     </span>
    </p>
   </div>
   <div class='ocr_carea' id='block_1_102' title="bbox 2020 4608 3054 4667">
    <p class='ocr_par' dir='ltr' id='par_1_102' title="bbox 2020 4608 3054 4667">
     <span class='ocr_line' id='line_1_102' title="bbox 2020 4608 3054 4667; baseline -0.001 0"><span class='ocrx_word' id='word_1_789' title='bbox 2020 4627 2143 4667; x_wconf 89' lang='lat' dir='ltr'><strong>runt</strong></span> <span class='ocrx_word' id='word_1_790' title='bbox 2176 4609 2436 4667; x_wconf 88' lang='lat' dir='ltr'><strong>omnibus</strong></span> <span class='ocrx_word' id='word_1_791' title='bbox 2461 4608 2731 4664; x_wconf 87' lang='lat' dir='ltr'><strong>diluvium</strong></span> <span class='ocrx_word' id='word_1_792' title='bbox 2772 4610 3006 4665; x_wconf 68' lang='lat' dir='ltr'><strong>intulit!</strong></span> <span class='ocrx_word' id='word_1_793' title='bbox 3040 4629 3054 4666; x_wconf 89' lang='lat'><strong>:</strong></span> 
     </span>
    </p>
   </div>
   <div class='ocr_carea' id='block_1_103' title="bbox 2094 4699 3600 4773">
    <p class='ocr_par' dir='ltr' id='par_1_103' title="bbox 2094 4699 3600 4773">
     <span class='ocr_line' id='line_1_103' title="bbox 2094 4699 3600 4773; baseline 0.005 -19"><span class='ocrx_word' id='word_1_794' title='bbox 2094 4699 2261 4758; x_wconf 76' lang='lat' dir='ltr'><strong>Vens.</strong></span> <span class='ocrx_word' id='word_1_795' title='bbox 2294 4700 2347 4767; x_wconf 92' lang='lat'><strong>7,</strong></span> <span class='ocrx_word' id='word_1_796' title='bbox 2379 4700 2433 4756; x_wconf 92' lang='lat'><strong>8.</strong></span> <span class='ocrx_word' id='word_1_797' title='bbox 2472 4719 2490 4754; x_wconf 83' lang='grc' dir='ltr'>ι</span> <span class='ocrx_word' id='word_1_798' title='bbox 2530 4699 2596 4755; x_wconf 84' lang='grc' dir='ltr'><strong>Ει</strong></span> <span class='ocrx_word' id='word_1_799' title='bbox 2624 4717 2757 4757; x_wconf 87' lang='lat' dir='ltr'><strong>ecce</strong></span> <span class='ocrx_word' id='word_1_800' title='bbox 2785 4703 3056 4758; x_wconf 87' lang='lat' dir='ltr'><strong>talentum</strong></span> <span class='ocrx_word' id='word_1_801' title='bbox 3082 4703 3293 4773; x_wconf 89' lang='lat' dir='ltr'><strong>plumbi</strong></span> <span class='ocrx_word' id='word_1_802' title='bbox 3321 4703 3600 4762; x_wconf 84' lang='lat' dir='ltr'><strong>elevatum</strong></span> 
     </span>
    </p>
   </div>
   <div class='ocr_carea' id='block_1_104' title="bbox 2019 4792 3603 4854">
    <p class='ocr_par' dir='ltr' id='par_1_104' title="bbox 2019 4792 3603 4854">
     <span class='ocr_line' id='line_1_104' title="bbox 2019 4792 3603 4854; baseline 0.003 -5"><span class='ocrx_word' id='word_1_803' title='bbox 2019 4801 2106 4849; x_wconf 86' lang='lat' dir='ltr'><strong>est</strong></span> <span class='ocrx_word' id='word_1_804' title='bbox 2137 4811 2151 4848; x_wconf 90' lang='lat'>:</span> <span class='ocrx_word' id='word_1_805' title='bbox 2181 4800 2238 4849; x_wconf 91' lang='lat' dir='ltr'><strong>et</strong></span> <span class='ocrx_word' id='word_1_806' title='bbox 2265 4807 2398 4850; x_wconf 90' lang='lat' dir='ltr'><strong>ecce</strong></span> <span class='ocrx_word' id='word_1_807' title='bbox 2435 4793 2638 4848; x_wconf 90' lang='lat' dir='ltr'><strong>mulier</strong></span> <span class='ocrx_word' id='word_1_808' title='bbox 2688 4809 2803 4848; x_wconf 90' lang='lat' dir='ltr'><strong>una</strong></span> <span class='ocrx_word' id='word_1_809' title='bbox 2837 4792 3069 4851; x_wconf 83' lang='lat' dir='ltr'><strong>sedebat</strong></span> <span class='ocrx_word' id='word_1_810' title='bbox 3103 4794 3162 4850; x_wconf 88' lang='lat' dir='ltr'><strong>in</strong></span> <span class='ocrx_word' id='word_1_811' title='bbox 3216 4795 3401 4852; x_wconf 83' lang='lat' dir='ltr'><strong>medio</strong></span> <span class='ocrx_word' id='word_1_812' title='bbox 3445 4811 3603 4854; x_wconf 84' lang='lat' dir='ltr'><strong>men-</strong></span> 
     </span>
    </p>
   </div>
   <div class='ocr_carea' id='block_1_105' title="bbox 2019 4883 3599 4959">
    <p class='ocr_par' dir='ltr' id='par_1_105' title="bbox 2019 4883 3599 4959">
     <span class='ocr_line' id='line_1_105' title="bbox 2019 4883 3599 4959; baseline 0.003 -19"><span class='ocrx_word' id='word_1_813' title='bbox 2019 4899 2185 4940; x_wconf 67' lang='lat' dir='ltr'><strong>surae.</strong></span> <span class='ocrx_word' id='word_1_814' title='bbox 2217 4883 2284 4940; x_wconf 86' lang='lat' dir='ltr'><strong>Et</strong></span> <span class='ocrx_word' id='word_1_815' title='bbox 2317 4885 2460 4940; x_wconf 88' lang='lat' dir='ltr'><strong>dixit</strong></span> <span class='ocrx_word' id='word_1_816' title='bbox 2491 4905 2504 4940; x_wconf 90' lang='lat'><strong>:</strong></span> <span class='ocrx_word' id='word_1_817' title='bbox 2535 4885 2666 4940; x_wconf 63' lang='lat' dir='ltr'><strong>Haec</strong></span> <span class='ocrx_word' id='word_1_818' title='bbox 2693 4893 2782 4940; x_wconf 88' lang='lat' dir='ltr'><strong>est</strong></span> <span class='ocrx_word' id='word_1_819' title='bbox 2805 4885 3094 4956; x_wconf 85' lang='lat' dir='ltr'><strong>iniquitas,</strong></span> <span class='ocrx_word' id='word_1_820' title='bbox 3123 4894 3180 4942; x_wconf 86' lang='lat' dir='ltr'><strong>et</strong></span> <span class='ocrx_word' id='word_1_821' title='bbox 3218 4885 3454 4959; x_wconf 88' lang='lat' dir='ltr'><strong>projecit</strong></span> <span class='ocrx_word' id='word_1_822' title='bbox 3475 4903 3599 4945; x_wconf 88' lang='lat' dir='ltr'><strong>eam</strong></span> 
     </span>
    </p>
   </div>
   <div class='ocr_carea' id='block_1_106' title="bbox 2019 4976 3603 5050">
    <p class='ocr_par' dir='ltr' id='par_1_106' title="bbox 2019 4976 3603 5050">
     <span class='ocr_line' id='line_1_106' title="bbox 2019 4976 3603 5050; baseline 0.003 -18"><span class='ocrx_word' id='word_1_823' title='bbox 2019 4978 2077 5032; x_wconf 70' lang='lat' dir='ltr'><strong>in</strong></span> <span class='ocrx_word' id='word_1_824' title='bbox 2111 4976 2293 5033; x_wconf 89' lang='lat' dir='ltr'><strong>medio</strong></span> <span class='ocrx_word' id='word_1_825' title='bbox 2316 4991 2612 5043; x_wconf 65' lang='lat' dir='ltr'><strong>mensurae,</strong></span> <span class='ocrx_word' id='word_1_826' title='bbox 2627 4983 2682 5032; x_wconf 96' lang='lat' dir='ltr'><strong>et</strong></span> <span class='ocrx_word' id='word_1_827' title='bbox 2714 4976 2950 5047; x_wconf 90' lang='lat' dir='ltr'><strong>projecit</strong></span> <span class='ocrx_word' id='word_1_828' title='bbox 2989 4977 3261 5033; x_wconf 88' lang='lat' dir='ltr'><strong>talentum</strong></span> <span class='ocrx_word' id='word_1_829' title='bbox 3303 4979 3514 5050; x_wconf 85' lang='lat' dir='ltr'><strong>plumbi</strong></span> <span class='ocrx_word' id='word_1_830' title='bbox 3545 4981 3603 5038; x_wconf 91' lang='lat' dir='ltr'><strong>in</strong></span> 
     </span>
    </p>
   </div>
   <div class='ocr_carea' id='block_1_107' title="bbox 2019 5067 3674 5140">
    <p class='ocr_par' dir='ltr' id='par_1_107' title="bbox 2019 5067 3674 5140">
     <span class='ocr_line' id='line_1_107' title="bbox 2019 5067 3674 5140; baseline 0.004 -17"><span class='ocrx_word' id='word_1_831' title='bbox 2019 5083 2083 5125; x_wconf 88' lang='lat' dir='ltr'><strong>os</strong></span> <span class='ocrx_word' id='word_1_832' title='bbox 2111 5067 2251 5139; x_wconf 87' lang='lat' dir='ltr'><strong>ejus.</strong></span> <span class='ocrx_word' id='word_1_833' title='bbox 2295 5088 2314 5121; x_wconf 77' lang='grc' dir='ltr'>ι</span> <span class='ocrx_word' id='word_1_834' title='bbox 2350 5069 2621 5125; x_wconf 79' lang='lat' dir='ltr'><strong>Virtutem</strong></span> <span class='ocrx_word' id='word_1_835' title='bbox 2658 5069 2969 5140; x_wconf 74' lang='lat' dir='ltr'><strong>margaritis</strong></span> <span class='ocrx_word' id='word_1_836' title='bbox 2987 5069 3215 5126; x_wconf 87' lang='lat' dir='ltr'><strong>divinus</strong></span> <span class='ocrx_word' id='word_1_837' title='bbox 3239 5085 3423 5128; x_wconf 85' lang='lat' dir='ltr'><strong>sermo</strong></span> <span class='ocrx_word' id='word_1_838' title='bbox 3451 5087 3604 5128; x_wconf 85' lang='lat' dir='ltr'><strong>com-</strong></span> <span class='ocrx_word' id='word_1_839' title='bbox 3667 5071 3674 5077; x_wconf 84' lang='grc'><strong>’</strong></span> 
     </span>
    </p>
   </div>
   <div class='ocr_carea' id='block_1_108' title="bbox 2020 5161 3602 5232">
    <p class='ocr_par' dir='ltr' id='par_1_108' title="bbox 2020 5161 3602 5232">
     <span class='ocr_line' id='line_1_108' title="bbox 2020 5161 3602 5232; baseline 0.003 -15"><span class='ocrx_word' id='word_1_840' title='bbox 2020 5170 2218 5232; x_wconf 84' lang='lat' dir='ltr'><strong>parat:</strong></span> <span class='ocrx_word' id='word_1_841' title='bbox 2252 5180 2271 5214; x_wconf 84' lang='grc' dir='ltr'>ι</span> <span class='ocrx_word' id='word_1_842' title='bbox 2312 5161 2507 5218; x_wconf 89' lang='lat' dir='ltr'><strong>Simile</strong></span> <span class='ocrx_word' id='word_1_843' title='bbox 2527 5171 2613 5218; x_wconf 89' lang='lat' dir='ltr'><strong>est</strong></span> <span class='ocrx_word' id='word_1_844' title='bbox 2638 5161 2788 5218; x_wconf 87' lang='lat' dir='ltr'><strong>enim</strong></span> <span class='ocrx_word' id='word_1_845' title='bbox 2821 5177 3052 5232; x_wconf 82' lang='lat' dir='ltr'><strong>regnum</strong></span> <span class='ocrx_word' id='word_1_846' title='bbox 3089 5165 3358 5220; x_wconf 76' lang='lat' dir='ltr'><strong>cmlorum</strong></span> <span class='ocrx_word' id='word_1_847' title='bbox 3387 5164 3602 5221; x_wconf 84' lang='lat' dir='ltr'><strong>homini</strong></span> 
     </span>
    </p>
   </div>
   <div class='ocr_carea' id='block_1_109' title="bbox 2019 5253 3600 5328">
    <p class='ocr_par' dir='ltr' id='par_1_109' title="bbox 2019 5253 3600 5328">
     <span class='ocr_line' id='line_1_109' title="bbox 2019 5253 3600 5328; baseline 0.002 -19"><span class='ocrx_word' id='word_1_848' title='bbox 2019 5255 2286 5326; x_wconf 65' lang='lat' dir='ltr'><strong>quaerenti</strong></span> <span class='ocrx_word' id='word_1_849' title='bbox 2313 5254 2486 5310; x_wconf 90' lang='lat' dir='ltr'><strong>bonas</strong></span> <span class='ocrx_word' id='word_1_850' title='bbox 2518 5253 2851 5326; x_wconf 85' lang='lat' dir='ltr'><strong>margaritas</strong></span> <span class='ocrx_word' id='word_1_851' title='bbox 2868 5263 2920 5308; x_wconf 61' lang='grc' dir='ltr'><strong>θ’.</strong></span> <span class='ocrx_word' id='word_1_852' title='bbox 2957 5272 2975 5306; x_wconf 81' lang='grc' dir='ltr'>ι</span> <span class='ocrx_word' id='word_1_853' title='bbox 3011 5253 3232 5313; x_wconf 86' lang='lat' dir='ltr'><strong>Peccati</strong></span> <span class='ocrx_word' id='word_1_854' title='bbox 3267 5265 3450 5313; x_wconf 82' lang='lat' dir='ltr'><strong>autem</strong></span> <span class='ocrx_word' id='word_1_855' title='bbox 3479 5272 3600 5328; x_wconf 70' lang='lat' dir='ltr'><strong>pm-</strong></span> 
     </span>
    </p>
   </div>
   <div class='ocr_carea' id='block_1_110' title="bbox 405 5407 1922 5477">
    <p class='ocr_par' dir='ltr' id='par_1_110' title="bbox 405 5407 1922 5477">
     <span class='ocr_line' id='line_1_110' title="bbox 405 5407 1922 5477; baseline -0.001 -14"><span class='ocrx_word' id='word_1_856' title='bbox 405 5419 432 5448; x_wconf 77' lang='grc' dir='ltr'><strong>ιι</strong></span> <span class='ocrx_word' id='word_1_857' title='bbox 472 5409 664 5467; x_wconf 87' lang='lat' dir='ltr'><strong>Matth.</strong></span> <span class='ocrx_word' id='word_1_858' title='bbox 701 5426 850 5477; x_wconf 88' lang='grc' dir='ltr'>χχιι,</span> <span class='ocrx_word' id='word_1_859' title='bbox 882 5410 1070 5466; x_wconf 70' lang='grc'><strong>57-40.</strong></span> <span class='ocrx_word' id='word_1_860' title='bbox 1145 5418 1173 5448; x_wconf 71' lang='grc' dir='ltr'><strong>ν</strong></span> <span class='ocrx_word' id='word_1_861' title='bbox 1213 5408 1330 5465; x_wconf 85' lang='lat' dir='ltr'><strong>Gen</strong></span> <span class='ocrx_word' id='word_1_862' title='bbox 1384 5425 1474 5475; x_wconf 81' lang='lat' dir='ltr'><strong>xv,</strong></span> <span class='ocrx_word' id='word_1_863' title='bbox 1511 5407 1597 5465; x_wconf 87' lang='lat' dir='ltr'><strong>l6.</strong></span> <span class='ocrx_word' id='word_1_864' title='bbox 1674 5416 1701 5446; x_wconf 70' lang='grc'>⁸</span> <span class='ocrx_word' id='word_1_865' title='bbox 1742 5407 1922 5464; x_wconf 54' lang='lat' dir='ltr'><strong>Genu</strong></span> 
     </span>
    </p>
   </div>
   <div class='ocr_carea' id='block_1_111' title="bbox 2023 5407 2857 5477">
    <p class='ocr_par' dir='ltr' id='par_1_111' title="bbox 2029 5407 2857 5474">
     <span class='ocr_line' id='line_1_111' title="bbox 2029 5407 2857 5474; baseline -0.001 -9"><span class='ocrx_word' id='word_1_866' title='bbox 2029 5411 2066 5465; x_wconf 81' lang='lat'><strong>5</strong></span> <span class='ocrx_word' id='word_1_867' title='bbox 2090 5449 2104 5473; x_wconf 88' lang='lat'><strong>,</strong></span> <span class='ocrx_word' id='word_1_868' title='bbox 2135 5409 2225 5464; x_wconf 67' lang='lat'><strong>1&#39;5.</strong></span> <span class='ocrx_word' id='word_1_869' title='bbox 2303 5416 2331 5457; x_wconf 70' lang='grc' dir='ltr'>ῐ</span> <span class='ocrx_word' id='word_1_870' title='bbox 2373 5407 2562 5464; x_wconf 76' lang='lat' dir='ltr'><strong>Matth.</strong></span> <span class='ocrx_word' id='word_1_871' title='bbox 2597 5424 2693 5464; x_wconf 88' lang='lat' dir='ltr'><strong>xttt</strong></span> <span class='ocrx_word' id='word_1_872' title='bbox 2716 5447 2732 5474; x_wconf 88' lang='lat'><strong>,</strong></span> <span class='ocrx_word' id='word_1_873' title='bbox 2765 5408 2857 5464; x_wconf 78' lang='grc'><strong>45.</strong></span> 
     </span>
    </p>
   </div>
   <div class='ocr_carea' id='block_1_112' title="bbox 1602 5563 2288 5624">
    <p class='ocr_par' dir='ltr' id='par_1_112' title="bbox 1602 5563 2288 5624">
     <span class='ocr_line' id='line_1_112' title="bbox 1602 5563 2288 5624; baseline 0.009 -6"><span class='ocrx_word' id='word_1_874' title='bbox 1602 5563 1836 5620; x_wconf 78' lang='lat' dir='ltr'><strong>VARUE</strong></span> <span class='ocrx_word' id='word_1_875' title='bbox 1876 5563 2288 5624; x_wconf 78' lang='lat' dir='ltr'><strong>LECTIONES.</strong></span> 
     </span>
    </p>
   </div>
   <div class='ocr_carea' id='block_1_113' title="bbox 399 5655 3597 5732">
    <p class='ocr_par' dir='ltr' id='par_1_113' title="bbox 399 5655 3597 5732">
     <span class='ocr_line' id='line_1_113' title="bbox 399 5655 3597 5732; baseline 0 -18"><span class='ocrx_word' id='word_1_876' title='bbox 399 5658 659 5732; x_wconf 15' lang='lat' dir='ltr'><strong>&quot;7636.7A</strong></span> <span class='ocrx_word' id='word_1_877' title='bbox 685 5659 804 5717; x_wconf 92' lang='lat' dir='ltr'><strong>etC</strong></span> <span class='ocrx_word' id='word_1_878' title='bbox 833 5656 1270 5732; x_wconf 68' lang='lat' dir='ltr'><strong>adduntreliqpa</strong></span> <span class='ocrx_word' id='word_1_879' title='bbox 1306 5655 1471 5732; x_wconf 74' lang='lat' dir='ltr'><strong>hujus</strong></span> <span class='ocrx_word' id='word_1_880' title='bbox 1513 5657 1714 5732; x_wconf 74' lang='lat' dir='ltr'><strong>versic.</strong></span> <span class='ocrx_word' id='word_1_881' title='bbox 1770 5660 1865 5732; x_wconf 67' lang='grc' dir='ltr'>καὶ</span> <span class='ocrx_word' id='word_1_882' title='bbox 1911 5661 2018 5723; x_wconf 79' lang='grc' dir='ltr'>πᾶς</span> <span class='ocrx_word' id='word_1_883' title='bbox 2059 5660 2086 5712; x_wconf 90' lang='lat'><strong>6</strong></span> <span class='ocrx_word' id='word_1_884' title='bbox 2124 5659 2383 5732; x_wconf 71' lang='grc' dir='ltr'>έπίορκος</span> <span class='ocrx_word' id='word_1_885' title='bbox 2409 5661 2474 5716; x_wconf 89' lang='grc' dir='ltr'><strong>έκ</strong></span> <span class='ocrx_word' id='word_1_886' title='bbox 2504 5661 2695 5732; x_wconf 83' lang='grc' dir='ltr'>τούτου</span> <span class='ocrx_word' id='word_1_887' title='bbox 2743 5660 2846 5726; x_wconf 76' lang='grc' dir='ltr'>ἓως</span> <span class='ocrx_word' id='word_1_888' title='bbox 2884 5659 3114 5732; x_wconf 53' lang='grc' dir='ltr'>θανάτου</span> <span class='ocrx_word' id='word_1_889' title='bbox 3155 5657 3597 5732; x_wconf 76' lang='grc' dir='ltr'>ἐκδικηθήσεται.</span> 
     </span>
    </p>
   </div>
   <div class='ocr_carea' id='block_1_114' title="bbox 327 5727 3600 5801">
    <p class='ocr_par' dir='ltr' id='par_1_114' title="bbox 327 5727 3600 5801">
     <span class='ocr_line' id='line_1_114' title="bbox 327 5727 3600 5801; baseline 0.001 -18"><span class='ocrx_word' id='word_1_890' title='bbox 327 5729 374 5801; x_wconf 58' lang='grc' dir='ltr'><strong>ῗξ</strong></span> <span class='ocrx_word' id='word_1_891' title='bbox 394 5731 559 5801; x_wconf 82' lang='grc' dir='ltr'>αὑτό.</span> <span class='ocrx_word' id='word_1_892' title='bbox 586 5731 712 5786; x_wconf 85' lang='lat' dir='ltr'><strong>Des.</strong></span> <span class='ocrx_word' id='word_1_893' title='bbox 747 5731 802 5785; x_wconf 90' lang='lat' dir='ltr'><strong>itt</strong></span> <span class='ocrx_word' id='word_1_894' title='bbox 826 5732 890 5801; x_wconf 76' lang='grc' dir='ltr'><strong>Α.</strong></span> <span class='ocrx_word' id='word_1_895' title='bbox 967 5729 1012 5760; x_wconf 87' lang='grc'><strong>⁷³</strong></span> <span class='ocrx_word' id='word_1_896' title='bbox 1043 5727 1156 5801; x_wconf 82' lang='grc' dir='ltr'><strong>ὲπί.</strong></span> <span class='ocrx_word' id='word_1_897' title='bbox 1191 5728 1321 5801; x_wconf 61' lang='lat' dir='ltr'><strong>Des.</strong></span> <span class='ocrx_word' id='word_1_898' title='bbox 1343 5727 1507 5801; x_wconf 82' lang='lat' dir='ltr'><strong>ibid._</strong></span> <span class='ocrx_word' id='word_1_899' title='bbox 1553 5727 1600 5801; x_wconf 63' lang='grc' dir='ltr'><strong>’ξ</strong></span> <span class='ocrx_word' id='word_1_900' title='bbox 1623 5731 1757 5801; x_wconf 71' lang='grc' dir='ltr'>τοῖς.</span> <span class='ocrx_word' id='word_1_901' title='bbox 1790 5729 1830 5785; x_wconf 92' lang='lat' dir='ltr'><strong>C</strong></span> <span class='ocrx_word' id='word_1_902' title='bbox 1853 5746 2039 5800; x_wconf 66' lang='lat' dir='ltr'><strong>prtem.</strong></span> <span class='ocrx_word' id='word_1_903' title='bbox 2069 5727 2269 5801; x_wconf 65' lang='grc' dir='ltr'>τοίνυν.</span> <span class='ocrx_word' id='word_1_904' title='bbox 2345 5732 2391 5764; x_wconf 82' lang='grc'><strong>⁷⁵</strong></span> <span class='ocrx_word' id='word_1_905' title='bbox 2413 5731 2487 5786; x_wconf 94' lang='grc' dir='ltr'>τί.</span> <span class='ocrx_word' id='word_1_906' title='bbox 2516 5731 2639 5789; x_wconf 87' lang='lat' dir='ltr'><strong>Des.</strong></span> <span class='ocrx_word' id='word_1_907' title='bbox 2671 5734 2722 5788; x_wconf 90' lang='lat' dir='ltr'><strong>in</strong></span> <span class='ocrx_word' id='word_1_908' title='bbox 2752 5731 2814 5787; x_wconf 75' lang='grc' dir='ltr'><strong>Δ.</strong></span> <span class='ocrx_word' id='word_1_909' title='bbox 2888 5730 2937 5763; x_wconf 74' lang='grc'><strong>’⁸</strong></span> <span class='ocrx_word' id='word_1_910' title='bbox 2967 5729 3213 5784; x_wconf 74' lang='grc' dir='ltr'>τοῦτο-</span> <span class='ocrx_word' id='word_1_911' title='bbox 3234 5727 3428 5801; x_wconf 61' lang='lat' dir='ltr'><strong>amp;</strong></span> <span class='ocrx_word' id='word_1_912' title='bbox 3468 5729 3600 5790; x_wconf 75' lang='lat' dir='ltr'><strong>Des.</strong></span> 
     </span>
    </p>
   </div>
   <div class='ocr_carea' id='block_1_115' title="bbox 329 5797 2881 5874">
    <p class='ocr_par' dir='ltr' id='par_1_115' title="bbox 329 5797 2881 5874">
     <span class='ocr_line' id='line_1_115' title="bbox 329 5797 2881 5874; baseline 0.001 -18"><span class='ocrx_word' id='word_1_913' title='bbox 329 5798 464 5857; x_wconf 79' lang='lat' dir='ltr'><strong>ibid.</strong></span> <span class='ocrx_word' id='word_1_914' title='bbox 540 5802 583 5835; x_wconf 87' lang='grc'><strong>⁷⁷</strong></span> <span class='ocrx_word' id='word_1_915' title='bbox 617 5800 659 5858; x_wconf 86' lang='lat' dir='ltr'><strong>C</strong></span> <span class='ocrx_word' id='word_1_916' title='bbox 683 5800 1002 5872; x_wconf 75' lang='grc' dir='ltr'>αὐξομένην.</span> <span class='ocrx_word' id='word_1_917' title='bbox 1083 5800 1127 5831; x_wconf 84' lang='grc'><strong>⁷⁸</strong></span> <span class='ocrx_word' id='word_1_918' title='bbox 1156 5798 1216 5853; x_wconf 79' lang='grc' dir='ltr'>τὸ</span> <span class='ocrx_word' id='word_1_919' title='bbox 1241 5798 1360 5853; x_wconf 88' lang='grc' dir='ltr'>τάλ.</span> <span class='ocrx_word' id='word_1_920' title='bbox 1395 5797 1439 5853; x_wconf 79' lang='grc' dir='ltr'>Α</span> <span class='ocrx_word' id='word_1_921' title='bbox 1463 5797 1554 5854; x_wconf 78' lang='grc' dir='ltr'>τὸν</span> <span class='ocrx_word' id='word_1_922' title='bbox 1581 5797 1748 5856; x_wconf 83' lang='grc' dir='ltr'>λίθον.</span> <span class='ocrx_word' id='word_1_923' title='bbox 1820 5797 1866 5833; x_wconf 66' lang='grc'><strong>⁷⁵</strong></span> <span class='ocrx_word' id='word_1_924' title='bbox 1893 5801 2048 5873; x_wconf 85' lang='grc' dir='ltr'>ἅνθρ.</span> <span class='ocrx_word' id='word_1_925' title='bbox 2083 5797 2232 5859; x_wconf 83' lang='lat' dir='ltr'><strong>Loco</strong></span> <span class='ocrx_word' id='word_1_926' title='bbox 2258 5801 2356 5858; x_wconf 86' lang='lat' dir='ltr'><strong>Cit.</strong></span> <span class='ocrx_word' id='word_1_927' title='bbox 2383 5802 2603 5859; x_wconf 82' lang='lat' dir='ltr'><strong>additur</strong></span> <span class='ocrx_word' id='word_1_928' title='bbox 2632 5803 2881 5874; x_wconf 68' lang='grc' dir='ltr'>ἐμπόρῳ.</span> 
     </span>
    </p>
   </div>
  </div>
