4090 6408
514 353 653 419 1903

1510 349 2001 411 THEODORETI
2033 346 2374 410 EPISCOPI
2395 346 2763 410 CYRENSIS

3637 347 3778 417 1906

510 476 641 516 nam
681 475 839 515 sacra
877 459 1165 530 Scriptura
1198 456 1470 528 plumbum
1500 458 1764 527 appellat,
1788 458 1937 529 quod
1984 472 2082 512 na-

2191 458 2389 524 καλοὺς
2444 455 2814 530 μαργαρίτας.
2868 473 2888 511 ι
2925 454 3033 528 Τὴν
3070 455 3127 511 δὲ
3152 456 3253 527 τῆς
3297 456 3572 539 ἁμαρτίας
3603 479 3783 535 τιμω.

512 563 639 607 tura
684 551 902 622 1618
940 565 1107 620 grave
1156 558 1262 615 est,
1296 548 1508 619 peccati
1542 562 1674 602 vero
1710 547 1926 619 pondus
1959 562 2088 620 gra—

512 644 798 701 vissimum
829 662 841 696 :
877 641 1025 712 quod
1050 655 1155 695 nos
1189 639 1351 695 docet
1381 637 1606 695 divinus
1633 639 1827 706 David,
1856 640 2047 696 dicens
2072 658 2085 693 :

515 754 534 787 ι
575 734 902 804 lniquitates
936 748 1071 787 mea:
1098 745 1471 802 supergressa
1507 740 1638 786 sunt
1665 740 1835 803 caput
1880 746 2086 797 meum,

507 835 563 880 et
590 827 739 881 sicut
764 840 905 880 onus
933 839 1098 894 grave
1133 838 1330 895 graves
1361 821 1523 904 {actin
1544 830 1674 878 sunt
1697 838 1863 893 super
1887 837 1975 879 me
1992 832 2038 876 ι.
2065 840 2083 875 ι

506 919 739 973 Divinus
771 918 957 987 itaque
986 915 1284 970 Zacharias
1315 925 1602 986 peccatum
1632 914 1784 970 videt
1814 915 1918 970 sub
1968 929 2087 985 spe-

496 1010 592 1071 cie
643 1008 941 1063 mulieris:
982 1022 1107 1061 nam
1173 1022 1243 1062 ex
1300 1006 1584 1077 voluptate
1635 1006 1777 1062 mala
1826 1006 2090 1077 pleraque

506 1108 836 1156 nascuntur.
914 1098 1077 1153 Videt
1142 1112 1314 1168 porro
1370 1096 1758 1168 punitionem,
1825 1103 2085 1167 tanquam

502 1191 793 1261 plumbum
824 1190 1218 1260 gravissimum
1257 1189 1341 1243 ori
1391 1188 1705 1260 iniquitatis
1757 1187 2086 1242 incumbens

503 1284 662 1353 juxta
714 1282 1080 1352 psalmodiam
1134 1280 1408 1336 dicentem
1458 1297 1474 1335 :
1516 1298 1535 1332 ι
1582 1276 1775 1335 Omnis
1818 1279 2086 1348 iniquitas

504 1376 761 1430 obstruet
790 1390 854 1429 os
886 1388 1071 1429 suum.
1105 1371 1325 1428 Peccati
1367 1378 1552 1427 autem
1583 1370 1799 1426 fructus
1821 1380 1905 1424 est
1935 1371 2089 1440 igno-

502 1465 676 1529 minia
696 1476 757 1518 α.
783 1484 802 1516 ι
844 1463 937 1519 Sic
960 1465 1128 1519 etiam
1162 1463 1360 1520 beatus
1400 1462 1481 1517 ait
1506 1461 1753 1518 Paulus:
1783 1479 1803 1512 ‹
1841 1460 2085 1517 Liberati

505 1572 535 1611 a
567 1566 814 1627 peccato,
881 1555 1026 1612 servi
1082 1554 1209 1611 facti
1261 1555 1400 1610 estis
1431 1553 1688 1624 justitiaz.
1728 1552 1906 1619 Quem
1953 1566 2086 1622 ergo

505 1647 745 1702 fructum
791 1644 1068 1701 habuistis
1119 1654 1253 1699 tunc
1305 1643 1361 1698 in
1419 1643 1569 1707 illis,
1629 1657 1866 1715 quorum
1912 1656 2083 1698 causa

502 1753 653 1793 nunc
692 1720 1113 1793 erubescitisb?
1159 1755 1177 1789 ι
1224 1734 1427 1790 Didicit
1476 1751 1610 1806 ergo
1650 1735 1941 1806 propheta,
1972 1735 2086 1788 sul-

2200 549 2321 620 ρίαν
2337 548 2632 619 μόλιϐδον
2649 550 2683 617 ἡ
2706 548 2828 618 ίερὰ
2850 540 3247 629 προσαγορεύει
3266 548 3460 629 Γραφή
3491 567 3504 580 ·
3531 551 3693 621 φύσει
3720 554 3783 615 δὲ

2192 629 2352 702 οὗτος
2375 637 2567 709 βαρὺς,
2603 636 2907 709 βαρύτατον
2926 636 3099 690 δὲκαὶ
3124 626 3184 691 τὸ
3208 626 3316 707 τῆς
3332 626 3620 711 ’ἁμαρτίας
3648 658 3785 713 φορ..

2195 724 2328 779 τίον.
2372 724 2483 779 Καὶ
2517 724 2677 778 τοῦτο
2717 726 2746 778 6
2772 724 2913 787 θεῖος
2943 726 3090 795 ἡμᾶς
3143 723 3385 779 διδάσκει
3424 718 3624 782 Δαϐίδ·
3655 750 3673 783 ι
3710 732 3781 803 Δί

2196 818 2418 887 ἀνομίαι
2477 835 2602 890 μου,
2651 817 3176 889 λέγων,ιὺπερῆραν
3212 818 3312 888 τὴν
3356 817 3599 892 κεφαλήν
3651 838 3780 897 μου,

2196 910 2327 965 ὡσεὶ
2356 910 2577 980 φορτίον
2604 908 2741 981 βαρὺ
2777 908 3152 979 ὲὸαρύνοησαν
3187 906 3410 980 ἐπ’έμέ.
3446 929 3465 961 ι
3487 912 3781 984 Τοιγάρτοι

2195 1002 2291 1057 καὶ
2334 1004 2363 1055 6
2390 1000 2676 1065 θεσπέσιος
2708 1000 2985 1072 Ζαχαρίας
3015 1002 3119 1071 ὁρᾷ
3145 1000 3245 1071 μὲν
3296 1001 3397 1072 τὴν
3424 994 3700 1074 ἁμαρτίαν
3723 1005 3782 1057 έν

2194 1091 2350 1164 τύπῳ
2371 1091 2631 1161 γυναικὸς
2666 1091 3000 1162 φαινομένην
3027 1107 3041 1122 ·
3084 1092 3141 1158 ἐξ
3189 1091 3524 1162 ἡδυπαθείας
3560 1093 3672 1166 γὰρ
3707 1094 3782 1160 τὰ

2195 1182 2417 1238 πλείονα
2448 1183 2694 1238 τίκτεται
2720 1183 2827 1237 τῶν
2872 1183 3079 1238 κακῶν.
3118 1184 3252 1256 Ὁρᾷ
3281 1184 3338 1238 δὲ
3366 1176 3468 1257 τὴν
3507 1186 3780 1258 τιμωρίαν

2195 1273 2448 1344 καθάπερ
2490 1274 2613 1330 τινὰ
2662 1273 2968 1345 βαρύτατον
3014 1272 3266 1346 μόλιϐδον
3304 1274 3383 1349 τῷ
3415 1272 3519 1348 τῆς
3548 1278 3781 1350 ἀνομίας

2195 1369 2547 1442 ἐπικείμενον
2598 1370 2852 1441 στόματι,
2903 1370 3047 1424 κατὰ
3079 1371 3179 1442 τὴν
3205 1356 3524 1444 ψαλμφδίαν
3559 1370 3660 1443 τὴν
3686 1371 3777 1426 λέ-

2178 1479 2396 1539 γουσαν
2432 1480 2449 1498 ο
2490 1481 2510 1515 ι
2544 1464 2701 1518 Πᾶσα
2731 1463 2933 1534 ἀνομία
2967 1461 3239 1534 έμφράξει
3269 1463 3330 1516 τὸ
3358 1465 3535 1534 στόμα
3581 1461 3779 1532 αὐτῆς.

2192 1556 2424 1628 Καρπδς
2453 1555 2514 1609 δὲ
2543 1556 2646 1628 τῆς
2676 1556 2954 1629 ἁμαρτίας
2984 1555 3241 1628 αἰσχύνη.
3261 1574 3282 1610 ι
3314 1555 3474 1613 Οὕτω
3496 1556 3591 1615 καὶ
3614 1555 3645 1609 6
3664 1572 3781 1628 μιι-

2194 1648 2388 1719 κάριος
2438 1647 2588 1717 λέγει
2619 1648 2835 1713 Παῦλος
2873 1663 2890 1681 ο
2921 1666 2941 1700 ι
2990 1647 3484 1722 Ἐλευθερωθέντες
3523 1646 3632 1703 ἀπὸ
3674 1646 3784 1719 τῆς

2192 1737 2496 1812 ἁμαρτίας,
2530 1738 2868 1813 ἐδουλώθητε
2905 1743 2973 1813 τῇ
3003 1739 3343 1814 δικαιοσύνῃ’
3361 1739 3484 1795 τίνα
3502 1736 3605 1795 ,οὖν
3635 1755 3781 1811 κιπιρ⁴

501 1828 653 1883 visse
678 1836 733 1885 et
762 1827 1047 1883 remisisse
1082 1825 1252 1883 Deum
1283 1826 1488 1897 populo
1520 1838 1834 1898 peccatum,
1869 1836 1925 1884 et
1964 1841 2080 1899 pm-

2187 1832 2289 1886 πὸν
2331 1833 2511 1904 εἴχετε
2538 1831 2661 1887 τότε
2708 1832 2795 1903 ἐφ’
2819 1826 2899 1896 οἷς
2931 1831 3024 1888 νῦν
3052 1816 3484 1905 έπαισχύνεσθεξ
3513 1850 3533 1885 ι
3574 1830 3782 1888 Ἐδιδάρ

500 1934 629 1973 nam
665 1918 1014 1974 terminasse.
1052 1914 1131 1991 [9]
1182 1917 1332 1974 Duas
1382 1933 1551 1989 porro
1601 1918 1780 1974 cernit
1822 1918 2083 1975 mulieres

501 2010 702 2071 alatas,
755 2022 880 2076 qua:
920 2021 1050 2061 cum
1091 2006 1333 2062 stridore
1383 2007 1624 2077 quodam
1659 2005 2000 2071 ferebantur,
2028 2014 2085 2061 et

500 2114 733 2170 quarum
770 2098 869 2153 ala:
898 2099 1108 2153 similes
1143 2098 1245 2153 alis
1290 2113 1488 2168 upupa:
1534 2105 1716 2155 erant.
1748 2096 1847 2154 Est
1899 2107 2083 2154 autem

502 2193 619 2247 haec
652 2191 771 2246 avis
806 2190 1182 2256 velocissima,
1214 2206 1438 2245 carnem
1460 2192 1685 2263 quidem
1720 2192 1930 2247 habens
1967 2192 2085 2247 exi-

496 2299 689 2361 guam,
729 2284 824 2338 sed
859 2284 973 2337 alas
1017 2297 1251 2354 corpore
1302 2283 1564 2353 majores.
1612 2284 1725 2339 Illac
1765 2284 1958 2355 igitur,
2001 2285 2086 2339 in-

500 2375 640 2443 quit,
669 2388 798 2428 cum
851 2387 1166 2429 mensuram
1208 2373 1356 2427 illam
1402 2376 1783 2444 accepissent,
1834 2391 1931 2445 per
1967 2391 2083 2429 mo—

500 2466 655 2520 dium
719 2479 904 2520 acrem
972 2464 1311 2521 ferebantur.
1368 2463 1485 2537 μθ,
1530 2464 1618 2538 il]
1692 2467 1807 2539 Ego
1856 2480 1988 2522 vero
2017 2482 2082 2520 ex

490 2556 699 2626 angelo
727 2562 1125 2625 percontatus,
1156 2569 1268 2625 quo
1321 2554 1430 2609 illae
1480 2569 1800 2610 mensuram
1854 2552 2084 2617 ferrent,

494 2646 749 2713 intellexi
780 2662 875 2702 eas
908 2634 963 2700 in
986 2646 1319 2718 Babyimiem
1354 2644 1652 2716 proﬁcisci.
1686 2660 1797 2701 non
1835 2645 1997 2700 modo
2031 2655 2086 2698 ut

490 2754 620 2803 eam
654 2738 708 2792 in
738 2738 877 2817 urbe
914 2737 1281 2817 collocarent,
1313 2736 1407 2791 sed
1430 2744 1485 2792 et
1515 2735 1566 2791 ei
1593 2736 1821 2792 domum
1845 2735 2087 2790 aediﬁca—

404 2876 414 2885 .
497 2838 648 2895 rent,
679 2839 734 2883 et
765 2816 986 2883 eamihi
1023 2816 1366 2898 deponerent
1413 2825 1480 2880 ad
1533 2841 1670 2881 usus
1701 2827 1846 2897 ejus.
1895 2823 2086 2895 Neque

496 2920 667 2984 enim,
702 2919 903 2988 inquit,
946 2917 1415 2988 quemadmodum
1445 2916 1842 2989 Hierosolyma:
1870 2925 2084 2973 certum

496 3021 717 3083 tempus
769 3010 997 3065 deﬁnivi
1044 3010 1116 3066 ad
1158 3010 1504 3077 vastitatem,
1557 3009 1760 3065 deinde
1796 3009 1844 3066 ei
1874 3010 2083 3080 ignovi,

495 3105 581 3160 sic
637 3103 929 3181 Babylonis
1000 3102 1324 3170 miserebor,
1387 3101 1488 3160 sed
1545 3111 1841 3174 perpetuas
1895 3102 2082 3157 multa

494 3196 797 3269 impietatis
827 3209 1022 3267 poenas
1056 3193 1234 3251 dabit.
2035 3206 2040 3210 ·

2185 1923 2289 1997 χθη
2322 1923 2500 1987 τοίνυν
2529 1926 2558 1979 6
2577 1925 2883 1998 προφήτης,
2911 1924 2988 1988 ὡς
3019 1924 3114 1980 τοῦ
3139 1925 3271 1980 λαοῦ
3312 1924 3412 1997 τὴν
3426 1923 3474 1957 ⁸⁸
3503 1922 3805 1996 ἁμαρτίανι

2187 2017 2375 2072 έλυσεν
2405 2018 2433 2071 6
2462 2017 2617 2083 Θεὸς.
2645 2018 2742 2073 καὶ
2773 2017 2872 2089 τὴν
2912 2019 3188 2090 τιμωρίαν
3225 2014 3600 2073 κατέπαυσεν.
3623 2016 3786 2088 Ἀμέ-

2186 2109 2269 2163 λει
2309 2109 2402 2164 δύο
2445 2109 2642 2183 θεωρεῖ
2663 2113 2931 2179 γυναῖκας
2966 2108 3333 2181 ὑποπτέρους,
3360 2106 3527 2183 ῥοίζῳ
3546 2108 3657 2164 τινὶ
3682 2125 3785 2178 φε-

2188 2203 2454 2274 ρομέναςο
2484 2204 2691 2267 ἔποπος
2720 2202 2779 2256 δὲ
2827 2203 3073 2273 πτεροῖς,
3104 2200 3274 2270 φησὶν
3294 2241 3308 2265 ,
3341 2200 3506 2272 ὲῲκει
3538 2198 3607 2255 τὰ
3653 2199 3782 2253 τού-

2187 2310 2297 2347 των
2346 2293 2544 2365 πτερά.
2599 2292 2898 2360 Ὀξύτατον
2953 2293 3011 2347 δὲ
3056 2292 3216 2347 τοῦτο
3268 2294 3330 2346 τὸ
3356 2292 3566 2362 ὄρνεον,
3598 2291 3782 2362 σάρκα

2191 2385 2289 2455 μὲν
2327 2384 2587 2457 βραχεῖαν
2614 2384 2739 2456 ἔχον
2764 2427 2779 2451 ,
2812 2385 2989 2457 πτερὰ
3031 2384 3089 2438 δὲ
3137 2385 3237 2456 τῆς
3290 2384 3493 2456 σαρκὸς
3530 2381 3779 2456 μείζονα.

2187 2468 2361 2531 Abeat
2397 2478 2599 2543 τοίνυν,
2631 2476 2790 2550 φησὶ,
2821 2474 3088 2532 λαϐοῦσαι
3115 2476 3178 2530 τὸ
3228 2477 3429 2549 μέτρον
3458 2458 3667 2541 έκεῖνο,
3691 2476 3782 2532 διὰ

2192 2568 2359 2640 μέσου
2387 2567 2479 2624 τοῦ
2510 2569 2673 2642 ἀέρος
2697 2567 2980 2641 ἐφέροντο.
3011 2567 3155 2637 Ἐγὼ
3184 2567 3243 2622 δὲ
3273 2567 3364 2622 τὸν
3388 2566 3780 2639 θεῖονὴρὸμην

2188 2662 2421 2732 ἄγγελον
2441 2704 2457 2731 ,
2485 2661 2591 2716 ποῦ
2637 2663 2699 2716 τὸ
2736 2662 2935 2734 μέτρον
2982 2654 3143 2715 αὗται
3192 2660 3516 2732 κομίζουσι·
3549 2660 3646 2715 καὶ
3669 2659 3777 2713 ἐδι-

2187 2754 2391 2827 δάχθην
2422 2755 2509 2829 ὡς*
2547 2755 2628 2818 είς
2660 2754 2761 2829 τὴν
2808 2753 3104 2809 Βαϐυλῶνα
3148 2755 3409 2817 ἀπίασιν.
3438 2752 3582 2808 ὥστε
3646 2751 3780 2806 αὐτὸ

2192 2846 2268 2917 μὴ
2306 2846 2465 2917 μόνον
2493 2846 2764 2901 ἐπιθεῖναι
2789 2848 2858 2918 τῇ
2885 2845 3061 2909 πόλει,
3107 2844 3243 2899 ἀλλὰ
3273 2845 3367 2900 καὶ
3417 2844 3599 2899 οἰκίαν
3625 2843 3778 2915 αύτῷ

2185 2937 2565 3011 οἰκοδομῆσαι,
2598 2939 2696 2993 καὶ
2744 2937 2920 2993 θεῖναι
2950 2935 3085 2993 αὐτὸ
3122 2936 3239 2992 ἐκεῖ
3264 2937 3357 2992 ἐπὶ
3401 2937 3503 3010 τὴν
3550 2937 3779 3006 ἑτοιμα-

2192 3032 2313 3087 σίαν
2342 3030 2527 3086 αὑτοῦ.
2562 3031 2699 3085 Οὐδὲ
2728 3029 2838 3103 γὰρ
2893 3031 3167 3104 καθάπερ,
3200 3031 3356 3103 φησι,
3389 3031 3457 3101 τῇ
3501 3028 3780 3100 Ἰερουσα-

2110 3157 2152 3215 c
2188 3122 2301 3193 λὴμ
2333 3123 2497 3196 ῥητὸν
2549 3121 2727 3193 ὥρισα
2757 3123 2951 3194 χρόνον
3007 3124 3087 3186 είς
3140 3119 3409 3194 ἐρημίαν,
3440 3114 3566 3215 εἶτα
3613 3119 3782 3215 παλιν

2174 3214 2357 3289 ,αὐτὴν
2386 3211 2599 3283 φειδοῦς
2625 3211 2837 3281 ἠξίωσα
2880 3211 2976 3269 καὶ
3006 3210 3338 3282 συγγνώμης
3362 3250 3377 3276 ,
3403 3207 3552 3263 οὕτω
3581 3208 3678 3263 καὶ
3707 3210 3775 3282 τῇ

2060 3360 2063 3363 .
2178 3304 2471 3375 ,Βαϐυλῶνι
2522 3302 2822 3375 μεταδώσω
2873 3303 3321 3377 φιλανθρωπίας·
3352 3302 3495 3387 ,ἀλλὰ
3548 3301 3777 3374 διηνεκῆ
3823 3387 3839 3399 ⁸

998 3490 1219 3562 1319
1262 3488 1493 3546 CAPUT
1523 3488 1619 3546 vr.

568 3584 712 3658 [1-3]
743 3585 862 3640 Hac
890 3582 1109 3639 visione
1136 3584 1221 3639 sic
1244 3582 1523 3651 absoluta,
1569 3582 1802 3638 alterius
1845 3580 2083 3640 visionis

492 3679 877 3732 narrationem
932 3674 1170 3738 inducit,
1228 3676 1416 3744 aitque
1466 3689 1528 3730 se
1562 3674 1774 3731 vidisse
1839 3682 2083 3745 quatuor

494 3783 724 3830 currus,
758 3769 774 3789 ⁴
829 3763 1177 3837 egredientes
1217 3780 1249 3819 e
1277 3764 1496 3820 duobus
1544 3764 1826 3820 montibus
1867 3764 2077 3821 mucis:

491 3874 564 3923 ac
588 3859 750 3931 primi
796 3858 1022 3929 quidem
1055 3872 1255 3913 currus
1297 3871 1469 3928 equos
1525 3856 1701 3913 fuisse
1751 3856 1931 3922 rut‘os,
1988 3872 2080 3913 sc-

490 3950 664 4010 oundi
696 3951 913 4023 nigros,
970 3950 1125 4005 tertii
1175 3949 1355 4015 albos,
1391 3950 1577 4019 quarti
1610 3963 1743 4005 vero
1798 3950 1980 4009 varios
2025 3957 2079 4003 et

489 4044 850 4111 maculosos;
902 4041 1036 4115 [4-6]
1096 4050 1290 4113 postea
1332 4050 1716 4112 percontatum
1768 4043 1840 4098 ab
1886 4041 2081 4114 angelo

490 4135 847 4207 cognovisse,
907 4135 1010 4189 hos
1041 4148 1166 4189 esse
1221 4142 1465 4204 quatuor
1525 4141 1721 4190 ventos
1771 4135 1930 4199 caeli,
1982 4134 2079 4205 qui

490 4226 879 4299 egrediuntur,
939 4232 1001 4279 ut
1056 4224 1327 4281 assistant
1382 4224 1618 4283 Domino
1672 4228 1856 4283 omnis
1895 4237 2077 4297 terre.

2181 3397 2397 3464 δέξεται
2429 3397 2702 3469 τιμωρίαν
2734 3395 2857 3450 ἀντὶ
2884 3395 2928 3428 ⁸¹
2963 3395 3063 3466 τῆς
3093 3394 3295 3466 πολλῆς
3324 3386 3603 3458 ἀσεϐείας.

2704 3486 3105 3542 ΚΕΦΑΛΔΙΟΝ
3149 3487 3240 3554 (τι.

2253 3578 2411 3634 Οὕτω
2455 3579 2662 3652 ταύτην
2693 3579 3053 3652 συμπεράνας
3100 3577 3200 3650 τὴν
3242 3578 3534 3644 ὀπτασίαν,
3579 3577 3783 3651 ἐτέρας

2184 3672 2417 3743 θεωρίας
2466 3671 2769 3744 προσφέρει
2817 3671 3095 3742 διήγησιν,
3143 3671 3238 3725 καὶ
3278 3669 3435 3740 λέγει
3480 3669 3781 3726 τεθεᾶσθαι

2183 3766 2408 3837 ἅρματα
2440 3764 2690 3837 τέσσαρα
2719 3763 2814 3818 τὸν
2841 3761 3076 3836 ἀριθμὸν
3119 3763 3184 3817 ὲκ
3225 3762 3319 3817 δύο
3347 3762 3567 3835 χαλκῶν
3598 3764 3781 3835 ὀρέων

2183 3855 2616 3928 ἐκπορευόμενα,
2659 3856 2755 3910 καὶ
2794 3854 2873 3928 τῷ
2924 3854 3024 3927 μὲν
3071 3855 3274 3928 πρώτῳ
3324 3856 3534 3933 ἅρματι
3569 3856 3781 3921 ἵππους

2180 3948 2509 4021 ὲπεζεῦχθαι
2556 3948 2824 4021 πυρροὺς,
2874 3947 2950 4019 τῷ
2993 3947 3335 4023 δευτέρφςδὲ
3368 3947 3633 4023 μέλανας,
3676 3949 3781 4005 καὶ

2179 4042 2260 4114 τῷ
2301 4042 2473 4113 τρίτῳ
2516 4041 2769 4107 λευκοὺς,
2795 4039 3077 4105 ποικίλους
3107 4039 3183 4113 δὲ,
3210 4040 3306 4095 καὶ
3330 4039 3541 4114 ψαροὺς
3570 4040 3653 4113 τῷ
3680 4057 3774 4094 τε-

2180 4134 2388 4206 τάρτῳ.
2421 4128 2561 4195 Εἶτα
2598 4132 2694 4188 καὶ
2724 4130 2994 4187 πυθέσθαι
3034 4131 3230 4204 λέγει,
3254 4131 3351 4197 καὶ
3387 4131 3777 4205 μεμαθηκέναι

2183 4226 2336 4309 παρὰ
2365 4224 2462 4289 τοῦ
2494 4224 2752 4295 ἀγγέλου,
2785 4225 2868 4279 ὅτι
2913 4222 3090 4280 ταῦτά
3119 4210 3271 4279 ἐστιν
3300 4226 3352 4279 oi
3378 4224 3649 4307 τέσσαρες
3677 4226 3777 4281 ἄν·

488 4317 744 4383 Qutuor
769 4325 953 4373 autem
979 4327 1163 4372 uentos
1196 4316 1443 4386 appellat
1472 4328 1716 4387 quatuor
1767 4326 1955 4389 partes
1996 4332 2082 4373 or-

2349 4318 2446 4377 τοῦ
2486 4318 2748 4392 οὐρανοῦ,
2792 4317 2844 4372 οἳ
2873 4308 3270 4389 ἐκπορεύονται
3305 4317 3665 4391 παραστῆναι
3692 4320 3778 4392 τῷ
3841 4354 3849 4361 .

492 4409 580 4465 bis
628 4417 827 4466 terrae:
877 4407 968 4465 his
1012 4407 1161 4464 enim
1210 4421 1447 4463 numero
1493 4423 1657 4478 pares
1711 4423 1836 4465 esse
1886 4416 2081 4465 ventus

2186 4409 2375 4483 Κυρίῳ
2415 4410 2597 4482 πάσης
2643 4410 2744 4482 τῆς
2775 4410 2901 4481 γῆς.
2938 4409 3251 4479 Τέσσαρας
3290 4408 3352 4464 δὲ
3400 4396 3666 4480 ἀνέμους
3704 4413 3777 4467 τὰ

490 4500 691 4576 vulgus
738 4502 1033 4572 opinatur.
1094 4498 1336 4556 Docetur
1389 4514 1524 4571 ergo
1579 4500 1871 4573 propheta,
1922 4500 2075 4571 quod

2186 4502 2422 4576 τέσσαρα
2448 4503 2713 4577 τμήματα
2739 4502 2841 4572 τῆς
2865 4502 3192 4574 οἰκουμένης
3214 4503 3374 4568 καλεῖ
3394 4520 3407 4533 ο
3441 4504 3775 4577 ἰσαρίθμους

491 4593 639 4650 Deus
672 4593 1045 4664 potestatibus
1076 4592 1453 4649 invisibilibus
1495 4599 1656 4648 utens
1687 4593 1988 4658 ministris,
2023 4601 2078 4650 et

2186 4593 2294 4665 γὰρ
2333 4595 2381 4647 oi
2411 4592 2601 4647 πολλοὶ
2639 4592 2853 4654 τούτοις
2888 4593 2985 4647 καὶ
3012 4593 3141 4657 τοὺς
3172 4593 3409 4666 ἀνέμους
3449 4595 3774 4668 ὑπολαμϐά-

491 4687 639 4743 bona
689 4686 994 4757 largiatur,
1040 4692 1097 4740 et
1152 4684 1354 4741 acerba
1427 4684 1749 4741 hominibus
1806 4685 2075 4742 inducat:

2186 4701 2367 4740 νουσιν
2399 4678 2558 4743 εἶναι.
2598 4684 2923 4745 Διδάσκεται
2942 4684 3127 4741 τοίνυν
3154 4687 3525 4757 (τιπροφήιιης,⁵
3544 4689 3624 4753 ὡς
3644 4692 3772 4755 ταῖς

487 4775 959 4848 quemadmodum
995 4777 1192 4832 beatus
1221 4773 1393 4831 David
1424 4773 1605 4830 dicit:
1644 4792 1664 4825 ι
1701 4774 2074 4833 Casu-amota.

2186 4777 2436 4847 ἀοράτοις
2478 4775 2777 4847 δυνάμεσιν
2831 4776 3131 4849 ύπουργοίς
3180 4779 3525 4851 κεχρημένος
3576 4780 3609 4833 6
3657 4781 3774 4845 τῶν

490 4868 647 4925 bitur
689 4868 919 4939 angelus
948 4865 1167 4929 Domini
1199 4867 1255 4922 in
1291 4866 1529 4923 circuitu
1563 4866 1876 4923 timentium
1923 4883 2072 4935 eum,

2186 4868 2319 4925 ὅλων
2354 4867 2486 4931 Θεὸς
2506 4868 2551 4901 δ’
2579 4868 2770 4924 καὶτὰ
2809 4868 2994 4938 ἀγαθὰ
3032 4873 3280 4949 χορηγεῖ,
3306 4871 3416 4935 καὶ
3441 4872 3770 4946 τὰλυπηρά

490 4968 548 5015 et
574 4958 773 5028 eripiet
804 4974 903 5015 eos
930 4968 981 5013 ο.
1013 4977 1033 5009 ι
1071 4957 1150 5015 De
1174 4959 1386 5014 ultione
1418 4967 1603 5013 autem
1634 4955 1690 5011 in
1728 4958 1838 5014 alio
1858 4961 2075 5029 psalmo

2186 4960 2296 5022 τοῖς
2327 4958 2638 5031 ἀνθρώποις
2675 4960 2893 5029 ἐπάγει.
2931 4960 3091 5021 Οὕτω
3130 4962 3224 5023 κιιιλ⁵
3251 4964 3280 5017 6
3312 4965 3584 5036 μακάριος
3615 4966 3775 5037 λέγει

488 5051 610 5106 ait:
658 5070 676 5102 ι
722 5049 921 5105 Emisit
956 5052 1012 5106 in
1046 5067 1145 5107 eos
1179 5052 1317 5107 iram
1370 5048 1770 5121 indignationis
1817 5064 1953 5116 suae,
1987 5053 2074 5109 in-

2186 5049 2350 5106 Δαϐίό
2370 5067 2383 5079 ·
2424 5068 2444 5102 ι
2500 5050 2854 5122 Παρεμὸαλεί
2889 5054 3122 5124 ἄγγελος
3171 5057 3382 5128 Κυρίου
3428 5056 3617 5127 κύκλῳ
3658 5060 3779 5117 τῶν

491 5139 873 5211 dignationem
906 5148 962 5196 et
1011 5141 1175 5207 iram,
1207 5150 1263 5197 et
1296 5140 1738 5205 tribulationem,
1772 5140 2074 5201 immissio-

2186 5142 2532 5214 φοϐουμένων
2552 5143 2740 5211 αὐτὸν,
2761 5145 2857 5203 καὶ
2877 5146 3102 5215 ῥύσεται
3131 5148 3350 5213 αύτούς.
3365 5167 3386 5201 ι
3420 5151 3558 5222 Περὶ
3586 5150 3647 5205 δὶ
3668 5151 3776 5223 τῆς

490 5248 617 5305 nem
668 5247 767 5304 per
821 5233 1048 5304 angelos
1106 5232 1284 5289 malos
1305 5231 1356 5286 ἀ.
1397 5249 1417 5283 ι
1478 5231 1573 5287 Sic
1623 5230 1793 5287 etiam
1851 5229 2073 5289 divinus

2186 5235 2449 5306 τιμωρίας
2485 5235 2545 5290 ἐν
2586 5234 2760 5311 ἑτέρῳ
2795 5234 2999 5308 ψαλμῷ
3041 5255 3242 5310 φησιν’
3278 5259 3298 5294 ι
3352 5240 3773 5306 Ἐξαπέστειλεν

491 5324 792 5381 Zacharias
814 5341 972 5397 equos
1000 5324 1222 5396 quidem
1249 5324 1431 5393 nigros
1458 5322 1610 5381 videt
1656 5323 1726 5379 ad
1755 5322 2072 5395 aquilonem

2186 5328 2261 5390 εἰς
2289 5326 2487 5391 αὐτοὺς
2507 5326 2677 5399 ὀργὴν
2705 5326 2881 5399 θυμοῦ
2901 5329 3070 5383 αὐτοῦ
3094 5345 3106 5359 ·
3132 5329 3303 5402 θυμὸν
3329 5332 3426 5386 καὶ
3451 5332 3645 5407 ὀργὴν,
3673 5337 3774 5392 καὶ

1174 5515 1201 5544 ι
1240 5502 1389 5558 Psal.
1424 5519 1535 5575 cvi,
1567 5505 1662 5561 42.
1739 5506 1768 5547 ι’
1806 5503 1967 5561 Rom.
2002 5522 2078 5574 νι,
2122 5507 2308 5564 ιὸοὲι.

561 5515 588 5546 ι
623 5504 768 5561 Psal.
806 5519 1011 5573 xum,
1044 5504 1098 5561 5.
1174 5515 1201 5544 ι
1240 5504 1389 5558 Psal.
1424 5519 1535 5575 cvi,
1567 5505 1662 5561 42.
1739 5506 1768 5547 ι’
1806 5504 1967 5561 Rom.
2002 5522 2078 5574 vi,
2122 5507 2308 5564 18-21.
2387 5517 2408 5545 ο
2434 5505 2578 5563 Psal.
2610 5524 2805 5576 xxxiii,
2849 5508 2901 5564 7.
2976 5508 3003 5549 ἀ
3031 5509 3177 5569 Psal.
3208 5525 3428 5580 Lxxvn,
3453 5510 3550 5569 69.

1781 5659 2017 5719 VARIE
2059 5660 2461 5720 LECTIONES.

492 5758 502 5767 ’
558 5779 611 5812 ⁸³
632 5780 750 5850 τήν.
781 5756 1040 5849 ϐ’ριεειιι.
1067 5775 1182 5834 καί.
1260 5774 1306 5808 ⁸⁸
1338 5773 1487 5861 ἀντί,
1513 5778 1554 5837 C
1580 5779 1686 5839 ἔτι.
1782 5780 1830 5815 ⁸²
1858 5779 1888 5835 6
1918 5796 1969 5837 τ.
2001 5780 2049 5836 ὃ.
2085 5780 2240 5846 Θεός.
2275 5767 2354 5838 Ex
2386 5780 2428 5838 C
2453 5762 2635 5854 suppi.
2720 5834 2728 5841 .
