4090 6402
333 410 506 487 ’1905

1566 421 1652 484 ΙΝ
1681 424 2079 486 ZACHARLE
2115 425 2272 486 CAP.
2293 427 2395 489 VI.

3480 377 3621 490 1906

357 531 560 604 θλίψιν,
591 530 895 603 ἀποστολὴν
918 530 986 586 δι’
1014 519 1266 600 ἀγγέλων
1294 533 1569 605 πονηρῶν.
1603 554 1621 587 ι
1660 535 1816 589 Οὕτω
1847 535 1939 589 καὶ

2053 537 2351 601 tendentes,
2389 551 2485 608 per
2532 551 2675 608 quos
2728 535 3026 608 Babylonis
3059 536 3294 594 exitium
3344 535 3618 610 designat.

355 628 388 682 ὀ
424 625 714 688 θεσπέσιος
751 624 1025 696 Ζαχαρίας
1071 623 1175 696 ὁρᾷ
1203 627 1332 688 τοὺς
1383 626 1482 697 μὲν
1530 625 1801 696 μέλανας
1845 629 1938 681 irt-

356 735 514 784 πους
543 717 637 771 ἐπὶ
659 717 727 770 τά
753 716 939 788 βόρεια
965 715 1104 787 μέρη
1132 716 1232 785 τῆς
1254 718 1583 788 οἰκουμένης
1613 719 1936 784 ἐλάσαντας,

357 810 661 864 αἰνίττεται
683 808 740 861 δὲ
761 808 847 861 διὰ
871 808 1062 861 τούτου
1097 809 1197 878 τῆς
1221 808 1540 873 Βαϐυλῶνος
1574 809 1665 863 τὸν
1696 807 1816 863 δλεθ
1825 827 1934 880 ρον.

365 920 386 954 ε
415 901 530 956 Kal
559 902 609 953 οἰ
633 900 820 953 λευκοί
846 901 904 953 δὲ
929 899 1316 969 ἐξεπορεύοντο
1343 901 1674 955 κατόπισθεν
1701 902 1936 964 αὐτῶν,›

358 993 458 1062 οὐχ
513 991 600 1046 ἵνα
647 990 880 1054 ἐκείνοις
934 992 1283 1062 χορηγήσωσι
1330 993 1398 1045 τά
1443 991 1647 1060 ἀγαθὰ,
1701 993 1818 1046 ἀλλ’
1853 993 1950 1047 ἵνα

359 1083 587 1138 ικείνων
607 1082 987 1152 κολαζομένων
1019 1085 1146 1146 τοὺς
1174 1085 1501 1149 ὑπολοίπους
1529 1085 1640 1139 τῶν
1671 1085 1944 1157 δορυαλώ-

359 1189 468 1226 των
509 1173 778 1243 Ἑϐραίων
807 1175 887 1234 είς
911 1174 1012 1243 τὴν
1045 1173 1308 1228 Ἰουδαίαν
1333 1177 1751 1244 ἐπαναγάγωσι.
1783 1196 1801 1228 ι
1835 1177 1945 1230 Kal

2049 645 2069 680 ι
2131 628 2256 682 Albi
2289 637 2470 684 autem
2505 629 2933 699 egrediebantur
2984 644 3015 684 a
3075 637 3233 701 tergo
3290 629 3546 695 istorum,
3601 653 3619 685 ι

2044 735 2154 774 non
2185 729 2244 774 ut
2277 720 2387 776 illis
2413 721 2558 776 bona
2588 722 2942 791 largirentur,
2977 721 3072 777 sed
3103 730 3162 776 ut
3196 722 3304 778 illis
3334 723 3624 792 castigatis

2043 811 2304 880 reliquias
2330 812 2671 882 captivorum
2698 811 3049 868 Hebraeorum
3085 813 3140 868 in
3181 811 3426 868 Judzeam
3462 815 3624 869 redu—

2042 909 2249 957 cerent.
2305 921 2324 956 ι
2395 902 2516 957 Ruli
2573 905 2744 974 (vero)
2811 905 3236 974 egrediebantur
3293 905 3348 958 in
3409 913 3620 960 terram

2047 994 2256 1058 austri,
2320 1014 2340 1046 ι
2401 995 2676 1050 minantes
2748 997 2963 1067 1620
3011 997 3155 1050 mala
3208 997 3624 1068 insurgentibus

2049 1094 2242 1140 contra
2271 1087 2708 1158 Hierosolymam
2756 1090 3032 1158 gentibus.
3083 1087 3188 1144 Per
3221 1090 3449 1144 colorem
3476 1091 3624 1146 enim

2052 1177 2230 1248 rufum
2264 1178 2696 1247 indignationem
2733 1195 2916 1234 sermo
2946 1179 3276 1251 designavit.
3533 1239 3538 1244 ,
3611 1163 3614 1168 ’

359 1267 407 1318 οἱ
429 1239 632 1334 πυρροί
651 1239 1035 1332 ἐξεπορεύοντο
1061 1263 1152 1316 ἐπὶ
1180 1263 1286 1332 γῆν
1309 1265 1356 1297 ⁸⁸
1389 1239 1564 1330 νότου,
1652 1263 2008 1329 ἀπειλοῦντες
2047 1239 2194 1321 κακὰ
2241 1271 2354 1332 τοῖς
2382 1239 2869 1342 Πέπανισταμένοις
2919 1239 3209 1340 κατάντῆς
3271 1239 3627 1344 Ἰερουσαλὴμ

359 1355 539 1410 ἔθνεσι
560 1371 575 1387 ·
603 1353 690 1406 διὰ
730 1352 825 1406 τοῦ
863 1351 1095 1420 πυρῤοῦ
1128 1353 1237 1423 γὰρ
1278 1354 1584 1423 χρώματος
1618 1356 1679 1408 τὸ
1713 1355 1998 1425 θυμοειδὲς
2025 1357 2054 1409 ὁ
2081 1356 2238 1424 λόγος
2263 1357 2500 1429 ᾐνίξατο.

430 1445 496 1512 ζ’.
530 1464 548 1498 ι
579 1444 689 1498 Kal
715 1446 762 1498 οἰ
793 1444 1027 1497 ποικίλοι
1061 1443 1158 1497 καὶ
1185 1446 1232 1496 οἰ
1254 1444 1299 1478 ⁸⁸
1322 1446 1490 1517 ψαροὶ
1520 1445 1935 1518 ἐξεπορεύοντο,

357 1536 456 1592 καὶ
481 1535 732 1608 ἐζήτουν,
769 1535 864 1588 καὶ
886 1535 932 1568 ⁸⁵
977 1535 1282 1588 ἐπέϐλεπον
1313 1536 1408 1590 τοῦ
1456 1537 1806 1609 περιοδεῦσαι
1839 1538 1938 1608 τὴν

357 1626 466 1697 γῆν
484 1642 499 1656 ·
531 1627 627 1681 καὶ
655 1619 780 1678 εἰπε
797 1639 810 1654 ο
843 1623 1146 1696 Πορεύεσθε
1169 1625 1263 1677 καὶ
1286 1625 1672 1695 περιοδεύσατε
1694 1625 1793 1694 τὴν
1813 1626 1962 1695 γῆν.

358 1721 474 1776 Kal
494 1720 540 1752 ⁸⁸
569 1716 942 1790 περιώδευσαν
983 1717 1082 1787 τὴν
1113 1717 1239 1786 γῆν.
1272 1736 1290 1768 ι
1330 1715 1464 1785 Γῆν
1495 1717 1730 1770 ἐνταῦθα
1761 1717 1938 1780 καλεῖ,

358 1813 421 1868 οὐ
448 1812 548 1883 τὴν
596 1809 690 1866 τοῦ
725 1809 982 1881 Ἰσραὴλ,
1029 1809 1167 1863 ἀλλά
1213 1811 1397 1862 πᾶσαν
1443 1809 1542 1880 τὴν
1589 1809 1938 1879 οἰκουμένην.

2095 1444 2323 1502 νεκεπ.
2337 1467 2354 1500 ι
2368 1449 2434 1502 Et
2453 1447 2590 1502 varii
2611 1457 2665 1502 et
2682 1449 2946 1503 maculosi
2963 1447 3390 1519 egrediebantur
3407 1458 3462 1505 et
3479 1459 3628 1521 quae'

2045 1537 2241 1593 rebant
2255 1546 2314 1594 et
2325 1539 2746 1596 considerabant
2765 1541 3000 1594 circuire
3017 1550 3219 1595 terram
3240 1561 3252 1597 :
3274 1551 3326 1596 et
3346 1542 3485 1597 dixit
3505 1541 3626 1612 :lte,

2050 1629 2282 1686 circuite
2313 1641 2540 1696 terram,
2597 1639 2650 1686 et
2674 1631 3014 1687 circuierunt
3047 1639 3273 1688 terram.
3316 1653 3334 1685 ι
3409 1633 3629 1690 Terram

2047 1723 2152 1779 lioc
2183 1724 2304 1778 loco
2349 1733 2532 1788 vocat,
2584 1739 2694 1778 non
2744 1733 2947 1779 terram
2985 1724 3228 1787 lsraelis,
3281 1726 3375 1781 sed
3408 1741 3626 1784 onmem

2047 1815 2235 1870 orbem
2273 1823 2450 1871 terrae.
2484 1815 2794 1871 Maculosos
2829 1825 3010 1872 autem
3039 1823 3093 1874 et
3118 1817 3293 1874 varios
3328 1833 3423 1872 eos
3469 1816 3624 1880 dicit,

361 1904 680 1967 Ποικίλους
708 1901 764 1956 δὲ
791 1901 988 1963 αὐτοὺς
1019 1900 1168 1969 λέγει
1202 1901 1298 1954 καὶ
1331 1899 1591 1969 ψαροὺς,
1634 1900 1709 1964 ὡς
1743 1917 1942 1953 παντο-

2053 1909 2206 1980 quasi
2244 1908 2429 1962 omnia
2483 1917 2880 1988 procurantes,
2926 1919 2978 1964 et
3019 1908 3312 1979 punientes
3346 1909 3440 1965 ubi
3487 1925 3640 1983 opus.

358 1995 510 2050 δαπά
529 1993 950 2064 οἰκονομοῦντας
979 1994 1072 2046 καὶ
1097 1992 1427 2057 κολάζοντας
1453 1985 1514 2046 οῦ
1540 1993 1639 2060 δεῖ,
1672 1994 1765 2048 καὶ
1792 1994 1945 2064 εὐερ-

360 2085 657 2157 γετοῦντας
687 2086 817 2140 ἔνθα
847 2087 976 2156 χρή.

435 2185 504 2247 η’.
543 2197 561 2229 ι
592 2178 699 2230 Kal
721 2177 914 2247 ἐϐόησε
934 2177 1002 2239 ⁸⁷,
1024 2178 1118 2230 καὶ
1144 2177 1367 2230 ἐκάλεσέ
1401 2194 1466 2247 με
1490 2178 1555 2244 ⁸³,
1591 2179 1686 2232 καὶ
1718 2177 1948 2247 ἐλάλησε

362 2271 505 2341 πρός
545 2287 648 2340 με,
702 2269 910 2338 λέγων·
959 2270 1093 2322 Ἰδοὺ
1144 2272 1192 2322 οἰ
1237 2270 1670 2340 ἐκπορευόμενοι
1719 2271 1812 2323 ἐπὶ
1845 2272 1947 2340 γῆν

362 2363 547 2433 Βορρᾱ
574 2354 888 2414 ἀνέπαυσαν
908 2361 954 2393 ⁸⁸
980 2361 1040 2413 τὸ
1069 2361 1289 2430 πνεῦμά
1320 2379 1421 2432 μου
1454 2361 1546 2414 ἐπὶ
1566 2362 1668 2432 γῆν
1689 2361 1892 2433 Βορῤᾶ.
1922 2380 1944 2414 ι

363 2453 590 2506 Δικαίαν
633 2453 763 2523 γάρ,
797 2452 952 2524 φησὶ,
991 2455 1105 2517 τοῖς
1151 2451 1512 2516 Βαϐυλωνίοις
1557 2453 1838 2522 ἐπήγαγον
1866 2469 1948 2506 τιι

366 2544 601 2617 μωρίαν,
625 2543 696 2614 ἢν
721 2547 786 2596 ἐκ
822 2542 1019 2597 πολλοῦ
1055 2544 1152 2614 μέν
1186 2543 1438 2612 ὤφειλον,
1473 2544 1562 2598 διὰ
1594 2544 1650 2596 δὲ
1680 2544 1778 2615 τὴν
1809 2544 1950 2615 ἐμὴν

367 2635 751 2707 μακροθυμίαν
777 2635 877 2688 οὐκ
901 2633 1106 2688 ἔτισαν.
1140 2635 1296 2688 Μετά
1322 2634 1529 2697 ταύτας
1560 2632 1660 2697 τὰς
1691 2634 1945 2705 θεωρίας,

361 2729 391 2781 ὁ
413 2727 702 2796 προφήτης
739 2725 1022 2779 κελεύεται
1050 2725 1119 2779 τά
1150 2724 1482 2794 κομισθέντα
1508 2723 1659 2796 παρὰ
1695 2723 1803 2778 τῶν
1827 2725 1950 2794 αἰχ-

367 2817 634 2888 μαλώτων
665 2816 815 2889 δῶρα
862 2816 1070 2880 λαϐεῖν,
1103 2816 1220 2872 ἀλλ’
1251 2817 1349 2886 οὐχ
1379 2816 1566 2880 ἁπλῶς
1607 2815 1762 2886 παρά
1807 2816 1946 2868 πάνθ

361 2925 492 2975 των,
522 2908 662 2964 ἀλλά
689 2908 840 2979 παρὰ
875 2908 986 2962 τῶν
1020 2909 1319 2979 ἀρχόντων,
1349 2908 1445 2960 καί⁸
1487 2907 1641 2980 παρά
1667 2909 1778 2960 τῶν
1813 2923 1952 2978 χρη-

364 3000 542 3070 σίμων
595 2999 788 3071 αὐτῆς,
818 2999 915 3054 καὶ
963 2999 1116 3070 παρὰ
1164 2998 1274 3052 τῶν
1322 2997 1717 3068 ἐπεγνωκότων
1753 2997 1950 3068 αὐτήν.

362 3091 522 3145 ’Ὅσοι
555 3091 687 3162 γὰρ,
721 3092 904 3160 φησὶν,
941 3091 1196 3161 αἰσθησιν
1239 3091 1434 3146 ἔλαϐον
1463 3089 1574 3144 τῶν
1605 3089 1812 3156 κακῶν,
1859 3088 1954 3142 καλ

361 3184 468 3254 τῆς
493 3183 878 3256 αἰχμαλωσίας
907 3183 1151 3253 ἔγνωσαν
1179 3182 1279 3254 τὴν
1309 3183 1506 3248 αἰτίαν,
1541 3183 1636 3237 καί
1658 3183 1720 3235 τὺ
1749 3181 1955 3254 ταύτης

365 3275 677 3346 κατέμαθον
703 3275 994 3346 χρήσιμον,
1029 3275 1495 3346 προσφερέτωσαν
1529 3276 1598 3329 τά
1619 3275 1788 3348 δῶρα.
1822 3271 1954 3328 Elea

369 3365 644 3435 μέμνηται
665 3367 714 3398 ’⁵
742 3366 836 3418 καὶ
866 3367 1151 3434 ὀνομάτων
1180 3364 1404 3428 Ἐλὸαῒ,
1436 3366 1535 3418 καὶ
1577 3365 1816 3426 Τωϐίου.
1852 3365 1953 3419 καὶ

360 3457 590 3511 Ἰδαίου.
623 3457 926 3511 Κελεύεται
954 3457 1014 3510 δὲ
1046 3457 1141 3510 καὶ
1181 3475 1200 3508 ι
1255 3459 1336 3521 εἰς
1373 3459 1465 3510 τδν
1495 3455 1642 3510 οἷκον
1688 3457 1954 3510 εἰσελθεῖν

361 3550 574 3604 Ἰωσίου
607 3550 702 3602 τοῦ
727 3550 1008 3619 Σοφονίου,
1049 3569 1069 3602 ι
1101 3548 1198 3603 τοῦ
1227 3550 1322 3602 νῦν
1352 3551 1584 3619 ἥκοντος
1611 3551 1674 3603 ἐκ
1701 3549 1956 3604 Βαϐυλῶ-

363 3659 476 3707 νος,
519 3641 613 3694 καὶ
643 3639 832 3694 λαϐεῖν
875 3641 1137 3712 ἀργύριον
1169 3642 1262 3695 καὶ
1291 3642 1537 3713 χρυσίον,
1569 3643 1662 3696 xal
1693 3643 1956 3712 στέφανον

365 3734 432 3786 ἐκ
461 3733 669 3786 τούτων
710 3733 1161 3796 κατασκευάσαι,
1216 3733 1311 3786 καὶ
1359 3737 1459 3804 τὴν
1510 3734 1604 3788 τοῦ
1655 3735 1958 3807 ἀρχιερέως

363 3823 546 3896 Ἰησοῦ
592 3824 835 3895 κεφαλὴν
861 3826 1172 3890 ταινιῶσαι,
1214 3827 1308 3879 καὶ
1354 3827 1482 3890 τοὺς
1519 3826 1700 3890 θείους
1743 3826 1891 3899 αὐτῷ
1909 3827 1957 3860 ’ί

365 3916 557 3986 λόγους
587 3916 1043 3989 διαπορθμεῦσαι,
1081 3919 1176 3970 καί⁵
1205 3919 1420 3970 εἰπεῖν·

440 4005 531 4076 ιβ’,
560 4013 650 4075 ιγ’.
689 4026 708 4058 ε
750 4006 890 4060 Τάδε
928 4007 1077 4075 λέγει
1119 4007 1327 4078 Κύριος
1362 4009 1789 4080 παντοκράτωρο
1818 4008 1956 4062 ’ἰδοῦ

368 4095 535 4168 ἀνὴρ,
563 4097 827 4169 Ἀνατολὴ
857 4098 1030 4168 ϐνομα
1059 4098 1232 4168 αὐτῷ,
1264 4098 1360 4152 καὶ
1398 4099 1755 4153 ὑποκάτωθεν
1788 4097 1957 4154 αὐτοῦ

369 4188 645 4254 ἀνατελεῒ,
669 4189 763 4243 καὶ
791 4189 1142 4260 οἰκοδομήσει
1165 4187 1257 4244 τὸν
1282 4184 1432 4243 οἷκον
1461 4189 1689 4260 Κυρίου.
1722 4191 1834 4242 Kal
1861 4188 1961 4243 αὺο

369 4279 464 4345 τδς
508 4279 740 4352 λήψεται
778 4279 980 4353 ἀρετὴν
1001 4319 1018 4346 ,
1069 4280 1166 4334 καὶ
1212 4278 1506 4345 καθιεῐται,
1548 4281 1644 4334 καὶ
1692 4279 1958 4350 κατάρξει

371 4369 468 4424 iul
504 4369 600 4424 τοῦ
641 4370 834 4441 θρόνου
879 4368 1068 4432 αὐτοῦ,
1097 4370 1193 4424 καὶ
1225 4370 1380 4424 ἔσται
1407 4372 1436 4424 ό
1465 4371 1646 4442 ἰερεὺς
1667 4371 1748 4426 ’ἐκ
1769 4370 1960 4436 δεξιῶν

372 4459 562 4529 αὐτοῦ,
594 4462 692 4515 καὶ
726 4460 891 4532 βουλὴ
922 4460 1174 4531 εἰρηνικὴ
1217 4460 1374 4514 ἕσται
1413 4461 1689 4532 ἀναμέσον
1719 4461 1961 4532 ἀμφοτέ-

2046 2007 2152 2064 est,
2187 2006 2240 2054 et
2267 1999 2676 2056 benefacientes
2700 2001 2793 2056 ubi
2823 2007 3061 2072 oportet.

2120 2178 2288 2235 Vens.
2325 2180 2379 2236 8.
2420 2199 2439 2229 ι
2473 2179 2538 2234 Ει
2563 2180 2842 2244 clamavit,
2874 2186 2929 2234 et
2959 2179 3172 2234 vocavit
3199 2193 3304 2243 me,
3331 2187 3386 2234 et
3411 2179 3630 2233 locutus

2049 2281 2135 2329 est
2175 2273 2244 2327 ad
2294 2287 2415 2338 me,
2453 2272 2684 2328 dicens:
2716 2270 2856 2327 Ecce
2909 2271 3005 2341 qui
3072 2271 3434 2342 egrediuntur
3461 2285 3631 2341 super

2050 2374 2254 2422 terram
2292 2365 2605 2436 Aquilonis,
2665 2364 3016 2435 requiescere
3076 2362 3328 2419 fecerunt
3383 2363 3631 2420 furorem

2050 2474 2229 2513 meum
2263 2459 2316 2512 in
2345 2467 2492 2513 terra
2527 2457 2841 2528 Aquilonis.
2880 2473 2898 2507 ι
2934 2454 3090 2511 Justa
3125 2456 3270 2510 enim
3323 2454 3630 2525 supplicia.

2051 2548 2248 2619 inquit,
2279 2547 2598 2621 Babyloniis
2626 2549 2866 2620 irrogavi
2900 2566 2914 2602 :
2951 2563 3072 2617 quae
3103 2547 3217 2617 jam
3263 2547 3477 2618 pridem
3509 2546 3634 2617 qui-

2049 2635 2172 2691 dem
2209 2643 2551 2703 meruerant,
2585 2637 2678 2692 sed
2711 2646 2939 2706 propter
2960 2651 3137 2691 meam
3167 2638 3382 2706 longam
3419 2636 3632 2705 patien-

2053 2729 2184 2782 tiam
2219 2741 2326 2782 non
2355 2727 2758 2797 persolverant.
2789 2725 2922 2782 Post
2951 2727 3050 2781 has
3075 2727 3340 2791 visiones,
3363 2725 3631 2796 prepbeta

2048 2819 2272 2890 jubetur
2303 2816 2447 2872 dona
2481 2833 2511 2872 a
2569 2818 2804 2888 captivis
2860 2818 3024 2872 allata
3083 2819 3354 2886 recipere,
3391 2817 3485 2871 sed
3521 2831 3632 2870 non

2052 2911 2370 2983 promiscue
2403 2911 2473 2965 ab
2517 2911 2800 2975 omnibus,
2857 2909 2953 2967 sed
3004 2924 3034 2963 a
3071 2908 3434 2980 principibus,
3485 2917 3539 2962 et
3570 2907 3638 2962 ab

2055 3002 2283 3057 utilibus
2314 3000 2456 3070 ejus,
2489 3008 2544 3054 et
2592 3000 2686 3070 qui
2723 3000 3080 3072 cognoverint
3133 3013 3276 3054 eam.
3323 2997 3429 3064 Qui
3457 2997 3636 3053 enim.

2056 3095 2258 3164 inquit,
2287 3095 2558 3148 malorum
2593 3109 2821 3149 sensum
2871 3099 3159 3163 ceperunt,
3210 3101 3264 3146 et
3299 3089 3638 3160 captivitatis

2057 3199 2282 3241 causam
2328 3191 2622 3247 noverunt,
2679 3184 2910 3255 ejusque
2953 3182 3264 3238 didicerunt
3313 3181 3657 3246 utilitatem,.

1982 3252 2026 3314 ο
2058 3276 2290 3332 a-ll‘erant
2350 3277 2514 3330 dona.
2547 3278 2566 3298 ⁶
2617 3252 3064 3347 [9-ll]rDeinde
3119 3275 3452 3329 mentionem
3503 3273 3639 3326 facit

2056 3368 2342 3423 nominum
2377 3365 2562 3430 Eldai,
2614 3373 2665 3420 et
2695 3364 2896 3431 Tobiw,
2928 3374 2978 3419 et
3034 3363 3174 3420 ldei.
3206 3363 3441 3418 Jubetur
3469 3361 3636 3418 etiam

2055 3459 2269 3530 ingredi
2303 3476 2322 3510 ι
2359 3458 2412 3512 in
2453 3457 2680 3512 domum
2711 3455 2877 3511 Josiae
2925 3457 3023 3510 lilii
3071 3453 3392 3526 Sophoniae,
3432 3471 3451 3506 ι
3488 3468 3638 3508 nunc

2055 3550 2332 3607 venientis
2388 3549 2457 3605 de
2493 3548 2806 3621 Babylone,
2856 3556 2911 3604 et
2941 3548 3191 3618 accipere
3241 3554 3532 3617 argentum
3586 3549 3640 3599 et

2059 3658 2279 3709 aurum,
2309 3651 2363 3698 et
2392 3657 2460 3698 ex
2490 3640 2578 3697 bis
2606 3657 2868 3697 coronam
2901 3641 3201 3702 coniicere,
3242 3649 3295 3695 et
3325 3639 3530 3710 magni'
3551 3652 3640 3692 sa-

2057 3735 2300 3793 cerdotis
2332 3735 2517 3792 Josua:
2551 3743 2716 3807 caput
2746 3735 3030 3802 redimire,
3066 3741 3120 3792 et
3154 3734 3223 3790 ad
3257 3749 3382 3790 eum
3425 3732 3643 3788 divinos

2060 3841 2345 3883 sermones
2376 3825 2647 3897 perferre,
2678 3839 2743 3880 ac
2767 3824 2954 3882 dicere
2982 3843 2999 3880 :

2135 3999 2343 4071 1621
2373 3997 2544 4055 Vens.
2571 3999 2768 4065 12,15.
2799 4016 2819 4050 ι
2855 3995 2984 4054 Haec
3007 3996 3143 4052 dicit
3167 3995 3438 4051 Dominus
3459 3996 3642 4050 omni-

2060 4097 2256 4161 potens
2289 4105 2302 4142 :
2349 4089 2490 4144 Ecce
2522 4089 2631 4152 vir,
2666 4087 2862 4144 Oriens
2895 4101 3098 4142 nomen
3145 4085 3293 4155 ejus.
3344 4092 3397 4140 ct
3429 4085 3533 4141 sub
3577 4101 3644 4140 eo

2061 4179 2291 4243 orietur,
2315 4187 2370 4235 et
2399 4176 2698 4234 adiﬁcabit
2727 4177 2950 4233 domum
2980 4177 3219 4233 Domini.
3247 4175 3315 4230 Et
3342 4176 3460 4246 ipse
3489 4176 3641 4231 acci-

2060 4271 2172 4343 piet
2204 4271 2483 4337 virtutem,
2507 4278 2562 4326 et
2579 4269 2812 4334 sedebit,
2841 4277 2895 4325 et
2915 4268 3216 4340 imperabit
3242 4283 3410 4338 super
3435 4266 3658 4322 throno-

2063 4377 2202 4418 suo:
2235 4369 2288 4418 et
2319 4360 2426 4416 erit
2453 4359 2716 4416 sacerdos
2748 4376 2780 4415 a
2803 4359 3051 4415 dexteris
3077 4361 3220 4430 ejus,
3252 4369 3307 4414 et
3340 4357 3639 4412 consilium

2063 4451 2358 4524 paciﬁcum
2386 4452 2494 4506 erit
2519 4451 2662 4507 inter
2681 4459 3000 4522 utrumque.
3034 4471 3052 4502 ι
3091 4449 3288 4505 Omnia
3320 4456 3504 4503 autem
3531 4447 3646 4500 haec

375 4567 510 4623 ρων.
555 4568 576 4604 ι
628 4549 820 4605 Ταῦτα
861 4549 919 4604 δὲ
967 4551 1184 4605 ἅπαντα
1205 4551 1251 4584 θ’
1311 4551 1443 4622 περὶ
1497 4551 1593 4605 τοῦ
1645 4551 1952 4621 Ζοραϐάϐελ

2065 4545 2131 4602 de
2165 4543 2502 4600 Zorobabele
2534 4542 2821 4612 praedicit:
2859 4558 2968 4598 non
3003 4541 3135 4612 quia
3183 4542 3428 4596 nondum
3477 4548 3644 4594 natus

375 4639 761 4712 προαγορεύει,
816 4641 917 4710 οὺχ
963 4639 1040 4703 ὡς
1093 4639 1319 4710 μηδέπω
1371 4639 1676 4710 τεχθέντος,
1727 4640 1843 4694 ἀλλ’
1883 4641 1962 4705 ὡς

379 4729 606 4802 μηδέπω
659 4730 759 4801 τὴν
809 4729 1112 4799 ἡγεμονίαν
1163 4728 1588 4801 παρειληφότος.
1628 4728 1966 4799 ’Δνατολὴν

374 4822 435 4876 δέ
479 4822 648 4877 αὐτὸν
689 4821 970 4892 ὀνομάζει,
1021 4819 1212 4891 ἐπειδὴ
1257 4820 1412 4891 δίκην
1462 4819 1641 4890 φωτὸς
1677 4822 1792 4884 τοῖς
1825 4837 1968 4891 τηνι-

377 4912 508 4968 κάδε
535 4913 635 4984 τὴν
676 4913 1032 4984 Ἰερουσαλὴμ
1063 4912 1305 4966 οἰκοῦσιν
1335 4911 1630 4978 ἀνέτειλεν,
1661 4911 1841 4984 ἀωρίᾳ
1861 4927 1966 4965 κα-

377 5003 493 5062 κῶν
525 5005 623 5059 καὶ
661 5006 975 5078 σκοτομήνῃ
1008 5004 1416 5075 κατεχομένοις.
1450 5003 1654 5058 Τοῦτον
1681 5004 1830 5073 λέγει
1868 5004 1964 5058 καὶ

376 5094 474 5148 τὸν
499 5095 642 5150 θεῖον
670 5095 980 5150 τελειώσειν
1022 5090 1192 5158 οἰκον,
1230 5095 1472 5158 καὶτοῖς
1511 5095 1811 5165 βασιλικοῖς
1850 5096 1962 5149 ἐνι-

377 5184 781 5258 δρυσθήσεσθαι
808 5187 1044 5258 θρόνοις,
1073 5187 1279 5240 καὶτὸν
1305 5186 1573 5258 ἀρχιερέα
1595 5186 1776 5258 πάσης
1798 5185 1963 5250 ἀξιώ-

380 5294 497 5339 σειν
525 5279 714 5350 τιμῆς,
760 5279 856 5340 καὶ
884 5279 1154 5348 τοσαύτην
1189 5278 1337 5350 ,πρὸς
1379 5279 1541 5333 αὐτὸν
1572 5280 1794 5350 σχήσειν
1829 5279 1963 5351 ὁμό-

2064 4645 2233 4702 esset,
2287 4635 2386 4693 sed
2441 4635 2588 4706 quod
2643 4633 2887 4690 nondum
2950 4634 3246 4704 imperium
3305 4633 3640 4708 accepisset.

2069 4728 2339 4784 Orientem
2363 4743 2495 4783 vero
2532 4742 2656 4783 eum
2682 4726 2966 4792 nominat,
2996 4725 3258 4796 quoniam
3296 4724 3440 4780 lucis
3468 4727 3647 4798 instar

2065 4828 2292 4876 exortus
2321 4827 2407 4875 est
2453 4819 2774 4874 hominibus
2824 4832 2891 4872 eo
2921 4825 3170 4888 tempore
3205 4816 3646 4888 Hierosolymam

2066 4913 2464 4978 incolentibus,
2526 4911 2621 4984 qui
2676 4910 2892 4966 acerbis
2931 4911 3097 4966 malis
3157 4910 3644 4973 conﬂictabantur,

2065 5013 2122 5060 et
2159 5004 2218 5060 in
2253 5005 2492 5060 obscura
2518 5012 2680 5060 nocte
2708 5003 3092 5058 versabantur.
3128 5003 3294 5057 Hunc
3326 5001 3462 5057 dicit
3506 5001 3649 5056 divi-

2067 5111 2194 5151 nam
2224 5111 2444 5168 quoque
2475 5098 2694 5152 domum
2719 5097 3129 5161 absoluturum,
3157 5103 3213 5152 et
3235 5097 3291 5151 in
3323 5097 3477 5167 regio
3509 5096 3669 5151 solic-

2066 5203 2482 5252 consessurum,
2517 5203 2891 5259 magnumque
2938 5189 3292 5245 sacerdotem
3347 5189 3497 5243 omni
3547 5189 3648 5240 ho-

2066 5296 2201 5338 nore
2256 5281 2688 5345 cumulaturum,
2724 5286 2779 5335 et
2841 5288 2992 5335 tanta
3047 5295 3174 5336 cum
3239 5291 3304 5338 eo
3351 5263 3670 5335 concordia.

1684 5456 1918 5511 γΑῐιιΑε
1945 5453 2341 5514 LECTIONES.

485 5631 532 5665 ”
557 5632 752 5704 ﬁre-,0
788 5618 963 5704 praeui
1007 5631 1128 5704 τήν·

380 5703 428 5737 ιτ
465 5703 502 5756 Α
535 5702 819 5768 ἀνεϐόησε.
922 5702 967 5733 ια
997 5717 1050 5754 κ.
1077 5703 1160 5755 ἐκ.

382 5790 490 5898 ὅου
522 5774 582 5855 ἐν
613 5775 684 5845 γῇ
719 5773 903 5858 Βορῥᾶ
974 5772 1038 5858 ο⁹⁰

445 5843 697 5898 legimus.
737 5845 905 5898 bimi.
928 5858 1038 5896 αντ

445 5839 697 5916 legimus.
737 5839 905 5903 Si'rin.
928 5839 1118 5896 αὑτοῦ.
1169 5839 1311 5896 ἠρ
1336 5839 1532 5897 πάντα.

1198 5717 1284 5771 με.
1319 5698 1444 5754 Des.
1503 5701 1637 5756 ibid.

1213 5616 1290 5662 ’⁸³
1321 5647 1470 5686 ποικ.
1501 5647 1554 5684 κ.
1589 5633 1657 5685 οἱ.
1689 5631 1812 5687 Des.
1862 5633 1914 5688 in
1951 5634 2017 5691 Α.

2117 5633 2162 5665 ⁸⁸
2187 5635 2266 5700 ἐξ.
2307 5631 2418 5686 καί.
2471 5633 2600 5690 Des.
2656 5635 2790 5690 ibid.
2896 5635 2942 5668 ⁸⁸
2971 5597 3064 5690 καὶ
3194 5635 3318 5704 γῆν.
3348 5635 3474 5691 Des.
3499 5637 3555 5690 in
3581 5636 3649 5690 Α.

1745 5703 1789 5736 ⁸⁸
1814 5704 1971 5776 ἀνέπ.
2004 5733 2076 5776 -—_
2105 5704 2302 5776 βορρᾶ.Δ
2338 5704 2461 5759 Des.
2530 5706 2582 5758 in
2623 5704 2683 5769 C,
2711 5707 2805 5762 sed
2841 5705 2886 5761 Α
2932 5706 3103 5776 liabet
3147 5703 3324 5776 ἀνέιις.Δ
3357 5706 3448 5776 τον
3481 5706 3652 5776 θυμόν

1095 5770 1364 5846 asp}:—
1393 5771 1610 5846 _’l&siou.
1643 5772 1769 5830 Haec
1796 5775 2014 5842 nomina
2046 5770 2248 5832 (lesii'n
2277 5773 2344 5842 A,
2379 5781 2594 5833 exstant
2621 5784 2800 5834 autem
2848 5777 2902 5833 in
2928 5775 3120 5834 Barb..
3167 5777 3208 5809 ’⁸
3249 5774 3492 5846 alit-Ita
3523 5770 3654 5840 cina
