4090 6420
474 395 608 463 19οἹ
1051 427 1053 429 ί
1434 399 1923 462 THEODORETI
1975 399 2316 461 EPISCOPI
2371 401 2736 463 CYHENSIS
3396 419 3398 421 ’
3588 397 3726 468 1908

467 506 750 560 victurum
781 519 925 570 esse,
985 513 1047 560 ut
1080 503 1216 561 nihil
1272 503 1381 562 nisi
1429 521 1498 561 ex
1555 506 1708 564 illius
1757 507 2040 564 sententia

2159 524 2316 575 mav,
2366 508 2443 573 ὡς
2496 509 2664 580 μηδὲν
2701 506 2825 581 δίχα
2872 507 2974 580 τῆς
3020 506 3232 564 ἐκείνου
3274 508 3500 580 γνώμης
3525 509 3725 581 δράσαι

469 597 719 654 facturus
773 597 868 653 sit.
928 595 1042 669 [14]
1077 595 1194 652 Non
1255 594 1342 652 bis
1399 604 1581 652 autem
1635 597 1906 653 duntaxat
1936 599 2044 654 ista

2159 597 2296 652 κοτέ.
2329 599 2405 654 Ού
2439 599 2599 670 μόνον
2627 599 2686 653 δὲ
2715 597 2928 662 τούτοις
2953 599 3126 653 ταῦτα
3155 598 3447 669 ὑπέσχετο,
3468 599 3607 652 ἀλλὰ
3629 598 3726 654 καὶ

467 688 752 757 pollicitus
781 697 888 750 est,
919 685 1016 743 sed
1039 687 1207 742 etiam
1226 686 1744 744 immarcescibilem
1777 703 2042 744 coronam

2159 690 2258 753 rei;
2304 689 2638 761 ὑπομένουσι
2683 690 2778 745 τὸν
2817 690 3011 764 ἀγήρω
3043 689 3326 760 στέφανον,
3365 689 3459 756 οὓς
3507 690 3726 760 χρησι-

439 856 441 858 η
467 780 946 852 exspectantibus,
983 795 1126 851 quos
1151 780 1309 835 utiles
1344 788 1394 835 et
1423 781 1513 852 qui
1541 791 1898 851 cognoverunt
1924 798 2045 836 eam

439 859 650 928 'vocat.
683 871 915 927 Corona;
944 879 1127 928 autem
1159 873 1446 927 materiam
1471 874 1841 944 suppeditavit
1864 872 2045 929 Josias

468 963 618 1020 ﬁlius
651 963 967 1034 Sophoniae,
994 963 1088 1034 qui
1118 963 1245 1019 inde
1274 963 1505 1036 gloriam
1535 973 1887 1035 assequetur.
1929 963 2045 1018 lloc

466 1057 613 1113 enim
633 1063 721 1113 est
749 1056 896 1126 quod
927 1053 1107 1112 dixit:
1158 1075 1176 1107 ι
1215 1055 1288 1112 Et
1320 1056 1375 1111 in
1413 1058 1644 1127 gratiam
1698 1057 1793 1110 lilii
1831 1056 2048 1126 Sopho-

467 1147 595 1204 nie.
635 1166 653 1200 ι
691 1147 885 1203 Postea
919 1147 988 1203 de
1021 1147 1225 1203 divinis
1247 1147 1407 1203 etiam
1443 1149 1582 1204 locis
1621 1150 1790 1204 verba
1825 1148 1998 1204 facit:

546 1257 567 1292 ι
603 1238 672 1294 Et
709 1240 764 1294 in
813 1240 1085 1312 psalmum
1128 1239 1184 1294 in
1229 1239 1394 1296 domo
1443 1239 1682 1294 Domini.
1729 1239 1919 1310 (Vens.
1967 1238 2047 1310 5.)

469 1331 540 1387 Et
567 1334 668 1402 qui
697 1331 858 1400 longe
897 1338 1027 1386 sunt
1053 1331 1122 1386 ab
1153 1331 1224 1387 iis
1254 1331 1497 1394 venient,
1525 1340 1579 1387 et
1612 1329 1962 1384 aadiﬁcabunt
1992 1330 2049 1384 in

467 1423 636 1480 domo
679 1422 898 1478 Domini
930 1440 943 1476 :
982 1431 1039 1478 et
1067 1422 1419 1494 cognoscetis
1454 1421 1744 1476 Dominum
1795 1422 2050 1492 omnipo-

470 1525 678 1572 tentem
710 1515 931 1572 misisse
961 1531 1048 1570 me
1074 1514 1142 1569 ad
1175 1530 1296 1570 vos.
1333 1533 1351 1566 ι
1386 1513 1506 1568 Non
1550 1514 1700 1569 enim
1731 1530 1833 1570 vos
1885 1513 2049 1570 modo

471 1617 774 1679 praesentes
815 1608 930 1666 haec
977 1606 1214 1672 facietis,
1266 1623 1458 1663 verum
1507 1608 1673 1663 etiam
1711 1607 1805 1679 qui
1853 1606 2050 1678 procul

474 1717 505 1756 a
534 1701 690 1758 vobis
718 1701 1005 1766 habitant,
1036 1700 1282 1772 undique
1325 1709 1682 1765 concurrent,
1718 1710 1773 1757 et
1803 1716 2053 1756 commu-

474 1793 624 1850 niter
665 1792 960 1849 vobiscum
1008 1807 1107 1849 nos
1141 1793 1406 1864 pulchros
1446 1793 1668 1849 labores
1717 1791 2044 1862 suscipient.

2140 801 2296 852 μους
2332 783 2432 838 καί
2464 784 2876 857 ἐπεγνωκότᾳς
2903 781 3100 849 αὐτὴν
3127 781 3402 852 ὀνομάζει.
3433 783 3547 850 Καὶ
3585 784 3615 835 ὁ
3643 782 3723 853 τῷ

2148 875 2399 947 στεφάνῳ
2428 875 2486 930 δὲ
2515 876 2834 948 χορηγήσας
2879 875 2980 940 τὰς
3010 875 3162 941 ὕλας,
3208 874 3418 938 Ἰωσίας
3441 875 3472 928 ό
3505 872 3602 928 τοῦ
3630 875 3729 927 Eo-

2148 969 2331 1038 φονίου
2355 1009 2371 1033 ,
2425 968 2484 1031 ὃς
2504 969 2551 1001 ⁸³
2582 968 2687 1038 τῆς
2737 967 2986 1022 ἐντεῦθεν
3033 967 3288 1032 εύκλείας
3328 967 3726 1036 ἀξιωθήσεταιο

2145 1057 2305 1112 τοῦτο
2333 1058 2443 1129 γὰρ
2481 1054 2603 1112 εἷπε
2624 1075 2638 1091 ο
2681 1078 2701 1112 ι
2744 1059 2858 1114 Καὶ
2895 1061 2976 1123 είς
3007 1062 3207 1132 χάριτα
3239 1059 3355 1114 υἱοῦ
3383 1059 3662 1129 Σοφονίου.
3703 1079 3724 1112 ι

2149 1147 2283 1205 Εἶτα
2321 1153 2416 1205 καὶ
2450 1152 2581 1224 περὶ
2605 1151 2716 1206 τῶν
2749 1151 2912 1207 θείων
2937 1153 3088 1223 λέγει
3110 1152 3157 1187 ⁸⁸
3181 1153 3396 1224 χωρῶν.

2224 1259 2244 1293 ι
2281 1241 2392 1295 Καὶ
2420 1243 2501 1307 είς
2542 1242 2759 1314 ψαλμὸν
2786 1244 2846 1298 ὲν
2893 1244 3027 1316 οῖκῳ
3075 1243 3311 1316 Κυρίου.
3361 1241 3496 1314 (ιε’.)
3542 1241 3653 1296 Καὶ
3678 1243 3730 1296 οῖ

2153 1333 2373 1406 μακρὰν
2399 1333 2494 1388 ἀπ’
2517 1333 2700 1389 αὐτῶν
2728 1333 2944 1405 ἥξουσι,
2972 1335 3070 1388 καὶ
3089 1334 3536 1406 οίκοδομὴσουσιν
3567 1334 3624 1384 ὲν
3652 1331 3732 1403 τῷ

2149 1427 2286 1496 οῐκῳ
2315 1425 2520 1496 Κυρίου
2542 1442 2556 1456 ·
2589 1425 2686 1478 καὶ
2727 1424 3008 1494 γνώσεσθε
3056 1425 3138 1479 ὅτι
3169 1423 3376 1496 Κύριος
3423 1423 3734 1494 παντοκρά-

2150 1533 2266 1589 τωρ
2295 1515 2668 1581 ὲξαπέσταλκέ
2688 1517 2735 1548 ⁸⁵
2767 1533 2838 1587 με
2875 1514 3014 1587 πρὸς
3055 1515 3221 1587 ὑμᾶς.
3255 1534 3275 1568 ι
3309 1515 3385 1570 Ού
3428 1513 3538 1586 γὰρ
3571 1513 3734 1584 μόνον

2153 1607 2315 1678 ὑμεῖς
2349 1607 2399 1660 οί
2431 1606 2702 1678 παρόντες
2739 1606 2912 1661 ταῦτα
2948 1606 3200 1677 δράσετε,
3233 1605 3372 1661 ἀλλὰ
3393 1607 3489 1659 καὶ
3516 1608 3566 1658 οί
3600 1605 3737 1690 πόρ-

2156 1697 2328 1767 ρωθεν
2371 1697 2526 1767 ὑμῶν
2578 1696 2858 1760 οἰκοῦντες
2902 1697 3244 1768 πανταχόθεν
3277 1695 3736 1768 συνδραμοῦνται,

2154 1787 2396 1843 καὶτῶν
2439 1787 2624 1842 καλῶν
2671 1788 2800 1859 ὑμῖν
2845 1787 3053 1842 τούτων
3087 1788 3484 1858 κοινωνήσουσι
3530 1786 3735 1842 πόνων.

479 1902 500 1936 ι
534 1883 599 1940 Et
625 1884 753 1948 erit,
814 1884 862 1940 si
919 1857 1212 1940 audientes
1263 1882 1553 1940 audieritis
1589 1898 1781 1939 vocem
1829 1857 2044 1938 Domini

2159 1897 2178 1930 ι
2214 1881 2328 1935 Καὶ⁸
2369 1880 2543 1946 ἔσται,
2581 1879 2680 1934 ἐὰν
2709 1857 3000 1944 άκούοντες
3024 1881 3072 1913 ⁸⁸
3097 1857 3455 1951 είσακούσητε
3484 1879 3584 1950 τῆς
3617 1896 3738 1944 φω-

473 1973 572 2031 Dei
603 1973 795 2030 vestri.
835 1992 855 2026 ι
891 1971 1017 2028 Hrec
1041 1981 1247 2042 autem,
1273 1973 1474 2045 inquit,
1511 1973 1726 2045 1622
1781 1981 1949 2029 erunt
1997 1979 2054 2026 et

473 2070 543 2124 ad
573 2067 992 2124 convenientem
1038 2065 1202 2122 ﬁnem
1236 2065 1582 2136 pervenient,
1620 2065 1667 2120 si
1717 2078 1817 2120 vos
1846 2061 2052 2119 divinis

474 2160 835 2222 sermonibus
868 2159 1192 2232 parueritis.

1074 2247 1307 2306 CAPUT
1334 2246 1450 2302 VII.

546 2337 718 2397 Vens.
774 2339 883 2396 l-3.
941 2358 960 2394 ι
997 2337 1064 2394 Et
1114 2338 1324 2395 factum
1359 2348 1444 2395 est
1500 2353 1648 2394 anno
1712 2348 1911 2409 quarto
1951 2337 2055 2393 sub

478 2431 647 2488 Dario
670 2447 819 2505 rege,
869 2431 1052 2490 factus
1087 2441 1174 2488 est
1223 2447 1407 2488 sermo
1437 2431 1695 2486 Domini‘
1729 2431 1798 2486 ad
1846 2431 2057 2485 Zacha-

475 2524 614 2578 riam
662 2533 861 2594 quarto
910 2523 1000 2580 die
1044 2524 1254 2580 mensis
1311 2523 1466 2588 noni,
1517 2524 1614 2594 qui
1673 2531 1760 2579 est
1817 2523 2054 2579 Chasleu

477 2613 663 2685 (quem
697 2628 801 2669 nos
827 2612 1120 2684 Apelleum
1148 2612 1454 2681 vocamus).
1490 2613 1556 2668 Et
1589 2613 1740 2669 misit
1772 2612 2053 2669 Bethelem

479 2704 713 2761 Sarasar
744 2713 800 2761 et
829 2707 1098 2762 Arbeseer
1129 2721 1246 2771 rex,
1274 2713 1330 2761 et
1357 2705 1462 2760 viri
1497 2706 1590 2776 qui
1614 2721 1743 2761 cum
1776 2721 1842 2762 eo
1871 2713 2052 2770 erant,

478 2805 538 2852 ut
567 2797 962 2868 deprecaretur
1015 2797 1333 2864 Dominum,
1367 2799 1563 2854 dicens
1617 2800 1683 2854 ad
1735 2799 2058 2855 sacerdotes

477 2887 678 2944 domus
711 2888 930 2943 Domini
953 2890 1375 2959 omnipotentis,
1415 2897 1468 2944 et
1497 2889 1563 2943 ad
1595 2889 1892 2960 prophetas
1925 2890 2052 2943 :-An

478 2976 726 3048 ingressa
775 2983 862 3033 est
918 2977 1030 3032 huc
1063 2977 1120 3031 in
1159 2993 1352 3034 mense
1411 2977 1606 3047 quinto
1663 2978 2054 3043 sanctiﬁcatio,
2099 3019 2107 3031 .

479 3081 576 3126 aut
599 3070 862 3140 jejunabo
889 3071 1036 3126 sicut
1063 3070 1164 3126 feci
1188 3070 1301 3141 jam
1332 3070 1522 3127 multis
1538 3071 1736 3127 annis?
1756 3090 1774 3123 ι
1807 3071 1916 3127 llos
1947 3070 2060 3125 Cu-

2154 1973 2251 2044 νῆς
2274 1972 2480 2044 Κυρίου
2502 1971 2597 2026 τοῦ
2620 1971 2759 2026 Θεοῦ
2783 1971 2961 2044 ὑμῶν.
2989 1991 3008 2027 ι
3037 1971 3226 2026 Ταῦτα
3246 1972 3326 2037 δὲ,
3353 1971 3538 2042 φησὶν,
3557 1969 3738 2036 ἔσται,

2155 2064 2251 2119 καὶ
2277 2065 2338 2118 τὸ
2365 2065 2640 2136 προσῆκον
2662 2062 2874 2129 δέξεται
2902 2064 3100 2135 πέρας,
3125 2063 3221 2118 ἐὰν
3245 2063 3403 2135 ὑμεῖς
3429 2064 3544 2128 τοῖς
3568 2060 3740 2126 θείοις

2155 2155 2506 2224 ύπακούσητε
2543 2155 2741 2224 λόγοις.

2691 2245 3094 2302 ΚΕΦᾹΛΑΙΟΝ
3129 2244 3204 2301 Z'.

2227 2339 2298 2408 α’,
2313 2346 2384 2410 γ’.
2409 2359 2426 2392 ι
2455 2339 2565 2394 Καὶ
2581 2338 2800 2409 ἐγένετο
2825 2340 2884 2393 ὲν
2903 2338 2980 2410 τῷ
2995 2337 3242 2410 τετάρτῳ
3258 2337 3368 2391 ἔτει
3389 2337 3482 2390 ἐπὶ
3507 2334 3741 2407 Δαρείου

2156 2432 2249 2488 τοῦ
2292 2431 2578 2502 βασιλέως,
2623 2431 2842 2500 ἐγένετο
2866 2430 3027 2500 λόγος
3055 2430 3268 2502 Κυρίου
3291 2429 3430 2500 πρὸς
3457 2426 3740 2499 Ζαχαρίαν

2157 2525 2375 2597 τετράδι
2403 2523 2501 2578 τοῦ
2541 2523 2712 2596 μηνὸς
2738 2522 2834 2576 τοῦ
2861 2522 3084 2577 ὲννάτου
3104 2522 3172 2587 ⁸⁷,
3211 2522 3271 2585 ὃς
3303 2521 3421 2574 ἔστι
3447 2517 3667 2574 Χασλεῦ
3689 2519 3740 2551 ⁹⁶

2160 2617 2241 2690 (ὃν
2271 2618 2431 2688 ἡμεῖς
2464 2614 2814 2670 Ἀπέλλαιον
2836 2611 3197 2684 ὀνομάζομεν)
3219 2625 3234 2640 ·
3269 2609 3380 2664 Καὶ
3409 2608 3730 2663 ἀπέστειλεν

2159 2711 2239 2774 είς
2264 2708 2439 2779 Βεθὴλ
2468 2706 2728 2778 Σαρασὰρ
2755 2706 2850 2760 καὶ
2892 2703 3182 2775 ’Δρϐεσεὲρ
3203 2704 3247 2736 θ’
3281 2704 3310 2756 ὁ
3344 2700 3618 2773 βασιλεὺς,
3641 2699 3738 2753 καὶ

2157 2803 2208 2855 οἰ
2242 2800 2435 2871 ἄνδρες
2465 2799 2515 2852 οί
2547 2799 2665 2869 μετ’
2691 2799 2708 2829 ⁸
2755 2796 2940 2863 αὐτοῦ,
2979 2793 3331 2862 ἐξιλάσασθαι
3377 2793 3467 2846 τὸν
3511 2791 3737 2862 Κύριον,

2159 2893 2333 2961 λέγων
2380 2890 2518 2963 πρὸς
2555 2890 2682 2952 τοὺς
2735 2889 2901 2959 ίερεῖς
2946 2888 3076 2951 τοὺς
3121 2887 3179 2940 ὲν
3230 2885 3308 2956 τῷ
3348 2884 3484 2952 οἴκῳ
3529 2882 3740 2954 Κυρίου

2161 2982 2622 3053 παντοκράτορος,
2646 2981 2739 3034 καὶ
2769 2979 2904 3051 πρὸς
2921 2979 3049 3043 τοὺς
3079 2977 3366 3049 προφήτας
3389 2977 3431 3028 ⁸.
3464 2975 3526 3028 Ei
3550 2971 3739 3040 είσῆλ-

2160 3073 2252 3127 θεν
2279 3071 2300 3104 ³
2328 3065 2432 3126 ὦδε
2478 3073 2536 3124 ὲν
2584 3068 2661 3140 τῷ
2705 3067 2942 3139 πέμπτῳ
2963 3066 2985 3098 ⁸
3026 3065 3161 3138 μηνὶ
3185 3065 3248 3118 τὸ
3279 3063 3548 3133 ἁγίασμα,
3575 3060 3608 3130 ἢ
3643 3076 3742 3130 νη-

477 3163 749 3218 ιιιωοτυω
789 3179 820 3221 a
866 3164 1256 3219 Salmanasarc
1297 3164 1353 3219 in
1401 3163 1710 3220 Samariam
1760 3163 2057 3220 translato-

2163 3161 2414 3217 στεύσω³
2451 3159 2640 3214 καθότι
2685 3157 2921 3230 ἐποίησα
2945 3159 2966 3190 ⁸
3020 3155 3122 3228 ἡδη
3169 3153 3333 3208 ἱκανὰ
3362 3151 3498 3221 Ern;
3541 3168 3568 3257 ἰ
3587 3147 3742 3257 ΙΤού-

480 3267 605 3308 rum
632 3261 688 3308 et
736 3252 970 3307 aliarum
1007 3254 1278 3324 gentium,
1327 3270 1467 3325 quas
1508 3255 1713 3326 posteri
1749 3255 2057 3310 Samaritas

479 3346 918 3418 appellaverunt,
949 3347 1119 3402 duces
1147 3346 1370 3417 quidam
1401 3362 1524 3402 esse
1548 3347 1829 3402 dixerunt.
1855 3345 2056 3402 Verum

478 3439 596 3497 sive
625 3438 886 3503 istorum,
923 3439 1042 3496 sive
1093 3439 1325 3494 aliarum
1391 3442 1645 3511 gentium
1687 3441 1845 3510 (nihil
1908 3440 2056 3496 enim

480 3538 672 3603 aperte
723 3546 827 3588 nos
856 3531 1049 3588 docuit
1089 3531 1279 3587 divina
1313 3531 1643 3605 Scriptura),
1702 3531 2058 3588 manifestum

479 3630 569 3682 est
607 3623 949 3695 alienigenas
991 3621 1166 3681 fuisse
1215 3624 1310 3694 qui
1353 3624 1684 3695 alienigenis
1739 3631 2057 3693 praeerant:

480 3715 579 3775 sed
614 3723 797 3770 tamen
827 3724 889 3770 ut
919 3715 1124 3770 accola:
1154 3715 1326 3771 vicini
1379 3731 1636 3787 magnam
1695 3715 1994 3770 utilitatem
2030 3728 2062 3768 a

484 3803 776 3874 prophetis
807 3812 863 3859 et
892 3802 962 3859 ab
1012 3803 1138 3860 aliis
1168 3804 1276 3876 piis
1309 3813 1595 3876 ceperunt.
1646 3804 1804 3861 Unde
1854 3803 2060 3859 factum

482 3891 589 3949 fuit
615 3903 677 3950 ut
702 3894 960 3952 miserint
987 3895 1257 3952 sacriﬁcia
1289 3895 1422 3960 Deo,
1451 3905 1506 3951 et
1530 3897 1846 3967 optaverint
1888 3896 2057 3950 intel-

482 3987 653 4059 ligere
683 4002 714 4042 a
741 3987 1128 4046 sacerdotibus
1160 3996 1216 4046 et
1245 4005 1274 4044 a
1310 3989 1597 4061 prophetis
1624 4005 1692 4044 an
1723 3989 2062 4046 convenien-

483 4086 566 4134 ter
592 4077 781 4136 divina
797 4079 996 4136 domus
1018 4089 1213 4137 ornata
1240 4089 1412 4149 esset,
1429 4096 1498 4136 an
1516 4097 1646 4138 vero
1663 4090 1946 4154 oporteret
1968 4097 2064 4152 per

477 4166 694 4238 jejunia
720 4184 918 4228 rursus
951 4168 1128 4226 Deum
1179 4171 1426 4241 placare,
1457 4172 1608 4242 quod
1640 4171 1833 4242 perdiu
1881 4171 2065 4227 facere

483 4261 852 4332 perstitimus.
912 4261 994 4334 [4]
1055 4261 1184 4318 Haec
1216 4263 1327 4319 illis
1389 4265 1871 4334 percontantibus,
1917 4263 2064 4319 Deus

484 4351 875 4408 universorum
905 4353 976 4408 ad
1027 4355 1290 4425 populum
1331 4371 1643 4411 sermonem
1693 4355 1955 4419 instituit,
1990 4355 2066 4411 si-

485 4443 712 4516 mulque
735 4444 868 4502 illos
895 4444 1027 4518 quid
1067 4448 1338 4517 agendum
1365 4448 1439 4504 sit
1473 4448 1657 4514 docet,
1680 4447 1874 4504 dicens
1904 4464 1920 4504 :

497 4771 501 4775 .
558 4718 730 4776 Vens.
749 4719 804 4783 5,
825 4718 881 4776 6.
907 4737 928 4770 ι
957 4719 1054 4775 Dic
1075 4719 1143 4775 ad
1174 4735 1394 4777 omnem
1421 4735 1681 4792 populum
1711 4728 1892 4788 terrae,
1911 4729 1966 4778 et
1996 4724 2067 4780 ad

491 4809 708 4883 1623
735 4807 1076 4874 sacerdotes,
1108 4809 1340 4866 dicens:
1373 4808 1429 4864 Si
1461 4809 1734 4881 jejunatis
1776 4819 1870 4865 aut
1909 4811 2066 4881 plan-

490 4900 624 4970 gitis
659 4899 714 4954 in
741 4897 936 4970 quinto
983 4905 1039 4954 et
1097 4899 1332 4969 septimo
1383 4897 1640 4968 (mense),
1695 4905 1750 4954 et
1798 4914 1930 4957 ecce
1969 4916 2069 4972 per

491 4990 842 5061 septuaginta
896 5005 1098 5055 annos,
1146 4991 1399 5061 nunquid
1451 4989 1725 5062 jejunium
1773 4992 2068 5062 jejunastis

491 5079 626 5136 mihi
647 5080 672 5133 ἳ
691 5078 757 5133 Et
773 5081 822 5135 si
843 5081 1134 5137 comeditis
1161 5090 1257 5137 aut
1289 5083 1500 5149 bibitis,
1532 5099 1719 5140 nonne
1755 5101 1853 5142 vos
1884 5102 2072 5144 come-

2163 3272 2292 3318 τους
2315 3253 2460 3315 τινὲς
2483 3251 2592 3305 τῶν
2619 3249 2725 3303 ὑπὸ
2765 3248 2860 3303 τοῦ
2893 3246 3260 3319 Σαλμανασὰρ
3292 3239 3747 3315 μετοικισθέντων

2162 3345 2448 3402 Χουθαίων
2479 3360 2540 3397 τε
2576 3343 2672 3396 καὶ
2705 3341 2815 3395 τῶν
2843 3340 3022 3395 ἄλλων
3055 3337 3248 3404 ἐθνῶν,
3278 3335 3372 3400 οὒς
3401 3330 3746 3405 Σαμαρείτας

2163 3442 2214 3494 οἱ
2248 3438 2387 3509 μετὰ
2417 3435 2590 3490 ταῦτα
2634 3431 3173 3505 προσηγορεύκασιν,
3215 3429 3496 3500 ἡγεμόνας
3535 3426 3748 3495 ἔφασαν

2165 3527 2325 3585 εἶναι.
2359 3527 2485 3582 Εἴτε
2514 3526 2572 3580 δὲ
2593 3525 2818 3589 τούτων,
2857 3524 2967 3578 είτε
2991 3523 3168 3578 ἄλλων
3201 3519 3372 3574 ὲθνῶν
3399 3519 3483 3590 (οὐ
3509 3519 3616 3590 γὰρ
3637 3517 3749 3570 ὲδίο

2164 3621 2325 3688 δαξεν
2359 3619 2506 3690 ἡμᾶς
2535 3619 2568 3688 ἡ
2597 3615 2715 3670 θεία
2737 3615 2976 3687 Γραφὴ),
2995 3613 3153 3685 δῆλον
3176 3612 3253 3676 ὡς
3280 3609 3570 3679 ἀλλόφυλοι
3593 3607 3750 3670 ὄντες

2166 3711 2480 3782 ἀλλοφύλων
2517 3709 2774 3781 ἡγοῦντο·
2813 3708 2928 3762 ἀλλ’
2962 3709 3112 3778 ὅμως
3147 3708 3214 3759 ἐκ
3245 3703 3501 3774 γειτόνων
3531 3697 3752 3754 οἰκοῦν-

2165 3823 2259 3871 τες
2311 3803 2511 3875 πολλὴν
2549 3801 2701 3873 παρὰ
2736 3800 2847 3853 τῶν
2911 3797 3205 3871 προφητῶν
3265 3796 3360 3850 καὶ
3409 3793 3519 3847 τῶν
3567 3791 3750 3845 ἄλλων

2167 3898 2407 3955 εὐσεϐῶν
2432 3895 2699 3966 ὠφέλειαν
2728 3891 3009 3957 ἐδέξαντοο
3065 3889 3187 3943 ὅθεν
3215 3887 3405 3950 θυσίας
3431 3881 3750 3953 ἐξέπεμψαν

2168 3993 2248 4064 τῷ
2271 3988 2413 4061 Θεῷ,
2446 3987 2542 4042 καὶ
2567 3984 2760 4058 μαθεῖν
2791 3982 2948 4054 παρὰ
2973 3981 3085 4036 τῶν
3115 3978 3306 4052 ἱερέων
3335 3977 3431 4031 καὶ
3458 3972 3611 4046 παρὰ
3638 3970 3753 4064 τῶν

2171 4063 2468 4156 προφητῶν
2511 4078 2813 4148 ἐπόθησαν,
2857 4077 2907 4129 εί
2956 4074 3048 4128 τὸν
3093 4065 3440 4143 προσήκοντα
3472 4066 3678 4136 κόσμον
3721 4063 3751 4115 ἑ

2171 4178 2312 4241 θεῖος
2343 4172 2618 4229 ἀπέλαϐεν
2668 4165 2855 4236 οἶκος,
2905 4168 2939 4238 ἢ
2963 4169 2982 4199 ⁷
3019 4167 3119 4230 δεῖ,
3151 4165 3311 4244 φησὶ,
3359 4161 3450 4216 διὰ
3494 4156 3754 4230 νηστείας

2171 4270 2335 4324 πάλιν
2386 4261 2780 4332 ὲξιλεώσασθαι
2828 4259 2920 4315 τὸν
2971 4259 3124 4326 Θεὸν,
3163 4259 3302 4325 ὅπερ
3354 4252 3448 4307 ἐπὶ
3499 4250 3750 4304 πλεῖστον

2169 4363 2408 4435 δρῶντες
2451 4355 2855 4426 διετελέσαμεν.
2903 4352 3092 4408 Ταῦτα
3134 4350 3359 4406 ἐκείνων
3401 4343 3753 4435 πυθομένων,

2172 4428 2411 4508 ποιεῖται
2467 4449 2566 4520 μὲν
2613 4448 2642 4501 ὁ
2695 4445 2808 4500 τῶν
2839 4444 2978 4499 ὅλων
3015 4440 3148 4504 Θεδς
3182 4439 3318 4511 πρὸς
3356 4437 3446 4491 τδν
3491 4433 3622 4487 λαὸν
3651 4428 3753 4500 τὴν

2099 4554 2142 4608 D
2170 4545 2404 4612 διάλεξιν
2422 4558 2437 4574 ⁸
2472 4541 2562 4596 διὰ
2589 4538 2798 4594 τούτων
2821 4537 2879 4594 δὲ
2901 4535 3187 4598 κάκείνους
3212 4533 3275 4586 τδ
3302 4527 3578 4601 πρακτέον
3609 4524 3758 4580 διδά-

2176 4654 2295 4694 σκει
2314 4652 2328 4668 ο
2358 4633 2494 4706 φησὶ
2519 4631 2630 4702 γάρ
2647 4645 2663 4660 ⁶

2246 4735 2309 4796 ε’,
2347 4725 2422 4792 ς’.
2463 4744 2484 4778 ι
2524 4722 2664 4778 Είπὶ
2697 4720 2836 4794 πρὸς
2882 4719 3062 4774 πάντα
3089 4718 3181 4772 τὸν
3212 4717 3342 4772 λαὸν
3373 4714 3477 4783 τῆς
3505 4711 3612 4784 γῆς
3654 4707 3755 4762 καὶ

2173 4820 2311 4891 πρὸς
2343 4817 2471 4879 τοὺς
2524 4815 2715 4886 ῑερεῖς,
2766 4812 2977 4882 λέγων’
3031 4809 3158 4864 Ἐὰν
3202 4807 3558 4879 νηστεύσητε,
3591 4802 3626 4873 ἡ
3655 4799 3755 4854 κόν

2173 4909 2352 4983 ψητε⁸
2384 4909 2442 4962 έν
2480 4907 2558 4976 τῷ
2589 4904 2829 4976 πέμπτῳ
2857 4903 2953 4956 καὶ
2978 4903 3038 4955 ὲν
3075 4901 3154 4973 τῷ
3188 4900 3401 4970 ἑϐδόμῳ
3423 4899 3470 4962 ',
3510 4893 3608 4950 καὶ
3638 4892 3752 4946 ἰδοὺ

2176 5001 2552 5072 ἑϐδομήκοντα
2597 4995 2718 5066 ἔτη,
2765 4993 2841 5064 μὴ
2889 4993 3142 5064 νηστείαν
3183 4986 3582 5062 νενηστεύκατέ
3623 4999 3752 5056 μοις

2177 5093 2292 5147 Καὶ
2345 5089 2442 5142 ἐὰν
2473 5087 2708 5157 φάγητε,
2754 5084 2788 5154 ἢ
2837 5084 3019 5154 πίητε,
3061 5083 3160 5153 οὐχ
3204 5083 3362 5153 ὑμεῖς
3403 5077 3633 5142 ἐσθίετε,
3659 5075 3758 5128 καὶ

493 5170 628 5227 ditis
672 5179 728 5224 et
773 5169 1012 5228 bibitis?
1046 5193 1065 5226 ι
1100 5173 1308 5238 Nolite,
1363 5175 1568 5246 inquit,
1619 5176 1936 5235 existimare
1985 5195 2057 5236 ιη(

2175 5183 2356 5236 πίνετε
2382 5181 2464 5247 ¹⁰;
2496 5197 2516 5232 ι
2551 5177 2643 5247 Μὴ
2675 5173 2874 5241 οἴεσθε,
2909 5174 3110 5244 φησὶν,
3140 5173 3265 5244 ἐμοί
3309 5189 3364 5224 τι
3411 5169 3603 5242 κέρδος
3643 5167 3754 5221 ἀπὸ

494 5277 562 5320 ex
592 5259 808 5334 jejunio
838 5275 1022 5320 vestro
1050 5267 1405 5322 commodum
1435 5268 1662 5341 aliquod
1687 5284 1918 5342 capere:
1942 5287 2057 5327 nan

2174 5275 2274 5344 τῆς
2303 5269 2578 5345 ὑμετέρας
2614 5263 2862 5340 πορίζειν
2893 5262 3180 5336 νηστείας·
3212 5262 3320 5319 κᾶν
3351 5261 3460 5333 γὰρ
3490 5257 3756 5333 μυριάκις

1805 5448 2044 5506 νΑιιιΑς
2083 5449 2495 5509 LECTIONES.

567 5596 617 5674 ξ’
630 5598 721 5674 ἐς.
756 5597 883 5674 Des.
910 5599 964 5656 in
1126 5600 1192 5674 _'_"
1289 5603 1563 5674 προλέγει.

1671 5606 1718 5639 ³⁸
1755 5606 1793 5659 Α
1844 5605 2176 5660 ἀπέσταλκε.

2277 5608 2325 5640 ⁸⁸
2350 5607 2392 5660 Δ
2432 5603 2827 5670 είσακούοντες.
2925 5604 2974 5637 "
3003 5603 3084 5658 ἒν.
3113 5603 3157 5659 Δ
3193 5602 3397 5664 ἕκτουη
3434 5605 3494 5670 ut
3527 5597 3757 5670 in__Add.

495 5667 604 5746 ’_'_A.
629 5669 903 5746 migrasti1
942 5673 1018 5746 _”
1049 5671 1092 5726 A
1124 5664 1349 5746 Ἀρϐὰοί
1369 5664 1560 5745 σαγέρ.
1601 5677 1618 5707 ¹
1652 5675 1701 5727 οί
1727 5676 1864 5746 μετ’.
1889 5674 2015 5730 Des.
2051 5678 2103 5730 in
2134 5679 2179 5729 Α
2275 5680 2297 5710 ¹
2321 5695 2418 5746 πρ.
2439 5677 2484 5746 Δ
2504 5675 2653 5731 addit
2674 5664 2867 5744 λέγῶν.
2947 5674 3036 5746 ³-Α
3057 5669 3545 5746 εἰσελήλυθε-ντϐμεί
3573 5664 3760 5746 ᾗλθεν.

496 5737 657 5844 εἴριον.
689 5737 829 5794 Num
869 5739 1010 5796 ﬂebo
1043 5737 1232 5799 mense
1253 5737 1467 5826 quinto,
1503 5737 1808 5814 separando
1835 5761 1940 5830 me.
2015 5746 2038 5777 ⁸
2067 5747 2321 5819 πέμπτῳ.
2354 5737 2397 5800 Ᾱ
2427 5745 2592 5815 ἕκτῳ.
2666 5747 2688 5778 ⁸
2721 5737 2943 5871 imor.
2977 5744 3099 5831 Des.
3128 5744 3184 5797 in
3215 5737 3283 5797 Α.

549 5807 684 5863 Cet.
754 5809 778 5842 '
808 5809 855 5866 Δ
876 5811 1142 5871 κάίηισθε.
1214 5812 1236 5843 ⁹
1271 5814 1316 5870 Δ
1347 5829 1467 5871 ταις
1504 5816 1784 5871 πέμπταις
1827 5814 1858 5871 ἦ
1892 5833 1950 5871 εν
1978 5818 2098 5871 ταῖς
2131 5816 2410 5871 ἑόδόιιαις.
2510 5817 2555 5850 ³ο
2585 5815 2702 5871 πίν.
2799 5829 2986 5871 prtem.
3021 5817 3196 5871 υιιεῖς.

549 5807 684 5863 Cri.
754 5809 778 5842 ⁸
808 5809 855 5866 Δ
876 5811 1142 5884 κόψησθε.
1214 5812 1236 5843 ⁹
1271 5807 1316 5870 λ
1347 5815 1467 5876 ταῖς
1504 5807 1784 5887 πέμπταις
1827 5814 1859 5888 ἢ
1892 5817 1950 5871 ἐν
1978 5818 2098 5882 ταῖς
2131 5807 2410 5889 ἑϐδόμαις.

3357 5743 3379 5774 ⁸
3396 5741 3440 5796 Δ
3471 5738 3761 5810 ἐποίησαν.

2510 5814 2555 5850 ³ο
2585 5815 2702 5877 πίν.
2726 5814 2772 5871 A
2797 5814 2986 5888 prtem.
3021 5814 3196 5890 ὑμεῖς.
