4090 6426
327 417 498 493 Ῑῡῦῦ

1522 423 1618 486 ΙΝ
1636 421 2040 484 ZACHARL‘E
2070 423 2228 483 CAP.
2261 420 2397 485 VI'I.

3468 413 3615 482 ναις)
3653 494 3662 504 ,

328 531 747 606 ὀλοφυρόμενοι
792 526 890 584 καὶ
919 526 1246 602 θρηνοῦντες
1287 525 1495 600 ταύτην
1522 530 1581 583 ὲν
1627 531 1751 593 ταῖς
1789 528 1932 598 πέμ-

2037 529 2255 584 etiamsi
2283 527 2485 583 millies
2517 525 2764 582 luctibus
2792 533 2847 582 et
2873 524 3130 582 lamentis
3165 539 3265 581 vos
3289 515 3648 596 alliigemcs,'

327 645 520 691 πταις
545 625 642 680 καὶ
673 625 731 678 ὲν
769 623 892 688 ταῖς
923 622 1182 693 ἑϐδόμαις
1209 619 1587 691 ὲπιτελέσητε,
1626 621 1814 690 ὄφελος
1845 620 1935 672 ού-

325 720 437 774 δὲν
471 716 725 771 ἐντεῦθεν
752 715 1142 786 καρταὶισομαι.
1171 714 1281 767 Kal
1300 713 1383 767 δτι
1404 711 1560 767 ταῦθ’
1595 711 1770 776 οὓτως
1799 712 1932 783 ἔχει,

331 813 568 886 μάρτυς
598 811 698 882 τῆς
727 810 1107 882 αἰχμαλωσίας
1137 809 1166 860 δ
1207 809 1430 881 χρόνοςο
1468 809 1527 863 ὲν
1564 807 1934 879 ἑϐδομήκοντα

326 905 458 974 γὰρ
481 902 668 956 ἐτεσιν
702 900 958 972 οὐδεμίαν
996 917 1086 971 μοι
1117 899 1204 954 διά
1240 899 1494 972 νηστείας
1522 899 1933 971 προσηνέγκατέ

328 995 672 1068 θεραπείαν.
717 995 928 1062 Ὥσπερ
984 993 1163 1046 τοίνυν
1214 992 1487 1056 ἐσθίοντες
1541 993 1643 1046 καῖ
1686 992 1934 1056 πίνοντες

328 1088 508 1159 ὅμεῖς
544 1086 646 1157 τῆς
672 1083 922 1138 ὲντεῦθεν
950 1083 1145 1155 ἡδονῆς
1170 1083 1472 1138 ἀπολαύετε
1491 1123 1506 1147 ,
1538 1083 1681 1138 οὕτω
1711 1084 1806 1138 καὶ
1835 1086 1934 1156 τὴν

327 1179 462 1236 ἀπὸ
504 1179 604 1250 τῆς
633 1177 892 1250 νηστείας
939 1179 1100 1247 ὗμείς
1147 1177 1414 1246 ὠφέλειαν
1459 1179 1793 1250 καρποῦσθε.
1825 1180 1934 1233 Kal

334 1269 438 1344 μὴ
469 1269 735 1341 νομίσητε
775 1267 970 1340 καινῆν
999 1263 1141 1323 εἶναι
1170 1267 1374 1341 ταύτην
1403 1270 1503 1341 τήν
1547 1270 1896 1325 διδασκαλίαν
1917 1288 1932 1302 ο

331 1363 523 1417 πάλαι
561 1362 671 1434 γάρ
714 1361 809 1416 καὶ
847 1360 1124 1432 πρόπαλαι
1161 1359 1335 1414 ταῦτα
1371 1361 1460 1415 διὰ
1491 1361 1600 1414 τῶν
1637 1361 1935 1434 προφητῶν

329 1457 462 1520 τοῖς
495 1454 787 1528 ὑμετέροις
819 1452 1112 1524 προγόνοις
1142 1453 1236 1507 κοιλ⁵
1269 1454 1513 1509 πατοάσι
1539 1453 1819 1509 διετέλεσα
1846 1453 1935 1507 λέ-

330 1563 488 1618 γων.

417 1641 485 1706 ζ’.
523 1658 542 1691 ι
591 1638 704 1710 Οὐχ
733 1628 882 1693 οὗτοι
921 1639 1052 1712 γάρ,
1082 1637 1270 1710 φησὶν,
1316 1638 1367 1692 οἱ
1399 1637 1548 1708 λόγοι
1582 1639 1719 1693 εἰσιν
1742 1639 1811 1705 ίί,
1841 1638 1935 1704 οὒς

331 1731 580 1803 ὲλάλησε
611 1729 818 1801 Κύριος
864 1731 921 1784 έν
967 1730 1126 1802 χερσὶ
1152 1730 1194 1761 ¹³
1227 1729 1337 1784 τῶν
1367 1730 1662 1802 προφητῶν
1690 1730 1800 1786 τῶν
1837 1730 1936 1802 έμ-

334 1821 620 1894 προσθεν;
670 1822 802 1876 Ὅτε
844 1817 913 1893 ἦν
967 1821 1326 1893 Ἰερουσαλὴμ
1374 1823 1793 1895 κατοικουμένη,
1842 1823 1935 1876 καὶ

2031 621 2302 692 jejunium
2342 622 2396 676 in
2429 621 2637 692 quintis
2663 627 2719 676 et
2763 618 3016 690 septimis
3063 620 3362 689 peragatls,
3411 619 3616 673 nullam

2037 713 2164 769 inde
2221 713 2521 769 utilitatem
2579 710 2908 783 percipiam.
2967 710 3238 780 Quodque
3299 710 3375 764 ita
3434 726 3524 765 res
3561 726 3620 765 se

2037 806 2259 870 habeat,
2296 805 2456 861 testis
2483 811 2568 859 est
2601 812 2820 874 tempus
2862 801 3221 872 captivitatis.
3261 801 3618 872 Septuaginta

2035 895 2180 951 enim
2211 897 2378 951 annis
2407 894 2833 964 nullumjejunii
2859 892 2995 947 mibi
3027 893 3233 946 cultum
3263 891 3616 945 exbibuistis.

2035 987 2512 1053 Quemadmodum
2562 987 2748 1056 itaque
2781 1000 2907 1040 cum
2953 983 3148 1038 bibitis
3185 989 3239 1036 et
3273 981 3456 1045 editis,
3489 983 3619 1035 hinc

2035 1081 2294 1136 liuentem
2327 1080 2665 1150 voluptatem
2705 1093 2804 1133 vos
2828 1077 3047 1147 capitis,
3113 1075 3193 1131 sic
3226 1075 3388 1130 etiam
3441 1090 3508 1129 ex
3535 1075 3619 1144 je-

2033 1167 2193 1242 junio
2246 1177 2566 1225 manantem
2625 1169 2919 1224 utilitatem
2979 1166 3284 1238 percipitis.
3341 1164 3420 1220 Ne
3489 1182 3618 1220 vero

2035 1277 2237 1318 novam
2270 1262 2416 1316 hanc
2437 1262 2752 1318 doctrinam
2786 1259 3153 1316 arbitremini.
3171 1257 3290 1313 Jam
3315 1259 3442 1313 olim
3469 1259 3615 1312 enim

2036 1371 2135 1428 per
2173 1355 2472 1426 prophetas
2528 1355 2838 1428 majoribus
2875 1362 2930 1410 et
2981 1353 3233 1425 patribus
3268 1351 3464 1407 vestris
3506 1351 3619 1404 hanc

2034 1451 2220 1507 dicere
2249 1463 2361 1505 non
2391 1449 2606 1508 destiti.

2110 1635 2274 1692 Vsus.
2319 1638 2372 1691 7.
2407 1655 2426 1688 ι
2462 1632 2725 1706 Nunquid
2773 1633 2920 1691 enim
2945 1678 2959 1702 ,
2991 1633 3152 1700 dicit,
3207 1631 3313 1690 ista
3342 1650 3454 1691 non
3491 1646 3622 1692 sunt

2036 1721 2225 1796 verba,
2261 1745 2384 1800 qua:
2428 1729 2646 1785 locutus
2675 1735 2761 1785 est
2821 1727 3089 1785 Dominus
3148 1744 3244 1800 per
3295 1729 3632 1800 prophetas,

2037 1823 2131 1894 qui
2194 1822 2418 1878 fuerunt
2465 1821 2664 1894 prius?
2697 1819 2930 1888 Quando
2973 1820 3352 1894 Hierosolyma
3404 1822 3619 1877 habita-

333 1913 655 1984 εὐθηνούσα
682 1913 748 1979 ⁸³,
775 1914 870 1968 καὶ
899 1915 955 1966 ai
981 1914 1026 1946 ¹⁶
1051 1913 1236 1978 πόλεις
1260 1915 1432 1984 αὐτῆς
1456 1916 1500 1947 ¹⁵
1524 1915 1808 1974 κυκλόθεν.
1837 1915 1931 1969 καὶ

2033 1917 2220 1980 batur,
2256 1924 2311 1971 et
2343 1923 2464 1971 erat
2487 1913 2801 1980 abundans,
2838 1923 2893 1970 et
2931 1913 3188 1970 civitates
3219 1913 3341 1982 ejus
3379 1928 3476 1982 per
3504 1913 3617 1968 cir-

331 2008 371 2077 ὴ
431 2005 619 2078 ὀρεινὴ
643 2046 658 2070 ,
708 2006 802 2060 καὶ
844 2006 879 2076 ἡ
915 2005 1106 2077 πεδινὴ
1138 2008 1460 2077 κατῳκεῖτο.
1499 2026 1517 2058 ι
1559 2005 1716 2060 Οὕτω
1753 2005 1932 2071 δείξας

331 2099 445 2171 τὴν
503 2097 598 2154 τοῦ
652 2098 1016 2170 κηρύγματος
1063 2099 1422 2171 ἀρχαιότητα,
1473 2098 1597 2153 τίνα
1647 2099 1720 2154 τά
1771 2099 1934 2172 θερα-

333 2191 582 2246 πεύοντα
611 2191 774 2246 αὐτὸν
803 2192 926 2246 κατ’
947 2189 1085 2256 εἶδος
1114 2191 1379 2246 διδάσκει·

421 2397 440 2430 ι
485 2379 676 2450 Κρῖμα
711 2376 919 2431 δίκαιον
950 2376 1174 2446 κρίνατε
1200 2377 1265 2438 ¹⁶,
1299 2375 1393 2430 καὶ
1421 2375 1574 2430 ἔλεον
1598 2376 1692 2430 καὶ
1720 2377 1932 2448 οἰκτιρ-

339 2470 448 2542 μδν
504 2472 732 2533 ποιεῖτε,
779 2469 1012 2532 ἕκαστος
1046 2469 1182 2538 πρὸς
1208 2469 1302 2522 τὸν
1331 2469 1561 2538 ἀδελφὸν
1602 2469 1788 2524 αὑτοῦ.
1826 2469 1929 2540 (ι’.)

335 2563 456 2618 Kal
485 2563 682 2634 χήραν,
716 2562 810 2616 καὶ
843 2560 1079 2632 ὀρφανὸν
1103 2603 1118 2627 ,
1161 2563 1257 2615 καὶ
1288 2561 1646 2632 προσήλυτον,
1677 2562 1773 2616 καὶ
1802 2561 1928 2614 πένο

333 2673 450 2728 ητα
477 2655 555 2727 μὴ
581 2654 1142 2724 καταδυναστεύσητε,
1166 2654 1262 2708 καὶ
1283 2653 1482 2707 κακίαν
1512 2638 1744 2716 ἕκαστος
1767 2653 1862 2706 τοῦ
1887 2652 1930 2683 ¹⁷

334 2747 577 2816 ἀδελφοῦ
616 2746 783 2800 αύτοῦ
836 2747 911 2818 μὴ
968 2748 1360 2817 μνησικακεῖτε
1410 2747 1468 2799 ὲν
1506 2747 1626 2809 ταῖς
1678 2744 1930 2817 καρδίαις

335 2838 523 2910 ὑμῶν.
561 2858 581 2892 ι
641 2839 900 2910 Ἔλεγον,
956 2838 1114 2908 φησὶ,
1151 2840 1263 2902 τοῖς
1314 2838 1606 2910 ὑμετέροις
1663 2836 1926 2908 πατράσι,

215 2963 225 2972 -
335 2931 666 2996 δικάζοντας
713 2930 836 3002 ίσην
887 2929 984 2984 καὶ
1033 2929 1253 2984 δικαίαν
1297 2929 1555 3001 ἐκφέρειν
1600 2928 1700 3000 τὴν
1728 2929 1929 2998 ψῆφον,

336 3021 484 3093 ἐλέῳ
531 3021 590 3076 δὲ
630 3022 760 3093 περὶ
803 3019 932 3084 τοὺς
954 3021 998 3054 ¹⁸
1030 3020 1200 3084 πέλας
1230 3020 1554 3092 κεχρῆσθαι,
1598 3019 1697 3083 τάς
1737 3020 1794 3073 δὲ
1840 3019 1932 3074 τὸν

339 3111 516 3184 βαρὺν
551 3110 653 3181 τῆς
686 3109 918 3182 χηρείας
960 3109 1226 3171 ἑλκούσας
1259 3108 1446 3176 ζυγὸν,
1479 3109 1728 3173 καὶτοὺς
1757 3110 1931 3180 ὀρφα-

336 3203 462 3258 νίαν
495 3202 891 3274 ὀδυρομένους,
949 3200 1024 3272 μὴ
1056 3199 1270 3264 πιέζειν
1315 3203 1382 3272 τῇ
1434 3201 1746 3272 δυναστείᾳ,
1795 3201 1930 3271 μηδὲ

335 3267 603 3366 ἀφορμὴν
639 3267 721 3358 ε’ίς
751 3267 1070 3358 πλεονεξίαν
1091 3291 1190 3363 τὴν
1212 3291 1322 3346 τῶν
1353 3267 1600 3364 πενήτων
1627 3267 1931 3361 λαμϐάνειν
1960 3267 2000 3324 C

333 3385 659 3444 ἀσθένειανο
691 3385 830 3456 πρὸς
858 3384 916 3439 δὲ
945 3383 1160 3447 τούτοις
1185 3383 1284 3454 τὴν
1311 3382 1682 3454 μνησικακίαν
1709 3382 1930 3452 βδελύτα

287 3542 291 3548 η
333 3477 552 3542 τεσθαι,
603 3477 699 3530 καὶ
739 3476 816 3547 μὴ
855 3474 1164 3547 ἀμύνεσθαι
1212 3475 1340 3539 τοὺς
1369 3473 1644 3546 ἄρξαντας
1690 3474 1926 3537 ἀδικίας.

333 3569 528 3624 Ταῦτα
558 3567 672 3638 ἐγὼ
703 3568 807 3638 μὲν
836 3567 1051 3637 έλεγον’
1085 3568 1284 3622 ἐκεῖνοι
1313 3568 1371 3620 δὲ
1418 3566 1717 3621 ὑπακούειν
1741 3568 1783 3599 ¹⁹
1828 3566 1931 3620 οὐκ

333 3661 550 3733 ἤθελον.
590 3679 610 3712 ι
655 3660 782 3714 Ἀλλ
827 3660 1062 3725 ἔδωκαν,
1090 3660 1248 3732 φησὶ,
1270 3659 1440 3715 νῶτον
1466 3659 1646 3714 αὐτῶν
1667 3661 1714 3691 ³⁸
1744 3677 1928 3732 παρα-

334 3753 662 3828 φρονοῦντα.
699 3772 720 3806 ι
779 3754 892 3808 Kal
937 3753 1222 3824 δεχόμενοι
1276 3754 1550 3824 μάστιγας
1590 3753 1930 3824 ἀναλγησίαν

333 3841 580 3896 ἐνόσουν.
619 3838 832 3895 Νῶτον
872 3840 979 3912 γὰρ
1015 3843 1524 3910 παραφρονοῦντα
1550 3842 1648 3914 τὴν
1677 3843 1930 3913 ἀναισθη-

335 3930 461 3986 σίαν
515 3931 800 3995 ἐκάλεσεν,
847 3933 912 3986 ὲκ
964 3933 1280 4004 μεταφορᾶς
1323 3933 1435 3986 τῶν
1471 3933 1928 4006 μαστιγουμένων

331 4023 586 4088 οἰκετῶν,
612 4025 708 4078 κα)⁵
735 4024 924 4096 ὄνησιν
956 4024 1165 4078 ἐκεῖθεν
1199 4024 1276 4095 μὴ
1307 4025 1724 4096 καρπουμένων.

415 4131 436 4168 ε
477 4114 591 4168 Kal
619 4114 689 4168 τά
711 4107 826 4167 ὦτα
851 4113 1032 4168 αὐτῶν
1063 4113 1336 4186 ἐϐάρυναν
1363 4113 1458 4167 τοῦ
1493 4115 1568 4184 μὴ
1596 4114 1925 4170 εἰσακούειν.

337 4205 478 4280 (ιβ’.)
525 4206 636 4260 Kal
679 4205 780 4278 τὴν
818 4206 1045 4278 καρδίαν
1091 4207 1271 4261 αὐτῶν
1321 4205 1520 4271 ἔταξαν
1559 4207 1786 4278 ἀπειθῆ,
1826 4207 1924 4262 τοῦ

339 4298 418 4370 μὴ
448 4297 754 4352 εἰσακούειν
781 4296 874 4352 τοῦ
905 4298 1070 4369 νόμου
1102 4315 1202 4369 μου
1226 4297 1369 4352 ἰκαὶ
1387 4297 1493 4352 τῶν
1519 4297 1693 4368 λόγων
1728 4316 1829 4369 μου
1850 4291 1927 4354 ὧν

2033 2009 2282 2074 euitum,
2329 2015 2384 2062 et
2423 2013 2718 2072 montana,
2761 2013 2816 2061 et
2855 2007 3232 2076 campestria'
3285 2007 3618 2061 habitaban-

2033 2105 2143 2153 tur.
2186 2119 2204 2151 ι
2256 2097 2335 2170 [8,
2369 2098 2427 2171 9]
2461 2096 2567 2153 Ubi
2599 2099 2704 2152 hoc
2735 2098 2900 2154 modo
2959 2105 3290 2154 vetustatem
3347 2099 3619 2169 praedica-

2033 2189 2205 2246 tionis
2233 2189 2502 2258 ostendit,
2522 2188 2688 2245 docet
2717 2189 3022 2261 sigillatim,
3049 2191 3256 2261 quibus
3293 2191 3413 2260 ipse
3451 2192 3617 2246 rebus

2031 2285 2139 2340 coli
2174 2284 2370 2340 debeat
2407 2303 2422 2339 :

2110 2396 2127 2430 ε
2159 2375 2438 2433 Judieium
2475 2377 2694 2450 justum
2740 2377 3022 2449 judicate,
3070 2386 3126 2433 et
3173 2377 3617 2434 misericordiam

2030 2479 2085 2524 et
2119 2469 2542 2524 miserationem
2575 2467 2745 2522 faciat
2771 2467 3165 2538 unusquisque
3206 2484 3338 2539 erga
3389 2466 3616 2524 fratrem

2032 2574 2216 2614 suum.
2255 2557 2445 2629 (Vens.
2483 2558 2594 2628 10.)
2619 2557 2685 2612 Et
2716 2558 2965 2624 viduam,
2990 2567 3044 2613 et
3081 2559 3374 2630 pupillum,
3429 2567 3485 2614 et
3513 2559 3616 2612 ad-

2029 2645 2248 2717 venam,
2287 2658 2344 2705 et
2394 2664 2694 2720 pauperem
2748 2665 2819 2705 ne
2867 2649 3195 2727 opprimatis
3233 2669 3246 2706 :
3288 2658 3345 2705 et
3393 2650 3620 2706 malitia:

2031 2741 2224 2798 fratris
2250 2741 2422 2796 nolite
2451 2741 2776 2797 meminisse
2809 2741 2866 2795 in
2894 2741 3158 2797 cordibus
3193 2742 3416 2798 vestris.
3459 2761 3479 2794 ι
3507 2741 3618 2798 Ve-

2032 2836 2188 2901 stris,
2239 2835 2438 2905 inquit,
2496 2833 2712 2906 1624
2742 2834 2998 2902 patribus
3047 2832 3186 2898 dixi,
3222 2842 3282 2888 ut
3314 2834 3620 2904 judicamlo

2031 2941 2245 2998 aequam
2305 2934 2361 2982 et
2401 2926 2608 2995 justam
2658 2925 2991 2982 sententiam
3057 2923 3286 2993 ferrent,
3337 2927 3624 2996 proximos.

2033 3018 2420 3074 misericordia
2485 3027 2983 3088 prosequerentur,
3045 3019 3389 3074 sustinentes
3455 3034 3621 3089 grave

2031 3109 2325 3165 viduitatis
2361 3125 2526 3176 onus,
2559 3117 2613 3164 et
2643 3110 2967 3179 parentibus
2998 3111 3229 3166 orbatos
3260 3127 3328 3165 ne
3369 3111 3620 3181 potentia

2033 3199 2433 3269 opprimerent,
2466 3213 2604 3255 neve.
2637 3215 2705 3254 ex
2735 3200 3056 3256 inﬁrmitate
3088 3216 3390 3272 pauperum
3418 3217 3620 3271 oppor-

2033 3294 2301 3348 tunitates
2340 3293 2419 3347 rei
2444 3293 2712 3364 augendae
2740 3293 3045 3350 ducerent:
3089 3305 3358 3366 praeterea
3384 3295 3619 3365 injuria-

2037 3395 2156 3435 rum
2189 3381 2510 3435 memoriam
2558 3381 2832 3452 fugerent,
2884 3392 3030 3438 etne
3085 3384 3498 3440 ulciscerentur
3537 3387 3617 3440 la-

2031 3479 2319 3528 cessentes
2352 3473 2578 3541 injuria.
2614 3472 2728 3546 [11]
2770 3474 2894 3531 Haec
2923 3477 3145 3548 quidem
3196 3493 3297 3549 ego
3338 3475 3612 3543 dicebam,

2033 3562 2130 3618 sed
2179 3563 2260 3618 illi
2321 3565 2628 3621 noluerunt
2681 3567 2935 3623 odedire.
2983 3587 3002 3619 ‹
3052 3569 3354 3635 Dederunt,
3409 3570 3620 3641 inquit,

2031 3655 2256 3713 dorsum
2289 3671 2448 3711 suum
2482 3657 2786 3729 desipiens.
2824 3679 2842 3712 ι
2879 3659 2956 3714 Ad
3010 3661 3220 3732 plagas,
3277 3677 3414 3732 quas
3463 3663 3614 3715 acci-

2031 3749 2217 3818 piunt,
2246 3749 2638 3805 induruerunt.
2677 3750 2903 3806 Dorsum
2953 3754 3100 3809 enim
3129 3755 3390 3824 desipiens
3439 3756 3618 3825 stupi-

2031 3839 2256 3895 ditatem
2295 3842 2531 3906 vocavit,
2565 3857 2630 3898 ex
2667 3843 2989 3913 metaphora
3039 3861 3328 3901 servorum
3369 3848 3464 3919 qui
3515 3847 3615 3902 ila-

2029 3932 2144 4003 gris
2172 3934 2318 3998 caesi,
2348 3933 2521 3988 nihilo
2553 3935 2806 3991 meliores
2831 3934 3158 3990 elliciuntur.

2107 4137 2127 4170 ε
2173 4116 2238 4172 Et
2266 4133 2429 4174 aures
2461 4135 2590 4174 suas
2626 4128 3079 4190 aggravaverunt,
3101 4131 3159 4175 ut
3191 4135 3303 4176 non
3333 4120 3610 4178 audirent.

2029 4208 2219 4281 (Vsus.
2249 4210 2362 4282 i2.)
2396 4209 2462 4264 Et
2493 4227 2589 4266 cor
2627 4228 2788 4268 suum
2819 4221 3124 4283 posuerunt
3169 4213 3519 4281 inobediens,
3550 4224 3614 4269 ut

2028 4317 2138 4357 non
2167 4303 2423 4359 audirent
2453 4303 2628 4374 legem
2651 4319 2825 4358 meam
2862 4316 2918 4360 et
2967 4305 3135 4361 verba
3159 4322 3302 4371 mea,
3324 4323 3446 4377 quae
3463 4309 3614 4363 misit

335 4389 710 4455 ἐξαπέσταλκε
770 4389 978 4462 Κύριος
1036 4391 1434 4462 παντοκράτωρ
1459 4429 1474 4454 ,
1529 4393 1587 4444 ὲν
1639 4390 1926 4459 Πνεύματι

335 4482 526 4550 αὑτοῦ,
548 4484 607 4536 έν
635 4483 794 4554 χερσὶ⁷
808 4482 1102 4555 προφητῶν
1123 4483 1170 4514 ’³
1195 4484 1303 4537 τῶν
1330 4482 1661 4552 ἔμπροσθεν.
1693 4501 1712 4536 ι
1759 4481 1926 4537 Ἀλλά

334 4575 438 4646 τῆς
464 4573 748 4637 ἀπειθείας
776 4573 1068 4646 ὲδρέψαντο
1094 4573 1187 4628 τὸν
1212 4574 1444 4647 καρπόν.

2032 4575 2300 4646 legerunt.

413 4684 433 4718 ‹
457 4665 706 4735 Ἐγένετο
733 4665 844 4738 γὰρ
869 4667 1006 4739 ὀργὴ
1055 4667 1266 4739 μεγάλη
1297 4667 1450 4738 παρὰ
1483 4667 1692 4741 Κυρίου
1725 4667 1925 4723 παντο-ι

2103 4684 2121 4716 ι
2159 4664 2324 4721 Facta
2357 4666 2504 4722 enim
2545 4677 2632 4725 est
2677 4669 2758 4724 ira
2792 4685 2991 4742 magna
3021 4686 3051 4724 a
3087 4669 3318 4726 Domino
3359 4673 3612 4742 omnipo-

337 4757 630 4830 κράτορος.
665 4758 805 4828 (in)
837 4759 948 4813 Kal
980 4757 1132 4814 ἔσται
1169 4759 1228 4812 ὃν
1259 4760 1460 4830 τρόπον
1505 4755 1662 4814 εἷπον
1687 4761 1733 4793 ’⁸
1754 4802 1768 4827 ,
1827 4761 1926 4815 καὶ

2032 4763 2194 4812 lente.
2236 4757 2429 4830 (Vens.
2464 4761 2576 4830 15.)
2633 4759 2699 4815 Ει
2757 4763 2883 4827 erit,
2928 4764 3076 4818 sicut
3109 4764 3251 4827 dixi,
3281 4771 3338 4817 et
3367 4779 3476 4818 non
3507 4779 3608 4816 au-

338 4850 442 4903 οὐκ
469 4849 796 4921 εἰσήκουσαν
825 4849 992 4904 αὑτοῦ
1013 4852 1060 4883 ’³⁵
1081 4891 1096 4916 ,
1128 4850 1272 4905 οὕτω
1319 4851 1702 4925 κεκράξονται,
1734 4855 1830 4908 καὶ
1863 4854 1923 4907 οὐ

2032 4851 2275 4906 diverunt
2294 4868 2442 4918 eum,
2479 4854 2558 4910 sic
2583 4854 2922 4922 clamabunt,
2944 4863 2998 4910 et
3027 4870 3138 4910 non
3165 4855 3458 4910 exaudiam
3484 4870 3603 4915 eos.

343 4940 423 5010 μὴ
451 4940 782 5009 εἰσακούσω,
810 4943 960 5012 λέγει
985 4943 1192 5016 Κύριος
1222 4945 1640 5018 παντοκράτωρ.
1671 4965 1689 4997 ι
1737 4947 1926 5001 Ἐναλ-

2032 4943 2157 4998 dicit
2205 4942 2472 5000 Dominus
2531 4945 2899 5016 omnipotens.
2947 4966 2965 4999 ›
3019 4945 3277 5002 Formam
3339 4949 3623 5018 temporis-

338 5031 522 5085 λάττει
548 5032 610 5086 τὸ
639 5033 829 5104 σχῆμα
849 5034 943 5088 τοῦ
967 5035 1160 5107 χρόνου
1184 5054 1196 5066 ο
1223 5036 1295 5090 τά
1318 5035 1427 5108 γάρ
1453 5038 1552 5110 ἤδη
1578 5039 1924 5108 γεγενημένα

2032 5033 2316 5101 immutat;
2349 5052 2475 5090 nam
2499 5052 2622 5108 qua:
2661 5037 2774 5108 jam
2808 5037 2955 5092 facta
2995 5047 3145 5104 situt,
3199 5039 3360 5111 quasi
3414 5040 3624 5095 futura.

339 5121 418 5186 ὡς
457 5123 725 5195 μέλλοντα
746 5123 896 5194 λέγει
915 5142 929 5156 ⁸
961 5126 1024 5180 τὸ
1062 5127 1193 5200 γὰρ,
1227 5128 1640 5198 κεκράξονται,
1671 5129 1792 5182 ἀντὶ
1823 5128 1919 5182 τοῦ

2032 5123 2164 5178 dicit
2196 5143 2208 5178 :
2237 5126 2560 5190 clamabunt,
2616 5142 2716 5197 pro
2769 5127 3157 5196 clamauerunt,
3197 5141 3252 5187 ct
3279 5149 3384 5187 non
3439 5148 3606 5187 exau—

339 5206 626 5285 ἕᾶραξαν,
667 5217 762 5274 καὶ
793 5218 857 5272 τὸ
899 5221 971 5276 οὐ
1012 5219 1101 5292 μὴ
1131 5221 1493 5290 είσακούσω,
1523 5221 1646 5276 ἀντὶ
1672 5219 1766 5274 τοῦ
1807 5223 1922 5276 οὐκ

2032 5219 2196 5285 diam,
2223 5235 2324 5290 pro
2359 5238 2461 5274 non
2489 5219 2736 5275 exaudiui
2767 5223 2976 5293 posuit.

339 5306 603 5377 ἤκουσα.

2028 4391 2294 4448 Dominus
2316 4394 2666 4463 omnipotens
2687 4410 2784 4465 per
2815 4393 3082 4465 Spiritum
3121 4411 3304 4462 suum,
3347 4411 3444 4466 per
3485 4413 3614 4466 pro-

2027 4485 2223 4555 phetas
2263 4486 2498 4556 priores.
2538 4507 2557 4539 ι
2595 4487 2704 4542 Sed
2733 4496 2787 4542 et
2808 4487 3200 4545 inobedientite
3224 4489 3467 4544 fructum
3494 4489 3633 4544 col--

1647 5491 1878 5550 VARle
1917 5495 2322 5554 LECTIONES.

435 5645 478 5726 ‘_‘
504 5645 748 5726 εἰσίνλιιι
776 5650 816 5703 Α
847 5659 972 5726 post
1003 5651 1157 5726 λόγοι
1185 5653 1430 5726 ponitur.
1530 5655 1574 5714 η,
1598 5654 1642 5708 Λ
1677 5655 1850 5726 χειρί..
1949 5655 1990 5688 ¹³
2014 5656 2058 5708 Α
2087 5654 2472 5726 εὐφραίνουσα.
2540 5725 2549 5726 7
2606 5656 2650 5688 “
2675 5657 2752 5712 αἱ.
2780 5655 2906 5712 Des.
2946 5656 3000 5710 in
3034 5656 3097 5708 Α.
3210 5655 3250 5686 ’⁸
3288 5653 3403 5707 αὐτ.
3448 5652 3503 5707 in
3526 5724 3535 5726 _
3559 5654 3605 5708 Λ

337 5723 462 5837 Bm“
493 5717 750 5796 ζευκλόθεν
783 5717 1022 5786 llo-"ill".
1077 5717 1086 5720 ⁷
1119 5723 1161 5754 ¹⁶
1183 5717 1225 5777 Ᾰ
1256 5724 1491 5797 κρίνετε.
1599 5726 1641 5757 ¹⁷
1676 5717 1789 5778 τούξ
1848 5726 1888 5779 C
1942 5741 2127 5794 pra‘nh
2164 5717 2328 5780 κατά.
2428 5725 2470 5756 ³⁸
2521 5725 2563 5782 C
2586 5726 2696 5782 τόν.
2805 5727 2846 5758 ¹⁹
2881 5727 2974 5778 ύπ.
3029 5727 3068 5780 (2
3100 5726 3332 5778 ἐπαΐειν.
3404 5726 3448 5754 ’⁸
3480 5724 3606 5778 αὐτ.

386 5803 463 5837 (ἐ.
502 5803 554 5837 111
579 5789 642 5837 Α.
749 5791 790 5821 ³³
828 5809 946 5837 μου-
978 5793 1102 5837 ητις-
1138 5793 1190 5837 in
1221 5795 1262 5837 (ἶ
1383 5797 1428 5828 ³³
1455 5797 1484 5837 ,1
1524 5795 1649 5837 Tn")!
1680 5795 1868 5837 ‘IJ'ivn-ir
1903 5815 2000 5837 nn'i
2070 5795 2162 5837 (.i‘i.‘
2190 5795 2528 5837 ἓῖηπὲπττοῖτ
2610 5814 2643 5837 ν
2722 5816 2752 5837 1-
2821 5797 2842 5837 δ
2975 5799 3017 5827 ³³
3057 5813 3146 5837 πη.
3188 5795 3219 5837 Α
3257 5795 3598 5837 ’ὶ1”τῐηιὶ-,τίῖὶν;

502 5789 554 5874 in
579 5789 642 5842 A.
694 5791 790 5891 '5"
816 5809 956 5916 μου(ζ
977 5793 1102 5847 Des.
1138 5793 1190 5848 in
1221 5795 1262 5850 C
1295 5789 1306 5797 ’
1383 5797 1488 5850 "A
1524 5795 1649 5860 τοὺς
1680 5795 1868 5864 λόγους
1901 5789 2023 5867 μου,
2070 5795 2162 5860 οὓς
2189 5795 2552 5864 ἐξαπέστειλε,
2610 5814 2665 5853 κ.
2722 5816 2772 5854 τ.
2821 5797 2870 5853 λ.
2975 5799 3017 5827 ³³
3057 5813 3148 5868 πρ,
3181 5795 3223 5848 Α
3255 5795 3602 5864 μιειιωμτεῖυνἱ
3617 5819 3620 5822 .

475 5873 614 5912 ειπε.
769 5878 890 5914 αυτ.
944 5893 956 5912 ι
989 5880 1111 5934 μου.

509 5879 614 5912 ιπε.
696 5879 738 5891 ⁵⁵’
769 5879 890 5914 αυτ.
916 5879 956 5915 [Α
990 5880 1111 5915 μου.
