4090 6434
485 407 619 476 1911

548 521 721 578 Vens.
753 523 840 580 Η.
879 542 897 578 ι
932 523 1000 579 Et
1053 523 1275 595 ejiciam
1326 537 1422 581 eos
1469 524 1526 582 in
1586 504 1781 582 omnes
1835 531 2050 595 gentes.
2081 524 2127 580 Δ

475 628 614 679 quas
651 616 1064 686 ignoraverunt,
1097 634 1116 668 ι
1145 615 1250 672 hoc
1293 624 1399 681 est,
1439 615 1589 686 ejeci.
1627 633 1646 667 ι
1681 614 1748 669 Et
1780 624 1930 670 terra
1959 613 2054 668 de-

477 704 755 759 solabitur
774 712 899 776 post
932 720 1027 760 eos
1059 719 1089 758 a
1127 705 1566 775 perambulante,
1599 715 1652 760 et
1673 711 2001 768 revertente,
2029 722 2048 756 ι

481 796 581 848 hoc
613 807 719 863 est,
764 797 1010 852 desolata
1055 808 1136 853 est
1162 815 1180 853 :
1211 798 1358 869 quod
1390 799 1680 869 sequentia
1729 798 2050 855 ostendunt.

479 883 706 942 Mutavit
749 888 961 960 1625
995 890 1142 945 enim
1189 891 1443 960 ﬁguram,
1495 898 1549 944 et
1605 890 1779 945 dicit:
1819 909 1837 941 ι
1865 888 1932 942 Ει
1961 904 2056 958 po-

477 985 706 1031 suerunt
755 987 958 1034 terram
1017 981 1250 1036 electam
1297 981 1353 1036 in
1407 980 1832 1037 desolationem.
1877 999 1895 1030 ι
1928 977 2055 1032 Haec

475 1069 543 1122 tle
608 1070 979 1128 inobedientia
1034 1086 1251 1144 patrum
1307 1074 1593 1145 ipsorum,
1659 1080 1714 1126 et
1768 1071 2055 1141 punitione

479 1157 695 1213 illorum
720 1161 1006 1218 disseruit.
1039 1157 1154 1219 Nec
1181 1165 1328 1219 enim
1370 1179 1470 1234 par
1507 1171 1655 1220 esset
1685 1164 1753 1218 iis
1780 1163 1869 1234 qui
1901 1176 2056 1216 acer-

477 1244 600 1297 bam
631 1249 955 1306 servitutem
1009 1254 1436 1319 sustinuissent,
1496 1263 1551 1309 et
1608 1254 1678 1309 ab
1727 1255 1830 1309 hac
1878 1265 2055 1323 nuper

479 1336 693 1395 liberati
753 1339 1010 1410 fuissent,
1047 1345 1406 1415 nondumque
1463 1348 1655 1403 urbem
1711 1345 2054 1403 exaediﬁcas-

477 1441 622 1496 sent,
646 1433 919 1503 ejusmodi
950 1437 1089 1493 dura
1122 1454 1320 1494 rursus
1346 1440 1569 1496 minari.

1037 1530 1056 1550 “
1085 1527 1317 1584 CAPUT
1350 1529 1486 1585 VIII.

550 1615 717 1672 Vens.
748 1619 800 1683 I,
833 1617 888 1674 2.
924 1637 944 1672 ι
977 1617 1043 1677 Et
1069 1619 1249 1678 factus
1287 1630 1376 1677 est
1409 1637 1595 1678 sermo
1619 1622 1839 1683 Domini
1883 1624 2059 1680 omni-

478 1708 719 1776 potentis
754 1709 821 1764 ad
867 1724 974 1774 me.
1025 1711 1216 1767 dicens
1247 1729 1266 1772 ι
1297 1711 1423 1767 Haec
1456 1712 1591 1768 dicit
1625 1714 1893 1770 Dominus
1945 1729 2057 1770 om-

476 1798 737 1869 nipotens
770 1818 784 1855 :
820 1800 1040 1858 Zelatus
1091 1816 1213 1858 sum
1247 1805 1318 1859 ob
1359 1803 1802 1877 Hierosolymam
1842 1813 1898 1861 et
1932 1803 2056 1861 Sio-

475 1906 599 1947 nem
634 1893 751 1948 zelo
781 1908 1002 1964 magno,
1067 1901 1124 1951 et
1165 1895 1354 1952 furore
1400 1896 1642 1952 maximo
1683 1899 1894 1953 zelatus
1929 1914 2053 1954 sum

476 1982 548 2038 ob
573 1998 717 2038 eam.
758 2003 777 2037 ι
812 1984 927 2042 Hoc
951 2000 1094 2053 eam,
1126 1987 1326 2057 inquit,
1353 1989 1629 2060 supplicio
1650 1988 1830 2052 aII‘eci,
1859 2004 2053 2060 plenas

476 2074 772 2144 impietatis
800 2075 855 2131 in
892 2092 978 2132 me
1029 2077 1284 2134 admissa:
1323 2090 1598 2149 repetens.
1637 2079 1822 2134 Zelum
1870 2089 2053 2135 autem

476 2164 942 2236 appellatjustam
993 2168 1152 2222 iram.
1185 2169 1325 2224 Cum
1376 2170 1521 2225 enim
1554 2173 1675 2239 ejus
1709 2173 1792 2225 vir
1838 2171 2053 2226 dicere—

475 2261 586 2318 tur,
619 2264 675 2308 ct
717 2271 944 2311 uxorem
992 2271 1112 2312 eam
1155 2260 1491 2328 nominaret,
1548 2263 1798 2332 apposite
1847 2279 2052 2318 nomen

477 2343 580 2397 zeli
609 2345 792 2401 verbis
818 2345 1073 2401 inseruit.
1101 2345 1238 2402 Nam
1284 2351 1358 2403 ita
1393 2366 1453 2405 se
1503 2351 1685 2421 ipsum
1727 2352 2050 2422 appellavit,

473 2450 602 2490 cum
641 2435 718 2491 illi
747 2436 1150 2500 dominaretur.
1182 2439 1381 2497 dicens
1421 2459 1434 2496 :
1471 2461 1489 2494 ι
1530 2442 1642 2512 Ego
1685 2458 1807 2498 sum
1861 2442 2051 2497 Domi-

474 2543 579 2583 nus
615 2525 761 2584 Deus
788 2536 939 2594 tuus,
970 2527 1114 2586 Deus
1137 2530 1364 2596 zelotes,
1399 2532 1541 2604 ignis
1584 2548 1921 2589 consumens
1943 2544 1988 2587 θ.
2027 2553 2046 2586 ι

473 2618 542 2673 Et
576 2626 867 2690 postquam
897 2621 992 2676 ira:
1017 2635 1219 2677 causas
1265 2622 1348 2678 sic
1378 2627 1655 2695 exposuit,
1685 2625 1739 2679 in
1765 2632 2051 2696 posterqu

473 2709 616 2766 bona
646 2712 962 2782 pollicetur.

543 2911 712 2968 Vens.
743 2915 797 2970 3.
834 2933 853 2968 ι
907 2911 1034 2970 Haec
1091 2914 1226 2971 dicit
1285 2914 1552 2974 Dominus
1599 2917 1916 2975 :llevertar
1983 2919 2052 2976 ad

476 2999 724 3069 Sionem,
780 3011 837 3062 et
880 3005 1141 3062 habitabo
1189 3009 1246 3064 in
1293 3009 1474 3065 medio
1536 3009 1953 3084 Hierosolyma,
1999 3020 2054 3066 et

473 3093 766 3148 vocabitur
800 3091 1183 3168 Hierosolyma
1215 3097 1416 3153 civitas
1467 3115 1591 3154 vera
1614 3139 1629 3164 ,
1664 3114 1718 3157 et
1748 3118 1906 3158 mons
1949 3103 2054 3156 Do-

1461 413 1951 475 THEODORETI
1982 409 2322 474 EPISCOPI
2357 413 2722 477 CYRENSIS

3591 403 3731 470 1912

2228 525 2310 579 ιδ’.
2347 543 2364 576 ι
2396 526 2505 580 Καὶ
2543 523 2761 580 ἑκϐαλῶ
2789 521 2987 588 αὐτοὺς
3009 522 3055 555 ³⁸
3092 521 3173 586 είς
3217 519 3396 575 πάντα
3429 515 3671 589 τά-έϐνη,
3695 517 3736 572 ἃ

2154 618 2255 671 οὐκ
2288 617 2567 686 ἔγνωσανο
2617 638 2638 671 ι
2697 618 2819 672 ἀντὶ
2867 616 2964 671 τοῦ
3013 614 3327 680 ἐξέϐαλον.
3369 631 3387 664 ι
3425 610 3535 664 Καὶ
3583 612 3616 682 ή
3661 610 3734 680 γῆ

2154 709 2583 780 ἀφανισθήσεται
2607 709 2936 764 κατόπισθεν
2965 705 3144 763 αὐτῶν
3168 707 3232 760 ὲκ
3261 701 3608 765 διοδεύοντος,
3638 701 3736 754 καὶ

2155 802 2213 866 ἐξ
2244 801 2704 872 ἀναστρέφοντος·
2746 819 2765 852 ι
2802 798 3100 861 τουτέστιν,
3151 794 3490 864 ἠφανίσθηο
3527 791 3622 844 καὶ
3650 789 3738 860 δη-

2154 893 2238 945 λοῖ
2290 893 2358 945 τὰ
2390 892 2724 962 ὲπαγόμενα.
2782 889 3063 944 Μετέϐαλε
3114 889 3223 958 γὰρ
3262 887 3322 939 τὸ
3377 884 3583 954 σχῆμα,
3639 879 3736 934 καί

2156 997 2322 1054 φησιο
2366 1003 2382 1035 ι
2433 983 2543 1036 Kal.
2582 982 2780 1050 ἔταξαν
2813 982 2917 1052 γῆν
2963 978 3304 1049 ἐπιθυμητὴν
3322 977 3365 1007 ³⁷
3414 979 3495 1039 είς
3541 977 3738 1042 ἀφανι-

2158 1075 2313 1145 σμόν.
2353 1093 2372 1125 ι
2409 1073 2596 1127 Ταῦτα
2638 1073 2766 1144 περὶ
2804 1072 2905 1142 τῆς
2937 1071 3044 1123 τῶν
3076 1071 3331 1140 πατέρων
3367 1066 3546 1120 αὐτῶν
3577 1066 3738 1118 ἀπει-

2160 1167 2310 1231 θείας
2336 1185 2397 1221 τε
2428 1167 2524 1220 καὶ
2549 1166 2816 1238 τιμωρίας
2854 1162 3244 1233 διεξελήλυθεν.
3281 1158 3416 1212 Οΰτε
3448 1157 3555 1229 γὰρ
3588 1155 3737 1218 εἰκὸς

2159 1253 2250 1329 ἦν,
2281 1259 2396 1321 τοῖς
2439 1257 2645 1327 πικρᾶς
2693 1253 2936 1315 δουλείας
2971 1251 3196 1304 λαϐοῦσι
3243 1248 3597 1336 τὴνιπείραν,
3640 1245 3738 1298 καὶ

2161 1350 2392 1419 ἔναγχος
2418 1349 2624 1421 ταύτης
2657 1347 3044 1414 ἀπαλλαγεῖσι,
3077 1343 3172 1397 καὶ
3203 1341 3431 1412 μηδέπω
3450 1338 3548 1410 τὴν
3581 1337 3736 1390 πόλιν

2155 1443 2567 1514 οίκοδομήσασι,
2592 1439 2818 1494 τοιαῦτα
2853 1437 3015 1492 πάλιν
3047 1433 3345 1504 ἀπειλῆσαι
3385 1430 3553 1484 δεινά.

2678 1528 3077 1584 ΚΕΦΑΛΔΙΟΝ
3119 1527 3203 1580 Η’.

2229 1628 2300 1696 α’,
2342 1627 2408 1699 β’.
2447 1647 2470 1680 ι
2501 1625 2613 1681 Kal.
2629 1624 2846 1694 ἐγένετο
2867 1622 3025 1691 λόγος
3057 1618 3264 1690 Κυρίου
3299 1614 3740 1686 παντοκράτορος

2159 1723 2296 1793 πρός
2331 1736 2398 1791 με
2420 1719 2486 1783 ⁸⁸,
2508 1717 2682 1785 λέγων
2701 1731 2714 1744 °
2740 1713 2878 1768 Τάδε
2905 1712 3055 1782 λέγει
3080 1711 3286 1783 Κύριος
3319 1705 3738 1774 παντοκράτωρ*

2172 1812 2456 1883 Ἐζήλωκα
2485 1808 2583 1880 τὴν
2619 1805 2977 1879 Ἰερουσαλὴμ
3008 1804 3104 1857 κα)⁵
3146 1801 3245 1873 τὴν
3279 1798 3417 1853 Σιὼν
3448 1796 3606 1869 ζῆλον
3640 1793 3742 1866 at.

2086 1866 2129 1922 Β
2157 1866 2401 1976 γαν,.καὶ
2431 1866 2588 1972 θυμιῖ)
2620 1866 2842 1971 μεγάλῳ
2880 1866 3132 1968 ἐδήλωσα
3152 1866 3422 1963 ’θἀὑτήν..
3467 1910 3484 1942 ι
3504 1866 3744 1956 ’Ταύτην

2155 1999 2316 2070 αὐτῇ,
2352 1998 2508 2067 φησὶ,
2554 1994 2655 2066 τὴν
2698 1991 2970 2064 τιμωρίαν
3018 1989 3322 2060 ἐπήγαγον,
3358 1983 3460 2052 τῆς
3509 1983 3589 2044 είς
3640 1979 3746 2048 ἐμὲ

2154 2090 2475 2152 δυσσεϐείας
2503 2087 2694 2157 ποινὴν
2717 2082 3201 2156 εἰσπραττόμενος.
3235 2076 3440 2146 Ζῆλον
3475 2073 3533 2127 δὲ
3565 2087 3748 2142 προσ--¹

2155 2181 2412 2253 αγορεύει
2446 2181 2545 2249 τὴν
2575 2178 2792 2232 δικαίαν
2834 2175 3026 2248 ὀργήν.
3075 2169 3293 2240 Ἐπειδὴ
3328 2168 3435 2238 γὰρ
3471 2164 3610 2236 ἀνὴρ
3642 2162 3748 2232 αὗ-¹

2153 2274 2253 2344 τῆς
2279 2271 2635 2344 ἐχρημάτιζε,
2660 2269 2756 2323 καὶ
2786 2269 3020 2336 γυναῖκα
3047 2264 3219 2333 αὐτὴν
3241 2258 3544 2330 ὠνόμαζεν,
3571 2257 3744 2322 ἀναγ-

2154 2368 2326 2430 καίως
2359 2366 2454 2418 καὶ
2501 2363 2562 2416 τὸ
2599 2361 2696 2415 τοῦ
2737 2360 2916 2429 ζῆλον
2961 2359 3074 2421 τοῖς
3122 2356 3302 2424 λόγοις
3351 2347 3742 2421 προστέθεικεν

2155 2458 2347 2528 ινομα.
2376 2454 2532 2508 Οὕτω
2548 2455 2654 2524 γὰρ
2684 2454 2778 2507 καὶ
2805 2451 3010 2520 ταύτης
3033 2447 3336 2517 ἀρξάμενος
3358 2440 3548 2494 ἑαυτὸν
3572 2454 3744 2507 προσ-

2155 2550 2492 2622 ηγὸρευσεν⁹
2532 2565 2550 2597 ι
2599 2544 2740 2613 Ἐγώ
2773 2545 2924 2613 είμι,
2970 2540 3145 2607 λέγων
3167 2537 3244 2600 ⁸⁰,
3280 2533 3485 2603 Κύριος
3533 2531 3562 2582 δ
3592 2528 3743 2622 θεὸς

2156 2616 2275 2696 σου,
2311 2637 2338 2688 ὁ
2391 2633 2524 2696 Θεὸς
2569 2630 2837 2701 ζηλωτὴς,
2896 2627 3008 2699 πῦρ
3043 2622 3463 2679 καταναλίσκον.
3499 2638 3519 2671 ι
3580 2616 3742 2670 Οὕτω

2154 2728 2336 2794 δείξας
2365 2726 2461 2796 τῆς
2489 2723 2661 2796 όργῆς
2691 2723 2790 2794 τὴν
2831 2721 3032 2784 αίτίαν,
3077 2716 3419 2786 ὑπισχνεῖται
3451 2711 3637 2764 λοιπὸν
3669 2706 3741 2761 τά

2155 2818 2358 2888 ἀγαθά.

2225 2914 2293 2977 γ’.
2337 2924 2356 2958 ι
2393 2904 2533 2960 Τάδε
2575 2903 2723 2971 λέγει
2769 2900 3005 2973 Κύριοςο
3062 2893 3405 2966 Ἐπιστρέψω
3437 2891 3529 2944 ἐπὶ
3573 2890 3737 2952 Σιὼν,

2157 3000 2252 3054 καὶ
2283 2999 2598 3067 κατοικήσω
2618 2997 2658 3027 ³¹
2693 2996 2750 3049 ὲν
2795 2992 2944 3065 μέσῳ
2995 2989 3374 3061 Ἰερουσαλὴμ,
3408 2984 3501 3038 καὶ
3533 2981 3742 3052 κληθή-

2159 3110 2311 3147 σεται
2353 3086 2712 3161 Ἰερουσαλὴμ
2753 3085 2910 3149 πόλις
2957 3083 3207 3154 ἀληθινὴ,
3250 3081 3343 3134 καὶ
3379 3077 3441 3130 τὸ
3471 3076 3594 3146 ὅρος
3623 3073 3742 3127 Ku-

475 3185 607 3240 mini
640 3164 1076 3258 omnipotentis,
1121 3205 1284 3246 mons
1331 3202 1584 3249 sanctus.
1629 3212 1648 3246 ι
1694 3193 1822 3252 Haec
1870 3195 2053 3268 typice

2159 3181 2276 3254 ρίου
2327 3177 2790 3250 παντοκράτορος,
2827 3176 2950 3248 ὅρος
2995 3172 3170 3241 ἅγιον.
3209 3189 3226 3224 ι
3261 3169 3448 3223 Ταῦτα
3489 3164 3742 3226 τυπικῶς

473 3285 598 3347 post
639 3257 994 3337 Zorobabelis
1039 3281 1460 3340 aediﬁcationem
1511 3285 1657 3342 facta
1697 3296 1858 3357 sunt;
1897 3257 2052 3360 'post

2158 3272 2297 3344 μετὰ
2327 3269 2425 3341 τὴν
2475 3267 2780 3339 Ζοροϐάϐελ
2803 3268 2847 3299 ³¹
2897 3263 3206 3335 οἰκοδομίαν
3257 3262 3510 3326 ἐγένετο·
3543 3258 3643 3360 τὴν
3683 3257 3745 3312 δὲ

472 3369 917 3427 incarnationem
969 3381 1152 3428 autem
1190 3374 1496 3433 Salvatoris
1534 3379 1712 3434 nostri
1763 3381 2050 3436 veritatem

473 3459 777 3531 prophetia:
805 3461 1063 3520 viderunt
1090 3480 1305 3522 omnes.
1353 3468 1435 3524 Ad
1488 3469 1606 3526 haec
1660 3472 1935 3541 promittit
1992 3488 2054 3528 se

473 3551 597 3605 urbi
670 3561 724 3609 et
788 3555 1197 3612 multitudinem
1277 3559 1584 3615 incolarum
1641 3563 2052 3632 praabiturum,

477 3642 695 3715 1626
717 3649 772 3698 et
795 3644 919 3701 illos
951 3647 1018 3700 ad
1041 3659 1357 3716 provectam
1388 3658 1604 3707 aetatem
1633 3654 2050 3722 perducturum,

474 3741 552 3791 ita
576 3746 635 3792 ut
664 3738 877 3796 baculis
911 3741 1087 3797 innixi
1119 3760 1218 3813 per
1237 3743 1418 3800 lorum
1452 3747 1742 3810 incedant,
1775 3756 1829 3802 et
1860 3749 1915 3802 iu
1958 3763 2052 3803 so-

475 3830 590 3886 litis
637 3833 1000 3891 conventibus
1046 3838 1352 3904 assideant,
1384 3847 1438 3892 et
1488 3840 1674 3909 pueris
1732 3838 2054 3896 ludentibus

476 3918 667 3987 plateae
708 3921 1036 3988 redundent,
1070 3925 1219 3996 quod
1275 3927 1331 3983 in
1385 3928 1614 3984 urbibus
1677 3929 2054 3986 celeberrimis

474 4009 595 4066 ﬂeri
627 4011 788 4069 solet.
814 4011 933 4070 Hoc
958 4015 1106 4071 enim
1130 4017 1455 4086 declaravit,
1487 4035 1612 4075 cum
1647 4019 1788 4075 dixit
1823 4040 1838 4076 :

544 4179 713 4242 Vens.
743 4183 800 4252 4,
834 4184 889 4242 5.
934 4203 955 4239 ι
990 4186 1187 4245 Adhuc
1216 4189 1488 4246 sedebunt
1523 4207 1686 4249 senes
1730 4201 1787 4250 et
1818 4195 2054 4251 anicula

470 4277 527 4333 in
589 4279 785 4349 plateis
835 4280 1260 4357 Hierosolyma,
1312 4289 1697 4360 unusquisque
1761 4289 1817 4345 in
1886 4307 2054 4346 manu

473 4371 781 4443 scipionem
803 4384 966 4429 suum
997 4383 1193 4433 tenens
1247 4393 1358 4448 prae
1406 4381 1762 4437 multitudine
1811 4382 2052 4437 dierum.

473 4460 542 4516 Et
589 4463 784 4532 plateae
807 4465 1047 4523 civitatis
1103 4469 1462 4539 replebuntur
1501 4475 1689 4544 pueris
1726 4482 1782 4529 et
1823 4475 2049 4544 puellis,

473 4553 796 4613 ludentibus
852 4557 907 4613 in
959 4559 1160 4630 plateis
1198 4561 1339 4631 ejus.
1386 4583 1406 4616 ι
1437 4564 1645 4621 Deinde
1691 4564 1854 4621 Iidem
1913 4567 2053 4623 facit

474 4645 785 4716 verborum,
820 4656 1150 4720 potestatem
1186 4667 1344 4708 suam
1383 4654 1764 4728 interponens.

548 4825 715 4883 Vens.
749 4827 802 4884 6.
832 4846 850 4880 ι
901 4827 1026 4885 Haec
1054 4831 1189 4886 dicit
1234 4831 1504 4889 Dominus
1544 4828 1898 4900 omnipotens
1935 4850 1948 4887 :
1993 4831 2052 4889 Si

477 4917 818 4986 impossibile
838 4917 1008 4974 fuerit
1046 4935 1235 4976 coram
1276 4922 1527 4994 reliquiis
1571 4920 1762 4992 populi
1794 4921 1963 4993 hujus
1993 4924 2052 4979 in

475 5007 670 5064 diebus
698 5009 829 5078 illis,
852 5012 1098 5082 nunquid
1131 5021 1186 5066 et
1219 5029 1408 5068 coram
1436 5029 1522 5069 me
1541 5012 1886 5082 impossibile
1907 5015 2052 5070 erit?

475 5099 612 5155 dicit
635 5099 901 5157 Dominus
933 5102 1303 5174 omnipotens.
1342 5124 1362 5158 ι
1395 5103 1508 5162 Vos
1533 5105 1702 5170 enim,
1743 5104 1944 5177 inquit,
1981 5106 2050 5162 ad

475 5199 717 5247 vestram
748 5193 1084 5262 paucitatem
1109 5201 1162 5249 et
1183 5197 1426 5271 inOpiam
1446 5197 1826 5272 respicientes,
1855 5197 2050 5254 horum

549 5385 577 5448 9
614 5373 788 5430 Exod.
827 5390 921 5443 xx,
952 5376 1006 5431 5.

2154 3363 2414 3435 ἀλήθειαν
2461 3361 2561 3430 τῆς
2613 3357 2954 3430 προφητείας
3006 3357 3145 3427 μετὰ
3191 3355 3290 3426 τὴν
3339 3351 3431 3407 τοῦ
3483 3350 3745 3420 Σωτῆρος

2156 3453 2311 3525 ήμῶν
2344 3450 2756 3522 ὲνανθρὼπησιν
2789 3448 3085 3516 διέγνωσαν
3117 3447 3377 3510 ἅπαντες.
3428 3443 3574 3518 Πρὸς
3617 3441 3746 3493 τού-

2154 3563 2269 3608 τοις
2292 3545 2638 3612 ὑπισχνεῖται
2673 3540 2769 3593 καὶ
2800 3539 3002 3610 πλῆθος
3038 3538 3338 3611 οἰκητόρων
3377 3534 3637 3605 παρέξειν
3673 3533 3744 3602 τῇ

2157 3635 2330 3699 πόλει,
2379 3634 2473 3688 καὶ
2502 3634 2580 3696 είς
2605 3633 2781 3704 γῆρας
2810 3631 3007 3693 αὐτοὺς
3029 3629 3244 3682 ἐλάσειν
3295 3626 3454 3698 βαθὺ,
3478 3625 3620 3679 ὣστε
3648 3627 3748 3679 καὶ

2158 3724 2483 3797 βακτηρίαις
2520 3721 2995 3792 σκηριπτομένους
3033 3719 3175 3773 κατὰ
3204 3719 3304 3783 τὴν
3337 3717 3546 3788 ἀγοράν
3580 3717 3744 3780 ἰέναι,

2155 3819 2250 3872 καὶ
2285 3819 2344 3870 ὲν
2374 3818 2486 3878 τοῖς
2535 3814 2789 3885 συνήθεσι
2822 3813 3102 3880 συλλόγοις
3131 3810 3425 3882 καθῆσθαι,
3473 3809 3570 3863 κα)⁸
3618 3825 3747 3880 μει-

2161 3911 2369 3982 ρακίων
2417 3907 2722 3973 παιζόντων
2755 3905 3092 3978 πληροῢσθαι
3126 3905 3226 3969 τὰς
3271 3903 3489 3974 ἀγυιὰς,
3536 3904 3674 3972 ὅπερ
3697 3901 3766 3964 ³³,

2156 4007 2215 4059 ἐν
2265 4003 2388 4065 ταῖς
2447 3996 2894 4070 πολυανθρώποις
2950 3997 3109 4050 εἴωθε
3169 3994 3482 4066 γίνεσθαι³¹⁵
3528 3993 3746 4048 πόλεσι.

2157 4096 2344 4152 Ταῦτα
2375 4093 2485 4165 γὰρ
2521 4092 2812 4161 ἐδήλωσεν,
2843 4088 3081 4161 εἰρηκώς
3101 4103 3117 4120 ο

2226 4188 2290 4252 δ’,
2318 4192 2378 4240 ε’.
2413 4205 2432 4236 ι
2476 4185 2598 4238 Ἔτι
2627 4181 2960 4252 καθήσονται
2987 4177 3349 4254 πρεσϐύτεροι
3377 4177 3475 4232 καὶ
3508 4173 3750 4244 πρεσϐύ-

2155 4296 2311 4349 τεραι
2343 4278 2402 4331 ὲν
2443 4275 2563 4339 ταῖς
2595 4271 2876 4333 πλατείαις
2918 4270 3316 4343 Ἰερουσαλὴμ,
3365 4269 3597 4332 ἕκαστος
3641 4267 3748 4338 τὴν

2159 4370 2354 4440 ῥάϐδον
2389 4364 2555 4421 αὐτοῦ
2585 4365 2727 4436 ἔχων
2758 4365 2815 4417 ἐν
2846 4365 2911 4433 τῇ
2942 4361 3088 4434 χειρὶ
3116 4360 3306 4427 αὐτοῦ,
3346 4360 3456 4416 ἀπὸ
3501 4359 3747 4431 πλήθους

2156 4458 2406 4531 ήμερῶν.
2442 4457 2554 4511 Καὶ
2583 4457 2642 4509 αἱ
2681 4453 2934 4508 πλατεῖαι
2960 4452 3062 4524 τῆς
3097 4453 3306 4517 πόλεως
3331 4451 3748 4524 πλησθήσονται

2085 4533 2131 4591 θ
2158 4550 2455 4621 παιδαρίων
2483 4547 2578 4602 καὶ
2607 4545 2879 4618 κορασίων
2906 4543 3208 4610 παιζόντων
3229 4547 3286 4597 ὲν
3307 4547 3427 4608 ταῖς
3453 4543 3750 4608 πλατείαις

2149 4643 2348 4714 αὐτῆς.
2394 4659 2413 4693 ›
2478 4637 2614 4696 Εἶτα
2660 4635 2945 4692 πιστοῦται
2977 4636 3106 4701 τοὺς
3157 4636 3350 4706 λόγους
3381 4636 3484 4708 τὴν
3529 4636 3748 4690 οἰκείαν

2154 4735 2384 4805 δύναμιν
2414 4733 2669 4803 παρέχων
2699 4730 2981 4800 ἐχέγγυον.
3775 4795 3778 4797 γ

2228 4833 2302 4892 ς’,
2336 4845 2354 4877 ι
2392 4823 2532 4877 Τάδε
2566 4821 2715 4890 λέγει
2747 4821 2952 4893 Κύριος
2984 4820 3414 4892 παντοκράτωρ·
3448 4819 3514 4873 El
3547 4819 3749 4873 ἀδυνα-

2154 4920 2307 4991 τήσει
2337 4914 2568 4972 ἐνώπιον
2593 4912 2702 4967 τῶν
2726 4912 3074 4966 καταλοίπων
3113 4910 3209 4965 τοῦ
3234 4910 3366 4965 λαοῦ
3389 4910 3583 4965 τούτου
3609 4911 3656 4944 ³⁸
3687 4912 3748 4964 ὲν

2157 5013 2279 5074 ταῖς
2313 5006 2550 5081 ήμέραις
2581 5005 2840 5067 ἐκείναις,
2883 5004 2959 5074 μὴ
3004 5004 3101 5057 καὶ
3140 5003 3374 5057 ἐνώπιόν
3410 5021 3512 5074 μου
3546 5003 3751 5056 ἀδυνα-

2156 5103 2342 5176 τήσει;
2372 5098 2521 5168 λέγει
2550 5096 2753 5168 Κύριος
2779 5096 3229 5168 παντοκράτωρῃ
3270 5095 3459 5166 Ὑμεῖς
3485 5094 3586 5166 μὲν
3609 5094 3747 5166 γὰρ,

2159 5193 2347 5267 φησὶν,
2369 5192 2448 5256 είς
2478 5189 2578 5260 τὴν
2604 5187 2813 5244 οἰκείαν
2837 5187 3152 5258 ἀφορῶντες
3181 5187 3473 5260 ὀλιγότητα
3510 5188 3608 5242 καὶ
3643 5203 3752 5240 πε·-

1761 5527 1998 5586 ἾΑΒΙΑΕ
2038 5525 2330 5587 LECTION
2341 5528 2441 5585 ES.

571 5684 621 5718 “
640 5682 764 5740 αὐτ.
797 5684 838 5740 C
868 5685 993 5741 add.
1026 5682 1103 5747 ὡς
1139 5681 1199 5737 ὲν
1236 5679 1480 5739 λαίλαπι.
1555 5685 1598 5715 ’⁷
1631 5701 1685 5753 γ.
1732 5683 1879 5740 tuo.
1911 5683 1955 5738 Δ
1981 5684 2082 5754 τὴν
2125 5684 2406 5754 ὲκλεκτήν.
2504 5686 2550 5718 ³⁸
2583 5686 2720 5756 πρός
2756 5703 2843 5758 με.
2877 5687 3000 5740 Des.
3048 5685 3103 5739 in
3141 5683 3205 5742 Α.

571 5753 675 5826 ιέγ.
719 5752 803 5826 Ex
863 5756 905 5814 ο
963 5753 1145 5826 suppl.
1256 5753 1300 5788 ἰ
1339 5753 1385 5808 Α
1427 5756 1856 5826 κατασκηνώσω.
1971 5754 2165 5826 ³¹Ζορ.
2224 5755 2266 5810 C
2326 5770 2511 5826 prtem.
2570 5757 2686 5813 τοῦ.
2794 5757 2840 5790 ³³
2895 5756 2938 5812 C
2971 5755 3181 5826 ὥσπερ.

479 5753 675 5827 *ξ-λέγ.
719 5752 803 5827 Ex
863 5756 905 5814 ο
963 5753 1145 5827 suppl.

1256 5753 1300 5788 "
1339 5753 1385 5808 Α
1427 5756 1856 5828 κατασκηνώσω.

495 5821 773 5880 ⁸⁸Ωτσῢ.
834 5851 848 5866 -

3314 5685 3360 5717 ”
3388 5683 3431 5739 A
3471 5683 3751 5755 ἐζήλωκα.

2794 5757 2840 5790 ³³
2895 5756 2938 5812 C
2971 5755 3181 5828 ὥσπερ.
3260 5755 3304 5789 ⁸⁸
3347 5755 3389 5812 C
3436 5754 3751 5826 γίγνεσθαι.
