4090 6420
499 446 641 516 1915

1563 445 2060 508 THEODORETI'
2080 443 2424 506 EPISCOPI
2444 441 2810 504 CYRENSIS

3625 425 3765 500 1916

499 558 571 614 Ut
623 574 752 616 vero
793 559 848 615 in
911 558 1059 614 hunc
1117 554 1341 612 modum
1395 554 1479 612 eis
1539 555 1788 612 animum
1839 555 2072 617 addidit.

2175 553 2238 608 τὸ
2266 552 2463 624 πέρας.
2503 550 2662 605 Οὕτω
2704 546 3138 620 παραθαρρυνας
3185 543 3408 611 αὐτοὺς,
3458 542 3623 599 πάλιν
3674 542 3765 596 ἐπ’

496 665 693 705 rursus
738 649 806 704 ad
849 649 1107 704 virtutem
1172 647 1520 712 adhortatur,
1570 652 1627 701 et
1681 660 1805 716 quae
1860 647 2070 717 agenda

495 737 630 803 sint,
661 737 920 808 explicat.

573 848 593 882 ε
631 829 910 886 Contldite
942 827 1168 899 :(Vens.
1193 827 1419 898 l6.)lsti
1445 841 1577 885 sunt
1600 843 1906 893 sermones,
1937 845 2078 900 quos

499 920 738 976 facietis.
777 939 798 972 ι
835 920 978 975 Ante
1005 920 1190 975 omnia
1221 921 1485 992 praecipit,
1529 931 1590 976 ut
1620 921 1908 978 veritatem
1934 928 1950 944 ‘
1983 936 2077 974 co-

499 1012 632 1065 lant.
677 1029 697 1063 (
733 1011 1047 1082 Loquimini
1081 1012 1250 1078 enim,
1288 1013 1499 1083 inquit,
1550 1014 1838 1069 veritatem
1862 1053 1876 1080 ,
1908 1028 2076 1090 unus:

498 1106 734 1176 quisque
766 1105 834 1160 ad
881 1105 1194 1175 proximum
1249 1119 1434 1160 suum.
1466 1123 1486 1157 ι
1519 1103 1656 1160 Tum
1699 1105 1809 1161 illis
1863 1105 1955 1176 qui
2006 1105 2078 1160 ob

496 1211 588 1253 res
614 1197 903 1267 quaspiam
936 1198 1214 1262 rixantur,
1257 1197 1508 1268 praecipit
1541 1206 1601 1252 ut
1651 1211 1840 1268 pacem
1874 1197 2078 1267 ample-

495 1293 742 1342 ctantur.
780 1305 799 1338 ι
825 1286 891 1342 Ει
923 1287 1196 1357 judicium
1229 1286 1518 1356 pacificum
1563 1286 1807 1356 iudicate
1847 1287 1906 1343 in
1946 1303 2076 1358 por-

496 1380 570 1437 tis
602 1381 827 1437 vestris.
878 1399 899 1433 ι
932 1378 1200 1451 Itemque,
1232 1388 1293 1435 ut
1325 1380 1543 1452 injuriae
1585 1387 1823 1450 acceptae
1865 1394 2077 1436 memo-

496 1471 635 1526 riam
656 1487 724 1528 οι
748 1472 931 1527 animo
960 1472 1214 1542 ejiciant:

570 1562 737 1622 Vens.
771 1565 859 1618 l7.
885 1585 904 1617 ι
946 1563 1014 1618 Ει
1036 1565 1418 1637 unusquisque
1457 1564 1662 1620 malum
1696 1564 1951 1636 proximo
1976 1579 2079 1621 suo

499 1669 606 1710 non
641 1655 847 1725 cogitet
893 1656 950 1710 in
985 1656 1250 1711 cordibus
1287 1656 1514 1712 vestris.
1550 1675 1568 1708 ι
1600 1654 1688 1722 Ει,
1741 1664 1801 1711 ut
1852 1657 1948 1727 qui
1981 1655 2077 1726 ju-

499 1749 622 1796 rant
657 1742 967 1812 juramenta
995 1753 1114 1800 rata
1150 1744 1376 1812 faciant,
1404 1754 1458 1801 et
1489 1745 1618 1800 odio
1652 1746 1895 1803 habeant
1916 1763 2074 1802 men-

496 1832 738 1889 dacium.
772 1852 792 1886 ι
825 1833 1209 1892 Juramentum
1252 1837 1402 1893 enim
1452 1839 1711 1903 mendax,
1769 1839 1970 1910 inquit,
2004 1855 2074 1896 ne

2181 644 2385 717 ἀρετὴν
2413 643 2734 716 προτρέπει,
2763 641 2858 694 καὶ
2881 639 3182 710 εἰσηγεῖται
3212 636 3282 690 τὰ
3309 636 3582 707 πρακτέα.

2256 839 2275 874 ι
2304 821 2568 892 Θαρσεῖτε
2587 835 2604 850 ο
2636 817 2785 890 (ις’.)
2807 809 2968 871 Οὗτοι
2988 814 3039 868 oi
3061 813 3232 882 λόγοι,
3260 809 3356 874 οὓς
3375 808 3710 881 ποιήσετεδῆ
3737 827 3758 862 ι
3783 861 3790 873 ,

2178 915 2294 986 Πρὸ
2323 891 2543 968 πάντων
2569 913 2738 983 τιμᾷν
2761 909 3020 980 ἀλήθειαν
3049 905 3288 961 κελεύει.
3332 922 3350 954 ι
3379 902 3608 956 Δαλεῖτε
3628 903 3761 972 γὰρ,
3786 891 3795 907 “

2178 1007 2363 1077 φησιν,
2400 1004 2658 1076 ἀλήθειαν
2686 1003 2917 1064 ἕκαστος
2946 999 3084 1068 πρὸς
3129 996 3221 1050 τὸν
3255 995 3483 1066 πλησίον
3515 992 3704 1046 αὐτοῦ.
3737 1011 3756 1044 ι

2178 1094 2314 1152 Εἶτα
2340 1097 2435 1150 καὶ
2464 1097 2577 1158 τοῖς
2625 1097 2759 1164 περί
2801 1108 2963 1146 τινων
2995 1085 3370 1159 ζυγομαχοῦσι
3414 1084 3762 1158 πραγμάτων

2177 1189 2404 1260 εἰρήνην
2435 1185 2744 1258 βραϐεύειν.
2779 1202 2799 1237 ι
2825 1185 3018 1253 Κρῖμα
3037 1181 3147 1252 γὰρ
3169 1177 3447 1250 εἰρηνικὸν
3478 1177 3761 1248 κρίνατε⁸⁶

2177 1282 2237 1335 ὲν
2266 1283 2386 1344 ταῖς
2414 1278 2614 1341 πύλαις
2645 1276 2821 1348 ὑμῶν.
2853 1294 2873 1328 ι
2907 1275 3020 1330 Καὶ
3047 1273 3148 1344 τὴν
3178 1271 3548 1345 μνησικακίαν
3565 1269 3623 1324 δὲ
3651 1268 3768 1324 τῶν

2175 1371 2365 1444 ψυχῶν
2413 1369 2744 1437 ἐξελαύνειν.

2253 1553 2335 1618 ιζ’.
2387 1569 2408 1604 ι
2435 1551 2546 1606 Καὶ
2579 1551 2814 1614 ἕκαστος
2857 1547 2988 1620 γὰρ,
3034 1547 3220 1617 φησὶν,
3253 1543 3354 1600 τοῦ
3386 1543 3615 1617 πλησίον
3657 1543 3768 1598 αὖ⁸

2175 1641 2272 1696 τοῦ
2306 1642 2351 1675 ⁵¹
2387 1641 2486 1712 τὴν
2532 1640 2730 1695 κακίαν
2783 1639 2858 1710 μὴ
2902 1637 3184 1706 λογίζεσθε
3235 1636 3294 1690 ἐν
3337 1637 3458 1701 ταῖς
3507 1635 3764 1708 καρδίαις
3848 1629 3854 1634 ’

2176 1733 2352 1804 ὑμῶν.
2384 1752 2404 1786 r
2443 1732 2556 1786 Καὶ
2578 1730 2850 1802 ὀμνύντας
2878 1730 2937 1784 δὲ
2967 1727 3235 1800 ἐμπεδοῦν
3262 1728 3389 1792 τοὺς
3415 1728 3636 1799 ὅρκους,
3665 1727 3764 1781 καὶ

2174 1825 2236 1879 τὸ
2267 1824 2463 1896 ψεῦδος
2507 1821 2898 1895 μυσάττεσθαι.
2957 1840 2976 1873 ι
3004 1821 3208 1893 Ὅρκον
3239 1820 3369 1890 γάρ,
3403 1819 3558 1889 φησὶ,
3585 1819 3760 1890 ψευδῆ

498 1924 766 1996 diligatis,
799 1928 929 1997 quia
959 1927 1076 1984 hzec
1100 1929 1287 1984 omnia
1327 1929 1441 1996 odi,
1473 1929 1608 1985 dicit
1636 1930 1905 1987 Dominus
1957 1947 2073 1986 om-

2183 1919 2257 1991 μη
2304 1919 2594 1986 ἀγαπᾶτεο
2643 1917 2826 1971 πάντα
2871 1914 2983 1985 γάρ
3026 1913 3098 1966 τά
3139 1912 3366 1966 τοιαῦτα
3397 1913 3443 1944 ⁵¹
3493 1910 3759 1982 ἐμίσησα,

495 2016 776 2087 nipotens.
812 2038 832 2072 ι
875 2020 1105 2087 Deinde,
1135 2022 1395 2091 quoniam
1432 2022 1780 2092 supradixit
1834 2038 1895 2079 se
1951 2025 2074 2078 nul-

495 2109 604 2163 lam
652 2111 945 2167 utilitatem
1005 2127 1071 2167 ex
1120 2112 1334 2182 jejunio
1369 2113 1654 2184 percipere
1693 2116 1771 2180 (et
1804 2113 1908 2169 hoc
1935 2113 2076 2168 dixit

495 2213 718 2272 propter
744 2218 862 2268 eos,
892 2202 986 2273 qui
1015 2203 1433 2259 arbitrabantur
1461 2204 1567 2259 hoc
1601 2204 1722 2259 solo
1763 2203 1932 2260 Deum
1967 2205 2073 2260 coli

494 2309 561 2350 ac
606 2295 934 2367 observari),
977 2303 1280 2367 postquam
1339 2311 1532 2352 omnes
1583 2297 1808 2354 virtutis
1860 2299 2074 2370 species

495 2386 706 2454 docuit,
742 2402 868 2442 cum
917 2387 1005 2444 his
1038 2389 1205 2444 etiam
1242 2388 1520 2460 jejunium
1555 2389 1805 2460 praecipit
1843 2431 1864 2446 .

561 2563 732 2621 Vens.
767 2564 854 2620 l9.
893 2583 912 2617 ι
956 2563 1084 2620 Haec
1134 2563 1272 2619 dicit
1337 2563 1604 2619 Dominus
1659 2563 2010 2636 omnipotens
2056 2583 2071 2618 :

487 2652 770 2725 Jejunium
825 2665 1103 2727 quartum,
1140 2655 1485 2726 etjejunium
1530 2654 1808 2724 quintum,
1850 2663 1906 2710 et
1927 2653 2076 2724 jeju-

490 2746 644 2801 nium
689 2746 983 2816 septimum
1007 2785 1023 2808 ,
1057 2754 1112 2800 et
1149 2745 1422 2815 jejunium
1465 2745 1740 2800 decimum
1781 2753 1942 2800 erunt
1975 2743 2073 2800 do-

489 2835 605 2890 mui
645 2833 800 2890 Inda:
855 2835 909 2889 in
955 2835 1212 2905 gaudium
1267 2843 1322 2889 et
1362 2835 1630 2900 laetitiam,
1677 2835 1892 2905 1629
1923 2843 1977 2889 et
2019 2835 2073 2889 in

489 2924 822 2980 festivitates
847 2924 1120 2988 bonas,et
1151 2923 1432 2987 laetemini,
1465 2931 1521 2978 et
1555 2924 1842 2978 veritatem
1879 2935 1936 2978 et
1976 2941 2076 2994 pa-

490 3031 611 3072 cem
663 3015 895 3086 diligite.
929 3033 948 3066 ι
983 3014 1102 3070 Non
1157 3014 1455 3070 obscurum
1511 3022 1638 3079 est,
1689 3025 1948 3085 quartum
2020 3023 2076 3071 et

491 3107 770 3178 quintum,
799 3115 854 3162 et
883 3107 1212 3176 septimum,
1246 3121 1354 3161 non
1407 3105 1768 3160 hebdomadis
1799 3105 1937 3171 dici,
1977 3105 2074 3161 sed

492 3197 726 3263 mensis,
761 3197 891 3268 quia
919 3198 1087 3254 etiam
1122 3195 1399 3253 decimum
1423 3195 1699 3266 adjunxit.
1725 3194 2070 3266 Jejuuantes,

492 3289 716 3360 inquit,
771 3305 842 3347 ne
880 3290 1130 3348 molestia
1173 3289 1494 3344 aﬂiciamini
1525 3290 1597 3345 ob
1621 3291 1731 3346 cibi
1790 3291 2074 3347 abstinen-

419 3431 430 3436 ,
491 3382 771 3448 tiam,sed
798 3392 1024 3454 propter
1059 3382 1356 3438 utilitatem
1396 3399 1519 3454 quae
1543 3399 1612 3438 ex
1655 3384 1914 3440 molestia
1955 3384 2073 3439 ori-

486 3482 581 3529 tur
610 3474 869 3530 laatamini
909 3491 926 3531 :
962 3483 1018 3529 at
1049 3489 1180 3530 vero
1230 3490 1356 3529 cum
1391 3474 1607 3543 jejunio
1636 3483 1692 3530 et
1732 3475 1942 3546 absque
1976 3477 2073 3530 illo

442 3619 448 3625 .
486 3565 775 3621 veritatem
802 3572 858 3618 et
890 3579 1078 3635 pacem
1130 3563 1405 3620 adamate.
1435 3563 1532 3620 Est
1582 3573 1764 3620 autem
1817 3565 2069 3620 animad-

486 3655 808 3710 vertendum
866 3656 1005 3711 alios
1072 3655 1434 3725 interpretes,
1485 3656 1742 3726 Aquilam
1819 3657 2070 3718 scilicet,

486 3744 942 3812 Theodotionem,
971 3753 1028 3800 et
1059 3743 1472 3816 Symmachum,
1501 3762 1610 3800 non
1647 3747 1876 3814 dixisse,
1907 3764 2071 3818 quar-

489 3842 600 3888 tum
631 3841 686 3890 et
715 3833 982 3905 quintum,
1015 3841 1070 3889 et
1094 3833 1399 3904 septimum,
1423 3842 1477 3889 et
1493 3835 1755 3888 decimum
1780 3835 2066 3905 jejunare:

487 3927 584 3985 sed
611 3927 881 3998 jejunium
913 3935 1026 3982 tres
1052 3927 1130 3982 illi
1160 3927 1353 3982 eodem
1394 3928 1555 3998 plane
1605 3928 1770 3983 modo
1803 3929 2068 3984 dixerunt

483 4021 695 4091 quarti,
735 4029 790 4074 et
838 4021 1044 4090 quinti,
1079 4031 1127 4074 et
1167 4020 1418 4090 septimi,
1453 4029 1502 4074 et
1560 4019 1801 4074 decimi:
1841 4027 1901 4074 ut
1935 4021 2068 4075 nulli

483 4111 710 4168 dubium
752 4112 862 4178 sit,
896 4112 1029 4183 quin
1057 4123 1290 4182 quarto,
1348 4114 1567 4182 quinto,
1602 4113 1839 4184 septimo
1881 4120 1937 4168 et
1967 4112 2067 4168 de-

483 4205 628 4261 cimo
657 4219 847 4262 mense
871 4203 1126 4274 jejunare
1157 4204 1508 4274 praeceperit.

555 4381 723 4438 Vens.
753 4379 951 4436 20-22.
982 4399 1001 4432 ι
1040 4378 1166 4436 Haec
1202 4380 1339 4436 dicit
1367 4377 1642 4436 Dominus
1671 4381 2063 4451 omnipotens:

2176 2009 2328 2078 λέγει
2352 2009 2558 2080 Κύριος
2588 2006 3008 2076 παντοκράτωρ.
3041 2023 3060 2056 ι
3099 2000 3252 2070 Εἶτα,
3285 2002 3478 2074 ἐπειδὴ
3509 2002 3624 2056 άνω
3655 2002 3764 2072 ἔφη

2175 2095 2338 2159 αὐτὸς
2390 2095 2661 2166 μηδεμίαν
2709 2097 2773 2148 ἐκ
2820 2094 2922 2163 τῆς
2981 2093 3239 2164 νηστείας
3292 2093 3562 2160 ὠφέλειαν
3626 2109 3766 2163 καρ-

2176 2185 2410 2241 ποῦσθαι
2463 2187 2483 2257 (
2505 2187 2608 2257 ἔφη
2655 2186 2714 2240 δέ
2757 2184 2915 2240 τοῦτο
2957 2183 3048 2238 διά
3093 2186 3222 2248 τοῦς
3265 2185 3546 2254 οἰομένους
3584 2184 3764 2254 τούτῳ

2178 2279 2324 2351 μόνῳ
2358 2278 2451 2332 τὸν
2489 2277 2623 2332 Θεὸν
2669 2276 3138 2348 θεραπεύεσθαι),
3169 2276 3384 2341 διδάξας
3433 2277 3650 2332 ἅπαντα
3692 2278 3762 2331 τὰ

2175 2370 2291 2438 είδη
2342 2370 2441 2440 τῆς
2485 2370 2709 2441 ἀρετῆς,
2757 2369 3039 2440 νομοθετεῖ
3087 2371 3223 2440 μετά
3263 2369 3471 2422 τούτων
3519 2369 3616 2423 καὶ
3663 2368 3762 2441 τὴν

2175 2459 2453 2531 νηστείαν.

2248 2549 2334 2604 ιϐ’.
2385 2568 2404 2602 ‹
2435 2550 2575 2605 Τάδε
2598 2550 2746 2620 λέγει
2772 2551 2978 2624 Κύριος
3000 2552 3398 2624 παντοκράτωρ
3417 2569 3432 2583 ο
3461 2553 3703 2625 Νηστεία
3725 2553 3760 2624 ή

2175 2644 2462 2716 τετράς⁵³,
2511 2645 2608 2699 καὶ
2654 2643 2880 2715 νηστεία
2925 2645 2958 2714 ὴ
3011 2644 3260 2716 πέμπτη,
3301 2645 3397 2699 καὶ
3444 2645 3671 2717 νηστεία
3726 2648 3760 2715 ἡ

2177 2736 2417 2806 ἑϐδόμη,
2470 2736 2567 2789 καὶ
2613 2734 2842 2806 νηστεία
2889 2736 2924 2805 ἡ
2962 2734 3188 2806 δεκάτη,
3237 2734 3451 2790 ἔσονται
3501 2734 3580 2806 τῷ
3627 2737 3762 2807 οἰκῳ

2190 2827 2361 2882 Ἰούδα
2389 2831 2470 2890 εἰς
2496 2827 2673 2899 χαρὰν
2706 2830 2801 2882 καὶ
2840 2827 3262 2900 εύφροσύνηνδδ,
3311 2830 3408 2883 καὶ
3449 2831 3530 2892 εἰς
3569 2829 3764 2900 ἑορτὰς

2177 2919 2410 2987 ἀγαθάς,
2441 2920 2537 2973 καὶ
2569 2919 3038 2989 εύφρανθήσεσθε,
3085 2921 3181 2974 καί
3223 2921 3326 2990 τὴν
3365 2920 3624 2991 ἀλήθειαν
3667 2919 3766 2974 καὶ

2175 3013 2273 3082 τὴν
2299 3013 2524 3084 εἰρήνην
2551 3011 2900 3082 ἀγαπήσατε.
2935 3031 2956 3065 s
3007 3013 3179 3084 Δῆλον
3210 3014 3268 3067 δὲ
3314 3015 3396 3068 ὅτι
3437 3014 3670 3086 τετράδα
3691 3016 3762 3081 ⁸⁸,

2177 3103 2275 3158 καὶ
2302 3104 2581 3175 πέμπτην,
2613 3103 2709 3157 καὶ
2742 3103 3001 3175 ἑϐδόμην,
3049 3105 3112 3159 ού
3141 3105 3241 3177 τῆς
3270 3107 3585 3178 ἑϐδομάδος,
3625 3106 3767 3162 ἀλλά

2176 3192 2270 3246 τοῦ
2322 3193 2490 3264 μηνὸς
2541 3191 2842 3264 ὀνομάζει,
2892 3193 3027 3248 διότι
3072 3195 3170 3249 καὶ
3205 3196 3440 3268 δεκάτην
3484 3199 3760 3269 ἐπήγαγε.

2101 3250 2144 3310 c
2178 3250 2570 3356 Νηστεύοντες,
2597 3250 2752 3357 φῆσί,
2783 3250 2858 3357 μή
2881 3286 3106 3340 ἀνιᾶσθε
3131 3287 3222 3341 διὰ
3354 3250 3767 3354 ἀσιτίαν.ίάλῖλά

2177 3377 2266 3432 διά
2296 3377 2393 3449 τὴν
2439 3378 2505 3430 ἐκ
2535 3377 2638 3446 τῆς
2675 3377 2976 3447 κακουχίας
3028 3378 3305 3448 φυομένην
3351 3380 3625 3448 ὠφέλειαν
3672 3381 3767 3434 εύ-

2177 3469 2473 3540 φραίνεσθε
2499 3485 2514 3498 °
2564 3471 2662 3522 καὶ
2699 3469 2839 3540 μετά
2872 3469 3128 3538 νηστείας
3161 3470 3218 3523 δὲ
3262 3470 3358 3522 καί⁸
3397 3471 3528 3524 ἄνευ
3558 3469 3768 3541 ταύτης

2175 3561 2276 3634 τὴν
2323 3562 2454 3633 περὶ
2501 3561 2599 3632 τὴν
2643 3561 2902 3630 ἀλήθειαν
2953 3563 3048 3615 καὶ
3100 3560 3198 3632 τὴν
3239 3564 3463 3633 εἰρήνην
3521 3561 3766 3616 διάθεσιν

2175 3653 2350 3722 ἔχετε.
2395 3653 2586 3706 ’ἰστέον
2617 3652 2676 3704 δὲ
2720 3653 2796 3715 ὡς
2826 3653 2876 3706 οί
2915 3652 3064 3707 ἄλλοι
3097 3653 3450 3722 ἐρμηνευταὶ,
3503 3652 3763 3716 Ἀκύλας,

2175 3741 2342 3812 φημὶ,
2379 3742 2471 3794 καὶ
2499 3741 2812 3807 Θεοδοτίων,
2849 3743 2944 3797 καὶ
2976 3742 3294 3814 Σύμμαχος,
3322 3743 3385 3796 ού
3414 3731 3517 3816 τὴν
3553 3745 3766 3812 τετρά-

2172 3831 2249 3884 δα
2263 3832 2308 3863 ⁸⁵
2327 3829 2496 3900 λέγει,
2520 3831 2616 3885 καὶ
2637 3830 2934 3902 πέμπτην,
2959 3832 3055 3886 καὶ
3079 3832 3358 3902 ἑϐδόμην,
3386 3834 3476 3887 καὶ
3502 3833 3768 3903 δεκάτην

2173 3921 2476 3994 νηστεύειν,
2498 3922 2634 3976 άλλά
2653 3925 2942 3992 νηστείαν
2963 3923 3171 3994 ἔφασαν
3195 3923 3500 3996 συμφώνως
3523 3928 3570 3980 οἰ
3591 3929 3764 3994 τρεῖς,

2134 4015 2206 4086 ’ἡ
2256 4014 2350 4068 τοῦ
2398 4013 2704 4084 τετάρτου,
2752 4016 2846 4068 καί⁵
2891 4017 2924 4086 ἡ
2972 4017 3066 4069 τοῦ
3118 4015 3408 4087 πέμπτου,
3452 4019 3548 4073 καὶ
3583 4021 3616 4088 ή
3659 4017 3758 4072 τοῦ

2169 4105 2444 4175 ἑϐδόμου,
2473 4107 2565 4160 καὶ
2593 4109 2626 4178 ἡ
2658 4105 2749 4160 τοῦ
2783 4105 3068 4162 δεκάτου·
3101 4107 3178 4172 ὡς
3205 4105 3342 4162 εἶναι
3371 4109 3554 4179 δῆλον,
3587 4110 3668 4163 ὅτι
3700 4112 3762 4164 ἐν

2169 4195 2247 4268 τῷ
2268 4197 2536 4269 τετάρτῳ,
2563 4197 2656 4250 καὶ
2683 4195 2761 4268 τῷ
2787 4197 3045 4269 πέμπτῳ,
3069 4198 3163 4252 καὶ
3189 4197 3267 4270 τῷ
3296 4199 3530 4273 ἑϐδόμῳ,
3555 4201 3653 4254 καὶ
3677 4199 3761 4272 τῷ

2169 4289 2379 4360 δεκάτῳ
2413 4289 2546 4360 μηνὶ
2582 4289 2836 4362 νηστείαν
2867 4289 3188 4361 προσέταξε.

2238 4380 2421 4451 κ’-κβ¹.
2481 4399 2501 4432 ι
2530 4380 2671 4434 Τάδε
2699 4380 2865 4449 λέγει
2907 4381 3115 4453 Κύριος
3159 4383 3556 4456 παντοκράτωρ
3581 4400 3595 4416 ο
3634 4383 3763 4438 Ἔτι

481 4473 679 4529 Adhuc
703 4473 925 4529 venient
951 4473 1140 4542 p0puli
1169 4473 1348 4538 multi,
1377 4480 1433 4527 et
1468 4472 1810 4528 habitatores
1844 4470 2064 4526 urbium

2174 4469 2358 4542 ἥξουσι
2385 4471 2506 4526 λαοὶ
2539 4472 2726 4527 πολλοὶ
2743 4473 2810 4541 ⁵⁸,
2859 4474 2956 4529 καὶ
2988 4473 3373 4540 κατοικοῦντες
3409 4476 3594 4539 πόλεις
3628 4476 3762 4530 πολ-

481 4567 803 4621 multarum.
855 4564 931 4620 Et
991 4565 1482 4637 congregabuntur
1563 4563 1756 4620 incola
1825 4563 2067 4633 quinque

2174 4561 2288 4628 λάς.
2319 4563 2430 4617 Καὶ
2454 4563 2864 4619 συνελεύσονται
2895 4565 3280 4630 κατοικοῦντες
3315 4567 3480 4620 πέντε
3511 4566 3696 4628 πόλεις
3711 4567 3758 4600 ⁸⁷

481 4657 769 4713 civitatum
823 4658 880 4712 in
933 4672 1101 4712 unam
1158 4656 1462 4722 civitatem,
1519 4655 1773 4711 dicentes
1807 4670 1824 4710 :
1856 4651 2066 4711 Euntes

2174 4655 2250 4718 εἰς
2272 4657 2402 4726 μίαν
2422 4655 2601 4721 πόλιν,
2621 4655 2871 4726 λέγοντες
2891 4673 2905 4688 ·
2937 4657 3304 4730 Πορευθῶμεν
3330 4659 3692 4729 πορευόμενοι
3711 4658 3759 4690 ⁸⁸

480 4766 674 4807 eamus
709 4761 769 4806 ut
819 4751 1178 4821 deprecemur
1228 4749 1424 4804 faciem
1469 4746 1687 4803 Domini
1717 4745 2068 4816 omnipoten-

2174 4744 2483 4818 5εηθῆναι⁵¹
2510 4746 2606 4801 τοῦ
2649 4747 2947 4820 προσώπου
2985 4749 3191 4820 Κυρίου
3221 4749 3662 4821 παντοκράτορος
3686 4750 3755 4806 ⁸⁸.

483 4843 575 4900 tis.
612 4841 680 4896 Et
709 4843 934 4898 venient
989 4841 1176 4911 populi
1219 4840 1419 4906 multi,
1460 4849 1514 4894 et
1540 4847 1730 4910 gentes
1757 4839 1966 4903 multae,
2005 4846 2066 4894 ut

2174 4837 2272 4889 Καὶ
2295 4835 2484 4906 ήξουσι
2514 4835 2872 4903 λαοὶπολλοὶ,
2906 4839 3002 4892 καὶ⁵
3049 4838 3177 4910 ἔθνη
3215 4839 3406 4904 πολλὰ,
3451 4839 3758 4910 ἐκζητῆσαι

481 4937 733 5000 quierant
755 4930 966 4984 vultum
1004 4928 1219 4984 Domini
1255 4929 1651 4999 omnipotentis
1700 4927 1759 4983 in
1797 4927 2065 4984 Hieroso-

2174 4927 2223 4980 τὸ
2256 4928 2552 4999 πρόσωπον
2574 4930 2782 5002 Κυρίου
2805 4931 3251 5004 παντοκράτορος
3283 4934 3342 4986 ὲν
3374 4933 3752 5003 Ἰερουσαλὴμ,

481 5020 650 5091 lyma,
683 5028 739 5075 et
789 5021 1010 5091 expient
1066 5022 1282 5076 vultum
1333 5020 1574 5078 Domini.
1605 5039 1623 5073 ι
1658 5020 1812 5076 Adeo
1859 5021 2062 5078 nobilis

2174 5021 2266 5075 καὶ
2293 5019 2644 5088 ἐξιλάσασθαι
2671 5023 2732 5076 τὸ
2758 5023 3049 5095 πρόσωπον
3072 5025 3318 5096 Κυρίου.
3350 5044 3368 5076 ι
3417 5023 3603 5088 Οὕτως
3631 5025 3759 5076 ἐπί-

481 5122 538 5169 et
564 5110 796 5167 illustris
849 5114 954 5169 erit
997 5112 1404 5187 Hierosolyma,
1455 5123 1516 5169 ut
1564 5114 1795 5169 aliarum
1837 5115 2060 5171 urbium

2174 5130 2345 5184 σημος
2376 5111 2532 5166 ἔσται
2572 5113 2670 5167 καὶ
2721 5113 3084 5186 περίϐλεπτος
3133 5117 3166 5186 ή
3224 5115 3616 5186 Ἰερουσαλὴμ,
3679 5114 3759 5176 ὡς

482 5203 679 5260 incolae
729 5219 790 5260 se
836 5203 1069 5262 invicem
1101 5207 1393 5263 visitantes
1439 5207 1819 5271 adhortentur,
1865 5214 1920 5262 et
1967 5222 2062 5261 ex-

2174 5206 2293 5270 τοὺς
2329 5205 2430 5270 τάς
2472 5205 2639 5270 ἄλλας
2676 5205 2962 5270 οἰκοῦντας
3011 5207 3199 5270 πόλεις
3240 5208 3370 5278 παρ’
3418 5206 3755 5277 ἀλλήλους⁶Ξι

482 5304 687 5352 acuant
715 5297 780 5351 ad
819 5296 1099 5368 pietatem,
1144 5308 1205 5354 ut
1244 5297 1454 5354 relictis
1488 5313 1610 5368 quae
1643 5297 1915 5352 habentur
1939 5298 1958 5317 ⁶
2004 5295 2059 5350 in

2174 5295 2472 5366 φοιτῶντας
2504 5297 2835 5369 προτρέπειν
2887 5299 2970 5363 είς
3015 5299 3296 5354 εὐσέϐειαν
3340 5298 3625 5370 ἀλλήλους,
3659 5299 3758 5352 καὶ

1795 5481 2032 5538 VARUS
2076 5481 2480 5540 LECTIONES.

546 5637 592 5670 δ’
620 5636 664 5711 (ξ
691 5639 977 5711 ποιήσατε,
1009 5637 1257 5711 ascripta
1286 5643 1470 5692 tamen
1500 5639 1668 5694 altera
1699 5638 1955 5711 lectione.
2029 5638 2074 5670 ⁵⁸
2111 5639 2150 5692 Α
2194 5638 2430 5711 κρίνετε.
2461 5709 2472 5711 _
2507 5639 2549 5670 "
2585 5638 2706 5694 αὐτ.
2735 5637 2942 5711 Des.in
2975 5637 3038 5691 A.
3101 5638 3158 5711 ξ’
3182 5638 3226 5690 Α
3248 5637 3443 5711 mima.
3537 5637 3600 5711 ff
3628 5635 3671 5688 Λ
3701 5645 3761 5690 οι

478 5707 818 5780 gratitme
899 5709 946 5780 ’ξ
970 5709 1131 5780 εὐφρε
1162 5707 1206 5760 Α
1234 5711 1554 5780 ρι’ωηι.εἰς.
1623 5711 1672 5742 ⁸⁵
1703 5711 1744 5764 C
1793 5709 2079 5780 τετάρτην.
2189 5707 2422 5780 1⁵ιίπολλ.
2458 5709 2582 5765 Des.
2619 5711 2671 5763 in
2700 5711 2766 5765 A.
2857 5710 2916 5780 7"
2945 5727 3006 5762 π.
3045 5708 3164 5780 πόλί.
3195 5711 3236 5760 Α
3273 5707 3424 5780 μίαν.
3523 5707 3583 5780 ξε
3626 5722 3756 5780 πορ.

483 5775 906 5919 Reg?"
926 5775 1089 5850 δεηθ.⁷
1113 5775 1168 5831 In
1194 5775 1248 5832 ρι’
1265 5786 1384 5847 post
1403 5779 1606 5850 Κυρίου
1637 5781 1875 5850 ponitur.
1930 5775 2192 5834 ’⁶⁰’παντ.
2223 5781 2265 5834 Α
2299 5779 2415 5836 etC
2439 5796 2626 5851 praeut.
2660 5781 2754 5835 καὶ
2781 5779 3081 5852 ἐκζητήσαι
3112 5779 3174 5832 τὸ
3203 5775 3496 5850 πρόσωπον
3522 5777 3755 5848 Κυρίου.

769 5886 776 5898 .
834 5884 880 5912 ς.
