4090 6412
287 426 438 496 1917

1499 431 1585 492 ΙΝ
1617 430 2021 493 ZACHARIIE
2046 432 2205 494 CAP.
2241 433 2348 495 IX.

3437 421 3575 491 1918

281 543 621 613 διεγείρειν·
659 539 800 595 ὥστε
833 540 899 595 τά
931 539 991 597 ἐν
1017 539 1174 613 χερσὶ
1201 541 1626 606 καταλιπόντας,
1649 543 1728 605 είς
1755 539 1888 594 ταύ-

1995 546 2269 613 manibus,
2293 545 2348 600 in
2396 545 2544 600 banc
2583 544 2777 601 urbem
2808 541 3169 609 conveniant,
3213 547 3270 595 et
3321 537 3417 594 Dei
3463 538 3576 593 cle-

283 653 391 705 την
421 633 668 686 συνιέναι
694 633 794 704 τὴν
823 634 1002 698 πόλιν,
1037 633 1250 688 καὶτοῦ
1295 633 1432 688 Θεοῦ
1460 636 1646 704 ζητεῖν
1671 634 1772 704 τὴν
1804 633 1892 687 εύ-

287 725 525 797 μένειαν
544 743 560 758 ο
589 725 684 779 καὶ
708 725 889 795 λέγειν
913 726 1144 781 ἕκαστον
1163 742 1177 758 ο
1210 725 1382 796 Κάγὼ
1407 725 1769 799 πορεύσομαι,
1793 726 1888 778 καὶ

287 817 394 870 σὺν
445 816 579 886 ὑμῖν
626 816 1020 886 ἀπελεύσομαι.
1065 818 1178 872 Καὶ
1224 817 1385 872 τοῦτο
1431 819 1779 889 ποιήσουσιν,
1828 813 1906 869 οὑ’

269 881 468 980 ’μόνον
483 881 526 942 δ’
555 911 606 962 οἱ
632 909 691 976 ἐξ
725 881 1082 982 Ἰερουσαλὴμ
1101 911 1162 964 τὸ
1186 911 1342 979 γένος
1369 881 1722 978 κατάγοντες,
1751 896 1894 962 ἀλλά

287 1005 392 1059 καὶ
425 1003 703 1072 ἀλλόφυλα
749 1003 879 1074 έθνη
906 1005 1005 1075 τῆς
1047 1005 1196 1069 θείας
1228 1004 1552 1074 ἐπικουρίας
1580 1001 1889 1056 ἀπολαῦσαι

291 1094 597 1148 ποθοῦντα.
648 1096 759 1149 Καὶ
791 1093 967 1149 ταῦτα
999 1097 1290 1167 γεγένηται
1320 1096 1421 1166 μὲν
1450 1095 1714 1167 ἀμυδρῶς
1751 1093 1888 1165 μετά

288 1186 400 1256 τὴν
460 1187 554 1240 ἐπὶ
600 1185 696 1240 τοῦ
747 1186 1053 1258 Ζοροϐάϐελ
1111 1187 1487 1259 γεγενημένην
1535 1186 1845 1258 οἰκοδομίαν
1869 1199 1885 1214 ⁸

293 1277 447 1348 μετά
479 1276 537 1330 δέ
569 1276 668 1347 τὴν
699 1277 794 1331 τοῦ
827 1277 963 1332 Θεοῦ
992 1278 1086 1334 καὶ
1111 1281 1362 1351 Σωτῆρος
1386 1280 1546 1350 ἡμῶν
1571 1278 1660 1332 διὰ
1687 1277 1891 1348 σαρκὸς

289 1370 653 1440 ἐπιφάνειαν,
697 1373 879 1426 πᾶσαν
903 1373 1008 1444 γῆν
1036 1375 1131 1427 καὶ
1170 1373 1439 1428 θάλατταν
1473 1373 1620 1426 ἐστιν
1655 1372 1782 1426 ἰδεῖν
1809 1373 1890 1436 είς

289 1463 524 1535 ἐκείνην
565 1463 665 1536 τὴν
704 1465 860 1520 πόλιν
899 1467 1320 1537 συντρέχουσαν,
1366 1468 1460 1521 καὶ
1487 1467 1554 1521 τά
1579 1467 1688 1520 τῶν
1715 1484 1891 1538 σωτη-

293 1555 440 1623 ρίων
475 1556 818 1629 παθημάτων
848 1559 1024 1630 χωρία
1056 1559 1327 1614 ποθοῦσαν
1357 1559 1505 1614 ίδεῖν.
1540 1558 1766 1623 Τούτοις
1795 1560 1890 1613 καὶ

291 1648 366 1701 τὰ
396 1648 720 1719 ἐπαγόμενα
756 1667 821 1703 συ
829 1649 1068 1720 μϐαίνει,

369 1747 485 1808 κγ’.
533 1760 551 1793 ι
579 1741 721 1797 Τάδε
750 1741 900 1811 λέγει
933 1743 1138 1814 Κύριος
1167 1744 1565 1817 παντοκράτωρ
1585 1761 1601 1776 ο
1653 1743 1742 1798 Ἐν
1768 1745 1890 1808 ταῖς

294 1830 545 1902 ἡμέραις
575 1831 812 1897 ἐκείναις
837 1833 1196 1905 ἐπιλήψονται
1216 1835 1262 1868 ⁸³
1290 1834 1425 1889 δέκα
1453 1835 1644 1908 ἄνδρες
1682 1836 1749 1889 ἐκ
1785 1852 1890 1889 πα-

297 1923 415 1977 σῶν
435 1922 549 1978 τῶν
575 1923 840 1993 γλωσσῶν
871 1925 982 1980 τῶν
1014 1926 1207 1992 ἐθνῶν,
1235 1927 1331 1981 καὶ
1359 1927 1714 2000 ἐπιλήψονται
1732 1927 1776 1960 ⁸⁵
1797 1926 1892 1982 τοῦ

299 2015 619 2086 κρασπέδου
649 2016 846 2088 ἀνδρὸς
883 2015 1155 2082 Ἰουδαίου,
1181 2017 1434 2086 λέγοντες
1454 2035 1469 2050 ο
1505 2018 1894 2090 Πορευσόμεθα

303 2105 456 2176 μετὰ
503 2104 621 2172 σοῦ,
665 2106 801 2161 διότι
856 2107 1178 2180 ἀκηκόαμεν
1210 2110 1290 2163 ὅτι
1331 2110 1362 2162 6
1388 2109 1522 2173 Θεὸς
1570 2109 1691 2180 μεθ’
1740 2109 1896 2180 ὑμῶν

300 2199 457 2251 ἐστιν
471 2196 539 2251 ⁸⁸.
573 2214 592 2247 ι
645 2196 835 2262 Οὕτως
866 2199 994 2262 τοὺς
1040 2199 1222 2272 ἱεροὺς
1262 2200 1615 2266 ἀποστόλους,
1665 2200 1726 2266 ἐξ
1766 2201 1899 2255 Ἰουο

299 2288 476 2343 δαίων
499 2288 561 2342 τὸ
587 2289 747 2359 γένος
778 2291 1138 2360 κατάγοντας,
1169 2293 1398 2348 ἐπόθουν
1424 2296 1473 2347 οἱ
1505 2294 1564 2359 ἐξ
1595 2293 1764 2349 ἐθνῶν
1792 2295 1894 2366 τῆς

300 2379 556 2451 κλήσεως
583 2379 932 2446 ἀξιωθέντες,
971 2383 1318 2447 πιστεύοντες
1344 2384 1410 2457 δι’
1441 2385 1620 2438 αὐτῶν
1657 2387 1899 2440 ἀπολαύ-

303 2471 500 2525 σεσθαι
528 2470 632 2540 τῆς
663 2473 962 2544 σωτηρίας.
1007 2474 1167 2528 Οῦτω
1193 2476 1545 2548 Φιλιππήσιοι
1573 2477 1665 2531 τὸν
1698 2478 1896 2532 θεσπέ-

305 2577 426 2613 σιον
472 2559 688 2614 Παῦλον
737 2561 968 2616 ἐπόθουν
995 2579 1009 2593 ·
1069 2562 1214 2618 οὕτω
1263 2565 1703 2630 Θεσσαλονικεῖς,
1749 2567 1894 2620 οὕτω

203 2647 205 2649 ’
302 2651 609 2722 Κορίνθιοι,
657 2652 802 2708 οὕτω
843 2654 1020 2710 πάντα
1048 2655 1118 2709 τὰ
1140 2656 1269 2727 ἔθνη
1302 2674 1316 2688 ·
1366 2657 1541 2720 οὕτως
1564 2662 1592 2712 6
1625 2660 1894 2732 μακάριος

317 2743 676 2814 Ὀνησιφόρος
719 2745 802 2808 είς
845 2745 945 2816 τὴν
985 2748 1141 2801 πόλιν
1186 2748 1448 2820 ἔδραμεν,
1496 2749 1585 2803 ἴνα
1617 2751 1764 2823 αὐτῷ
1797 2755 1896 2823 τῆς

305 2834 608 2906 θεραπείας
638 2839 984 2910 προσενέγκῃ
1013 2839 1075 2893 τὸ
1116 2842 1309 2911 χρέος⁹
1357 2840 1531 2907 οὕτως
1570 2845 1599 2896 6
1629 2844 1897 2914 μακάριος

305 2926 497 2993 Τῖτος,
535 2926 718 2992 ὀὕτως
763 2930 793 2983 6
839 2930 1144 3002 Τρόφιμος,
1195 2931 1389 3004 μέχρις
1446 2934 1693 3004 ἐσχάτων
1747 2933 1897 3004 αὐτῷ

305 3016 573 3072 κινδύνων
599 3018 1086 3092 ἀκολουθήσαντες.
1115 3022 1178 3076 Et
1203 3023 1259 3076 δὲ
1289 3025 1383 3077 καὶ
1421 3025 1694 3079 Ἰουδαίων
1729 3029 1898 3080 ἐπαν-

306 3109 574 3163 ελθόντων
609 3111 674 3164 ἐκ
708 3111 1029 3176 Βαϐυλῶνος
1062 3113 1384 3184 ἐθαύμασάν
1412 3133 1560 3179 τινες
1593 3117 1703 3170 τῶν
1729 3116 1899 3170 ἐθνῶν

305 3200 367 3253 τὸ
412 3200 516 3271 τῆς
563 3201 880 3281 ἐλευθερίας
906 3205 1236 3274 παράδοξον,
1283 3207 1379 3259 καὶ
1409 3207 1500 3260 τὸν
1526 3208 1731 3262 τούτων
1763 3209 1898 3263 Θεὸν

305 3291 485 3364 ἀληθῆ
513 3292 647 3348 Θεὸν
670 3293 998 3349 ἐπίστευσαν
1028 3293 1190 3362 εἶναι,
1217 3297 1310 3350 καί
1343 3315 1454 3350 τισι
1481 3297 1591 3351 τῶν
1625 3301 1897 3354 Ἰουδαίων

305 3382 799 3453 ἀκολουθήσαντες,
856 3383 1049 3455 μαθεῖν
1089 3385 1220 3456 παρ’
1254 3386 1438 3439 αὐτῶν
1483 3386 1759 3456 ἐπόθησαν
1799 3387 1899 3458 τὴν

304 3474 590 3546 ἀλήθειαν,
622 3476 684 3529 οὐ
712 3477 1035 3548 λυμαίνεται
1065 3480 1178 3540 τοῖς
1210 3480 1338 3549 παρ’
1373 3479 1530 3549 ἡμῶν
1564 3479 1896 3550 εἰρημένοις,

304 3569 448 3623 ἀλλὰ
467 3569 562 3624 καὶ
587 3571 1008 3642 προσμαρτυρεῖ
1029 3569 1127 3640 τὴν
1148 3569 1428 3641 ἀλήθειαν.
1455 3569 1637 3633 Τύπος
1661 3571 1770 3643 γὰρ
1791 3572 1898 3625 τῶν

307 3659 599 3730 ἡμετέρων
641 3660 713 3714 τά
743 3659 972 3714 παλαιά.
1030 3659 1358 3731 Ὀμοιότητα
1399 3660 1455 3714 δὲ
1500 3662 1768 3732 προσήκει
1802 3663 1900 3733 τὴν

305 3750 498 3804 εἰκόνα
549 3750 693 3821 ἔχειν
745 3751 880 3822 πρὸς
917 3751 979 3804 τὺ
1020 3752 1352 3822 ἀρχέτυπον.
1387 3753 1552 3806 Ὥστε
1599 3755 1646 3806 εί
1695 3753 1900 3825 ἀληθὴς

303 3831 466 3904 οὗτος
507 3843 537 3896 6
581 3841 760 3911 λόγος,
813 3845 934 3896 κατ’
989 3845 1300 3910 Ἰουδαίους,
1351 3845 1561 3915 ἀληθὴς
1599 3845 1851 3908 κάκεῖνος
1882 3862 1896 3876 ·

308 3932 443 3986 σκιά
471 3932 580 4003 γάρ
607 3934 778 3989 ταῦτα
827 3935 1072 3991 ἐκείνων.
1132 3935 1274 3988 Ἀλλ’
1306 3936 1398 3988 ἐπὶ
1431 3937 1530 4006 τὴν
1574 3935 1898 3990 ἀκολουθίαν

301 4024 412 4097 τῆς
437 4026 731 4099 ἑρμηνείας
757 4027 1166 4100 ἐπανέλθωμεν.

840 4140 1022 4194 ΚΕΦΑ
1033 4138 1242 4193 ΛΑῘΟΝ
1276 4137 1354 4191 Θ’.

379 4237 452 4294 α’,
488 4230 554 4300 β’.
601 4248 622 4283 ι
645 4230 859 4305 ᾼῆμμα
891 4231 1052 4300 λόγου
1089 4230 1298 4301 Κυρίου
1326 4231 1384 4284 ἐν
1416 4232 1488 4300 γῇ
1543 4228 1764 4300 Ἀδρὰχ,
1803 4232 1898 4286 καὶ

303 4320 604 4392 Δαμασκδς
631 4319 796 4374 θυσία
839 4320 1007 4375 αὐτοῦ
1061 4321 1132 4391 (οἱ
1163 4321 1220 4375 δὲ
1250 4319 1379 4389 περὶ
1407 4320 1498 4373 τὸν
1541 4319 1772 4373 Ἀκύλαν
1800 4323 1898 4394 ἠρ-

307 4413 610 4484 μήνευσαν,
630 4412 743 4467 Καὶ
755 4413 883 4467 er“
907 4412 1204 4483 Δαμασκῷ
1223 4412 1574 4478 ἀνάπαυσις
1592 4412 1782 4468 αὑτοῦ
1795 4414 1863 4484 ⁸⁷)
1879 4429 1894 4445 ·

299 4503 457 4560 6st“.
504 4502 710 4575 Κύριος
753 4504 926 4575 ἐφορᾷ
973 4503 1313 4576 ἀνθρώπους.
1339 4523 1360 4557 ι

1993 635 2255 690 mentiam
2291 643 2568 706 quaerant,
2600 642 2654 690 et
2681 633 3072 703 unusquisque
3124 628 3341 700 1630
3377 627 3573 683 dicat:

1996 727 2105 798 Ego
2156 727 2319 782 etiam
2369 727 2481 790 ibo,
2538 733 2622 782 et'
2655 725 2822 782 simul
2880 724 3166 778 vobiscum
3226 719 3572 790 proﬁciscar.

1995 818 2161 888 quue
2195 815 2422 884 facient,
2465 831 2576 871 non
2607 815 2772 870 modo
2807 814 2902 884 qui
2930 828 2993 867 ex
3029 808 3413 878 Hierosolyma
3444 812 3574 860 sunt

1990 907 2238 973 oriundi,
2299 907 2394 961 sed
2457 909 2622 962 etiam
2689 913 2889 960 exterae
2963 903 3236 963 nationes,
3320 897 3571 952 divinum

1991 1004 2259 1057 auxilium
2309 1000 2532 1070 assequi
2565 999 2882 1068 cupientes.
2922 997 2987 1048 Et
3029 995 3145 1048 hate
3193 990 3418 1062 quidem
3473 989 3572 1043 ob-

1992 1094 2223 1152 scurius
2252 1094 2609 1163 contigerunt
2655 1097 2782 1162 post
2812 1087 3230 1144 aediﬁcationem
3264 1083 3369 1137 sub
3400 1080 3575 1134 Zoro-

1991 1188 2184 1245 babele
2216 1186 2444 1242 factam.
2491 1184 2788 1254 Postquam
2835 1191 3015 1236 autem
3043 1177 3187 1232 Deus
3220 1182 3272 1230 ct
3321 1174 3573 1227 Salvator

1997 1288 2189 1335 noster
2236 1279 2293 1334 in
2344 1292 2511 1333 carne
2539 1275 2831 1347 apparuit,
2865 1285 3092 1327 cernere
3128 1276 3216 1324 est
3252 1273 3455 1321 terram
3517 1269 3574 1316 et

2000 1388 2157 1428 mare
2185 1385 2518 1429 concurrere
2542 1369 2609 1423 ad
2654 1367 2804 1421 illam
2847 1363 3061 1425 urbem,
3108 1367 3163 1415 et
3204 1371 3403 1428 cupere
3454 1355 3574 1409 loca
3648 1436 3650 1438 ν

1995 1467 2324 1528 salutarium
2376 1463 2703 1534 passionum
2763 1456 2991 1514 intueri.
3055 1452 3150 1509 His
3206 1452 3373 1508 etiam
3445 1462 3579 1503 cou-

1992 1569 2200 1635 gruunt
2234 1559 2544 1630 sequentia.

2063 1738 2233 1794 Vrsas.
2265 1736 2358 1791 25.
2389 1752 2408 1786 ι
2445 1731 2573 1788 Haec
2611 1729 2750 1786 dicit
2783 1725 3052 1780 Dominus
3082 1717 3429 1788 omnipotens
3466 1729 3480 1766 :
3514 1710 3578 1764 In

1993 1833 2192 1890 diebus
2220 1831 2329 1886 illis
2354 1824 2768 1898 apprehendent
2809 1818 3001 1874 decem
3045 1811 3147 1867 viri
3203 1807 3271 1864 de
3318 1803 3578 1898 omnibus

1926 1927 1968 1982 Β
1996 1925 2204 1995 linguis
2229 1895 2500 1992 gentium,
2535 1923 2591 1972 et
2621 1911 2888 1968 tenebunt
2923 1905 3216 1995 ﬁmbriam
3239 1899 3344 1954 viri
3375 1895 3576 1995 Judaei,

1996 1987 2257 2072 dicentes
2288 2031 2302 2068 :
2347 2011 2555 2067 Ibimus
2595 2015 2808 2068 tecum,
2855 1999 2986 2071 quia
3035 1992 3350 2049 audivimus
3397 1987 3576 2042 Deum

1995 2125 2122 2166 esse
2153 2106 2464 2161 vobiscum.
2504 2119 2522 2152 ι
2553 2099 2648 2154 Sic
2680 2108 2870 2154 sacros
2917 2087 3215 2161 apostolos,
3263 2081 3360 2153 qui
3390 2095 3456 2136 ex
3483 2076 3579 2180 Ju-

1995 2204 2132 2262 dmis
2168 2215 2344 2272 genus
2384 2211 2549 2253 suum
2582 2189 2882 2254 ducebant,
2913 2195 3130 2240 summo
3168 2176 3356 2272 studio
3393 2176 3580 2241 requi-

1998 2267 2194 2352 rebant
2218 2291 2314 2363 qui
2347 2305 2412 2345 ex
2441 2285 2701 2358 gentibus
2728 2284 2891 2336 erant
2918 2272 3124 2336 vocati,
3147 2267 3443 2363 credentes
3482 2275 3580 2330 per

1997 2404 2094 2446 eos
2115 2403 2176 2444 se
2205 2360 2438 2442 salutem
2468 2384 2824 2434 assecuturos
2863 2383 3006 2425 esse.
3053 2365 3148 2419 Sic
3189 2360 3580 2428 Philippenses

2002 2483 2251 2537 divinum
2277 2476 2507 2530 Paulum
2535 2465 2963 2528 desiderabant;
3003 2459 3086 2514 sic
3115 2450 3581 2509 Thessalonicen-

2002 2591 2114 2639 scs,
2159 2573 2242 2627 sic
2288 2563 2586 2626 Corinthii,
2619 2562 2697 2616 sic
2739 2569 2935 2612 omnes
2980 2559 3190 2621 gentes.
3243 2540 3580 2642 Sic-beatus

1996 2632 2376 2734 Onesiphorus
2425 2659 2480 2712 in
2547 2655 2741 2710 urbem
2791 2645 3074 2706 accurrit,
3231 2636 3282 2690 ei
3332 2632 3579 2734 debitum

1997 2719 2370 2815 ministerium
2402 2748 2696 2810 redderet;
2750 2738 2832 2797 Sic
2873 2739 3068 2792 beatus
3113 2730 3294 2791 Titus,
3325 2727 3406 2780 sic
3438 2719 3580 2774 Tro-

2000 2852 2246 2924 phimus,
2276 2859 2454 2914 usque
2494 2842 2563 2896 ad
2617 2845 2866 2893 extrema
2897 2826 3146 2901 pericula
3173 2836 3298 2924 eum
3334 2824 3463 2872 sunt
3493 2828 3584 2916 se-

2000 2914 2135 3000 cuti.
2178 2936 2423 2994 Tametsi
2459 2939 2641 2988 autem
2681 2925 2888 2982 Juda‘is
2927 2937 2994 2977 ex
3027 2914 3309 2985 Babylone
3342 2914 3584 2964 reversis

2003 3032 2262 3089 admirati
2328 3037 2559 3084 suntex
2627 3017 2884 3090 gentibus
2942 3005 3196 3066 nonnulli
3256 3001 3582 3056 inusitatum

2002 3124 2350 3186 liberationis
2384 3117 2630 3180 modum,
2673 3121 2730 3168 et
2771 3110 2942 3163 Deum
2977 3114 3170 3159 eorum
3219 3107 3411 3192 verum
3460 3103 3587 3192 esse
3686 3175 3690 3178 ι

1947 3263 1969 3285 ,
2007 3221 2176 3273 Deum
2207 3210 2586 3272 crediderunt,
2619 3212 2673 3259 et
2703 3218 2770 3258 ex
2798 3197 3006 3254 Judzuis
3050 3191 3272 3260 aliquos
3325 3185 3583 3285 insecuti,

2003 3311 2293 3366 veritatem
2341 3303 2411 3358 ab
2460 3300 2545 3356 eis
2589 3305 2927 3365 cognoscere
2985 3282 3427 3352 concupierunt;
3466 3275 3585 3366 hafc

2002 3365 2185 3456 tamen
2256 3413 2364 3451 non
2437 3392 2807 3446 adversantur
2873 3379 3038 3437 dictis
3093 3372 3304 3430 nostris
3369 3389 3384 3423 :
3446 3365 3583 3438 quin

2006 3493 2214 3565 1631
2249 3489 2534 3543 veritatem
2569 3481 2752 3553 potius
2807 3479 3160 3566 attestantur.
3217 3463 3355 3566 Nam
3396 3474 3583 3566 rerum

2004 3560 2320 3639 nostrarum
2367 3584 2531 3647 typus
2587 3576 2748 3626 erant
2806 3573 3016 3620 vetera.
3077 3560 3349 3614 Convenit
3402 3560 3582 3605 autem

2002 3673 2417 3733 similitudinem
2469 3666 2672 3721 habere
2745 3658 3042 3728 imaginem
3105 3667 3232 3707 cum
3288 3647 3587 3716 archetypo

2001 3763 2326 3836 exemplari.
2359 3761 2542 3828 Quare
2573 3756 2621 3812 si
2651 3752 2797 3824 apud
2828 3749 3052 3805 Judaeos
3089 3759 3255 3801 verus
3283 3741 3379 3836 hic
3403 3751 3588 3794 sermo

2001 3831 2242 3921 exsistit,
2269 3869 2434 3909 verus
2466 3851 2634 3906 etiam
2664 3851 2888 3906 noster;
2929 3854 3053 3895 nam
3081 3839 3279 3891 horum
3324 3831 3422 3886 illa
3461 3843 3588 3884 um-

2003 3955 2103 4010 bra
2133 3957 2285 4007 sunt.
2313 3945 2420 4001 Sed
2451 3943 2520 3998 ad
2542 3933 3026 4011 interpretationis
3042 3929 3243 3987 seriem
3267 3923 3584 3980 redeamus.

2597 4117 2828 4178 CAPUT
2871 4115 2965 4173 1X.

2073 4229 2239 4284 Vens.
2264 4222 2390 4288 l,2.
2421 4239 2440 4271 ι
2461 4214 2781 4284 Assumptio
2801 4209 2954 4266 verbi
2985 4203 3197 4262 Domini
3222 4201 3275 4256 in
3306 4207 3447 4253 terra
3479 4192 3588 4248 lla-

2001 4320 2196 4385 dracb,
2225 4325 2281 4372 et
2315 4314 2620 4368 Damascus
2656 4303 2988 4363 sacrificium
3023 4299 3142 4366 ejus
3167 4290 3587 4388 (Ailuilajiiter-

2001 4380 2245 4486 pretatus
2267 4412 2353 4462 est
2385 4421 2400 4457 :
2431 4401 2499 4455 Et
2523 4397 2778 4454 Damasci
2799 4395 3020 4466 requies
3043 4387 3185 4460 ejus)
3213 4405 3226 4440 :
3261 4385 3389 4456 quia
3402 4380 3587 4436 Domi-

2000 4523 2108 4563 nus
2143 4499 2365 4572 respicit
2385 4494 2656 4552 homines.
2681 4510 2701 4544 ι

393 4613 414 4647 ι
446 4596 560 4650 Καὶ
581 4565 760 4660 πάσας
779 4565 880 4662 τὰς
899 4565 1092 4666 ’φυλαί
1105 4598 1201 4652 τοῦ
1235 4565 1471 4670 Ἰσραὴλ,
1498 4600 1594 4652 καὶ
1634 4601 1691 4653 Ἠ
1702 4599 1809 4672 μὰθ
1837 4601 1894 4654 ἐν

2073 4565 2253 4653 Vens:
2271 4595 2325 4650 5.
2366 4608 2385 4642 ι
2415 4588 2481 4643 Ει
2511 4600 2703 4642 omnes
2725 4581 2905 4637 tribus
2948 4574 3196 4639 israehs,
3225 4577 3280 4626 et
3309 4565 3502 4625 Emath
3521 4579 3588 4672 in

311 4689 428 4752 τοῖς
449 4687 621 4759 ὁρίοις
642 4688 836 4760 αὐτῆς.
863 4709 882 4741 ι
903 4691 974 4743 Ἢ
990 4688 1135 4744 κατὰ
1150 4690 1276 4754 τοὺς
1290 4689 1508 4754 λοιποὺς
1528 4692 1890 4763 ἐρμηνευτάς·

307 4780 422 4836 Καὶ
437 4782 481 4814 ⁶⁹
501 4779 770 4850 ὲνἪμὰθ
801 4779 877 4850 τῇ
904 4783 1210 4852 ὀμορούσῃ
1237 4780 1412 4850 αὐτῇ.
1431 4783 1694 4853 Προλέγει
1714 4783 1896 4837 τοίνυν

199 4870 206 4877 ’
307 4875 395 4928 ὄτι
421 4874 517 4928 καὶ
540 4868 699 4929 αὗται
717 4875 774 4928 αἱ
789 4873 956 4929 πάλαι
968 4870 1542 4940 δυσσεϐοῦσαιπόλεις,
1560 4874 1782 4946 Ἀδρὰχ,
1801 4875 1899 4929 καὶ

306 4965 625 5036 Δαμασκὸς,
642 4966 736 5020 καὶ
752 4965 953 5036 Ἢμὰθ,
971 4964 1162 5029 θυσίας
1176 4966 1530 5036 προσοίσουσι
1552 4965 1630 5038 τῷ
1643 4966 1784 5038 Θεῷ,
1799 4967 1898 5038 τῆς

307 5055 582 5127 προτέρας
597 5057 803 5128 πλάνης
820 5056 1217 5125 ἀπαλλαγεῖσαι
1234 5057 1304 5112 ⁷ο.
1320 5058 1378 5110 '0
1393 5056 1504 5129 γὰρ
1525 5059 1732 5122 πάντας
1757 5059 1857 5128 ἐφο
1869 5086 1887 5097 -

309 5143 422 5217 ρῶν
439 5145 782 5216 ἀνθρώπους,
805 5148 898 5200 καὶ
919 5147 980 5201 ού
1014 5146 1183 5217 μόνας
1209 5146 1304 5200 τοῦ
1320 5149 1538 5220 Ἰσραὴλ
1568 5149 1666 5212 τὰς
1696 5147 1892 5217 φυλάς,

307 5234 407 5290 καὶ
431 5236 637 5292 τούτων
672 5238 1086 5310 ἐπιμελήσεται.
1121 5238 1337 5310 Ἀδρὰχ
1372 5240 1428 5294 δὲ
1458 5240 1612 5304 πόλις
1645 5240 1763 5293 ἐστὶ
1795 5242 1896 5312 τῆς

319 5328 378 5382 ’Δ
387 5328 602 5399 ραϐίαςο
615 5331 649 5399 ἡ
667 5330 726 5383 δὲ
741 5330 937 5399 Ἠμὰθ,
957 5332 990 5401 ἡ
1004 5328 1099 5384 νῦν
1113 5330 1464 5400 Ἐπιφάνεια
1489 5350 1896 5404 προσαγορευο-

307 5417 448 5491 μένη
477 5435 492 5452 ο
546 5419 724 5494 Ἠμάθ
759 5420 818 5474 δὲ
855 5421 954 5492 τὴν
993 5421 1236 5494 μεγάλην
1277 5422 1376 5495 τὴν
1420 5425 1673 5496 Ἐμίσαγ
1699 5425 1898 5497 ὀνομά-

1996 4691 2199 4748 ﬁnibus
2224 4686 2367 4755 ejus.
2392 4702 2410 4734 ι
2457 4680 2579 4748 Vel,
2607 4673 2910 4734 secundum
2941 4672 3085 4726 alios
3108 4669 3440 4735 interpretes
3476 4679 3489 4715 :
3521 4657 3592 4712 Et

1995 4784 2053 4839 in
2083 4779 2280 4837 Emath
2315 4771 2644 4830 ﬁnitima‘ei.
2676 4765 2932 4822 Praedicit
2983 4778 3116 4832 ergo
3143 4759 3308 4815 etiam
3344 4755 3444 4809 has
3494 4767 3589 4806 ur-

1997 4877 2116 4939 bes,
2165 4887 2290 4943 qua:
2334 4865 2612 4940 quondam
2662 4860 2830 4931 impie
2869 4857 3148 4917 vivebant,
3197 4846 3492 4943 Hadracb,
3534 4851 3590 4899 et

2000 4941 2355 5028 Damascum,
2391 4969 2447 5016 et
2481 4957 2700 5020 Emath,
2736 4951 2912 5024 priori
2936 4963 3127 5004 errore
3150 4941 3405 5014 depulso,
3426 4949 3588 4994 sacra

1999 5059 2114 5115 Deo
2154 5057 2398 5112 facturas
2427 5065 2573 5107 esse.
2603 5046 2710 5114 Qui
2742 5044 2887 5102 enim
2935 5055 3134 5096 omnes
3174 5035 3428 5091 homines
3460 5043 3590 5100 spe-

1999 5160 2134 5216 ctat,
2156 5157 2212 5204 et
2231 5163 2342 5204 non
2357 5145 2505 5201 solas
2529 5141 2708 5195 tribus
2729 5134 2976 5199 lsraelis,
2999 5133 3193 5188 harum
3211 5129 3378 5184 etiam
3398 5138 3590 5180 curam

1997 5249 2168 5315 geret.
2204 5236 2456 5294 Hadrach
2473 5243 2656 5290 autem
2673 5230 2805 5285 urbs
2850 5235 2937 5284 est
2959 5225 3194 5280 Arabiae.
3223 5218 3420 5276 Emath
3437 5232 3589 5283 vero,

1999 5351 2121 5405 quae
2147 5348 2295 5388 nunc
2323 5326 2622 5396 Epiphania
2649 5321 2979 5394 appellatur.
3017 5316 3212 5372 Emath
3249 5322 3434 5405 autem
3456 5325 3590 5405 Ama-

2003 5403 2165 5498 guam
2220 5436 2378 5479 sacra
2414 5418 2707 5488 Scriptura
2739 5421 2900 5470 vocat
2954 5410 3231 5466 Emisam.
3266 5406 3361 5462 Ila:
3393 5403 3586 5475 igitur,

1602 5585 1842 5644 VARIE
1881 5585 2181 5644 LECTION
2187 5588 2296 5644 ES.

401 5711 448 5782 ’ξ
473 5711 516 5767 C
545 5711 723 5782 μόνοις

322 5781 372 5857 1‘
424 5781 522 5857 ἐν.-
545 5767 712 5857 'Des,
748 5783 806 5857 in
826 5767 926 5857 (1.7-
950 5784 1011 5857 ,⁸⁷
1035 5767 1340 5857 Οαῦτῷξήη
1366 5767 1505 5841 ’δῖ-Α
1533 5797 1589 5845 et

815 5711 860 5778 2’
889 5711 936 5768 A
962 5713 1058 5767 ἐὰν
1079 5713 1461 5772 ἐπιλάϐωνται.
1540 5717 1588 5753 ⁸⁵
1618 5719 1663 5773 Α
1697 5721 2083 5778 ἐπιλάϐωνται.
2162 5723 2208 5756 ⁸⁸
2237 5723 2408 5776 ἐστιν.
2438 5719 2499 5776 In
2522 5717 2564 5774 C
2585 5718 2655 5775 ab
2676 5718 2782 5774 alia
2805 5731 2968 5772 manu
2997 5711 3265 5776 additum,
3299 5709 3379 5772 εἰς
3410 5707 3584 5771 τέλος.

1955 5792 1999 5826 ⁸⁸
2028 5793 2228 5864 και-ο
2263 5791 2424 5864 αὐτῇ.
2460 5792 2547 5864 _lta
2580 5791 2694 5864 fere
2726 5787 3094 5864 Symmachus
3125 5781 3267 5857 apud
3295 5779 3492 5838 Montl‘.
3528 5778 3586 5854 in

312 5849 545 5925 ilcxapl.
579 5852 648 5911 ad
678 5853 735 5911 h.
769 5855 832 5924 l.,
871 5853 966 5912 ubi
1007 5861 1191 5914 tamen
1219 5849 1374 5917 deest
1404 5859 1568 5933 αὐτῇ.
1647 5862 1694 5895 το
1715 5863 1814 5918 ἀπ.
1852 5860 1930 5921 lta
1959 5879 2083 5921 cum
2112 5862 2154 5920 C
2185 5849 2419 5936 legimus
2454 5861 2623 5920 Sirm.
2662 5849 3094 5929 ἀπίλλαγείσας.
