4090 6420
502 436 639 505 1919
845 471 848 474 ι
1436 436 1924 502 THEODORETI
1985 433 2328 498 EPISCOPI
2383 441 2752 507 CYRENSIS
3630 431 3774 507 1920

499 556 836 627 cognitionis
865 555 956 612 Dei
1007 554 1216 611 lumine
1252 553 1562 619 illustratat,
1615 567 1682 609 ea
1727 552 1934 608 facient
1961 562 2084 621 qua

2190 547 2268 612 Ιἵει
2297 554 2329 622 ή
2363 552 2483 608 θεία
2504 557 2715 628 Γραφή.
2738 553 2905 614 Αῦται
2938 558 3038 628 μὲν
3065 546 3177 622 ουν,
3208 555 3286 626 τῷ
3314 555 3412 624 τῆς
3446 553 3779 622 θεογνωσίας
3803 573 3807 578 ί

502 649 620 704 lieri
669 649 952 703 convenit.

2197 649 2662 716 καταυγασθεῐσαι
2690 653 2850 721 φωτὶ,
2875 653 2944 705 τὰ
2971 651 3318 721 προσήκοντα
3347 648 3631 718 δράσωσι.
3791 693 3805 719 ,

576 757 596 790 ι
634 738 813 810 Tyrus
847 747 898 792 et
923 737 1120 804 Sidon,
1173 737 1434 808 quoniam
1480 736 1774 792 admodum
1814 737 2090 808 sapientes

2271 758 2291 790 ι
2325 739 2502 810 Τύρος
2528 741 2586 794 δέ
2617 743 2712 795 καὶ
2759 741 2948 805 Σιδὼν,
2998 743 3081 794 ὅτι
3134 741 3442 810 ἐφρόνησαν
3458 739 3502 770 ⁷¹
3547 737 3800 808 σφόδραζ

501 828 747 884 fuerunt.
788 828 980 898 (Vens.
1023 829 1207 900 5-5.)
1245 827 1314 882 Ει
1341 829 1632 884 aediﬁcavit
1691 829 1873 902 Tyrus
1912 831 2090 884 muni-

2195 831 2388 902 (γ’·ε¹.)
2428 833 2537 886 Καὶ
2569 832 2887 904 ᾠκοδόμησε
2915 833 3092 903 Τύρος
3135 833 3400 904 ὀχύρωμα
3444 831 3637 901 αὐτῆς,
3683 831 3803 906 καὶ,

499 921 705 976 tionem
737 935 919 986 suam,
951 929 1006 976 et
1030 922 1386 992 congregavit
1422 930 1710 992 argentum
1747 929 1806 975 ut
1834 922 2087 982 humum,

2193 924 2554 995 ἐθησαύρισεν
2575 924 2838 996 ἀργύριον
2857 925 2932 989 ώς
2958 924 3108 995 χοῦν,
3131 925 3226 978 καὶ
3248 922 3472 994 χρυσίον
3494 923 3570 986 ὡς
3606 909 3817 993 πηλδνν

497 1019 554 1068 et
598 1027 790 1066 aurqu
824 1019 882 1066 ut
940 1013 1114 1066 lutum
1166 1013 1400 1069 viarum.
1462 1013 1752 1083 Propterea
1827 1013 2090 1068 Dominus

2192 1015 2348 1068 ὁδῶν.
2393 1015 2491 1069 Διά
2520 1013 2679 1068 τοῦτο
2708 1016 2912 1085 Κύριος
2943 1014 3345 1085 κληρονομήσει
3393 1013 3622 1075 αὐτοὺς,
3682 1012 3777 1065 καὶ

500 1104 808 1176 possidebit
845 1121 962 1170 eos,
1001 1116 1055 1160 et
1086 1108 1358 1176 percutiet
1405 1107 1462 1162 in
1509 1109 1648 1162 mari
1704 1107 2088 1162 fortitudinem

497 1197 643 1265 ejus,
697 1203 752 1250 et
780 1199 898 1266 ipsa
923 1199 1047 1268 igne
1072 1199 1542 1254 concremabitur.
1571 1198 1796 1254 Videbit
1828 1199 2088 1265 Ascalou,

505 1288 720 1360 1632
760 1298 814 1344 et
833 1291 1052 1346 timebit
1085 1290 1254 1358 Gaza,
1291 1300 1344 1346 et
1367 1293 1524 1348 valde
1567 1292 1876 1359 dolebit;et
1919 1293 2092 1345 Acca-

501 1393 623 1447 ron,
649 1383 912 1452 quoniam
937 1383 1167 1439 confusa
1191 1394 1276 1439 est
1293 1399 1461 1455 super
1479 1385 1637 1438 ruina
1657 1397 1787 1440 sua:
1822 1395 1877 1440 et
1890 1383 2092 1454 peribit

497 1484 598 1526 rex
629 1470 699 1526 de
719 1473 888 1538 Gaza,
917 1483 973 1528 et
1007 1476 1246 1530 Ascalou
1278 1491 1386 1530 non
1435 1473 1797 1530 habitabitur.
1828 1492 1847 1525 ι
1885 1475 2088 1546 Tyrus,

499 1561 705 1632 inquit,
752 1573 806 1618 et
847 1561 1042 1628 Sidon,
1080 1563 1290 1619 divitiis
1320 1580 1444 1620 sese
1486 1565 1802 1632 eil‘erentes,
1845 1572 1901 1620 et
1937 1579 2092 1619 com-

497 1654 728 1708 munitis
759 1657 934 1710 muris
965 1655 1330 1718 conﬁdentes,
1363 1657 1513 1710 omni
1552 1672 1755 1727 genere
1794 1657 2090 1712 calamita-

497 1755 612 1802 tum
646 1745 972 1800 adicientur.
1009 1745 1212 1800 Eorum
1261 1747 1408 1802 enim
1443 1749 1830 1816 possessiones
1893 1749 2088 1818 partim

496 1839 667 1895 maris
705 1839 962 1895 eluvione
1005 1841 1450 1911 submergentur,
1483 1842 1682 1912 partim
1719 1841 1843 1913 igne
1881 1856 2088 1897 consu-

497 1943 738 1998 tuentur,
771 1931 882 1987 Deo
940 1933 1321 1988 universorum
1367 1934 1421 1988 iu
1456 1933 1581 1989 illos
1633 1934 1961 1990 sententiam
2006 1934 2089 1990 fe-

496 2035 673 2082 rente.
711 2022 868 2090 Quod
923 2039 1055 2080 vero
1082 2025 1180 2089 ait,
1209 2025 1464 2080 Dominus
1498 2025 1788 2096 possidebit
1838 2043 1952 2092 eos,
2002 2026 2086 2084 sic

496 2117 881 2186 exponendum
931 2129 1014 2172 est
1047 2137 1060 2172 :
1106 2118 1382 2184 Quoniam
1427 2121 1642 2188 seipsos
1672 2134 1701 2173 a
1733 2119 1919 2174 divina
1949 2133 2084 2190 pro-

495 2209 785 2264 curatione
815 2209 1226 2274 abstraxerunt,
1249 2211 1450 2265 divinae
1483 2212 1743 2281 potentiae
1774 2213 1886 2266 vim
1919 2226 2086 2283 expe-

497 2303 733 2357 rientur.
770 2303 1011 2357 Ascalon
1063 2312 1244 2359 autem
1277 2311 1330 2359 et
1361 2304 1530 2369 Gaza,
1556 2306 1672 2360 haec
1709 2305 1981 2371 videntes,
2025 2307 2084 2360 in

495 2406 711 2448 summo
757 2391 954 2447 timore
993 2404 1147 2448 erunt
1174 2433 1187 2457 ,
1229 2401 1285 2448 et
1327 2409 1450 2448 cum
1494 2395 1776 2450 Accaroue
1820 2402 2085 2464 perpetuo

494 2483 644 2539 luctu
707 2499 768 2540 se
819 2484 1381 2555 alﬂigent;quoniatn
1445 2487 1669 2554 confusa
1728 2496 1827 2550 est,
1889 2501 2084 2556 nempe

494 2572 692 2647 Tyrus,
726 2592 882 2644 super
930 2578 1090 2630 ruina
1121 2594 1262 2642 βαι.
1312 2577 1419 2633 Sed
1469 2587 1522 2633 et
1572 2577 1733 2633 Gazae
1779 2579 1943 2634 etiam
1994 2594 2084 2634 re-

493 2683 660 2738 gnum
690 2667 904 2736 delebo,
935 2680 991 2723 et
1039 2670 1371 2725 Ascalonem
1424 2669 1641 2725 civibus
1676 2685 1902 2724 vacuam
1954 2672 2082 2727 red-

493 2759 644 2826 dam,
678 2768 849 2831 atque
885 2769 944 2816 ut
974 2761 1298 2832 alienigenae
1323 2777 1445 2818 eam
1468 2771 1522 2817 et
1553 2763 1783 2817 Azotum
1811 2764 2080 2833 incolant,

491 2853 744 2909 eliiciam.
775 2855 932 2921 Quod
975 2858 1121 2911 enim
1151 2858 1250 2921 ait,
1299 2856 1536 2911 Ascalan
1583 2874 1686 2912 non
1727 2857 2082 2927 habitabitur,

492 2943 562 2999 de
592 2945 911 3002 hominibus
944 2947 1093 3002 illius
1143 2947 1418 3017 temporis
1463 2948 1729 3018 loquitur,
1781 2965 1922 3020 quos
1962 2953 2082 3008 neci

491 3043 545 3090 et
587 3037 840 3090 servituti
871 3037 1101 3091 tradidit
1129 3056 1143 3102 ;
1172 3053 1348 3107 quare
1387 3038 1644 3107 adjunxit
1683 3059 1697 3094 :

2195 1108 2424 1170 πατάξει
2475 1111 2555 1171 είς
2587 1107 2864 1162 θάλασσαν
2894 1107 2990 1178 τὴν
3020 1106 3252 1176 δύναμιν
3285 1103 3478 1175 αὐτῆς,
3512 1105 3607 1158 καὶ
3635 1103 3774 1174 αὕτη

2193 1203 2250 1254 ἐν
2295 1201 2428 1271 πυρὶ
2473 1201 3007 1271 καταναλωθήσεται.
3048 1199 3278 1269 ὐψεται
3332 1198 3630 1264 Ἀσκάλων,
3679 1197 3775 1250 καὶ

2193 1294 2558 1365 φοϐηθήσεται
2588 1292 2736 1358 Γάζα
2750 1295 2818 1359 τ’,
2866 1294 2958 1348 καὶ
2995 1293 3382 1364 ὁδυνηθήσεται
3413 1290 3640 1362 σφόδρα,
3679 1289 3774 1343 καὶ

2205 1387 2510 1459 Ἀκκάρων,
2551 1387 2635 1440 ὅτι
2682 1385 3030 1458 κατῃσχύνθη
3048 1385 3094 1418 ⁷³
3136 1385 3229 1439 ἐπὶ
3257 1382 3336 1455 τῷ
3364 1381 3774 1455 παραπτώματι

2192 1479 2384 1550 αὐτῆς,
2417 1479 2512 1534 καὶ
2538 1480 2820 1534 ἀπολεῖται
2852 1477 3104 1549 βασιλεὺς
3131 1479 3195 1531 ἐκ
3218 1475 3420 1546 Γάζης,
3453 1473 3548 1528 καὶ
3582 1473 3775 1528 Ἀσκά-

2191 1573 2298 1627 λων
2323 1573 2387 1627 οὐ
2422 1574 2497 1644 μή
2523 1573 2983 1644 κατοικηθήσεται
3002 1572 3070 1625 ⁷⁸.
3105 1589 3124 1621 ι
3172 1570 3240 1624 Ἦ
3264 1568 3461 1639 Τύρος,
3492 1567 3646 1638 φησὶ,
3677 1566 3774 1620 καὶ

2193 1663 2384 1729 Σιδὼν,
2422 1664 2518 1717 ἐπὶ
2563 1662 2778 1734 πλούτῳ
2812 1661 3224 1734 βρενθυόμεναι,
3252 1660 3348 1713 καὶ
3392 1659 3507 1720 τοῖς
3557 1656 3775 1726 ὀχυροῖς

2192 1755 2500 1829 περιϐόλοις
2546 1753 2868 1828 θαρροῦσαι,
2918 1753 3228 1825 συμφοραῖς
3266 1747 3552 1813 παντοίαις
3594 1763 3779 1818 παρα-

2191 1849 2526 1920 δοθήσονται.
2585 1847 2667 1900 Τά
2704 1846 2805 1918 μὶν
2834 1845 2945 1918 γὰρ
2982 1843 3164 1899 αὐτῶν
3191 1846 3226 1916 ή
3273 1843 3514 1898 θάλαττα
3545 1838 3775 1895 ἐπικλύ·

2193 1957 2334 1994 σασα
2375 1938 2683 2010 ὑποόρύχια
2735 1937 2902 2004 δείξει
2927 1955 2941 1970 ·
2992 1938 3062 1989 τὰ
3095 1935 3154 1990 δέ
3204 1935 3340 2007 πυρὶ
3379 1929 3777 2002 καταναλωθή-

2191 2048 2368 2098 σεται,
2417 2029 2515 2084 τοῦ
2541 2029 2676 2083 Θεοῦ
2721 2027 2833 2082 τῶν
2879 2027 3019 2081 ὅλων
3049 2027 3258 2097 ταύτην
3289 2023 3412 2080 κατ’
3439 2020 3626 2076 αὐτῶν
3674 2021 3777 2093 τὴν

2185 2123 2370 2194 ψῆφον
2423 2121 2768 2194 ἐκφέροντος.
2826 2119 2901 2172 Τὸ
2937 2118 3016 2184 δέ,
3067 2118 3284 2186 Κύριος
3327 2113 3776 2184 κληρονομήσει

2187 2215 2430 2282 αὐτοὺς,
2480 2214 2684 2282 ταύτην
2713 2212 2828 2283 ἔχει
2858 2212 2958 2283 τήν
2986 2209 3285 2282 ἑρμηνείαν
3317 2215 3332 2240 ⁴
3379 2204 3600 2276 Ἐπειδὴ
3634 2205 3776 2274 σφᾶς

2189 2309 2390 2371 αὐτοὺς
2417 2307 2516 2376 τῆς
2545 2305 2696 2368 θείας
2722 2303 3053 2375 κηδεμονίας
3090 2300 3397 2372 ἀφώρισαν,
3443 2291 3644 2367 πεῖραν
3675 2295 3777 2365 τῆς

2193 2399 2360 2456 αὐτοῦ
2401 2399 2684 2469 δυνάμεως
2730 2396 3010 2468 λήψονται.
3064 2393 3250 2447 Ταῦτα
3293 2391 3352 2445 δέ
3400 2393 3436 2461 ή
3494 2387 3776 2444 ’Δσκάλων

2191 2494 2389 2565 ὁρῶσα,
2422 2493 2518 2546 καὶ
2551 2492 2584 2562 ἠ
2612 2490 2781 2555 Γάζα,
2815 2488 3085 2559 περιδεεῖς
3114 2485 3346 2549 ἔσονται,
3383 2483 3476 2536 καὶ
3507 2481 3647 2553 μετά
3676 2479 3778 2551 τῆς

2205 2587 2493 2656 Ἀκκάρων
2538 2582 2930 2654 ὀλοφυρόμενοι
2981 2576 3322 2634 διατελοῦσιν
3357 2591 3372 2607 °
3447 2577 3531 2628 ὅτι
3587 2588 3775 2641 κατῃ-

2189 2681 2452 2749 σχύνθη,
2498 2678 2748 2731 τουτέστι
2787 2677 2820 2748 ή
2860 2674 3058 2746 Τύρος,
3105 2673 3205 2727 ἐπὶ
3242 2671 3324 2738 τῷ
3351 2668 3778 2740 παραπτώματι

2188 2770 2400 2840 αὐτῆς.
2454 2769 2615 2823 Ἀλλὰ
2651 2767 2759 2839 μὴν
2805 2767 2901 2820 καὶ
2939 2767 3041 2835 τῆς
3088 2763 3269 2834 Γάζης
3305 2759 3645 2817 καταπαύσω
3675 2757 3776 2830 τὴν

2192 2861 2494 2935 βασιλείαν,
2514 2859 2610 2912 καὶ
2634 2858 2732 2929 τὴν
2767 2857 3086 2912 Ἀσκάλωνα
3111 2853 3324 2926 γυμνὴν
3345 2853 3454 2906 τῶν
3475 2849 3776 2920 οἰκητόρων

2190 2951 2476 3022 ἀποφανῶ,
2508 2951 2604 3004 καὶ
2633 2949 2944 3019 ἀλλογενεῖς
2990 2948 3162 3018 αὐτήν
3188 2963 3247 3000 τε
3283 2945 3378 2999 καὶ
3402 2943 3503 3015 τήν
3532 2942 3780 3005 ’Ἄζωτον

2187 3045 2466 3099 κατοικεῖν
2493 3041 2926 3112 παρασκευάσω.
2960 3039 3038 3092 Τὸ
3067 3038 3198 3110 γὰρ,
3242 3034 3552 3092 Ἀσκάλων
3593 3033 3665 3088 οὐ
3687 3030 3777 3102 μή

493 3129 846 3199 κατοικηθῇ,
898 3132 1028 3202 περὶ
1077 3132 1186 3186 τῶν
1237 3133 1359 3187 τότε
1411 3134 1720 3207 ἀνθρώπων
1765 3134 1934 3206 λέγει,
2008 3139 2103 3205 οὓς
2154 3142 2334 3211 σφαγῇ
2397 3156 2458 3193 τε
2511 3138 2608 3193 καὶ
2666 3135 2882 3207 δουλεία
2940 3133 3251 3208 παρέδωκε.
3319 3131 3466 3188 Διότι
3530 3129 3576 3163 ⁷³
3638 3127 3779 3199 ἐπή-

492 3235 668 3290 γαγεν
695 3240 710 3254 ο

567 3313 730 3370 Vens.
759 3316 814 3379 6,
836 3316 888 3372 7.
931 3334 949 3368 ι
971 3318 1035 3372 Ει
1069 3318 1400 3374 habitabant
1422 3321 1748 3393 alienigena:
1785 3323 1842 3379 in
1876 3326 2072 3389 Azoto,

2257 3328 2334 3388 ς’,
2364 3321 2429 3386 ζ’,
2474 3339 2494 3372 ι
2522 3317 2633 3373 Καὶ
2659 3317 3084 3388 κατοικήσουσιν
3105 3313 3417 3382 ἀλλογενεῖς
3437 3313 3497 3367 ἐν
3527 3312 3775 3384 Ἀζώτῳ,

490 3413 546 3459 rt
579 3405 857 3461 destruam
898 3409 1153 3478 injuriam
1204 3412 1637 3483 alienigenarum
1702 3423 1795 3480 ;et
1842 3418 2087 3471 auferam

492 3498 816 3567 sanguinem
866 3516 1057 3555 eorum
1115 3517 1181 3556 ex
1208 3518 1304 3558 ore
1341 3503 1581 3570 illorum,
1614 3516 1670 3560 et
1720 3507 2089 3563 abominatio-

493 3605 590 3645 nes
620 3605 808 3645 eorum
841 3608 871 3646 e
893 3593 1074 3647 medio
1107 3593 1354 3650 dentium
1381 3596 1626 3651 illorum.
1665 3617 1682 3648 ι
1723 3598 1894 3652 Mater
1923 3599 2090 3668 igitur

491 3681 741 3736 beneﬁcii
808 3693 893 3738 est
946 3687 1221 3740 correctio
1275 3702 1303 3739 a
1365 3685 1476 3742 Deo
1534 3689 1810 3743 adhibita.
1864 3690 2092 3758 Propter

492 3769 636 3825 hanc
675 3773 818 3826 enim
865 3773 1202 3845 alienigenas
1263 3776 1358 3842 ait,
1440 3778 1650 3848 1633
1697 3787 1751 3834 et
1798 3779 2087 3849 pristinam

490 3863 842 3934 iniquitatem
889 3867 1336 3939 impietatemque
1362 3870 1680 3940 reliquisse,
1712 3879 1765 3927 et
1791 3872 1885 3928 Dei
1911 3874 2092 3928 notio-

490 3973 616 4016 nem
645 3960 940 4029 recepisse.
984 3961 1103 4016 lloc
1141 3963 1288 4016 enim
1331 3962 1543 4028 docuit,
1590 3965 1941 4020 cum‘statim
1992 3964 2091 4019 ad—

486 4055 685 4126 iecerit
719 4073 733 4105 :
773 4074 792 4106 ι
841 4055 905 4110 Et
958 4055 1350 4124 relinquentur
1398 4064 1454 4111 et
1485 4056 1577 4112 isti
1614 4057 1728 4112 Deo
1777 4069 1990 4122 nostro,
2037 4067 2091 4114 et

488 4158 648 4206 erunt
673 4155 731 4202 ut
756 4148 965 4202 tribuni
999 4148 1054 4202 in
1093 4145 1235 4201 Juda
1271 4167 1285 4202 :
1317 4157 1372 4204 et
1394 4148 1650 4204 Acearon
1684 4151 1873 4224 '_sicut
1916 4149 2087 4205 Jebu-

491 4255 656 4295 szcus.
688 4257 706 4292 ι
757 4237 1103 4295 Detestantes
1149 4239 1294 4294 enim
1336 4240 1611 4296 idolorum
1641 4241 1936 4308 sacriﬁcia,
1967 4243 2090 4312 qui-

491 4331 595 4389 bus
639 4340 802 4388 antea
859 4333 1005 4403 pleni
1059 4342 1245 4400 erant,
1311 4333 1514 4390 divina:
1554 4335 1919 4416 providentiae
1963 4349 2090 4390 sese

491 4423 810 4495 subjicient,
840 4433 894 4480 et
942 4425 1148 4496 populo
1195 4425 1351 4481 Iudae
1395 4425 1624 4494 ascripti
1676 4427 1830 4482 velut
1879 4427 2086 4482 tribuni

491 4517 715 4586 quidam
747 4517 1089 4587 prtecellent,
1124 4526 1178 4572 et
1211 4517 1406 4573 incolis
1440 4517 1837 4593 Hierosolyma).
1877 4521 2088 4577 honore

432 4656 436 4659 .
493 4607 946 4678 adatquabuntur.
977 4609 1088 4665 Hos
1117 4611 1264 4665 enim
1290 4608 1566 4666 Jebuswos
1601 4611 1922 4684 appellavit,
1953 4613 2082 4684 quia

493 4698 608 4755 haec
637 4700 765 4756 olim
804 4699 973 4757 Jebus
1004 4702 1326 4757 vocabatur.

564 4875 736 4941 Vsus,
759 4877 812 4933 8.
851 4897 870 4930 ι
896 4875 964 4931 Ει
1000 4893 1309 4949 supponam
1335 4879 1526 4934 domui
1554 4894 1690 4936 mete
1719 4881 2083 4940 elevationem

497 4975 555 5021 ut
584 4985 745 5024 nemo
777 4980 1139 5040 pertranseat,
1174 4965 1352 5042 neque
1402 4981 1726 5038 revertatur,
1771 4983 1830 5030 et
1883 4990 2089 5045 nequa-

496 5074 660 5128 quam
704 5063 1060 5130 superveniat
1096 5063 1251 5118 vobis
1287 5065 1436 5118 ultra
1465 5064 1715 5131 abactor,
1763 5067 1894 5137 quia
1938 5083 2086 5124 nunc

495 5150 604 5205 vidi
633 5151 808 5208 oculis
857 5154 1013 5209 meis.
1058 5174 1076 5208 ι
1130 5154 1364 5211 Domum
1411 5171 1588 5213 meam
1625 5157 1891 5214 illustrem
1943 5175 2083 5230 prac-

495 5238 675 5306 stabo,
707 5249 761 5297 et
783 5243 1044 5312 populum
1067 5261 1251 5299 meum
1285 5251 1530 5317 potentia
1568 5249 1649 5303 sic
1683 5247 1995 5320 complebo,
2023 5259 2084 5306 ut

496 5332 682 5390 hostes
725 5334 929 5390 bellum
959 5334 1066 5393 illis
1097 5336 1304 5395 inferre
1326 5340 1708 5412 aggredientes
1740 5357 1851 5395 non
1895 5355 2082 5396 rever»

2192 3414 2285 3467 mi.
2318 3411 2530 3466 καθελῶ
2581 3410 2738 3480 ὓϐριν
2777 3407 3123 3476 ἀλλοφύλων,
3162 3407 3258 3460 καὶ
3307 3404 3488 3476 ἐξαρῶ
3531 3405 3594 3458 τὸ
3639 3400 3782 3476 αἷμα

2191 3503 2370 3557 αὐτῶν
2402 3504 2467 3554 ἐκ
2493 3500 2588 3555 τοῦ
2609 3501 2654 3533 ⁷⁸
2684 3499 2955 3569 στόματος
2982 3497 3181 3562 αὐτῶν,
3209 3497 3305 3550 καὶ
3333 3495 3404 3550 τὰ
3433 3495 3782 3566 βδελύγματα

2192 3596 2371 3652 αὐτῶν
2388 3596 2431 3626 ⁷⁷
2468 3596 2532 3648 ἐκ
2587 3593 2753 3664 μέσου
2779 3591 2888 3645 τῶν
2905 3591 2952 3622 ⁷⁸
2998 3591 3226 3644 ὀδόντων
3266 3589 3469 3644 αὐτῶν.
3505 3609 3523 3641 ι
3577 3590 3781 3660 Μήτηρ

2193 3691 2299 3760 ἄρα
2330 3686 2648 3758 εὐεργεσίας
2685 3687 2718 3756 ἡ
2747 3684 2852 3738 ὑπὸ
2878 3682 2973 3737 τοῦ
3017 3681 3153 3737 Θεοῦ
3186 3681 3562 3753 ἐπιφερομένη
3576 3683 3619 3714 ’⁸
3653 3699 3782 3734 παι-

2192 3782 2310 3835 δεία
2331 3795 2344 3809 '
2393 3779 2484 3832 διὰ
2509 3777 2711 3846 ταύτην
2744 3778 2854 3848 γὰρ
2885 3777 2980 3830 καὶ
3008 3775 3138 3839 τοὺς
3182 3775 3513 3843 ἀλλοφύλους
3544 3774 3647 3844 ἔφη
3679 3775 3782 3846 τῆς

2195 3873 2296 3944 μὲν
2325 3873 2596 3942 προτέρας
2624 3869 2894 3923 παύεσθαι
2923 3867 3269 3941 παρανομίας
3307 3866 3402 3921 καὶ
3427 3865 3773 3932 δυσσεϐείας,

2191 3964 2282 4018 τοῦ
2316 3964 2372 4018 δὲ
2403 3962 2539 4016 Θεοῦ
2575 3963 2673 4031 τὴν
2705 3960 2999 4029 ἐπίγνωσιν
3027 3959 3298 4029 δέχεσθαι.
3329 3955 3499 4012 Τοῦτο
3525 3957 3633 4030 γὰρ
3658 3957 3782 4027 ἐδή-

2191 4055 2362 4109 λωσεν
2392 4054 2553 4116 εὐθὺς
2589 4051 2884 4120 ἐπαγαγών
2907 4067 2922 4081 ⁵
2971 4068 2992 4102 ι
3020 4049 3132 4102 Καὶ
3164 4048 3652 4117 ὑπολειφθήσονται
3683 4044 3782 4100 καὶ

2189 4143 2336 4203 οῦτοι
2373 4146 2451 4216 τῷ
2482 4145 2602 4215 Θεῷ
2633 4144 2814 4215 ήμῶν,
2861 4143 2954 4198 καὶ
2984 4141 3198 4196 ἔσονται
3230 4141 3307 4204 ὡς
3349 4140 3620 4212 χιλίαρχοι
3643 4139 3688 4171 ⁸⁸
3722 4140 3782 4193 ἐν

2189 4240 2270 4308 τῷ
2286 4240 2329 4271 ⁸³
2371 4237 2562 4308 Ἰούδᾳ,
2597 4236 2692 4290 καὶ
2733 4235 2824 4289 b“
2863 4235 3153 4303 Ἀκκάρων
3199 4233 3276 4298 ὡς
3303 4236 3332 4286 ὁ
3376 4232 3719 4296 Ἰεϐουσαῖος.
3753 4248 3772 4283 ι

2191 4326 2586 4398 Βδελυεάμενοι
2619 4325 2728 4396 γὰρ
2757 4324 2854 4389 τὰς
2885 4322 2996 4378 τῶν
3025 4322 3260 4377 εἰδώλων
3291 4322 3504 4386 θυσίας,
3540 4315 3618 4376 ὧν
3647 4322 3783 4392 πρὶν

2187 4417 2614 4490 ἐνεπίμπλαντο,
2649 4416 2756 4470 ὑπὸ
2781 4415 2882 4487 τήν
2907 4413 3002 4468 τοῦ
3030 4413 3167 4468 Θεοῦ
3195 4413 3524 4484 κηδεμονίαν
3550 4411 3782 4476 ἑαυτοὺς

2187 4507 2428 4574 τάξουσι,
2456 4509 2550 4562 καὶ
2565 4507 2643 4578 τῷ
2674 4505 2845 4578 Ἰούδᾳ
2867 4503 3418 4575 συγκαταλιγόμενσι,
3441 4501 3598 4572 δίκην
3617 4499 3783 4556 τινῶν

2187 4599 2546 4672 διαπρέψουσι
2563 4598 2883 4670 χιλιάρχων,
2907 4596 3002 4650 καὶ
3019 4598 3142 4660 τοῖς
3154 4595 3361 4650 οἰκοῦσι
3381 4596 3481 4665 τὴν
3506 4594 3783 4666 Ἰερουσα-

2115 4663 2159 4719 D
2189 4693 2298 4764 λὴμ
2320 4663 2937 4764 όμότιμοιῃγενήσονται.
2969 4687 3206 4750 Τούτους
3232 4685 3342 4757 γὰρ
3375 4663 3786 4751 Ἰεϐουσαίους

2183 4785 2443 4839 ἐκάλεσεν
2467 4799 2484 4813 ο
2526 4782 2730 4845 ἰεὸοὺς
2751 4781 2860 4852 γὰρ
2880 4779 3021 4849 αῦτη
3051 4777 3219 4832 πάλαι
3247 4774 3707 4849 προσηγορεύετο.

2255 4879 2324 4944 η’.
2387 4891 2406 4923 ι
2436 4871 2546 4926 Καὶ
2589 4871 2970 4940 ὐποστήσομαι
3016 4866 3096 4937 τῷ
3141 4869 3276 4939 οἴκῳ
3323 4883 3426 4937 μου
3462 4866 3779 4936 ἀνάστημα,
3883 4869 3890 4874 ’

2182 4964 2278 5019 τοῦ
2319 4963 2394 5034 μὴ
2440 4961 2904 5034 διαπορεύεσθαι,
2957 4961 3094 5032 μηδέ
3126 4960 3532 5030 ἀνακάμπτειν,
3577 4959 3674 5013 καὶ
3715 4959 3782 5012 ού

2187 5059 2260 5128 μὴ
2295 5055 2500 5128 ἐπέλθῃ
2539 5057 2626 5124 ἐφ’
2673 5055 2875 5125 ύμᾶς⁸³
2909 5055 3092 5108 οὐκέτι
3121 5052 3422 5118 ἐξελαύνων
3445 5069 3462 5085 ⁸
3507 5051 3645 5106 διότι
3679 5049 3783 5106 νῦν

2185 5150 2406 5222 ἐώρακα
2450 5153 2508 5204 ἐν
2558 5151 2672 5213 τοῖς
2722 5147 3020 5218 ὀφθαλμοῖς
3053 5165 3180 5219 μου.
3211 5165 3231 5200 ι
3282 5144 3653 5216 Περίϐλεπτον
3687 5144 3786 5198 τὸν

2193 5244 2326 5314 ἐμὸν
2395 5239 2543 5297 οἷκον
2604 5240 2902 5309 ἀποφανῶ,
2961 5240 3056 5294 καὶ⁵
3118 5237 3418 5309 δυνάμενος
3489 5236 3583 5290 τὸν
3647 5237 3789 5307 ἐμὸν

2191 5339 2461 5410 ἐμπλήσω
2531 5335 2660 5391 λαὸν
2683 5375 2699 5402 ,
2761 5336 2904 5392 ὥστε
2976 5333 3106 5399 τοὺς
3173 5331 3390 5386 ἐπιέναι
3462 5328 3791 5401 τολμῶντας

1783 5513 2017 5569 VARle
2059 5514 2467 5572 Ll-ICTIONES.

568 5666 680 5741 τίς
721 5665 1010 5741 ἐφρόνησε,
1061 5669 1131 5741 ’τ’
1157 5665 1321 5741 Γάζα.
1351 5667 1394 5722 Α
1423 5683 1610 5739 prtem.
1641 5669 1758 5723 καί.
1834 5669 1881 5741 "3
1917 5668 1958 5723 A
1985 5669 2247 5741 ᾐσχύνθη.

2359 5671 2408 5703 ⁷⁸
2431 5671 2474 5726 Α
2498 5667 2820 5740 κατοικηθῇ.
2896 5669 2946 5703 ⁷⁵
2976 5668 3017 5726 C
3051 5668 3152 5740 διό.
3227 5669 3275 5700 ⁷⁸
3295 5665 3410 5740 τοῦ.
3437 5664 3584 5740 pes.._
3627 5665 3681 5721 in
3715 5665 3790 5722 A.

497 5739 562 5816 "_
585 5739 708 5816 αρτ.
737 5723 1126 5816 Είὲρηιῖεειιιίτι
1151 5723 1395 5816 (uerunt,
1417 5723 1550 5816 iuta:
1585 5723 1638 5794 in
1666 5741 1798 5816 et_l_it.
1836 5723 2090 5816 εἱειειξέξῖ

2190 5723 2653 5816 έῦοηῑιιτξέκήτοῦ
2688 5723 2958 5816 στόματος
2983 5723 3186 5804 αὐτῶν,
3211 5740 3305 5816 καὶ
3329 5737 3399 5816 cf!
3433 5735 3794 5816 p6fkti7ttatg.

502 5808 703 5860 αὐτῶν.
762 5807 968 5861 Horum
995 5810 1128 5863 nihil
1159 5810 1214 5863 iu
1253 5811 1294 5862 Α
1328 5818 1380 5864 et
1408 5809 1666 5865 Cexstat.
1703 5809 1779 5864 Ex
1811 5807 2189 5880 superior-ilius
2218 5813 2402 5880 itaque
2440 5812 2667 5881 repetita
2708 5807 2830 5866 esse
2854 5810 3130 5864 videntur.

503 5875 644 5928 etC.
721 5877 767 5911 "
795 5875 837 5930 (ἶ
866 5878 1143 5936 φερομένη
1216 5878 1263 5911 ⁸⁸
1293 5879 1337 5932 Α
1363 5879 1657 5936 γιλίαργος.
1734 5881 1776 5915 ⁸³
1818 5883 1896 5936 τῶ
1931 5893 1985 5936 et
2086 5884 2130 5916 ⁸³
2159 5884 2187 5936 ὁ
2222 5880 2347 5936 Des.
2407 5881 2462 5936 iu
2505 5882 2571 5936 Α.
2678 5879 2726 5914 ⁸³
2754 5880 2800 5934 Α
2825 5880 2912 5933 ἐπ’
2939 5879 3130 5936 αὐτούς

1818 5893 1896 5952 τῳ
1931 5893 1985 5938 et
2086 5893 2130 5916 °'
2159 5893 2187 5936 ο
2225 5893 2347 5936 Des.
2407 5897 2462 5937 ιιι
2505 5893 2571 5937 Α.

503 5882 556 5927 et
582 5875 644 5928 C.
721 5877 767 5911 "
795 5875 837 5930 (ἶ
866 5878 1144 5948 φερομένη
1216 5878 1263 5911 ⁸⁸
1293 5879 1337 5932 Α
1363 5879 1657 5951 χιλίαρχος.

3237 5809 3284 5840 ⁷⁸
3311 5805 3441 5862 τῶν.
3478 5805 3614 5863 Des.
3637 5805 3716 5862 'iu
3745 5807 3790 5860 A

2678 5879 2726 5914 ⁸³
2754 5880 2800 5934 Α
2825 5880 2912 5933 ἐπ’
2939 5879 3157 5942 αὐτούς.
3757 5894 3770 5902 ·
