4090 6400
315 359 466 424 1921

1545 363 1627 424 ΙΝ
1671 362 2070 422 ΖΑΟΗΑΙΠΛΕ
2105 362 2265 423 CAP.
2300 363 2402 423 IX.

3462 367 3602 436 1922

311 477 521 538 αυτοῖς
565 475 860 546 πολεμίους
908 475 983 548 μὴ
1027 475 1414 547 ἀναστρέφειν,
1465 479 1602 550 μηδέ
1641 481 1708 533 τὰ
1736 481 1912 533 οἰκεῖα

2017 508 2226 564 tantur,
2267 515 2370 556 nec
2416 501 2485 556 ad
2538 516 2673 560 suos
2729 505 3078 575 perveniant,
3139 507 3348 565 ibidem
3405 525 3600 581 punias

311 566 800 637 καταλαμϐάνειν,
854 568 1021 622 αὑτοῦ
1075 569 1400 640 δεχομένους
1453 571 1550 642 τὴν
1599 571 1868 643 τιμωρίαν
1894 588 1910 602 °

310 662 460 724 τοὺς
504 660 563 713 δὲ
614 660 808 724 ἄλλους
851 661 920 715 τά
967 662 1170 716 τούτων
1215 663 1522 734 θεωμένους
1569 664 1738 736 πάθη,
1777 664 1914 718 οἴκοι

318 753 521 823 μένειν
565 754 827 818 δεδιότας,
878 755 973 807 καὶ
1003 756 1104 819 τάς
1133 757 1274 810 κατά
1301 757 1395 810 τοῦ
1441 758 1572 812 λαοῦ
1610 757 1916 828 προσϐολάς

317 845 408 916 μὴ
461 845 718 916 θαρρεῖν·
766 845 970 916 ταύτην
1001 847 1108 916 γὰρ
1142 847 1321 900 αὐτῶν
1371 848 1466 901 ἐπὶ
1507 848 1602 902 τοῦ
1651 849 1916 918 παρόντος

313 936 632 1006 ἑδοκίμασα
661 935 760 1007 τὴν
786 938 1110 1007 κηδεμονίαν
1135 940 1483 1010 ποιήσασθαι.
1507 941 1696 995 Ταῦτα
1728 941 1914 1010 μέντοι

315 1029 429 1082 καὶ
461 1029 691 1082 ἐπὶτῶν
722 1029 1098 1084 Μακκαϐαίων
1138 1033 1200 1084 τὸ
1242 1031 1392 1095 τέλος
1432 1033 1672 1100 ἐδέξατο,
1721 1032 1912 1096 Ἰούδα,

315 1119 426 1172 καὶ
462 1117 708 1182 Ἰωνάθα,
733 1120 824 1171 καὶ
853 1120 1096 1189 Σίμωνος
1119 1121 1569 1193 στρατηγούντων
1595 1141 1610 1156 ·
1644 1125 1783 1194 μετά
1805 1125 1914 1194 γάρ

315 1208 430 1280 τὴν
468 1209 647 1279 νίκην,
705 1210 805 1274 τὰς
853 1211 964 1263 τῶν
1016 1211 1328 1281 ἀλλοφύλων
1375 1214 1846 1269 κατεδουλώσαντο
1867 1215 1914 1248 ⁸⁵

316 1301 539 1368 πόλεις,
574 1301 666 1355 καὶ
714 1302 1000 1367 Ἰουδαίους
1031 1305 1145 1356 ἀντ’
1177 1306 1399 1361 ἐκείνων
1437 1307 1770 1378 κατῴκισαν,
1821 1310 1914 1363 καὶ

321 1392 518 1462 μέντοι
552 1393 647 1448 καὶ
682 1394 741 1461 ἐξ
772 1395 953 1448 αὐτῶν
983 1396 1206 1450 ἐκείνων
1241 1399 1469 1463 πολλοὺς
1496 1402 1913 1472 παρεσκεύασαν

320 1485 670 1555 μεταμαθεῖν
710 1486 810 1556 τὴν
839 1485 1140 1540 εὐσέϐειαν.
1204 1489 1268 1541 Ἦ
1316 1489 1373 1543 δὲ
1415 1492 1649 1563 ἀκριϐὴς
1688 1493 1913 1559 ἔκϐασις

316 1570 433 1640 τῆς
461 1573 799 1642 προφητείας
833 1573 974 1642 μετά
1005 1575 1106 1644 τὴν
1152 1574 1247 1629 τοῦ
1296 1578 1549 1651 Σωτῆρος
1601 1583 1756 1653 ήμῶν
1793 1586 1912 1638 ἐπι-

320 1663 563 1731 φάνειαν
606 1661 762 1734 ῶφθη
786 1680 800 1694 °
853 1663 949 1718 νῦν
990 1665 1100 1738 γάρ
1127 1667 1227 1738 τὴν
1259 1668 1364 1722 τῶν
1393 1671 1628 1727 εἰδώλων
1665 1675 1908 1746 ἀρνησά-

319 1771 485 1824 μενοι
510 1755 739 1827 πλάνην,
774 1756 871 1810 καὶ
917 1756 1328 1827 Ἀσκαλωνῖται,
1358 1764 1450 1817 καὶ
1481 1764 1904 1837 Ἀκκαρωνῖται,

318 1847 426 1900 και
467 1848 517 1902 οι
555 1826 706 1902 ἄλλοι
767 1848 1078 1919 ἀλλόφυλοι,
1119 1851 1182 1905 τδ
1215 1852 1314 1922 τῆς
1348 1826 1676 1924 θεογνωσίας
1710 1826 1911 1914 εισεδέζ
1946 1826 1987 1882 Β

320 1940 491 2006 ξαντο
539 1939 655 2012 φῶς
681 1957 695 1972 ·
746 1941 840 1994 καὶ
887 1942 996 1996 οί⁸⁸
1039 1942 1101 2008 ἐξ
1136 1945 1316 2000 αὐτῶν
1358 1949 1667 2018 ποιμαίνειν
1713 1953 1911 2017 αὐτοὺς

316 2031 608 2102 λαχόντες,
659 2027 772 2086 οἶόν
816 2050 962 2097 τινες
1009 2034 1278 2107 χιλίαρχοι
1329 2039 1424 2092 καὶ
1459 2043 1753 2112 στρατηγοὶ
1795 2043 1913 2098 δια-

317 2122 660 2192 λάμπουσιν.
688 2116 761 2178 Οὖ
787 2123 946 2195 χάριν
974 2123 1036 2176 τὸ
1066 2126 1332 2196 πανάγιον
1360 2127 1584 2198 Πνεῦμα
1615 2130 1913 2201 προθεσπί-

321 2231 429 2268 σαν
457 2214 660 2278 ἐκεῖνα,
691 2215 786 2267 καὶ
811 2215 903 2268 τὸν
931 2213 1135 2268 τούτων
1163 2217 1269 2271 τῶν
1284 2218 1332 2250 ⁸⁸
1358 2218 1577 2292 ἀγαθῶν
1605 2222 1778 2276 αἴτιον
1807 2223 1912 2294 δεί-

319 2324 512 2383 κνυσι,
542 2308 636 2362 καὶ
665 2307 765 2380 βοᾷ
787 2309 874 2362 διὰ
907 2307 1000 2361 τοῦ
1032 2311 1308 2384 προφήτου
1331 2326 1351 2346 ο

398 2399 464 2454 θ’.
509 2419 527 2451 ‹
558 2402 730 2472 Χαῖρε
770 2401 996 2474 σφόδρα,
1034 2403 1270 2475 θύγατερ
1311 2405 1468 2468 Σιὼν,
1503 2407 1768 2477 κήρυσσε,
1821 2407 1912 2462 θύ-

319 2508 501 2564 γατερ
533 2492 886 2563 Ἰερουσαλήμ
906 2510 920 2525 ο
971 2493 1079 2548 ἰδοὺ
1112 2497 1140 2549 ό
1173 2495 1426 2564 βασιλεύς
1457 2515 1548 2550 σου
1579 2498 1796 2570 ἔρχεταί
1828 2491 1909 2554 σοι

319 2587 530 2646 δίκαιος
558 2586 652 2638 καὶ
687 2583 874 2648 σώζων
901 2601 915 2616 ⁸
960 2580 1114 2649 οὗτος
1153 2588 1402 2659 πρᾶοςθ7,
1439 2590 1532 2642 καὶ
1565 2591 1909 2662 ἐπιϐεϐηκὼς

322 2676 422 2730 ἐπὶ
439 2677 484 2708 ⁸³
513 2676 827 2744 ὑποζύγιον,
865 2678 958 2730 καὶ
998 2677 1176 2732 πῶλον
1205 2679 1342 2733 νέον.
1376 2698 1394 2730 ι
1444 2680 1628 2734 Ταῦτα
1665 2682 1722 2736 δὲ
1763 2685 1906 2754 σαφῆ

319 2767 414 2821 διὰ
447 2768 556 2821 τῶν
589 2769 931 2838 πραγμάτων
962 2768 1074 2840 ἔχει
1103 2771 1203 2842 τήν
1236 2772 1532 2843 ἑρμηνείαν
1558 2789 1570 2802 ³
1610 2768 1711 2844 ἧκε
1749 2774 1858 2844 γὰρ
1881 2776 1910 2827 ὁ

326 2862 808 2932 προφητευόμενος
840 2860 1112 2932 βασιλεὺς,
1155 2864 1251 2917 καὶ
1282 2867 1347 2937 τῇ
1378 2865 1556 2936 οἰκείᾳ
1595 2865 1912 2940 δικαιοσύνη

321 2952 422 3022 τὴν
458 2953 734 3022 ἁμαρτίαν
768 2952 1102 3017 κατέπαυσε,
1152 2956 1247 3010 καὶ
1284 2959 1352 3027 τῇ
1383 2957 1650 3029 πραότητι
1677 2956 1768 3011 τοῦ
1797 2959 1914 3012 δια-

324 3044 482 3098 ϐόλου
509 3044 606 3116 τὴν
631 3045 951 3109 ἀλαζονείαν
982 3047 1270 3111 κατέλυσε,
1307 3048 1402 3102 καὶ
1433 3049 1598 3119 πώλῳ
1629 3049 1750 3103 ὄνου
1777 3068 1913 3122 χρη-

323 3137 580 3208 σάμενος,
620 3137 748 3200 τοὺς
779 3137 870 3189 ἐπὶ
895 3138 1113 3209 χρυσῶν
1144 3140 1239 3193 καὶ⁵
1267 3139 1664 3212 λιθοκολλήτων
1703 3143 1912 3213 ὀχημά-
1939 3178 1980 3234 C

319 3246 432 3284 των
483 3231 819 3301 φερομένους
863 3230 1118 3300 βασιλέας
1159 3230 1272 3300 ἔχει
1314 3234 1719 3302 προσκυνητάς.
1774 3236 1910 3306 Περὶ

319 3321 515 3377 τούτου
552 3321 636 3376 τοῦ
665 3322 847 3376 πώλου
889 3322 984 3375 καὶ
1009 3322 1037 3373 ὁ
1070 3323 1339 3392 μακάριος
1376 3323 1572 3376 Ἰακὼϐ
1610 3324 1906 3395 προθεσπί-

319 3414 427 3480 ζει,
454 3415 626 3485 λέγων
646 3434 659 3447 ”
700 3435 718 3468 ι
747 3415 1036 3488 Δεσμεύων
1059 3415 1195 3486 πρὸς
1228 3415 1470 3487 ἄμπελον
1489 3416 1579 3472 τὸν
1609 3417 1788 3471 πῶλον
1809 3419 1910 3488 τῆς

318 3507 446 3561 ὄνου
460 3509 504 3542 ⁸⁹
533 3509 721 3563 αὑτοῦ.
753 3528 772 3560 ι

401 3605 454 3653 ι’.
507 3619 526 3652 ι
556 3600 668 3654 Καὶ
704 3598 1080 3672 ἐξολοθρεύσει
1119 3597 1344 3670 ἅρματα
1391 3599 1452 3666 ἐξ
1498 3600 1763 3672 Ἐφραῖμ,
1815 3601 1910 3656 καὶ

321 3690 488 3746 ἵππον
521 3691 581 3758 ἐξ
624 3691 981 3764 Ἰερουσαλήμ
1009 3707 1023 3720 ·
1073 3691 1168 3745 καὶ
1203 3689 1718 3763 ἐξολοθρευθήσεται
1759 3692 1909 3758 τόξον

319 3784 639 3854 πολεμικὸν,
685 3785 779 3838 καὶ
813 3783 1020 3853 πλῆθος
1065 3783 1159 3838 καὶ
1207 3786 1401 3858 εἰρήνη
1436 3786 1481 3817 ⁹⁰
1536 3785 1594 3852 ἐξ
1644 3785 1835 3840 ἐθνῶν.
1885 3805 1904 3838 ι

319 3875 530 3947 Ταύτῃ,
565 3875 719 3946 φησὶ,
753 3875 1094 3945 κεχρημένος
1123 3876 1190 3946 τῇ
1227 3874 1690 3946 μετριότητι,τῶν
1711 3878 1752 3908 ⁹¹
1774 3876 1910 3930 ὅλων

318 3959 708 4037 Παμϐασιλεὺς
734 3964 1129 4037 ἐξωλόθρευσεν
1152 3963 1374 4034 ἅρματα
1404 3964 1463 4031 ἐξ
1493 3966 1733 4036 Ἐφραῒμ
1753 4007 1766 4029 ,
1815 3967 1909 4020 καὶ

317 4058 488 4114 ἵππον
516 4057 576 4123 ἐξ
615 4057 988 4130 Ἰερουσαλήμ,
1020 4057 1118 4128 τήν
1149 4056 1462 4128 θρασύτητα
1491 4058 1670 4111 αὐτῶν
1695 4058 1788 4111 καὶ
1810 4057 1908 4128 τὴν

321 4146 559 4218 μανικὴν
592 4147 902 4212 καταλύσας
934 4147 1213 4217 βασιλείαν
1242 4163 1257 4176 ·
1304 4147 1671 4219 ἐξωλόθρευσε
1719 4150 1776 4203 δὲ
1815 4149 1909 4203 καὶ¹

315 4237 472 4303 τόξον
502 4236 822 4308 πολεμικὸν,
856 4239 952 4293 καὶ
983 4238 1189 4307 πλῆθος
1221 4237 1312 4292 διά
1350 4238 1454 4308 τῆς
1504 4239 1794 4308 Ῥωμαίων
1834 4243 1909 4294 εί-

319 4330 492 4400 ρήνης
523 4327 833 4400 βραϐεύσας
862 4331 976 4393 τοῖς
1007 4329 1209 4392 ἔθνεσι,
1253 4330 1349 4384 καὶ
1381 4329 1634 4384 εὐκολίαν
1667 4333 1782 4395 τοῖς
1809 4332 1908 4402 τῆς

315 4420 578 4493 ἀληθείας
612 4423 810 4496 κήρυξι
857 4423 1248 4494 χαρισάμενος.
1291 4423 1440 4484 Μιᾶς
1470 4422 1580 4494 γὰρ
1606 4423 1908 4496 γενομένης

2017 591 2230 647 luentes
2265 610 2279 648 :
2317 593 2408 648 alii
2442 609 2595 661 vero,
2625 595 2719 666 qui
2744 598 2940 652 horum
2965 602 3310 659 calamitates
3341 603 3598 669 viderint,
3686 673 3688 675 ν

2015 681 2161 736 domi
2203 695 2461 739 maneant
2507 687 2704 743 timore
2739 691 3047 760 praepediti,
3086 702 3138 747 et
3181 703 3377 749 contra
3417 711 3600 767 popu-

2017 776 2128 830 lum
2167 775 2368 831 bellum
2406 779 2687 850 suscipere
2727 798 2838 836 non
2873 784 3134 850 audeant,
3182 790 3473 856 quoniam-
3504 805 3600 844 eos

2015 868 2098 922 sic
2133 868 2188 922 in
2231 885 2473 938 praesens
2501 886 2699 928 curare
2752 877 3034 931 constitui.
3085 877 3214 933 Haec
3249 881 3470 950 quidem
3529 882 3597 936 ad

2016 958 2177 1014 ﬁnem
2205 974 2570 1030 pervenerunt
2601 967 2764 1020 etiam
2807 969 2909 1024 sub
2934 968 3281 1038 Machabaeis,
3335 971 3499 1038 Juda,
3543 985 3599 1030 et

2014 1049 2322 1109 Jonathane
2377 1063 2432 1111 et
2487 1055 2714 1114 Simone
2771 1060 2976 1115 bellum
3021 1063 3595 1122 administrantibus:

2015 1159 2166 1211 nam,
2188 1154 2312 1215 post
2336 1157 2547 1216 partam
2566 1150 2882 1218 victoriam,
2921 1153 3317 1226 allophylorum
3353 1160 3518 1213 urbes
3541 1159 3595 1213 in

2014 1249 2169 1290 suam
2219 1245 2546 1306 potestatem
2581 1243 2936 1312 redegerunt,
2982 1256 3034 1300 et
3071 1246 3125 1299 in
3161 1248 3339 1302 locum
3376 1251 3594 1304 illorum

2011 1323 2231 1381 Judaeos
2278 1328 2506 1385 colonos
2549 1331 2898 1387 deduxerunt
2954 1352 2967 1388 ε
3011 1338 3142 1405 quin
3169 1340 3332 1392 etiam
3374 1355 3440 1394 ex
3488 1342 3597 1395 illis

2015 1419 2151 1488 ipsis
2185 1422 2387 1476 multos
2415 1424 2559 1492 piam
2592 1425 2912 1495 religionem
2938 1427 3216 1484 docendos
3240 1445 3596 1490 curaverunt.

2013 1511 2401 1568 Verumtamen
2432 1523 2660 1571 exactus
2693 1518 2906 1590 1635.
2952 1522 3251 1591 prophetia:
3275 1525 3456 1580 exitus
3480 1534 3602 1596 post

2014 1598 2315 1656 Salvatoris
2364 1603 2541 1658 nostri
2583 1606 2876 1661 adventum
2923 1611 3230 1678 patefactus
3281 1624 3386 1670 est.
3445 1613 3602 1672 Nunc

2011 1695 2156 1747 enim
2180 1692 2451 1749 idolorum
2479 1711 2722 1752 errorem
2765 1700 3140 1768 repudiantes,
3172 1714 3225 1758 et
3247 1705 3598 1772 Ascalonita,

2011 1792 2067 1840 et
2099 1784 2460 1853 Accaronitte,
2489 1796 2543 1843 et
2565 1789 2746 1844 caeteri
2795 1791 3076 1863 allophyli,
3113 1793 3311 1850 divine
3353 1799 3601 1854 notionis

2015 1876 2198 1932 lumen
2221 1877 2564 1932 admiserunt
2595 1896 2608 1933 :
2640 1888 2696 1934 et
2724 1881 2819 1950 qui
2853 1897 2919 1937 ex
2954 1884 3037 1939 eis
3066 1887 3352 1942 constituti
3377 1899 3506 1943 sunt
3529 1892 3596 1944 ad

2012 1982 2111 2023 eos
2159 1970 2487 2038 pascendos,
2523 1971 2682 2040 quasi
2713 1974 2934 2042 quidam
2958 1976 3164 2031 tribuni
3187 1987 3238 2032 et
3273 1981 3398 2035 belli
3428 1983 3599 2038 duces

2013 2059 2351 2128 praecellunt.
2377 2059 2744 2125 Quamobrem
2769 2062 3010 2133 Spiritus
3035 2075 3260 2122 sanctus
3284 2069 3376 2124 illa
3403 2073 3601 2141 pra-di-

2014 2165 2184 2214 cens.
2217 2151 2414 2206 horum
2471 2169 2691 2223 quoque
2739 2156 3012 2214 bonorum
3060 2174 3289 2218 causam
3333 2166 3598 2223 ostendit.

2009 2247 2069 2295 et
2102 2241 2374 2298 exclamat
2397 2259 2494 2314 per
2523 2247 2844 2317 prOphetam
2872 2268 2886 2304 :

2083 2382 2248 2450 Vsus.
2273 2397 2326 2451 9.
2366 2414 2384 2448 ι
2416 2397 2606 2454 Gaude
2633 2399 3007 2467 vehementer,
3033 2403 3141 2458 lilia
3175 2405 3377 2471 Sionis,
3405 2382 3603 2479 praedi;

2011 2499 2096 2550 ca,
2124 2485 2234 2540 ﬁlia
2269 2485 2660 2560 Hierosolyma:
2690 2505 2705 2544 :
2731 2505 2860 2547 ecce
2896 2507 2994 2550 rex
3032 2503 3162 2550 tuus
3183 2498 3412 2552 venitad
3443 2509 3496 2553 te
3504 2501 3599 2569 ju-

2011 2583 2130 2629 stus
2151 2582 2204 2630 et
2227 2575 2483 2632 salvans:
2514 2578 2630 2648 ipse
2653 2589 3001 2646 mansuetus,
3028 2592 3082 2639 et
3109 2594 3295 2643 vectus
3323 2589 3600 2660 subjugali

2009 2672 2065 2719 et
2103 2665 2251 2734 pullo
2280 2681 2442 2720 novo.
2471 2686 2490 2718 ι
2526 2667 2654 2722 llaec
2686 2684 2818 2723 vero
2851 2685 2918 2724 ex
2951 2671 3087 2741 ipsis
3138 2676 3306 2732 rebus
3354 2689 3597 2750 apertam

2011 2756 2215 2813 habent
2245 2759 2667 2828 expositionem.
2697 2759 2913 2817 Etenim
2941 2779 3056 2829 rex,
3096 2751 3260 2837 quem
3311 2773 3594 2841 pmphetae

2011 2851 2398 2920 praedixerant,
2425 2853 2592 2918 venit,
2617 2862 2669 2907 et
2693 2853 2908 2922 justitia
2937 2871 3036 2910 sua
3068 2868 3353 2928 peccatum
3376 2865 3598 2931 delevit,

2013 2952 2065 2998 et
2105 2943 2528 2999 mansuetudine
2564 2943 2768 3003 diaboli
2811 2949 3126 3016 superbiam
3175 2951 3359 3023 fregit,
3405 2967 3457 3010 et
3505 2960 3600 3027 qui

2013 3037 2167 3106 pullo
2217 3036 2388 3091 asinae
2432 3037 2636 3092 insedit
2684 3053 2840 3108 reges
2895 3039 3059 3096 habet
3107 3045 3454 3116 adoratores,
3503 3052 3602 3122 qui

2014 3143 2151 3184 auro
2179 3139 2233 3186 et
2296 3129 2576 3199 lapidibus
2621 3129 2881 3199 pretiosis
2937 3135 3151 3191 ornatis
3207 3138 3474 3197 vehiculis
3510 3159 3601 3213 ge-

2012 3227 2248 3275 stantur.
2284 3219 2359 3274 De
2390 3222 2493 3274 hoc
2528 3221 2680 3288 pullo
2715 3218 3101 3278 beatus'etiam
3129 3224 3301 3283 Jacob
3337 3233 3600 3288 vaticina.

2013 3317 2125 3372 tur,
2157 3310 2348 3366 dicens
2390 3327 2405 3366 :
2468 3327 2488 3362 ι
2515 3310 2765 3382 Alligans
2798 3311 2868 3367 ad
2916 3312 3082 3370 vitem
3135 3317 3547 3387 pullumasinae
3581 3323 3600 3344 ⁶

2010 3415 2126 3457 sua:
2157 3400 2201 3455 ί.
2236 3420 2258 3454 ι

2080 3581 2249 3639 Vens.
2284 3583 2373 3640 l0.
2417 3603 2436 3636 ι
2466 3585 2534 3640 Ει
2567 3586 2851 3661 disperdet
2882 3607 3084 3650 currus
3112 3611 3178 3651 ex
3209 3595 3596 3667 Ephraimo,et

2011 3690 2213 3745 equum
2245 3691 2313 3731 ex
2365 3675 2746 3751 Hierosolyma
2777 3700 2788 3736 :
2817 3691 2872 3738 et
2922 3687 3384 3743 exterminabitur
3431 3705 3596 3750 arcus

2009 3772 2398 3842 pugnantium,
2431 3781 2485 3827 et
2541 3774 2843 3832 multitudo
2881 3787 2936 3833 et
2978 3795 3083 3849 pax
3128 3796 3196 3835 ex
3250 3785 3530 3852 gentibus.
3573 3807 3592 3841 ι

2015 3863 2147 3926 llac,
2196 3863 2396 3932 inquit,
2440 3867 2817 3923 moderatione
2873 3887 3030 3938 usus,
3064 3887 3156 3928 rex
3212 3878 3595 3940 universorum

2012 3955 2285 4023 maximus
2338 3957 2576 4037 perdidit
2606 3974 2806 4017 currus
2839 3978 2908 4018 ex
2960 3962 3278 4038 Ephrainio,
3309 3978 3362 4022 et
3391 3983 3594 4038 equum

2011 4061 2074 4100 ex
2114 4033 2518 4118 Hierosolyma,
2561 4065 2752 4105 eorum
2793 4053 3082 4109 audaciam
3132 4068 3184 4112 et
3237 4075 3478 4131 regnum,
3511 4063 3598 4127 die

2011 4153 2178 4192 ruens
2227 4138 2485 4194 insanum
2532 4159 2544 4194 :
2595 4141 2708 4197 imo
2766 4144 2980 4216 1635
3017 4163 3148 4202 vero
3199 4166 3387 4206 arcum
3428 4154 3592 4210 etiam

2007 4232 2370 4303 pugnantium
2403 4231 2663 4303 perdidit,
2697 4242 2751 4290 et
2806 4238 3215 4296 multitudinem
3259 4258 3356 4314 per
3390 4243 3594 4313 Roma-

2011 4339 2205 4378 norum
2241 4337 2426 4394 pacem
2460 4324 2720 4394 gentibus
2753 4328 2962 4396 peperit
3009 4336 3065 4384 et
3095 4328 3415 4389 facultatem
3449 4336 3593 4390 veri-

2011 4416 2140 4472 tatis
2195 4415 2551 4471 enuntiandae
2609 4421 2960 4488 praeconibus
3016 4423 3246 4495 largitus
3288 4435 3392 4482 est.
3455 4427 3591 4497 Nam

314 4513 417 4585 τῆς
453 4513 750 4585 βασιλείας,
794 4513 1105 4568 ἐπαύσαντο
1137 4513 1238 4584 μὲν
1265 4514 1321 4568 αἱ
1354 4515 1476 4568 κατ’
1515 4514 1762 4585 ἀλλήλων
1798 4515 1905 4569 τῶν

2011 4519 2302 4580 postquam
2358 4510 2545 4564 omnia
2608 4513 2776 4568 unius
2813 4513 3043 4584 imperio
3070 4517 3317 4585 subjecta
3345 4518 3593 4588 fuerunt,

315 4606 488 4660 ἐθνῶν
510 4607 931 4671 ἐπαναστάσεις,
956 4607 1148 4678 εἰρήνη
1168 4606 1226 4659 δὲ
1247 4605 1387 4660 κατὰ
1414 4607 1594 4660 πᾶσαν
1614 4607 1713 4677 τὴν
1734 4609 1907 4661 οίκου-

316 4699 490 4769 μένην
519 4698 884 4764 ἐπολιτεύετο,
920 4697 1092 4761 ἀδεῶς
1117 4697 1174 4751 δὲ
1209 4697 1484 4768 διέτρεχον
1517 4698 1566 4751 οἱ
1594 4697 1654 4750 τὸ
1680 4698 1781 4769 τῆς
1814 4699 1906 4752 εύ-

318 4788 536 4854 σεϐείας
581 4790 846 4862 κήρυγμα
896 4787 1279 4851 πιστευθέντες
1318 4787 1630 4852 ἀπόστολοι,
1675 4789 1772 4842 καὶ
1809 4789 1906 4860 τὴν

316 4881 644 4953 οἰκουμένην
668 4881 1129 4955 περινοστοῦντες,
1153 4882 1279 4945 τοὺς
1302 4879 1623 4951 ἀνθρώπους
1647 4880 1907 4953 ἐθήρευον

316 4978 398 5037 είς
447 4974 614 5048 ζωήν.
663 4975 773 5029 Καὶ
812 4974 872 5027 τὸ
916 4973 1136 5028 πάντων
1170 4971 1621 5044 παραδοξότατον,
1667 4973 1747 5027 ὅτι
1799 4973 1900 5026 ποῦ

315 5065 493 5120 κλῖναι
517 5066 615 5137 τὴν
640 5065 882 5135 κεφαλὴν
905 5067 1005 5118 οὑκ
1034 5064 1172 5134 ἔχων
1196 5067 1224 5117 ὁ
1242 5065 1320 5135 τῷ
1346 5064 1510 5136 πώλῳ
1531 5065 1898 5137 χρησάμενος,

315 5157 498 5229 πάσης
525 5159 629 5230 γῆς
662 5158 756 5212 καὶ
789 5156 1063 5227 θαλάσσης
1097 5154 1360 5227 ἐθελήσας
1399 5157 1692 5231 ἐκράτησε.
1730 5156 1899 5209 Τοῦτο

395 5337 414 5376 ί
457 5336 594 5393 Gen.
623 5351 774 5403 χιιι,
805 5337 892 5390 Η.
972 5339 998 5378 ε
1022 5337 1213 5393 Matth.
1249 5354 1370 5404 vin,
1408 5338 1500 5392 ΞΟ.

2007 4612 2171 4673 atque
2222 4610 2414 4674 gentes
2460 4602 2598 4657 bella
2653 4604 2798 4660 inter
2840 4620 2901 4661 se
2949 4622 3137 4676 gerere
3178 4609 3478 4678 desierunt,
3535 4624 3594 4672 et

2007 4710 2106 4766 pax
2151 4702 2266 4748 toto
2299 4695 2431 4748 orbe
2481 4702 2751 4749 terrarum
2799 4701 3100 4753 constituta
3145 4698 3266 4766 fuit,
3319 4705 3592 4774 intrepide

2005 4785 2260 4856 apostoli,
2289 4785 2492 4855 quibus
2548 4788 2958 4857 promulgandze
3013 4793 3260 4849 veritatis
3311 4797 3590 4865 negotium

2007 4879 2194 4931 datum
2242 4876 2441 4943 fuerat,
2476 4877 2662 4931 orbem
2719 4884 2878 4933 terra:
2937 4895 3325 4954 peragrarunt,
3375 4894 3428 4939 et
3467 4903 3591 4957 per-

2008 4965 2265 5036 agi-antes
2303 4968 2493 5022 orbem
2531 4967 2784 5023 homines
2811 4963 2884 5024 ad
2910 4973 3077 5027 vitam
3122 4978 3296 5030 venati
3329 4986 3475 5033 sunt.
3524 4979 3592 5034 Et

2009 5059 2154 5128 quod
2183 5059 2430 5113 omnium
2475 5059 2707 5113 maxime
2735 5069 2819 5114 est
2873 5062 3206 5129 mirandum,
3262 5070 3307 5120 is
3337 5070 3430 5139 qui
3480 5086 3589 5125 non

1973 5175 1976 5180 -
2009 5151 2246 5207 habebat
2273 5149 2364 5205 ubi
2397 5149 2688 5204 reclinaret
2713 5158 2880 5220 caput
2900 5154 2944 5220 ε,
2968 5155 3174 5226 quique
3194 5160 3343 5228 pullo
3371 5162 3589 5227 insedit,

1632 5492 1870 5549 vanum
1912 5462 2316 5572 L‘ECTIONES'.

1056 5653 1102 5686 ⁸⁸
1140 5653 1277 5718 ϐοΐ,
1315 5652 1526 5709 omisso
1575 5654 1690 5710 καί.

1160 5726 1205 5757 ⁸⁸
1233 5724 1344 5780 ἐπί.
1386 5722 1512 5779 Des.
1546 5725 1599 5778 in
1629 5723 1689 5778 C.

387 5658 434 5689 ³⁸
456 5657 496 5713 C
526 5656 954 5711 κατεδούλωσαν.

314 5727 407 5784 Gr.
436 5728 553 5796 ΑῙῙ.
583 5727 709 5784 Cur.
756 5743 920 5782 serm.
960 5726 1044 5782 10.

340 5798 432 5854 τὸν
463 5799 660 5853 πῶλον.

1791 5653 1836 5685 ⁸ο
1871 5652 2001 5706 τῶν.
2037 5652 2161 5710 Des.
2196 5651 2250 5706 in
2292 5649 2354 5707 C.

1793 5725 1842 5758 ιν
1870 5724 1969 5791 τῆς
2003 5723 2146 5776 διιου,
2212 5721 2253 5778 C
2283 5723 2694 5793 paniﬁcia-toﬁ,
2743 5721 2869 5776 καὶί
2899 5721 2965 5793 τῇ

758 5798 804 5830 ⁹⁰
840 5796 934 5850 καὶ
969 5797 1072 5869 εἰρ.
1100 5795 1270 5864 inira,
1305 5793 1398 5850 Gr.
1435 5794 1550 5864 ΑΠ’.
1586 5794 1716 5851 Cur.
1748 5794 1787 5850 Ι.
1823 5795 1912 5851 c.l

2042 5791 2298 5864 εἰρήνης.
2361 5791 2404 5823 ’⁸
2432 5791 2560 5846 τῶν.
2594 5792 2634 5848 C
2667 5807 2853 5864 prtem.
2895 5791 2944 5845 ὁ.

2451 5649 2500 5682 "
2530 5651 2572 5704 A
2607 5650 2771 5715 αὐτὸς
2813 5649 3126 5723 πραΰςηίια
3155 5661 3370 5723 quoque
3419 5646 3585 5723 infra,

3024 5719 3162 5774 ἕλικι
3175 5717 3182 5719 “
3197 5717 3294 5789 τῆς
3337 5717 3585 5786 ἀμπέλου
