4090 6426
531 385 672 454 1923

1519 382 2009 449 THEODORETI
2044 381 2385 444 EPISCOPI
2435 385 2804 449 CYRENSIS

3663 393 3798 458 1924

524 508 695 562 totius
731 514 892 564 terrae
942 505 1244 579 marisque,
1265 517 1392 561 cum
1425 501 1506 558 illi
1533 501 1764 574 placuit,
1817 500 2095 568 imperium

2213 497 2307 550 καὶ
2347 499 2378 549 ὁ
2425 515 2766 571 προφητικος
2809 499 3177 574 προεθέσπισε
3226 503 3420 574 λόγος’
3475 524 3494 559 ι
3532 506 3644 562 Καὶ
3696 525 3798 563 κα-

525 602 710 656 ten‘uit
734 619 749 655 ε
776 602 881 658 hoc
898 616 1027 657 vero
1045 601 1212 658 etiam
1237 613 1422 655 sermo
1441 595 1799 668 propheticus
1824 591 2098 664 praedixit:

530 691 629 747 «Et
675 693 1049 748 dominabitur
1105 691 1266 762 aquis
1323 705 1357 745 a
1402 691 1544 745 mari
1596 702 1772 758 usque
1803 687 1870 741 ad
1925 699 2104 750 mare,

525 790 580 836 et
602 797 656 840 .a
730 781 1049 838 ﬂuminibus
1105 795 1283 852 usque
1339 779 1409 835 ad
1468 778 1650 834 exitus
1701 789 1883 834 terra.
1919 794 1939 830 ι
1993 774 2108 845 Ego

523 887 653 927 vero
703 871 1020 928 Judasorum
1069 881 1366 943 stuporem
1424 870 1692 932 admiror,
1746 869 1841 940 qui
1919 867 2104 937 impu-

523 961 850 1020 dentissime
899 965 1041 1020 hanc
1080 963 1422 1036 prophetiam
1452 961 1521 1017 de
1553 961 1889 1017 Zorobabele
1940 962 2109 1016 inter-

524 1056 726 1128 pretari
783 1069 1070 1112 conantur.
1127 1056 1264 1111 Nam
1319 1055 1710 1111 Zorobabelem
1767 1070 1878 1111 non
1935 1061 2105 1108 totam

522 1147 867 1205 Palaestinam
897 1149 1163 1214 tenuisse,
1202 1148 1300 1205 sed
1342 1148 1515 1204 solam
1567 1146 1832 1212 Judaeam,
1892 1147 2109 1218 ipsimet

521 1241 693 1298 Judaei
729 1243 1099 1300 conﬁtentur:
1131 1243 1400 1315 propheta
1433 1252 1614 1298 autem
1668 1241 1924 1312 praedixit
1977 1257 2103 1296 eum

523 1335 616 1406 qui
650 1335 800 1406 pullo
827 1335 1050 1402 insedit,
1091 1335 1194 1392 toti
1215 1335 1335 1392 orbi
1382 1335 1782 1406 imperaturum
1809 1349 1955 1390 esse.
1999 1333 2106 1389 Ac-

521 1427 691 1493 cedit,
727 1427 876 1499 quod
901 1428 1180 1483 Christum
1209 1428 1362 1498 pullo
1390 1442 1550 1484 usum
1582 1424 1758 1482 luisse
1791 1428 2048 1482 novimus
2085 1444 2100 1482 :

520 1518 913 1575 Zorobabelem
936 1534 1066 1575 vero
1101 1521 1154 1575 id
1187 1521 1406 1584 fecisse,
1457 1535 1619 1574 nemo
1656 1520 1722 1574 ad
1775 1519 1923 1573 hunc
1961 1517 2105 1573 diem

519 1611 660 1666 dixit
715 1626 782 1666 ex
842 1610 928 1666 his
985 1611 1081 1681 qui
1115 1610 1299 1666 divina
1347 1611 1818 1682 conscripserunt.
1869 1610 2026 1677 Quod
2058 1610 2103 1664 si

517 1701 773 1758 Christus
807 1701 1071 1758 Dominus
1094 1703 1252 1773 juxta
1284 1703 1624 1774 prophetiam
1654 1704 1802 1773 pullo
1831 1718 1965 1758 usus
1995 1710 2102 1768 est,

517 1805 574 1850 et
600 1794 888 1865 imperium
925 1795 1076 1851 orbis
1103 1803 1265 1850 terrae
1302 1796 1498 1858 tenuit,
1530 1806 1584 1851 et
1611 1795 1753 1852 Deus
1782 1810 1948 1850 verus
1975 1810 2099 1850 esse

517 1885 762 1940 creditur
782 1892 838 1940 et
857 1885 1208 1956 praedicatur,
1230 1886 1543 1954 delevitque
1564 1901 1792 1956 regnum
1814 1884 2098 1956 Ephraimi

515 1985 572 2032 et
599 1976 839 2043 lsraelis,
869 1979 938 2032 de
988 1993 1055 2034 eo
1107 1989 1164 2033 et
1211 1978 1327 2033 haec
1376 1979 1640 2048 propheta
1701 1977 1976 2047 praedixit,
2046 1987 2102 2032 et

520 2068 737 2140 1636
769 2070 1056 2140 prophetia
1087 2070 1211 2125 sine
1263 2069 1617 2124 dubitatione
1674 2069 1742 2122 ad
1786 2068 1945 2136 tinent
1971 2083 2098 2138 per—

514 2161 688 2215 venit.
717 2159 1020 2230 Sequentia
1057 2176 1224 2230 porro
1253 2176 1384 2216 cum
1423 2161 1508 2216 his
1536 2161 1700 2214 etiam
1733 2160 2096 2215 conveniunt.

591 2246 754 2303 Vsus.
788 2249 876 2302 ll.
907 2267 925 2299 ι
959 2247 1022 2302 Et
1053 2259 1108 2302 tu
1136 2249 1188 2303 in
1222 2249 1489 2320 sanguine
1522 2248 1832 2303 testamenti
1863 2249 1943 2302 tui
1970 2247 2099 2301 emi-

515 2336 639 2391 sisti
668 2337 882 2392 vinclos
919 2352 950 2392 e
981 2337 1128 2403 lacu,
1165 2338 1259 2406 qui
1289 2352 1394 2392 non
1450 2337 1611 2392 habet
1648 2352 1867 2407 aquam.
1908 2355 1926 2389 ι
1949 2336 2098 2403 Quos

513 2424 684 2488 enim,
732 2424 940 2495 inquit,
977 2426 1219 2495 pretioso
1265 2435 1359 2480 tuo
1404 2424 1671 2496 sanguine
1718 2422 2000 2480 redemisti
2040 2431 2097 2478 ut

513 2516 788 2585 liberasti,
808 2517 911 2573 bos
927 2533 1051 2572 cum
1077 2519 1418 2574 salutaribus
1438 2516 1774 2572 Testamenti
1797 2517 1874 2570 tui
1893 2514 2096 2570 tabulis

511 2609 771 2678 emisisti,
802 2618 862 2664 ut
887 2611 1148 2666 omnibus
1183 2610 1493 2665 libertatem
1525 2608 1908 2680 prmdicareut,
1959 2607 2098 2662 libe-

511 2717 647 2758 rans
679 2717 775 2759 eos
801 2718 831 2757 e
853 2704 975 2757 lacu
1011 2719 1120 2758 non
1155 2703 1396 2758 habente
1441 2717 1662 2772 aquam.
1720 2699 1880 2754 Hunc
1910 2706 2094 2754 autem

513 2791 712 2858 lacum,
745 2792 863 2848 sive
890 2793 1020 2863 quis
1053 2793 1122 2848 de
1170 2801 1349 2848 morte
1385 2801 1614 2856 aeterna,
1658 2793 1775 2847 sive
1800 2792 1868 2846 de
1905 2805 2097 2846 errore

511 2884 788 2938 idolorum
827 2885 995 2939 velit‘
1043 2885 1380 2956 intelligere,
1422 2899 1452 2938 a
1488 2885 1716 2940 veritate
1765 2899 1872 2937 non
1931 2883 2093 2937 aber-

512 2974 678 3029 rabit.
706 2974 802 3030 Sic
842 2976 988 3030 enim
1021 2986 1076 3031 et
1110 2992 1209 3047 per
1240 2975 1537 3031 Jeremiam
1579 2974 1655 3029 ait
1700 2974 2091 3028 universorqu

509 3061 691 3120 Deus:
721 3082 742 3116 ι
792 3064 931 3130 Duo,
968 3080 1142 3136 eaque
1169 3067 1338 3131 mala,
1365 3065 1972 3135 iecitpopuluszmeus:
2005 3077 2093 3116 me

2205 588 2395 661 τάρξει
2417 591 2627 648 ὑδάτων
2642 595 2688 626 ⁸⁸
2708 594 2820 648 ἀπὸ
2838 594 3115 666 Θαλάσσης
3130 596 3180 628 ⁸³
3199 594 3306 661 ἕως
3328 597 3624 670 θαλάσσης,
3639 601 3796 654 ttat”

2207 682 2317 737 ἀπὸ
2344 685 2604 755 ποταμῶν
2631 685 2738 750 ἐως
2777 686 2886 741 τῶν
2926 687 3219 742 διεκϐολῶν
3254 688 3441 759 γῆς’⁸.
3487 708 3508 742 ι
3561 690 3708 760 Ἐγὼ
3737 693 3798 746 δὲ

2206 774 2316 828 τῶν
2337 774 2609 830 Ἰουδαίων
2653 774 2755 847 τήν
2803 777 3208 849 ἐμϐροντησίαν
3260 779 3548 852 θαυμάξω,
3592 783 3676 846 είς
3704 782 3800 838 τδν

2207 867 2514 938 Ζοροϐάϐελ
2560 867 2764 941 ταύτην
2814 870 2936 924 λίαν
2997 871 3370 942 ἀναισχύντως
3428 873 3797 945 ἐκλαμϐάνειν

2207 958 2549 1029 τολμώντων.
2590 960 2716 1016 Ὀτι
2747 960 2856 1033 γάρ
2896 964 2924 1015 6
2969 963 3275 1033 Ζοροϐάϐελ
3321 964 3443 1018 οὐδὲ
3483 965 3667 1037 πάσης
3696 967 3796 1038 τῆς

2208 1050 2576 1122 Παλαιστίνης
2620 1053 2944 1124 ἐκράτησεν,
2980 1054 3118 1108 ἀλλὰ
3157 1056 3326 1126 μόνης
3375 1057 3479 1128 τῆς
3511 1057 3792 1124 Ἰουδαίας,

2207 1142 2303 1195 καὶ
2339 1139 2496 1195 αὐτοὶ
2533 1143 3061 1217 συνομολογήσαιεν·
3107 1149 3136 1200 6
3167 1147 3223 1200 δὲ
3256 1150 3544 1221 προφήτης
3572 1149 3664 1204 τὸν
3702 1151 3795 1205 ἐπὶ

2205 1232 2301 1285 τοῦ
2356 1233 2538 1287 πώλου
2590 1235 2888 1305 ὀχούμενον
2929 1238 3112 1310 πάσης
3157 1241 3419 1310 προεῖπεν
3468 1240 3658 1312 ἄρξειν
3694 1244 3795 1314 τῆς

2205 1325 2551 1398 οἰκουμένης.
2596 1328 2803 1393 Ἄλλως
2848 1346 2910 1382 τε
2961 1331 3057 1383 καλ⁵
3097 1329 3191 1384 τὸν
3235 1331 3337 1402 μὲν
3376 1331 3583 1405 Κύριον
3627 1333 3794 1402 πώλῳ

2205 1417 2556 1488 χρησάμενον
2588 1420 2853 1491 ἔγνωμεν,
2887 1421 2980 1476 τὸν
3029 1421 3088 1475 δὲ
3137 1422 3446 1494 Ζοροϐάϐελ
3491 1424 3650 1479 τοῦτο
3697 1443 3794 1478 πε-

2207 1509 2474 1576 ποιηκότα
2515 1511 2692 1576 οὐδεὶς
2722 1512 2825 1584 ἔφη
2860 1513 3023 1586 μέχρι
3055 1515 3148 1568 καὶ
3171 1516 3414 1587 τήμερον
3445 1515 3552 1570 τῶν
3579 1515 3648 1569 τὰ
3673 1515 3792 1570 θεῖα

2209 1603 2688 1674 συγγεγραφότων.
2725 1606 2789 1659 Εί
2814 1605 2994 1660 τοίνυν
3030 1608 3300 1678 ἐχρήσατο
3337 1607 3437 1678 μὲν
3459 1610 3488 1663 6
3512 1609 3792 1680 Δεσπότης

2205 1691 2440 1764 Χριστὸς
2469 1693 2548 1763 τῷ
2582 1693 2748 1763 πώλῳ
2788 1694 2933 1748 κατά
2975 1695 3075 1766 τὴν
3121 1695 3484 1767 προφητείαν,
3516 1697 3791 1769 ἐκράτησε

2202 1782 2262 1836 δὲ
2292 1783 2392 1854 τῆς
2420 1785 2765 1855 οἰκουμένης,
2806 1787 2902 1839 καὶ
2938 1785 3072 1848 Θεὸς
3101 1787 3356 1856 ἀληθινὸς
3395 1784 3534 1841 εῖναι
3563 1788 3794 1842 πιστεύ-

2206 1883 2324 1928 εται
2354 1876 2451 1928 καὶ
2481 1879 2837 1947 κηρύττεται,
2873 1877 3139 1931 κατέλυσε
3177 1877 3234 1932 δὲ
3281 1878 3375 1932 τοῦ
3421 1878 3662 1950 Ἑφραῒμ
3695 1880 3793 1933 καὶ

2199 1966 2295 2020 τοῦ
2318 1968 2536 2040 Ἰσραὴλ
2567 1969 2667 2037 τὴν
2696 1969 2975 2039 βασιλείαν
2998 1987 3014 2001 °
3064 1970 3195 2041 περὶ
3228 1969 3392 2023 αὑτοῦ
3420 1969 3594 2044 ταῦτα
3618 1987 3791 2041 προε-

2202 2058 2458 2114 θέσπισεν
2483 2064 2510 2116 6
2545 2063 2852 2133 προφήτης,
2871 2057 2970 2115 ’καὶ
2993 2061 3152 2114 ἔλαϐε
3177 2061 3366 2131 σαφῶς
3408 2063 3442 2132 ή
3479 2061 3791 2133 προφητεία

2199 2153 2262 2206 τὸ
2290 2152 2462 2218 τέλος.
2512 2153 2808 2224 Συμϐαίνει
2850 2153 2908 2206 δέ
2946 2153 3159 2216 τούτοις
3198 2154 3293 2206 καὶ
3327 2154 3398 2206 τὰ
3450 2153 3787 2225 ἐπαγόμενα.

2274 2254 2363 2300 ια’.
2410 2265 2429 2298 ι
2457 2248 2567 2300 Καὶ
2588 2247 2651 2300 σὺ
2674 2248 2732 2300 ἐν
2753 2246 2946 2318 αἵματι
2969 2244 3234 2316 διαθήκης
3267 2262 3362 2298 σου
3393 2246 3440 2278 ³⁸
3471 2244 3790 2311 ἐξαπέστει-

2199 2339 2297 2404 λας
2325 2339 2581 2410 δεσμίους
2636 2339 2701 2392 ἐκ
2755 2338 2961 2393 λάκκου
3007 2339 3109 2392 οὐκ
3155 2338 3378 2409 ἔχοντος
3427 2337 3594 2410 ὕδωρ.
3635 2356 3655 2389 ι
3683 2337 3792 2402 οὓς

2199 2431 2331 2504 γάρ,
2361 2432 2514 2502 φησὶ,
2543 2429 2622 2502 τῷ
2651 2430 2820 2503 τιμίῳ
2867 2447 2963 2484 σου
3024 2429 3221 2502 αἵματι
3263 2430 3310 2463 ’⁷
3335 2429 3680 2502 ἐξηγόρασάς
3727 2447 3789 2483 τε

2199 2525 2292 2578 καὶ
2311 2523 2710 2596 ἠλευθέρωσας,
2724 2521 2946 2586 τούτους
2973 2521 3112 2593 μετὰ
3132 2521 3240 2576 τῶν
3254 2521 3537 2593 σωτηρίων
3555 2539 3648 2575 σου
3666 2539 3792 2575 συν·-

2199 2615 2380 2686 θηκῶν
2406 2615 2812 2680 ἐξαπέστειλας,
2844 2615 2986 2668 ὥστε
3015 2616 3152 2668 πᾶσι
3181 2613 3414 2685 κηρύξαι
3441 2614 3543 2686 τὴν
3573 2613 3791 2667 ἐλευθε-

2201 2707 2344 2778 ρίαν,
2377 2707 2697 2772 ἀπαλλάξας
2723 2707 2920 2772 αύτοὺς
2943 2707 3038 2761 τοῦ
3072 2707 3304 2772 λάκκου,
3326 2705 3422 2760 τοῦ
3454 2707 3529 2779 μή
3573 2706 3792 2778 ἔχοντος

2199 2799 2364 2870 ὕδωρ.
2379 2799 2580 2852 Τοῦτον
2595 2799 2650 2852 δέ
2673 2800 2780 2854 τὸν
2790 2799 3041 2864 λάκκον,
3057 2802 3166 2854 εἴτε
3185 2800 3278 2854 τὸν
3299 2799 3514 2855 αἰώνιον
3535 2800 3789 2864 θάνατον,

2197 2892 2308 2944 εἴτε
2344 2890 2453 2944 τῶν
2479 2891 2715 2945 εἰδώλων
2746 2891 2846 2963 τὴν
2877 2891 3086 2963 πλάνην
3116 2891 3368 2962 βούλεταί
3391 2909 3476 2955 τις
3499 2894 3662 2956 νοεῖν,
3686 2893 3790 2962 τῆς

2197 2982 2456 3053 ἀληθείας
2485 2984 2584 3054 οὐχ
2619 2984 3021 3055 ἁμαρτήσεται.
3053 2983 3210 3038 Οὕτω
3241 2983 3350 3054 γὰρ
3371 2984 3465 3037 καὶ
3490 2983 3578 3036 διὰ
3620 2983 3790 3052 Ἰερε-

2203 3075 2323 3145 μίου
2348 3075 2512 3145 φησὶν
2531 3077 2559 3126 6
2575 3075 2684 3128 τῶν
2704 3074 2840 3127 ὅλων
2853 3074 3002 3137 Θεόςο
3018 3093 3034 3124 ι
3059 3075 3162 3128 Δύο
3185 3076 3280 3128 καὶ
3297 3073 3508 3146 πονηρὰ
3531 3075 3790 3146 ἐποίησεν

510 3153 946 3224 dereliquerunt,
978 3155 1182 3212 fontem
1215 3171 1372 3227 aquae
1403 3157 1560 3220 vivae,
1592 3165 1647 3210 et
1682 3153 1942 3210 foderunt
1987 3154 2090 3209 sibi

2196 3166 2224 3217 6
2252 3164 2380 3226 λαός
2416 3181 2538 3235 μου·
2561 3164 2661 3234 ἐμὲ
2691 3162 3054 3231 ἐγκατέλιπον
3077 3163 3121 3193 ⁵⁸
3140 3161 3322 3232 πηγὴν
3341 3160 3534 3224 ὓδατος
3563 3161 3788 3226 ζῶντος,

509 3245 788 3304 cisternas
843 3247 1164 3320 dissipatas,
1227 3263 1350 3318 qua:
1404 3249 1690 3302 continere
1741 3261 1849 3300 non
1905 3244 2092 3298 valent

507 3338 750 3408 aquash.
789 3358 810 3392 ι
837 3338 932 3394 Sic
960 3350 1143 3396 autem
1195 3340 1539 3395 laboriosum
1577 3347 1632 3395 et
1687 3338 1938 3392 inutilem
1966 3336 2090 3390 ide-

505 3431 691 3485 lorum
727 3432 935 3488 cultum
973 3433 1333 3504 nuncupavit.
1367 3430 1502 3485 Nam
1531 3431 1734 3486 misere
1773 3430 2091 3484 laborantes

505 3522 565 3578 in
593 3523 759 3580 idolis
789 3526 1062 3591 colendis,
1098 3526 1283 3580 nullos
1312 3541 1380 3580 ex
1407 3525 1493 3580 bis
1538 3524 1753 3579 fructus
1799 3529 2087 3602 ceperunt,

504 3620 563 3669 et
598 3628 745 3669 verae
792 3617 1022 3684 insuper
1055 3615 1183 3671 vita:
1214 3617 1494 3686 iacturam
1532 3615 1804 3669 fecerunt.
1862 3613 1998 3668 Cum
2034 3612 2090 3666 in

504 3705 613 3761 hoc
653 3706 776 3761 lacu
810 3709 978 3763 vincti
1010 3717 1198 3764 essent
1229 3710 1502 3773 homines,
1533 3709 1790 3764 Christus
1820 3707 2090 3762 Dominus

504 3811 603 3853 eos
626 3798 850 3855 solvens
877 3807 933 3854 et
959 3799 1225 3866 educens,
1258 3817 1323 3856 ac
1355 3801 1600 3871 pretioso
1621 3800 1894 3870 sanguine
1917 3798 2090 3852 liber-

504 3897 673 3946 tatem
699 3893 781 3948 eis
816 3893 1052 3957 donans,
1091 3895 1157 3949 ad
1181 3895 1326 3950 viam
1363 3895 1489 3949 vitae
1535 3894 1660 3949 illos
1704 3893 1911 3958 emisit,
1959 3907 2086 3946 cum

504 3983 617 4041 illis
647 3983 860 4041 Novum
902 3983 1313 4043 Testamentum
1351 3987 1584 4044 dederit.
1615 3986 1695 4041 Ad
1739 3986 1839 4042 hos
1891 4000 2088 4041 rursus

503 4077 581 4132 ait
613 4094 629 4134 :

571 4257 747 4318 Vsus.
776 4261 868 4316 η.
902 4281 922 4314 ι
955 4261 1232 4319 Sedebilis
1272 4263 1327 4318 in
1377 4265 1690 4321 munitione
1723 4267 1899 4323 vincti
1950 4282 2088 4322 con-

503 4354 845 4425 gregationis
879 4372 892 4408 :
929 4361 984 4409 et
1025 4369 1125 4425 pro
1165 4370 1276 4409 uno
1319 4355 1409 4411 die
1464 4357 1932 4427 peregrinationis
1979 4367 2088 4415 tuae

503 4447 747 4516 duplicia
785 4445 1011 4501 reddam
1038 4447 1156 4501 tibi.
1199 4466 1217 4500 ι
1252 4446 1359 4503 Pro
1387 4451 1608 4506 acerbis
1643 4450 1789 4505 enim
1821 4451 1933 4507 illis
1962 4454 2084 4507 vin-

503 4538 667 4604 culis,
693 4539 818 4595 aliis
846 4547 900 4595 te
925 4540 1304 4612 circumligavi
1328 4542 1568 4600 vinculis
1593 4542 1912 4601 dilectionis
1947 4560 2083 4602 meat

503 4632 874 4695 suavissimis,
909 4633 1216 4690 admonens
1250 4643 1304 4690 te
1329 4643 1390 4690 ut
1433 4636 1568 4689 mihi
1610 4636 1905 4702 assideres,
1927 4645 1982 4693 et
2011 4639 2089 4694 le-

503 4738 598 4795 ges
630 4738 782 4780 meas
810 4725 1111 4794 edisceres,
1139 4733 1193 4780 et
1221 4727 1402 4781 valida
1429 4716 1598 4782 tutela
1630 4729 2014 4797 custodireris,
2031 4740 2088 4788 et

503 4831 601 4886 pro
649 4816 860 4888 1637
886 4819 1058 4888 priori
1076 4819 1414 4888 captivitate,
1435 4819 1686 4876 libertate
1709 4820 1872 4878 simul
1901 4834 1956 4880 et
1976 4825 2086 4880 vita

500 4907 784 4964 fruereris.
821 4907 896 4965 De
925 4909 1013 4966 his
1043 4910 1210 4976 enim,
1246 4912 1342 4978 ait,
1377 4911 1565 4980 rebus,
1594 4913 1832 4984 duplicia
1861 4916 2082 4973 reddam

501 4999 622 5054 tibi.

571 5171 740 5230 Vsus.
786 5175 874 5230 l3.
933 5196 952 5229 ι
999 5176 1272 5244 Quoniam
1341 5180 1548 5235 tetendi
1603 5188 1677 5248 te,
1735 5179 1899 5250 Juda,
1943 5184 2081 5238 mihi

566 5357 594 5398 ιι
624 5355 828 5413 Jerem.
861 5373 922 5426 ιι,
952 5359 1044 5414 i3.

2194 3257 2289 3309 καὶ
2325 3255 2539 3326 ὤρυξαν
2568 3255 2780 3317 ἑαυτοῖς
2808 3253 3045 3316 λάκκους
3093 3251 3610 3324 συντετριμμένους,
3645 3251 3695 3304 οἳ
3723 3252 3787 3304 ού

2193 3348 2510 3420 δυνήσονται
2530 3349 2748 3419 συσχεῖν
2763 3345 2924 3418 ὕδωρ.
2953 3364 2971 3396 ι
3010 3345 3166 3399 Οὕτω
3191 3345 3245 3398 δὲ
3276 3345 3376 3416 τὴν
3400 3345 3656 3398 ἐπίπονον
3690 3345 3788 3398 καὶ

2191 3445 2453 3514 ἀνόνητον
2483 3444 2594 3498 τῶν
2649 3441 2883 3496 εἰδώλων
2917 3441 3334 3512 προσηγόρευσε
3374 3439 3650 3510 λατρείαν.
3675 3437 3788 3491 Ta-

2191 3536 2632 3608 λαιπωρούμενοι
2665 3533 2774 3606 γὰρ
2807 3538 2872 3605 τῇ
2922 3535 3053 3606 περὶ
3088 3533 3260 3588 ταῦτα
3296 3534 3342 3566 ”
3376 3532 3665 3604 θεραπείᾳ,
3693 3532 3788 3585 ού-

2191 3629 2280 3682 δέν
2313 3629 2410 3699 μὲν
2437 3629 2500 3680 ἐκ
2547 3627 2752 3680 τούτων
2793 3626 3082 3697 ἐδρέποντο
3127 3624 3341 3696 κέρδος,
3379 3625 3480 3696 τὴν
3519 3623 3693 3695 ἀληθῆ
3724 3624 3786 3678 δὲ

2193 3716 2664 3790 προσεξημιοῦντο
2703 3717 2870 3786 ζωήν.
2906 3717 2996 3770 Ἐν
3029 3714 3204 3788 τούτῳ
3233 3716 3314 3788 τῷ
3343 3716 3534 3786 λάκκῳ
3565 3714 3784 3784 δεσμώ-

2190 3828 2292 3874 τας
2321 3809 2480 3874 ὅντας
2501 3812 2628 3874 τοὺς
2691 3808 3016 3880 ἀνθρώπους
3057 3808 3244 3875 λύσας,
3277 3809 3369 3862 καὶ
3397 3807 3723 3870 ἀνασπάσας
3753 3807 3784 3860 6

2190 3903 2468 3973 Δεσπότης
2506 3903 2762 3975 Χριστὸς,
2816 3903 2911 3957 καὶ
2947 3901 3026 3973 τῷ
3064 3902 3233 3973 τιμίῳ
3270 3903 3464 3974 αἵματι
3500 3901 3600 3972 τὴν
3629 3901 3787 3955 ἐλευ-

2191 3996 2378 4068 θερίαν
2405 3997 2590 4060 αύτοῖς
2611 3996 3022 4068 δωρησάμονος,
3080 3996 3161 4058 είς
3191 3996 3290 4066 τὴν
3329 3995 3430 4065 τῆς
3465 3994 3610 4066 ζωῆς
3661 3993 3787 4048 ὁδὸν

2189 4089 2562 4155 ἐξαπέστειλε,
2617 4088 2717 4159 τὴν
2773 4087 2965 4160 καινὴν
3000 4088 3186 4151 αὐτοῖς
3218 4086 3464 4152 δεδωκὼς
3487 4086 3783 4158 διαθήκην.

2190 4179 2335 4252 Πρὸς
2357 4179 2583 4241 τούτους
2610 4178 2774 4232 πάλιν
2804 4177 2938 4248 φησί
2962 4194 2976 4207 ·

2264 4268 2351 4339 ιβ’.
2383 4287 2402 4320 ι
2444 4266 2766 4338 Καθήσεσθε
2814 4269 2871 4322 ἐν
2914 4266 3232 4338 ὀχυρώματι
3268 4267 3481 4338 δέσμιοι
3519 4265 3623 4337 τῆς
3656 4281 3783 4318 συν-

2191 4360 2438 4430 αγωγῆς,
2459 4359 2553 4413 καὶ
2573 4359 2694 4412 ἀντὶ
2710 4359 2840 4429 μιᾶς
2875 4359 3091 4430 ἡμέρας
3120 4357 3416 4430 παροικίας
3436 4359 3453 4390 ⁸
3487 4373 3581 4410 σου
3613 4357 3785 4412 διπλᾶ

2188 4450 2556 4507 ἀνταποδώσω
2573 4467 2656 4504 σοι
2688 4451 2731 4504 '.
2765 4470 2783 4503 ι
2809 4450 2958 4504 ’Δντὶ
2983 4449 3092 4522 γὰρ
3122 4450 3344 4504 ἐκείνων
3372 4449 3481 4504 τῶν
3523 4447 3784 4521 χαλεπῶν

2113 4510 2160 4567 D
2185 4544 2421 4615 δεσμῶν,
2450 4543 2616 4613 ἐτερά
2673 4560 2755 4596 σοι
2805 4510 3006 4614 ἥδιστα
3041 4510 3144 4614 τῆς
3172 4543 3314 4614 ἐμῆς
3363 4510 3587 4613 ἀγάπης
3615 4557 3779 4611 περι.

2184 4637 2404 4690 τέθεικα
2467 4634 2663 4706 δεσμὰ,
2733 4633 3125 4706 προσεδρεύειν
3154 4651 3244 4705 μοι
3290 4631 3653 4705 παραινέσας,
3682 4631 3783 4685 καὶ

2184 4726 2310 4787 τοὺς
2335 4726 2502 4796 ἐμοὺς
2551 4723 2975 4778 έκπαιδεύεσθαι
3020 4724 3239 4795 νόμους,
3267 4724 3362 4778 καὶ
3392 4723 3498 4777 ὑπὸ
3518 4723 3620 4794 τῆς
3649 4723 3782 4793 όχυ-

2190 4819 2287 4886 ρᾶς
2318 4815 2648 4888 κηδεμονίας
2678 4814 3056 4887 φρουρεῖσθαι,
3085 4815 3182 4871 καὶ⁹
3211 4815 3335 4870 ἀντὶ
3368 4813 3470 4886 τῆς
3501 4815 3782 4886 προτέρας

2186 4907 2583 4979 αἰχμαλωσίας,
2609 4906 2922 4981 ἐλευθερίας
2975 4908 3110 4979 ὁμοῦ
3144 4907 3240 4962 καὶ
3271 4907 3418 4980 ζωῆς
3447 4903 3775 4961 ἀπολαύειν.
3883 4945 3886 4947 μ

2189 5002 2324 5073 Περὶ
2346 5001 2454 5072 γὰρ
2477 5000 2700 5064 τούτων,
2739 5000 2864 5071 ἐφη,
2901 5000 3011 5053 τῶν
3050 5001 3392 5072 πραγμάτων
3417 5000 3585 5054 διπλᾶ
3611 5000 3780 5052 ἀντα-

2190 5091 2418 5144 ποδώσω
2453 5108 2558 5144 σοι.

2265 5191 2354 5254 ιγ’.
2385 5203 2403 5236 ι
2424 5183 2570 5238 Διότι
2603 5182 2846 5238 ἐνέτεινά
2867 5202 2926 5238 σε
2956 5183 3199 5256 ἐμαυτῷ,
3228 5183 3423 5251 Ἰούδα,
3443 5183 3518 5247 ὡς
3543 5182 3563 5214 ³
3589 5181 3778 5248 τόξον,

1779 5453 2016 5512 VARIIE
2057 5451 2469 5513 LECTIONES.

567 5608 616 5688 ξ’
645 5606 729 5688 ύδ.
755 5607 1195 5688 Des._inl'ra,_Gr.
1221 5606 1490 5688 Aman}
1517 5611 1672 5688 l._e._
1722 5614 1768 5648 ”
1796 5611 1906 5688 ἀπὸ
1934 5613 2214 5688 θαλαοεε.
2247 5616 2306 5688 in
2332 5617 2400 5688 Α.
2479 5615 2525 5688 ’,⁸
2545 5615 2641 5688 καὶ
2657 5615 2848 5688 -τγῆς,
2873 5613 2956 5688 ita
2988 5612 3153 5688 infra,
3186 5611 3280 5688 Gr.
3315 5611 3432 5688 ΛΠ.
3471 5610 3615 5688 ζξιινἒ
3638 5611 3678 5668 l.
3711 5627 3775 5688 _c.

496 5676 591 5757 tibi
644 5684 829 5757 ιιιῐειςιι
859 5679 981 5757 des.
1029 5679 1136 5734 τῶν
1164 5676 1520 5757 ειιιέδιεκϐλ
1558 5683 1753 5757 ξ’λέως
1795 5682 1904 5757 τῷν
1927 5685 2098 5740 διεκϐ.
2127 5689 2198 5757 γῆ

1475 5751 1522 5784 ’⁸
1549 5751 1590 5806 C
1624 5753 1999 5824 ἐγκατέλειπε.
2066 5758 2088 5790 ’
2112 5751 2154 5814 ϐ
2182 5751 2425 5821 τούτους.
2495 5758 2511 5789 ¹
2544 5757 2588 5810 Α
2611 5751 2992 5829 παροικεσίας.
3067 5756 3089 5788 ²
3119 5771 3220 5808 σοι.
3255 5752 3381 5810 Des.
3419 5751 3474 5808 in
3491 5751 3556 5807 Α.
3594 5831 3613 5837 υ

495 5745 538 5823 ρ
566 5754 690 5823 post
720 5748 1100 5823 ήλευθέρωσας
1130 5752 1373 5821 ponitur.

498 5811 606 5870 Des
657 5817 712 5868 in
733 5811 792 5872 Ᾱ.

2203 5683 3221 5786 ἑτέ.ξδὶεκῗοέἀξ.γὲζῐὲ.-ἰι⁶.ἳ⁰υ·,¹ῗεέο
3248 5685 3398 5786 ll..."
3419 5683 3527 5786 κέλ
3553 5683 3774 5786 αῖίιιεέθ

3670 5771 3774 5818 ως.
