4090 6408
363 357 504 425 1925

1565 365 1649 426 IN
1681 365 2080 427 ZACHARI/E
2107 367 2268 427 CAP.
2293 368 2367 428 X.

3476 361 3624 454 .1926

358 476 575 548 ἔπλησα
630 473 724 529 τὸν
765 472 1146 546 Ἐφραῖμ,καὶ
1188 474 1430 548 ἐξεγερῶ
1478 478 1550 533 τὰ
1600 480 1769 533 τέκνα
1816 496 1910 532 σου

2039 480 2200 550 quasi
2243 494 2459 544 arcum,
2513 477 2732 550 implevi
2787 476 3144 550 Ephraimum
3191 495 3210 534 :
3243 483 3301 534 et
3341 478 3622 534 suscitabo

343 549 520 632 Σιὼν,
551 567 651 620 ἐπὶ
694 566 764 620 τὰ
799 567 966 621 τέκνα
1011 567 1122 621 τῶν
1175 568 1464 640 Ἑλλήνων,
1507 571 1604 624 καὶ
1628 571 1938 643 ψηλαφήσω

358 677 418 714 σε
443 660 520 724 ὡς
558 661 834 731 ῥομφαίαν
885 659 1155 731 μαχητοῦ.
1193 680 1212 713 ι
1250 663 1490 718 Ἰούδαν
1540 664 1636 717 καὶ
1685 665 1939 734 Ἐφραϊμ

349 752 483 814 τοὺς
523 753 589 806 ἐκ
615 751 819 806 τούτων
851 751 1218 821 ’κατάγοντας
1249 753 1310 808 τὸ
1338 753 1495 823 γένος
1529 755 1706 821 καλεῖ,
1729 755 1820 820 οὒς
1843 757 1936 810 ἐπὶ

353 843 424 896 τά
451 843 622 896 τέκνα
677 842 788 896 τῶν
833 843 1103 915 Ἐλλήνων
1153 846 1538 916 ἐστράτευσεν,
1588 847 1730 902 ὅπλα
1751 848 1936 912 αὐτοῖς

351 935 621 1000 δεδωκὼς,
669 937 729 988 ού
773 936 1032 1006 σαρκικὰ,
1087 936 1224 991 ἀλλά
1281 937 1481 992 δυνατὰ
1525 937 1604 1009 τῷ
1637 937 1758 1009 Θεῷ
1797 940 1934 1010 πρὸς

350 1031 670 1102 καθαίρεσιν
694 1031 1090 1102 ὀχυρωμάτων,
1113 1031 1256 1085 ὥστε
1290 1032 1487 1096 αὐτοὺς
1517 1031 1890 1102 ἀνθρωπίνους
1911 1030 1934 1062 ⁸

349 1123 645 1195 λογισμοὺς
695 1125 966 1188 καθελεῖν,
1020 1124 1114 1178 καὶ
1160 1126 1270 1178 πᾶν
1323 1123 1527 1196 ὕψωμα
1571 1123 1934 1195 ἐπαιρόμενον

349 1216 494 1271 κατὰ
514 1217 626 1286 ,τῆς
654 1216 910 1285 γνώσεως
940 1215 1033 1288 τοῦ
1059 1215 1217 1282 Θεοῦ,
1237 1217 1331 1270 καὶ
1356 1215 1803 1286 αἰχμαλωτεῦσαι
1821 1215 1932 1268 πᾶν

350 1306 530 1377 νόημα
577 1309 657 1370 εἰς
693 1306 792 1379 τὴν
839 1306 1086 1378 ὑπακοὴν
1111 1305 1205 1360 τοῦ
1243 1307 1504 1378 Χριστοῦ.
1535 1307 1770 1371 Τούτους
1800 1306 1927 1380 ἔφη,

344 1400 427 1462 ὡς
452 1399 606 1464 τόξον
637 1401 890 1468 ἐντεῖναι,
931 1400 1027 1454 καὶ
1050 1401 1125 1465 ὡς
1154 1401 1431 1472 ῥομφαίαν
1471 1401 1719 1472 μαχητοῦ
1746 1401 1930 1474 ψηλα-

347 1490 541 1561 φῆσαι.
564 1490 666 1544 Διά
689 1491 897 1546 τούτων
924 1493 1146 1563 τὴντῶν
1175 1494 1478 1563 φιλοσόφων
1515 1493 1928 1564 μεταιοτεχνίαν

345 1582 611 1636 κατέλυσε
634 1600 648 1614 ·
681 1583 772 1636 διὰ
805 1583 1028 1639 ’τούτων
1060 1584 1179 1655 τὴν,
1208 1583 1534 1655 οἰκουμένην
1591 1583 1797 1649 ἐδίδαξε
1829 1584 1928 1655 τὴν

341 1671 645 1726 εὐσέϐειαν.
672 1673 809 1746 Περὶ
834 1672 1042 1728 τούτων
1145 1676 1489 1748 προφητικὸς
1508 1676 1652 1730 οὓτω
1678 1677 1814 1748 φησὶ
1834 1675 1926 1728 λό-

2039 572 2182 627 ﬁlios
2212 579 2360 636 tuos,
2400 569 2556 637 Sion,
2589 586 2756 641 super
2786 570 2934 626 ﬁlios
2961 569 3300 638 Graecorum,
3357 577 3412 626 et
3447 579 3620 626 attre-

2038 664 2196 718 ctabo
2249 671 2304 718 te
2354 663 2528 733 quasi,
2561 661 2806 732 gladium
2862 662 3208 732 pugnatoris,
3239 680 3258 715 ι
3315 660 3515 716 Iudam
3566 667 3622 716 et

2038 751 2390 821 Ephraimum
2431 751 2670 822 appellat
2707 766 2776 807 ex
2816 751 2902 805 his
2934 750 3212 804 trahentes
3243 764 3450 820 genus,
3480 762 3618 818 quos

2035 845 2301 900 adversus
2341 845 2482 899 ﬁlios
2517 844 2831 899 Graecorum
2883 843 2947 896 ad
2992 842 3195 896 bellum
3249 840 3613 911 comparavit.

2034 936 2172 992 dans
2207 937 2288 991 eis
2327 950 2497 1001 arma,
2533 951 2642 989 non
2683 933 2947 995 carnalia,
2977 932 3070 988 sed
3103 931 3348 1002 potentia
3395 929 3502 984 Deo
3546 930 3614 984 ad

2033 1026 2460 1083 destructionem
2515 1027 2906 1089 munitionum,
2949 1031 3007 1077 ut
3057 1023 3329 1077 humanas
3369 1021 3614 1076 rationes

2033 1122 2446 1186 convincerent,
2488 1127 2543 1174 et
2574 1134 2790 1173 omnem
2831 1117 3178 1172 altitudinem
3219 1130 3342 1170 sese
3377 1114 3611 1169 ell'ereu-

2033 1222 2142 1270 tem
2194 1215 2460 1269 adversus
2509 1211 2798 1266 scientiam
2858 1209 2974 1274 Dei,
3029 1223 3359 1277 omnemque
3395 1206 3612 1261 intelle-

2030 1316 2180 1362 ctum
2230 1305 2574 1375 captivarent
2623 1301 2691 1356 ad
2726 1301 3089 1356 obediendurn
3147 1298 3370 1354 Christo
3423 1299 3466 1352 ί.
3500 1295 3612 1353 Hos

2030 1397 2169 1452 dixit
2199 1406 2260 1451 ut
2290 1412 2480 1452 arcum
2527 1411 2588 1450 se
2615 1394 2936 1456 tetendisse,
2979 1400 3035 1448 et
3075 1391 3219 1448 sicut
3243 1390 3483 1462 gladium
3507 1406 3612 1460 pu-

2028 1490 2275 1560 gnatoris
2318 1497 2663 1544 attrectasse.
2691 1487 2796 1541 Per
2837 1486 2939 1542 hos
2971 1485 3423 1556 philosophorum
3463 1491 3615 1537 artes

2028 1596 2198 1636 vanas
2239 1581 2509 1645 dissolvit,
2543 1594 2642 1648 per
2687 1578 2789 1633 hos
2838 1577 3027 1632 orbem
3082 1584 3354 1630 terrarum
3394 1574 3614 1630 edocuit

2028 1672 2308 1743 pietatem.
2336 1671 2409 1726 Do
2453 1671 2536 1726 his
2578 1669 2933 1741 propheticus
2972 1683 3156 1724 sermo
3185 1667 3267 1722 sic
3293 1666 3410 1721 ait:
3446 1684 3465 1718 ι
3510 1665 3612 1720 Sa-

337 1781 436 1832 γος
457 1780 470 1794 ⁸
511 1785 528 1816 ι
562 1766 644 1818 Ta
677 1765 806 1837 βέλη
837 1783 934 1820 σου
977 1769 1316 1840 ἠκονημένα,
1357 1769 1568 1835 δυνατέ,
1603 1773 1662 1824 ἐν
1685 1771 1917 1842 καρδίιίξιΙ

2025 1761 2175 1832 gilta:
2202 1770 2308 1815 tua}
2335 1767 2528 1825 acutae,
2581 1759 2989 1830 potentissime,
3035 1759 3094 1812 in
3135 1756 3302 1812 corde
3356 1755 3610 1810 inimico-

335 1830 447 1908 τῶν
465 1830 688 1926 ἐχθρῶν-
728 1830 822 1910 τού
876 1830 1168 1927 βασιλέως...
1197 1877 1214 1909 ι
1247 1830 1410 1912 Ἀλλά
1438 1830 1670 1930 γὰρτκαὶ
1705 1830 1796 1913 ἐπὶ
1815 1830 1917 1914 τίῦν

2028 1830 2147 1905 rum
2183 1851 2330 1922 regis
2362 1848 2408 1904 i.
2450 1870 2468 1902 ι
2507 1851 2576 1903 At
2621 1865 2753 1905 vero
2785 1849 2950 1904 etiam
2992 1848 3096 1904 sub
3129 1845 3518 1902 Macedonibus
3551 1846 3606 1900 in

335 1943 685 2012 Μακεδόνων,
703 1948 780 2010 ὡς
805 1949 864 2002 ἐν
888 1949 1068 2020 τύπῳ,
1106 1949 1284 2021 πέρας
1333 1949 1491 2021 ἔσχεν
1513 1953 1547 2022 ἡ
1589 1952 1921 2023 προφητείᾳ.

347 2035 698 2106 Ὀρμήσαντα
730 2036 839 2108 γὰρ
867 2038 964 2108 τῆς
990 2037 1127 2090 Σιὼν
1155 2038 1225 2091 τὰ
1256 2038 1424 2092 τέκνα
1445 2039 1539 2092 ἐπὶ
1559 2039 1626 2093 τὰ
1655 2041 1764 2092 τῶν
1803 2040 1925 2094 Ἐλ-

332 2123 528 2194 λήνων,
596 2125 896 2196 ἐτρέψαντό
938 2144 998 2179 τε
1045 2126 1146 2190 τὰς
1198 2128 1401 2192 πολλὰς
1453 2129 1562 2183 τῶν
1593 2130 1923 2185 Μακεδόνων

333 2213 623 2284 μυριάδας,
649 2215 744 2267 καὶ
769 2215 1029 2284 τρόπαιον
1069 2217 1382 2288 ἐγείραντες
1428 2220 1732 2291 ἐπανῆλθον
1770 2239 1923 2293 νικη-

331 2302 512 2374 φόροι,
580 2305 677 2358 καὶ
727 2306 786 2358 τὸ
841 2307 1144 2362 καταλυθέν
1211 2309 1598 2381 θυσιαστήριον
1665 2311 1916 2384 ἤγειραν.

329 2392 520 2447 Ταῦτα
541 2394 596 2446 δὲ
632 2395 980 2465 εἰργάσαντο,
1029 2397 1125 2451 τοῦ
1174 2398 1310 2452 Θεοῦ
1366 2400 1478 2454 τῶν
1507 2402 1644 2456 ὅλων
1671 2403 1920 2475 ὑπερμα-

327 2485 619 2554 χήσαντος,
654 2487 748 2538 καὶ
779 2485 878 2559 τὴν
912 2486 1124 2558 ἄμαχον
1155 2490 1532 2561 παρασχόντος
1568 2493 1914 2565 ἐπικουρίαν.

326 2577 500 2631 Τοῦτο
524 2579 634 2651 γὰρ
656 2581 753 2634 καὶ
771 2583 800 2634 6
833 2583 1123 2653 προφήτης
1153 2583 1310 2654 φησί.

401 2670 530 2724 ιδ’.‹
565 2671 677 2725 Καὶ
734 2672 938 2744 Κύριος
992 2675 1078 2727 ἐπ’
1134 2675 1332 2741 αὐτοὺς
1387 2676 1688 2748 ὀφθήσεται
1721 2679 1763 2745 ⁷,
1810 2680 1910 2736 καὶ

325 2764 668 2832 ἐξελεύσεται
698 2766 775 2832 ὡς
814 2769 1068 2842 ἀστραπὴ
1105 2769 1250 2842 βολίς
1292 2770 1459 2825 αὑτοῦ
1482 2773 1533 2838 ⁸,
1573 2772 1670 2828 καὶ
1709 2775 1914 2845 Κύριος

323 2856 354 2909 6
406 2856 540 2920 Θεὸς
579 2859 609 2910 6
652 2862 1054 2933 παντοκράτωρ
1108 2863 1166 2916 ἐν
1212 2862 1474 2934 σάλπιγγι
1511 2863 1758 2931 σαλπιεϊ,
1819 2867 1914 2921 καὶ

324 2945 656 3017 πορεύσεται
685 2947 706 2981 ⁹
743 2949 801 3002 ἐν
851 2951 999 3022 σάλῳ
1026 2951 1261 3022 ἀπειλῆς
1309 2953 1496 3009 αὑτοῦ.
1525 2973 1546 3005 ι
1599 2955 1912 3028 Ἐπαμῶαι

321 3037 508 3102 αὐτοῖς
536 3038 818 3111 ἐθελήσας,
844 3045 940 3096 καὶ
979 3042 1228 3114 βρονταῖς
1280 3047 1478 3110 αὐτοὺς
1511 3047 1811 3119 ἐκτυπήσει
1843 3049 1908 3117 ¹⁰,

2026 1951 2152 2014 typo
2174 1942 2459 2012 prephetia
2488 1941 2760 2010 completa
2804 1948 2909 1995 est.
2950 1938 3087 1993 Nam
3117 1953 3243 1993 cum
3292 1937 3389 1992 lilii
3421 1936 3608 1992 Sionis

2023 2030 2226 2086 bellum
2269 2031 2592 2085 intulissent
2619 2029 2848 2097 Graecis,
2883 2029 3055 2084 multa
3087 2028 3440 2084 Macedonum
3477 2029 3606 2082 mil-

2023 2123 2096 2176 lia
2143 2123 2198 2177 in
2233 2122 2416 2194 fugam
2465 2122 2757 2188 dederunt,
2792 2131 3110 2191 tropaeoque
3149 2129 3332 2176 erecto
3363 2119 3605 2175 victores

2021 2215 2323 2277 redierunt,
2356 2223 2410 2268 et
2438 2216 2610 2268 altare
2639 2214 2889 2267 dirutum
2921 2212 3306 2268 restituerunt.
3338 2209 3466 2266 Haec
3505 2226 3606 2265 au-

2020 2313 2128 2360 tem
2153 2312 2464 2376 gesserunt,
2503 2303 2614 2358 Deo
2648 2302 3033 2358 universorum
3064 2313 3164 2372 pro
3193 2303 3272 2357 eis
3298 2310 3600 2372 pugnante,

2017 2407 2072 2456 et
2099 2399 2305 2454 auxilia
2347 2397 2795 2468 inexpugnabilia
2849 2397 3262 2468 suppeditante.
3295 2394 3411 2452 Hoc
3451 2395 3598 2451 enim

2016 2492 2184 2547 etiam
2221 2490 2676 2562 prophetadicit:

2085 2669 2250 2728 Vens.
2283 2671 2373 2725 14.
2404 2690 2440 2738 ι,
2460 2670 2527 2724 Et
2553 2669 2821 2726 Dominus
2848 2669 2995 2725 Deus
3017 2673 3034 2691 ‘
3059 2686 3224 2742 super
3253 2669 3402 2740 ipsos
3426 2684 3602 2741 appa-

2013 2763 2176 2827 rebit,
2229 2774 2284 2818 et
2330 2763 2644 2834 egredietur
2699 2763 2843 2818 sicut
2900 2762 3085 2832 fulgur
3139 2761 3356 2833 1638
3401 2763 3600 2832 sagitta

2013 2855 2158 2925 ejus,
2203 2863 2259 2911 et
2306 2855 2571 2910 Dominus
2621 2854 2767 2910 Deus
2817 2853 3168 2924 omnipotens
3200 2854 3418 2910 sonabit
3446 2855 3600 2919 tuba,

2012 2954 2068 3002 et
2117 2947 2218 3002 ibit
2255 2946 2311 3001 in
2355 2947 2724 3003 commotione
2778 2946 3054 3000 minarum
3110 2961 3359 3000 suarum.
3407 2965 3426 2997 ι
3460 2944 3600 3000 Cum

2014 3042 2269 3097 auxiliari
2293 3043 2373 3097 eis
2401 3042 2569 3107 volet,
2606 3039 2927 3096 tonitrubus
2958 3048 3014 3094 et
3051 3039 3365 3110 fulguribus
3412 3040 3602 3097 hostes

323 3131 422 3184 καὶ
440 3132 750 3222 ἀστραπαῖς
769 3134 1187 3205 ἐκδειματώσει,
1210 3139 1306 3192 καὶ
1326 3135 1440 3193 οἶόν
1461 3156 1571 3194 τισι
1595 3141 1911 3209 σφενδόναις

2018 3135 2374 3204 perterrebit,
2419 3143 2474 3188 et
2541 3133 2762 3188 nebulis
2814 3131 2974 3202 quasi
3024 3132 3360 3202 quihusdam
3412 3131 3602 3190 fundis

323 3222 441 3282 τοῖς
461 3221 652 3292 νέφεσι
684 3223 989 3294 χρώμενος,
1016 3229 1132 3290 τοῖς
1159 3229 1262 3298 τῆς
1287 3228 1530 3299 χαλάζης
1550 3230 1718 3295 λίθοις
1744 3249 1912 3286 κατα-

323 3310 582 3378 κοντίσει,
619 3315 713 3367 καὶ
736 3313 948 3378 τούτοις
965 3316 1160 3380 αὐτοὺς
1188 3317 1484 3388 συγχώσει.
1509 3337 1528 3370 ι
1561 3321 1674 3372 Και
1692 3320 1914 3374 ἐκπίον-

321 3419 433 3466 ται,
468 3402 624 3475 φησὶ,
663 3404 724 3457 τὸ
754 3396 893 3477 αἷμα
918 3405 1121 3471 αὐτῶν,
1155 3407 1230 3472 ὡς
1270 3407 1413 3482 ὕδωρ
1439 3411 1502 3463 ¹¹.
1537 3428 1556 3462 ι
1605 3411 1752 3463 Ἀντὶ
1789 3410 1907 3476 τοῦ,

325 3491 517 3564 ἡδονὴν
552 3494 662 3548 ἀπὸ
698 3495 798 3567 τῆς
821 3496 978 3566 νίκης
1025 3497 1288 3568 πλείστην
1327 3499 1460 3569 ὅσην
1499 3499 1904 3572 καρπώσονται.

319 3584 396 3639 οὐ
420 3585 529 3657 γὰρ
559 3585 792 3657 αἵματος
849 3588 1194 3660 ἀνθρωπείου
1221 3590 1380 3645 πόσιν
1424 3590 1608 3660 λέγει·
1629 3591 1748 3656 πῶς
1777 3592 1905 3664 γὰρ,

317 3675 379 3739 ὃς
402 3691 466 3746 γε
506 3678 602 3732 καὶ
629 3679 737 3731 τῶν
789 3679 1007 3751 κτηνῶν
1033 3681 1096 3733 τὸ
1121 3675 1284 3752 αἷμα,
1323 3681 1419 3736 καὶ
1447 3685 1563 3747 τοῖς
1586 3683 1693 3753 πρὸ
1714 3687 1905 3756 νόμου,

319 3768 544 3834 καὶτοῖς
565 3773 620 3824 ἐν
642 3772 813 3843 νόμῳ,
837 3773 1041 3826 ἐσθίειν
1068 3774 1438 3846 ἀπαγορεύει;
1484 3796 1503 3829 ι
1535 3778 1649 3830 Καὶ
1667 3778 1908 3850 πλήσου-

319 3878 406 3915 σιν
435 3861 512 3925 ὡς
545 3863 743 3932 φιάλας
771 3863 1157 3938 θυσιαστήριον
1185 3868 1228 3899 ¹¹
1254 3885 1268 3899 ο
1313 3886 1332 3919 ›
1365 3869 1488 3924 ἀντὶ
1508 3868 1627 3935 τοῦ,
1659 3869 1769 3924 τῶν
1799 3870 1908 3924 ἀπὸ

315 3951 418 4025 τῆς
435 3954 585 4017 λείας
614 3954 898 4025 θυμάτων.

389 4052 484 4112 ις’.
531 4064 550 4098 ι
581 4048 694 4102 Kal.
729 4046 893 4102 σώσει
941 4049 1142 4113 αὐτοὺς
1167 4047 1376 4121 Κύριος
1406 4050 1434 4103 6
1465 4050 1598 4115 Θεὸς
1626 4049 1807 4104 αὐτῶν
1845 4050 1906 4104 ἐν

312 4137 382 4208 τῇ
407 4136 592 4209 ἡμέρᾳ
625 4138 927 4210 ἐκείνῃ,ὡς
956 4140 1209 4212 πρόϐατα
1230 4140 1357 4194 λαὸν
1386 4139 1552 4194 αὑτοῦ
1569 4158 1583 4173 ο
1607 4141 1742 4194 διότι
1764 4140 1903 4195 λίθοι

314 4228 462 4298 ἅγιοι
489 4228 764 4284 κυλίονται
793 4231 888 4285 ἐπὶ
918 4231 1021 4302 τῆς
1036 4232 1140 4303 γῆς
1166 4229 1354 4286 αὑτοῦ.
1392 4251 1411 4283 ›
1436 4231 1558 4287 Τῶν
1581 4231 1692 4304 γὰρ
1729 4231 1902 4301 ἁγίων

312 4318 504 4375 εἶνεκα
553 4321 649 4376 καὶ
705 4323 832 4387 τοὺς
889 4323 1086 4388 ἄλλους
1137 4322 1435 4396 περισώσει
1493 4326 1522 4378 6
1592 4324 1759 4389 Θεὸς,
1809 4324 1903 4378 καὶ

311 4405 404 4465 οἷα
431 4412 498 4485 δὴ
539 4413 792 4486 πρόϐατα
842 4416 1022 4470 οίκεῖα
1066 4414 1176 4471 τῶν
1225 4415 1488 4472 ἐπιόντων
1537 4415 1898 4487 ἐλευθερώσει

313 4503 542 4562 θηρίων.

429 4522 542 4562 ιων.

350 4522 476 4657 ηἵζν.
521 4611 540 4646 ι
566 4593 634 4647 Et
683 4611 736 4648 τι
761 4594 871 4666 γὰρ
903 4596 1109 4666 ἀγαθὸν
1157 4596 1347 4664 αὐτοῦ,
1405 4599 1500 4653 καὶ
1547 4599 1605 4652 εῐ
1644 4618 1694 4654 τι
1736 4600 1899 4655 καλὸν

2015 3237 2194 3290 utens,
2236 3226 2524 3295 grandinis
2577 3225 2854 3295 lapidibus
2901 3239 2998 3278 eos
3036 3222 3290 3279 conﬁciet
3316 3232 3370 3279 et
3404 3223 3599 3279 iisdem

2010 3333 2106 3375 eos
2141 3319 2361 3376 obruet.
2398 3335 2416 3369 ι
2449 3317 2517 3370 Ει
2549 3318 2760 3382 bibent,
2789 3315 2993 3387 inquit,
3025 3316 3348 3386 sanguinem
3380 3331 3597 3380 eorum,

2010 3416 2072 3462 ut
2124 3423 2344 3478 aquam.
2386 3427 2405 3461 ι
2462 3407 2577 3463 Hoc
2629 3415 2734 3474 est,
2786 3408 3078 3478 plurimam
3128 3408 3466 3476 voluptatem
3530 3423 3596 3462 ex

2009 3498 2241 3553 victoria
2289 3500 2618 3569 percipient.
2667 3497 2786 3554 Non
2836 3499 2981 3554 enim
3031 3499 3320 3570 sanguinis
3371 3498 3596 3553 humani

2009 3591 2292 3660 potionem
2335 3591 2636 3661 intelligit:
2685 3606 2796 3661 quo
2847 3597 3008 3662 pacto
3059 3593 3227 3656 enim,
3264 3593 3356 3662 qui
3388 3591 3597 3647 bestia—

2009 3697 2132 3736 rum
2164 3683 2328 3738 etiam
2362 3683 2655 3754 sanguine,
2681 3693 2735 3738 et
2758 3684 2827 3739 iis
2857 3684 2952 3754 qui
2984 3693 3112 3744 ante
3137 3685 3310 3756 legem
3345 3684 3595 3750 fuerunt,

2009 3783 2063 3829 et
2097 3774 2165 3828 iis
2203 3775 2295 3845 qui
2356 3776 2456 3830 sub
2491 3777 2627 3844 lege,
2657 3775 2809 3830 vesci
2861 3776 3050 3831 vetat?
3094 3794 3114 3828 ι
3170 3775 3239 3830 Ει
3288 3777 3597 3849 implebunt

2007 3866 2154 3922 sicut
2191 3867 2405 3937 phialas
2442 3868 2636 3923 altare.
2676 3886 2695 3920 ι
2736 3865 2986 3925 Victimis
3018 3868 3284 3924 nimirum
3312 3885 3379 3926 ex
3409 3873 3594 3942 pra-da

2005 3957 2360 4023 comparatis.

2076 4045 2244 4101 Vens.
2272 4045 2356 4101 l6.
2390 4064 2410 4098 ι
2449 4045 2514 4101 Et
2541 4047 2789 4103 Salvabit
2811 4063 2906 4105 eos
2934 4048 3202 4106 Dominus
3227 4049 3374 4107 Deus
3399 4066 3590 4108 eorum

2003 4137 2093 4193 die
2134 4140 2253 4206 illo,
2278 4138 2422 4194 sicut
2447 4153 2580 4195 oves
2620 4141 2879 4210 populum
2913 4157 3073 4197 suum
3102 4142 3383 4214 (salvabit)
3414 4162 3426 4198 :
3458 4144 3589 4213 quia

2001 4230 2214 4301 lapides
2250 4232 2425 4288 sancti
2479 4232 2777 4287 volvuntur
2804 4247 2971 4304 super
2994 4241 3197 4289 terram
3226 4235 3367 4306 ejus.
3404 4255 3422 4289 ι
3449 4235 3587 4291 Pro-

2003 4328 2124 4391 pter
2155 4329 2378 4378 sanctos
2410 4321 2556 4376 enim
2589 4321 2734 4378 Deus
2766 4324 3012 4394 reliquos
3041 4325 3208 4379 etiam
3237 4327 3500 4392 servabit,
3531 4335 3588 4382 et

2002 4413 2172 4467 veluti
2201 4429 2331 4469 oves
2365 4428 2496 4469 suas
2533 4413 2602 4468 ab
2631 4413 2839 4485 impetu
2883 4414 3126 4472 ferarum
3158 4417 3408 4474 tuebitur
3432 4427 3488 4475 et
3514 4419 3586 4474 li-

1927 4498 1974 4554 Ι)
2002 4505 2239 4562 berabit.

2075 4595 2237 4655 Vens.
2267 4599 2355 4653 17.
2391 4618 2411 4652 ι
2453 4598 2509 4654 Si
2544 4601 2677 4671 quid
2713 4601 2858 4657 enim
2892 4601 3097 4657 bonum
3128 4603 3268 4672 ejus,
3293 4610 3348 4658 et
3378 4604 3424 4660 si
3453 4605 3588 4675 quid

313 4684 447 4754 παρ’
487 4684 534 4715 ¹³
560 4684 748 4751 αὐτοῦ,
782 4690 927 4752 σῖτος
959 4689 1285 4758 νεανίσκοις,
1313 4689 1410 4744 καὶ
1436 4686 1577 4756 οἶνος
1590 4691 1901 4757 εὐωδιάζων

2018 4691 2286 4747 lulchrum
2329 4693 2398 4748 ab
2442 4709 2533 4758 eo,
2579 4693 2920 4749 frumentum
2966 4695 3283 4765 juvenibus,
3315 4705 3369 4751 et
3399 4697 3588 4752 vinum

312 4773 395 4836 εἰς
426 4772 755 4846 παρθένους.
789 4795 809 4830 ι

857 4869 1260 4946 ΚεΦΑΑΑιοΝ
1291 4870 1348 4927 1'.

387 4963 459 5012 α’.
517 4975 538 5010 ι
587 4959 838 5014 Αίτεῖσθε
893 4963 1050 5038 παρά
1103 4964 1310 5033 Κυρίου
1367 4965 1521 5020 ὑετὸν
1567 4966 1692 5020 καθ’
1747 4966 1901 5039 ὥραν

312 5047 566 5121 πρῴῖμον
620 5053 716 5106 καὶ
765 5053 997 5124 ὄψιμον·
1050 5055 1256 5127 Κύριος
1308 5058 1534 5128 ἐποίησε
1571 5059 1896 5128 φαντασίας,

312 5141 410 5197 καὶ
434 5143 587 5199 ὑετὸν
608 5147 889 5219 χειμέριον
917 5148 959 5181 ¹⁶
991 5148 1154 5205 δώσει
1177 5151 1384 5219 αὐτοῖς,
1419 5154 1632 5225 ἑκάστῳ
1664 5153 1896 5227 βοτάνην

391 5317 482 5374 ill
509 5319 636 5376 Cor.
674 5339 731 5390 ι,
761 5324 816 5391 4,
847 5327 900 5382 5.
980 5340 995 5380 ι
1035 5327 1180 5384 Psal.
1223 5342 1375 5396 xuv,
1413 5327 1469 5385 6.

1998 4781 2127 4838 boni
2147 4783 2336 4840 odoris
2362 4785 2431 4840 ad
2461 4786 2722 4858 virgines.
2759 4805 2778 4838 ι

2625 4877 2856 4934 CAPUT
2882 4878 2953 4933 X.

2069 4963 2239 5023 Vens.
2266 4966 2319 5020 l.
2346 4986 2366 5021 ι
2406 4967 2582 5024 Petite
2611 4969 2853 5038 pluviam
2882 4984 2912 5022 a
2938 4969 3170 5026 Domino
3197 4976 3586 5040 Opportunam,

2002 5061 2334 5116 matutinam
2381 5071 2437 5118 et
2476 5062 2821 5118 serotinam:
2886 5059 3156 5116 Dominus
3200 5061 3329 5116 fecit
3369 5061 3587 5131 appari‘

2001 5154 2203 5222 tiones,
2235 5162 2289 5210 et
2335 5153 2576 5226 pluviam
2631 5153 2921 5210 hiemalem
2962 5153 3254 5220 dabit-eis,
3289 5155 3588 5225 unicuique

1591 5489 1824 5546 VARIA‘J
1866 5490 2269 5550 LECTIONES.

307 5721 421 5782 ται.
527 5707 548 5740 ⁸
579 5707 739 5782 τάέβ
771 5711 921 5782 addit
955 5713 1139 5768 τέκνα.
1236 5714 1258 5744 ⁷
1283 5707 1514 5768 Α’ἐσται
1557 5716 1642 5769 ἐπ’
1681 5716 1898 5782 αὐτούς.

310 5776 499 5848 πήσει.
577 5779 618 5811 ¹¹
655 5777 737 5834 ὓδ.
765 5781 806 5836 Δ
834 5777 995 5839 οἶνον.

381 5635 648 5740 favori;
683 5643 1152 5740 m8
1182 5642 1442 5740 Exi-IXEPE.
1479 5661 1535 5740 κ.
1559 5644 1697 5740 ἐτὲςλ.
1724 5643 1935 5740 Desunt
1960 5661 2109 5740 quae.
2135 5648 2175 5702 Ι.
2206 5662 2275 5740 te.
2323 5649 2688 5740 pracedttnt,‘
2718 5650 2838 5706 λαοὶ
2881 5649 3296 5740 ’ὑποκάτωισου
3355 5647 3584 5704 πεσοῡν⁴

2005 5719 2028 5749 ⁸
2052 5719 2174 5794 αὐτζ
2204 5717 2340 5794 Des;
2362 5721 2423 5794 ing
2449 5723 2515 5777 A.
2567 5792 2574 5794 Α
2617 5723 2704 5794 ’_A
2731 5721 3039 5794 πορεύεται.
3155 5721 3199 5754 ¹⁹
3229 5719 3269 5776 C
3305 5735 3583 5774 κατακτο-

1107 5784 1150 5816 ¹²
1181 5783 1228 5839 Α
1251 5784 1352 5849 τὰς
1376 5785 1525 5854 φιάλ.
1561 5785 1637 5849 ὡς
1666 5785 1787 5842 θυσ.
1868 5788 1912 5820 ¹³
1945 5789 2098 5860 παρ’.
2142 5788 2264 5846 Des.
2306 5790 2362 5846 in
2397 5791 2468 5849 Λ.
2540 5792 2585 5827 ⁸⁵
2613 5792 2659 5847 Α
2689 5783 3019 5865 χειμερινόν.
