4090 6430
503 357 653 448 ’1927

1480 378 1975 442 TIIEODORETI
2006 381 2350 468 EPISCOPI
2381 383 2753 446 CYRENSIS

3639 377 3808 455 1928‘

516 494 742 552 herbam
771 491 835 549 in
887 506 1041 565 agro.
1076 509 1095 545 ι
1139 490 1281 563 ipse,
1326 489 1527 561 inquit,
1562 501 1618 548 et
1655 492 1841 546 vinum
1889 503 1943 548 et
1972 493 2092 548 fru-

2192 497 2252 549 ὲν
2285 495 2464 568 ἀγρῷ.
2491 515 2513 550 ι
2538 497 2731 566 Αὐτὸς,
2765 499 2920 572 φησι,
2953 501 3050 555 καὶ
3066 501 3212 556 σῖτον
3243 502 3337 556 καὶ
3363 500 3504 559 οἶνον
3530 511 3780 578 χορηγεῖ,

515 595 760 643 mentum
800 587 990 653 donat,
1020 592 1080 639 ut
1105 593 1157 641 et
1177 584 1409 654 juvenes
1445 583 1723 640 frumento
1755 585 2091 642 confit-meno

519 690 632 747 tur,
660 688 713 734 et
745 680 990 748 virgines
1038 693 1104 732 ex
1157 668 1287 731 vino
1331 677 1572 730 laetitiam
1613 677 1942 746 percipiant.
1978 678 2093 732 Hoc

514 769 662 823 enim
697 769 860 822 etiam
905 767 1026 820 loco
1061 767 1275 837 1639
1311 767 1486 819 vinum
1524 779 1620 835 pro
1669 765 1852 819 laetitia
1886 767 2089 834 posuit.

516 855 643 910 Haec
675 857 860 925 itaque
892 857 1153 920 scientes,
1189 857 1512 910 matutinam
1543 866 1598 910 et
1642 857 1940 911 serotinam
1974 859 2096 925 plu-

519 949 663 1002 viam
699 949 752 1002 i'n
777 957 1026 1015 tempore
1057 950 1223 1018 petite
1260 949 1330 1004 ab
1355 964 1422 1004 eo
1457 950 1550 1018 qui
1599 949 1730 1002 dare
1772 959 1966 1018 potest.
2000 949 2095 1002 Et-

516 1040 660 1094 enim
688 1040 803 1108 ipse
832 1048 884 1093 et
904 1041 1098 1110 pluviae
1119 1048 1332 1104 auctor,
1350 1050 1404 1094 et
1428 1041 1657 1093 aliarum
1683 1056 1863 1094 rerum
1887 1027 2089 1109 opifex,

514 1145 636 1199 quae
674 1131 741 1184 ad
776 1130 1056 1185 hominum
1109 1141 1375 1186 terrorem
1429 1131 1544 1185 fieri
1613 1133 1812 1190 solent.
1855 1129 2094 1202 Fulgura

514 1223 660 1276 enim
698 1224 750 1276 in
787 1223 1025 1293 pluviam
1063 1222 1213 1278 fecit.
1244 1221 1403 1276 Talia
1441 1224 1828 1291 apparitionem
1855 1225 2094 1292 appella-

513 1313 615 1381 vit,
651 1324 719 1368 'ut
776 1330 897 1384 quae
947 1323 1260 1369 exterreant
1310 1315 1600 1368 homines:
1644 1330 1736 1382 per
1773 1315 1887 1367 hac
1913 1321 2093 1368 autem

513 1404 678 1458 etiam
714 1419 778 1459 ex
815 1413 962 1460 terra
988 1405 1290 1475 gignuntur
1322 1402 1558 1459 fructus.
1593 1402 1738 1458 Deus
1769 1419 1901 1474 ergo
1931 1419 2095 1459 verus

513 1497 648 1550 talia
678 1505 732 1552 et
766 1494 896 1552 facit
919 1507 974 1553 et
995 1497 1245 1568 largitur.

583 1671 754 1729 Vnus.
782 1671 838 1726 Ξ.
873 1690 892 1723 ι
926 1673 1029 1740 Qui
1061 1688 1192 1728 vero
1223 1673 1615 1743 loquebantur,
1649 1677 1818 1731 locuti
1855 1683 1986 1733 sunt
2016 1677 2094 1731 la-

511 1769 724 1822 bores:
783 1773 838 1820 et
886 1765 1227 1822 divinatores
1282 1767 1525 1822 visiones
1584 1767 1753 1823 falsas
1783 1777 1836 1823 et
1880 1769 2094 1824 somnia

2196 587 2339 641 ὥστε
2359 589 2455 643 καὶ
2489 593 2810 655 νεανίσκους
2856 591 2934 663 τῷ
2970 593 3102 664 σίτῳ
3153 593 3526 668 στηρίζεσθαι,
3555 599 3652 651 καὶ
3681 599 3785 662 τὰς

2197 680 2504 750 παρθένους
2536 682 2636 754 τὴν
2681 683 2790 737 ἀπὸ
2836 684 2932 738 τοῦ
2959 685 3103 739 οἴνου
3151 686 3494 758 ε’ύφροσύνην
3531 689 3784 760 καρποῦ-

2199 773 2343 826 σθαι.
2383 775 2507 827 Ἑπὶ
2538 775 2640 846 τῆς
2663 777 3005 848 εὐφροσύνης
3035 779 3146 850 γάρ
3172 780 3279 833 τὸν
3298 775 3468 834 οἶνον
3497 783 3784 838 κάνταῦθα

2198 867 2435 922 τέθεικε.
2469 867 2654 922 Ταῦτα
2671 868 2853 921 τοίνυν
2885 870 3108 934 εἰδότες,
3137 872 3231 924 καὶ
3261 871 3355 924 τὸν
3385 872 3658 943 πρώῖμον,
3689 877 3786 928 καὶ

2196 959 2288 1010 τὸν
2310 957 2506 1027 ὄψιμον
2539 958 2694 1012 ὑετὸν
2723 961 2803 1022 εἰς
2828 961 3021 1030 καιρὸν
3055 964 3256 1015 αἰτεῖτε
3289 961 3382 1016 τὸν
3410 963 3595 1018 δοῦναι
3620 966 3783 1022 δυνά-

2202 1065 2380 1118 μενον.
2411 1050 2582 1113 Αύτὺς
2646 1050 2756 1120 γὰρ
2799 1052 2893 1105 καὶ
2951 1053 3107 1106 ὑετοῦ
3147 1055 3190 1086 ¹⁵
3219 1054 3479 1126 χορηγὸς,
3528 1057 3624 1110 καὶ
3672 1057 3786 1112 τῶν

2198 1141 2373 1194 ἄλλων
2426 1142 2780 1213 δημιουργὸς,
2833 1143 2870 1198 ἃ.
2901 1145 2981 1208 εἰς
3013 1146 3177 1213 φόϐον
3215 1146 3374 1200 εἴωθε
3400 1147 3650 1216 γίνεσθαι
3671 1149 3786 1204 τῶν

2197 1233 2528 1304 ἀνθρώπων·
2564 1236 2854 1306 ἀστραπὰς
2901 1238 3010 1309 γὰρ
3068 1242 3148 1302 εἰς
3208 1239 3364 1293 ὑετὸν
3407 1241 3653 1312 ἐποίησε.
3699 1243 3784 1296 Τὰ

2193 1325 2423 1379 τοιαῦτα
2446 1329 2791 1395 φαντασίαν
2804 1329 3083 1394 ἐκάλεσεν,
3101 1330 3177 1394 ὡς
3194 1332 3567 1403 ἐκπλήττοντα
3593 1334 3640 1366 ¹⁶
3655 1336 3784 1399 τοὺς

2187 1416 2520 1487 ’ἀνθρώπους
2539 1435 2552 1448 °
2589 1418 2678 1473 διὰ
2701 1421 2906 1474 τούτων
2933 1421 2991 1474 δέ
3017 1425 3114 1476 καὶ
3137 1423 3244 1475 ἀπὸ
3275 1423 3318 1454 ⁸⁷
3347 1424 3449 1495 γῆς
3483 1425 3786 1492 γεννῶνται

2193 1509 2422 1581 καρποί.
2465 1511 2521 1564 ’0
2550 1511 2594 1543 ⁸⁸
2628 1512 2728 1583 μὲν
2767 1507 2860 1568 οὖν
2899 1513 3106 1585 ἀληθὴς
3137 1514 3272 1578 Θεὸς
3322 1515 3394 1569 τά
3428 1516 3654 1570 τοιαῦτα
3687 1521 3785 1572 καὶ

2185 1602 2490 1673 ’ἐργάζεται
2514 1605 2612 1657 καὶ
2639 1603 2940 1676 χαρίζεται.

2270 1692 2386 1763 β⁹.,ι
2413 1696 2476 1748 Ol
2530 1694 2587 1748 δέ
2629 1696 2673 1728 ³⁸
2712 1695 3182 1766 ἀποφθεγγόμενοι
3239 1696 3510 1767 ἐλάλησαν
3555 1697 3778 1762 κόπους,

2199 1786 2294 1838 καὶ
2342 1785 2394 1837 οἱ
2449 1785 2674 1856 μάντεις
2725 1786 2947 1856 ὁράσεις
2993 1787 3213 1856 ψευδεῖς
3262 1787 3712 1841 καὶτὰένύπνια
3736 1789 3784 1819 ’⁸

510 1857 652 1915 falsa
704 1857 873 1912 locuti
904 1866 1074 1913 sunt:
1125 1873 1263 1913 vane
1299 1859 1754 1926 consolabantur,
1798 1861 1926 1915 ideo
1969 1876 2092 1916 are-

2195 1877 2367 1948 ψευδῆ
2414 1877 2639 1931 ἐλάλουν
2681 1879 2745 1909 ⁸⁸·
2799 1880 3007 1948 μάταια
3053 1879 3434 1950 παρεκάλουν·
3487 1878 3578 1932 διὰ
3622 1877 3784 1931 τοῦτο

511 1951 640 2006 facti
670 1945 800 2008 sunt
830 1950 973 2005 sicut
996 1965 1150 2016 oves,
1177 1958 1231 2004 et
1261 1949 1445 2006 amicti
1485 1960 1634 2016 sunt,
1667 1951 1793 2021 quia
1832 1968 1943 2006 non
1973 1959 2094 2007 erat

429 2097 449 2108 κ
510 2042 746 2097 sanatio.
791 2060 810 2092 ι
854 2039 1121 2095 Universo
1154 2039 1359 2094 diaboli
1388 2055 1550 2110 grege
1597 2041 1653 2094 in
1696 2043 1935 2096 medium
1970 2059 2095 2113 pro-

511 2134 698 2195 ducto,
731 2131 1187 2194 vaticinantibus,
1248 2146 1344 2201 per
1396 2131 1584 2187 stellas
1625 2136 1642 2155 ‘
1687 2132 2092 2201 divinantibus,

511 2223 854 2278 somniorum
885 2221 1318 2290 coniectoribus,
1354 2229 1409 2276 et
1443 2222 1731 2278 mendacia
1756 2224 1976 2279 illorum
2008 2241 2095 2281 re-

509 2311 817 2381 prehendit,
848 2321 899 2365 et
940 2326 1128 2380 poenas
1158 2311 1418 2366 ostendit.

583 2400 748 2456 Vens.
783 2403 835 2459 5.
873 2421 891 2453 ι
927 2401 1106 2472 Super
1147 2413 1398 2472 pastores
1446 2403 1758 2460 concitatus
1808 2413 1894 2460 est
1941 2405 2096 2462 furor
2188 2432 2194 2436 -

509 2510 685 2559 meus,
744 2502 798 2548 et
840 2509 1008 2563 super
1047 2509 1220 2564 agnos
1271 2497 1706 2552 meos-visitabo.
1749 2516 1770 2550 ι
1808 2497 1916 2554 Eos
1945 2501 2092 2554 enim

509 2588 601 2655 qui
629 2587 770 2641 male
801 2593 1122 2656 regnarunt,
1153 2588 1208 2640 in
1237 2589 1559 2642 servitutem
1601 2589 1810 2660 redegi,
1842 2591 2092 2647 subditos

509 2693 640 2733 vero
665 2679 815 2733 illinc
847 2679 1062 2742 reduxi,
1092 2691 1144 2734 et
1173 2695 1290 2735 mea
1330 2681 1918 2752 providentigdignos.
1973 2701 1993 2736 σ
2029 2683 2094 2738 Et

507 2771 754 2826 visitabit
787 2769 1049 2826 Dominus
1077 2770 1220 2825 Deus
1250 2773 1600 2842 omnipotens
1643 2789 1861 2844 gregem
1904 2791 2090 2840 suum,

508 2863 733 2916 domum
762 2861 934 2927 Iudae,
980 2871 1035 2917 et
1089 2871 1255 2932 portet
1284 2879 1379 2918 eos
1411 2866 1556 2919 sicut
1601 2881 1804 2934 equum
1832 2865 2090 2920 decorum

508 2965 670 3006 suum
713 2951 766 3004 in
803 2953 1010 3019 pralio.
1048 2970 1066 3002 ι
1099 2952 1164 3004 Et
1202 2951 1329 3006 belli
1362 2960 1607 3022 tempore
1642 2955 1837 3008 faciam
1891 2963 1950 3008 ut
1975 2957 2094 3010 sint

508 3050 771 3110 tanquam
797 3057 975 3111 equus
1007 3042 1419 3111 pulchritudine
1452 3051 1508 3099 et
1546 3045 1756 3100 viribus
1785 3047 2087 3110 exsultans,

505 3139 563 3188 et
593 3133 650 3187 in
680 3132 868 3188 hostes
894 3133 1133 3198 irruens,
1161 3141 1216 3190 et
1249 3135 1358 3190 alio
1380 3135 1632 3191 subsidio
1655 3151 1765 3192 non
1800 3137 2087 3208 indigebit.

576 3433 742 3490 Vens.
782 3434 838 3497 4,
871 3434 924 3494 5.
957 3452 976 3486 ι
1015 3433 1090 3489 Ex
1128 3434 1250 3506 ipso
1297 3435 1467 3501 enim,
1505 3437 1706 3508 inquit,
1746 3438 2010 3509 respexit,
2039 3447 2094 3493 et

502 3543 571 3583 ex
625 3527 838 3600 1640
893 3529 1012 3597 ipso
1063 3529 1270 3597 posuit,
1317 3537 1372 3584 et
1409 3545 1474 3584 ex
1510 3531 1632 3601 ipso
1665 3547 1827 3586 arcus
1868 3533 1988 3602 ejus
2034 3533 2092 3588 in

505 3620 704 3690 spiritu
733 3620 954 3682 furoris,
982 3634 1048 3672 ex
1081 3619 1202 3687 ipso
1230 3618 1547 3689 egredietur
1575 3623 1754 3676 omnis
1794 3623 1888 3691 qui
1919 3623 2090 3692 abigit

504 3713 560 3766 in
585 3712 640 3766 id
663 3711 864 3782 ipsum.
895 3710 960 3763 Et
1000 3717 1164 3765 erunt
1187 3711 1344 3780 quasi
1363 3711 1660 3766 bellatores
1700 3714 2088 3766 conculcantes

504 3803 682 3858 lutum
712 3803 923 3856 viarum
967 3804 1020 3855 in
1058 3803 1269 3874 praelio,
1305 3809 1361 3858 et
1407 3803 1460 3856 in
1511 3804 1627 3858 acie
1680 3805 1924 3867 stabunt,
1958 3805 2086 3876 quia

504 3897 770 3953 Dominus
801 3913 924 3951 cum
963 3896 1044 3952 eis
1085 3905 1190 3962 est,
1225 3907 1278 3951 et
1320 3895 1731 3951 confundentur
1761 3913 2086 3954 ascensores

501 4007 793 4063 equorum.
831 4008 850 4042 ι
881 3987 989 4044 Nec
1023 3989 1243 4055 alienis,
1276 3989 1474 4060 inquit,
1497 3990 1668 4045 armis
1709 3999 1951 4054 utentur,
1984 3995 2086 4046 nec

499 4092 720 4154 exteros
769 4081 974 4136 milites
1015 4081 1269 4136 mercede
1306 4079 1652 4149 conducent,
1690 4083 1785 4139 sed
1832 4099 1898 4138 ex
1948 4083 2084 4151 ipsis

499 4174 628 4230 belli
680 4175 906 4238 ductor,
951 4188 1018 4227 ex
1059 4171 1196 4244 ipsis
1243 4180 1406 4227 erunt
1445 4189 1636 4230 omnes
1660 4175 1915 4230 ordinum
1946 4189 2084 4244 prae-

499 4266 649 4330 fecti,
674 4264 778 4336 ipsi
819 4279 878 4320 re
904 4266 1167 4336 praeclare
1225 4273 1380 4334 gesta
1417 4267 1702 4322 victoriam
1735 4265 1998 4328 referent,
2029 4270 2084 4320 et

497 4359 654 4430 quasi
690 4357 864 4411 lutum
892 4356 1134 4412 hostium
1155 4357 1399 4427 legiones
1427 4359 1854 4413 conculcahunt.
1877 4355 2082 4421 Quem-

498 4446 794 4502 admodum
845 4447 992 4501 enim
1033 4446 1212 4500 lutum
1255 4448 1486 4516 pedibus
1529 4445 2080 4517 supergredientihus

496 4539 666 4604 cedit,
699 4539 781 4594 sic
820 4538 899 4592 illi
933 4554 1153 4609 quoque
1188 4538 1242 4594 in
1293 4539 1477 4609 fugam
1525 4545 1828 4603 vertentur,
1858 4539 1934 4590 'et
1994 4535 2079 4590 fu-
2114 4578 2157 4632 Β

497 4631 707 4700 gicntes
740 4627 1155 4690 interficientur,
1189 4632 1449 4698 quoniam
1500 4630 1643 4683 Deus
1689 4628 2076 4686 universorum

499 4722 662 4792 hujus
696 4722 823 4776 belli
851 4720 1315 4777 administrationi
1348 4730 1565 4791 praeest.

566 4815 732 4870 Vens.
755 4813 808 4868 6.
841 4833 860 4864 ι
899 4812 964 4865 Et
987 4813 1312 4870 confortabo
1334 4815 1554 4868 domum
1586 4809 1759 4874 Iudae,
1781 4817 1835 4866 et
1855 4811 2077 4866 domum

495 4904 718 4974 Josephi
770 4903 1012 4967 salvabo,
1061 4912 1116 4958 et
1170 4903 1421 4957 habitare
1477 4902 1674 4956 faciam
1720 4915 1834 4958 eos.
1878 4920 1896 4953 ι
1937 4900 2076 4954 Cum

499 5011 628 5048 vero
659 4996 739 5050 sic
766 5011 980 5059 omnes,
1019 4995 1220 5066 inquit,
1253 5010 1445 5050 eorum
1491 4994 1681 5047 hostes
1721 4991 2074 5057 interfecero,

497 5087 726 5142 efﬁciam
750 5098 808 5142 ut
844 5091 897 5142 in
926 5104 1058 5164 pace
1086 5098 1290 5144 terram
1336 5099 1618 5161 paternam
1655 5085 1984 5140 inhabitent.
2010 5083 2076 5137 Et

494 5191 721 5233 causam
762 5178 1035 5243 indicans,
1086 5180 1326 5251 adjecit:
1381 5201 1400 5234 ι
1449 5179 1588 5246 Quia
1630 5171 1928 5232 dilexi'eos
1967 5194 1982 5231 :
2023 5186 2077 5231 et

2193 1969 2573 2041 ἐξηράνθησαν
2621 1969 2697 2033 ὡς
2727 1971 2774 2000 ³⁸
2801 1969 3074 2040 πρόϐατα,
3121 1971 3217 2024 καὶ
3278 1969 3661 2041 ἐκακώθησαν,
3698 1969 3786 2023 ὅτι

2193 2064 2293 2115 οὐκ
2318 2058 2385 2134 ἦν
2419 2063 2585 2126 ἴασις.
2616 2081 2635 2115 ι
2675 2064 2861 2118 Πάντα
2915 2063 3009 2116 τοῦ
3064 2062 3310 2116 διαϐόλου
3365 2063 3457 2117 τὸν
3506 2062 3666 2134 χορὸν
3701 2063 3787 2126 είς

2198 2153 2365 2222 μέσον
2395 2153 2757 2223 παραγαγὼν,
2814 2171 2940 2218 τους
2980 2155 3224 2224 μάντεις,
3274 2155 3401 2217 τοὺς
3439 2154 3785 2224 ἀστερομὲω-

2187 2249 2328 2308 ’τεις,
2357 2243 2484 2308 τοὺς
2509 2245 2909 2316 ὀνειροπόλους,
2953 2247 3049 2298 καὶ
3101 2247 3162 2298 τὸ
3211 2244 3408 2314 ψεῦδος
3451 2245 3632 2299 αὐτῶν
3662 2245 3783 2317 διήο

2193 2336 2373 2404 λεγξε,
2414 2339 2510 2390 καὶ⁸
2533 2336 2630 2407 τὴν
2661 2338 2928 2408 τιμωρίαν
2958 2337 3255 2403 ὑπέδειξεν.

2265 2434 2334 2495 γ’.
2367 2445 2384 2477 ι
2407 2427 2498 2489 Et;
2518 2427 2566 2458 ’³
2594 2428 2720 2492 τοὺς
2743 2429 3009 2497 ποιμένας
3040 2429 3368 2500 παρωξύνθη
3399 2431 3429 2483 δ
3454 2429 3627 2498 θυμός
3656 2446 3782 2499 μου,

2192 2517 2289 2569 καὶ
2342 2516 2434 2570 ἐπὶ
2488 2519 2617 2580 τοὺς
2677 2517 2884 2587 ἀμνούς
2922 2535 3024 2589 μου
3069 2521 3114 2551 ’⁸
3159 2521 3551 2591 ἐπισκέψομαι.
3591 2540 3609 2574 ι
3643 2521 3785 2585 Τοὺς

2199 2607 2298 2680 μέν
2351 2608 2460 2680 γάρ
2507 2609 2690 2672 κακῶς
2742 2611 3015 2680 ἄρξαντας
3065 2611 3412 2682 αἰχμαλωσίᾳ
3444 2611 3739 2682 παρέδωκα
3766 2653 3783 2677 ,

2193 2699 2319 2763 τοὺς
2359 2697 2415 2751 δὲ
2449 2700 2785 2770 ἀρχομένους
2846 2701 3054 2754 ἐκεῖθεν
3103 2703 3476 2780 ἐπανήγαγον,
3537 2702 3635 2754 καὶ
3681 2701 3786 2771 τῆς

2193 2790 2337 2860 ἐμῆς
2361 2790 2500 2856 άξιῶ
2519 2791 2876 2862 κηδεμονίας.
2919 2811 2938 2843 ι
2977 2792 3088 2845 Καὶ
3133 2794 3489 2860 ἐπισκέψεται
3519 2792 3726 2864 Κύριος
3755 2791 3787 2843 δ

2192 2881 2386 2944 Θεδςό
2409 2883 2804 2955 παντοκράτωρ
2851 2885 2914 2938 τὸ
2971 2883 3224 2955 ποίμνιον
3269 2883 3458 2948 αὑτοῦ,
3502 2884 3596 2938 τὸν
3634 2879 3788 2936 οἶκον

2194 2972 2407 3026 -Ἰούδαο
2440 2974 2535 3027 καὶ
2563 2975 2713 3039 τάξει
2747 2976 2945 3038 αὐτοὺς
2961 2977 3036 3039 ὡς
3069 2977 3237 3030 ῐππον
3260 2977 3304 3009 ’⁸
3325 2977 3579 3047 εὐπρεπῆ
3614 2973 3786 3028 αὐτοῦ

2195 3065 2254 3117 ἐν
2288 3064 2529 3136 πολέμῳ.
2571 3085 2590 3118 ι
2621 3067 2728 3119 Καὶ
2794 3067 3066 3131 ἀποδείξω
3111 3068 3332 3132 αὐτοὺς,
3366 3068 3553 3138 φησὶν,
3616 3068 3675 3119 ἐν
3707 3065 3790 3135 τῷ

2192 3155 2288 3208 τοῦ
2319 3156 2558 3228 πολέμου
2593 3157 2793 3228 καιρῷ,
2838 3153 2951 3212 οἷόν
2985 3177 3109 3213 τινα
3148 3160 3314 3214 ἵππον
3344 3161 3439 3213 ἐπὶ
3466 3157 3656 3213 κάλλει
3689 3159 3791 3211 xal

2123 3247 2165 3306 C
2196 3245 2425 3317 ’δυνάμει
2445 3265 2776 3319 γαυριωντα,
2810 3253 2905 3304 καὶ
2935 3251 3106 3317 ἀδεῶς
3145 3254 3240 3306 ἐπὶ
3269 3252 3342 3305 τὰ
3370 3251 3642 3323 πρόσωπα
3673 3269 3788 3322 χω-

2191 3335 2414 3407 ροῦντα,
2456 3340 2551 3392 καὶ
2579 3341 2641 3392 ού
2676 3339 3000 3411 δεηθήσεται
3033 3341 3289 3414 βοηθείας
3319 3343 3535 3412 ἐτέρας.

2194 3449 2198 3454 ‘
2263 3429 2325 3492 δ’,
2362 3436 2423 3485 ε’.
2469 3447 2488 3480 ι
2542 3430 2633 3495 Ἓξ
2683 3431 2846 3484 αὐτοῦ
2883 3433 3012 3502 γάρ,
3057 3434 3243 3504 φησιν,
3277 3431 3573 3502 ἐπέόλεψε,
3601 3431 3695 3485 καὶ
3726 3430 3787 3496 ἐξ

2193 3519 2357 3574 αὐτοῦ
2391 3521 2569 3586 ἔταξε,
2601 3522 2696 3576 καὶ
2728 3523 2787 3586 ἐξ
2819 3525 2983 3577 αὐτοῦ
3006 3525 3068 3577 τὸ
3093 3519 3307 3592 ’δτόξον
3327 3523 3494 3577 αὐτοῦ
3529 3526 3587 3578 ἐν
3618 3523 3788 3577 mad-

2194 3628 2328 3682 ματι
2346 3612 2533 3686 θυμοῦ·
2550 3615 2616 3679 ’⁷,
2647 3616 2706 3681 ἐξ
2727 3615 2892 3669 αὑτοῦ
2917 3617 3260 3683 ἐξελεύσεται
3291 3619 3412 3681 πᾶς
3440 3617 3746 3682 ἐξελαύνων
3765 3618 3786 3648 ⁸

2191 3706 2250 3757 ἐν
2279 3705 2428 3777 αὐτῷ
2455 3708 2519 3763 ⁹⁹.
2550 3709 2660 3760 Καὶ
2685 3709 2900 3761 ἔσονται
2933 3709 3010 3772 ώς
3049 3709 3291 3781 μαχηταὶ
3343 3709 3646 3773 πατοῦντες
3670 3727 3783 3779 πη-

2189 3795 2281 3848 λδν
2305 3799 2361 3849 ἐν
2390 3799 2508 3859 ταῖς
2536 3797 2673 3860 ὁδοῖς
2701 3800 2759 3850 ἐν
2782 3798 3022 3869 πολέμῳ,
3042 3801 3135 3852 καὶ
3163 3799 3592 3869 παρατάξονται,
3627 3801 3712 3852 ὅτι
3735 3801 3784 3833 ⁸⁸

2190 3888 2394 3960 Κύριος
2425 3889 2544 3960 μετ’
2574 3889 2774 3954 αὐτῶν,
2803 3887 2897 3944 καὶ
2926 3893 3488 3964 καταισχυνθήσονται
3507 3893 3785 3947 ἀναϐάται

2190 3982 2393 4036 τππων.
2436 4003 2454 4035 ι
2485 3981 2623 4037 Οὔτε
2650 3983 2856 4054 ὅπλοις,
2903 3987 3090 4056 φησὶν,
3125 3985 3431 4056 ἀλλοτρίοις
3457 3985 3779 4058 χρήσονται,

2187 4071 2310 4127 οὗτε
2347 4071 2530 4139 ξενικὰ
2568 4075 2611 4107 ³¹
2661 4075 3029 4146 μισθώσονται
3054 4091 3069 4106 ⁶
3101 4073 3218 4130 ἀλλ’
3245 4077 3304 4144 ἐξ
3341 4077 3518 4131 αὐτῶν
3549 4078 3579 4130 δ
3611 4093 3783 4150 στρα-

2185 4167 2374 4237 τηγὸς,
2425 4167 2486 4232 ἐξ
2515 4167 2693 4222 αὐτῶν
2746 4170 2794 4221 οῑ
2841 4169 3121 4240 ταξίαρχοι
3165 4171 3232 4238 ³⁸,
3275 4170 3429 4224 αὐτοὶ
3459 4163 3784 4242 νικήσουσιν

2185 4257 2586 4329 ἀριστεύοντες,
2644 4273 2738 4312 και
2787 4260 2944 4332 δίκην
2975 4259 3149 4331 πηλοῦ
3213 4263 3636 4334 συμπατήσουσι
3664 4260 3781 4314 τῶν

2186 4349 2462 4422 πολεμίων
2520 4350 2618 4421 τὴν
2663 4351 2935 4420 φάλαγγα.
2993 4346 3272 4424 Καθάπερ·
3310 4349 3417 4423 γὰρ
3491 4353 3699 4415 ἐκεῖνος
3731 4353 3782 4385 ³³

2185 4445 2297 4504 τοῖς
2327 4443 2486 4496 ποσὶν
2522 4441 2893 4497 ἐπιϐαίνουσιν
2917 4445 3054 4497 είκει
3075 4484 3091 4510 ,
3123 4443 3265 4497 οὕτω
3293 4444 3537 4497 κάκεῖνοι
3560 4445 3781 4514 τραπή-

2187 4549 2392 4596 σονται,
2424 4533 2520 4587 καὶ
2573 4533 2868 4606 φεύγοντες
2915 4536 3541 4605 κατακοντισθήσονται,
3583 4536 3784 4608 επειδὴ

2184 4621 2291 4674 τῶν
2339 4623 2476 4676 ὅλων
2527 4626 2558 4677 ὁ
2603 4616 2810 4697 Κύριος
2870 4625 3074 4696 ταύτης
3135 4628 3351 4696 ⁴ἡγεῖται
3391 4626 3492 4696 τῆς
3533 4640 3781 4698 στρατη-

2185 4716 2328 4784 γίας.

2257 4815 2331 4873 ς’.
2373 4827 2392 4860 ι
2433 4809 2540 4862 Kal
2580 4810 2891 4884 κατισχύσω
2952 4810 3044 4864 τδν
3100 4807 3250 4878 οἶκον
3285 4811 3478 4878 Ἰούδα,
3534 4813 3628 4866 καὶ
3683 4813 3781 4866 τὸν
3834 4876 3843 4887 .

2183 4897 2330 4953 οἷκον
2364 4903 2562 4972 Ἰωσὴφ
2590 4903 2770 4965 σώσω,
2800 4905 2894 4956 καὶ
2929 4905 3193 4958 κατοικιῶ
3227 4905 3446 4970 αύτούς.
3485 4925 3503 4956 ι
3541 4905 3701 4972 Οὕτω
3718 4906 3780 4959 δὲ

2185 4994 2417 5059 πάντας,
2457 4996 2644 5063 φησιν,
2693 4997 2871 5049 αὐτῶν
2914 4994 3041 5062 τοὺς
3083 4997 3313 5067 ἐχθροὺς
3373 4989 3654 5069 παραδοὺς
3695 4997 3780 5067 τῷ

2185 5086 2420 5156 θανάτῳ,
2451 5087 2669 5156 οἰκῆσαι
2716 5089 2912 5151 αὐτοὺς
2949 5089 3006 5142 ἐν
3048 5089 3239 5160 εἰρήνῃ
3284 5088 3384 5159 τὴν
3411 5075 3514 5159 γῆν
3542 5089 3643 5159 τὴν
3671 5105 3780 5141 πα-

2183 5176 2364 5249 τρῴαν
2388 5179 2814 5249 παρασκευάσω.
2863 5178 2974 5233 Kal
3024 5178 3127 5250 τήν
3161 5177 3342 5232 αἰτίαν
3369 5177 3607 5247 δεικνὺς,
3639 5179 3780 5249 ἐπήο

1807 5351 2046 5407 γΑιιιΕ
2089 5351 2498 5410 LECTIONES.

743 5534 907 5567 ἰε-,τευ
1006 5536 1050 5567 ίῦ
1075 5534 1202 5567 ἔδυ-’ἧ
1216 5535 1314 5567 δι’-
1365 5534 1404 5567 l‘
1427 5537 1528 5567 ῆιὶλ
1588 5553 1654 5567 un
1710 5535 2121 5567 υκρηηῖάφιι-Αιμι-

593 5537 635 5570 ¹¹
663 5533 704 5590 C
738 5534 926 5590 ὑετῶν.
1006 5536 1050 5568 ¹⁶
1073 5534 1333 5605 ἐκπλήττ.
1365 5534 1406 5590 C
1427 5537 1551 5590 add.
1588 5553 1683 5590 και
1710 5535 2179 5604 καταπλήττοντα.
2279 5536 2322 5567 ³⁷
2343 5535 2470 5590 ἀπὸ.
2499 5535 2541 5592 C
2565 5551 2751 5605 prtem.
2776 5538 2848 5591 oi.
2951 5539 2993 5572 ’⁸
3023 5539 3428 5610 ὁ-χαρίςεται,
3467 5537 3594 5592 Des.
3622 5537 3677 5592 in
3710 5536 3774 5593 C.

593 5608 626 5687 li
665 5606 742 5660 δέ.
781 5608 848 5687 ,Α
892 5606 1039 5687 Διόει
1074 5607 1146 5687 οίἶ
1235 5606 1304 5687 ,³⁸
1333 5605 1711 5687 ψευὸ;.καὶ.τά
1752 5604 1996 5687 ἐνύπνια.
2053 5605 2196 5687 Des;
2236 5606 2420 5687 in_A._
2475 5607 2516 5638 ³⁸
2680 5606 2821 5687 Des._
2858 5609 3008 5687 illc,
3057 5611 3156 5687 sed
3269 5608 3774 5687 liabetﬁlﬁkngav;

1650 5697 1661 5728 ι
1694 5675 1805 5728 ἐπί.
1915 5677 1960 5706 ³⁵
1992 5694 2115 5745 μου.
2160 5675 2282 5731 Des.
2308 5677 2361 5729 in
2391 5678 2457 5730 A.
2559 5679 2605 5710 "
2640 5678 2765 5732 ἴππ.
2796 5679 2838 5734 Α
2865 5675 3034 5734 οἷκον.
3111 5681 3156 5712 ’³
3194 5680 3254 5734 τὸ

1650 5746 1694 5778 ’⁸
1717 5746 1761 5800 Α
1793 5743 2112 5818 ἐξερευνῶν.
2189 5747 2234 5778 ²⁹
2266 5746 2434 5828 αὐτῷ.
2471 5745 2512 5802 C
2553 5763 2741 5821 prtem.
2781 5749 2880 5821 τῷ.
2969 5751 3012 5783 ³⁸
3035 5749 3266 5834 Λδιότι.

499 5607 541 5641 ¹⁹
563 5608 626 5660 Οἱ
665 5606 742 5660 δέ.
802 5608 848 5660 Α
892 5606 1039 5661 Διότι
1074 5607 1144 5661 ot.

495 5679 540 5734 ’_’
568 5677 644 5738 ὡς
676 5705 746 5718 -
777 5679 938 5733 ἐκακ.
991 5676 1188 5733 Des.in
1221 5675 1287 5728 A.

497 5745 614 5816 des.
658 5746 732 5816 ing
748 5745 842 5799 A.’
923 5749 967 5779 ³⁷
1006 5763 1098 5799 πν.
1123 5745 1254 5814 θυμ.
1293 5745 1336 5797 Α
1369 5743 1544 5816 θυμῷ.

497 5814 545 5843 ³³
570 5815 613 5870 C
635 5813 946 5886 ταξιάρχαι.
1021 5817 1063 5848 ³³
1085 5816 1126 5871 C
1160 5813 1378 5868 ἐκεῖνοι.

1392 5677 1437 5707 ’³
1465 5676 1577 5739 Εἰς.
1618 5678 1661 5729 Α
1694 5675 1805 5728 ἐπί.
1915 5677 1960 5706 ³⁸

2279 5536 2322 5567 ³⁷
2340 5535 2751 5610 ῥιπόορριωρι.
2776 5538 2848 5591 οἱ.
2951 5539 2993 5610 ξ’
3023 5539 3428 5610 ὁ-χαρίςεται,
3467 5537 3594 5610 Des.
3622 5537 3677 5592 in
3710 5536 3776 5593 C.

2559 5679 2605 5710 "
2640 5678 2765 5732 ἴππ.
2796 5679 2838 5734 Α
2865 5674 3034 5734 οἷκον.
3111 5681 3156 5712 ’⁸
3194 5680 3254 5734 τὸ
3282 5688 3337 5737 et
3375 5679 3572 5734 deinde
3603 5674 3778 5731 αὐτοῦ

2559 5763 2741 5812 prtem.
2781 5749 2880 5812 τῷ.
2969 5751 3012 5783 ³⁸
3035 5751 3079 5806 Α
3114 5749 3266 5805 διότι.
3383 5751 3425 5783 ³⁸
3457 5748 3500 5805 C
3536 5747 3774 5812 ξενικόν.

3567 5764 3774 5803 ενὟον.
