4090 6420
370 474 513 541 ιοεο
569 454 579 463 ’

1603 464 1683 535 ΙΝ
1714 471 2113 536 ΖΑΟΗΑΒῙΑΞ
2150 472 2307 534 CAP.
2350 474 2424 533 Χ.

3507 452 3644 537 ις)ήο

372 604 604 663 ηγαγεν·
632 607 650 640 ι
683 589 805 642 ’Ότι
834 582 1097 660 ήγάπησα
1127 583 1342 656 αὐτοὺς,
1381 590 1474 642 καὶ
1501 590 1714 644 ἔσονται
1742 591 1801 644 ὃν
1829 589 1951 660 τρό-

2057 599 2219 647 erunt
2250 594 2390 647 sicut
2418 600 2665 660 tempore
2695 603 2805 661 quo
2837 605 2945 646 non
2976 591 3285 663 abjeceram
3314 608 3427 649 eos.
3472 614 3488 646 ι
3520 595 3635 652 iloc

368 700 470 736 πον
501 680 602 734 οὐκ
624 679 1059 753 άπεστρεψάμην
1102 679 1322 743 αὐτούς.
1361 699 1379 730 ι
1417 679 1590 735 Τοῦτο
1620 681 1954 750 σαφέστερον

365 774 398 825 ὸ
430 767 733 842 Σύμμαχος
760 771 1076 842 ἡρμήνευσε
1103 786 1118 801 ο
1154 790 1172 822 ι
1209 771 1319 826 Καὶ
1340 772 1554 827 ἔσονται
1583 773 1660 837 ῶς
1691 772 1758 826 ἂν
1802 772 1849 825 εἰ
1882 773 1957 844 μὴ

368 861 679 933 ἁπωσάμην
704 860 921 924 αὐτούς.
952 880 971 912 ι
996 861 1151 915 οὕτω
1184 862 1293 934 γὰρ
1324 864 1545 928 αὐτοὺς,
1572 865 1761 935 φησὶν,
1793 864 1959 935 ἀνθῆ-

369 971 462 1009 σαι
495 954 928 1025 παρασκευάσω,
979 951 1121 1006 ὥστε
1173 954 1310 1026 μηδὲ
1355 954 1612 1026 αἴσθησιν
1669 942 1815 1027 ἔχειν
1858 958 1958 1029 τῆς

367 1044 748 1115 γεγενημένης
804 1043 1205 1114 αἰχμαλωσίας,
1259 1045 1359 1116 τὴν
1398 1047 1679 1119 ’προτέραν
1717 1048 1960 1119 ὁρῶντας

368 1130 692 1206 εὐπραξίαν.

443 1246 464 1281 ι
500 1228 645 1281 Διότι
714 1226 825 1296 ἐγὼ
886 1225 1092 1298 Κύριος
1145 1228 1174 1282 ὁ
1231 1228 1364 1293 Θεὸς
1429 1229 1645 1295 αὐτῶν,
1706 1232 1799 1285 καὶ
1860 1233 1958 1284 ἐπ-

376 1319 684 1390 ακούσομαι
751 1318 931 1372 αὐτῶν
972 1319 1036 1373 “.
1101 1318 1211 1391 (ζ’.)
1248 1321 1360 1373 Καὶ
1415 1321 1625 1377 ἔσονται
1677 1320 1753 1385 ὡς
1781 1338 1959 1393 μαχη-

367 1411 459 1464 ταὶ
516 1411 566 1463 οι
613 1409 658 1442 ³⁸
710 1406 804 1462 τοῦ
839 1407 1123 1480 -Ἐφραῒμ,
1187 1410 1282 1462 καὶ
1327 1412 1625 1483 χαρήσεται
1677 1412 1711 1482 ή
1763 1410 1961 1481 καρδία

366 1500 549 1554 αὐτῶν
599 1499 676 1564 ὡς
712 1498 821 1555 ἀπὸ
853 1498 997 1553 οἴνου
1037 1500 1104 1565 ³⁸,
1160 1500 1255 1554 καὶ
1285 1501 1354 1555 τὰ
1381 1502 1547 1556 τέκνα
1583 1502 1762 1557 αὐτῶν
1807 1501 1962 1572 ὀψονο

365 1608 456 1645 ται
521 1592 616 1644 καὶ
667 1590 1157 1662 εὐφρανθήσονται,
1228 1593 1324 1648 καὶ
1383 1596 1685 1666 χαρήσεται
1739 1596 1773 1666 ή
1822 1610 1960 1667 καρ-

366 1683 457 1736 δία
506 1682 688 1736 αὐτῶν
745 1682 839 1736 ἐπὶ
894 1681 974 1753 τῷ
1026 1684 1236 1755 Κυρίῳ.
1275 1704 1294 1737 ι
1338 1686 1544 1756 Κύριος
1598 1685 1707 1757 γὰρ
1761 1686 1960 1748 αὐτῶν,

369 1776 555 1847 φησὶν,
587 1775 664 1828 ὢν
721 1776 816 1828 καὶ
871 1773 1024 1840 Θεὸς,
1066 1774 1162 1828 καὶ
1198 1775 1298 1839 τὰς
1348 1777 1560 1846 δεήσεις
1594 1777 1837 1847 δέξομαι,
1867 1776 1964 1830 καὶ

2026 677 2264 745 ,εἰοι-ἱιιε
2297 677 2661 749 Symmachus
2699 678 3095 750 interpretatus
3146 690 3231 736 est
3265 701 3279 737 :
3334 701 3353 734 ι
3395 682 3461 737 Ει
3486 694 3646 740 erunt

2059 768 2288 839 perinde
2323 785 2387 824 ac
2416 770 2460 826 si
2489 784 2584 826 eos
2621 785 2733 826 non
2780 771 3137 842 expulissem.
3184 791 3203 824 ι
3248 771 3340 828 Sic
3381 766 3663 853 nimirum.

2060 874 2177 926 eos,
2212 861 2414 931 inquit,
2464 860 2665 918 ﬂorere
2717 861 2944 931 faciam,
2991 870 3051 917 ut
3081 863 3377 934 praeterita
3410 867 3666 936 captivi-7

2062 956 2190 1007 tatis
2222 953 2458 1022 amplius
2501 967 2610 1008 non
2659 953 3043 1020 recordentur,
3064 954 3311 1011 videntes
3352 969 3413 1012 se
3446 954 3501 1010 in
3525 950 3665 1025 pri-'

2062 1045 2261 1098 stinam
2295 1043 2609 1099 felicitatem
2635 1046 2943 1100 restitutos.
3454 1036 3457 1039 ’

2138 1240 2157 1273 ι
2195 1220 2338 1288 Quia
2369 1236 2471 1293 ego
2508 1220 2774 1278 Dominus
2822 1223 2969 1279 Deus
3018 1238 3232 1289 eorum,
3264 1231 3320 1280 et
3353 1217 3643 1282 exaudiam

2062 1329 2179 1370 eos.
2215 1312 2406 1385 (Vens.
2445 1315 2523 1385 7.)
2547 1313 2612 1370 Et
2640 1324 2801 1371 erunt
2826 1315 2984 1386 quasi
3012 1316 3310 1374 bellatores
3339 1315 3644 1389 Ephraimi,

2063 1412 2117 1459 et
2154 1405 2425 1459 laetabitur
2451 1419 2548 1460 cor
2577 1420 2768 1460 eorum
2802 1407 2962 1476 quasi
2994 1422 3025 1461 a
3051 1406 3179 1461 vino
3208 1424 3222 1462 :
3254 1414 3308 1462 et
3332 1406 3431 1461 ﬁlii
3455 1422 3649 1463 eorum

2062 1495 2324 1551 videbunt
2363 1505 2415 1550 et
2447 1496 2801 1561 laetabuntur,
2836 1487 2891 1552 et
2946 1497 3207 1570 gaudebit
3238 1512 3337 1553 cor
3369 1512 3559 1553 eorum
3590 1497 3650 1553 in

2064 1590 2318 1645 Domino.
2350 1608 2368 1641 ι
2426 1589 2563 1646 Cum
2612 1592 2756 1647 enim
2797 1604 3012 1657 eorum,
3051 1590 3261 1663 1641
3299 1591 3499 1661 inquit,
3542 1590 3650 1648 sim

2064 1680 2328 1737 Dominus
2356 1690 2409 1737 et
2443 1682 2607 1751 Deus,
2643 1697 2835 1738 eorum
2870 1698 3064 1753 preces
3111 1684 3402 1737 admittam
3429 1722 3446 1748 ,
3478 1690 3534 1739 et
3563 1683 3650 1737 vi-

2064 1782 2247 1829 ctores
2289 1789 2384 1831 eos
2442 1774 2793 1839 constituam,
2848 1780 3017 1844 utque
3046 1773 3195 1828 omni
3248 1773 3435 1829 laetitia
3475 1773 3649 1828 vitam

367 1867 703 1939 νικηφόρους
746 1865 1032 1935 ἀποφανῶ,
1082 1865 1179 1921 καὶ
1216 1867 1274 1919 ὲν
1313 1865 1554 1940 θυμηδίᾳ
1582 1869 1734 1941 πάσῃ
1754 1867 1955 1936 διάγειν

2065 1874 2252 1936 agant,
2276 1867 2570 1937 preStabo.
2595 1862 2702 1920 Sed
2723 1871 2987 1921 eteorum
3016 1864 3111 1920 ﬁlii
3144 1865 3400 1921 similiter
3419 1865 3475 1920 in
3494 1867 3650 1921 omni

367 1934 797 2027 παρασκευάσω.
822 1934 933 2010 Καὶ
960 1956 1208 2010 τὰτέκνα
1232 1953 1288 2010 δὲ
1323 1934 1504 2012 αὐτῶν
1527 1934 1740 2030 ’ὁμοίως
1770 1934 1955 2023 αὐτοῖς

2062 1934 2340 2027 voluptate
2376 1957 2538 2012 vitam
2573 1955 2898 2027 transigent,
2925 1955 2993 2012 de
3026 1971 3112 2012 me
3141 1957 3462 2027 gloriantes,
3497 1966 3552 2013 et
3577 1956 3649 2012 de

367 2053 426 2104 ὲν
458 2050 619 2120 ἡδονῇ
647 2047 797 2119 πάσῃ
862 2045 1058 2111 διάξει,
1127 2047 1215 2101 ἐπ’
1270 2048 1396 2117 ἐμοὶ
1432 2050 1824 2121 σεμνυνόμενα,
1863 2050 1958 2104 καὶ

368 2141 463 2194 ἐπὶ
494 2142 561 2210 τῇ
585 2139 812 2208 δυνάμει
839 2155 940 2207 μου
969 2137 1308 2208 γαυριῶντα.

436 2238 511 2304 ην,
550 2249 569 2282 ε
606 2230 844 2302 Σημανῶ
907 2230 1096 2294 αὐτοῖς
1120 2229 1190 2293 ³⁷,
1238 2231 1333 2284 καὶ
1385 2230 1695 2304 εἰσδέξομαι
1740 2232 1958 2298 αὐτοὺς.

366 2319 721 2390 λυτρώσομαι
749 2317 795 2351 ³⁸
826 2319 1052 2383 αὐτοὺς,
1084 2318 1180 2373 καὶ
1231 2319 1724 2393 πληθυνθήσονται,
1772 2322 1961 2377 καθότι

365 2408 511 2481 ἦσαν
545 2407 749 2463 πολλοί.
796 2428 815 2461 ι
848 2410 959 2462 Καὶ
1012 2411 1093 2473 εἰς
1145 2409 1352 2480 πλῆθος
1397 2411 1474 2475 δὲ,
1511 2413 1696 2483 φησιν,
1724 2413 1961 2485 αὐξηθή-

370 2518 578 2566 σονται,
609 2503 708 2572 τῆς
730 2501 1063 2569 πολυγονίας
1085 2501 1183 2574 τὴν
1204 2501 1455 2570 εὐλογίαν
1479 2502 1783 2575 δεξάμενοι,
1812 2504 1960 2559 ὥστε

371 2592 449 2665 μὴ
475 2590 848 2662 ἀρκουμένους
872 2593 996 2654 ταῖς
1015 2590 1248 2656 οἰκείαις
1283 2592 1493 2659 πόλεσι,
1532 2592 1627 2646 καὶ
1656 2595 1737 2657 είς
1759 2593 1957 2665 ἑτέρας

368 2682 760 2754 ἀποικισθῆναι
819 2683 1024 2747 πόλεις,
1076 2684 1171 2737 καὶ
1220 2683 1473 2752 γενέσθαι
1521 2683 1614 2738 καὶ
1666 2684 1847 2749 ἄλλοις
1888 2685 1959 2739 δι’

368 2774 551 2830 αὐτῶν
598 2774 871 2847 πρόφασιν
929 2773 1220 2845 σωτηρίας.
1275 2774 1448 2827 Τοῦτο
1499 2773 1612 2847 γὰρ
1661 2775 1954 2845 ἐσήμανεν,

369 2867 609 2939 εἰρηκώς
636 2884 652 2900 ·

442 2958 510 3013 θ’.
547 2977 566 3011 ι
604 2960 715 3013 Καὶ
751 2960 936 3032 σπερῶ
963 2960 1159 3025 αὐτοὺς
1181 2963 1239 3015 ὲν
1273 2959 1444 3028 λαοῖς,
1472 2962 1567 3015 καὶ
1593 2962 1641 3015 οἰ
1671 2961 1890 3033 μακρὰν
1909 2962 1957 2994 ³⁵

375 3049 779 3122 μνησθήσονται
811 3069 937 3122 μου,
993 3053 1088 3107 καὶ
1115 3052 1163 3085 ⁵⁸)
1198 3053 1529 3124 ἐκθρέψουσι
1566 3053 1634 3106 τὰ
1662 3053 1828 3108 τέκνα
1858 3054 1959 3106 αὐ-

369 3139 498 3194 τῶν.
530 3160 549 3193 ι
597 3142 863 3213 Ὀρῶντες
889 3142 1019 3212 γὰρ,
1076 3144 1264 3214 φησιν,
1310 3145 1492 3198 αὐτῶν
1540 3146 1638 3216 τὴν
1675 3144 1960 3198 εὐσέϐειαν

374 3232 694 3297 σπουδαίαν,
736 3235 918 3287 πᾶσαν
949 3233 1131 3287 αὐτῶν
1158 3238 1478 3306 ποιήσονται
1502 3237 1847 3305 ἐπιμέλειαν.

2065 2049 2307 2117 potentia
2339 2049 2358 2069 ‘
2388 2054 2506 2103 inea
2537 2046 2896 2108 exsultantes.

2133 2225 2300 2285 Vens.
2328 2229 2382 2285 8.
2425 2251 2448 2282 α
2472 2228 2811 2302 Significaho
2836 2232 2938 2298 eis,
2967 2239 3021 2288 et
3045 2232 3346 2303 suscipiam
3380 2234 3528 2302 illos;
3556 2250 3646 2291 re-

2061 2318 2264 2374 dimam
2320 2336 2435 2387 eos,
2520 2328 2575 2378 et
2641 2322 3178 2394 multiplicabuntur,
3254 2326 3397 2381 sicut
3485 2336 3647 2382 erant

2062 2412 2238 2467 multi.
2280 2432 2298 2466 ι
2330 2412 2472 2468 Etin
2503 2428 2777 2485 magnam,
2812 2415 3014 2485 inquit,
3045 2414 3450 2473 multitudinem
3480 2432 3646 2489 auge-

2060 2504 2284 2571 buntur,
2314 2504 2672 2562 fecunditatis
2703 2506 3090 2565 benedictione
3123 2518 3374 2580 percepta
3402 2529 3415 2564 :
3442 2511 3513 2564 ita
3558 2520 3641 2573 ut,

2059 2613 2181 2654 cum
2209 2600 2325 2656 suis
2348 2600 2579 2656 urbibus
2601 2601 2876 2657 contineri
2902 2610 3198 2673 nequeant,
3224 2603 3280 2657 in
3313 2603 3449 2659 alias
3473 2604 3641 2660 etiam

2058 2691 2222 2748 urbes
2266 2693 2557 2763 emigrent,
2604 2693 2840 2764 aliisque
2883 2693 3091 2748 aditum
3141 2694 3396 2764 parandae
3445 2695 3642 2751 salutis

2060 2785 2357 2855 praebeant.
2391 2784 2508 2841 Hoc
2538 2784 2685 2842 enim
2715 2785 2999 2850 indicavit,
3031 2799 3156 2840 cum
3181 2785 3381 2841 dixerit
3414 2805 3426 2839 :

2132 2955 2295 3012 Vens.
2337 2956 2391 3012 9.
2425 2973 2445 3007 ι
2490 2955 2555 3010 Et
2583 2955 2869 3012 seminabo
2906 2968 3001 3010 eos
3052 2954 3106 3008 in
3154 2952 3396 3024 populis,
3442 2959 3497 3008 et
3549 2954 3641 3023 qui

2059 3054 2217 3104 erant
2263 3048 2425 3119 longe
2472 3047 2666 3103 remoti
2698 3046 3140 3103 recordabuntur
3167 3046 3295 3114 mei,
3321 3053 3375 3100 et
3395 3044 3646 3102 nutrient

2061 3141 2204 3195 lilios
2233 3155 2383 3196 suos.
2415 3157 2433 3191 ι
2462 3135 2727 3195 Videntes
2746 3137 2916 3206 enim,
2944 3138 3143 3209 inquit,
3168 3152 3356 3193 eorum
3384 3136 3642 3193 eximiam

2059 3230 2338 3301 pietatem,
2367 3227 2513 3283 omni
2547 3241 2643 3284 eos
2673 3242 2807 3282 cura
2838 3233 3264 3299 prosequentur.

447 3330 498 3378 t’.
535 3343 553 3375 ι
598 3325 709 3377 Καὶ
743 3323 1058 3393 ἐπιστρέψω
1084 3318 1281 3387 αὐτοὺς
1313 3325 1378 3379 ἐκ
1403 3326 1510 3395 γῆς
1532 3326 1833 3394 Αἰγύπτου,
1861 3328 1955 3380 καὶ

2130 3317 2299 3374 Vens.
2336 3320 2422 3374 ltl.
2448 3336 2467 3370 ι
2506 3316 2573 3372 Ει
2599 3325 2914 3374 convertam
2960 3332 3056 3373 eos
3087 3317 3157 3372 de
3187 3325 3332 3372 terra
3393 3314 3639 3388 Egypti,

371 3415 434 3480 ἐξ
482 3415 782 3487 ’Λσσυρίων
804 3414 1113 3485 εἰσδέξομαι
1139 3414 1359 3478 αὐτοὺς,
1386 3415 1481 3469 καί⁵
1514 3416 1594 3478 εἰς
1619 3414 1716 3486 τὴν
1744 3416 1957 3469 Γαλαα-

375 3505 532 3569 δϊτιν,
566 3506 659 3558 καὶ
693 3507 771 3568 εἰς
790 3505 880 3559 τὸν
911 3505 1143 3559 Λίϐανον
1175 3505 1391 3569 ,εἰσάξω
1422 3507 1641 3569 αὐτοὺς,
1669 3506 1764 3560 καὶ
1786 3506 1845 3559 οὐ
1882 3506 1955 3576 μὴ

375 3595 676 3668 ὑπολειφθῇ
740 3595 798 3662 ἐξ
847 3595 1026 3649 αὐτῶν
1073 3595 1248 3660 οὐδείς
1276 3596 1344 3648 εί.
1389 3615 1409 3648 ι
1462 3597 1745 3663 Ἐπανάξω
1777 3597 1956 3651 δὲαύ-

373 3686 520 3748 τοὺς,
553 3685 709 3754 φησὶ,
747 3686 838 3738 καὶ
866 3684 927 3749 ἐξ
952 3684 1252 3753 Αἰγύπτου,
1278 3684 1374 3738 καὶ
1407 3684 1466 3751 ἐξ
1511 3684 1835 3756 Ἀσσυρίων,
1867 3686 1959 3739 καὶ

372 3777 473 3846 τήν
502 3794 562 3829 τε
598 3776 860 3847 πατρῴαν
889 3777 993 3846 γῆν
1020 3777 1243 3846 οἰκῆσαι
1289 3777 1720 3847 παρασκευάσω,
1744 3779 1840 3832 καὶ
1859 3778 1957 3848 τὴν

371 3868 692 3921 Γαλααδῖτιν
726 3867 786 3933 ἐξ
812 3869 991 3922 αὐτῶν
1016 3869 1306 3940 ἐμπλήσω,
1334 3869 1429 3921 καὶ
1462 3869 1656 3939 μέχρις
1680 3868 1844 3922 αὐτοῦ
1861 3869 1955 3922 τοῦ

371 3958 605 4012 Λιϐάνου
651 3958 750 4029 τὴν
800 3958 1018 4026 οἴκησιν
1050 3960 1237 4021 αὐτοῖς
1293 3958 1638 4027 δωρήσομαι,
1680 3959 1772 4012 καὶ
1804 3959 1954 4012 οὐδὲν

371 4050 556 4112 αὐτοῖς
585 4048 838 4120 ἐμποδὼν
890 4051 1204 4120 γενήσεται,
1236 4048 1425 4118 ἐπειδὴ
1464 4047 1671 4112 πάντας
1701 4051 1829 4110 τοὺς
1857 4066 1954 4102 πο-

369 4139 557 4210 λεμεῖν
579 4140 761 4200 αὐτοῖς
799 4138 1180 4209 πειρωμένους
1200 4135 1409 4204 ὀλέθρῳ
1435 4134 1760 4208 παραδώσω.
1782 4135 1953 4189 Τοῦτο

369 4230 477 4300 γὰρ
503 4229 809 4301 παραδηλοῖ
837 4230 919 4295 τὸ,

440 4347 532 4395 ια’.
568 4357 585 4391 ι
619 4339 992 4393 Διελεύσονται
1014 4339 1059 4372 δ’
1083 4342 1139 4394 ἐν
1165 4340 1409 4415 θαλάσσῃ
1437 4345 1621 4414 στενῇ,
1650 4343 1744 4396 καὶ
1776 4318 1950 4397 πατάέ

369 4431 551 4498 ξουσιν
611 4432 670 4485 ὲν
713 4431 956 4504 θαλάσσῃ
1008 4432 1252 4503 κύματα,
1289 4435 1383 4486 καὶ
1437 4432 1866 4505 ξηρανθήσονται
1905 4435 1951 4475 ι³

369 4522 548 4577 πάντα
590 4524 660 4576 τὰ
692 4523 831 4595 βάθη
853 4523 1137 4593 ποταμῶν.
1171 4543 1188 4577 ι
1233 4525 1324 4579 Ἑν
1358 4524 1634 4595 μεγίστοις
1667 4524 1775 4597 γὰρ
1810 4525 1948 4577 ἀπο-

2061 3420 2116 3469 et
2140 3412 2209 3468 de
2232 3411 2476 3482 Assyriis
2495 3411 2795 3481 suscipiam
2825 3410 2970 3476 illos,
2995 3418 3049 3466 et
3069 3409 3122 3465 in
3146 3408 3563 3476 Galaaditidem,
3586 3418 3642 3466 et

2061 3503 2115 3559 in
2156 3504 2420 3559 Libanum
2467 3503 2814 3559 introducam
2869 3504 2986 3569 eos,
3022 3513 3076 3558 et
3109 3502 3294 3559 nullus
3332 3516 3397 3558 ex
3439 3503 3520 3557 eis
3546 3502 3641 3557 de-

2059 3595 2181 3651 erit.
2215 3614 2232 3648 ι
2262 3590 2544 3650 Reducam
2576 3601 2757 3651 autem
2790 3593 2937 3659 illos,
2970 3594 3169 3664 inquit,
3195 3601 3249 3647 et
3275 3607 3341 3649 ex
3377 3591 3638 3665 Egypto,

2060 3694 2114 3742 et
2141 3702 2206 3742 ex
2237 3684 2520 3757 Assyriis:
2549 3694 2713 3754 atque
2742 3690 2802 3739 ut
2830 3691 3034 3740 terram
3064 3685 3298 3755 patriam
3332 3684 3641 3740 inhabitent

2058 3760 2309 3839 elﬁciam,
2358 3782 2413 3828 et
2450 3772 2847 3830 Galaaditidem
2898 3789 2965 3828 ex
3003 3774 3086 3831 eis
3127 3774 3435 3845 complebo,
3463 3782 3519 3831 et
3544 3790 3641 3830 us-

2057 3881 2164 3935 que
2215 3866 2280 3919 ad
2314 3866 2489 3934 ipsum
2521 3864 2791 3921 Libanum
2843 3878 3035 3920 eorum
3082 3864 3477 3921 habitationem
3507 3880 3639 3935 pro-

2058 3957 2308 4027 pagabo:
2343 3956 2586 4026 nihilque
2639 3956 2721 4011 eis
2767 3955 2873 4011 erit
2904 3956 3317 4027 impedimento,
3371 3956 3635 4027 quoniam

2056 4062 2247 4103 omnes
2284 4047 2486 4102 bellum
2521 4047 2590 4102 iis
2624 4044 2829 4102 inferre
2873 4049 3253 4118 aggredientes
3284 4047 3632 4104 interficiant.

2057 4136 2170 4191 lloc
2199 4137 2344 4192 enim
2382 4136 2647 4201 declarat,
2681 4152 2806 4191 cum
2839 4137 2914 4191 ait
2944 4156 2958 4191 :

2129 4337 2289 4394 Vens.
2329 4338 2410 4393 ll.
2445 4357 2463 4389 ι
2501 4337 2567 4392 Et
2600 4336 3010 4408 pertransibunt
3045 4337 3102 4391 in
3121 4337 3258 4392 mari
3289 4346 3548 4409 angusto,
3576 4337 3634 4393 et

2054 4431 2361 4499 percutient
2393 4430 2446 4484 in
2480 4428 2616 4484 mari
2655 4427 2880 4490 ﬂuctus,
2902 4436 2955 4509 et
2984 4428 3417 4485 exsiccabuntur
3449 4428 3633 4484 omnia

2054 4519 2321 4590 profunda
2364 4519 2677 4574 ﬂuviorum.
2726 4537 2745 4572 ι
2803 4516 2861 4574 In
2906 4519 3141 4574 maxima
3190 4519 3335 4574 enim
3386 4518 3632 4588 pericula

367 4611 659 4682 ληφθέντες
687 4612 970 4676 κινδύνοις,
1015 4613 1110 4666 καὶ
1142 4613 1338 4684 μικροῦ
1382 4615 1494 4667 δεῖν
1516 4614 1615 4686 τὴν
1664 4614 1948 4686 σωτηρίαν

2057 4613 2324 4681 coniecti,
2367 4618 2422 4666 et
2475 4610 2868 4681 propemodum
2930 4611 2999 4666 de
3054 4610 3231 4666 salute
3285 4608 3497 4682 1642
3532 4610 3633 4666 deo

367 4702 859 4773 ἀπαγορεύσαντες
885 4703 1063 4774 (τοῦτο
1089 4704 1198 4775 γὰρ
1219 4704 1449 4773 στενὴν
1473 4705 1698 4760 ἐκάλεσε
1724 4704 1949 4760 θάλασ-

369 4790 512 4859 σαν)
531 4830 547 4857 ,
576 4792 646 4845 τὰ
673 4791 782 4847 τῶν
829 4790 1114 4864 δυσμενῶν
1141 4792 1418 4858 ἐπάταξαν
1459 4793 1681 4864 κύματα
1710 4793 1804 4848 καὶ
1841 4790 1950 4849 οἶόν

371 4899 519 4946 τινας
546 4883 729 4954 βαθεῖς
761 4882 1042 4956 ποταμοὺς
1070 4884 1270 4957 ξηροὺς
1302 4885 1613 4956 ἀπέφηναν,
1653 4887 1781 4949 τοὺς
1814 4884 1952 4938 ἐκεί⁴

363 4990 477 5027 νων
500 4974 984 5040 καταναλώσαντες
1006 4975 1218 5046 λόχους.

445 5103 462 5134 ι
499 5086 610 5139 Καὶ
669 5087 1129 5160 καθαιρεθήσεται
1179 5088 1226 5120 ⁸⁸
1267 5090 1416 5142 πᾶσα
1461 5091 1495 5161 ή
1532 5091 1578 5122 ⁸⁵
1623 5090 1778 5160 ὐϐρις
1827 5088 1951 5141 Ἀσο

370 5176 603 5247 συρίων,
645 5180 740 5231 καὶ
775 5181 1053 5250 σκῆπτρον
1108 5178 1387 5246 Αἰγύπτου
1443 5179 1947 5252 περιαιρεθήσεται.

371 5267 506 5338 (ιβ’.)
528 5268 636 5323 Καὶ
659 5271 975 5341 κατισχύσω
991 5270 1187 5333 αὐτοὺς
1208 5271 1265 5322 ἐν
1288 5272 1476 5342 Κυρίῳ
1493 5270 1611 5342 Θεῷ
1632 5271 1833 5335 αὐτῶν,
1852 5273 1948 5325 καὶ

369 5363 428 5414 ἐν
453 5359 678 5431 ὀνόματι
702 5359 748 5393 ⁸⁸
770 5360 934 5415 αὐτοῦ
969 5362 1336 5432 καυχήσονται
1379 5362 1448 5426 ⁵⁷,
1482 5364 1630 5431 λέγει
1658 5363 1883 5434 Κύριος.
1921 5382 1941 5415 ι

1979 4664 2028 4721 D

2053 4702 2484 4773 sperantes(hoc
2512 4701 2656 4758 cnim
2694 4718 2841 4756 mare
2870 4710 3153 4773 angustum
3183 4700 3441 4772 vocavit),
3462 4701 3632 4757 maie-

2052 4794 2299 4848 volorum
2340 4790 2541 4849 ﬂuctus
2576 4801 2992 4863 percusserunt,
3040 4801 3094 4848 et
3141 4791 3308 4848 veluti
3357 4791 3629 4862 profunda

2052 4883 2299 4955 quaedam
2343 4883 2566 4937 ﬂumina
2599 4883 3043 4954 exsiccaverunt,
3076 4897 3199 4938 cum
3241 4882 3460 4937 illorum
3492 4883 3631 4961 insi-

2052 4975 2172 5031 dias
2197 4974 2627 5045 oppressissent.
3031 4975 3042 4987 '

2131 5110 2149 5142 ι
2186 5090 2250 5145 Et
2287 5090 2566 5146 auferetur
2602 5089 2860 5145 universa
2915 5088 3116 5158 injuria
3167 5074 3547 5162 Assyriorum,
3575 5094 3634 5147 et

2057 5176 2336 5252 sceptrum
2397 5180 2623 5253 AEgypti
2668 5182 2912 5237 tolletur.
2949 5179 3139 5251 (Vens.
3170 5182 3284 5248 {2.)
3318 5182 3380 5237 Et
3410 5184 3635 5239 conlur-

2057 5273 2184 5329 tabo
2230 5289 2327 5329 eos
2373 5274 2425 5327 iu
2459 5273 2693 5327 Domino
2745 5272 2853 5328 Deo
2902 5271 3171 5342 ipsorum,
3206 5282 3261 5326 ct
3302 5275 3355 5328 in
3409 5268 3631 5329 nomine

2055 5363 2176 5433 ejus
2204 5362 2614 5434 gloriabuntur,
2646 5362 2778 5417 dicit
2810 5361 3100 5417 Dominus.
3139 5382 3157 5414 ι
3190 5360 3439 5432 Regnum
3461 5362 3629 5417 etiam

1644 5540 1880 5596 VAliliE
1916 5540 2319 5597 LECTIONES.

470 5700 815 5764 “Aabzoig.
920 5701 964 5733 ³³
990 5702 1060 5756 οἰ.
1127 5701 1254 5759 Des.
1309 5703 1364 5757 in
1413 5701 1477 5756 Λ.

367 5772 412 5825 Α
460 5771 585 5826 add.
624 5771 825 5827 αὐτῶν.
901 5770 947 5803 ⁵⁸
975 5769 1090 5827 καί.
1132 5771 1255 5829 Des.
1306 5773 1378 5827 ib.

1579 5702 1777 5776 1⁶Αέν
1826 5703 1973 5776 ιλιι-ιφ.

2053 5705 2098 5778 ’Τ
2124 5705 2416 5778 θαύμτούς·
2511 5705 2555 5738 ³⁸
2583 5706 2738 5778 λυτρ.
2784 5707 2830 5762 Α
2862 5721 3048 5778 praem.
3103 5703 3263 5778 διότι.
3372 5700 3623 5778 “patre.

1480 5770 1766 5849 bi_C_0‘5§§
1812 5770 1937 5849 εἷς...
1987 5774 2213 5849 δ’ῌΔιελ.
2333 5791 2519 5845 praem.
2565 5770 2699 5849 κμιξ
2758 5778 2803 5810 u
2840 5770 2885 5831 Ᾱ
2925 5774 3340 5849 ξηρανθήσεται.
3416 5770 3463 5806 ,ς
3496 5770 3625 5828 καθ.

372 5842 418 5894 Α
449 5840 899 5910 ἀφαιρεθήσεται.
969 5840 1013 5873 ⁸⁸
1043 5843 1095 5913 ή.
1128 5841 1250 5898 Des.
1282 5842 1334 5896 iu
1361 5846 1426 5896 A.
1516 5842 1560 5874 "
1603 5845 1680 5899 ὀν.
1707 5844 1746 5896 Α
1777 5842 1964 5914 praan't.
1995 5841 2092 5914 τῷ.
2171 5845 2214 5877 ⁸⁷
2241 5844 2284 5897 Α
2309 5840 2838 5918 κατακαυχήσονται.

678 5936 947 5998 Parnm"
992 5937 1105 5999 Gn.
1147 5938 1398 6000 LXXXI.

3065 5940 3225 6027 _61
