  <div class='ocr_page' id='page_1' title='image "/cluster/home/n/w/nwhite01/storage/ocr_20150623/81:no.2/coo.31924054869825/973.png"; bbox 0 0 4090 6428; ppageno 0'>
   <div class='ocr_carea' id='block_1_1' title="bbox 474 432 641 500">
    <p class='ocr_par' dir='ltr' id='par_1_1' title="bbox 474 432 641 500">
     <span class='ocr_line' id='line_1_1' title="bbox 474 432 641 500; baseline -0.006 -2"><span class='ocrx_word' id='word_1_1' title='bbox 474 432 641 500; x_wconf 66' lang='grc' dir='ltr'><strong>έ1931</strong></span> 
     </span>
    </p>
   </div>
   <div class='ocr_carea' id='block_1_2' title="bbox 1470 435 2710 504">
    <p class='ocr_par' dir='ltr' id='par_1_2' title="bbox 1470 435 2710 504">
     <span class='ocr_line' id='line_1_2' title="bbox 1470 435 2710 504; baseline 0.006 -10"><span class='ocrx_word' id='word_1_2' title='bbox 1470 435 1959 497; x_wconf 77' lang='lat' dir='ltr'><strong>TITEODORETI</strong></span> <span class='ocrx_word' id='word_1_3' title='bbox 1987 435 2325 500; x_wconf 85' lang='lat' dir='ltr'><strong>EPISCOPI</strong></span> <span class='ocrx_word' id='word_1_4' title='bbox 2347 441 2710 504; x_wconf 84' lang='lat' dir='ltr'><strong>CYRENSIS</strong></span> 
     </span>
    </p>
   </div>
   <div class='ocr_carea' id='block_1_3' title="bbox 3628 440 3764 507">
    <p class='ocr_par' dir='ltr' id='par_1_3' title="bbox 3628 440 3764 507">
     <span class='ocr_line' id='line_1_3' title="bbox 3628 440 3764 507; baseline 0 -1"><span class='ocrx_word' id='word_1_5' title='bbox 3628 440 3764 507; x_wconf 74' lang='lat'><strong>1932</strong></span> 
     </span>
    </p>
   </div>
   <div class='ocr_carea' id='block_1_4' title="bbox 506 539 2080 622">
    <p class='ocr_par' dir='ltr' id='par_1_4' title="bbox 506 539 2077 615">
     <span class='ocr_line' id='line_1_4' title="bbox 506 539 2077 615; baseline -0.001 -16"><span class='ocrx_word' id='word_1_6' title='bbox 506 542 729 614; x_wconf 59' lang='grc' dir='ltr'><strong>Εὖγμί</strong></span> <span class='ocrx_word' id='word_1_7' title='bbox 772 541 1043 607; x_wconf 69' lang='lat' dir='ltr'><strong>funditus,</strong></span> <span class='ocrx_word' id='word_1_8' title='bbox 1077 539 1275 611; x_wconf 90' lang='lat' dir='ltr'><strong>inquit,</strong></span> <span class='ocrx_word' id='word_1_9' title='bbox 1303 539 1598 609; x_wconf 72' lang='lat' dir='ltr'><strong>delcliitur,</strong></span> <span class='ocrx_word' id='word_1_10' title='bbox 1633 551 1686 597; x_wconf 92' lang='lat' dir='ltr'><strong>et</strong></span> <span class='ocrx_word' id='word_1_11' title='bbox 1721 544 2077 615; x_wconf 78' lang='lat' dir='ltr'><strong>Assyriorum</strong></span> 
     </span>
    </p>
   </div>
   <div class='ocr_carea' id='block_1_5' title="bbox 2179 539 3759 622">
    <p class='ocr_par' dir='ltr' id='par_1_5' title="bbox 2183 546 3759 622">
     <span class='ocr_line' id='line_1_5' title="bbox 2183 546 3759 622; baseline 0.006 -24"><span class='ocrx_word' id='word_1_12' title='bbox 2183 546 2368 614; x_wconf 81' lang='grc' dir='ltr'>Τέλος,</span> <span class='ocrx_word' id='word_1_13' title='bbox 2395 551 2551 621; x_wconf 85' lang='grc' dir='ltr'>φησί,</span> <span class='ocrx_word' id='word_1_14' title='bbox 2577 552 2670 605; x_wconf 74' lang='lat' dir='ltr'><strong>xal.</strong></span> <span class='ocrx_word' id='word_1_15' title='bbox 2710 552 2744 622; x_wconf 79' lang='grc' dir='ltr'><strong>ἡ</strong></span> <span class='ocrx_word' id='word_1_16' title='bbox 2778 550 2876 621; x_wconf 82' lang='grc' dir='ltr'>τῆς</span> <span class='ocrx_word' id='word_1_17' title='bbox 2907 549 3187 618; x_wconf 74' lang='grc' dir='ltr'><strong>Αἰγύπτου</strong></span> <span class='ocrx_word' id='word_1_18' title='bbox 3223 548 3468 619; x_wconf 70' lang='grc' dir='ltr'>βασιλεία</span> <span class='ocrx_word' id='word_1_19' title='bbox 3510 550 3759 622; x_wconf 72' lang='grc' dir='ltr'>λήψεται,</span> 
     </span>
    </p>
   </div>
   <div class='ocr_carea' id='block_1_6' title="bbox 486 632 2081 705">
    <p class='ocr_par' dir='ltr' id='par_1_6' title="bbox 486 632 2081 705">
     <span class='ocr_line' id='line_1_6' title="bbox 486 632 2081 705; baseline 0.003 -18"><span class='ocrx_word' id='word_1_20' title='bbox 486 634 684 690; x_wconf 75' lang='lat' dir='ltr'><strong>fastus</strong></span> <span class='ocrx_word' id='word_1_21' title='bbox 736 632 1036 704; x_wconf 72' lang='lat' dir='ltr'><strong>frangetur;</strong></span> <span class='ocrx_word' id='word_1_22' title='bbox 1076 642 1129 687; x_wconf 91' lang='lat' dir='ltr'><strong>et</strong></span> <span class='ocrx_word' id='word_1_23' title='bbox 1160 647 1291 688; x_wconf 86' lang='lat' dir='ltr'><strong>vero</strong></span> <span class='ocrx_word' id='word_1_24' title='bbox 1339 632 1452 695; x_wconf 83' lang='lat' dir='ltr'><strong>isti,</strong></span> <span class='ocrx_word' id='word_1_25' title='bbox 1495 633 1587 702; x_wconf 87' lang='lat' dir='ltr'><strong>qui</strong></span> <span class='ocrx_word' id='word_1_26' title='bbox 1641 634 1919 705; x_wconf 90' lang='lat' dir='ltr'><strong>quondam</strong></span> <span class='ocrx_word' id='word_1_27' title='bbox 1974 636 2081 692; x_wconf 86' lang='lat' dir='ltr'><strong>illis</strong></span> 
     </span>
    </p>
   </div>
   <div class='ocr_carea' id='block_1_7' title="bbox 507 723 2080 801">
    <p class='ocr_par' dir='ltr' id='par_1_7' title="bbox 507 723 2080 801">
     <span class='ocr_line' id='line_1_7' title="bbox 507 723 2080 801; baseline 0.003 -21"><span class='ocrx_word' id='word_1_28' title='bbox 507 726 837 787; x_wconf 85' lang='lat' dir='ltr'><strong>servierunt.</strong></span> <span class='ocrx_word' id='word_1_29' title='bbox 872 739 994 780; x_wconf 91' lang='lat' dir='ltr'><strong>meo</strong></span> <span class='ocrx_word' id='word_1_30' title='bbox 1022 724 1227 781; x_wconf 89' lang='lat' dir='ltr'><strong>auxilio</strong></span> <span class='ocrx_word' id='word_1_31' title='bbox 1252 723 1497 787; x_wconf 85' lang='lat' dir='ltr'><strong>illustres</strong></span> <span class='ocrx_word' id='word_1_32' title='bbox 1524 734 1578 782; x_wconf 87' lang='lat' dir='ltr'><strong>et</strong></span> <span class='ocrx_word' id='word_1_33' title='bbox 1631 727 1878 798; x_wconf 65' lang='lat' dir='ltr'><strong>praeclari</strong></span> <span class='ocrx_word' id='word_1_34' title='bbox 1935 728 2080 801; x_wconf 86' lang='lat' dir='ltr'><strong>apud</strong></span> 
     </span>
    </p>
   </div>
   <div class='ocr_carea' id='block_1_8' title="bbox 506 822 901 872">
    <p class='ocr_par' dir='ltr' id='par_1_8' title="bbox 506 822 901 872">
     <span class='ocr_line' id='line_1_8' title="bbox 506 822 901 872; baseline -0.005 -3"><span class='ocrx_word' id='word_1_35' title='bbox 506 828 695 872; x_wconf 88' lang='lat' dir='ltr'><strong>onmes</strong></span> <span class='ocrx_word' id='word_1_36' title='bbox 719 829 780 870; x_wconf 87' lang='lat' dir='ltr'><strong>cr</strong></span> <span class='ocrx_word' id='word_1_37' title='bbox 785 822 901 871; x_wconf 91' lang='lat' dir='ltr'><strong>unt.</strong></span> 
     </span>
    </p>
   </div>
   <div class='ocr_carea' id='block_1_9' title="bbox 1116 993 1476 1050">
    <p class='ocr_par' dir='ltr' id='par_1_9' title="bbox 1116 993 1476 1050">
     <span class='ocr_line' id='line_1_9' title="bbox 1116 993 1476 1050; baseline 0 -1"><span class='ocrx_word' id='word_1_38' title='bbox 1116 993 1347 1050; x_wconf 81' lang='lat' dir='ltr'><strong>CAPUT</strong></span> <span class='ocrx_word' id='word_1_39' title='bbox 1388 993 1476 1049; x_wconf 77' lang='lat' dir='ltr'><strong>XI.</strong></span> 
     </span>
    </p>
   </div>
   <div class='ocr_carea' id='block_1_10' title="bbox 571 1083 2171 1155">
    <p class='ocr_par' dir='ltr' id='par_1_10' title="bbox 571 1083 2171 1155">
     <span class='ocr_line' id='line_1_10' title="bbox 571 1083 2171 1155; baseline -0.003 -15"><span class='ocrx_word' id='word_1_40' title='bbox 571 1083 742 1141; x_wconf 67' lang='lat' dir='ltr'><strong>Vens.</strong></span> <span class='ocrx_word' id='word_1_41' title='bbox 772 1086 825 1149; x_wconf 81' lang='grc'><strong>1,</strong></span> <span class='ocrx_word' id='word_1_42' title='bbox 855 1084 910 1139; x_wconf 76' lang='lat'><strong>2.</strong></span> <span class='ocrx_word' id='word_1_43' title='bbox 950 1102 968 1136; x_wconf 85' lang='grc' dir='ltr'><strong>ι</strong></span> <span class='ocrx_word' id='word_1_44' title='bbox 1011 1084 1201 1154; x_wconf 82' lang='lat' dir='ltr'><strong>Aperi,</strong></span> <span class='ocrx_word' id='word_1_45' title='bbox 1245 1083 1473 1149; x_wconf 87' lang='lat' dir='ltr'><strong>Libane,</strong></span> <span class='ocrx_word' id='word_1_46' title='bbox 1513 1093 1706 1155; x_wconf 89' lang='lat' dir='ltr'><strong>portas</strong></span> <span class='ocrx_word' id='word_1_47' title='bbox 1739 1095 1883 1151; x_wconf 85' lang='lat' dir='ltr'><strong>tuas,</strong></span> <span class='ocrx_word' id='word_1_48' title='bbox 1912 1095 1965 1141; x_wconf 91' lang='lat' dir='ltr'><strong>et</strong></span> <span class='ocrx_word' id='word_1_49' title='bbox 1994 1102 2085 1141; x_wconf 82' lang='lat' dir='ltr'><strong>co-</strong></span> <span class='ocrx_word' id='word_1_50' title='bbox 2170 1092 2171 1095; x_wconf 78' lang='lat'>‘</span> 
     </span>
    </p>
   </div>
   <div class='ocr_carea' id='block_1_11' title="bbox 503 1178 2086 1256">
    <p class='ocr_par' dir='ltr' id='par_1_11' title="bbox 503 1178 2086 1256">
     <span class='ocr_line' id='line_1_11' title="bbox 503 1178 2086 1256; baseline -0.002 -17"><span class='ocrx_word' id='word_1_51' title='bbox 503 1182 687 1241; x_wconf 68' lang='lat' dir='ltr'><strong>madet</strong></span> <span class='ocrx_word' id='word_1_52' title='bbox 716 1182 861 1256; x_wconf 75' lang='lat' dir='ltr'><strong>ignis</strong></span> <span class='ocrx_word' id='word_1_53' title='bbox 888 1180 1087 1237; x_wconf 91' lang='lat' dir='ltr'><strong>cedros</strong></span> <span class='ocrx_word' id='word_1_54' title='bbox 1109 1190 1261 1237; x_wconf 83' lang='lat' dir='ltr'><strong>tuas.</strong></span> <span class='ocrx_word' id='word_1_55' title='bbox 1292 1178 1478 1236; x_wconf 77' lang='lat' dir='ltr'><strong>Ululet</strong></span> <span class='ocrx_word' id='word_1_56' title='bbox 1502 1181 1690 1251; x_wconf 83' lang='lat' dir='ltr'><strong>pinus,</strong></span> <span class='ocrx_word' id='word_1_57' title='bbox 1722 1181 1852 1251; x_wconf 86' lang='lat' dir='ltr'><strong>quia</strong></span> <span class='ocrx_word' id='word_1_58' title='bbox 1887 1180 2086 1236; x_wconf 81' lang='lat' dir='ltr'><strong>cecidit</strong></span> 
     </span>
    </p>
   </div>
   <div class='ocr_carea' id='block_1_12' title="bbox 500 1271 2086 1345">
    <p class='ocr_par' dir='ltr' id='par_1_12' title="bbox 500 1271 2086 1345">
     <span class='ocr_line' id='line_1_12' title="bbox 500 1271 2086 1345; baseline -0.005 -13"><span class='ocrx_word' id='word_1_59' title='bbox 500 1277 721 1337; x_wconf 77' lang='lat' dir='ltr'><strong>cedrus.</strong></span> <span class='ocrx_word' id='word_1_60' title='bbox 750 1293 772 1330; x_wconf 74' lang='grc' dir='ltr'><strong>ι</strong></span> <span class='ocrx_word' id='word_1_61' title='bbox 807 1274 1011 1332; x_wconf 80' lang='lat' dir='ltr'><strong>Omnes</strong></span> <span class='ocrx_word' id='word_1_62' title='bbox 1034 1273 1227 1345; x_wconf 82' lang='lat' dir='ltr'><strong>igitur,</strong></span> <span class='ocrx_word' id='word_1_63' title='bbox 1250 1273 1451 1344; x_wconf 88' lang='lat' dir='ltr'><strong>quibus</strong></span> <span class='ocrx_word' id='word_1_64' title='bbox 1476 1273 1719 1343; x_wconf 86' lang='lat' dir='ltr'><strong>potentia</strong></span> <span class='ocrx_word' id='word_1_65' title='bbox 1752 1273 1949 1327; x_wconf 88' lang='lat' dir='ltr'><strong>nimios</strong></span> <span class='ocrx_word' id='word_1_66' title='bbox 1976 1271 2086 1343; x_wconf 90' lang='lat' dir='ltr'><strong>spi-</strong></span> 
     </span>
    </p>
   </div>
   <div class='ocr_carea' id='block_1_13' title="bbox 502 1364 2083 1443">
    <p class='ocr_par' dir='ltr' id='par_1_13' title="bbox 502 1364 2083 1443">
     <span class='ocr_line' id='line_1_13' title="bbox 502 1364 2083 1443; baseline -0.003 -20"><span class='ocrx_word' id='word_1_67' title='bbox 502 1370 645 1424; x_wconf 83' lang='lat' dir='ltr'><strong>ritus</strong></span> <span class='ocrx_word' id='word_1_68' title='bbox 677 1365 853 1433; x_wconf 81' lang='lat' dir='ltr'><strong>all‘ert,</strong></span> <span class='ocrx_word' id='word_1_69' title='bbox 876 1366 1081 1443; x_wconf 82' lang='lat' dir='ltr'><strong>quique</strong></span> <span class='ocrx_word' id='word_1_70' title='bbox 1110 1364 1305 1421; x_wconf 90' lang='lat' dir='ltr'><strong>Libani</strong></span> <span class='ocrx_word' id='word_1_71' title='bbox 1345 1364 1734 1436; x_wconf 85' lang='lat' dir='ltr'><strong>proceritatem</strong></span> <span class='ocrx_word' id='word_1_72' title='bbox 1767 1364 1937 1418; x_wconf 82' lang='lat' dir='ltr'><strong>animi</strong></span> <span class='ocrx_word' id='word_1_73' title='bbox 1967 1364 2083 1419; x_wconf 85' lang='lat' dir='ltr'><strong>ela-</strong></span> 
     </span>
    </p>
   </div>
   <div class='ocr_carea' id='block_1_14' title="bbox 500 1452 2084 1525">
    <p class='ocr_par' dir='ltr' id='par_1_14' title="bbox 500 1452 2084 1525">
     <span class='ocr_line' id='line_1_14' title="bbox 500 1452 2084 1525; baseline -0.002 -14"><span class='ocrx_word' id='word_1_74' title='bbox 500 1459 649 1515; x_wconf 89' lang='lat' dir='ltr'><strong>tione</strong></span> <span class='ocrx_word' id='word_1_75' title='bbox 684 1456 997 1523; x_wconf 84' lang='lat' dir='ltr'><strong>imitamini,</strong></span> <span class='ocrx_word' id='word_1_76' title='bbox 1051 1470 1150 1511; x_wconf 84' lang='lat' dir='ltr'><strong>vos</strong></span> <span class='ocrx_word' id='word_1_77' title='bbox 1192 1455 1345 1525; x_wconf 90' lang='lat' dir='ltr'><strong>ipsos</strong></span> <span class='ocrx_word' id='word_1_78' title='bbox 1396 1461 1588 1525; x_wconf 89' lang='lat' dir='ltr'><strong>parate</strong></span> <span class='ocrx_word' id='word_1_79' title='bbox 1648 1452 1714 1510; x_wconf 86' lang='lat' dir='ltr'><strong>ad</strong></span> <span class='ocrx_word' id='word_1_80' title='bbox 1770 1454 2084 1524; x_wconf 84' lang='lat' dir='ltr'><strong>ingruenlcs</strong></span> 
     </span>
    </p>
   </div>
   <div class='ocr_carea' id='block_1_15' title="bbox 499 1544 2083 1622">
    <p class='ocr_par' dir='ltr' id='par_1_15' title="bbox 499 1544 2083 1622">
     <span class='ocr_line' id='line_1_15' title="bbox 499 1544 2083 1622; baseline -0.004 -17"><span class='ocrx_word' id='word_1_81' title='bbox 499 1565 693 1622; x_wconf 65' lang='lat' dir='ltr'><strong>poenas</strong></span> <span class='ocrx_word' id='word_1_82' title='bbox 722 1548 1101 1607; x_wconf 79' lang='lat' dir='ltr'><strong>sustinendae.</strong></span> <span class='ocrx_word' id='word_1_83' title='bbox 1129 1546 1228 1604; x_wconf 82' lang='lat' dir='ltr'><strong>His</strong></span> <span class='ocrx_word' id='word_1_84' title='bbox 1251 1555 1433 1602; x_wconf 91' lang='lat' dir='ltr'><strong>autem</strong></span> <span class='ocrx_word' id='word_1_85' title='bbox 1465 1544 1764 1601; x_wconf 88' lang='lat' dir='ltr'><strong>inferiores</strong></span> <span class='ocrx_word' id='word_1_86' title='bbox 1791 1546 1939 1617; x_wconf 90' lang='lat' dir='ltr'><strong>(nam</strong></span> <span class='ocrx_word' id='word_1_87' title='bbox 1982 1545 2083 1601; x_wconf 87' lang='lat' dir='ltr'><strong>hos</strong></span> 
     </span>
    </p>
   </div>
   <div class='ocr_carea' id='block_1_16' title="bbox 498 1637 2081 1712">
    <p class='ocr_par' dir='ltr' id='par_1_16' title="bbox 498 1637 2081 1712">
     <span class='ocr_line' id='line_1_16' title="bbox 498 1637 2081 1712; baseline -0.006 -13"><span class='ocrx_word' id='word_1_88' title='bbox 498 1643 655 1710; x_wconf 76' lang='lat' dir='ltr'><strong>pinus</strong></span> <span class='ocrx_word' id='word_1_89' title='bbox 708 1638 992 1712; x_wconf 82' lang='lat' dir='ltr'><strong>appellat),</strong></span> <span class='ocrx_word' id='word_1_90' title='bbox 1029 1637 1434 1709; x_wconf 88' lang='lat' dir='ltr'><strong>potentioribus</strong></span> <span class='ocrx_word' id='word_1_91' title='bbox 1478 1637 1686 1693; x_wconf 84' lang='lat' dir='ltr'><strong>illatam</strong></span> <span class='ocrx_word' id='word_1_92' title='bbox 1726 1639 1744 1659; x_wconf 64' lang='grc' dir='ltr'>θ</span> <span class='ocrx_word' id='word_1_93' title='bbox 1783 1637 2081 1706; x_wconf 85' lang='lat' dir='ltr'><strong>perniciem</strong></span> 
     </span>
    </p>
   </div>
   <div class='ocr_carea' id='block_1_17' title="bbox 497 1727 2079 1800">
    <p class='ocr_par' dir='ltr' id='par_1_17' title="bbox 497 1727 2079 1800">
     <span class='ocr_line' id='line_1_17' title="bbox 497 1727 2079 1800; baseline -0.002 -16"><span class='ocrx_word' id='word_1_94' title='bbox 497 1731 767 1797; x_wconf 78' lang='lat' dir='ltr'><strong>videntes,</strong></span> <span class='ocrx_word' id='word_1_95' title='bbox 796 1737 1011 1787; x_wconf 87' lang='lat' dir='ltr'><strong>vestras</strong></span> <span class='ocrx_word' id='word_1_96' title='bbox 1049 1728 1398 1785; x_wconf 87' lang='lat' dir='ltr'><strong>calamitates</strong></span> <span class='ocrx_word' id='word_1_97' title='bbox 1420 1728 1620 1800; x_wconf 89' lang='lat' dir='ltr'><strong>lugete.</strong></span> <span class='ocrx_word' id='word_1_98' title='bbox 1651 1745 1669 1779; x_wconf 85' lang='grc' dir='ltr'><strong>ι</strong></span> <span class='ocrx_word' id='word_1_99' title='bbox 1708 1727 1893 1784; x_wconf 89' lang='lat' dir='ltr'><strong>Ululct</strong></span> <span class='ocrx_word' id='word_1_100' title='bbox 1913 1728 2079 1795; x_wconf 89' lang='lat' dir='ltr'><strong>enim,</strong></span> 
     </span>
    </p>
   </div>
   <div class='ocr_carea' id='block_1_18' title="bbox 498 1805 2080 1894">
    <p class='ocr_par' dir='ltr' id='par_1_18' title="bbox 498 1805 2080 1894">
     <span class='ocr_line' id='line_1_18' title="bbox 498 1805 2080 1894; baseline 0 -17"><span class='ocrx_word' id='word_1_101' title='bbox 498 1823 699 1894; x_wconf 87' lang='lat' dir='ltr'><strong>inquit,</strong></span> <span class='ocrx_word' id='word_1_102' title='bbox 741 1822 927 1894; x_wconf 85' lang='lat' dir='ltr'><strong>pinus,</strong></span> <span class='ocrx_word' id='word_1_103' title='bbox 952 1822 1081 1893; x_wconf 87' lang='lat' dir='ltr'><strong>quia</strong></span> <span class='ocrx_word' id='word_1_104' title='bbox 1109 1820 1313 1878; x_wconf 85' lang='lat' dir='ltr'><strong>cecidit</strong></span> <span class='ocrx_word' id='word_1_105' title='bbox 1346 1821 1567 1877; x_wconf 87' lang='lat' dir='ltr'><strong>cedrus.</strong></span> <span class='ocrx_word' id='word_1_106' title='bbox 1632 1841 1651 1873; x_wconf 78' lang='grc' dir='ltr'><strong>ι</strong></span> <span class='ocrx_word' id='word_1_107' title='bbox 1696 1821 1765 1876; x_wconf 87' lang='grc' dir='ltr'>Ει</span> <span class='ocrx_word' id='word_1_108' title='bbox 1792 1805 2080 1891; x_wconf 83' lang='lat' dir='ltr'><strong>explicans</strong></span> 
     </span>
    </p>
   </div>
   <div class='ocr_carea' id='block_1_19' title="bbox 476 1908 1715 1982">
    <p class='ocr_par' dir='ltr' id='par_1_19' title="bbox 476 1908 1715 1982">
     <span class='ocr_line' id='line_1_19' title="bbox 476 1908 1715 1982; baseline 0.002 -21"><span class='ocrx_word' id='word_1_109' title='bbox 476 1926 618 1982; x_wconf 66' lang='lat' dir='ltr'><strong>.quze</strong></span> <span class='ocrx_word' id='word_1_110' title='bbox 648 1926 742 1982; x_wconf 86' lang='lat' dir='ltr'><strong>per</strong></span> <span class='ocrx_word' id='word_1_111' title='bbox 774 1911 1189 1969; x_wconf 82' lang='lat' dir='ltr'><strong>translationem</strong></span> <span class='ocrx_word' id='word_1_112' title='bbox 1224 1908 1387 1977; x_wconf 83' lang='lat' dir='ltr'><strong>dixit,</strong></span> <span class='ocrx_word' id='word_1_113' title='bbox 1417 1910 1669 1980; x_wconf 83' lang='lat' dir='ltr'><strong>adjunxit</strong></span> <span class='ocrx_word' id='word_1_114' title='bbox 1703 1930 1715 1963; x_wconf 94' lang='lat'><strong>:</strong></span> 
     </span>
    </p>
   </div>
   <div class='ocr_carea' id='block_1_20' title="bbox 570 2166 2076 2241">
    <p class='ocr_par' dir='ltr' id='par_1_20' title="bbox 570 2166 2076 2241">
     <span class='ocr_line' id='line_1_20' title="bbox 570 2166 2076 2241; baseline 0.003 -18"><span class='ocrx_word' id='word_1_115' title='bbox 570 2189 591 2223; x_wconf 81' lang='grc' dir='ltr'><strong>ι</strong></span> <span class='ocrx_word' id='word_1_116' title='bbox 630 2168 773 2238; x_wconf 83' lang='lat' dir='ltr'><strong>Quia</strong></span> <span class='ocrx_word' id='word_1_117' title='bbox 794 2167 1088 2241; x_wconf 86' lang='lat' dir='ltr'><strong>optimates</strong></span> <span class='ocrx_word' id='word_1_118' title='bbox 1110 2166 1271 2224; x_wconf 83' lang='lat' dir='ltr'><strong>valde</strong></span> <span class='ocrx_word' id='word_1_119' title='bbox 1300 2168 1493 2225; x_wconf 82' lang='lat' dir='ltr'><strong>miseri</strong></span> <span class='ocrx_word' id='word_1_120' title='bbox 1522 2167 1650 2226; x_wconf 89' lang='lat' dir='ltr'><strong>facti</strong></span> <span class='ocrx_word' id='word_1_121' title='bbox 1674 2177 1827 2236; x_wconf 88' lang='lat' dir='ltr'><strong>sunt,</strong></span> <span class='ocrx_word' id='word_1_122' title='bbox 1849 2171 2076 2239; x_wconf 88' lang='lat' dir='ltr'><strong>ululate,</strong></span> 
     </span>
    </p>
   </div>
   <div class='ocr_carea' id='block_1_21' title="bbox 488 2258 2080 2334">
    <p class='ocr_par' dir='ltr' id='par_1_21' title="bbox 488 2258 2080 2334">
     <span class='ocr_line' id='line_1_21' title="bbox 488 2258 2080 2334; baseline 0.001 -17"><span class='ocrx_word' id='word_1_123' title='bbox 488 2276 731 2334; x_wconf 80' lang='lat' dir='ltr'><strong>quercus</strong></span> <span class='ocrx_word' id='word_1_124' title='bbox 763 2258 1122 2323; x_wconf 88' lang='lat' dir='ltr'><strong>Basanitidis,</strong></span> <span class='ocrx_word' id='word_1_125' title='bbox 1174 2258 1436 2330; x_wconf 88' lang='lat' dir='ltr'><strong>quoniam</strong></span> <span class='ocrx_word' id='word_1_126' title='bbox 1480 2260 1736 2317; x_wconf 85' lang='lat' dir='ltr'><strong>succisus</strong></span> <span class='ocrx_word' id='word_1_127' title='bbox 1777 2270 1864 2319; x_wconf 87' lang='lat' dir='ltr'><strong>est</strong></span> <span class='ocrx_word' id='word_1_128' title='bbox 1904 2262 2080 2319; x_wconf 87' lang='lat' dir='ltr'><strong>saltus</strong></span> 
     </span>
    </p>
   </div>
   <div class='ocr_carea' id='block_1_22' title="bbox 492 2351 2078 2426">
    <p class='ocr_par' dir='ltr' id='par_1_22' title="bbox 492 2351 2078 2426">
     <span class='ocr_line' id='line_1_22' title="bbox 492 2351 2078 2426; baseline -0.001 -17"><span class='ocrx_word' id='word_1_129' title='bbox 492 2354 765 2410; x_wconf 84' lang='lat' dir='ltr'><strong>consitus.</strong></span> <span class='ocrx_word' id='word_1_130' title='bbox 801 2351 992 2422; x_wconf 72' lang='lat' dir='ltr'><strong>(Vens.</strong></span> <span class='ocrx_word' id='word_1_131' title='bbox 1019 2352 1100 2424; x_wconf 77' lang='grc'>5.)</span> <span class='ocrx_word' id='word_1_132' title='bbox 1133 2352 1249 2409; x_wconf 76' lang='lat' dir='ltr'><strong>Vox</strong></span> <span class='ocrx_word' id='word_1_133' title='bbox 1279 2352 1579 2423; x_wconf 82' lang='lat' dir='ltr'><strong>lugentium</strong></span> <span class='ocrx_word' id='word_1_134' title='bbox 1601 2360 1911 2424; x_wconf 87' lang='lat' dir='ltr'><strong>pastorum,</strong></span> <span class='ocrx_word' id='word_1_135' title='bbox 1937 2369 2078 2426; x_wconf 88' lang='lat' dir='ltr'><strong>quo-</strong></span> 
     </span>
    </p>
   </div>
   <div class='ocr_carea' id='block_1_23' title="bbox 492 2442 2079 2517">
    <p class='ocr_par' dir='ltr' id='par_1_23' title="bbox 492 2442 2079 2517">
     <span class='ocr_line' id='line_1_23' title="bbox 492 2442 2079 2517; baseline 0.001 -16"><span class='ocrx_word' id='word_1_136' title='bbox 492 2448 640 2502; x_wconf 87' lang='lat' dir='ltr'><strong>niam</strong></span> <span class='ocrx_word' id='word_1_137' title='bbox 678 2445 879 2501; x_wconf 90' lang='lat' dir='ltr'><strong>misera</strong></span> <span class='ocrx_word' id='word_1_138' title='bbox 911 2444 1059 2500; x_wconf 85' lang='lat' dir='ltr'><strong>facta</strong></span> <span class='ocrx_word' id='word_1_139' title='bbox 1115 2452 1199 2501; x_wconf 89' lang='lat' dir='ltr'><strong>est</strong></span> <span class='ocrx_word' id='word_1_140' title='bbox 1251 2442 1660 2517; x_wconf 75' lang='lat' dir='ltr'><strong>magnificentia</strong></span> <span class='ocrx_word' id='word_1_141' title='bbox 1690 2461 1928 2502; x_wconf 87' lang='lat' dir='ltr'><strong>eorum:</strong></span> <span class='ocrx_word' id='word_1_142' title='bbox 1971 2462 2079 2503; x_wconf 86' lang='lat' dir='ltr'><strong>vox</strong></span> 
     </span>
    </p>
   </div>
   <div class='ocr_carea' id='block_1_24' title="bbox 492 2535 2078 2608">
    <p class='ocr_par' dir='ltr' id='par_1_24' title="bbox 492 2535 2078 2608">
     <span class='ocr_line' id='line_1_24' title="bbox 492 2535 2078 2608; baseline 0.003 -17"><span class='ocrx_word' id='word_1_143' title='bbox 492 2537 829 2608; x_wconf 71' lang='lat' dir='ltr'><strong>mugientium</strong></span> <span class='ocrx_word' id='word_1_144' title='bbox 887 2536 1132 2602; x_wconf 83' lang='lat' dir='ltr'><strong>leonum,</strong></span> <span class='ocrx_word' id='word_1_145' title='bbox 1185 2536 1314 2607; x_wconf 81' lang='lat' dir='ltr'><strong>quin</strong></span> <span class='ocrx_word' id='word_1_146' title='bbox 1384 2535 1622 2591; x_wconf 83' lang='lat' dir='ltr'><strong>afﬂictus</strong></span> <span class='ocrx_word' id='word_1_147' title='bbox 1674 2545 1760 2595; x_wconf 87' lang='lat' dir='ltr'><strong>est</strong></span> <span class='ocrx_word' id='word_1_148' title='bbox 1822 2537 2078 2595; x_wconf 83' lang='lat' dir='ltr'><strong>fremitus</strong></span> 
     </span>
    </p>
   </div>
   <div class='ocr_carea' id='block_1_25' title="bbox 496 2626 2078 2701">
    <p class='ocr_par' dir='ltr' id='par_1_25' title="bbox 496 2626 2078 2701">
     <span class='ocr_line' id='line_1_25' title="bbox 496 2626 2078 2701; baseline 0.006 -24"><span class='ocrx_word' id='word_1_149' title='bbox 496 2627 708 2701; x_wconf 57' lang='grc' dir='ltr'><strong>ιω</strong></span> <span class='ocrx_word' id='word_1_150' title='bbox 768 2626 1047 2684; x_wconf 74' lang='lat' dir='ltr'><strong>Jordanis.</strong></span> <span class='ocrx_word' id='word_1_151' title='bbox 1096 2646 1115 2679; x_wconf 76' lang='grc' dir='ltr'><strong>ι</strong></span> <span class='ocrx_word' id='word_1_152' title='bbox 1160 2626 1394 2700; x_wconf 89' lang='lat' dir='ltr'><strong>Tropice</strong></span> <span class='ocrx_word' id='word_1_153' title='bbox 1442 2627 1601 2697; x_wconf 82' lang='lat' dir='ltr'><strong>juxta</strong></span> <span class='ocrx_word' id='word_1_154' title='bbox 1648 2630 1910 2689; x_wconf 86' lang='lat' dir='ltr'><strong>usitatum</strong></span> <span class='ocrx_word' id='word_1_155' title='bbox 1973 2629 2078 2686; x_wconf 88' lang='lat' dir='ltr'><strong>sibi</strong></span> 
     </span>
    </p>
   </div>
   <div class='ocr_carea' id='block_1_26' title="bbox 492 2717 2076 2791">
    <p class='ocr_par' dir='ltr' id='par_1_26' title="bbox 492 2717 2076 2791">
     <span class='ocr_line' id='line_1_26' title="bbox 492 2717 2076 2791; baseline 0.002 -17"><span class='ocrx_word' id='word_1_156' title='bbox 492 2734 698 2775; x_wconf 89' lang='lat' dir='ltr'><strong>morem</strong></span> <span class='ocrx_word' id='word_1_157' title='bbox 734 2719 921 2775; x_wconf 88' lang='lat' dir='ltr'><strong>omnia</strong></span> <span class='ocrx_word' id='word_1_158' title='bbox 967 2718 1263 2789; x_wconf 84' lang='lat' dir='ltr'><strong>expressit.</strong></span> <span class='ocrx_word' id='word_1_159' title='bbox 1312 2717 1511 2774; x_wconf 59' lang='lat' dir='ltr'><strong>Leone:</strong></span> <span class='ocrx_word' id='word_1_160' title='bbox 1546 2720 1696 2774; x_wconf 91' lang='lat' dir='ltr'><strong>enim</strong></span> <span class='ocrx_word' id='word_1_161' title='bbox 1739 2728 1794 2774; x_wconf 90' lang='lat' dir='ltr'><strong>et</strong></span> <span class='ocrx_word' id='word_1_162' title='bbox 1835 2730 2076 2791; x_wconf 75' lang='lat' dir='ltr'><strong>pastores</strong></span> 
     </span>
    </p>
   </div>
   <div class='ocr_carea' id='block_1_27' title="bbox 486 2809 2077 2881">
    <p class='ocr_par' dir='ltr' id='par_1_27' title="bbox 486 2809 2077 2881">
     <span class='ocr_line' id='line_1_27' title="bbox 486 2809 2077 2881; baseline 0.002 -17"><span class='ocrx_word' id='word_1_163' title='bbox 486 2811 731 2881; x_wconf 85' lang='lat' dir='ltr'><strong>appellat</strong></span> <span class='ocrx_word' id='word_1_164' title='bbox 770 2824 928 2881; x_wconf 85' lang='lat' dir='ltr'><strong>reges</strong></span> <span class='ocrx_word' id='word_1_165' title='bbox 948 2820 1002 2865; x_wconf 89' lang='lat' dir='ltr'><strong>et</strong></span> <span class='ocrx_word' id='word_1_166' title='bbox 1021 2809 1299 2881; x_wconf 82' lang='lat' dir='ltr'><strong>principes</strong></span> <span class='ocrx_word' id='word_1_167' title='bbox 1329 2827 1345 2878; x_wconf 86' lang='lat'><strong>;</strong></span> <span class='ocrx_word' id='word_1_168' title='bbox 1376 2813 1577 2865; x_wconf 79' lang='lat' dir='ltr'><strong>saltum</strong></span> <span class='ocrx_word' id='word_1_169' title='bbox 1603 2818 1787 2866; x_wconf 89' lang='lat' dir='ltr'><strong>autem</strong></span> <span class='ocrx_word' id='word_1_170' title='bbox 1812 2814 2077 2867; x_wconf 77' lang='lat' dir='ltr'><strong>consitum</strong></span> 
     </span>
    </p>
   </div>
   <div class='ocr_carea' id='block_1_28' title="bbox 478 2899 2078 2971">
    <p class='ocr_par' dir='ltr' id='par_1_28' title="bbox 478 2899 2078 2971">
     <span class='ocr_line' id='line_1_28' title="bbox 478 2899 2078 2971; baseline 0.005 -20"><span class='ocrx_word' id='word_1_171' title='bbox 478 2900 865 2971; x_wconf 66' lang='lat' dir='ltr'><strong>,principatum</strong></span> <span class='ocrx_word' id='word_1_172' title='bbox 904 2899 1336 2957; x_wconf 84' lang='lat' dir='ltr'><strong>infructuosum.</strong></span> <span class='ocrx_word' id='word_1_173' title='bbox 1376 2899 1489 2955; x_wconf 82' lang='lat' dir='ltr'><strong>ﬂos</strong></span> <span class='ocrx_word' id='word_1_174' title='bbox 1527 2910 1707 2957; x_wconf 89' lang='lat' dir='ltr'><strong>autem</strong></span> <span class='ocrx_word' id='word_1_175' title='bbox 1767 2916 1963 2958; x_wconf 83' lang='lat' dir='ltr'><strong>omnes</strong></span> <span class='ocrx_word' id='word_1_176' title='bbox 1991 2904 2078 2959; x_wconf 59' lang='lat' dir='ltr'><strong>luo</strong></span> 
     </span>
    </p>
   </div>
   <div class='ocr_carea' id='block_1_29' title="bbox 492 2989 2079 3062">
    <p class='ocr_par' dir='ltr' id='par_1_29' title="bbox 492 2989 2079 3062">
     <span class='ocr_line' id='line_1_29' title="bbox 492 2989 2079 3062; baseline 0.001 -17"><span class='ocrx_word' id='word_1_177' title='bbox 492 3005 618 3061; x_wconf 79' lang='lat' dir='ltr'><strong>gere</strong></span> <span class='ocrx_word' id='word_1_178' title='bbox 655 2997 710 3045; x_wconf 91' lang='lat' dir='ltr'><strong>et</strong></span> <span class='ocrx_word' id='word_1_179' title='bbox 740 2989 1033 3045; x_wconf 83' lang='lat' dir='ltr'><strong>lamentari</strong></span> <span class='ocrx_word' id='word_1_180' title='bbox 1058 2989 1220 3055; x_wconf 88' lang='lat' dir='ltr'><strong>dixit,</strong></span> <span class='ocrx_word' id='word_1_181' title='bbox 1257 2989 1353 3062; x_wconf 89' lang='lat' dir='ltr'><strong>qui</strong></span> <span class='ocrx_word' id='word_1_182' title='bbox 1384 3003 1617 3061; x_wconf 86' lang='lat' dir='ltr'><strong>magnos</strong></span> <span class='ocrx_word' id='word_1_183' title='bbox 1652 2989 1875 3061; x_wconf 86' lang='lat' dir='ltr'><strong>quidem</strong></span> <span class='ocrx_word' id='word_1_184' title='bbox 1914 2992 2079 3062; x_wconf 86' lang='lat' dir='ltr'><strong>spiri-</strong></span> 
     </span>
    </p>
   </div>
   <div class='ocr_carea' id='block_1_30' title="bbox 492 3078 2078 3152">
    <p class='ocr_par' dir='ltr' id='par_1_30' title="bbox 492 3078 2078 3152">
     <span class='ocr_line' id='line_1_30' title="bbox 492 3078 2078 3152; baseline 0 -15"><span class='ocrx_word' id='word_1_185' title='bbox 492 3092 585 3138; x_wconf 89' lang='lat' dir='ltr'><strong>tus</strong></span> <span class='ocrx_word' id='word_1_186' title='bbox 618 3080 725 3137; x_wconf 88' lang='lat' dir='ltr'><strong>sibi</strong></span> <span class='ocrx_word' id='word_1_187' title='bbox 764 3087 960 3136; x_wconf 89' lang='lat' dir='ltr'><strong>contra</strong></span> <span class='ocrx_word' id='word_1_188' title='bbox 992 3078 1291 3136; x_wconf 72' lang='lat' dir='ltr'><strong>Iordanem</strong></span> <span class='ocrx_word' id='word_1_189' title='bbox 1319 3089 1700 3151; x_wconf 86' lang='lat' dir='ltr'><strong>sumpserant,</strong></span> <span class='ocrx_word' id='word_1_190' title='bbox 1733 3082 1827 3136; x_wconf 84' lang='lat' dir='ltr'><strong>sed</strong></span> <span class='ocrx_word' id='word_1_191' title='bbox 1856 3096 1954 3152; x_wconf 88' lang='lat' dir='ltr'><strong>spe</strong></span> <span class='ocrx_word' id='word_1_192' title='bbox 1983 3082 2078 3137; x_wconf 89' lang='lat' dir='ltr'><strong>de-</strong></span> 
     </span>
    </p>
   </div>
   <div class='ocr_carea' id='block_1_31' title="bbox 491 3166 2074 3240">
    <p class='ocr_par' dir='ltr' id='par_1_31' title="bbox 491 3166 2074 3240">
     <span class='ocr_line' id='line_1_31' title="bbox 491 3166 2074 3240; baseline -0.001 -14"><span class='ocrx_word' id='word_1_193' title='bbox 491 3169 626 3240; x_wconf 87' lang='lat' dir='ltr'><strong>jecti</strong></span> <span class='ocrx_word' id='word_1_194' title='bbox 650 3168 900 3224; x_wconf 88' lang='lat' dir='ltr'><strong>fuerunt.</strong></span> <span class='ocrx_word' id='word_1_195' title='bbox 923 3168 1027 3225; x_wconf 83' lang='lat' dir='ltr'><strong>Per</strong></span> <span class='ocrx_word' id='word_1_196' title='bbox 1051 3166 1343 3239; x_wconf 69' lang='lat' dir='ltr'><strong>Iordanem</strong></span> <span class='ocrx_word' id='word_1_197' title='bbox 1372 3184 1503 3224; x_wconf 85' lang='lat' dir='ltr'><strong>vero</strong></span> <span class='ocrx_word' id='word_1_198' title='bbox 1528 3167 1843 3225; x_wconf 69' lang='lat' dir='ltr'><strong>Iudaeorum</strong></span> <span class='ocrx_word' id='word_1_199' title='bbox 1874 3180 2074 3225; x_wconf 86' lang='lat' dir='ltr'><strong>terram</strong></span> 
     </span>
    </p>
   </div>
   <div class='ocr_carea' id='block_1_32' title="bbox 478 3257 2081 3332">
    <p class='ocr_par' dir='ltr' id='par_1_32' title="bbox 478 3257 2081 3332">
     <span class='ocr_line' id='line_1_32' title="bbox 478 3257 2081 3332; baseline 0.001 -18"><span class='ocrx_word' id='word_1_200' title='bbox 478 3259 805 3331; x_wconf 65' lang='lat' dir='ltr'><strong>designavit</strong></span> <span class='ocrx_word' id='word_1_201' title='bbox 849 3275 863 3313; x_wconf 92' lang='lat'><strong>:</strong></span> <span class='ocrx_word' id='word_1_202' title='bbox 892 3273 1021 3314; x_wconf 89' lang='lat' dir='ltr'><strong>nam</strong></span> <span class='ocrx_word' id='word_1_203' title='bbox 1059 3273 1158 3331; x_wconf 89' lang='lat' dir='ltr'><strong>per</strong></span> <span class='ocrx_word' id='word_1_204' title='bbox 1187 3273 1310 3314; x_wconf 89' lang='lat' dir='ltr'><strong>eam</strong></span> <span class='ocrx_word' id='word_1_205' title='bbox 1343 3258 1433 3312; x_wconf 82' lang='lat' dir='ltr'><strong>hic</strong></span> <span class='ocrx_word' id='word_1_206' title='bbox 1468 3258 1607 3316; x_wconf 83' lang='lat' dir='ltr'><strong>ﬂuit.</strong></span> <span class='ocrx_word' id='word_1_207' title='bbox 1651 3257 1778 3317; x_wconf 79' lang='lat' dir='ltr'><strong>Haec</strong></span> <span class='ocrx_word' id='word_1_208' title='bbox 1804 3260 1977 3332; x_wconf 87' lang='lat' dir='ltr'><strong>igitur</strong></span> <span class='ocrx_word' id='word_1_209' title='bbox 2010 3260 2081 3316; x_wconf 84' lang='lat' dir='ltr'><strong>de</strong></span> 
     </span>
    </p>
   </div>
   <div class='ocr_carea' id='block_1_33' title="bbox 480 3347 2079 3423">
    <p class='ocr_par' dir='ltr' id='par_1_33' title="bbox 480 3347 2079 3423">
     <span class='ocr_line' id='line_1_33' title="bbox 480 3347 2079 3423; baseline 0.003 -19"><span class='ocrx_word' id='word_1_210' title='bbox 480 3349 679 3409; x_wconf 82' lang='lat' dir='ltr'><strong>&#39;futura</strong></span> <span class='ocrx_word' id='word_1_211' title='bbox 711 3347 1026 3409; x_wconf 69' lang='lat' dir='ltr'><strong>Judmorum</strong></span> <span class='ocrx_word' id='word_1_212' title='bbox 1081 3357 1206 3423; x_wconf 88' lang='lat' dir='ltr'><strong>post</strong></span> <span class='ocrx_word' id='word_1_213' title='bbox 1257 3349 1496 3405; x_wconf 88' lang='lat' dir='ltr'><strong>reditum</strong></span> <span class='ocrx_word' id='word_1_214' title='bbox 1559 3348 1820 3407; x_wconf 80' lang='lat' dir='ltr'><strong>felicitate</strong></span> <span class='ocrx_word' id='word_1_215' title='bbox 1858 3351 2079 3408; x_wconf 81' lang='lat' dir='ltr'><strong>divinus</strong></span> 
     </span>
    </p>
   </div>
   <div class='ocr_carea' id='block_1_34' title="bbox 474 3439 2077 3512">
    <p class='ocr_par' dir='ltr' id='par_1_34' title="bbox 474 3439 2077 3512">
     <span class='ocr_line' id='line_1_34' title="bbox 474 3439 2077 3512; baseline 0.001 -17"><span class='ocrx_word' id='word_1_216' title='bbox 474 3439 788 3499; x_wconf 63' lang='lat' dir='ltr'><strong>Zacharias</strong></span> <span class='ocrx_word' id='word_1_217' title='bbox 838 3440 1112 3512; x_wconf 67' lang='lat' dir='ltr'><strong>praedixit.</strong></span> <span class='ocrx_word' id='word_1_218' title='bbox 1168 3439 1438 3512; x_wconf 85' lang='lat' dir='ltr'><strong>Deinceps</strong></span> <span class='ocrx_word' id='word_1_219' title='bbox 1475 3447 1659 3495; x_wconf 91' lang='lat' dir='ltr'><strong>autem</strong></span> <span class='ocrx_word' id='word_1_220' title='bbox 1712 3441 2077 3509; x_wconf 79' lang='lat' dir='ltr'><strong>calamitates,</strong></span> 
     </span>
    </p>
   </div>
   <div class='ocr_carea' id='block_1_35' title="bbox 488 3528 2081 3603">
    <p class='ocr_par' dir='ltr' id='par_1_35' title="bbox 488 3528 2081 3603">
     <span class='ocr_line' id='line_1_35' title="bbox 488 3528 2081 3603; baseline 0 -18"><span class='ocrx_word' id='word_1_221' title='bbox 488 3532 693 3603; x_wconf 84' lang='lat' dir='ltr'><strong>quibus</strong></span> <span class='ocrx_word' id='word_1_222' title='bbox 746 3539 972 3603; x_wconf 84' lang='lat' dir='ltr'><strong>propter</strong></span> <span class='ocrx_word' id='word_1_223' title='bbox 1011 3530 1332 3602; x_wconf 82' lang='lat' dir='ltr'><strong>iniquitates</strong></span> <span class='ocrx_word' id='word_1_224' title='bbox 1368 3528 1639 3585; x_wconf 64' lang='lat' dir='ltr'><strong>alliciendi</strong></span> <span class='ocrx_word' id='word_1_225' title='bbox 1670 3538 1850 3598; x_wconf 86' lang='lat' dir='ltr'><strong>erant,</strong></span> <span class='ocrx_word' id='word_1_226' title='bbox 1886 3531 2081 3585; x_wconf 84' lang='lat' dir='ltr'><strong>vatici-</strong></span> 
     </span>
    </p>
   </div>
   <div class='ocr_carea' id='block_1_36' title="bbox 487 3636 678 3683">
    <p class='ocr_par' dir='ltr' id='par_1_36' title="bbox 487 3636 678 3683">
     <span class='ocr_line' id='line_1_36' title="bbox 487 3636 678 3683; baseline -0.005 -7"><span class='ocrx_word' id='word_1_227' title='bbox 487 3636 625 3677; x_wconf 79' lang='lat' dir='ltr'><strong>natu</strong></span> <span class='ocrx_word' id='word_1_228' title='bbox 632 3637 678 3683; x_wconf 80' lang='grc' dir='ltr'>ι’.</span> 
     </span>
    </p>
   </div>
   <div class='ocr_carea' id='block_1_37' title="bbox 562 3838 2080 3911">
    <p class='ocr_par' dir='ltr' id='par_1_37' title="bbox 562 3838 2080 3911">
     <span class='ocr_line' id='line_1_37' title="bbox 562 3838 2080 3911; baseline -0.003 -11"><span class='ocrx_word' id='word_1_229' title='bbox 562 3843 731 3901; x_wconf 73' lang='lat' dir='ltr'><strong>Vens.</strong></span> <span class='ocrx_word' id='word_1_230' title='bbox 756 3843 811 3899; x_wconf 72' lang='grc' dir='ltr'><strong>ι.</strong></span> <span class='ocrx_word' id='word_1_231' title='bbox 841 3863 859 3897; x_wconf 86' lang='grc' dir='ltr'><strong>ι</strong></span> <span class='ocrx_word' id='word_1_232' title='bbox 890 3839 1021 3899; x_wconf 63' lang='lat' dir='ltr'><strong>Haec</strong></span> <span class='ocrx_word' id='word_1_233' title='bbox 1050 3841 1185 3897; x_wconf 91' lang='lat' dir='ltr'><strong>dicit</strong></span> <span class='ocrx_word' id='word_1_234' title='bbox 1207 3839 1472 3897; x_wconf 87' lang='lat' dir='ltr'><strong>Dominus</strong></span> <span class='ocrx_word' id='word_1_235' title='bbox 1494 3841 1844 3911; x_wconf 89' lang='lat' dir='ltr'><strong>omnipotens</strong></span> <span class='ocrx_word' id='word_1_236' title='bbox 1870 3860 1883 3895; x_wconf 91' lang='lat'><strong>:</strong></span> <span class='ocrx_word' id='word_1_237' title='bbox 1908 3838 2080 3896; x_wconf 84' lang='lat' dir='ltr'><strong>Pasce</strong></span> 
     </span>
    </p>
   </div>
   <div class='ocr_carea' id='block_1_38' title="bbox 491 3931 2078 4002">
    <p class='ocr_par' dir='ltr' id='par_1_38' title="bbox 491 3931 2078 4002">
     <span class='ocr_line' id='line_1_38' title="bbox 491 3931 2078 4002; baseline -0.004 -9"><span class='ocrx_word' id='word_1_238' title='bbox 491 3952 624 3995; x_wconf 83' lang='lat' dir='ltr'><strong>oves</strong></span> <span class='ocrx_word' id='word_1_239' title='bbox 671 3935 991 3995; x_wconf 82' lang='lat' dir='ltr'><strong>occisionis.</strong></span> <span class='ocrx_word' id='word_1_240' title='bbox 1034 3952 1054 3987; x_wconf 78' lang='grc' dir='ltr'><strong>ι</strong></span> <span class='ocrx_word' id='word_1_241' title='bbox 1111 3932 1248 4000; x_wconf 84' lang='lat' dir='ltr'><strong>Quis</strong></span> <span class='ocrx_word' id='word_1_242' title='bbox 1282 3940 1463 3988; x_wconf 90' lang='lat' dir='ltr'><strong>autem</strong></span> <span class='ocrx_word' id='word_1_243' title='bbox 1498 3932 1598 3986; x_wconf 87' lang='lat' dir='ltr'><strong>bas</strong></span> <span class='ocrx_word' id='word_1_244' title='bbox 1631 3931 1797 4002; x_wconf 85' lang='lat' dir='ltr'><strong>pavit,</strong></span> <span class='ocrx_word' id='word_1_245' title='bbox 1830 3931 1938 3987; x_wconf 86' lang='lat' dir='ltr'><strong>nisi</strong></span> <span class='ocrx_word' id='word_1_246' title='bbox 1968 3931 2078 3986; x_wconf 85' lang='lat' dir='ltr'><strong>Dn-</strong></span> 
     </span>
    </p>
   </div>
   <div class='ocr_carea' id='block_1_39' title="bbox 490 4022 2073 4097">
    <p class='ocr_par' dir='ltr' id='par_1_39' title="bbox 490 4022 2073 4097">
     <span class='ocr_line' id='line_1_39' title="bbox 490 4022 2073 4097; baseline -0.005 -12"><span class='ocrx_word' id='word_1_247' title='bbox 490 4029 677 4086; x_wconf 82' lang='lat' dir='ltr'><strong>minus</strong></span> <span class='ocrx_word' id='word_1_248' title='bbox 694 4027 972 4094; x_wconf 83' lang='lat' dir='ltr'><strong>Christus,</strong></span> <span class='ocrx_word' id='word_1_249' title='bbox 999 4025 1095 4097; x_wconf 88' lang='lat' dir='ltr'><strong>qui</strong></span> <span class='ocrx_word' id='word_1_250' title='bbox 1126 4027 1182 4080; x_wconf 91' lang='lat' dir='ltr'><strong>in</strong></span> <span class='ocrx_word' id='word_1_251' title='bbox 1206 4022 1387 4080; x_wconf 89' lang='lat' dir='ltr'><strong>sacris</strong></span> <span class='ocrx_word' id='word_1_252' title='bbox 1413 4022 1727 4095; x_wconf 83' lang='lat' dir='ltr'><strong>Evangeliis</strong></span> <span class='ocrx_word' id='word_1_253' title='bbox 1754 4023 2029 4078; x_wconf 79' lang='lat' dir='ltr'><strong>exclamat</strong></span> <span class='ocrx_word' id='word_1_254' title='bbox 2059 4040 2073 4077; x_wconf 90' lang='lat'>:</span> 
     </span>
    </p>
   </div>
   <div class='ocr_carea' id='block_1_40' title="bbox 495 4115 2077 4193">
    <p class='ocr_par' dir='ltr' id='par_1_40' title="bbox 495 4115 2077 4193">
     <span class='ocr_line' id='line_1_40' title="bbox 495 4115 2077 4193; baseline -0.003 -18"><span class='ocrx_word' id='word_1_255' title='bbox 495 4139 518 4175; x_wconf 78' lang='grc' dir='ltr'><strong>ι</strong></span> <span class='ocrx_word' id='word_1_256' title='bbox 556 4118 671 4193; x_wconf 85' lang='lat' dir='ltr'><strong>Ego</strong></span> <span class='ocrx_word' id='word_1_257' title='bbox 702 4136 823 4177; x_wconf 88' lang='lat' dir='ltr'><strong>sum</strong></span> <span class='ocrx_word' id='word_1_258' title='bbox 859 4129 1048 4191; x_wconf 86' lang='lat' dir='ltr'><strong>pastor</strong></span> <span class='ocrx_word' id='word_1_259' title='bbox 1102 4117 1319 4174; x_wconf 85' lang='lat' dir='ltr'><strong>bonus:</strong></span> <span class='ocrx_word' id='word_1_260' title='bbox 1371 4115 1552 4173; x_wconf 87' lang='lat' dir='ltr'><strong>bonus</strong></span> <span class='ocrx_word' id='word_1_261' title='bbox 1607 4124 1796 4187; x_wconf 86' lang='lat' dir='ltr'><strong>pastor</strong></span> <span class='ocrx_word' id='word_1_262' title='bbox 1834 4116 2077 4171; x_wconf 89' lang='lat' dir='ltr'><strong>animam</strong></span> 
     </span>
    </p>
   </div>
   <div class='ocr_carea' id='block_1_41' title="bbox 484 4207 2079 4281">
    <p class='ocr_par' dir='ltr' id='par_1_41' title="bbox 484 4207 2079 4281">
     <span class='ocr_line' id='line_1_41' title="bbox 484 4207 2079 4281; baseline -0.003 -15"><span class='ocrx_word' id='word_1_263' title='bbox 484 4225 648 4266; x_wconf 72' lang='lat' dir='ltr'><strong>suam</strong></span> <span class='ocrx_word' id='word_1_264' title='bbox 668 4209 763 4265; x_wconf 86' lang='lat' dir='ltr'><strong>dat</strong></span> <span class='ocrx_word' id='word_1_265' title='bbox 793 4226 894 4281; x_wconf 87' lang='lat' dir='ltr'><strong>pro</strong></span> <span class='ocrx_word' id='word_1_266' title='bbox 915 4209 1151 4264; x_wconf 65' lang='lat' dir='ltr'><strong>ovibusk</strong></span> <span class='ocrx_word' id='word_1_267' title='bbox 1174 4208 1199 4262; x_wconf 74' lang='grc' dir='ltr'>’ί</span> <span class='ocrx_word' id='word_1_268' title='bbox 1236 4227 1254 4260; x_wconf 78' lang='grc' dir='ltr'><strong>ι</strong></span> <span class='ocrx_word' id='word_1_269' title='bbox 1277 4207 1344 4261; x_wconf 83' lang='lat' dir='ltr'><strong>At</strong></span> <span class='ocrx_word' id='word_1_270' title='bbox 1372 4223 1533 4263; x_wconf 90' lang='lat' dir='ltr'><strong>nemo</strong></span> <span class='ocrx_word' id='word_1_271' title='bbox 1552 4223 1699 4271; x_wconf 92' lang='lat' dir='ltr'><strong>eum,</strong></span> <span class='ocrx_word' id='word_1_272' title='bbox 1722 4207 1867 4278; x_wconf 86' lang='lat' dir='ltr'><strong>quod</strong></span> <span class='ocrx_word' id='word_1_273' title='bbox 1887 4215 2079 4278; x_wconf 86' lang='lat' dir='ltr'><strong>pastor</strong></span> 
     </span>
    </p>
   </div>
   <div class='ocr_carea' id='block_1_42' title="bbox 490 4297 2078 4373">
    <p class='ocr_par' dir='ltr' id='par_1_42' title="bbox 490 4297 2078 4373">
     <span class='ocr_line' id='line_1_42' title="bbox 490 4297 2078 4373; baseline -0.003 -16"><span class='ocrx_word' id='word_1_274' title='bbox 490 4299 815 4373; x_wconf 83' lang='lat' dir='ltr'><strong>appelletur,</strong></span> <span class='ocrx_word' id='word_1_275' title='bbox 877 4299 1029 4372; x_wconf 80' lang='lat' dir='ltr'><strong>parvi</strong></span> <span class='ocrx_word' id='word_1_276' title='bbox 1086 4298 1265 4354; x_wconf 80' lang='lat' dir='ltr'><strong>facere</strong></span> <span class='ocrx_word' id='word_1_277' title='bbox 1325 4297 1545 4354; x_wconf 84' lang='lat' dir='ltr'><strong>audeat.</strong></span> <span class='ocrx_word' id='word_1_278' title='bbox 1596 4297 1646 4353; x_wconf 90' lang='lat' dir='ltr'><strong>ls</strong></span> <span class='ocrx_word' id='word_1_279' title='bbox 1693 4298 1840 4353; x_wconf 89' lang='lat' dir='ltr'><strong>enim</strong></span> <span class='ocrx_word' id='word_1_280' title='bbox 1883 4297 2078 4354; x_wconf 88' lang='lat' dir='ltr'><strong>salutis</strong></span> 
     </span>
    </p>
   </div>
   <div class='ocr_carea' id='block_1_43' title="bbox 490 4386 2077 4458">
    <p class='ocr_par' dir='ltr' id='par_1_43' title="bbox 490 4386 2077 4458">
     <span class='ocr_line' id='line_1_43' title="bbox 490 4386 2077 4458; baseline -0.006 -8"><span class='ocrx_word' id='word_1_281' title='bbox 490 4401 698 4450; x_wconf 82' lang='lat' dir='ltr'><strong>nostrae</strong></span> <span class='ocrx_word' id='word_1_282' title='bbox 737 4405 907 4448; x_wconf 81' lang='lat' dir='ltr'><strong>causa</strong></span> <span class='ocrx_word' id='word_1_283' title='bbox 955 4405 1067 4446; x_wconf 89' lang='lat' dir='ltr'><strong>non</strong></span> <span class='ocrx_word' id='word_1_284' title='bbox 1117 4389 1281 4446; x_wconf 89' lang='lat' dir='ltr'><strong>modo</strong></span> <span class='ocrx_word' id='word_1_285' title='bbox 1328 4397 1537 4458; x_wconf 78' lang='lat' dir='ltr'><strong>pastor,</strong></span> <span class='ocrx_word' id='word_1_286' title='bbox 1574 4386 1669 4443; x_wconf 83' lang='lat' dir='ltr'><strong>sed</strong></span> <span class='ocrx_word' id='word_1_287' title='bbox 1691 4388 1875 4454; x_wconf 36' lang='lat' dir='ltr'><strong>,etiam</strong></span> <span class='ocrx_word' id='word_1_288' title='bbox 1910 4402 2077 4456; x_wconf 77' lang='lat' dir='ltr'><strong>agnus</strong></span> 
     </span>
    </p>
   </div>
   <div class='ocr_carea' id='block_1_44' title="bbox 489 4474 2078 4548">
    <p class='ocr_par' dir='ltr' id='par_1_44' title="bbox 489 4474 2078 4548">
     <span class='ocr_line' id='line_1_44' title="bbox 489 4474 2078 4548; baseline -0.008 -7"><span class='ocrx_word' id='word_1_289' title='bbox 489 4484 807 4543; x_wconf 85' lang='lat' dir='ltr'><strong>nominatus</strong></span> <span class='ocrx_word' id='word_1_290' title='bbox 853 4489 958 4546; x_wconf 89' lang='lat' dir='ltr'><strong>est,</strong></span> <span class='ocrx_word' id='word_1_291' title='bbox 1009 4487 1063 4536; x_wconf 88' lang='lat' dir='ltr'><strong>et</strong></span> <span class='ocrx_word' id='word_1_292' title='bbox 1126 4480 1258 4537; x_wconf 78' lang='lat' dir='ltr'><strong>ovis.</strong></span> <span class='ocrx_word' id='word_1_293' title='bbox 1326 4478 1393 4533; x_wconf 86' lang='lat' dir='ltr'><strong>Et</strong></span> <span class='ocrx_word' id='word_1_294' title='bbox 1457 4476 1593 4548; x_wconf 91' lang='lat' dir='ltr'><strong>quid</strong></span> <span class='ocrx_word' id='word_1_295' title='bbox 1651 4474 1780 4530; x_wconf 86' lang='lat' dir='ltr'><strong>dico</strong></span> <span class='ocrx_word' id='word_1_296' title='bbox 1832 4489 1990 4530; x_wconf 88' lang='lat' dir='ltr'><strong>ovem</strong></span> <span class='ocrx_word' id='word_1_297' title='bbox 2023 4483 2078 4530; x_wconf 93' lang='lat' dir='ltr'><strong>et</strong></span> 
     </span>
    </p>
   </div>
   <div class='ocr_carea' id='block_1_45' title="bbox 2188 640 3765 715">
    <p class='ocr_par' dir='ltr' id='par_1_45' title="bbox 2188 640 3765 715">
     <span class='ocr_line' id='line_1_45' title="bbox 2188 640 3765 715; baseline 0.005 -22"><span class='ocrx_word' id='word_1_298' title='bbox 2188 640 2332 713; x_wconf 78' lang='grc' dir='ltr'>καὶὴ</span> <span class='ocrx_word' id='word_1_299' title='bbox 2378 643 2680 715; x_wconf 85' lang='grc' dir='ltr'><strong>Ἀσσυρίων</strong></span> <span class='ocrx_word' id='word_1_300' title='bbox 2739 642 3089 715; x_wconf 75' lang='grc' dir='ltr'><strong>ὑπερηφανία</strong></span> <span class='ocrx_word' id='word_1_301' title='bbox 3148 641 3533 714; x_wconf 74' lang='grc' dir='ltr'>σῖεσθήσεται·</span> <span class='ocrx_word' id='word_1_302' title='bbox 3584 646 3677 700; x_wconf 71' lang='grc' dir='ltr'><strong>καὶ</strong></span> <span class='ocrx_word' id='word_1_303' title='bbox 3718 646 3765 680; x_wconf 66' lang='grc'><strong>⁸⁸</strong></span> 
     </span>
    </p>
   </div>
   <div class='ocr_carea' id='block_1_46' title="bbox 2185 725 3764 806">
    <p class='ocr_par' dir='ltr' id='par_1_46' title="bbox 2185 725 3764 806">
     <span class='ocr_line' id='line_1_46' title="bbox 2185 725 3764 806; baseline 0.001 -20"><span class='ocrx_word' id='word_1_304' title='bbox 2185 725 2331 787; x_wconf 75' lang='grc' dir='ltr'>οὗτοι</span> <span class='ocrx_word' id='word_1_305' title='bbox 2382 733 2463 797; x_wconf 82' lang='grc' dir='ltr'>δὲ,</span> <span class='ocrx_word' id='word_1_306' title='bbox 2525 737 2574 788; x_wconf 83' lang='grc' dir='ltr'>οἱ</span> <span class='ocrx_word' id='word_1_307' title='bbox 2624 735 2854 799; x_wconf 86' lang='grc' dir='ltr'>ἐκείνοις</span> <span class='ocrx_word' id='word_1_308' title='bbox 2887 735 3057 789; x_wconf 86' lang='grc' dir='ltr'>πάλαι</span> <span class='ocrx_word' id='word_1_309' title='bbox 3090 733 3494 799; x_wconf 84' lang='grc' dir='ltr'>δουλεύσαντες,</span> <span class='ocrx_word' id='word_1_310' title='bbox 3529 735 3618 788; x_wconf 87' lang='grc' dir='ltr'>διὰ</span> <span class='ocrx_word' id='word_1_311' title='bbox 3662 737 3764 806; x_wconf 72' lang='grc' dir='ltr'>τῆς</span> 
     </span>
    </p>
   </div>
   <div class='ocr_carea' id='block_1_47' title="bbox 2185 822 3767 898">
    <p class='ocr_par' dir='ltr' id='par_1_47' title="bbox 2185 822 3767 898">
     <span class='ocr_line' id='line_1_47' title="bbox 2185 822 3767 898; baseline 0.004 -22"><span class='ocrx_word' id='word_1_312' title='bbox 2185 822 2328 893; x_wconf 79' lang='grc' dir='ltr'>ἐμῆς</span> <span class='ocrx_word' id='word_1_313' title='bbox 2348 823 2672 897; x_wconf 78' lang='grc' dir='ltr'><strong>ἐπικουρίας</strong></span> <span class='ocrx_word' id='word_1_314' title='bbox 2722 826 2984 898; x_wconf 75' lang='grc' dir='ltr'><strong>ἐπίσημοι</strong></span> <span class='ocrx_word' id='word_1_315' title='bbox 3038 825 3131 880; x_wconf 60' lang='grc' dir='ltr'><strong>καί¹</strong></span> <span class='ocrx_word' id='word_1_316' title='bbox 3163 824 3767 898; x_wconf 75' lang='grc' dir='ltr'>πολυθρύλλητοιπαρά</span> 
     </span>
    </p>
   </div>
   <div class='ocr_carea' id='block_1_48' title="bbox 2186 915 2691 988">
    <p class='ocr_par' dir='ltr' id='par_1_48' title="bbox 2186 915 2691 988">
     <span class='ocr_line' id='line_1_48' title="bbox 2186 915 2691 988; baseline 0.004 -19"><span class='ocrx_word' id='word_1_317' title='bbox 2186 915 2320 969; x_wconf 80' lang='grc' dir='ltr'>πᾶσι</span> <span class='ocrx_word' id='word_1_318' title='bbox 2349 917 2691 988; x_wconf 77' lang='grc' dir='ltr'>γενήσονται.</span> 
     </span>
    </p>
   </div>
   <div class='ocr_carea' id='block_1_49' title="bbox 2710 1006 3251 1065">
    <p class='ocr_par' dir='ltr' id='par_1_49' title="bbox 2710 1006 3251 1065">
     <span class='ocr_line' id='line_1_49' title="bbox 2710 1006 3251 1065; baseline 0.002 -1"><span class='ocrx_word' id='word_1_319' title='bbox 2710 1008 3110 1064; x_wconf 77' lang='grc' dir='ltr'><strong>ΚΕΦἉΛΑῙΟΝ</strong></span> <span class='ocrx_word' id='word_1_320' title='bbox 3149 1006 3251 1065; x_wconf 68' lang='grc' dir='ltr'><strong>Μ’.</strong></span> 
     </span>
    </p>
   </div>
   <div class='ocr_carea' id='block_1_50' title="bbox 2255 1097 3767 1171">
    <p class='ocr_par' dir='ltr' id='par_1_50' title="bbox 2255 1097 3767 1171">
     <span class='ocr_line' id='line_1_50' title="bbox 2255 1097 3767 1171; baseline 0.002 -20"><span class='ocrx_word' id='word_1_321' title='bbox 2255 1104 2325 1163; x_wconf 88' lang='grc' dir='ltr'>α’,</span> <span class='ocrx_word' id='word_1_322' title='bbox 2348 1097 2412 1168; x_wconf 82' lang='grc' dir='ltr'><strong>β’.</strong></span> <span class='ocrx_word' id='word_1_323' title='bbox 2446 1118 2465 1150; x_wconf 81' lang='grc' dir='ltr'><strong>ι</strong></span> <span class='ocrx_word' id='word_1_324' title='bbox 2510 1098 2806 1167; x_wconf 79' lang='grc' dir='ltr'>Διάνοιξον,</span> <span class='ocrx_word' id='word_1_325' title='bbox 2832 1100 2861 1152; x_wconf 99' lang='lat'><strong>6</strong></span> <span class='ocrx_word' id='word_1_326' title='bbox 2893 1100 3145 1165; x_wconf 82' lang='grc' dir='ltr'>Λίϐανος,</span> <span class='ocrx_word' id='word_1_327' title='bbox 3186 1100 3282 1166; x_wconf 84' lang='grc' dir='ltr'>τὰς</span> <span class='ocrx_word' id='word_1_328' title='bbox 3321 1100 3491 1171; x_wconf 89' lang='grc' dir='ltr'>θύρας</span> <span class='ocrx_word' id='word_1_329' title='bbox 3534 1118 3649 1167; x_wconf 87' lang='grc' dir='ltr'>σου,</span> <span class='ocrx_word' id='word_1_330' title='bbox 3674 1102 3767 1155; x_wconf 76' lang='grc' dir='ltr'><strong>καὶ</strong></span> 
     </span>
    </p>
   </div>
   <div class='ocr_carea' id='block_1_51' title="bbox 2182 1189 3765 1261">
    <p class='ocr_par' dir='ltr' id='par_1_51' title="bbox 2182 1189 3765 1261">
     <span class='ocr_line' id='line_1_51' title="bbox 2182 1189 3765 1261; baseline 0.003 -19"><span class='ocrx_word' id='word_1_331' title='bbox 2182 1191 2557 1259; x_wconf 83' lang='grc' dir='ltr'>καταφαγέτω</span> <span class='ocrx_word' id='word_1_332' title='bbox 2587 1190 2631 1222; x_wconf 73' lang='grc'><strong>⁸⁹</strong></span> <span class='ocrx_word' id='word_1_333' title='bbox 2665 1190 2777 1261; x_wconf 83' lang='grc' dir='ltr'><strong>πῦρ</strong></span> <span class='ocrx_word' id='word_1_334' title='bbox 2807 1189 2909 1254; x_wconf 82' lang='grc' dir='ltr'>τὰς</span> <span class='ocrx_word' id='word_1_335' title='bbox 2928 1190 3153 1260; x_wconf 83' lang='grc' dir='ltr'>κέδρους</span> <span class='ocrx_word' id='word_1_336' title='bbox 3188 1208 3305 1246; x_wconf 89' lang='grc' dir='ltr'>σου.</span> <span class='ocrx_word' id='word_1_337' title='bbox 3348 1191 3688 1259; x_wconf 78' lang='grc' dir='ltr'>Ὀλολυξάτω</span> <span class='ocrx_word' id='word_1_338' title='bbox 3718 1193 3765 1224; x_wconf 85' lang='grc'><strong>⁸⁰</strong></span> 
     </span>
    </p>
   </div>
   <div class='ocr_carea' id='block_1_52' title="bbox 2184 1279 3766 1354">
    <p class='ocr_par' dir='ltr' id='par_1_52' title="bbox 2184 1279 3766 1354">
     <span class='ocr_line' id='line_1_52' title="bbox 2184 1279 3766 1354; baseline 0.003 -21"><span class='ocrx_word' id='word_1_339' title='bbox 2184 1279 2363 1343; x_wconf 88' lang='grc' dir='ltr'>πίτυς,</span> <span class='ocrx_word' id='word_1_340' title='bbox 2414 1281 2550 1335; x_wconf 81' lang='grc' dir='ltr'><strong>διότι</strong></span> <span class='ocrx_word' id='word_1_341' title='bbox 2609 1282 2868 1336; x_wconf 82' lang='grc' dir='ltr'>πέπτωκε</span> <span class='ocrx_word' id='word_1_342' title='bbox 2923 1281 3136 1354; x_wconf 82' lang='grc' dir='ltr'><strong>κέδρος.</strong></span> <span class='ocrx_word' id='word_1_343' title='bbox 3186 1301 3203 1335; x_wconf 76' lang='grc' dir='ltr'><strong>ι</strong></span> <span class='ocrx_word' id='word_1_344' title='bbox 3240 1284 3447 1346; x_wconf 82' lang='grc' dir='ltr'><strong>Πάντες</strong></span> <span class='ocrx_word' id='word_1_345' title='bbox 3492 1285 3672 1338; x_wconf 78' lang='grc' dir='ltr'><strong>τοίνυν</strong></span> <span class='ocrx_word' id='word_1_346' title='bbox 3716 1287 3766 1338; x_wconf 72' lang='grc' dir='ltr'>οἱ</span> 
     </span>
    </p>
   </div>
   <div class='ocr_carea' id='block_1_53' title="bbox 2184 1370 3769 1445">
    <p class='ocr_par' dir='ltr' id='par_1_53' title="bbox 2184 1370 3769 1445">
     <span class='ocr_line' id='line_1_53' title="bbox 2184 1370 3769 1445; baseline 0.004 -23"><span class='ocrx_word' id='word_1_347' title='bbox 2184 1370 2276 1422; x_wconf 76' lang='grc' dir='ltr'>ἐπὶ</span> <span class='ocrx_word' id='word_1_348' title='bbox 2300 1370 2530 1442; x_wconf 82' lang='grc' dir='ltr'><strong>δυνάμει</strong></span> <span class='ocrx_word' id='word_1_349' title='bbox 2590 1374 2738 1445; x_wconf 85' lang='grc' dir='ltr'>μέγα</span> <span class='ocrx_word' id='word_1_350' title='bbox 2792 1372 3141 1445; x_wconf 77' lang='grc' dir='ltr'>φρονοῦντες,</span> <span class='ocrx_word' id='word_1_351' title='bbox 3175 1376 3271 1428; x_wconf 76' lang='grc' dir='ltr'>καὶ</span> <span class='ocrx_word' id='word_1_352' title='bbox 3310 1375 3404 1428; x_wconf 87' lang='grc' dir='ltr'><strong>τοῦ</strong></span> <span class='ocrx_word' id='word_1_353' title='bbox 3435 1375 3673 1431; x_wconf 86' lang='grc' dir='ltr'>Λιϐάνου</span> <span class='ocrx_word' id='word_1_354' title='bbox 3707 1376 3769 1429; x_wconf 82' lang='grc' dir='ltr'><strong>τὸ</strong></span> 
     </span>
    </p>
   </div>
   <div class='ocr_carea' id='block_1_54' title="bbox 2185 1459 3766 1539">
    <p class='ocr_par' dir='ltr' id='par_1_54' title="bbox 2185 1459 3766 1539">
     <span class='ocr_line' id='line_1_54' title="bbox 2185 1459 3766 1539; baseline 0.005 -26"><span class='ocrx_word' id='word_1_355' title='bbox 2185 1459 2318 1531; x_wconf 78' lang='grc' dir='ltr'>ὕψος</span> <span class='ocrx_word' id='word_1_356' title='bbox 2351 1465 2418 1535; x_wconf 77' lang='grc' dir='ltr'>τῇ</span> <span class='ocrx_word' id='word_1_357' title='bbox 2446 1465 2546 1534; x_wconf 76' lang='grc' dir='ltr'><strong>τῆς</strong></span> <span class='ocrx_word' id='word_1_358' title='bbox 2607 1463 2925 1529; x_wconf 77' lang='grc' dir='ltr'><strong>ἀλαζονείας</strong></span> <span class='ocrx_word' id='word_1_359' title='bbox 2967 1466 3241 1537; x_wconf 79' lang='grc' dir='ltr'>φαντασίᾳ</span> <span class='ocrx_word' id='word_1_360' title='bbox 3282 1467 3632 1539; x_wconf 76' lang='grc' dir='ltr'>μιμούμενοι,</span> <span class='ocrx_word' id='word_1_361' title='bbox 3676 1469 3766 1521; x_wconf 85' lang='grc' dir='ltr'>εύ-</span> 
     </span>
    </p>
   </div>
   <div class='ocr_carea' id='block_1_55' title="bbox 2183 1556 3764 1630">
    <p class='ocr_par' dir='ltr' id='par_1_55' title="bbox 2183 1556 3764 1630">
     <span class='ocr_line' id='line_1_55' title="bbox 2183 1556 3764 1630; baseline 0.003 -22"><span class='ocrx_word' id='word_1_362' title='bbox 2183 1557 2405 1627; x_wconf 87' lang='grc' dir='ltr'>τρεπεῖς</span> <span class='ocrx_word' id='word_1_363' title='bbox 2438 1556 2665 1620; x_wconf 78' lang='grc' dir='ltr'>ἑαυτοὺς</span> <span class='ocrx_word' id='word_1_364' title='bbox 2689 1556 2827 1626; x_wconf 80' lang='grc' dir='ltr'>πρὸς</span> <span class='ocrx_word' id='word_1_365' title='bbox 2859 1559 2960 1626; x_wconf 81' lang='grc' dir='ltr'><strong>τὴν</strong></span> <span class='ocrx_word' id='word_1_366' title='bbox 3004 1558 3408 1630; x_wconf 61' lang='grc' dir='ltr'>ἐπιφερομένην</span> <span class='ocrx_word' id='word_1_367' title='bbox 3438 1560 3566 1629; x_wconf 79' lang='grc' dir='ltr'>ὑμῖν</span> <span class='ocrx_word' id='word_1_368' title='bbox 3594 1578 3764 1613; x_wconf 87' lang='grc' dir='ltr'>κατα-</span> 
     </span>
    </p>
   </div>
   <div class='ocr_carea' id='block_1_56' title="bbox 2184 1646 3766 1721">
    <p class='ocr_par' dir='ltr' id='par_1_56' title="bbox 2184 1646 3766 1721">
     <span class='ocr_line' id='line_1_56' title="bbox 2184 1646 3766 1721; baseline 0.003 -21"><span class='ocrx_word' id='word_1_369' title='bbox 2184 1646 2419 1717; x_wconf 85' lang='grc' dir='ltr'>στήσατε</span> <span class='ocrx_word' id='word_1_370' title='bbox 2460 1646 2752 1719; x_wconf 80' lang='grc' dir='ltr'>τιμωρίαν.</span> <span class='ocrx_word' id='word_1_371' title='bbox 2787 1649 2849 1701; x_wconf 85' lang='grc' dir='ltr'>Οἱ</span> <span class='ocrx_word' id='word_1_372' title='bbox 2875 1647 2932 1700; x_wconf 82' lang='grc' dir='ltr'>δὲ</span> <span class='ocrx_word' id='word_1_373' title='bbox 2950 1647 3159 1702; x_wconf 90' lang='grc' dir='ltr'>τούτων</span> <span class='ocrx_word' id='word_1_374' title='bbox 3200 1649 3581 1721; x_wconf 79' lang='grc' dir='ltr'>ὑποδεέστεροι</span> <span class='ocrx_word' id='word_1_375' title='bbox 3617 1654 3766 1718; x_wconf 87' lang='grc' dir='ltr'>(τού-</span> 
     </span>
    </p>
   </div>
   <div class='ocr_carea' id='block_1_57' title="bbox 2181 1735 3769 1809">
    <p class='ocr_par' dir='ltr' id='par_1_57' title="bbox 2181 1735 3769 1809">
     <span class='ocr_line' id='line_1_57' title="bbox 2181 1735 3769 1809; baseline 0 -19"><span class='ocrx_word' id='word_1_376' title='bbox 2181 1753 2308 1800; x_wconf 87' lang='grc' dir='ltr'>τους</span> <span class='ocrx_word' id='word_1_377' title='bbox 2329 1735 2436 1809; x_wconf 84' lang='grc' dir='ltr'><strong>γάρ</strong></span> <span class='ocrx_word' id='word_1_378' title='bbox 2457 1737 2637 1803; x_wconf 83' lang='grc' dir='ltr'>πίτυς</span> <span class='ocrx_word' id='word_1_379' title='bbox 2659 1737 2860 1807; x_wconf 87' lang='grc' dir='ltr'>καλεῖ),</span> <span class='ocrx_word' id='word_1_380' title='bbox 2887 1736 2980 1791; x_wconf 82' lang='grc' dir='ltr'><strong>τὸν</strong></span> <span class='ocrx_word' id='word_1_381' title='bbox 2998 1736 3105 1790; x_wconf 87' lang='grc' dir='ltr'>τῶν</span> <span class='ocrx_word' id='word_1_382' title='bbox 3133 1735 3519 1809; x_wconf 83' lang='grc' dir='ltr'>δυνατωτέρων</span> <span class='ocrx_word' id='word_1_383' title='bbox 3547 1739 3666 1793; x_wconf 80' lang='grc' dir='ltr'>δλεθ</span> <span class='ocrx_word' id='word_1_384' title='bbox 3676 1756 3769 1809; x_wconf 88' lang='grc' dir='ltr'><strong>ρον</strong></span> 
     </span>
    </p>
   </div>
   <div class='ocr_carea' id='block_1_58' title="bbox 2184 1827 3765 1901">
    <p class='ocr_par' dir='ltr' id='par_1_58' title="bbox 2184 1827 3765 1901">
     <span class='ocr_line' id='line_1_58' title="bbox 2184 1827 3765 1901; baseline 0 -18"><span class='ocrx_word' id='word_1_385' title='bbox 2184 1829 2547 1901; x_wconf 79' lang='grc' dir='ltr'>θεωροῦντες,</span> <span class='ocrx_word' id='word_1_386' title='bbox 2608 1827 2707 1893; x_wconf 85' lang='grc' dir='ltr'>τὰς</span> <span class='ocrx_word' id='word_1_387' title='bbox 2765 1828 2973 1890; x_wconf 80' lang='grc' dir='ltr'>οἰκείας</span> <span class='ocrx_word' id='word_1_388' title='bbox 3041 1828 3376 1900; x_wconf 88' lang='grc' dir='ltr'>ὀλοφύρεσθε</span> <span class='ocrx_word' id='word_1_389' title='bbox 3456 1832 3765 1900; x_wconf 77' lang='grc' dir='ltr'>συμφοράς.</span> 
     </span>
    </p>
   </div>
   <div class='ocr_carea' id='block_1_59' title="bbox 2185 1919 3767 1991">
    <p class='ocr_par' dir='ltr' id='par_1_59' title="bbox 2185 1919 3767 1991">
     <span class='ocr_line' id='line_1_59' title="bbox 2185 1919 3767 1991; baseline 0.001 -17"><span class='ocrx_word' id='word_1_390' title='bbox 2185 1939 2204 1974; x_wconf 83' lang='grc' dir='ltr'><strong>ι</strong></span> <span class='ocrx_word' id='word_1_391' title='bbox 2256 1920 2590 1991; x_wconf 80' lang='grc' dir='ltr'>Ὀλολυξάτω</span> <span class='ocrx_word' id='word_1_392' title='bbox 2672 1920 2813 1991; x_wconf 79' lang='grc' dir='ltr'>γὰρ,</span> <span class='ocrx_word' id='word_1_393' title='bbox 2863 1919 3035 1990; x_wconf 77' lang='grc' dir='ltr'>φησὶ,</span> <span class='ocrx_word' id='word_1_394' title='bbox 3100 1920 3302 1985; x_wconf 84' lang='grc' dir='ltr'>πίτυς,</span> <span class='ocrx_word' id='word_1_395' title='bbox 3361 1921 3444 1974; x_wconf 84' lang='grc' dir='ltr'><strong>ὅτι</strong></span> <span class='ocrx_word' id='word_1_396' title='bbox 3501 1922 3767 1976; x_wconf 82' lang='grc' dir='ltr'>πέπτωκε</span> 
     </span>
    </p>
   </div>
   <div class='ocr_carea' id='block_1_60' title="bbox 2178 2009 3766 2085">
    <p class='ocr_par' dir='ltr' id='par_1_60' title="bbox 2178 2009 3766 2085">
     <span class='ocr_line' id='line_1_60' title="bbox 2178 2009 3766 2085; baseline 0 -16"><span class='ocrx_word' id='word_1_397' title='bbox 2178 2013 2390 2083; x_wconf 82' lang='grc' dir='ltr'>κέδρος.</span> <span class='ocrx_word' id='word_1_398' title='bbox 2451 2031 2472 2066; x_wconf 72' lang='grc' dir='ltr'><strong>ι</strong></span> <span class='ocrx_word' id='word_1_399' title='bbox 2530 2012 2644 2068; x_wconf 75' lang='grc' dir='ltr'><strong>Καὶ</strong></span> <span class='ocrx_word' id='word_1_400' title='bbox 2710 2009 3028 2084; x_wconf 80' lang='grc' dir='ltr'>ἑρμηνεύων</span> <span class='ocrx_word' id='word_1_401' title='bbox 3082 2011 3119 2066; x_wconf 78' lang='grc' dir='ltr'>ἃ</span> <span class='ocrx_word' id='word_1_402' title='bbox 3167 2012 3445 2084; x_wconf 79' lang='grc' dir='ltr'>τροπικῶς</span> <span class='ocrx_word' id='word_1_403' title='bbox 3504 2013 3766 2085; x_wconf 77' lang='grc' dir='ltr'>εἴρηκεν.</span> 
     </span>
    </p>
   </div>
   <div class='ocr_carea' id='block_1_61' title="bbox 2179 2106 3440 2178">
    <p class='ocr_par' dir='ltr' id='par_1_61' title="bbox 2179 2106 3440 2178">
     <span class='ocr_line' id='line_1_61' title="bbox 2179 2106 3440 2178; baseline 0 -19"><span class='ocrx_word' id='word_1_404' title='bbox 2179 2106 2461 2178; x_wconf 76' lang='grc' dir='ltr'>ἐπήγαγεν</span> <span class='ocrx_word' id='word_1_405' title='bbox 2485 2121 2499 2136; x_wconf 94' lang='grc'><strong>·</strong></span> <span class='ocrx_word' id='word_1_406' title='bbox 3433 2108 3440 2118; x_wconf 88' lang='lat'>&#39;</span> 
     </span>
    </p>
   </div>
   <div class='ocr_carea' id='block_1_62' title="bbox 2254 2191 3765 2265">
    <p class='ocr_par' dir='ltr' id='par_1_62' title="bbox 2254 2191 3765 2265">
     <span class='ocr_line' id='line_1_62' title="bbox 2254 2191 3765 2265; baseline 0.002 -19"><span class='ocrx_word' id='word_1_407' title='bbox 2254 2211 2275 2246; x_wconf 77' lang='grc' dir='ltr'><strong>ι</strong></span> <span class='ocrx_word' id='word_1_408' title='bbox 2323 2193 2447 2247; x_wconf 87' lang='grc' dir='ltr'>Ὅτι</span> <span class='ocrx_word' id='word_1_409' title='bbox 2513 2194 2839 2265; x_wconf 80' lang='grc' dir='ltr'>μεγιστᾶνες</span> <span class='ocrx_word' id='word_1_410' title='bbox 2875 2193 2919 2225; x_wconf 82' lang='grc'>⁸¹</span> <span class='ocrx_word' id='word_1_411' title='bbox 2963 2191 3216 2262; x_wconf 78' lang='grc' dir='ltr'>μεγάλως</span> <span class='ocrx_word' id='word_1_412' title='bbox 3266 2191 3765 2265; x_wconf 84' lang='grc' dir='ltr'>ἐταλαιπώρησαν·</span> 
     </span>
    </p>
   </div>
   <div class='ocr_carea' id='block_1_63' title="bbox 2179 2283 3767 2359">
    <p class='ocr_par' dir='ltr' id='par_1_63' title="bbox 2179 2283 3767 2359">
     <span class='ocr_line' id='line_1_63' title="bbox 2179 2283 3767 2359; baseline 0.001 -20"><span class='ocrx_word' id='word_1_413' title='bbox 2179 2283 2485 2353; x_wconf 81' lang='grc' dir='ltr'>ὀλολύξατε,</span> <span class='ocrx_word' id='word_1_414' title='bbox 2532 2284 2695 2359; x_wconf 89' lang='grc' dir='ltr'>δρύες</span> <span class='ocrx_word' id='word_1_415' title='bbox 2745 2285 2845 2357; x_wconf 77' lang='grc' dir='ltr'>τῆς</span> <span class='ocrx_word' id='word_1_416' title='bbox 2884 2284 3255 2349; x_wconf 86' lang='grc' dir='ltr'>Βασανίτιδος,</span> <span class='ocrx_word' id='word_1_417' title='bbox 3298 2284 3381 2338; x_wconf 80' lang='grc' dir='ltr'>ὅτι</span> <span class='ocrx_word' id='word_1_418' title='bbox 3412 2286 3767 2358; x_wconf 76' lang='grc' dir='ltr'>κατεσπάσθη</span> 
     </span>
    </p>
   </div>
   <div class='ocr_carea' id='block_1_64' title="bbox 2178 2376 3769 2451">
    <p class='ocr_par' dir='ltr' id='par_1_64' title="bbox 2178 2376 3769 2451">
     <span class='ocr_line' id='line_1_64' title="bbox 2178 2376 3769 2451; baseline 0 -19"><span class='ocrx_word' id='word_1_419' title='bbox 2178 2380 2208 2432; x_wconf 92' lang='lat'><strong>6</strong></span> <span class='ocrx_word' id='word_1_420' title='bbox 2232 2378 2441 2451; x_wconf 81' lang='grc' dir='ltr'>δρυμὸς</span> <span class='ocrx_word' id='word_1_421' title='bbox 2470 2381 2500 2433; x_wconf 91' lang='lat'><strong>6</strong></span> <span class='ocrx_word' id='word_1_422' title='bbox 2540 2378 2841 2450; x_wconf 87' lang='grc' dir='ltr'>σύμφυτος.</span> <span class='ocrx_word' id='word_1_423' title='bbox 2875 2376 2991 2451; x_wconf 90' lang='grc' dir='ltr'>(γ’.)</span> <span class='ocrx_word' id='word_1_424' title='bbox 3022 2377 3179 2448; x_wconf 78' lang='grc' dir='ltr'>Φωνὴ</span> <span class='ocrx_word' id='word_1_425' title='bbox 3208 2377 3547 2449; x_wconf 83' lang='grc' dir='ltr'>θρηνούντων</span> <span class='ocrx_word' id='word_1_426' title='bbox 3577 2379 3769 2450; x_wconf 80' lang='grc' dir='ltr'>ποιμέ-</span> 
     </span>
    </p>
   </div>
   <div class='ocr_carea' id='block_1_65' title="bbox 2179 2468 3766 2541">
    <p class='ocr_par' dir='ltr' id='par_1_65' title="bbox 2179 2468 3766 2541">
     <span class='ocr_line' id='line_1_65' title="bbox 2179 2468 3766 2541; baseline 0.001 -18"><span class='ocrx_word' id='word_1_427' title='bbox 2179 2486 2310 2535; x_wconf 89' lang='grc' dir='ltr'>νων,</span> <span class='ocrx_word' id='word_1_428' title='bbox 2363 2470 2448 2524; x_wconf 85' lang='grc' dir='ltr'><strong>δτι</strong></span> <span class='ocrx_word' id='word_1_429' title='bbox 2500 2468 2989 2541; x_wconf 70' lang='grc' dir='ltr'>τεταλαιπιῖῳηκεν</span> <span class='ocrx_word' id='word_1_430' title='bbox 3032 2470 3067 2541; x_wconf 81' lang='grc' dir='ltr'><strong>ή</strong></span> <span class='ocrx_word' id='word_1_431' title='bbox 3115 2469 3478 2541; x_wconf 81' lang='grc' dir='ltr'>μεγαλωσύνη</span> <span class='ocrx_word' id='word_1_432' title='bbox 3549 2471 3766 2525; x_wconf 70' lang='grc' dir='ltr'>αὐτῶνθ</span> 
     </span>
    </p>
   </div>
   <div class='ocr_carea' id='block_1_66' title="bbox 2179 2560 3769 2635">
    <p class='ocr_par' dir='ltr' id='par_1_66' title="bbox 2179 2560 3769 2635">
     <span class='ocr_line' id='line_1_66' title="bbox 2179 2560 3769 2635; baseline 0.001 -19"><span class='ocrx_word' id='word_1_433' title='bbox 2179 2561 2333 2633; x_wconf 82' lang='grc' dir='ltr'>φωνὴ</span> <span class='ocrx_word' id='word_1_434' title='bbox 2385 2561 2717 2635; x_wconf 84' lang='grc' dir='ltr'>ὠρυομένων</span> <span class='ocrx_word' id='word_1_435' title='bbox 2771 2561 3027 2627; x_wconf 79' lang='grc' dir='ltr'>λεόντων,</span> <span class='ocrx_word' id='word_1_436' title='bbox 3071 2560 3155 2614; x_wconf 73' lang='grc' dir='ltr'>ὅτι</span> <span class='ocrx_word' id='word_1_437' title='bbox 3205 2560 3660 2633; x_wconf 82' lang='grc' dir='ltr'>τεταλαιπὼρηκε</span> <span class='ocrx_word' id='word_1_438' title='bbox 3706 2562 3769 2617; x_wconf 81' lang='grc' dir='ltr'>τὺ</span> 
     </span>
    </p>
   </div>
   <div class='ocr_carea' id='block_1_67' title="bbox 2179 2652 3770 2726">
    <p class='ocr_par' dir='ltr' id='par_1_67' title="bbox 2179 2652 3770 2726">
     <span class='ocr_line' id='line_1_67' title="bbox 2179 2652 3770 2726; baseline 0.001 -19"><span class='ocrx_word' id='word_1_439' title='bbox 2179 2652 2449 2726; x_wconf 81' lang='grc' dir='ltr'>φρύαγμα</span> <span class='ocrx_word' id='word_1_440' title='bbox 2470 2656 2517 2688; x_wconf 78' lang='grc'><strong>⁸⁸</strong></span> <span class='ocrx_word' id='word_1_441' title='bbox 2541 2654 2635 2708; x_wconf 92' lang='grc' dir='ltr'><strong>τοῦ</strong></span> <span class='ocrx_word' id='word_1_442' title='bbox 2682 2654 2975 2726; x_wconf 80' lang='grc' dir='ltr'>Ἰορδάνου.</span> <span class='ocrx_word' id='word_1_443' title='bbox 3010 2673 3029 2708; x_wconf 80' lang='grc' dir='ltr'><strong>ι</strong></span> <span class='ocrx_word' id='word_1_444' title='bbox 3068 2653 3360 2726; x_wconf 81' lang='grc' dir='ltr'>Τροπικῶς</span> <span class='ocrx_word' id='word_1_445' title='bbox 3408 2654 3510 2725; x_wconf 74' lang='grc' dir='ltr'>μὲν</span> <span class='ocrx_word' id='word_1_446' title='bbox 3539 2655 3681 2710; x_wconf 79' lang='grc' dir='ltr'>κατὰ</span> <span class='ocrx_word' id='word_1_447' title='bbox 3706 2654 3770 2708; x_wconf 79' lang='grc' dir='ltr'>τὸ</span> 
     </span>
    </p>
   </div>
   <div class='ocr_carea' id='block_1_68' title="bbox 2178 2746 3768 2821">
    <p class='ocr_par' dir='ltr' id='par_1_68' title="bbox 2178 2746 3768 2821">
     <span class='ocr_line' id='line_1_68' title="bbox 2178 2746 3768 2821; baseline -0.001 -19"><span class='ocrx_word' id='word_1_448' title='bbox 2178 2748 2382 2802; x_wconf 85' lang='grc' dir='ltr'>οίκεῖον</span> <span class='ocrx_word' id='word_1_449' title='bbox 2432 2749 2631 2819; x_wconf 81' lang='grc' dir='ltr'>ἰδίωμα</span> <span class='ocrx_word' id='word_1_450' title='bbox 2679 2749 2905 2821; x_wconf 86' lang='grc' dir='ltr'>εἴρηκεν</span> <span class='ocrx_word' id='word_1_451' title='bbox 2950 2746 3189 2803; x_wconf 72' lang='grc' dir='ltr'>ἅπαντα.</span> <span class='ocrx_word' id='word_1_452' title='bbox 3222 2747 3489 2814; x_wconf 72' lang='grc' dir='ltr'>Λέοντος</span> <span class='ocrx_word' id='word_1_453' title='bbox 3527 2748 3587 2809; x_wconf 67' lang='grc' dir='ltr'>δὲ</span> <span class='ocrx_word' id='word_1_454' title='bbox 3617 2750 3768 2818; x_wconf 79' lang='grc' dir='ltr'>ὅμως</span> 
     </span>
    </p>
   </div>
   <div class='ocr_carea' id='block_1_69' title="bbox 2178 2838 3767 2910">
    <p class='ocr_par' dir='ltr' id='par_1_69' title="bbox 2178 2838 3767 2910">
     <span class='ocr_line' id='line_1_69' title="bbox 2178 2838 3767 2910; baseline -0.001 -16"><span class='ocrx_word' id='word_1_455' title='bbox 2178 2840 2274 2894; x_wconf 73' lang='grc' dir='ltr'>καὶ</span> <span class='ocrx_word' id='word_1_456' title='bbox 2291 2839 2601 2907; x_wconf 76' lang='grc' dir='ltr'>ποιμένας,</span> <span class='ocrx_word' id='word_1_457' title='bbox 2638 2840 2767 2903; x_wconf 76' lang='grc' dir='ltr'>τοὺς</span> <span class='ocrx_word' id='word_1_458' title='bbox 2794 2838 3049 2910; x_wconf 87' lang='grc' dir='ltr'>βασιλέας</span> <span class='ocrx_word' id='word_1_459' title='bbox 3077 2838 3171 2892; x_wconf 71' lang='grc' dir='ltr'><strong>καὶ</strong></span> <span class='ocrx_word' id='word_1_460' title='bbox 3199 2840 3327 2902; x_wconf 77' lang='grc' dir='ltr'>τοὺς</span> <span class='ocrx_word' id='word_1_461' title='bbox 3348 2840 3613 2910; x_wconf 80' lang='grc' dir='ltr'>ἄρχοντας</span> <span class='ocrx_word' id='word_1_462' title='bbox 3643 2840 3767 2893; x_wconf 81' lang='grc' dir='ltr'>ὀνο-</span> 
     </span>
    </p>
   </div>
   <div class='ocr_carea' id='block_1_70' title="bbox 2181 2929 3767 3004">
    <p class='ocr_par' dir='ltr' id='par_1_70' title="bbox 2181 2929 3767 3004">
     <span class='ocr_line' id='line_1_70' title="bbox 2181 2929 3767 3004; baseline -0.001 -19"><span class='ocrx_word' id='word_1_463' title='bbox 2181 2932 2344 3004; x_wconf 73' lang='grc' dir='ltr'>μάζει</span> <span class='ocrx_word' id='word_1_464' title='bbox 2365 2946 2379 2959; x_wconf 77' lang='grc'><strong><em>⁵</em></strong></span> <span class='ocrx_word' id='word_1_465' title='bbox 2408 2931 2639 3001; x_wconf 79' lang='grc' dir='ltr'>δρυμὸν</span> <span class='ocrx_word' id='word_1_466' title='bbox 2682 2931 2741 2984; x_wconf 74' lang='grc' dir='ltr'>δὲ</span> <span class='ocrx_word' id='word_1_467' title='bbox 2790 2931 3135 3000; x_wconf 74' lang='grc' dir='ltr'>σύμφυτον,</span> <span class='ocrx_word' id='word_1_468' title='bbox 3192 2929 3291 3000; x_wconf 77' lang='grc' dir='ltr'>τὴν</span> <span class='ocrx_word' id='word_1_469' title='bbox 3319 2930 3570 2999; x_wconf 77' lang='grc' dir='ltr'>ἄκαρπον</span> <span class='ocrx_word' id='word_1_470' title='bbox 3603 2931 3767 2984; x_wconf 83' lang='grc' dir='ltr'>δυνα-</span> 
     </span>
    </p>
   </div>
   <div class='ocr_carea' id='block_1_71' title="bbox 2180 3020 3770 3094">
    <p class='ocr_par' dir='ltr' id='par_1_71' title="bbox 2180 3020 3770 3094">
     <span class='ocr_line' id='line_1_71' title="bbox 2180 3020 3770 3094; baseline -0.001 -16"><span class='ocrx_word' id='word_1_471' title='bbox 2180 3023 2383 3078; x_wconf 81' lang='grc' dir='ltr'>στείαν.</span> <span class='ocrx_word' id='word_1_472' title='bbox 2412 3022 2646 3087; x_wconf 85' lang='grc' dir='ltr'>Τούτους</span> <span class='ocrx_word' id='word_1_473' title='bbox 2680 3021 2738 3075; x_wconf 73' lang='grc' dir='ltr'>δὲ</span> <span class='ocrx_word' id='word_1_474' title='bbox 2790 3021 3040 3085; x_wconf 72' lang='grc' dir='ltr'>ἅπαντας</span> <span class='ocrx_word' id='word_1_475' title='bbox 3081 3020 3369 3093; x_wconf 86' lang='grc' dir='ltr'>ὀδύρεσθαι</span> <span class='ocrx_word' id='word_1_476' title='bbox 3404 3023 3497 3076; x_wconf 78' lang='grc' dir='ltr'><strong>καὶ</strong></span> <span class='ocrx_word' id='word_1_477' title='bbox 3546 3021 3770 3094; x_wconf 80' lang='grc' dir='ltr'>θρηνεῖν</span> 
     </span>
    </p>
   </div>
   <div class='ocr_carea' id='block_1_72' title="bbox 2178 3111 3765 3186">
    <p class='ocr_par' dir='ltr' id='par_1_72' title="bbox 2178 3111 3765 3186">
     <span class='ocr_line' id='line_1_72' title="bbox 2178 3111 3765 3186; baseline -0.001 -17"><span class='ocrx_word' id='word_1_478' title='bbox 2178 3114 2308 3185; x_wconf 65' lang='grc' dir='ltr'>ἔφη,</span> <span class='ocrx_word' id='word_1_479' title='bbox 2344 3116 2490 3185; x_wconf 84' lang='grc' dir='ltr'>μέγα</span> <span class='ocrx_word' id='word_1_480' title='bbox 2540 3114 2639 3184; x_wconf 85' lang='grc' dir='ltr'><strong>μὲν</strong></span> <span class='ocrx_word' id='word_1_481' title='bbox 2694 3114 2839 3168; x_wconf 79' lang='grc' dir='ltr'>κατὰ</span> <span class='ocrx_word' id='word_1_482' title='bbox 2886 3111 2985 3168; x_wconf 90' lang='grc' dir='ltr'><strong>τοῦ</strong></span> <span class='ocrx_word' id='word_1_483' title='bbox 3049 3114 3321 3184; x_wconf 80' lang='grc' dir='ltr'>Ἰορδάνου</span> <span class='ocrx_word' id='word_1_484' title='bbox 3364 3115 3765 3186; x_wconf 80' lang='grc' dir='ltr'>φρονήσαντας,</span> 
     </span>
    </p>
   </div>
   <div class='ocr_carea' id='block_1_73' title="bbox 2106 3204 3771 3286">
    <p class='ocr_par' dir='ltr' id='par_1_73' title="bbox 2106 3204 3771 3286">
     <span class='ocr_line' id='line_1_73' title="bbox 2106 3204 3771 3286; baseline 0 -25"><span class='ocrx_word' id='word_1_485' title='bbox 2106 3225 2151 3286; x_wconf 79' lang='lat' dir='ltr'><strong>c</strong></span> <span class='ocrx_word' id='word_1_486' title='bbox 2180 3207 2283 3278; x_wconf 84' lang='grc' dir='ltr'>τῆς</span> <span class='ocrx_word' id='word_1_487' title='bbox 2304 3207 2361 3260; x_wconf 86' lang='grc' dir='ltr'>δὲ</span> <span class='ocrx_word' id='word_1_488' title='bbox 2396 3207 2611 3272; x_wconf 87' lang='grc' dir='ltr'>ἐλπίδος</span> <span class='ocrx_word' id='word_1_489' title='bbox 2639 3206 3112 3277; x_wconf 72' lang='grc' dir='ltr'>ψευσθέντας.Διά</span> <span class='ocrx_word' id='word_1_490' title='bbox 3126 3224 3186 3261; x_wconf 93' lang='grc' dir='ltr'><strong>τε</strong></span> <span class='ocrx_word' id='word_1_491' title='bbox 3212 3204 3307 3259; x_wconf 85' lang='grc' dir='ltr'><strong>τοῦ</strong></span> <span class='ocrx_word' id='word_1_492' title='bbox 3347 3206 3645 3276; x_wconf 78' lang='grc' dir='ltr'>Ἰορδάνου</span> <span class='ocrx_word' id='word_1_493' title='bbox 3666 3207 3771 3277; x_wconf 75' lang='grc' dir='ltr'>τὴν</span> 
     </span>
    </p>
   </div>
   <div class='ocr_carea' id='block_1_74' title="bbox 2194 3290 3771 3370">
    <p class='ocr_par' dir='ltr' id='par_1_74' title="bbox 2194 3290 3771 3370">
     <span class='ocr_line' id='line_1_74' title="bbox 2194 3290 3771 3370; baseline -0.002 -18"><span class='ocrx_word' id='word_1_494' title='bbox 2194 3298 2467 3352; x_wconf 82' lang='grc' dir='ltr'>Ἰουδαίων</span> <span class='ocrx_word' id='word_1_495' title='bbox 2521 3298 2743 3369; x_wconf 71' lang='grc' dir='ltr'>ᾐνίξατο</span> <span class='ocrx_word' id='word_1_496' title='bbox 2778 3300 2916 3370; x_wconf 80' lang='grc' dir='ltr'>γῆν·</span> <span class='ocrx_word' id='word_1_497' title='bbox 2961 3297 3029 3351; x_wconf 90' lang='grc' dir='ltr'>δι’</span> <span class='ocrx_word' id='word_1_498' title='bbox 3088 3290 3259 3367; x_wconf 67' lang='grc' dir='ltr'>αὐτῆς</span> <span class='ocrx_word' id='word_1_499' title='bbox 3322 3297 3432 3367; x_wconf 67' lang='grc' dir='ltr'>γὰρ</span> <span class='ocrx_word' id='word_1_500' title='bbox 3490 3292 3645 3361; x_wconf 70' lang='grc' dir='ltr'>οὗτος</span> <span class='ocrx_word' id='word_1_501' title='bbox 3671 3297 3771 3369; x_wconf 80' lang='grc' dir='ltr'>τὴν</span> 
     </span>
    </p>
   </div>
   <div class='ocr_carea' id='block_1_75' title="bbox 2183 3385 3771 3462">
    <p class='ocr_par' dir='ltr' id='par_1_75' title="bbox 2183 3385 3771 3462">
     <span class='ocr_line' id='line_1_75' title="bbox 2183 3385 3771 3462; baseline -0.001 -18"><span class='ocrx_word' id='word_1_502' title='bbox 2183 3389 2411 3461; x_wconf 83' lang='grc' dir='ltr'>πορείαν</span> <span class='ocrx_word' id='word_1_503' title='bbox 2443 3392 2679 3443; x_wconf 85' lang='grc' dir='ltr'>ποιεῖται</span> <span class='ocrx_word' id='word_1_504' title='bbox 2705 3408 2719 3421; x_wconf 79' lang='grc' dir='ltr'><strong>ο</strong></span> <span class='ocrx_word' id='word_1_505' title='bbox 2746 3390 2920 3443; x_wconf 86' lang='grc' dir='ltr'>ταῦτα</span> <span class='ocrx_word' id='word_1_506' title='bbox 2943 3389 3045 3460; x_wconf 87' lang='grc' dir='ltr'><strong>μέν</strong></span> <span class='ocrx_word' id='word_1_507' title='bbox 3081 3385 3175 3443; x_wconf 84' lang='grc' dir='ltr'><strong>οὖν</strong></span> <span class='ocrx_word' id='word_1_508' title='bbox 3205 3389 3337 3462; x_wconf 77' lang='grc' dir='ltr'>περὶ</span> <span class='ocrx_word' id='word_1_509' title='bbox 3367 3389 3471 3458; x_wconf 85' lang='grc' dir='ltr'>τῆς</span> <span class='ocrx_word' id='word_1_510' title='bbox 3500 3389 3771 3461; x_wconf 85' lang='grc' dir='ltr'>ἐσομένης</span> 
     </span>
    </p>
   </div>
   <div class='ocr_carea' id='block_1_76' title="bbox 2194 3462 3773 3552">
    <p class='ocr_par' dir='ltr' id='par_1_76' title="bbox 2194 3462 3773 3552">
     <span class='ocr_line' id='line_1_76' title="bbox 2194 3462 3773 3552; baseline 0.001 -18"><span class='ocrx_word' id='word_1_511' title='bbox 2194 3480 2468 3545; x_wconf 87' lang='grc' dir='ltr'>Ἰουδαίοις</span> <span class='ocrx_word' id='word_1_512' title='bbox 2535 3479 2675 3552; x_wconf 84' lang='grc' dir='ltr'>μετὰ</span> <span class='ocrx_word' id='word_1_513' title='bbox 2730 3480 2831 3550; x_wconf 74' lang='grc' dir='ltr'>τὴν</span> <span class='ocrx_word' id='word_1_514' title='bbox 2900 3481 3160 3536; x_wconf 81' lang='grc' dir='ltr'>ἐπάνοδον</span> <span class='ocrx_word' id='word_1_515' title='bbox 3217 3480 3520 3550; x_wconf 77' lang='grc' dir='ltr'>εὐπραξίας</span> <span class='ocrx_word' id='word_1_516' title='bbox 3558 3482 3588 3533; x_wconf 90' lang='lat'><strong>6</strong></span> <span class='ocrx_word' id='word_1_517' title='bbox 3627 3462 3773 3548; x_wconf 78' lang='grc' dir='ltr'>θεῖος</span> 
     </span>
    </p>
   </div>
   <div class='ocr_carea' id='block_1_77' title="bbox 2180 3568 3774 3642">
    <p class='ocr_par' dir='ltr' id='par_1_77' title="bbox 2180 3568 3774 3642">
     <span class='ocr_line' id='line_1_77' title="bbox 2180 3568 3774 3642; baseline 0.002 -19"><span class='ocrx_word' id='word_1_518' title='bbox 2180 3571 2561 3642; x_wconf 82' lang='grc' dir='ltr'>προηγόρευσε</span> <span class='ocrx_word' id='word_1_519' title='bbox 2613 3571 2909 3641; x_wconf 86' lang='grc' dir='ltr'>Ζαχαρίας.</span> <span class='ocrx_word' id='word_1_520' title='bbox 2992 3569 3271 3624; x_wconf 84' lang='grc' dir='ltr'>Ἐντεῦθεν</span> <span class='ocrx_word' id='word_1_521' title='bbox 3341 3569 3400 3623; x_wconf 83' lang='grc' dir='ltr'>δὲ</span> <span class='ocrx_word' id='word_1_522' title='bbox 3445 3568 3635 3623; x_wconf 81' lang='grc' dir='ltr'>λοιπὸν</span> <span class='ocrx_word' id='word_1_523' title='bbox 3699 3571 3774 3626; x_wconf 74' lang='grc' dir='ltr'><strong>τὰ</strong></span> 
     </span>
    </p>
   </div>
   <div class='ocr_carea' id='block_1_78' title="bbox 2182 3659 3773 3733">
    <p class='ocr_par' dir='ltr' id='par_1_78' title="bbox 2182 3659 3773 3733">
     <span class='ocr_line' id='line_1_78' title="bbox 2182 3659 3773 3733; baseline -0.001 -18"><span class='ocrx_word' id='word_1_524' title='bbox 2182 3662 2610 3733; x_wconf 69' lang='grc' dir='ltr'>καταληψόμενα</span> <span class='ocrx_word' id='word_1_525' title='bbox 2665 3662 2861 3726; x_wconf 81' lang='grc' dir='ltr'>αὐτοὺς</span> <span class='ocrx_word' id='word_1_526' title='bbox 2906 3660 2997 3716; x_wconf 74' lang='grc' dir='ltr'>διὰ</span> <span class='ocrx_word' id='word_1_527' title='bbox 3046 3660 3144 3733; x_wconf 79' lang='grc' dir='ltr'>τὴν</span> <span class='ocrx_word' id='word_1_528' title='bbox 3174 3660 3379 3716; x_wconf 80' lang='grc' dir='ltr'>οἰκείαν</span> <span class='ocrx_word' id='word_1_529' title='bbox 3420 3659 3773 3733; x_wconf 85' lang='grc' dir='ltr'>παρανομίαν</span> 
     </span>
    </p>
   </div>
   <div class='ocr_carea' id='block_1_79' title="bbox 2180 3750 2742 3824">
    <p class='ocr_par' dir='ltr' id='par_1_79' title="bbox 2180 3750 2742 3824">
     <span class='ocr_line' id='line_1_79' title="bbox 2180 3750 2742 3824; baseline 0.004 -19"><span class='ocrx_word' id='word_1_530' title='bbox 2180 3750 2540 3824; x_wconf 75' lang='grc' dir='ltr'>προθεσπίζει</span> <span class='ocrx_word' id='word_1_531' title='bbox 2572 3751 2742 3807; x_wconf 83' lang='grc' dir='ltr'>κακά.</span> 
     </span>
    </p>
   </div>
   <div class='ocr_carea' id='block_1_80' title="bbox 2252 3843 3771 3916">
    <p class='ocr_par' dir='ltr' id='par_1_80' title="bbox 2252 3843 3771 3916">
     <span class='ocr_line' id='line_1_80' title="bbox 2252 3843 3771 3916; baseline -0.001 -19"><span class='ocrx_word' id='word_1_532' title='bbox 2252 3844 2316 3899; x_wconf 82' lang='grc' dir='ltr'>δ’.</span> <span class='ocrx_word' id='word_1_533' title='bbox 2357 3865 2374 3896; x_wconf 75' lang='grc' dir='ltr'><strong>ι</strong></span> <span class='ocrx_word' id='word_1_534' title='bbox 2412 3844 2551 3898; x_wconf 87' lang='grc' dir='ltr'>Τάδε</span> <span class='ocrx_word' id='word_1_535' title='bbox 2607 3844 2755 3912; x_wconf 79' lang='grc' dir='ltr'>λέγει</span> <span class='ocrx_word' id='word_1_536' title='bbox 2783 3844 2990 3916; x_wconf 86' lang='grc' dir='ltr'>Κύριος</span> <span class='ocrx_word' id='word_1_537' title='bbox 3036 3844 3466 3915; x_wconf 79' lang='grc' dir='ltr'>παντοκράτωρο</span> <span class='ocrx_word' id='word_1_538' title='bbox 3504 3843 3771 3913; x_wconf 85' lang='grc' dir='ltr'>Ποίμαινε</span> 
     </span>
    </p>
   </div>
   <div class='ocr_carea' id='block_1_81' title="bbox 2178 3932 3772 4006">
    <p class='ocr_par' dir='ltr' id='par_1_81' title="bbox 2178 3932 3772 4006">
     <span class='ocr_line' id='line_1_81' title="bbox 2178 3932 3772 4006; baseline -0.003 -16"><span class='ocrx_word' id='word_1_539' title='bbox 2178 3934 2247 3990; x_wconf 84' lang='grc' dir='ltr'>τὰ</span> <span class='ocrx_word' id='word_1_540' title='bbox 2275 3934 2527 4006; x_wconf 77' lang='grc' dir='ltr'>πρόϐατα</span> <span class='ocrx_word' id='word_1_541' title='bbox 2564 3934 2664 4005; x_wconf 81' lang='grc' dir='ltr'>τῆς</span> <span class='ocrx_word' id='word_1_542' title='bbox 2709 3934 2944 4006; x_wconf 79' lang='grc' dir='ltr'>σφαγῆς.</span> <span class='ocrx_word' id='word_1_543' title='bbox 2969 3954 2986 3986; x_wconf 75' lang='grc' dir='ltr'><strong>ι</strong></span> <span class='ocrx_word' id='word_1_544' title='bbox 3024 3934 3121 3997; x_wconf 88' lang='grc' dir='ltr'><strong>Τίς</strong></span> <span class='ocrx_word' id='word_1_545' title='bbox 3161 3934 3218 3987; x_wconf 76' lang='grc' dir='ltr'>δὲ</span> <span class='ocrx_word' id='word_1_546' title='bbox 3248 3932 3424 3986; x_wconf 88' lang='grc' dir='ltr'>ταῦτα</span> <span class='ocrx_word' id='word_1_547' title='bbox 3471 3933 3772 4001; x_wconf 82' lang='grc' dir='ltr'>ἐποίμανεν</span> 
     </span>
    </p>
   </div>
   <div class='ocr_carea' id='block_1_82' title="bbox 2179 4024 3772 4098">
    <p class='ocr_par' dir='ltr' id='par_1_82' title="bbox 2179 4024 3772 4098">
     <span class='ocr_line' id='line_1_82' title="bbox 2179 4024 3772 4098; baseline -0.002 -18"><span class='ocrx_word' id='word_1_548' title='bbox 2179 4026 2213 4098; x_wconf 76' lang='grc' dir='ltr'><strong>ἢ</strong></span> <span class='ocrx_word' id='word_1_549' title='bbox 2242 4029 2270 4081; x_wconf 93' lang='lat'><strong>6</strong></span> <span class='ocrx_word' id='word_1_550' title='bbox 2299 4026 2579 4096; x_wconf 83' lang='grc' dir='ltr'>Δεσπότης</span> <span class='ocrx_word' id='word_1_551' title='bbox 2628 4025 2884 4098; x_wconf 80' lang='grc' dir='ltr'>Χριστὸς,</span> <span class='ocrx_word' id='word_1_552' title='bbox 2914 4026 2945 4079; x_wconf 91' lang='lat'><strong>6</strong></span> <span class='ocrx_word' id='word_1_553' title='bbox 2974 4026 3033 4077; x_wconf 87' lang='grc' dir='ltr'><strong>ἐν</strong></span> <span class='ocrx_word' id='word_1_554' title='bbox 3061 4026 3173 4088; x_wconf 87' lang='grc' dir='ltr'>τοῖς</span> <span class='ocrx_word' id='word_1_555' title='bbox 3212 4025 3381 4095; x_wconf 80' lang='grc' dir='ltr'>ἱεροῖς</span> <span class='ocrx_word' id='word_1_556' title='bbox 3411 4024 3772 4091; x_wconf 83' lang='grc' dir='ltr'>Εὑαγγελίοις</span> 
     </span>
    </p>
   </div>
   <div class='ocr_carea' id='block_1_83' title="bbox 2181 4114 3773 4192">
    <p class='ocr_par' dir='ltr' id='par_1_83' title="bbox 2181 4114 3773 4192">
     <span class='ocr_line' id='line_1_83' title="bbox 2181 4114 3773 4192; baseline -0.001 -23"><span class='ocrx_word' id='word_1_557' title='bbox 2181 4116 2320 4187; x_wconf 82' lang='grc' dir='ltr'>βοῶν</span> <span class='ocrx_word' id='word_1_558' title='bbox 2351 4133 2364 4147; x_wconf 78' lang='grc'><strong><em>⁸</em></strong></span> <span class='ocrx_word' id='word_1_559' title='bbox 2403 4135 2423 4168; x_wconf 80' lang='grc' dir='ltr'><strong>ι</strong></span> <span class='ocrx_word' id='word_1_560' title='bbox 2462 4116 2606 4185; x_wconf 84' lang='grc' dir='ltr'><strong>Ἐγὼ</strong></span> <span class='ocrx_word' id='word_1_561' title='bbox 2663 4117 2780 4192; x_wconf 85' lang='grc' dir='ltr'>είμι</span> <span class='ocrx_word' id='word_1_562' title='bbox 2808 4117 2837 4168; x_wconf 96' lang='lat'><strong>6</strong></span> <span class='ocrx_word' id='word_1_563' title='bbox 2878 4114 3081 4186; x_wconf 80' lang='grc' dir='ltr'>ποιμὴν</span> <span class='ocrx_word' id='word_1_564' title='bbox 3123 4115 3153 4168; x_wconf 93' lang='lat'><strong>6</strong></span> <span class='ocrx_word' id='word_1_565' title='bbox 3185 4114 3351 4177; x_wconf 86' lang='grc' dir='ltr'>καλός</span> <span class='ocrx_word' id='word_1_566' title='bbox 3380 4131 3393 4144; x_wconf 89' lang='grc'><strong>·</strong></span> <span class='ocrx_word' id='word_1_567' title='bbox 3427 4116 3456 4168; x_wconf 90' lang='lat'><strong>6</strong></span> <span class='ocrx_word' id='word_1_568' title='bbox 3505 4115 3713 4184; x_wconf 78' lang='grc' dir='ltr'>ποιμὴν</span> <span class='ocrx_word' id='word_1_569' title='bbox 3742 4118 3773 4168; x_wconf 84' lang='grc' dir='ltr'>ὁ</span> 
     </span>
    </p>
   </div>
   <div class='ocr_carea' id='block_1_84' title="bbox 2179 4204 3763 4278">
    <p class='ocr_par' dir='ltr' id='par_1_84' title="bbox 2179 4204 3763 4278">
     <span class='ocr_line' id='line_1_84' title="bbox 2179 4204 3763 4278; baseline -0.003 -17"><span class='ocrx_word' id='word_1_570' title='bbox 2179 4207 2344 4271; x_wconf 77' lang='grc' dir='ltr'>καλὸς</span> <span class='ocrx_word' id='word_1_571' title='bbox 2363 4208 2462 4278; x_wconf 85' lang='grc' dir='ltr'>τὴν</span> <span class='ocrx_word' id='word_1_572' title='bbox 2478 4206 2656 4277; x_wconf 77' lang='grc' dir='ltr'>ψυχὴν</span> <span class='ocrx_word' id='word_1_573' title='bbox 2686 4205 2853 4260; x_wconf 81' lang='grc' dir='ltr'>αὑτοῦ</span> <span class='ocrx_word' id='word_1_574' title='bbox 2875 4205 3089 4275; x_wconf 87' lang='grc' dir='ltr'>τίθησιν</span> <span class='ocrx_word' id='word_1_575' title='bbox 3115 4205 3256 4276; x_wconf 80' lang='grc' dir='ltr'>ὑπὲρ</span> <span class='ocrx_word' id='word_1_576' title='bbox 3276 4205 3385 4259; x_wconf 84' lang='grc' dir='ltr'>τῶν</span> <span class='ocrx_word' id='word_1_577' title='bbox 3407 4204 3699 4276; x_wconf 87' lang='grc' dir='ltr'>προϐάτων</span> <span class='ocrx_word' id='word_1_578' title='bbox 3714 4223 3729 4271; x_wconf 89' lang='grc'><strong>;</strong></span> <span class='ocrx_word' id='word_1_579' title='bbox 3745 4225 3763 4256; x_wconf 74' lang='grc' dir='ltr'><strong>ι</strong></span> 
     </span>
    </p>
   </div>
   <div class='ocr_carea' id='block_1_85' title="bbox 2178 4295 3771 4370">
    <p class='ocr_par' dir='ltr' id='par_1_85' title="bbox 2178 4295 3771 4370">
     <span class='ocr_line' id='line_1_85' title="bbox 2178 4295 3771 4370; baseline -0.001 -19"><span class='ocrx_word' id='word_1_580' title='bbox 2178 4298 2342 4353; x_wconf 80' lang='grc' dir='ltr'>Ἀλλά</span> <span class='ocrx_word' id='word_1_581' title='bbox 2378 4298 2569 4370; x_wconf 82' lang='grc' dir='ltr'>μηδεὶς</span> <span class='ocrx_word' id='word_1_582' title='bbox 2611 4296 2776 4352; x_wconf 79' lang='grc' dir='ltr'>αὑτὸν</span> <span class='ocrx_word' id='word_1_583' title='bbox 2801 4337 2814 4356; x_wconf 90' lang='grc'><strong>.</strong></span> <span class='ocrx_word' id='word_1_584' title='bbox 2844 4296 2922 4360; x_wconf 88' lang='grc' dir='ltr'>ὼς</span> <span class='ocrx_word' id='word_1_585' title='bbox 2978 4296 3213 4367; x_wconf 80' lang='grc' dir='ltr'>ποιμένα</span> <span class='ocrx_word' id='word_1_586' title='bbox 3244 4295 3601 4365; x_wconf 86' lang='grc' dir='ltr'>καλούμενον,</span> <span class='ocrx_word' id='word_1_587' title='bbox 3641 4314 3771 4367; x_wconf 76' lang='grc' dir='ltr'>σμι-</span> 
     </span>
    </p>
   </div>
   <div class='ocr_carea' id='block_1_86' title="bbox 2179 4380 3771 4460">
    <p class='ocr_par' dir='ltr' id='par_1_86' title="bbox 2179 4380 3771 4460">
     <span class='ocr_line' id='line_1_86' title="bbox 2179 4380 3771 4460; baseline -0.001 -18"><span class='ocrx_word' id='word_1_588' title='bbox 2179 4388 2400 4460; x_wconf 86' lang='grc' dir='ltr'>κρύνειν</span> <span class='ocrx_word' id='word_1_589' title='bbox 2444 4387 2732 4459; x_wconf 84' lang='grc' dir='ltr'>τολμάτω·</span> <span class='ocrx_word' id='word_1_590' title='bbox 2764 4380 2919 4449; x_wconf 79' lang='grc' dir='ltr'>οὗτος</span> <span class='ocrx_word' id='word_1_591' title='bbox 2966 4385 3078 4457; x_wconf 80' lang='grc' dir='ltr'><strong>γάρ</strong></span> <span class='ocrx_word' id='word_1_592' title='bbox 3129 4386 3228 4456; x_wconf 77' lang='grc' dir='ltr'>τῆς</span> <span class='ocrx_word' id='word_1_593' title='bbox 3274 4386 3550 4458; x_wconf 77' lang='grc' dir='ltr'>ἡμετέρας</span> <span class='ocrx_word' id='word_1_594' title='bbox 3579 4386 3771 4440; x_wconf 63' lang='grc' dir='ltr'>εἵνεκα</span> 
     </span>
    </p>
   </div>
   <div class='ocr_carea' id='block_1_87' title="bbox 2180 4478 3745 4553">
    <p class='ocr_par' dir='ltr' id='par_1_87' title="bbox 2180 4478 3745 4553">
     <span class='ocr_line' id='line_1_87' title="bbox 2180 4478 3745 4553; baseline -0.001 -18"><span class='ocrx_word' id='word_1_595' title='bbox 2180 4480 2455 4553; x_wconf 85' lang='grc' dir='ltr'>σωτηρίας</span> <span class='ocrx_word' id='word_1_596' title='bbox 2479 4480 2541 4534; x_wconf 88' lang='grc' dir='ltr'><strong>οὑ</strong></span> <span class='ocrx_word' id='word_1_597' title='bbox 2574 4479 2736 4550; x_wconf 88' lang='grc' dir='ltr'>μόνον</span> <span class='ocrx_word' id='word_1_598' title='bbox 2763 4478 3008 4549; x_wconf 73' lang='grc' dir='ltr'>ποιμὴν,</span> <span class='ocrx_word' id='word_1_599' title='bbox 3042 4479 3179 4533; x_wconf 82' lang='grc' dir='ltr'>ἀλλὰ</span> <span class='ocrx_word' id='word_1_600' title='bbox 3209 4479 3304 4533; x_wconf 79' lang='grc' dir='ltr'><strong>καὶ</strong></span> <span class='ocrx_word' id='word_1_601' title='bbox 3332 4479 3523 4549; x_wconf 77' lang='grc' dir='ltr'>ἀμνὸς</span> <span class='ocrx_word' id='word_1_602' title='bbox 3550 4480 3745 4549; x_wconf 75' lang='grc' dir='ltr'>ὼνομά</span> 
     </span>
    </p>
   </div>
   <div class='ocr_carea' id='block_1_88' title="bbox 482 4568 2080 4650">
    <p class='ocr_par' dir='ltr' id='par_1_88' title="bbox 482 4570 2075 4650">
     <span class='ocr_line' id='line_1_88' title="bbox 482 4570 2075 4650; baseline -0.009 -14"><span class='ocrx_word' id='word_1_603' title='bbox 482 4576 730 4650; x_wconf 66' lang='lat' dir='ltr'><strong>agnum?</strong></span> <span class='ocrx_word' id='word_1_604' title='bbox 764 4576 899 4646; x_wconf 87' lang='lat' dir='ltr'><strong>quin</strong></span> <span class='ocrx_word' id='word_1_605' title='bbox 931 4573 1096 4631; x_wconf 87' lang='lat' dir='ltr'><strong>etiam</strong></span> <span class='ocrx_word' id='word_1_606' title='bbox 1129 4570 1471 4627; x_wconf 80' lang='lat' dir='ltr'><strong>maledictum</strong></span> <span class='ocrx_word' id='word_1_607' title='bbox 1502 4575 1558 4625; x_wconf 93' lang='lat' dir='ltr'><strong>et</strong></span> <span class='ocrx_word' id='word_1_608' title='bbox 1603 4575 1875 4638; x_wconf 81' lang='lat' dir='ltr'><strong>peccatum</strong></span> <span class='ocrx_word' id='word_1_609' title='bbox 1908 4581 2075 4623; x_wconf 83' lang='lat' dir='ltr'><strong>voca-</strong></span> 
     </span>
    </p>
   </div>
   <div class='ocr_carea' id='block_1_89' title="bbox 2179 4568 3768 4650">
    <p class='ocr_par' dir='ltr' id='par_1_89' title="bbox 2180 4568 3768 4643">
     <span class='ocr_line' id='line_1_89' title="bbox 2180 4568 3768 4643; baseline -0.003 -17"><span class='ocrx_word' id='word_1_610' title='bbox 2180 4572 2304 4643; x_wconf 89' lang='grc' dir='ltr'>σθη,</span> <span class='ocrx_word' id='word_1_611' title='bbox 2340 4572 2436 4626; x_wconf 77' lang='grc' dir='ltr'><strong>καὶ</strong></span> <span class='ocrx_word' id='word_1_612' title='bbox 2453 4572 2775 4642; x_wconf 77' lang='grc' dir='ltr'>πρόϐατον.</span> <span class='ocrx_word' id='word_1_613' title='bbox 2798 4571 2911 4624; x_wconf 75' lang='grc' dir='ltr'>Καὶ</span> <span class='ocrx_word' id='word_1_614' title='bbox 2925 4570 2978 4623; x_wconf 93' lang='grc' dir='ltr'><strong>τί</strong></span> <span class='ocrx_word' id='word_1_615' title='bbox 2995 4568 3138 4641; x_wconf 83' lang='grc' dir='ltr'>λέγω</span> <span class='ocrx_word' id='word_1_616' title='bbox 3164 4568 3435 4641; x_wconf 89' lang='grc' dir='ltr'>πρόϐατον</span> <span class='ocrx_word' id='word_1_617' title='bbox 3451 4569 3544 4623; x_wconf 77' lang='grc' dir='ltr'>καὶ</span> <span class='ocrx_word' id='word_1_618' title='bbox 3561 4569 3734 4639; x_wconf 86' lang='grc' dir='ltr'>ἀμνόν</span> <span class='ocrx_word' id='word_1_619' title='bbox 3750 4586 3768 4633; x_wconf 87' lang='grc'><strong>;</strong></span> 
     </span>
    </p>
   </div>
   <div class='ocr_carea' id='block_1_90' title="bbox 488 4659 2076 4737">
    <p class='ocr_par' dir='ltr' id='par_1_90' title="bbox 488 4659 2076 4737">
     <span class='ocr_line' id='line_1_90' title="bbox 488 4659 2076 4737; baseline -0.007 -11"><span class='ocrx_word' id='word_1_620' title='bbox 488 4680 582 4726; x_wconf 87' lang='lat' dir='ltr'><strong>tus</strong></span> <span class='ocrx_word' id='word_1_621' title='bbox 607 4669 729 4735; x_wconf 87' lang='lat' dir='ltr'><strong>fuit,</strong></span> <span class='ocrx_word' id='word_1_622' title='bbox 757 4676 819 4727; x_wconf 86' lang='lat' dir='ltr'><strong>ut</strong></span> <span class='ocrx_word' id='word_1_623' title='bbox 846 4674 903 4724; x_wconf 86' lang='lat' dir='ltr'><strong>et</strong></span> <span class='ocrx_word' id='word_1_624' title='bbox 934 4674 1220 4737; x_wconf 86' lang='lat' dir='ltr'><strong>peccatum</strong></span> <span class='ocrx_word' id='word_1_625' title='bbox 1247 4661 1534 4717; x_wconf 84' lang='lat' dir='ltr'><strong>hominum</strong></span> <span class='ocrx_word' id='word_1_626' title='bbox 1562 4659 1811 4729; x_wconf 81' lang='lat' dir='ltr'><strong>expiaret</strong></span> <span class='ocrx_word' id='word_1_627' title='bbox 1831 4668 1885 4715; x_wconf 90' lang='lat' dir='ltr'><strong>et</strong></span> <span class='ocrx_word' id='word_1_628' title='bbox 1906 4660 2076 4715; x_wconf 87' lang='lat' dir='ltr'><strong>male-</strong></span> 
     </span>
    </p>
   </div>
   <div class='ocr_carea' id='block_1_91' title="bbox 490 4751 2076 4830">
    <p class='ocr_par' dir='ltr' id='par_1_91' title="bbox 490 4751 2076 4830">
     <span class='ocr_line' id='line_1_91' title="bbox 490 4751 2076 4830; baseline -0.007 -11"><span class='ocrx_word' id='word_1_629' title='bbox 490 4763 722 4820; x_wconf 87' lang='lat' dir='ltr'><strong>dictum.</strong></span> <span class='ocrx_word' id='word_1_630' title='bbox 754 4758 898 4817; x_wconf 78' lang='lat' dir='ltr'><strong>Huic</strong></span> <span class='ocrx_word' id='word_1_631' title='bbox 928 4774 1063 4830; x_wconf 86' lang='lat' dir='ltr'><strong>ergo</strong></span> <span class='ocrx_word' id='word_1_632' title='bbox 1091 4755 1257 4814; x_wconf 81' lang='lat' dir='ltr'><strong>Pater</strong></span> <span class='ocrx_word' id='word_1_633' title='bbox 1296 4754 1471 4811; x_wconf 90' lang='lat' dir='ltr'><strong>dicit:</strong></span> <span class='ocrx_word' id='word_1_634' title='bbox 1503 4772 1522 4806; x_wconf 77' lang='grc' dir='ltr'><strong>ι</strong></span> <span class='ocrx_word' id='word_1_635' title='bbox 1561 4751 1732 4807; x_wconf 87' lang='lat' dir='ltr'><strong>Pasce</strong></span> <span class='ocrx_word' id='word_1_636' title='bbox 1755 4768 1886 4810; x_wconf 86' lang='lat' dir='ltr'><strong>oves</strong></span> <span class='ocrx_word' id='word_1_637' title='bbox 1912 4753 2076 4810; x_wconf 91' lang='lat' dir='ltr'><strong>occi—</strong></span> 
     </span>
    </p>
   </div>
   <div class='ocr_carea' id='block_1_92' title="bbox 485 4844 2074 4920">
    <p class='ocr_par' dir='ltr' id='par_1_92' title="bbox 485 4844 2074 4920">
     <span class='ocr_line' id='line_1_92' title="bbox 485 4844 2074 4920; baseline -0.008 -10"><span class='ocrx_word' id='word_1_638' title='bbox 485 4853 690 4917; x_wconf 82' lang='lat' dir='ltr'><strong>sionis.</strong></span> <span class='ocrx_word' id='word_1_639' title='bbox 732 4871 754 4905; x_wconf 74' lang='grc' dir='ltr'><strong>ι</strong></span> <span class='ocrx_word' id='word_1_640' title='bbox 792 4851 900 4920; x_wconf 85' lang='lat' dir='ltr'><strong>Qui</strong></span> <span class='ocrx_word' id='word_1_641' title='bbox 942 4849 1177 4906; x_wconf 90' lang='lat' dir='ltr'><strong>formam</strong></span> <span class='ocrx_word' id='word_1_642' title='bbox 1207 4847 1353 4904; x_wconf 87' lang='lat' dir='ltr'><strong>servi</strong></span> <span class='ocrx_word' id='word_1_643' title='bbox 1387 4859 1606 4901; x_wconf 87' lang='lat' dir='ltr'><strong>sumere</strong></span> <span class='ocrx_word' id='word_1_644' title='bbox 1640 4844 1833 4911; x_wconf 75' lang='lat' dir='ltr'><strong>voluit,</strong></span> <span class='ocrx_word' id='word_1_645' title='bbox 1871 4854 1928 4899; x_wconf 89' lang='grc' dir='ltr'><strong>ιιι</strong></span> <span class='ocrx_word' id='word_1_646' title='bbox 1958 4844 2074 4899; x_wconf 85' lang='lat' dir='ltr'><strong>hu-</strong></span> 
     </span>
    </p>
   </div>
   <div class='ocr_carea' id='block_1_93' title="bbox 490 4933 2077 5001">
    <p class='ocr_par' dir='ltr' id='par_1_93' title="bbox 490 4933 2077 5001">
     <span class='ocr_line' id='line_1_93' title="bbox 490 4933 2077 5001; baseline -0.006 -2"><span class='ocrx_word' id='word_1_647' title='bbox 490 4961 712 5001; x_wconf 83' lang='lat' dir='ltr'><strong>manam</strong></span> <span class='ocrx_word' id='word_1_648' title='bbox 755 4951 1017 5001; x_wconf 73' lang='lat' dir='ltr'><strong>naturam</strong></span> <span class='ocrx_word' id='word_1_649' title='bbox 1068 4956 1099 4995; x_wconf 90' lang='lat' dir='ltr'><strong>a</strong></span> <span class='ocrx_word' id='word_1_650' title='bbox 1146 4939 1416 4997; x_wconf 86' lang='lat' dir='ltr'><strong>servitute</strong></span> <span class='ocrx_word' id='word_1_651' title='bbox 1475 4936 1754 4992; x_wconf 78' lang='lat' dir='ltr'><strong>liberaret.</strong></span> <span class='ocrx_word' id='word_1_652' title='bbox 1785 4933 1858 4990; x_wconf 87' lang='lat' dir='ltr'><strong>Ut</strong></span> <span class='ocrx_word' id='word_1_653' title='bbox 1910 4934 2077 4993; x_wconf 87' lang='lat' dir='ltr'><strong>homo</strong></span> 
     </span>
    </p>
   </div>
   <div class='ocr_carea' id='block_1_94' title="bbox 492 5026 2072 5105">
    <p class='ocr_par' dir='ltr' id='par_1_94' title="bbox 492 5026 2072 5105">
     <span class='ocr_line' id='line_1_94' title="bbox 492 5026 2072 5105; baseline -0.006 -15"><span class='ocrx_word' id='word_1_654' title='bbox 492 5032 700 5105; x_wconf 79' lang='lat' dir='ltr'><strong>itaque,</strong></span> <span class='ocrx_word' id='word_1_655' title='bbox 748 5049 861 5089; x_wconf 89' lang='lat' dir='ltr'><strong>non</strong></span> <span class='ocrx_word' id='word_1_656' title='bbox 908 5041 968 5090; x_wconf 89' lang='lat' dir='ltr'><strong>ut</strong></span> <span class='ocrx_word' id='word_1_657' title='bbox 1022 5030 1195 5094; x_wconf 85' lang='lat' dir='ltr'><strong>Deus,</strong></span> <span class='ocrx_word' id='word_1_658' title='bbox 1227 5030 1344 5085; x_wconf 55' lang='lat' dir='ltr'><strong>haec</strong></span> <span class='ocrx_word' id='word_1_659' title='bbox 1376 5027 1635 5084; x_wconf 81' lang='lat' dir='ltr'><strong>mandata</strong></span> <span class='ocrx_word' id='word_1_660' title='bbox 1674 5026 1912 5098; x_wconf 90' lang='lat' dir='ltr'><strong>accipit:</strong></span> <span class='ocrx_word' id='word_1_661' title='bbox 1947 5042 2072 5081; x_wconf 87' lang='lat' dir='ltr'><strong>nam</strong></span> 
     </span>
    </p>
   </div>
   <div class='ocr_carea' id='block_1_95' title="bbox 493 5118 2067 5195">
    <p class='ocr_par' dir='ltr' id='par_1_95' title="bbox 493 5118 2067 5195">
     <span class='ocr_line' id='line_1_95' title="bbox 493 5118 2067 5195; baseline -0.004 -17"><span class='ocrx_word' id='word_1_662' title='bbox 493 5133 554 5179; x_wconf 87' lang='grc' dir='ltr'><strong>ιιι</strong></span> <span class='ocrx_word' id='word_1_663' title='bbox 574 5122 746 5191; x_wconf 87' lang='lat' dir='ltr'><strong>Deus,</strong></span> <span class='ocrx_word' id='word_1_664' title='bbox 777 5121 928 5180; x_wconf 84' lang='lat' dir='ltr'><strong>Patri</strong></span> <span class='ocrx_word' id='word_1_665' title='bbox 986 5121 1215 5195; x_wconf 63' lang='lat' dir='ltr'><strong>aequalis</strong></span> <span class='ocrx_word' id='word_1_666' title='bbox 1246 5121 1503 5189; x_wconf 86' lang='lat' dir='ltr'><strong>exsistit;</strong></span> <span class='ocrx_word' id='word_1_667' title='bbox 1540 5127 1602 5176; x_wconf 88' lang='lat' dir='ltr'><strong>ut</strong></span> <span class='ocrx_word' id='word_1_668' title='bbox 1650 5118 1815 5174; x_wconf 84' lang='lat' dir='ltr'><strong>homo</strong></span> <span class='ocrx_word' id='word_1_669' title='bbox 1862 5127 2067 5184; x_wconf 88' lang='lat' dir='ltr'><strong>autem,</strong></span> 
     </span>
    </p>
   </div>
   <div class='ocr_carea' id='block_1_96' title="bbox 495 5208 2071 5285">
    <p class='ocr_par' dir='ltr' id='par_1_96' title="bbox 495 5208 2071 5285">
     <span class='ocr_line' id='line_1_96' title="bbox 495 5208 2071 5285; baseline -0.003 -17"><span class='ocrx_word' id='word_1_670' title='bbox 495 5213 737 5269; x_wconf 85' lang='lat' dir='ltr'><strong>clamat:</strong></span> <span class='ocrx_word' id='word_1_671' title='bbox 771 5234 789 5267; x_wconf 84' lang='grc' dir='ltr'><strong>ι</strong></span> <span class='ocrx_word' id='word_1_672' title='bbox 832 5213 909 5271; x_wconf 84' lang='lat' dir='ltr'><strong>Ex</strong></span> <span class='ocrx_word' id='word_1_673' title='bbox 937 5213 1148 5285; x_wconf 90' lang='lat' dir='ltr'><strong>meipso</strong></span> <span class='ocrx_word' id='word_1_674' title='bbox 1191 5228 1300 5268; x_wconf 87' lang='lat' dir='ltr'><strong>non</strong></span> <span class='ocrx_word' id='word_1_675' title='bbox 1358 5214 1574 5285; x_wconf 92' lang='lat' dir='ltr'><strong>loquor.</strong></span> <span class='ocrx_word' id='word_1_676' title='bbox 1612 5208 1928 5265; x_wconf 81' lang='lat' dir='ltr'><strong>Mandatum</strong></span> <span class='ocrx_word' id='word_1_677' title='bbox 1979 5223 2071 5267; x_wconf 83' lang='lat' dir='ltr'><strong>ac-</strong></span> 
     </span>
    </p>
   </div>
   <div class='ocr_carea' id='block_1_97' title="bbox 496 5299 2065 5379">
    <p class='ocr_par' dir='ltr' id='par_1_97' title="bbox 496 5299 2065 5379">
     <span class='ocr_line' id='line_1_97' title="bbox 496 5299 2065 5379; baseline -0.004 -18"><span class='ocrx_word' id='word_1_678' title='bbox 496 5305 638 5379; x_wconf 89' lang='lat' dir='ltr'><strong>cepi,</strong></span> <span class='ocrx_word' id='word_1_679' title='bbox 667 5306 799 5377; x_wconf 88' lang='lat' dir='ltr'><strong>quid</strong></span> <span class='ocrx_word' id='word_1_680' title='bbox 824 5306 1002 5361; x_wconf 90' lang='lat' dir='ltr'><strong>dicam</strong></span> <span class='ocrx_word' id='word_1_681' title='bbox 1035 5303 1245 5375; x_wconf 89' lang='lat' dir='ltr'><strong>etquid</strong></span> <span class='ocrx_word' id='word_1_682' title='bbox 1277 5304 1472 5376; x_wconf 87' lang='lat' dir='ltr'><strong>loquar</strong></span> <span class='ocrx_word' id='word_1_683' title='bbox 1515 5301 1561 5359; x_wconf 78' lang='grc' dir='ltr'>ι.</span> <span class='ocrx_word' id='word_1_684' title='bbox 1604 5322 1623 5355; x_wconf 73' lang='grc' dir='ltr'><strong>ι</strong></span> <span class='ocrx_word' id='word_1_685' title='bbox 1651 5301 1742 5355; x_wconf 90' lang='lat' dir='ltr'><strong>Sic</strong></span> <span class='ocrx_word' id='word_1_686' title='bbox 1765 5301 1928 5357; x_wconf 83' lang='lat' dir='ltr'><strong>etiam</strong></span> <span class='ocrx_word' id='word_1_687' title='bbox 1958 5299 2065 5357; x_wconf 84' lang='lat' dir='ltr'><strong>hoc</strong></span> 
     </span>
    </p>
   </div>
   <div class='ocr_carea' id='block_1_98' title="bbox 565 5480 1600 5551">
    <p class='ocr_par' dir='ltr' id='par_1_98' title="bbox 565 5480 1600 5551">
     <span class='ocr_line' id='line_1_98' title="bbox 565 5480 1600 5551; baseline 0.014 -25"><span class='ocrx_word' id='word_1_688' title='bbox 565 5482 595 5526; x_wconf 79' lang='grc' dir='ltr'><strong>ιι</strong></span> <span class='ocrx_word' id='word_1_689' title='bbox 632 5481 796 5539; x_wconf 76' lang='lat' dir='ltr'><strong>Joan,</strong></span> <span class='ocrx_word' id='word_1_690' title='bbox 828 5499 899 5551; x_wconf 71' lang='grc' dir='ltr'><strong>ι,</strong></span> <span class='ocrx_word' id='word_1_691' title='bbox 939 5484 1027 5538; x_wconf 79' lang='grc' dir='ltr'>Η.</span> <span class='ocrx_word' id='word_1_692' title='bbox 1111 5481 1129 5520; x_wconf 75' lang='grc' dir='ltr'><strong>ι</strong></span> <span class='ocrx_word' id='word_1_693' title='bbox 1173 5480 1336 5538; x_wconf 78' lang='lat' dir='ltr'><strong>Joan.</strong></span> <span class='ocrx_word' id='word_1_694' title='bbox 1374 5500 1472 5551; x_wconf 82' lang='lat' dir='ltr'><strong>xu,</strong></span> <span class='ocrx_word' id='word_1_695' title='bbox 1510 5486 1600 5546; x_wconf 67' lang='lat'><strong>69,.</strong></span> 
     </span>
    </p>
   </div>
   <div class='ocr_carea' id='block_1_99' title="bbox 2178 4661 3772 4741">
    <p class='ocr_par' dir='ltr' id='par_1_99' title="bbox 2178 4661 3772 4741">
     <span class='ocr_line' id='line_1_99' title="bbox 2178 4661 3772 4741; baseline -0.004 -23"><span class='ocrx_word' id='word_1_696' title='bbox 2178 4663 2406 4733; x_wconf 79' lang='grc' dir='ltr'>κατάρα</span> <span class='ocrx_word' id='word_1_697' title='bbox 2438 4664 2543 4737; x_wconf 84' lang='grc' dir='ltr'><strong>γάρ</strong></span> <span class='ocrx_word' id='word_1_698' title='bbox 2574 4662 2668 4718; x_wconf 77' lang='grc' dir='ltr'>καὶ</span> <span class='ocrx_word' id='word_1_699' title='bbox 2714 4662 2970 4741; x_wconf 74' lang='grc' dir='ltr'>ἁμαρτία</span> <span class='ocrx_word' id='word_1_700' title='bbox 3019 4661 3473 4734; x_wconf 85' lang='grc' dir='ltr'>προσηγορεύθη,</span> <span class='ocrx_word' id='word_1_701' title='bbox 3515 4661 3604 4715; x_wconf 86' lang='grc' dir='ltr'><strong>ἵνα</strong></span> <span class='ocrx_word' id='word_1_702' title='bbox 3655 4661 3772 4715; x_wconf 82' lang='grc' dir='ltr'>τῶν</span> 
     </span>
    </p>
   </div>
   <div class='ocr_carea' id='block_1_100' title="bbox 2180 4753 3766 4828">
    <p class='ocr_par' dir='ltr' id='par_1_100' title="bbox 2180 4753 3766 4828">
     <span class='ocr_line' id='line_1_100' title="bbox 2180 4753 3766 4828; baseline 0 -19"><span class='ocrx_word' id='word_1_703' title='bbox 2180 4754 2486 4825; x_wconf 83' lang='grc' dir='ltr'>ἀνθρώπων</span> <span class='ocrx_word' id='word_1_704' title='bbox 2517 4755 2611 4810; x_wconf 79' lang='grc' dir='ltr'>καὶ</span> <span class='ocrx_word' id='word_1_705' title='bbox 2640 4755 2739 4828; x_wconf 82' lang='grc' dir='ltr'><strong>τὴν</strong></span> <span class='ocrx_word' id='word_1_706' title='bbox 2762 4755 3037 4828; x_wconf 85' lang='grc' dir='ltr'>ἁμαρτίαν</span> <span class='ocrx_word' id='word_1_707' title='bbox 3065 4755 3227 4827; x_wconf 85' lang='grc' dir='ltr'>λύσῃ,</span> <span class='ocrx_word' id='word_1_708' title='bbox 3245 4755 3340 4811; x_wconf 67' lang='grc' dir='ltr'><strong>καὶ</strong></span> <span class='ocrx_word' id='word_1_709' title='bbox 3370 4754 3469 4825; x_wconf 76' lang='grc' dir='ltr'>τὴν</span> <span class='ocrx_word' id='word_1_710' title='bbox 3493 4753 3766 4825; x_wconf 84' lang='grc' dir='ltr'>κατάραν.</span> 
     </span>
    </p>
   </div>
   <div class='ocr_carea' id='block_1_101' title="bbox 2179 4844 3769 4920">
    <p class='ocr_par' dir='ltr' id='par_1_101' title="bbox 2179 4844 3769 4920">
     <span class='ocr_line' id='line_1_101' title="bbox 2179 4844 3769 4920; baseline -0.002 -17"><span class='ocrx_word' id='word_1_711' title='bbox 2179 4846 2369 4920; x_wconf 78' lang='grc' dir='ltr'>Τούτῳ</span> <span class='ocrx_word' id='word_1_712' title='bbox 2397 4848 2579 4903; x_wconf 78' lang='grc' dir='ltr'>τοίνυν</span> <span class='ocrx_word' id='word_1_713' title='bbox 2609 4850 2637 4902; x_wconf 91' lang='grc' dir='ltr'>ὁ</span> <span class='ocrx_word' id='word_1_714' title='bbox 2675 4848 2866 4919; x_wconf 81' lang='grc' dir='ltr'>Πατὴρ</span> <span class='ocrx_word' id='word_1_715' title='bbox 2903 4847 3053 4916; x_wconf 86' lang='grc' dir='ltr'>λέγει</span> <span class='ocrx_word' id='word_1_716' title='bbox 3080 4865 3094 4878; x_wconf 88' lang='grc'><strong>·</strong></span> <span class='ocrx_word' id='word_1_717' title='bbox 3140 4867 3159 4900; x_wconf 83' lang='grc' dir='ltr'><strong>ι</strong></span> <span class='ocrx_word' id='word_1_718' title='bbox 3196 4847 3460 4918; x_wconf 86' lang='grc' dir='ltr'>Ποίμαινε</span> <span class='ocrx_word' id='word_1_719' title='bbox 3507 4844 3579 4899; x_wconf 82' lang='grc' dir='ltr'><strong>τὰ</strong></span> <span class='ocrx_word' id='word_1_720' title='bbox 3625 4845 3769 4915; x_wconf 79' lang='grc' dir='ltr'>πρό·-</span> 
     </span>
    </p>
   </div>
   <div class='ocr_carea' id='block_1_102' title="bbox 2181 4938 3769 5012">
    <p class='ocr_par' dir='ltr' id='par_1_102' title="bbox 2181 4938 3769 5012">
     <span class='ocr_line' id='line_1_102' title="bbox 2181 4938 3769 5012; baseline -0.002 -18"><span class='ocrx_word' id='word_1_721' title='bbox 2181 4940 2326 4994; x_wconf 86' lang='grc' dir='ltr'>ϐατα</span> <span class='ocrx_word' id='word_1_722' title='bbox 2365 4941 2463 5008; x_wconf 76' lang='grc' dir='ltr'><strong>τῆς</strong></span> <span class='ocrx_word' id='word_1_723' title='bbox 2492 4942 2707 5010; x_wconf 84' lang='grc' dir='ltr'>σφαγῆς</span> <span class='ocrx_word' id='word_1_724' title='bbox 2730 4953 2745 4967; x_wconf 90' lang='grc'><strong>·</strong></span> <span class='ocrx_word' id='word_1_725' title='bbox 2772 4958 2791 4991; x_wconf 86' lang='grc'><strong>›</strong></span> <span class='ocrx_word' id='word_1_726' title='bbox 2845 4939 3085 5012; x_wconf 79' lang='grc' dir='ltr'>ἑλομένῳ</span> <span class='ocrx_word' id='word_1_727' title='bbox 3115 4940 3302 4994; x_wconf 91' lang='grc' dir='ltr'>λαϐεῖν</span> <span class='ocrx_word' id='word_1_728' title='bbox 3327 4939 3424 5010; x_wconf 79' lang='grc' dir='ltr'><strong>τὴν</strong></span> <span class='ocrx_word' id='word_1_729' title='bbox 3450 4938 3543 4993; x_wconf 89' lang='grc' dir='ltr'><strong>τοῦ</strong></span> <span class='ocrx_word' id='word_1_730' title='bbox 3572 4938 3769 4992; x_wconf 84' lang='grc' dir='ltr'>δούλου</span> 
     </span>
    </p>
   </div>
   <div class='ocr_carea' id='block_1_103' title="bbox 2184 5029 3772 5103">
    <p class='ocr_par' dir='ltr' id='par_1_103' title="bbox 2184 5029 3772 5103">
     <span class='ocr_line' id='line_1_103' title="bbox 2184 5029 3772 5103; baseline -0.003 -18"><span class='ocrx_word' id='word_1_731' title='bbox 2184 5029 2418 5103; x_wconf 87' lang='grc' dir='ltr'>μορφὴν,</span> <span class='ocrx_word' id='word_1_732' title='bbox 2444 5029 2533 5085; x_wconf 84' lang='grc' dir='ltr'><strong>ἴνα</strong></span> <span class='ocrx_word' id='word_1_733' title='bbox 2553 5030 2650 5099; x_wconf 86' lang='grc' dir='ltr'><strong>τῆς</strong></span> <span class='ocrx_word' id='word_1_734' title='bbox 2676 5029 2919 5095; x_wconf 82' lang='grc' dir='ltr'>δουλείας</span> <span class='ocrx_word' id='word_1_735' title='bbox 2948 5030 3292 5103; x_wconf 81' lang='grc' dir='ltr'>ἐλευθερώσῃ</span> <span class='ocrx_word' id='word_1_736' title='bbox 3319 5030 3429 5083; x_wconf 84' lang='grc' dir='ltr'><strong>τῶν</strong></span> <span class='ocrx_word' id='word_1_737' title='bbox 3459 5029 3772 5101; x_wconf 75' lang='grc' dir='ltr'>ἀνθρώπιον</span> 
     </span>
    </p>
   </div>
   <div class='ocr_carea' id='block_1_104' title="bbox 2180 5117 3772 5195">
    <p class='ocr_par' dir='ltr' id='par_1_104' title="bbox 2180 5117 3772 5195">
     <span class='ocr_line' id='line_1_104' title="bbox 2180 5117 3772 5195; baseline -0.003 -19"><span class='ocrx_word' id='word_1_738' title='bbox 2180 5122 2280 5195; x_wconf 78' lang='grc' dir='ltr'><strong>τὴν</strong></span> <span class='ocrx_word' id='word_1_739' title='bbox 2305 5120 2488 5194; x_wconf 86' lang='grc' dir='ltr'>φύσιν.</span> <span class='ocrx_word' id='word_1_740' title='bbox 2531 5121 2619 5185; x_wconf 76' lang='grc' dir='ltr'>Ὠς</span> <span class='ocrx_word' id='word_1_741' title='bbox 2649 5119 2937 5189; x_wconf 81' lang='grc' dir='ltr'>ἄνθρωπος</span> <span class='ocrx_word' id='word_1_742' title='bbox 2970 5122 3180 5189; x_wconf 88' lang='grc' dir='ltr'>τοίνυν,</span> <span class='ocrx_word' id='word_1_743' title='bbox 3215 5124 3316 5194; x_wconf 85' lang='grc' dir='ltr'>οὐχ</span> <span class='ocrx_word' id='word_1_744' title='bbox 3349 5121 3425 5185; x_wconf 85' lang='grc' dir='ltr'>ὼς</span> <span class='ocrx_word' id='word_1_745' title='bbox 3450 5120 3604 5184; x_wconf 80' lang='grc' dir='ltr'>Θεὸς,</span> <span class='ocrx_word' id='word_1_746' title='bbox 3632 5117 3772 5173; x_wconf 63' lang='grc' dir='ltr'>ταί-</span> 
     </span>
    </p>
   </div>
   <div class='ocr_carea' id='block_1_105' title="bbox 2180 5211 3770 5288">
    <p class='ocr_par' dir='ltr' id='par_1_105' title="bbox 2180 5211 3770 5288">
     <span class='ocr_line' id='line_1_105' title="bbox 2180 5211 3770 5288; baseline -0.001 -19"><span class='ocrx_word' id='word_1_747' title='bbox 2180 5231 2279 5278; x_wconf 83' lang='grc' dir='ltr'><strong>τας</strong></span> <span class='ocrx_word' id='word_1_748' title='bbox 2307 5211 2575 5284; x_wconf 85' lang='grc' dir='ltr'>λαμϐάνει</span> <span class='ocrx_word' id='word_1_749' title='bbox 2623 5213 2721 5277; x_wconf 74' lang='grc' dir='ltr'>τὰς</span> <span class='ocrx_word' id='word_1_750' title='bbox 2754 5213 2976 5278; x_wconf 85' lang='grc' dir='ltr'>ἐντολάς</span> <span class='ocrx_word' id='word_1_751' title='bbox 3000 5230 3015 5245; x_wconf 71' lang='grc' dir='ltr'><strong>ο</strong></span> <span class='ocrx_word' id='word_1_752' title='bbox 3053 5214 3128 5278; x_wconf 84' lang='grc' dir='ltr'>ὼς</span> <span class='ocrx_word' id='word_1_753' title='bbox 3162 5216 3258 5286; x_wconf 82' lang='grc' dir='ltr'>μὲν</span> <span class='ocrx_word' id='word_1_754' title='bbox 3304 5217 3416 5288; x_wconf 82' lang='grc' dir='ltr'>γὰρ</span> <span class='ocrx_word' id='word_1_755' title='bbox 3466 5215 3636 5281; x_wconf 77' lang='grc' dir='ltr'>Θεὸς,</span> <span class='ocrx_word' id='word_1_756' title='bbox 3669 5214 3770 5267; x_wconf 81' lang='grc' dir='ltr'><strong>τοῦ</strong></span> 
     </span>
    </p>
   </div>
   <div class='ocr_carea' id='block_1_106' title="bbox 2181 5301 3766 5377">
    <p class='ocr_par' dir='ltr' id='par_1_106' title="bbox 2181 5301 3766 5377">
     <span class='ocr_line' id='line_1_106' title="bbox 2181 5301 3766 5377; baseline 0 -21"><span class='ocrx_word' id='word_1_757' title='bbox 2181 5301 2574 5373; x_wconf 86' lang='grc' dir='ltr'>γεγεννηκότος</span> <span class='ocrx_word' id='word_1_758' title='bbox 2631 5302 2892 5372; x_wconf 80' lang='grc' dir='ltr'>ὁμότιμος</span> <span class='ocrx_word' id='word_1_759' title='bbox 2932 5318 2950 5335; x_wconf 73' lang='grc'><em>’</em></span> <span class='ocrx_word' id='word_1_760' title='bbox 2993 5303 3071 5367; x_wconf 83' lang='grc' dir='ltr'>ὡς</span> <span class='ocrx_word' id='word_1_761' title='bbox 3125 5303 3180 5356; x_wconf 84' lang='grc' dir='ltr'>δὲ</span> <span class='ocrx_word' id='word_1_762' title='bbox 3237 5303 3558 5377; x_wconf 80' lang='grc' dir='ltr'>ἄνθρωπος,</span> <span class='ocrx_word' id='word_1_763' title='bbox 3622 5301 3766 5375; x_wconf 75' lang='grc' dir='ltr'><strong>βοᾷ·</strong></span> 
     </span>
    </p>
   </div>
   <div class='ocr_carea' id='block_1_107' title="bbox 1809 5639 2492 5699">
    <p class='ocr_par' dir='ltr' id='par_1_107' title="bbox 1809 5639 2492 5699">
     <span class='ocr_line' id='line_1_107' title="bbox 1809 5639 2492 5699; baseline 0.007 -7"><span class='ocrx_word' id='word_1_764' title='bbox 1809 5639 2045 5699; x_wconf 78' lang='lat' dir='ltr'><strong>VARle</strong></span> <span class='ocrx_word' id='word_1_765' title='bbox 2086 5640 2492 5699; x_wconf 82' lang='lat' dir='ltr'><strong>LECTIONES.</strong></span> 
     </span>
    </p>
   </div>
   <div class='ocr_carea' id='block_1_108' title="bbox 567 5752 2539 5842">
    <p class='ocr_par' dir='ltr' id='par_1_108' title="bbox 567 5752 2539 5842">
     <span class='ocr_line' id='line_1_108' title="bbox 567 5752 2539 5842; baseline 0.003 -22"><span class='ocrx_word' id='word_1_766' title='bbox 567 5761 611 5842; x_wconf 44' lang='grc' dir='ltr'><strong>θ’</strong></span> <span class='ocrx_word' id='word_1_767' title='bbox 647 5768 760 5842; x_wconf 82' lang='grc' dir='ltr'>καί.</span> <span class='ocrx_word' id='word_1_768' title='bbox 939 5769 992 5825; x_wconf 90' lang='lat' dir='ltr'><strong>in</strong></span> <span class='ocrx_word' id='word_1_769' title='bbox 1006 5766 1072 5823; x_wconf 85' lang='lat' dir='ltr'><strong>C.</strong></span> <span class='ocrx_word' id='word_1_770' title='bbox 1161 5766 1209 5800; x_wconf 79' lang='lat'>&quot;</span> <span class='ocrx_word' id='word_1_771' title='bbox 1233 5766 1275 5821; x_wconf 77' lang='grc' dir='ltr'><strong>Δ</strong></span> <span class='ocrx_word' id='word_1_772' title='bbox 1296 5771 1693 5839; x_wconf 83' lang='grc' dir='ltr'>καταφάγεται.</span> <span class='ocrx_word' id='word_1_773' title='bbox 1766 5771 1812 5803; x_wconf 82' lang='grc'><strong>⁸⁸</strong></span> <span class='ocrx_word' id='word_1_774' title='bbox 1842 5771 1921 5826; x_wconf 86' lang='grc' dir='ltr'><strong>όλ.</strong></span> <span class='ocrx_word' id='word_1_775' title='bbox 1945 5802 2017 5813; x_wconf 93' lang='lat'><strong>—</strong></span> <span class='ocrx_word' id='word_1_776' title='bbox 2045 5752 2196 5842; x_wconf 61' lang='lat' dir='ltr'><strong>x669.</strong></span> <span class='ocrx_word' id='word_1_777' title='bbox 2230 5773 2356 5829; x_wconf 86' lang='lat' dir='ltr'><strong>Des.</strong></span> <span class='ocrx_word' id='word_1_778' title='bbox 2395 5773 2450 5826; x_wconf 89' lang='lat' dir='ltr'><strong>in</strong></span> <span class='ocrx_word' id='word_1_779' title='bbox 2477 5770 2539 5827; x_wconf 88' lang='lat' dir='ltr'><strong>C.</strong></span> 
     </span>
    </p>
   </div>
   <div class='ocr_carea' id='block_1_109' title="bbox 498 5837 1086 5908">
    <p class='ocr_par' dir='ltr' id='par_1_109' title="bbox 498 5837 1086 5908">
     <span class='ocr_line' id='line_1_109' title="bbox 498 5837 1086 5908; baseline -0.005 -15"><span class='ocrx_word' id='word_1_780' title='bbox 498 5837 543 5869; x_wconf 78' lang='lat'><strong>&quot;</strong></span> <span class='ocrx_word' id='word_1_781' title='bbox 567 5841 615 5893; x_wconf 77' lang='grc' dir='ltr'><strong>Α</strong></span> <span class='ocrx_word' id='word_1_782' title='bbox 645 5839 715 5891; x_wconf 81' lang='grc' dir='ltr'><strong>τά</strong></span> <span class='ocrx_word' id='word_1_783' title='bbox 737 5837 1086 5908; x_wconf 80' lang='grc' dir='ltr'>φρυάγματα.</span> 
     </span>
    </p>
   </div>
   <div class='ocr_carea' id='block_1_110' title="bbox 2647 5767 3767 5842">
    <p class='ocr_par' dir='ltr' id='par_1_110' title="bbox 2647 5767 3767 5842">
     <span class='ocr_line' id='line_1_110' title="bbox 2647 5767 3767 5842; baseline -0.002 -17"><span class='ocrx_word' id='word_1_784' title='bbox 2647 5773 2691 5804; x_wconf 79' lang='grc' dir='ltr'><strong>ἰ</strong></span> <span class='ocrx_word' id='word_1_785' title='bbox 2731 5785 2855 5842; x_wconf 86' lang='grc' dir='ltr'>μεγ.</span> <span class='ocrx_word' id='word_1_786' title='bbox 2888 5773 2946 5825; x_wconf 86' lang='lat' dir='ltr'><strong>lu</strong></span> <span class='ocrx_word' id='word_1_787' title='bbox 2987 5773 3029 5823; x_wconf 83' lang='lat' dir='ltr'><strong>A</strong></span> <span class='ocrx_word' id='word_1_788' title='bbox 3064 5779 3189 5842; x_wconf 86' lang='lat' dir='ltr'><strong>post</strong></span> <span class='ocrx_word' id='word_1_789' title='bbox 3234 5768 3486 5841; x_wconf 82' lang='grc' dir='ltr'>μεγάλως</span> <span class='ocrx_word' id='word_1_790' title='bbox 3516 5767 3767 5839; x_wconf 83' lang='lat' dir='ltr'><strong>ponitur.</strong></span> 
     </span>
    </p>
   </div>
  </div>
