  <div class='ocr_page' id='page_1' title='image "/cluster/home/n/w/nwhite01/storage/ocr_20150623/81:no.2/coo.31924054869825/974.png"; bbox 0 0 4090 6414; ppageno 0'>
   <div class='ocr_carea' id='block_1_1' title="bbox 350 509 484 575">
    <p class='ocr_par' dir='ltr' id='par_1_1' title="bbox 350 509 484 575">
     <span class='ocr_line' id='line_1_1' title="bbox 350 509 484 575; baseline -0.015 0"><span class='ocrx_word' id='word_1_1' title='bbox 350 509 484 575; x_wconf 75' lang='grc'><strong>1933</strong></span> 
     </span>
    </p>
   </div>
   <div class='ocr_carea' id='block_1_2' title="bbox 1537 497 2375 563">
    <p class='ocr_par' dir='ltr' id='par_1_2' title="bbox 1537 497 2375 563">
     <span class='ocr_line' id='line_1_2' title="bbox 1537 497 2375 563; baseline -0.006 -2"><span class='ocrx_word' id='word_1_2' title='bbox 1537 503 1617 563; x_wconf 88' lang='lat' dir='ltr'><strong>IN</strong></span> <span class='ocrx_word' id='word_1_3' title='bbox 1656 497 2047 561; x_wconf 64' lang='lat' dir='ltr'><strong>ZACHARME</strong></span> <span class='ocrx_word' id='word_1_4' title='bbox 2093 499 2248 558; x_wconf 77' lang='lat' dir='ltr'><strong>CAP.</strong></span> <span class='ocrx_word' id='word_1_5' title='bbox 2271 498 2375 557; x_wconf 75' lang='lat' dir='ltr'><strong>XI.</strong></span> 
     </span>
    </p>
   </div>
   <div class='ocr_carea' id='block_1_3' title="bbox 3462 492 3602 554">
    <p class='ocr_par' dir='ltr' id='par_1_3' title="bbox 3462 492 3602 554">
     <span class='ocr_line' id='line_1_3' title="bbox 3462 492 3602 554; baseline 0 0"><span class='ocrx_word' id='word_1_6' title='bbox 3462 492 3602 554; x_wconf 72' lang='lat' dir='ltr'><strong>193i.</strong></span> 
     </span>
    </p>
   </div>
   <div class='ocr_carea' id='block_1_4' title="bbox 350 598 1946 690">
    <p class='ocr_par' dir='ltr' id='par_1_4' title="bbox 350 598 1925 690">
     <span class='ocr_line' id='line_1_4' title="bbox 350 598 1925 690; baseline -0.009 -14"><span class='ocrx_word' id='word_1_7' title='bbox 350 643 372 676; x_wconf 69' lang='grc' dir='ltr'>ς</span> <span class='ocrx_word' id='word_1_8' title='bbox 407 621 526 676; x_wconf 81' lang='grc' dir='ltr'><strong>Ἀπ’</strong></span> <span class='ocrx_word' id='word_1_9' title='bbox 558 598 796 690; x_wconf 74' lang='grc' dir='ltr'>ἐμαυτοῦ</span> <span class='ocrx_word' id='word_1_10' title='bbox 838 616 897 670; x_wconf 78' lang='grc' dir='ltr'><strong>ού</strong></span> <span class='ocrx_word' id='word_1_11' title='bbox 928 614 1100 669; x_wconf 82' lang='grc' dir='ltr'>λαλῶ·</span> <span class='ocrx_word' id='word_1_12' title='bbox 1144 612 1364 684; x_wconf 79' lang='grc' dir='ltr'>ἐντολὴν</span> <span class='ocrx_word' id='word_1_13' title='bbox 1412 611 1602 665; x_wconf 75' lang='grc' dir='ltr'>ἔλαϐον</span> <span class='ocrx_word' id='word_1_14' title='bbox 1623 655 1637 678; x_wconf 88' lang='grc'><strong>,</strong></span> <span class='ocrx_word' id='word_1_15' title='bbox 1670 613 1723 666; x_wconf 85' lang='grc' dir='ltr'><strong>τί</strong></span> <span class='ocrx_word' id='word_1_16' title='bbox 1767 612 1925 674; x_wconf 81' lang='grc' dir='ltr'>εἴπω,</span> 
     </span>
    </p>
   </div>
   <div class='ocr_carea' id='block_1_5' title="bbox 2047 598 3600 690">
    <p class='ocr_par' dir='ltr' id='par_1_5' title="bbox 2056 602 3600 677">
     <span class='ocr_line' id='line_1_5' title="bbox 2056 602 3600 677; baseline 0 -20"><span class='ocrx_word' id='word_1_17' title='bbox 2056 621 2153 660; x_wconf 88' lang='lat' dir='ltr'><strong>oeo</strong></span> <span class='ocrx_word' id='word_1_18' title='bbox 2185 607 2233 661; x_wconf 88' lang='lat' dir='ltr'><strong>ei</strong></span> <span class='ocrx_word' id='word_1_19' title='bbox 2269 605 2583 676; x_wconf 71' lang='lat' dir='ltr'><strong>prmcipitur</strong></span> <span class='ocrx_word' id='word_1_20' title='bbox 2621 622 2632 657; x_wconf 92' lang='lat'>:</span> <span class='ocrx_word' id='word_1_21' title='bbox 2677 622 2694 655; x_wconf 80' lang='grc' dir='ltr'><strong>ι</strong></span> <span class='ocrx_word' id='word_1_22' title='bbox 2729 602 2899 659; x_wconf 84' lang='lat' dir='ltr'><strong>Pasce</strong></span> <span class='ocrx_word' id='word_1_23' title='bbox 2940 617 3073 660; x_wconf 82' lang='lat' dir='ltr'><strong>oves</strong></span> <span class='ocrx_word' id='word_1_24' title='bbox 3114 602 3330 677; x_wconf 56' lang='lat' dir='ltr'><strong>164k.</strong></span> <span class='ocrx_word' id='word_1_25' title='bbox 3370 604 3600 659; x_wconf 87' lang='lat' dir='ltr'><strong>occisio-</strong></span> 
     </span>
    </p>
   </div>
   <div class='ocr_carea' id='block_1_6' title="bbox 345 702 1918 783">
    <p class='ocr_par' dir='ltr' id='par_1_6' title="bbox 345 702 1918 783">
     <span class='ocr_line' id='line_1_6' title="bbox 345 702 1918 783; baseline -0.01 -14"><span class='ocrx_word' id='word_1_26' title='bbox 345 722 446 769; x_wconf 80' lang='grc' dir='ltr'><strong>καὶ</strong></span> <span class='ocrx_word' id='word_1_27' title='bbox 465 714 517 766; x_wconf 88' lang='grc' dir='ltr'><strong>τί</strong></span> <span class='ocrx_word' id='word_1_28' title='bbox 537 712 774 783; x_wconf 80' lang='grc' dir='ltr'>λαλήσω.</span> <span class='ocrx_word' id='word_1_29' title='bbox 804 727 823 761; x_wconf 70' lang='grc' dir='ltr'><strong><em>ι</em></strong></span> <span class='ocrx_word' id='word_1_30' title='bbox 851 706 1037 770; x_wconf 78' lang='grc' dir='ltr'>Οὕτως</span> <span class='ocrx_word' id='word_1_31' title='bbox 1056 702 1204 778; x_wconf 81' lang='grc' dir='ltr'>αὐτῷ</span> <span class='ocrx_word' id='word_1_32' title='bbox 1226 707 1320 761; x_wconf 68' lang='grc' dir='ltr'>καὶ</span> <span class='ocrx_word' id='word_1_33' title='bbox 1336 705 1566 761; x_wconf 82' lang='grc' dir='ltr'>ἐνταῦθα</span> <span class='ocrx_word' id='word_1_34' title='bbox 1586 703 1889 760; x_wconf 79' lang='grc' dir='ltr'><strong>ἐντέλλεται</strong></span> <span class='ocrx_word' id='word_1_35' title='bbox 1905 716 1918 730; x_wconf 83' lang='grc'>⁶</span> 
     </span>
    </p>
   </div>
   <div class='ocr_carea' id='block_1_7' title="bbox 353 794 1925 874">
    <p class='ocr_par' dir='ltr' id='par_1_7' title="bbox 353 794 1925 874">
     <span class='ocr_line' id='line_1_7' title="bbox 353 794 1925 874; baseline -0.004 -19"><span class='ocrx_word' id='word_1_36' title='bbox 353 825 374 855; x_wconf 73' lang='grc' dir='ltr'><strong>ι</strong></span> <span class='ocrx_word' id='word_1_37' title='bbox 413 804 677 874; x_wconf 74' lang='grc' dir='ltr'><strong>Ποίμαινε</strong></span> <span class='ocrx_word' id='word_1_38' title='bbox 714 801 783 855; x_wconf 89' lang='grc' dir='ltr'><strong>τά</strong></span> <span class='ocrx_word' id='word_1_39' title='bbox 832 798 1078 871; x_wconf 78' lang='grc' dir='ltr'>πρόϐατα</span> <span class='ocrx_word' id='word_1_40' title='bbox 1132 799 1232 870; x_wconf 77' lang='grc' dir='ltr'>τῆς</span> <span class='ocrx_word' id='word_1_41' title='bbox 1288 799 1526 869; x_wconf 74' lang='grc' dir='ltr'>σφαγῆς.</span> <span class='ocrx_word' id='word_1_42' title='bbox 1568 818 1588 851; x_wconf 73' lang='grc' dir='ltr'><strong>ι</strong></span> <span class='ocrx_word' id='word_1_43' title='bbox 1623 798 1734 850; x_wconf 69' lang='grc' dir='ltr'><strong>Καὶ</strong></span> <span class='ocrx_word' id='word_1_44' title='bbox 1781 794 1925 849; x_wconf 83' lang='grc' dir='ltr'>διδά-</span> 
     </span>
    </p>
   </div>
   <div class='ocr_carea' id='block_1_8' title="bbox 350 887 1926 962">
    <p class='ocr_par' dir='ltr' id='par_1_8' title="bbox 350 887 1926 962">
     <span class='ocr_line' id='line_1_8' title="bbox 350 887 1926 962; baseline -0.006 -13"><span class='ocrx_word' id='word_1_45' title='bbox 350 912 501 949; x_wconf 82' lang='grc' dir='ltr'>σκων</span> <span class='ocrx_word' id='word_1_46' title='bbox 529 894 674 958; x_wconf 89' lang='grc' dir='ltr'>τίνος</span> <span class='ocrx_word' id='word_1_47' title='bbox 698 892 837 947; x_wconf 79' lang='grc' dir='ltr'>αὐτὰ</span> <span class='ocrx_word' id='word_1_48' title='bbox 870 890 1027 962; x_wconf 82' lang='grc' dir='ltr'>χάριν</span> <span class='ocrx_word' id='word_1_49' title='bbox 1057 887 1231 953; x_wconf 75' lang='grc' dir='ltr'>οὕτως</span> <span class='ocrx_word' id='word_1_50' title='bbox 1259 889 1678 962; x_wconf 76' lang='grc' dir='ltr'>προσαγορεύει,</span> <span class='ocrx_word' id='word_1_51' title='bbox 1712 887 1926 958; x_wconf 77' lang='grc' dir='ltr'>ἐπήγα-</span> 
     </span>
    </p>
   </div>
   <div class='ocr_carea' id='block_1_9' title="bbox 348 999 477 1053">
    <p class='ocr_par' dir='ltr' id='par_1_9' title="bbox 348 999 477 1053">
     <span class='ocr_line' id='line_1_9' title="bbox 348 999 477 1053; baseline -0.008 -16"><span class='ocrx_word' id='word_1_52' title='bbox 348 1002 449 1053; x_wconf 79' lang='grc' dir='ltr'><strong>γεν</strong></span> <span class='ocrx_word' id='word_1_53' title='bbox 464 999 477 1013; x_wconf 82' lang='grc'><em>’</em></span> 
     </span>
    </p>
   </div>
   <div class='ocr_carea' id='block_1_10' title="bbox 431 1069 1927 1147">
    <p class='ocr_par' dir='ltr' id='par_1_10' title="bbox 431 1069 1927 1147">
     <span class='ocr_line' id='line_1_10' title="bbox 431 1069 1927 1147; baseline -0.006 -19"><span class='ocrx_word' id='word_1_54' title='bbox 431 1082 491 1130; x_wconf 80' lang='grc' dir='ltr'><strong>ε’.</strong></span> <span class='ocrx_word' id='word_1_55' title='bbox 531 1093 549 1126; x_wconf 76' lang='grc' dir='ltr'><strong>ι</strong></span> <span class='ocrx_word' id='word_1_56' title='bbox 595 1077 662 1128; x_wconf 75' lang='grc' dir='ltr'><strong>Ἀ</strong></span> <span class='ocrx_word' id='word_1_57' title='bbox 690 1076 737 1128; x_wconf 82' lang='grc' dir='ltr'>οἱ</span> <span class='ocrx_word' id='word_1_58' title='bbox 780 1075 1113 1147; x_wconf 80' lang='grc' dir='ltr'>κτησάμενοι</span> <span class='ocrx_word' id='word_1_59' title='bbox 1170 1071 1536 1142; x_wconf 77' lang='grc' dir='ltr'>κατέσφαζον,</span> <span class='ocrx_word' id='word_1_60' title='bbox 1574 1070 1668 1123; x_wconf 73' lang='grc' dir='ltr'><strong>καὶ</strong></span> <span class='ocrx_word' id='word_1_61' title='bbox 1698 1069 1757 1120; x_wconf 72' lang='grc' dir='ltr'>οὗ</span> <span class='ocrx_word' id='word_1_62' title='bbox 1800 1084 1927 1138; x_wconf 85' lang='grc' dir='ltr'>μετ-</span> 
     </span>
    </p>
   </div>
   <div class='ocr_carea' id='block_1_11' title="bbox 349 1160 1929 1237">
    <p class='ocr_par' dir='ltr' id='par_1_11' title="bbox 349 1160 1929 1237">
     <span class='ocr_line' id='line_1_11' title="bbox 349 1160 1929 1237; baseline -0.004 -18"><span class='ocrx_word' id='word_1_63' title='bbox 349 1165 638 1237; x_wconf 82' lang='grc' dir='ltr'>εμέλοντο,</span> <span class='ocrx_word' id='word_1_64' title='bbox 668 1168 764 1221; x_wconf 69' lang='grc' dir='ltr'>καὶ</span> <span class='ocrx_word' id='word_1_65' title='bbox 793 1166 843 1220; x_wconf 77' lang='grc' dir='ltr'>οἱ</span> <span class='ocrx_word' id='word_1_66' title='bbox 871 1165 1177 1229; x_wconf 80' lang='grc' dir='ltr'><strong>πωλοῦντες</strong></span> <span class='ocrx_word' id='word_1_67' title='bbox 1212 1163 1348 1220; x_wconf 79' lang='grc' dir='ltr'><strong>αύτά</strong></span> <span class='ocrx_word' id='word_1_68' title='bbox 1378 1161 1561 1231; x_wconf 78' lang='grc' dir='ltr'>ἔλεγον</span> <span class='ocrx_word' id='word_1_69' title='bbox 1581 1178 1593 1190; x_wconf 91' lang='grc'><strong>·</strong></span> <span class='ocrx_word' id='word_1_70' title='bbox 1628 1160 1929 1229; x_wconf 71' lang='grc' dir='ltr'><strong>Εὐλογητὸς</strong></span> 
     </span>
    </p>
   </div>
   <div class='ocr_carea' id='block_1_12' title="bbox 351 1246 1928 1327">
    <p class='ocr_par' dir='ltr' id='par_1_12' title="bbox 351 1246 1928 1327">
     <span class='ocr_line' id='line_1_12' title="bbox 351 1246 1928 1327; baseline -0.007 -17"><span class='ocrx_word' id='word_1_71' title='bbox 351 1255 581 1327; x_wconf 79' lang='grc' dir='ltr'>Κύριος,</span> <span class='ocrx_word' id='word_1_72' title='bbox 614 1257 710 1310; x_wconf 71' lang='grc' dir='ltr'><strong>καὶ</strong></span> <span class='ocrx_word' id='word_1_73' title='bbox 739 1256 1225 1327; x_wconf 82' lang='grc' dir='ltr'>πεπλουτήκαμεν·</span> <span class='ocrx_word' id='word_1_74' title='bbox 1257 1252 1350 1307; x_wconf 58' lang='grc' dir='ltr'><strong>καλ¹</strong></span> <span class='ocrx_word' id='word_1_75' title='bbox 1377 1254 1425 1305; x_wconf 78' lang='grc' dir='ltr'>οἱ</span> <span class='ocrx_word' id='word_1_76' title='bbox 1458 1249 1713 1321; x_wconf 76' lang='grc' dir='ltr'>ποιμένες</span> <span class='ocrx_word' id='word_1_77' title='bbox 1747 1246 1928 1303; x_wconf 83' lang='grc' dir='ltr'>αὐτῶν</span> 
     </span>
    </p>
   </div>
   <div class='ocr_carea' id='block_1_13' title="bbox 350 1338 1929 1418">
    <p class='ocr_par' dir='ltr' id='par_1_13' title="bbox 350 1338 1929 1418">
     <span class='ocr_line' id='line_1_13' title="bbox 350 1338 1929 1418; baseline -0.006 -17"><span class='ocrx_word' id='word_1_78' title='bbox 350 1348 457 1401; x_wconf 77' lang='grc' dir='ltr'><strong>οὐκ</strong></span> <span class='ocrx_word' id='word_1_79' title='bbox 482 1347 717 1418; x_wconf 77' lang='grc' dir='ltr'>ἔπασχον</span> <span class='ocrx_word' id='word_1_80' title='bbox 747 1347 897 1401; x_wconf 73' lang='grc' dir='ltr'>οὐδὲν</span> <span class='ocrx_word' id='word_1_81' title='bbox 926 1347 1012 1400; x_wconf 78' lang='grc' dir='ltr'><strong>ἐπ’</strong></span> <span class='ocrx_word' id='word_1_82' title='bbox 1048 1346 1251 1409; x_wconf 79' lang='grc' dir='ltr'>αὐτοῖς.</span> <span class='ocrx_word' id='word_1_83' title='bbox 1297 1364 1314 1396; x_wconf 71' lang='grc' dir='ltr'><strong>ι</strong></span> <span class='ocrx_word' id='word_1_84' title='bbox 1357 1342 1491 1396; x_wconf 80' lang='grc' dir='ltr'><strong>Ὑπὸ</strong></span> <span class='ocrx_word' id='word_1_85' title='bbox 1519 1338 1792 1394; x_wconf 75' lang='grc' dir='ltr'>δυσσεὸὦν</span> <span class='ocrx_word' id='word_1_86' title='bbox 1821 1338 1929 1409; x_wconf 83' lang='grc' dir='ltr'>γὰρ</span> 
     </span>
    </p>
   </div>
   <div class='ocr_carea' id='block_1_14' title="bbox 355 1429 1933 1510">
    <p class='ocr_par' dir='ltr' id='par_1_14' title="bbox 355 1429 1933 1510">
     <span class='ocr_line' id='line_1_14' title="bbox 355 1429 1933 1510; baseline -0.007 -17"><span class='ocrx_word' id='word_1_87' title='bbox 355 1438 643 1510; x_wconf 80' lang='grc' dir='ltr'>βασιλέων,</span> <span class='ocrx_word' id='word_1_88' title='bbox 677 1437 770 1491; x_wconf 77' lang='grc' dir='ltr'>καὶ</span> <span class='ocrx_word' id='word_1_89' title='bbox 825 1436 1160 1508; x_wconf 84' lang='grc' dir='ltr'>παρανόμων</span> <span class='ocrx_word' id='word_1_90' title='bbox 1209 1434 1397 1507; x_wconf 80' lang='grc' dir='ltr'>ἱερέων</span> <span class='ocrx_word' id='word_1_91' title='bbox 1436 1433 1714 1503; x_wconf 79' lang='grc' dir='ltr'><strong>ἀγόμενοι,</strong></span> <span class='ocrx_word' id='word_1_92' title='bbox 1764 1429 1933 1500; x_wconf 87' lang='grc' dir='ltr'>μυρία</span> 
     </span>
    </p>
   </div>
   <div class='ocr_carea' id='block_1_15' title="bbox 353 1523 1931 1597">
    <p class='ocr_par' dir='ltr' id='par_1_15' title="bbox 353 1523 1931 1597">
     <span class='ocr_line' id='line_1_15' title="bbox 353 1523 1931 1597; baseline -0.004 -15"><span class='ocrx_word' id='word_1_93' title='bbox 353 1531 460 1582; x_wconf 74' lang='grc' dir='ltr'>ὅσα</span> <span class='ocrx_word' id='word_1_94' title='bbox 507 1529 598 1582; x_wconf 83' lang='grc' dir='ltr'>ὐπ’</span> <span class='ocrx_word' id='word_1_95' title='bbox 656 1528 835 1581; x_wconf 75' lang='grc' dir='ltr'>αὐτῶν</span> <span class='ocrx_word' id='word_1_96' title='bbox 897 1527 1137 1597; x_wconf 75' lang='grc' dir='ltr'>ἔπασχον</span> <span class='ocrx_word' id='word_1_97' title='bbox 1182 1524 1350 1580; x_wconf 86' lang='grc' dir='ltr'>δεινά.</span> <span class='ocrx_word' id='word_1_98' title='bbox 1395 1524 1616 1596; x_wconf 86' lang='grc' dir='ltr'>Πλήρης</span> <span class='ocrx_word' id='word_1_99' title='bbox 1663 1523 1721 1576; x_wconf 85' lang='grc' dir='ltr'>δὲ</span> <span class='ocrx_word' id='word_1_100' title='bbox 1764 1523 1931 1577; x_wconf 82' lang='grc' dir='ltr'>τῶνδε</span> 
     </span>
    </p>
   </div>
   <div class='ocr_carea' id='block_1_16' title="bbox 353 1613 1934 1690">
    <p class='ocr_par' dir='ltr' id='par_1_16' title="bbox 353 1613 1934 1690">
     <span class='ocr_line' id='line_1_16' title="bbox 353 1613 1934 1690; baseline -0.004 -18"><span class='ocrx_word' id='word_1_101' title='bbox 353 1619 467 1673; x_wconf 80' lang='grc' dir='ltr'>τῶν</span> <span class='ocrx_word' id='word_1_102' title='bbox 492 1618 847 1690; x_wconf 84' lang='grc' dir='ltr'><strong>διηγημάτων</strong></span> <span class='ocrx_word' id='word_1_103' title='bbox 875 1617 985 1671; x_wconf 84' lang='grc' dir='ltr'>τῶν</span> <span class='ocrx_word' id='word_1_104' title='bbox 1018 1632 1075 1669; x_wconf 89' lang='grc' dir='ltr'><strong>τε</strong></span> <span class='ocrx_word' id='word_1_105' title='bbox 1105 1615 1481 1671; x_wconf 77' lang='grc' dir='ltr'>Μακκαϐαίων</span> <span class='ocrx_word' id='word_1_106' title='bbox 1510 1617 1542 1687; x_wconf 81' lang='grc' dir='ltr'><strong>ἡ</strong></span> <span class='ocrx_word' id='word_1_107' title='bbox 1587 1613 1816 1686; x_wconf 76' lang='grc' dir='ltr'>ἱστορία,</span> <span class='ocrx_word' id='word_1_108' title='bbox 1839 1614 1934 1666; x_wconf 71' lang='grc' dir='ltr'><strong>καὶ</strong></span> 
     </span>
    </p>
   </div>
   <div class='ocr_carea' id='block_1_17' title="bbox 355 1704 1933 1781">
    <p class='ocr_par' dir='ltr' id='par_1_17' title="bbox 355 1704 1933 1781">
     <span class='ocr_line' id='line_1_17' title="bbox 355 1704 1933 1781; baseline -0.004 -17"><span class='ocrx_word' id='word_1_109' title='bbox 355 1709 428 1764; x_wconf 76' lang='grc' dir='ltr'><strong>τά</strong></span> <span class='ocrx_word' id='word_1_110' title='bbox 484 1709 791 1781; x_wconf 83' lang='grc' dir='ltr'>Ἰωσήππου</span> <span class='ocrx_word' id='word_1_111' title='bbox 844 1708 1275 1779; x_wconf 84' lang='grc' dir='ltr'>συγγράμματα.</span> <span class='ocrx_word' id='word_1_112' title='bbox 1308 1704 1624 1775; x_wconf 81' lang='grc' dir='ltr'>Φιλοτιμίας</span> <span class='ocrx_word' id='word_1_113' title='bbox 1671 1705 1782 1776; x_wconf 78' lang='grc' dir='ltr'><strong>γὰρ</strong></span> <span class='ocrx_word' id='word_1_114' title='bbox 1836 1706 1933 1758; x_wconf 76' lang='grc' dir='ltr'>καὶ</span> 
     </span>
    </p>
   </div>
   <div class='ocr_carea' id='block_1_18' title="bbox 356 1796 1935 1872">
    <p class='ocr_par' dir='ltr' id='par_1_18' title="bbox 356 1796 1935 1872">
     <span class='ocr_line' id='line_1_18' title="bbox 356 1796 1935 1872; baseline -0.004 -17"><span class='ocrx_word' id='word_1_115' title='bbox 356 1801 791 1872; x_wconf 70' lang='grc' dir='ltr'>φιλοχρηματίας</span> <span class='ocrx_word' id='word_1_116' title='bbox 872 1800 1238 1869; x_wconf 75' lang='grc' dir='ltr'>εἰσδεξάμενοι</span> <span class='ocrx_word' id='word_1_117' title='bbox 1312 1798 1468 1851; x_wconf 83' lang='grc' dir='ltr'>νόσον</span> <span class='ocrx_word' id='word_1_118' title='bbox 1504 1836 1520 1859; x_wconf 89' lang='grc'><strong>,</strong></span> <span class='ocrx_word' id='word_1_119' title='bbox 1567 1796 1780 1867; x_wconf 73' lang='grc' dir='ltr'>ὠνητὰς</span> <span class='ocrx_word' id='word_1_120' title='bbox 1836 1797 1935 1859; x_wconf 82' lang='grc' dir='ltr'>τὰς</span> 
     </span>
    </p>
   </div>
   <div class='ocr_carea' id='block_1_19' title="bbox 358 1886 1934 1962">
    <p class='ocr_par' dir='ltr' id='par_1_19' title="bbox 358 1886 1934 1962">
     <span class='ocr_line' id='line_1_19' title="bbox 358 1886 1934 1962; baseline -0.003 -19"><span class='ocrx_word' id='word_1_121' title='bbox 358 1892 659 1962; x_wconf 81' lang='grc' dir='ltr'>ἱερωσύνας</span> <span class='ocrx_word' id='word_1_122' title='bbox 708 1891 1030 1960; x_wconf 77' lang='grc' dir='ltr'>εἰργάσαντο</span> <span class='ocrx_word' id='word_1_123' title='bbox 1059 1930 1074 1956; x_wconf 92' lang='grc'><strong>,</strong></span> <span class='ocrx_word' id='word_1_124' title='bbox 1106 1890 1200 1943; x_wconf 76' lang='grc' dir='ltr'>καὶ</span> <span class='ocrx_word' id='word_1_125' title='bbox 1256 1890 1356 1960; x_wconf 79' lang='grc' dir='ltr'>τὴν</span> <span class='ocrx_word' id='word_1_126' title='bbox 1408 1886 1709 1956; x_wconf 70' lang='grc' dir='ltr'>οὐδαμόθεν</span> <span class='ocrx_word' id='word_1_127' title='bbox 1763 1902 1934 1957; x_wconf 86' lang='grc' dir='ltr'>προσ-</span> 
     </span>
    </p>
   </div>
   <div class='ocr_carea' id='block_1_20' title="bbox 357 1956 2009 2052">
    <p class='ocr_par' dir='ltr' id='par_1_20' title="bbox 357 1956 2009 2052">
     <span class='ocr_line' id='line_1_20' title="bbox 357 1956 2009 2052; baseline -0.004 -19"><span class='ocrx_word' id='word_1_128' title='bbox 357 1956 602 2052; x_wconf 66' lang='grc' dir='ltr'>ήιιουσαν</span> <span class='ocrx_word' id='word_1_129' title='bbox 636 1956 819 2042; x_wconf 80' lang='grc' dir='ltr'>αὐτοῖς</span> <span class='ocrx_word' id='word_1_130' title='bbox 855 1978 1012 2043; x_wconf 81' lang='grc' dir='ltr'>ἀξίαν</span> <span class='ocrx_word' id='word_1_131' title='bbox 1042 1956 1324 2049; x_wconf 57' lang='grc' dir='ltr'>ἐπρίαντο,</span> <span class='ocrx_word' id='word_1_132' title='bbox 1374 1974 1651 2030; x_wconf 74' lang='grc' dir='ltr'>Ἐντεῦθεν</span> <span class='ocrx_word' id='word_1_133' title='bbox 1676 1976 1744 2029; x_wconf 87' lang='grc' dir='ltr'><strong>τά</strong></span> <span class='ocrx_word' id='word_1_134' title='bbox 1769 1956 1935 2047; x_wconf 83' lang='grc' dir='ltr'>μυρία</span> <span class='ocrx_word' id='word_1_135' title='bbox 1966 1956 2009 2011; x_wconf 74' lang='grc' dir='ltr'><strong>Β</strong></span> 
     </span>
    </p>
   </div>
   <div class='ocr_carea' id='block_1_21' title="bbox 373 2066 1935 2140">
    <p class='ocr_par' dir='ltr' id='par_1_21' title="bbox 373 2066 1935 2140">
     <span class='ocr_line' id='line_1_21' title="bbox 373 2066 1935 2140; baseline -0.004 -16"><span class='ocrx_word' id='word_1_136' title='bbox 373 2070 651 2134; x_wconf 76' lang='grc' dir='ltr'>Ἰουδαίοις</span> <span class='ocrx_word' id='word_1_137' title='bbox 683 2069 882 2140; x_wconf 81' lang='grc' dir='ltr'>συνέϐη</span> <span class='ocrx_word' id='word_1_138' title='bbox 922 2068 1090 2123; x_wconf 89' lang='grc' dir='ltr'>δεινά.</span> <span class='ocrx_word' id='word_1_139' title='bbox 1143 2067 1349 2121; x_wconf 84' lang='grc' dir='ltr'>Τούτου</span> <span class='ocrx_word' id='word_1_140' title='bbox 1382 2085 1446 2137; x_wconf 91' lang='grc' dir='ltr'><strong>γε</strong></span> <span class='ocrx_word' id='word_1_141' title='bbox 1480 2066 1664 2119; x_wconf 82' lang='grc' dir='ltr'>εἵνεκα</span> <span class='ocrx_word' id='word_1_142' title='bbox 1694 2071 1802 2130; x_wconf 85' lang='grc' dir='ltr'>τοῖς</span> <span class='ocrx_word' id='word_1_143' title='bbox 1839 2066 1935 2136; x_wconf 80' lang='grc' dir='ltr'>μὲν</span> 
     </span>
    </p>
   </div>
   <div class='ocr_carea' id='block_1_22' title="bbox 360 2156 1938 2231">
    <p class='ocr_par' dir='ltr' id='par_1_22' title="bbox 360 2156 1938 2231">
     <span class='ocr_line' id='line_1_22' title="bbox 360 2156 1938 2231; baseline -0.001 -18"><span class='ocrx_word' id='word_1_144' title='bbox 360 2161 618 2231; x_wconf 73' lang='grc' dir='ltr'>ποιμέσιν</span> <span class='ocrx_word' id='word_1_145' title='bbox 670 2159 883 2215; x_wconf 87' lang='grc' dir='ltr'>ἀπειλεῖ</span> <span class='ocrx_word' id='word_1_146' title='bbox 903 2158 1194 2231; x_wconf 78' lang='grc' dir='ltr'>τιμωρίαν,</span> <span class='ocrx_word' id='word_1_147' title='bbox 1218 2160 1326 2213; x_wconf 84' lang='grc' dir='ltr'><strong>τῶν</strong></span> <span class='ocrx_word' id='word_1_148' title='bbox 1361 2158 1419 2212; x_wconf 76' lang='grc' dir='ltr'>δὲ</span> <span class='ocrx_word' id='word_1_149' title='bbox 1444 2156 1731 2227; x_wconf 73' lang='grc' dir='ltr'>προϐάτων</span> <span class='ocrx_word' id='word_1_150' title='bbox 1758 2159 1938 2212; x_wconf 82' lang='grc' dir='ltr'>πᾶσαν</span> 
     </span>
    </p>
   </div>
   <div class='ocr_carea' id='block_1_23' title="bbox 361 2250 1938 2323">
    <p class='ocr_par' dir='ltr' id='par_1_23' title="bbox 361 2250 1938 2323">
     <span class='ocr_line' id='line_1_23' title="bbox 361 2250 1938 2323; baseline -0.001 -18"><span class='ocrx_word' id='word_1_151' title='bbox 361 2254 600 2306; x_wconf 80' lang='grc' dir='ltr'>ποιεῖται</span> <span class='ocrx_word' id='word_1_152' title='bbox 656 2251 1005 2323; x_wconf 71' lang='grc' dir='ltr'>κηδεμονίαν.</span> <span class='ocrx_word' id='word_1_153' title='bbox 1064 2251 1200 2323; x_wconf 79' lang='grc' dir='ltr'>Περὶ</span> <span class='ocrx_word' id='word_1_154' title='bbox 1250 2251 1308 2305; x_wconf 72' lang='grc' dir='ltr'>δὲ</span> <span class='ocrx_word' id='word_1_155' title='bbox 1358 2250 1469 2305; x_wconf 84' lang='grc' dir='ltr'><strong>τῶν</strong></span> <span class='ocrx_word' id='word_1_156' title='bbox 1534 2250 1938 2305; x_wconf 79' lang='grc' dir='ltr'>δυσσεόούντων</span> 
     </span>
    </p>
   </div>
   <div class='ocr_carea' id='block_1_24' title="bbox 361 2344 533 2415">
    <p class='ocr_par' dir='ltr' id='par_1_24' title="bbox 361 2344 533 2415">
     <span class='ocr_line' id='line_1_24' title="bbox 361 2344 533 2415; baseline 0.012 -20"><span class='ocrx_word' id='word_1_157' title='bbox 361 2344 533 2415; x_wconf 79' lang='grc' dir='ltr'>φησί·</span> 
     </span>
    </p>
   </div>
   <div class='ocr_carea' id='block_1_25' title="bbox 440 2430 1942 2507">
    <p class='ocr_par' dir='ltr' id='par_1_25' title="bbox 440 2430 1942 2507">
     <span class='ocr_line' id='line_1_25' title="bbox 440 2430 1942 2507; baseline -0.002 -19"><span class='ocrx_word' id='word_1_158' title='bbox 440 2440 517 2499; x_wconf 81' lang='grc' dir='ltr'><strong>ς’.</strong></span> <span class='ocrx_word' id='word_1_159' title='bbox 548 2451 568 2487; x_wconf 79' lang='grc' dir='ltr'><strong>ι</strong></span> <span class='ocrx_word' id='word_1_160' title='bbox 606 2432 706 2486; x_wconf 64' lang='lat' dir='ltr'><strong>Att</strong></span> <span class='ocrx_word' id='word_1_161' title='bbox 731 2430 889 2507; x_wconf 81' lang='grc' dir='ltr'>τοῦτο</span> <span class='ocrx_word' id='word_1_162' title='bbox 906 2432 966 2487; x_wconf 83' lang='grc' dir='ltr'><strong>οὐ</strong></span> <span class='ocrx_word' id='word_1_163' title='bbox 996 2432 1251 2504; x_wconf 78' lang='grc' dir='ltr'>φείσομαι</span> <span class='ocrx_word' id='word_1_164' title='bbox 1271 2432 1452 2487; x_wconf 80' lang='grc' dir='ltr'>οὐκέτι</span> <span class='ocrx_word' id='word_1_165' title='bbox 1484 2434 1578 2487; x_wconf 74' lang='grc' dir='ltr'><strong>ἐπὶ</strong></span> <span class='ocrx_word' id='word_1_166' title='bbox 1602 2432 1730 2496; x_wconf 82' lang='grc' dir='ltr'>τοὺς</span> <span class='ocrx_word' id='word_1_167' title='bbox 1758 2449 1942 2486; x_wconf 85' lang='grc' dir='ltr'>κατοι-</span> 
     </span>
    </p>
   </div>
   <div class='ocr_carea' id='block_1_26' title="bbox 371 2522 1942 2594">
    <p class='ocr_par' dir='ltr' id='par_1_26' title="bbox 371 2522 1942 2594">
     <span class='ocr_line' id='line_1_26' title="bbox 371 2522 1942 2594; baseline -0.001 -16"><span class='ocrx_word' id='word_1_168' title='bbox 371 2524 608 2587; x_wconf 78' lang='grc' dir='ltr'>κοῦντας</span> <span class='ocrx_word' id='word_1_169' title='bbox 631 2522 729 2592; x_wconf 80' lang='grc' dir='ltr'>τὴν</span> <span class='ocrx_word' id='word_1_170' title='bbox 775 2522 1065 2594; x_wconf 82' lang='grc' dir='ltr'>γῆν,λέγει</span> <span class='ocrx_word' id='word_1_171' title='bbox 1093 2522 1313 2594; x_wconf 82' lang='grc' dir='ltr'>Κύριος.</span> <span class='ocrx_word' id='word_1_172' title='bbox 1345 2523 1454 2577; x_wconf 78' lang='grc' dir='ltr'>Καὶ</span> <span class='ocrx_word' id='word_1_173' title='bbox 1486 2523 1595 2579; x_wconf 76' lang='grc' dir='ltr'>ἰδοὺ</span> <span class='ocrx_word' id='word_1_174' title='bbox 1622 2522 1733 2591; x_wconf 76' lang='grc' dir='ltr'><strong>ἐγὼ</strong></span> <span class='ocrx_word' id='word_1_175' title='bbox 1764 2540 1942 2594; x_wconf 87' lang='grc' dir='ltr'>παρα-</span> 
     </span>
    </p>
   </div>
   <div class='ocr_carea' id='block_1_27' title="bbox 362 2611 1939 2686">
    <p class='ocr_par' dir='ltr' id='par_1_27' title="bbox 362 2611 1939 2686">
     <span class='ocr_line' id='line_1_27' title="bbox 362 2611 1939 2686; baseline -0.001 -19"><span class='ocrx_word' id='word_1_176' title='bbox 362 2614 560 2685; x_wconf 87' lang='grc' dir='ltr'>δίδωμι</span> <span class='ocrx_word' id='word_1_177' title='bbox 605 2615 734 2677; x_wconf 79' lang='grc' dir='ltr'>τοὺς</span> <span class='ocrx_word' id='word_1_178' title='bbox 781 2611 1103 2686; x_wconf 79' lang='grc' dir='ltr'>ἀνθρώπους</span> <span class='ocrx_word' id='word_1_179' title='bbox 1145 2613 1375 2668; x_wconf 71' lang='grc' dir='ltr'>ἕκαστον</span> <span class='ocrx_word' id='word_1_180' title='bbox 1422 2616 1503 2678; x_wconf 77' lang='grc' dir='ltr'>εἰς</span> <span class='ocrx_word' id='word_1_181' title='bbox 1557 2616 1746 2686; x_wconf 87' lang='grc' dir='ltr'>χεῖρας</span> <span class='ocrx_word' id='word_1_182' title='bbox 1769 2615 1815 2647; x_wconf 85' lang='grc'>⁸³</span> <span class='ocrx_word' id='word_1_183' title='bbox 1845 2612 1939 2667; x_wconf 83' lang='grc' dir='ltr'>τοῦ</span> 
     </span>
    </p>
   </div>
   <div class='ocr_carea' id='block_1_28' title="bbox 367 2705 1937 2778">
    <p class='ocr_par' dir='ltr' id='par_1_28' title="bbox 367 2705 1937 2778">
     <span class='ocr_line' id='line_1_28' title="bbox 367 2705 1937 2778; baseline 0 -19"><span class='ocrx_word' id='word_1_184' title='bbox 367 2705 602 2774; x_wconf 76' lang='grc' dir='ltr'>πλησίον</span> <span class='ocrx_word' id='word_1_185' title='bbox 645 2705 811 2760; x_wconf 77' lang='grc' dir='ltr'>αὑτοῦ</span> <span class='ocrx_word' id='word_1_186' title='bbox 828 2705 894 2769; x_wconf 67' lang='grc'><strong>⁵⁵,</strong></span> <span class='ocrx_word' id='word_1_187' title='bbox 940 2706 1034 2759; x_wconf 73' lang='grc' dir='ltr'>καὶ</span> <span class='ocrx_word' id='word_1_188' title='bbox 1066 2705 1429 2776; x_wconf 73' lang='grc' dir='ltr'>κατακόψουσι</span> <span class='ocrx_word' id='word_1_189' title='bbox 1457 2705 1555 2778; x_wconf 77' lang='grc' dir='ltr'>τὴν</span> <span class='ocrx_word' id='word_1_190' title='bbox 1584 2706 1687 2777; x_wconf 82' lang='grc' dir='ltr'><strong>γῆν</strong></span> <span class='ocrx_word' id='word_1_191' title='bbox 1707 2748 1722 2773; x_wconf 95' lang='grc'><strong>,</strong></span> <span class='ocrx_word' id='word_1_192' title='bbox 1762 2706 1855 2760; x_wconf 69' lang='grc' dir='ltr'>καὶ</span> <span class='ocrx_word' id='word_1_193' title='bbox 1877 2706 1937 2759; x_wconf 87' lang='grc' dir='ltr'><strong>ού</strong></span> 
     </span>
    </p>
   </div>
   <div class='ocr_carea' id='block_1_29' title="bbox 371 2794 1941 2867">
    <p class='ocr_par' dir='ltr' id='par_1_29' title="bbox 371 2794 1941 2867">
     <span class='ocr_line' id='line_1_29' title="bbox 371 2794 1941 2867; baseline 0.001 -18"><span class='ocrx_word' id='word_1_194' title='bbox 371 2797 449 2867; x_wconf 76' lang='grc' dir='ltr'>μὴ</span> <span class='ocrx_word' id='word_1_195' title='bbox 480 2794 751 2865; x_wconf 79' lang='grc' dir='ltr'>ὲξέλωμαι</span> <span class='ocrx_word' id='word_1_196' title='bbox 776 2798 838 2848; x_wconf 77' lang='grc' dir='ltr'><strong>ὲκ</strong></span> <span class='ocrx_word' id='word_1_197' title='bbox 870 2796 969 2866; x_wconf 82' lang='grc' dir='ltr'>τῆς</span> <span class='ocrx_word' id='word_1_198' title='bbox 991 2798 1038 2830; x_wconf 83' lang='grc'><strong>⁸⁸</strong></span> <span class='ocrx_word' id='word_1_199' title='bbox 1061 2796 1240 2867; x_wconf 80' lang='grc' dir='ltr'>χειρὸς</span> <span class='ocrx_word' id='word_1_200' title='bbox 1263 2795 1465 2850; x_wconf 82' lang='grc' dir='ltr'>αὐτῶν.</span> <span class='ocrx_word' id='word_1_201' title='bbox 1496 2816 1513 2848; x_wconf 75' lang='grc' dir='ltr'><strong>ι</strong></span> <span class='ocrx_word' id='word_1_202' title='bbox 1558 2796 1831 2859; x_wconf 85' lang='grc' dir='ltr'>Ἐκείνους</span> <span class='ocrx_word' id='word_1_203' title='bbox 1862 2795 1941 2862; x_wconf 79' lang='grc' dir='ltr'><strong>δὲ,</strong></span> 
     </span>
    </p>
   </div>
   <div class='ocr_carea' id='block_1_30' title="bbox 369 2887 1945 2961">
    <p class='ocr_par' dir='ltr' id='par_1_30' title="bbox 369 2887 1945 2961">
     <span class='ocr_line' id='line_1_30' title="bbox 369 2887 1945 2961; baseline 0.002 -20"><span class='ocrx_word' id='word_1_204' title='bbox 369 2889 527 2958; x_wconf 70' lang='grc' dir='ltr'>φησι,</span> <span class='ocrx_word' id='word_1_205' title='bbox 546 2888 634 2941; x_wconf 77' lang='grc' dir='ltr'>διὰ</span> <span class='ocrx_word' id='word_1_206' title='bbox 662 2887 759 2958; x_wconf 80' lang='grc' dir='ltr'>τὴν</span> <span class='ocrx_word' id='word_1_207' title='bbox 778 2888 985 2941; x_wconf 76' lang='grc' dir='ltr'>οἰκείαν</span> <span class='ocrx_word' id='word_1_208' title='bbox 1005 2889 1350 2960; x_wconf 81' lang='grc' dir='ltr'>παρανομίαν</span> <span class='ocrx_word' id='word_1_209' title='bbox 1372 2888 1750 2961; x_wconf 78' lang='grc' dir='ltr'>ἀτημελήτους</span> <span class='ocrx_word' id='word_1_210' title='bbox 1775 2906 1945 2944; x_wconf 84' lang='grc' dir='ltr'>κατα-</span> 
     </span>
    </p>
   </div>
   <div class='ocr_carea' id='block_1_31' title="bbox 366 2976 1947 3052">
    <p class='ocr_par' dir='ltr' id='par_1_31' title="bbox 366 2976 1947 3052">
     <span class='ocr_line' id='line_1_31' title="bbox 366 2976 1947 3052; baseline 0.002 -21"><span class='ocrx_word' id='word_1_211' title='bbox 366 2976 563 3044; x_wconf 87' lang='grc' dir='ltr'>λιπὼν,</span> <span class='ocrx_word' id='word_1_212' title='bbox 598 2978 707 3031; x_wconf 82' lang='grc' dir='ltr'><strong>τῶν</strong></span> <span class='ocrx_word' id='word_1_213' title='bbox 759 2980 1181 3050; x_wconf 68' lang='grc' dir='ltr'>ἐπιεικεστέρων</span> <span class='ocrx_word' id='word_1_214' title='bbox 1219 2982 1402 3035; x_wconf 76' lang='grc' dir='ltr'>πᾶσαν</span> <span class='ocrx_word' id='word_1_215' title='bbox 1459 2982 1758 3052; x_wconf 82' lang='grc' dir='ltr'>ποιήσομαι</span> <span class='ocrx_word' id='word_1_216' title='bbox 1811 2979 1947 3052; x_wconf 88' lang='grc' dir='ltr'>πρό-</span> 
     </span>
    </p>
   </div>
   <div class='ocr_carea' id='block_1_32' title="bbox 368 3063 1813 3144">
    <p class='ocr_par' dir='ltr' id='par_1_32' title="bbox 368 3063 1813 3144">
     <span class='ocr_line' id='line_1_32' title="bbox 368 3063 1813 3144; baseline 0 -21"><span class='ocrx_word' id='word_1_217' title='bbox 368 3086 541 3123; x_wconf 89' lang='grc' dir='ltr'>νοιαν.</span> <span class='ocrx_word' id='word_1_218' title='bbox 571 3067 744 3122; x_wconf 76' lang='grc' dir='ltr'>Τοῦτο</span> <span class='ocrx_word' id='word_1_219' title='bbox 776 3068 885 3141; x_wconf 85' lang='grc' dir='ltr'>γὰρ</span> <span class='ocrx_word' id='word_1_220' title='bbox 922 3070 990 3124; x_wconf 82' lang='grc' dir='ltr'>δι’</span> <span class='ocrx_word' id='word_1_221' title='bbox 1034 3063 1110 3125; x_wconf 79' lang='grc' dir='ltr'><strong>ὧν</strong></span> <span class='ocrx_word' id='word_1_222' title='bbox 1144 3073 1392 3141; x_wconf 77' lang='grc' dir='ltr'>ἐπήγαγε</span> <span class='ocrx_word' id='word_1_223' title='bbox 1440 3070 1813 3144; x_wconf 80' lang='grc' dir='ltr'>παρεδήλωσε.</span> 
     </span>
    </p>
   </div>
   <div class='ocr_carea' id='block_1_33' title="bbox 443 3159 1947 3236">
    <p class='ocr_par' dir='ltr' id='par_1_33' title="bbox 443 3159 1947 3236">
     <span class='ocr_line' id='line_1_33' title="bbox 443 3159 1947 3236; baseline 0.001 -19"><span class='ocrx_word' id='word_1_224' title='bbox 443 3159 509 3226; x_wconf 77' lang='grc' dir='ltr'><strong>ζ’.</strong></span> <span class='ocrx_word' id='word_1_225' title='bbox 546 3180 566 3215; x_wconf 78' lang='grc' dir='ltr'><strong>ι</strong></span> <span class='ocrx_word' id='word_1_226' title='bbox 610 3163 720 3217; x_wconf 75' lang='grc' dir='ltr'><strong>Καὶ</strong></span> <span class='ocrx_word' id='word_1_227' title='bbox 747 3163 998 3234; x_wconf 88' lang='grc' dir='ltr'>ποιμανῶ</span> <span class='ocrx_word' id='word_1_228' title='bbox 1039 3166 1109 3218; x_wconf 79' lang='grc' dir='ltr'>τὰ</span> <span class='ocrx_word' id='word_1_229' title='bbox 1143 3165 1389 3235; x_wconf 74' lang='grc' dir='ltr'>πρόϐατα</span> <span class='ocrx_word' id='word_1_230' title='bbox 1414 3166 1514 3234; x_wconf 84' lang='grc' dir='ltr'>τῆς</span> <span class='ocrx_word' id='word_1_231' title='bbox 1548 3160 1764 3235; x_wconf 71' lang='grc' dir='ltr'>σφαγῆς</span> <span class='ocrx_word' id='word_1_232' title='bbox 1800 3165 1857 3218; x_wconf 82' lang='grc' dir='ltr'>ἐν</span> <span class='ocrx_word' id='word_1_233' title='bbox 1881 3167 1947 3236; x_wconf 79' lang='grc' dir='ltr'>τῇ</span> 
     </span>
    </p>
   </div>
   <div class='ocr_carea' id='block_1_34' title="bbox 2027 691 3601 766">
    <p class='ocr_par' dir='ltr' id='par_1_34' title="bbox 2027 691 3601 766">
     <span class='ocr_line' id='line_1_34' title="bbox 2027 691 3601 766; baseline -0.003 -16"><span class='ocrx_word' id='word_1_234' title='bbox 2027 697 2133 750; x_wconf 85' lang='lat' dir='ltr'><strong>nis.</strong></span> <span class='ocrx_word' id='word_1_235' title='bbox 2175 715 2193 745; x_wconf 75' lang='grc' dir='ltr'><strong>ι</strong></span> <span class='ocrx_word' id='word_1_236' title='bbox 2238 694 2300 751; x_wconf 87' lang='lat' dir='ltr'><strong>Et</strong></span> <span class='ocrx_word' id='word_1_237' title='bbox 2343 701 2548 751; x_wconf 76' lang='lat' dir='ltr'><strong>docens</strong></span> <span class='ocrx_word' id='word_1_238' title='bbox 2603 694 2955 766; x_wconf 84' lang='lat' dir='ltr'><strong>quamobrem</strong></span> <span class='ocrx_word' id='word_1_239' title='bbox 3004 709 3100 751; x_wconf 89' lang='lat' dir='ltr'><strong>eas</strong></span> <span class='ocrx_word' id='word_1_240' title='bbox 3142 696 3223 750; x_wconf 89' lang='lat' dir='ltr'><strong>sic</strong></span> <span class='ocrx_word' id='word_1_241' title='bbox 3269 702 3463 760; x_wconf 90' lang='lat' dir='ltr'><strong>vocet,</strong></span> <span class='ocrx_word' id='word_1_242' title='bbox 3508 691 3601 747; x_wconf 83' lang='lat' dir='ltr'><strong>ad-</strong></span> 
     </span>
    </p>
   </div>
   <div class='ocr_carea' id='block_1_35' title="bbox 2022 787 2203 856">
    <p class='ocr_par' dir='ltr' id='par_1_35' title="bbox 2022 787 2203 856">
     <span class='ocr_line' id='line_1_35' title="bbox 2022 787 2203 856; baseline -0.006 -16"><span class='ocrx_word' id='word_1_243' title='bbox 2022 787 2155 856; x_wconf 86' lang='lat' dir='ltr'><strong>jecit</strong></span> <span class='ocrx_word' id='word_1_244' title='bbox 2192 806 2203 839; x_wconf 91' lang='lat'>:</span> 
     </span>
    </p>
   </div>
   <div class='ocr_carea' id='block_1_36' title="bbox 2100 1062 3600 1135">
    <p class='ocr_par' dir='ltr' id='par_1_36' title="bbox 2100 1062 3600 1135">
     <span class='ocr_line' id='line_1_36' title="bbox 2100 1062 3600 1135; baseline -0.001 -16"><span class='ocrx_word' id='word_1_245' title='bbox 2100 1063 2263 1120; x_wconf 68' lang='lat' dir='ltr'><strong>Vens.</strong></span> <span class='ocrx_word' id='word_1_246' title='bbox 2293 1065 2346 1119; x_wconf 86' lang='lat'><strong>5.</strong></span> <span class='ocrx_word' id='word_1_247' title='bbox 2388 1083 2406 1113; x_wconf 74' lang='grc' dir='ltr'><strong>ι</strong></span> <span class='ocrx_word' id='word_1_248' title='bbox 2444 1063 2591 1131; x_wconf 85' lang='lat' dir='ltr'><strong>Quas</strong></span> <span class='ocrx_word' id='word_1_249' title='bbox 2631 1064 2725 1135; x_wconf 89' lang='lat' dir='ltr'><strong>qui</strong></span> <span class='ocrx_word' id='word_1_250' title='bbox 2778 1064 3141 1135; x_wconf 88' lang='lat' dir='ltr'><strong>possederunt</strong></span> <span class='ocrx_word' id='word_1_251' title='bbox 3175 1062 3600 1127; x_wconf 83' lang='lat' dir='ltr'><strong>interﬁciebant,</strong></span> 
     </span>
    </p>
   </div>
   <div class='ocr_carea' id='block_1_37' title="bbox 2030 1153 3600 1226">
    <p class='ocr_par' dir='ltr' id='par_1_37' title="bbox 2030 1153 3600 1226">
     <span class='ocr_line' id='line_1_37' title="bbox 2030 1153 3600 1226; baseline 0.001 -18"><span class='ocrx_word' id='word_1_252' title='bbox 2030 1166 2084 1209; x_wconf 87' lang='lat' dir='ltr'><strong>et</strong></span> <span class='ocrx_word' id='word_1_253' title='bbox 2115 1170 2225 1209; x_wconf 90' lang='lat' dir='ltr'><strong>non</strong></span> <span class='ocrx_word' id='word_1_254' title='bbox 2251 1153 2485 1226; x_wconf 83' lang='lat' dir='ltr'><strong>agebant</strong></span> <span class='ocrx_word' id='word_1_255' title='bbox 2512 1154 2883 1225; x_wconf 74' lang='lat' dir='ltr'><strong>pmnitentiam</strong></span> <span class='ocrx_word' id='word_1_256' title='bbox 2906 1169 2923 1220; x_wconf 89' lang='lat'><strong>;</strong></span> <span class='ocrx_word' id='word_1_257' title='bbox 2951 1161 3004 1209; x_wconf 88' lang='lat' dir='ltr'><strong>et</strong></span> <span class='ocrx_word' id='word_1_258' title='bbox 3027 1153 3119 1223; x_wconf 91' lang='lat' dir='ltr'><strong>qui</strong></span> <span class='ocrx_word' id='word_1_259' title='bbox 3152 1154 3459 1208; x_wconf 79' lang='lat' dir='ltr'><strong>vendebant</strong></span> <span class='ocrx_word' id='word_1_260' title='bbox 3487 1170 3600 1217; x_wconf 84' lang='lat' dir='ltr'><strong>eas,</strong></span> 
     </span>
    </p>
   </div>
   <div class='ocr_carea' id='block_1_38' title="bbox 2031 1243 3603 1310">
    <p class='ocr_par' dir='ltr' id='par_1_38' title="bbox 2031 1243 3603 1310">
     <span class='ocr_line' id='line_1_38' title="bbox 2031 1243 3603 1310; baseline -0.001 -10"><span class='ocrx_word' id='word_1_261' title='bbox 2031 1245 2286 1300; x_wconf 82' lang='lat' dir='ltr'><strong>dicebant</strong></span> <span class='ocrx_word' id='word_1_262' title='bbox 2316 1264 2327 1300; x_wconf 92' lang='lat'><strong>:</strong></span> <span class='ocrx_word' id='word_1_263' title='bbox 2356 1244 2686 1301; x_wconf 88' lang='lat' dir='ltr'><strong>Benedictus</strong></span> <span class='ocrx_word' id='word_1_264' title='bbox 2718 1243 3003 1310; x_wconf 88' lang='lat' dir='ltr'><strong>Dominus,</strong></span> <span class='ocrx_word' id='word_1_265' title='bbox 3035 1252 3088 1299; x_wconf 81' lang='lat' dir='ltr'><strong>et</strong></span> <span class='ocrx_word' id='word_1_266' title='bbox 3120 1244 3313 1299; x_wconf 76' lang='lat' dir='ltr'><strong>divites</strong></span> <span class='ocrx_word' id='word_1_267' title='bbox 3347 1244 3472 1299; x_wconf 79' lang='lat' dir='ltr'><strong>facti</strong></span> <span class='ocrx_word' id='word_1_268' title='bbox 3504 1260 3603 1300; x_wconf 88' lang='lat' dir='ltr'><strong>su-</strong></span> 
     </span>
    </p>
   </div>
   <div class='ocr_carea' id='block_1_39' title="bbox 2032 1334 3605 1408">
    <p class='ocr_par' dir='ltr' id='par_1_39' title="bbox 2032 1334 3605 1408">
     <span class='ocr_line' id='line_1_39' title="bbox 2032 1334 3605 1408; baseline -0.003 -15"><span class='ocrx_word' id='word_1_269' title='bbox 2032 1353 2195 1403; x_wconf 91' lang='lat' dir='ltr'><strong>mus;</strong></span> <span class='ocrx_word' id='word_1_270' title='bbox 2244 1349 2297 1392; x_wconf 89' lang='lat' dir='ltr'><strong>et</strong></span> <span class='ocrx_word' id='word_1_271' title='bbox 2342 1347 2596 1408; x_wconf 83' lang='lat' dir='ltr'><strong>pastores</strong></span> <span class='ocrx_word' id='word_1_272' title='bbox 2626 1352 2815 1393; x_wconf 88' lang='lat' dir='ltr'><strong>earum</strong></span> <span class='ocrx_word' id='word_1_273' title='bbox 2870 1334 3005 1390; x_wconf 84' lang='lat' dir='ltr'><strong>nihil</strong></span> <span class='ocrx_word' id='word_1_274' title='bbox 3063 1336 3410 1405; x_wconf 85' lang='lat' dir='ltr'><strong>patiebantur</strong></span> <span class='ocrx_word' id='word_1_275' title='bbox 3439 1349 3605 1406; x_wconf 89' lang='lat' dir='ltr'><strong>super</strong></span> 
     </span>
    </p>
   </div>
   <div class='ocr_carea' id='block_1_40' title="bbox 2031 1426 3607 1499">
    <p class='ocr_par' dir='ltr' id='par_1_40' title="bbox 2031 1426 3607 1499">
     <span class='ocr_line' id='line_1_40' title="bbox 2031 1426 3607 1499; baseline -0.003 -16"><span class='ocrx_word' id='word_1_276' title='bbox 2031 1430 2132 1483; x_wconf 87' lang='lat' dir='ltr'><strong>eis.</strong></span> <span class='ocrx_word' id='word_1_277' title='bbox 2174 1447 2192 1478; x_wconf 71' lang='grc' dir='ltr'><strong>ι</strong></span> <span class='ocrx_word' id='word_1_278' title='bbox 2223 1428 2304 1481; x_wconf 83' lang='lat' dir='ltr'><strong>Ab</strong></span> <span class='ocrx_word' id='word_1_279' title='bbox 2337 1428 2521 1499; x_wconf 81' lang='lat' dir='ltr'><strong>impiis</strong></span> <span class='ocrx_word' id='word_1_280' title='bbox 2548 1430 2693 1483; x_wconf 81' lang='lat' dir='ltr'><strong>enim</strong></span> <span class='ocrx_word' id='word_1_281' title='bbox 2729 1428 2969 1498; x_wconf 81' lang='lat' dir='ltr'><strong>regibus,</strong></span> <span class='ocrx_word' id='word_1_282' title='bbox 2994 1435 3048 1482; x_wconf 88' lang='lat' dir='ltr'><strong>et</strong></span> <span class='ocrx_word' id='word_1_283' title='bbox 3084 1427 3286 1497; x_wconf 76' lang='lat' dir='ltr'><strong>iniquis</strong></span> <span class='ocrx_word' id='word_1_284' title='bbox 3314 1426 3607 1483; x_wconf 86' lang='lat' dir='ltr'><strong>sacerdoti-</strong></span> 
     </span>
    </p>
   </div>
   <div class='ocr_carea' id='block_1_41' title="bbox 2034 1506 3610 1587">
    <p class='ocr_par' dir='ltr' id='par_1_41' title="bbox 2034 1506 3610 1587">
     <span class='ocr_line' id='line_1_41' title="bbox 2034 1506 3610 1587; baseline -0.002 -12"><span class='ocrx_word' id='word_1_285' title='bbox 2034 1520 2136 1576; x_wconf 86' lang='lat' dir='ltr'><strong>bus</strong></span> <span class='ocrx_word' id='word_1_286' title='bbox 2170 1515 2326 1587; x_wconf 77' lang='lat' dir='ltr'><strong>reCti,</strong></span> <span class='ocrx_word' id='word_1_287' title='bbox 2359 1519 2664 1575; x_wconf 86' lang='lat' dir='ltr'><strong>innumeris</strong></span> <span class='ocrx_word' id='word_1_288' title='bbox 2684 1520 2841 1575; x_wconf 87' lang='lat' dir='ltr'><strong>malis</strong></span> <span class='ocrx_word' id='word_1_289' title='bbox 2859 1520 2927 1575; x_wconf 91' lang='lat' dir='ltr'><strong>ab</strong></span> <span class='ocrx_word' id='word_1_290' title='bbox 2961 1520 3041 1576; x_wconf 85' lang='lat' dir='ltr'><strong>eis</strong></span> <span class='ocrx_word' id='word_1_291' title='bbox 3063 1518 3241 1574; x_wconf 83' lang='lat' dir='ltr'><strong>all‘ecti</strong></span> <span class='ocrx_word' id='word_1_292' title='bbox 3278 1506 3516 1573; x_wconf 71' lang='lat' dir='ltr'><strong>fuerunt.</strong></span> <span class='ocrx_word' id='word_1_293' title='bbox 3542 1516 3610 1572; x_wconf 75' lang='lat' dir='ltr'><strong>Et</strong></span> 
     </span>
    </p>
   </div>
   <div class='ocr_carea' id='block_1_42' title="bbox 2036 1611 3611 1683">
    <p class='ocr_par' dir='ltr' id='par_1_42' title="bbox 2036 1611 3611 1683">
     <span class='ocr_line' id='line_1_42' title="bbox 2036 1611 3611 1683; baseline 0.001 -17"><span class='ocrx_word' id='word_1_294' title='bbox 2036 1613 2193 1683; x_wconf 87' lang='lat' dir='ltr'><strong>plena</strong></span> <span class='ocrx_word' id='word_1_295' title='bbox 2233 1620 2317 1668; x_wconf 89' lang='lat' dir='ltr'><strong>est</strong></span> <span class='ocrx_word' id='word_1_296' title='bbox 2361 1622 2474 1666; x_wconf 90' lang='lat' dir='ltr'><strong>tum</strong></span> <span class='ocrx_word' id='word_1_297' title='bbox 2508 1612 2943 1667; x_wconf 68' lang='lat' dir='ltr'><strong>Maclnibazorum</strong></span> <span class='ocrx_word' id='word_1_298' title='bbox 2979 1612 3210 1668; x_wconf 89' lang='lat' dir='ltr'><strong>historia</strong></span> <span class='ocrx_word' id='word_1_299' title='bbox 3260 1611 3343 1667; x_wconf 91' lang='lat' dir='ltr'><strong>bis</strong></span> <span class='ocrx_word' id='word_1_300' title='bbox 3367 1612 3385 1631; x_wconf 77' lang='grc'>⁶</span> <span class='ocrx_word' id='word_1_301' title='bbox 3416 1626 3611 1668; x_wconf 82' lang='lat' dir='ltr'><strong>narra-</strong></span> 
     </span>
    </p>
   </div>
   <div class='ocr_carea' id='block_1_43' title="bbox 2036 1702 3611 1774">
    <p class='ocr_par' dir='ltr' id='par_1_43' title="bbox 2036 1702 3611 1774">
     <span class='ocr_line' id='line_1_43' title="bbox 2036 1702 3611 1774; baseline 0 -17"><span class='ocrx_word' id='word_1_302' title='bbox 2036 1705 2298 1766; x_wconf 83' lang='lat' dir='ltr'><strong>tionibus,</strong></span> <span class='ocrx_word' id='word_1_303' title='bbox 2347 1712 2459 1759; x_wconf 92' lang='lat' dir='ltr'><strong>tum</strong></span> <span class='ocrx_word' id='word_1_304' title='bbox 2508 1703 2726 1774; x_wconf 85' lang='lat' dir='ltr'><strong>Joscphi</strong></span> <span class='ocrx_word' id='word_1_305' title='bbox 2767 1705 3066 1760; x_wconf 82' lang='lat' dir='ltr'><strong>volumina.</strong></span> <span class='ocrx_word' id='word_1_306' title='bbox 3104 1702 3400 1774; x_wconf 84' lang='lat' dir='ltr'><strong>Postquam</strong></span> <span class='ocrx_word' id='word_1_307' title='bbox 3464 1704 3611 1758; x_wconf 86' lang='lat' dir='ltr'><strong>enim</strong></span> 
     </span>
    </p>
   </div>
   <div class='ocr_carea' id='block_1_44' title="bbox 2037 1794 3607 1863">
    <p class='ocr_par' dir='ltr' id='par_1_44' title="bbox 2037 1794 3607 1863">
     <span class='ocr_line' id='line_1_44' title="bbox 2037 1794 3607 1863; baseline -0.003 -14"><span class='ocrx_word' id='word_1_308' title='bbox 2037 1795 2349 1851; x_wconf 87' lang='lat' dir='ltr'><strong>ambitionis</strong></span> <span class='ocrx_word' id='word_1_309' title='bbox 2397 1806 2449 1850; x_wconf 92' lang='lat' dir='ltr'><strong>et</strong></span> <span class='ocrx_word' id='word_1_310' title='bbox 2500 1796 2741 1849; x_wconf 82' lang='lat' dir='ltr'><strong>avaritiae</strong></span> <span class='ocrx_word' id='word_1_311' title='bbox 2775 1796 2968 1849; x_wconf 91' lang='lat' dir='ltr'><strong>morbo</strong></span> <span class='ocrx_word' id='word_1_312' title='bbox 3015 1794 3265 1848; x_wconf 83' lang='lat' dir='ltr'><strong>laborare</strong></span> <span class='ocrx_word' id='word_1_313' title='bbox 3301 1801 3607 1863; x_wconf 80' lang='lat' dir='ltr'><strong>cmperunt,</strong></span> 
     </span>
    </p>
   </div>
   <div class='ocr_carea' id='block_1_45' title="bbox 2037 1884 3609 1955">
    <p class='ocr_par' dir='ltr' id='par_1_45' title="bbox 2037 1884 3609 1955">
     <span class='ocr_line' id='line_1_45' title="bbox 2037 1884 3609 1955; baseline -0.002 -13"><span class='ocrx_word' id='word_1_314' title='bbox 2037 1887 2343 1942; x_wconf 80' lang='lat' dir='ltr'><strong>sacerdotia</strong></span> <span class='ocrx_word' id='word_1_315' title='bbox 2378 1887 2592 1943; x_wconf 78' lang='lat' dir='ltr'><strong>venalia</strong></span> <span class='ocrx_word' id='word_1_316' title='bbox 2622 1887 2954 1953; x_wconf 83' lang='lat' dir='ltr'><strong>habuerunt,</strong></span> <span class='ocrx_word' id='word_1_317' title='bbox 2981 1892 3035 1941; x_wconf 91' lang='lat' dir='ltr'><strong>et</strong></span> <span class='ocrx_word' id='word_1_318' title='bbox 3059 1884 3206 1939; x_wconf 89' lang='lat' dir='ltr'><strong>nulla</strong></span> <span class='ocrx_word' id='word_1_319' title='bbox 3233 1899 3299 1939; x_wconf 78' lang='lat' dir='ltr'><strong>ex</strong></span> <span class='ocrx_word' id='word_1_320' title='bbox 3322 1892 3477 1955; x_wconf 88' lang='lat' dir='ltr'><strong>parte</strong></span> <span class='ocrx_word' id='word_1_321' title='bbox 3503 1884 3609 1940; x_wconf 80' lang='lat' dir='ltr'><strong>sibi</strong></span> 
     </span>
    </p>
   </div>
   <div class='ocr_carea' id='block_1_46' title="bbox 2038 1974 3615 2046">
    <p class='ocr_par' dir='ltr' id='par_1_46' title="bbox 2038 1974 3615 2046">
     <span class='ocr_line' id='line_1_46' title="bbox 2038 1974 3615 2046; baseline -0.002 -13"><span class='ocrx_word' id='word_1_322' title='bbox 2038 1977 2451 2033; x_wconf 80' lang='lat' dir='ltr'><strong>convenientem</strong></span> <span class='ocrx_word' id='word_1_323' title='bbox 2492 1978 2810 2046; x_wconf 87' lang='lat' dir='ltr'><strong>dignitatem</strong></span> <span class='ocrx_word' id='word_1_324' title='bbox 2860 1987 3129 2033; x_wconf 88' lang='lat' dir='ltr'><strong>emerunt.</strong></span> <span class='ocrx_word' id='word_1_325' title='bbox 3192 1974 3397 2031; x_wconf 83' lang='lat' dir='ltr'><strong>Exinde</strong></span> <span class='ocrx_word' id='word_1_326' title='bbox 3451 1976 3615 2031; x_wconf 78' lang='lat' dir='ltr'><strong>innu—</strong></span> 
     </span>
    </p>
   </div>
   <div class='ocr_carea' id='block_1_47' title="bbox 2039 2068 3617 2143">
    <p class='ocr_par' dir='ltr' id='par_1_47' title="bbox 2039 2068 3617 2143">
     <span class='ocr_line' id='line_1_47' title="bbox 2039 2068 3617 2143; baseline 0.002 -19"><span class='ocrx_word' id='word_1_327' title='bbox 2039 2069 2321 2125; x_wconf 87' lang='lat' dir='ltr'><strong>merabilia</strong></span> <span class='ocrx_word' id='word_1_328' title='bbox 2363 2069 2504 2123; x_wconf 92' lang='lat' dir='ltr'><strong>mala</strong></span> <span class='ocrx_word' id='word_1_329' title='bbox 2535 2068 2741 2125; x_wconf 58' lang='lat' dir='ltr'><strong>ludatis</strong></span> <span class='ocrx_word' id='word_1_330' title='bbox 2787 2068 3129 2125; x_wconf 87' lang='lat' dir='ltr'><strong>acciderunt.</strong></span> <span class='ocrx_word' id='word_1_331' title='bbox 3165 2068 3346 2137; x_wconf 83' lang='lat' dir='ltr'><strong>Quare</strong></span> <span class='ocrx_word' id='word_1_332' title='bbox 3379 2071 3617 2143; x_wconf 83' lang='lat' dir='ltr'><strong>pastori-</strong></span> 
     </span>
    </p>
   </div>
   <div class='ocr_carea' id='block_1_48' title="bbox 2037 2161 3623 2233">
    <p class='ocr_par' dir='ltr' id='par_1_48' title="bbox 2037 2161 3623 2233">
     <span class='ocr_line' id='line_1_48' title="bbox 2037 2161 3623 2233; baseline -0.001 -14"><span class='ocrx_word' id='word_1_333' title='bbox 2037 2162 2142 2219; x_wconf 89' lang='lat' dir='ltr'><strong>bus</strong></span> <span class='ocrx_word' id='word_1_334' title='bbox 2182 2161 2404 2233; x_wconf 89' lang='lat' dir='ltr'><strong>quidem</strong></span> <span class='ocrx_word' id='word_1_335' title='bbox 2456 2162 2729 2233; x_wconf 88' lang='lat' dir='ltr'><strong>supplicia</strong></span> <span class='ocrx_word' id='word_1_336' title='bbox 2780 2162 3042 2227; x_wconf 85' lang='lat' dir='ltr'><strong>minatur,</strong></span> <span class='ocrx_word' id='word_1_337' title='bbox 3074 2177 3205 2219; x_wconf 89' lang='lat' dir='ltr'><strong>oves</strong></span> <span class='ocrx_word' id='word_1_338' title='bbox 3240 2171 3423 2219; x_wconf 83' lang='lat' dir='ltr'><strong>autem</strong></span> <span class='ocrx_word' id='word_1_339' title='bbox 3465 2162 3623 2219; x_wconf 87' lang='lat' dir='ltr'><strong>omni</strong></span> 
     </span>
    </p>
   </div>
   <div class='ocr_carea' id='block_1_49' title="bbox 2039 2251 3507 2325">
    <p class='ocr_par' dir='ltr' id='par_1_49' title="bbox 2039 2251 3507 2325">
     <span class='ocr_line' id='line_1_49' title="bbox 2039 2251 3507 2325; baseline 0.002 -18"><span class='ocrx_word' id='word_1_340' title='bbox 2039 2268 2168 2308; x_wconf 87' lang='lat' dir='ltr'><strong>cura</strong></span> <span class='ocrx_word' id='word_1_341' title='bbox 2199 2251 2575 2322; x_wconf 83' lang='lat' dir='ltr'><strong>prosequitur.</strong></span> <span class='ocrx_word' id='word_1_342' title='bbox 2614 2251 2689 2307; x_wconf 89' lang='lat' dir='ltr'><strong>De</strong></span> <span class='ocrx_word' id='word_1_343' title='bbox 2724 2252 2910 2323; x_wconf 84' lang='lat' dir='ltr'><strong>impiis</strong></span> <span class='ocrx_word' id='word_1_344' title='bbox 2946 2267 3075 2309; x_wconf 86' lang='lat' dir='ltr'><strong>vero</strong></span> <span class='ocrx_word' id='word_1_345' title='bbox 3120 2252 3202 2310; x_wconf 89' lang='lat' dir='ltr'><strong>sic</strong></span> <span class='ocrx_word' id='word_1_346' title='bbox 3232 2252 3507 2325; x_wconf 86' lang='lat' dir='ltr'><strong>loquitur:</strong></span> 
     </span>
    </p>
   </div>
   <div class='ocr_carea' id='block_1_50' title="bbox 2111 2449 3613 2521">
    <p class='ocr_par' dir='ltr' id='par_1_50' title="bbox 2111 2449 3613 2521">
     <span class='ocr_line' id='line_1_50' title="bbox 2111 2449 3613 2521; baseline 0.005 -17"><span class='ocrx_word' id='word_1_347' title='bbox 2111 2449 2276 2508; x_wconf 75' lang='lat' dir='ltr'><strong>Vens.</strong></span> <span class='ocrx_word' id='word_1_348' title='bbox 2311 2449 2366 2506; x_wconf 83' lang='lat'><strong>6.</strong></span> <span class='ocrx_word' id='word_1_349' title='bbox 2407 2469 2426 2503; x_wconf 73' lang='grc' dir='ltr'><strong>ι</strong></span> <span class='ocrx_word' id='word_1_350' title='bbox 2460 2449 2585 2506; x_wconf 85' lang='lat' dir='ltr'><strong>ideo</strong></span> <span class='ocrx_word' id='word_1_351' title='bbox 2622 2464 2730 2505; x_wconf 91' lang='lat' dir='ltr'><strong>non</strong></span> <span class='ocrx_word' id='word_1_352' title='bbox 2778 2465 2999 2521; x_wconf 87' lang='lat' dir='ltr'><strong>parcam</strong></span> <span class='ocrx_word' id='word_1_353' title='bbox 3031 2451 3177 2507; x_wconf 86' lang='lat' dir='ltr'><strong>ultra</strong></span> <span class='ocrx_word' id='word_1_354' title='bbox 3210 2451 3613 2512; x_wconf 86' lang='lat' dir='ltr'><strong>habitatoribus</strong></span> 
     </span>
    </p>
   </div>
   <div class='ocr_carea' id='block_1_51' title="bbox 2042 2541 3617 2614">
    <p class='ocr_par' dir='ltr' id='par_1_51' title="bbox 2042 2541 3617 2614">
     <span class='ocr_line' id='line_1_51' title="bbox 2042 2541 3617 2614; baseline 0.003 -16"><span class='ocrx_word' id='word_1_355' title='bbox 2042 2550 2224 2607; x_wconf 82' lang='lat' dir='ltr'><strong>terrae,</strong></span> <span class='ocrx_word' id='word_1_356' title='bbox 2258 2542 2395 2598; x_wconf 83' lang='lat' dir='ltr'><strong>dicit</strong></span> <span class='ocrx_word' id='word_1_357' title='bbox 2424 2541 2708 2597; x_wconf 87' lang='lat' dir='ltr'><strong>Dominus.</strong></span> <span class='ocrx_word' id='word_1_358' title='bbox 2747 2541 2816 2597; x_wconf 87' lang='lat' dir='ltr'><strong>Et</strong></span> <span class='ocrx_word' id='word_1_359' title='bbox 2851 2556 2981 2598; x_wconf 88' lang='lat' dir='ltr'><strong>ecce</strong></span> <span class='ocrx_word' id='word_1_360' title='bbox 3010 2557 3113 2614; x_wconf 76' lang='lat' dir='ltr'><strong>ego</strong></span> <span class='ocrx_word' id='word_1_361' title='bbox 3149 2544 3310 2600; x_wconf 83' lang='lat' dir='ltr'><strong>trado</strong></span> <span class='ocrx_word' id='word_1_362' title='bbox 3342 2544 3617 2611; x_wconf 85' lang='lat' dir='ltr'><strong>homines.</strong></span> 
     </span>
    </p>
   </div>
   <div class='ocr_carea' id='block_1_52' title="bbox 2044 2635 3623 2706">
    <p class='ocr_par' dir='ltr' id='par_1_52' title="bbox 2044 2635 3623 2706">
     <span class='ocr_line' id='line_1_52' title="bbox 2044 2635 3623 2706; baseline 0.002 -16"><span class='ocrx_word' id='word_1_363' title='bbox 2044 2649 2496 2706; x_wconf 84' lang='lat' dir='ltr'><strong>unumquemque</strong></span> <span class='ocrx_word' id='word_1_364' title='bbox 2523 2635 2576 2689; x_wconf 90' lang='lat' dir='ltr'><strong>in</strong></span> <span class='ocrx_word' id='word_1_365' title='bbox 2610 2649 2810 2692; x_wconf 83' lang='lat' dir='ltr'><strong>manus</strong></span> <span class='ocrx_word' id='word_1_366' title='bbox 2839 2635 3074 2705; x_wconf 81' lang='lat' dir='ltr'><strong>proximi</strong></span> <span class='ocrx_word' id='word_1_367' title='bbox 3106 2636 3228 2704; x_wconf 79' lang='lat' dir='ltr'><strong>sui;</strong></span> <span class='ocrx_word' id='word_1_368' title='bbox 3250 2644 3305 2692; x_wconf 89' lang='lat' dir='ltr'><strong>et</strong></span> <span class='ocrx_word' id='word_1_369' title='bbox 3329 2638 3623 2695; x_wconf 83' lang='lat' dir='ltr'><strong>concident</strong></span> 
     </span>
    </p>
   </div>
   <div class='ocr_carea' id='block_1_53' title="bbox 2046 2727 3622 2792">
    <p class='ocr_par' dir='ltr' id='par_1_53' title="bbox 2046 2727 3622 2792">
     <span class='ocr_line' id='line_1_53' title="bbox 2046 2727 3622 2792; baseline 0.003 -11"><span class='ocrx_word' id='word_1_370' title='bbox 2046 2736 2274 2792; x_wconf 87' lang='lat' dir='ltr'><strong>terram,</strong></span> <span class='ocrx_word' id='word_1_371' title='bbox 2303 2736 2360 2783; x_wconf 90' lang='lat' dir='ltr'><strong>et</strong></span> <span class='ocrx_word' id='word_1_372' title='bbox 2399 2742 2507 2783; x_wconf 93' lang='lat' dir='ltr'><strong>non</strong></span> <span class='ocrx_word' id='word_1_373' title='bbox 2556 2742 2744 2783; x_wconf 87' lang='lat' dir='ltr'><strong>eruam</strong></span> <span class='ocrx_word' id='word_1_374' title='bbox 2781 2727 2851 2783; x_wconf 91' lang='lat' dir='ltr'><strong>de</strong></span> <span class='ocrx_word' id='word_1_375' title='bbox 2886 2742 3051 2782; x_wconf 85' lang='lat' dir='ltr'><strong>manu</strong></span> <span class='ocrx_word' id='word_1_376' title='bbox 3073 2741 3288 2784; x_wconf 85' lang='lat' dir='ltr'><strong>eorum.</strong></span> <span class='ocrx_word' id='word_1_377' title='bbox 3320 2744 3341 2782; x_wconf 72' lang='grc' dir='ltr'><strong>ι</strong></span> <span class='ocrx_word' id='word_1_378' title='bbox 3370 2728 3496 2786; x_wconf 89' lang='lat' dir='ltr'><strong>Illos</strong></span> <span class='ocrx_word' id='word_1_379' title='bbox 3522 2744 3622 2785; x_wconf 77' lang='lat' dir='ltr'><strong>au-</strong></span> 
     </span>
    </p>
   </div>
   <div class='ocr_carea' id='block_1_54' title="bbox 2046 2808 3625 2893">
    <p class='ocr_par' dir='ltr' id='par_1_54' title="bbox 2046 2808 3625 2893">
     <span class='ocr_line' id='line_1_54' title="bbox 2046 2808 3625 2893; baseline 0.001 -17"><span class='ocrx_word' id='word_1_380' title='bbox 2046 2828 2179 2885; x_wconf 84' lang='lat' dir='ltr'><strong>tem,</strong></span> <span class='ocrx_word' id='word_1_381' title='bbox 2208 2821 2410 2892; x_wconf 84' lang='lat' dir='ltr'><strong>inquit,</strong></span> <span class='ocrx_word' id='word_1_382' title='bbox 2445 2829 2670 2891; x_wconf 88' lang='lat' dir='ltr'><strong>propter</strong></span> <span class='ocrx_word' id='word_1_383' title='bbox 2697 2835 2890 2877; x_wconf 91' lang='lat' dir='ltr'><strong>eorum</strong></span> <span class='ocrx_word' id='word_1_384' title='bbox 2919 2821 3128 2878; x_wconf 84' lang='lat' dir='ltr'><strong>scelera</strong></span> <span class='ocrx_word' id='word_1_385' title='bbox 3154 2808 3432 2893; x_wconf 65' lang='lat' dir='ltr'><strong>neglectos</strong></span> <span class='ocrx_word' id='word_1_386' title='bbox 3464 2823 3625 2878; x_wconf 86' lang='lat' dir='ltr'><strong>relin-</strong></span> 
     </span>
    </p>
   </div>
   <div class='ocr_carea' id='block_1_55' title="bbox 2047 2910 3625 2982">
    <p class='ocr_par' dir='ltr' id='par_1_55' title="bbox 2047 2910 3625 2982">
     <span class='ocr_line' id='line_1_55' title="bbox 2047 2910 3625 2982; baseline 0.003 -16"><span class='ocrx_word' id='word_1_387' title='bbox 2047 2928 2244 2982; x_wconf 85' lang='lat' dir='ltr'><strong>quens,</strong></span> <span class='ocrx_word' id='word_1_388' title='bbox 2280 2910 2679 2967; x_wconf 85' lang='lat' dir='ltr'><strong>moderatiores</strong></span> <span class='ocrx_word' id='word_1_389' title='bbox 2711 2911 2861 2966; x_wconf 91' lang='lat' dir='ltr'><strong>omni</strong></span> <span class='ocrx_word' id='word_1_390' title='bbox 2900 2926 3041 2967; x_wconf 85' lang='lat' dir='ltr'><strong>cura</strong></span> <span class='ocrx_word' id='word_1_391' title='bbox 3070 2911 3285 2968; x_wconf 86' lang='lat' dir='ltr'><strong>tuebor.</strong></span> <span class='ocrx_word' id='word_1_392' title='bbox 3321 2910 3439 2970; x_wconf 81' lang='lat' dir='ltr'><strong>Hoc</strong></span> <span class='ocrx_word' id='word_1_393' title='bbox 3476 2913 3625 2970; x_wconf 83' lang='lat' dir='ltr'><strong>enim</strong></span> 
     </span>
    </p>
   </div>
   <div class='ocr_carea' id='block_1_56' title="bbox 2049 2990 2839 3073">
    <p class='ocr_par' dir='ltr' id='par_1_56' title="bbox 2049 2990 2839 3073">
     <span class='ocr_line' id='line_1_56' title="bbox 2049 2990 2839 3073; baseline -0.001 -15"><span class='ocrx_word' id='word_1_394' title='bbox 2049 2990 2337 3073; x_wconf 80' lang='lat' dir='ltr'><strong>sequentia</strong></span> <span class='ocrx_word' id='word_1_395' title='bbox 2377 3002 2674 3059; x_wconf 85' lang='lat' dir='ltr'><strong>declarant.</strong></span> <span class='ocrx_word' id='word_1_396' title='bbox 2834 2996 2839 2999; x_wconf 76' lang='grc'><em>’</em></span> 
     </span>
    </p>
   </div>
   <div class='ocr_carea' id='block_1_57' title="bbox 2120 3171 3629 3244">
    <p class='ocr_par' dir='ltr' id='par_1_57' title="bbox 2120 3171 3629 3244">
     <span class='ocr_line' id='line_1_57' title="bbox 2120 3171 3629 3244; baseline 0.006 -18"><span class='ocrx_word' id='word_1_397' title='bbox 2120 3171 2285 3228; x_wconf 71' lang='lat' dir='ltr'><strong>Vens.</strong></span> <span class='ocrx_word' id='word_1_398' title='bbox 2321 3173 2372 3228; x_wconf 83' lang='lat'><strong>7.</strong></span> <span class='ocrx_word' id='word_1_399' title='bbox 2411 3192 2431 3225; x_wconf 78' lang='grc' dir='ltr'><strong>ι</strong></span> <span class='ocrx_word' id='word_1_400' title='bbox 2486 3175 2553 3228; x_wconf 80' lang='lat' dir='ltr'><strong>Et</strong></span> <span class='ocrx_word' id='word_1_401' title='bbox 2598 3189 2822 3244; x_wconf 86' lang='lat' dir='ltr'><strong>pascam</strong></span> <span class='ocrx_word' id='word_1_402' title='bbox 2865 3189 3000 3231; x_wconf 83' lang='lat' dir='ltr'><strong>oves</strong></span> <span class='ocrx_word' id='word_1_403' title='bbox 3047 3176 3348 3234; x_wconf 80' lang='lat' dir='ltr'><strong>occisionis</strong></span> <span class='ocrx_word' id='word_1_404' title='bbox 3393 3177 3450 3232; x_wconf 85' lang='lat' dir='ltr'><strong>in</strong></span> <span class='ocrx_word' id='word_1_405' title='bbox 3478 3185 3629 3236; x_wconf 75' lang='lat' dir='ltr'><strong>terra</strong></span> 
     </span>
    </p>
   </div>
   <div class='ocr_carea' id='block_1_58' title="bbox 373 3253 1946 3353">
    <p class='ocr_par' dir='ltr' id='par_1_58' title="bbox 373 3253 1946 3329">
     <span class='ocr_line' id='line_1_58' title="bbox 373 3253 1946 3329; baseline -0.003 -18"><span class='ocrx_word' id='word_1_406' title='bbox 373 3260 447 3329; x_wconf 68' lang='grc' dir='ltr'>γῇ</span> <span class='ocrx_word' id='word_1_407' title='bbox 474 3257 692 3311; x_wconf 84' lang='grc' dir='ltr'>Χαναάν</span> <span class='ocrx_word' id='word_1_408' title='bbox 706 3258 772 3313; x_wconf 81' lang='grc'><strong>⁸⁸.</strong></span> <span class='ocrx_word' id='word_1_409' title='bbox 818 3275 836 3309; x_wconf 81' lang='grc'>›</span> <span class='ocrx_word' id='word_1_410' title='bbox 876 3253 1049 3308; x_wconf 80' lang='grc' dir='ltr'>Τοῦτο</span> <span class='ocrx_word' id='word_1_411' title='bbox 1078 3256 1191 3309; x_wconf 84' lang='grc' dir='ltr'>τισὶ</span> <span class='ocrx_word' id='word_1_412' title='bbox 1225 3255 1329 3324; x_wconf 82' lang='grc' dir='ltr'>μὲν</span> <span class='ocrx_word' id='word_1_413' title='bbox 1361 3254 1505 3320; x_wconf 70' lang='grc' dir='ltr'>ἔδοξε</span> <span class='ocrx_word' id='word_1_414' title='bbox 1532 3257 1630 3325; x_wconf 81' lang='grc' dir='ltr'>τὴν</span> <span class='ocrx_word' id='word_1_415' title='bbox 1667 3254 1946 3307; x_wconf 84' lang='grc' dir='ltr'>Παλαιστί-</span> 
     </span>
    </p>
   </div>
   <div class='ocr_carea' id='block_1_59' title="bbox 2047 3253 3628 3353">
    <p class='ocr_par' dir='ltr' id='par_1_59' title="bbox 2050 3257 3628 3334">
     <span class='ocr_line' id='line_1_59' title="bbox 2050 3257 3628 3334; baseline 0.006 -20"><span class='ocrx_word' id='word_1_416' title='bbox 2050 3257 2331 3314; x_wconf 84' lang='lat' dir='ltr'><strong>Chanaan.</strong></span> <span class='ocrx_word' id='word_1_417' title='bbox 2366 3278 2386 3313; x_wconf 73' lang='grc' dir='ltr'><strong>ι</strong></span> <span class='ocrx_word' id='word_1_418' title='bbox 2434 3258 2537 3315; x_wconf 85' lang='lat' dir='ltr'><strong>Per</strong></span> <span class='ocrx_word' id='word_1_419' title='bbox 2590 3261 2694 3316; x_wconf 90' lang='lat' dir='ltr'><strong>hoc</strong></span> <span class='ocrx_word' id='word_1_420' title='bbox 2722 3262 2945 3332; x_wconf 88' lang='lat' dir='ltr'><strong>quidam</strong></span> <span class='ocrx_word' id='word_1_421' title='bbox 2982 3263 3191 3334; x_wconf 88' lang='lat' dir='ltr'><strong>opinati</strong></span> <span class='ocrx_word' id='word_1_422' title='bbox 3223 3272 3352 3321; x_wconf 85' lang='lat' dir='ltr'><strong>sunt</strong></span> <span class='ocrx_word' id='word_1_423' title='bbox 3377 3264 3628 3324; x_wconf 64' lang='lat' dir='ltr'><strong>Palaesti-</strong></span> 
     </span>
    </p>
   </div>
   <div class='ocr_carea' id='block_1_60' title="bbox 343 3342 1948 3422">
    <p class='ocr_par' dir='ltr' id='par_1_60' title="bbox 343 3342 1948 3422">
     <span class='ocr_line' id='line_1_60' title="bbox 343 3342 1948 3422; baseline -0.003 -21"><span class='ocrx_word' id='word_1_424' title='bbox 343 3359 472 3419; x_wconf 71' lang='grc' dir='ltr'>’νην</span> <span class='ocrx_word' id='word_1_425' title='bbox 520 3346 887 3403; x_wconf 70' lang='grc' dir='ltr'>αἰνίττεσθαι*</span> <span class='ocrx_word' id='word_1_426' title='bbox 923 3345 1049 3416; x_wconf 66' lang='grc' dir='ltr'>ἐμοὶ</span> <span class='ocrx_word' id='word_1_427' title='bbox 1081 3345 1139 3399; x_wconf 79' lang='grc' dir='ltr'>δὲ</span> <span class='ocrx_word' id='word_1_428' title='bbox 1187 3344 1338 3398; x_wconf 87' lang='grc' dir='ltr'><strong>δοκεῖ</strong></span> <span class='ocrx_word' id='word_1_429' title='bbox 1382 3342 1482 3422; x_wconf 75' lang='grc' dir='ltr'>τὴν</span> <span class='ocrx_word' id='word_1_430' title='bbox 1524 3344 1813 3415; x_wconf 76' lang='grc' dir='ltr'>ἀλλοτρίαν</span> <span class='ocrx_word' id='word_1_431' title='bbox 1848 3362 1948 3415; x_wconf 85' lang='grc' dir='ltr'>ση-</span> 
     </span>
    </p>
   </div>
   <div class='ocr_carea' id='block_1_61' title="bbox 378 3433 1952 3511">
    <p class='ocr_par' dir='ltr' id='par_1_61' title="bbox 378 3433 1952 3511">
     <span class='ocr_line' id='line_1_61' title="bbox 378 3433 1952 3511; baseline -0.004 -19"><span class='ocrx_word' id='word_1_432' title='bbox 378 3439 591 3511; x_wconf 79' lang='grc' dir='ltr'>μαίνειν</span> <span class='ocrx_word' id='word_1_433' title='bbox 625 3456 638 3470; x_wconf 79' lang='grc' dir='ltr'><strong>ο</strong></span> <span class='ocrx_word' id='word_1_434' title='bbox 665 3438 753 3492; x_wconf 69' lang='grc' dir='ltr'>διὰ</span> <span class='ocrx_word' id='word_1_435' title='bbox 797 3434 1026 3507; x_wconf 74' lang='grc' dir='ltr'>γάρ’τοῦ</span> <span class='ocrx_word' id='word_1_436' title='bbox 1077 3433 1321 3489; x_wconf 79' lang='grc' dir='ltr'><strong>Χαναὰν</strong></span> <span class='ocrx_word' id='word_1_437' title='bbox 1357 3433 1486 3499; x_wconf 78' lang='grc' dir='ltr'>τοὺς</span> <span class='ocrx_word' id='word_1_438' title='bbox 1527 3434 1841 3506; x_wconf 83' lang='grc' dir='ltr'>ἀλλοτρίους</span> <span class='ocrx_word' id='word_1_439' title='bbox 1866 3435 1952 3488; x_wconf 79' lang='lat' dir='ltr'><strong>ai-</strong></span> 
     </span>
    </p>
   </div>
   <div class='ocr_carea' id='block_1_62' title="bbox 344 3523 1950 3601">
    <p class='ocr_par' dir='ltr' id='par_1_62' title="bbox 344 3523 1950 3601">
     <span class='ocr_line' id='line_1_62' title="bbox 344 3523 1950 3601; baseline -0.004 -18"><span class='ocrx_word' id='word_1_440' title='bbox 344 3530 633 3585; x_wconf 64' lang='lat' dir='ltr'><strong>‘vittstat.</strong></span> <span class='ocrx_word' id='word_1_441' title='bbox 662 3530 825 3601; x_wconf 76' lang='grc' dir='ltr'>Λέγει</span> <span class='ocrx_word' id='word_1_442' title='bbox 859 3528 1059 3583; x_wconf 82' lang='grc' dir='ltr'>τοίνυν’</span> <span class='ocrx_word' id='word_1_443' title='bbox 1097 3526 1235 3591; x_wconf 82' lang='grc' dir='ltr'>Τοὺς</span> <span class='ocrx_word' id='word_1_444' title='bbox 1289 3525 1625 3596; x_wconf 79' lang='grc' dir='ltr'>ὁπουδήποτε</span> <span class='ocrx_word' id='word_1_445' title='bbox 1665 3523 1950 3579; x_wconf 79' lang='grc' dir='ltr'>πιστεῦσαί</span> 
     </span>
    </p>
   </div>
   <div class='ocr_carea' id='block_1_63' title="bbox 380 3615 1949 3697">
    <p class='ocr_par' dir='ltr' id='par_1_63' title="bbox 380 3615 1949 3697">
     <span class='ocr_line' id='line_1_63' title="bbox 380 3615 1949 3697; baseline -0.007 -17"><span class='ocrx_word' id='word_1_446' title='bbox 380 3642 471 3697; x_wconf 89' lang='grc' dir='ltr'><strong>μοι</strong></span> <span class='ocrx_word' id='word_1_447' title='bbox 510 3621 971 3695; x_wconf 76' lang='grc' dir='ltr'>προαιρουμένους</span> <span class='ocrx_word' id='word_1_448' title='bbox 989 3618 1097 3673; x_wconf 72' lang='grc' dir='ltr'>ὑπὸ</span> <span class='ocrx_word' id='word_1_449' title='bbox 1122 3616 1221 3687; x_wconf 77' lang='grc' dir='ltr'><strong>τὴν</strong></span> <span class='ocrx_word' id='word_1_450' title='bbox 1254 3616 1394 3689; x_wconf 75' lang='grc' dir='ltr'>ἐμὴν</span> <span class='ocrx_word' id='word_1_451' title='bbox 1419 3615 1569 3682; x_wconf 82' lang='grc' dir='ltr'>τάξω</span> <span class='ocrx_word' id='word_1_452' title='bbox 1601 3615 1949 3686; x_wconf 79' lang='grc' dir='ltr'>κηδεμονίαν.</span> 
     </span>
    </p>
   </div>
   <div class='ocr_carea' id='block_1_64' title="bbox 382 3704 1953 3787">
    <p class='ocr_par' dir='ltr' id='par_1_64' title="bbox 382 3704 1953 3787">
     <span class='ocr_line' id='line_1_64' title="bbox 382 3704 1953 3787; baseline -0.009 -16"><span class='ocrx_word' id='word_1_453' title='bbox 382 3737 403 3771; x_wconf 73' lang='grc' dir='ltr'><strong>ι</strong></span> <span class='ocrx_word' id='word_1_454' title='bbox 446 3719 554 3773; x_wconf 69' lang='grc' dir='ltr'>Καὶ</span> <span class='ocrx_word' id='word_1_455' title='bbox 606 3716 847 3787; x_wconf 70' lang='grc' dir='ltr'>λήψομαι</span> <span class='ocrx_word' id='word_1_456' title='bbox 895 3710 1120 3783; x_wconf 77' lang='grc' dir='ltr'>ἐμαυτῷ</span> <span class='ocrx_word' id='word_1_457' title='bbox 1158 3706 1254 3763; x_wconf 79' lang='grc' dir='ltr'><strong>δύο</strong></span> <span class='ocrx_word' id='word_1_458' title='bbox 1298 3706 1559 3778; x_wconf 76' lang='grc' dir='ltr'>ῥάϐδους·</span> <span class='ocrx_word' id='word_1_459' title='bbox 1596 3706 1692 3777; x_wconf 84' lang='grc' dir='ltr'>τὴν</span> <span class='ocrx_word' id='word_1_460' title='bbox 1748 3706 1877 3777; x_wconf 88' lang='grc' dir='ltr'>μίαν</span> <span class='ocrx_word' id='word_1_461' title='bbox 1909 3704 1953 3737; x_wconf 81' lang='grc'><strong>⁸⁷</strong></span> 
     </span>
    </p>
   </div>
   <div class='ocr_carea' id='block_1_65' title="bbox 379 3794 1957 3873">
    <p class='ocr_par' dir='ltr' id='par_1_65' title="bbox 379 3794 1957 3873">
     <span class='ocr_line' id='line_1_65' title="bbox 379 3794 1957 3873; baseline -0.008 -10"><span class='ocrx_word' id='word_1_462' title='bbox 379 3809 616 3863; x_wconf 72' lang='grc' dir='ltr'>ικάλεσα</span> <span class='ocrx_word' id='word_1_463' title='bbox 639 3804 867 3869; x_wconf 81' lang='grc' dir='ltr'>Κάλλος,</span> <span class='ocrx_word' id='word_1_464' title='bbox 901 3805 1017 3873; x_wconf 64' lang='grc' dir='ltr'><strong>καλἰ</strong></span> <span class='ocrx_word' id='word_1_465' title='bbox 1044 3803 1141 3873; x_wconf 87' lang='grc' dir='ltr'><strong>τὴν</strong></span> <span class='ocrx_word' id='word_1_466' title='bbox 1171 3800 1365 3871; x_wconf 78' lang='grc' dir='ltr'>ἑτέραν</span> <span class='ocrx_word' id='word_1_467' title='bbox 1407 3794 1713 3854; x_wconf 74' lang='grc' dir='ltr'>ὲπεκάλεσα</span> <span class='ocrx_word' id='word_1_468' title='bbox 1749 3797 1957 3869; x_wconf 84' lang='grc' dir='ltr'>Σχοίνι-</span> 
     </span>
    </p>
   </div>
   <div class='ocr_carea' id='block_1_66' title="bbox 383 3886 1957 3970">
    <p class='ocr_par' dir='ltr' id='par_1_66' title="bbox 383 3886 1957 3970">
     <span class='ocr_line' id='line_1_66' title="bbox 383 3886 1957 3970; baseline -0.007 -17"><span class='ocrx_word' id='word_1_469' title='bbox 383 3917 496 3970; x_wconf 89' lang='grc' dir='ltr'><strong>σμα</strong></span> <span class='ocrx_word' id='word_1_470' title='bbox 533 3904 550 3930; x_wconf 65' lang='grc' dir='ltr'><strong>ά</strong></span> <span class='ocrx_word' id='word_1_471' title='bbox 583 3898 676 3951; x_wconf 66' lang='grc' dir='ltr'>καί</span> <span class='ocrx_word' id='word_1_472' title='bbox 725 3892 976 3964; x_wconf 84' lang='grc' dir='ltr'>ποιμανῶ</span> <span class='ocrx_word' id='word_1_473' title='bbox 1033 3892 1102 3945; x_wconf 73' lang='grc' dir='ltr'>τὰ</span> <span class='ocrx_word' id='word_1_474' title='bbox 1158 3891 1428 3960; x_wconf 78' lang='grc' dir='ltr'>πρόϐατα.</span> <span class='ocrx_word' id='word_1_475' title='bbox 1470 3910 1488 3942; x_wconf 75' lang='grc' dir='ltr'><strong>ι</strong></span> <span class='ocrx_word' id='word_1_476' title='bbox 1539 3888 1653 3942; x_wconf 84' lang='grc' dir='ltr'>Δύο</span> <span class='ocrx_word' id='word_1_477' title='bbox 1691 3886 1957 3957; x_wconf 77' lang='grc' dir='ltr'>ῥάϐδους</span> 
     </span>
    </p>
   </div>
   <div class='ocr_carea' id='block_1_67' title="bbox 358 3976 1960 4057">
    <p class='ocr_par' dir='ltr' id='par_1_67' title="bbox 358 3976 1960 4057">
     <span class='ocr_line' id='line_1_67' title="bbox 358 3976 1960 4057; baseline -0.008 -14"><span class='ocrx_word' id='word_1_478' title='bbox 358 3990 535 4043; x_wconf 78' lang='grc' dir='ltr'><strong>’καλεῖ</strong></span> <span class='ocrx_word' id='word_1_479' title='bbox 564 3988 630 4040; x_wconf 65' lang='grc' dir='ltr'><strong>τά</strong></span> <span class='ocrx_word' id='word_1_480' title='bbox 663 3984 790 4057; x_wconf 78' lang='grc' dir='ltr'>ἔθνη</span> <span class='ocrx_word' id='word_1_481' title='bbox 835 3985 931 4038; x_wconf 75' lang='grc' dir='ltr'><strong>καὶ</strong></span> <span class='ocrx_word' id='word_1_482' title='bbox 965 3981 1276 4043; x_wconf 81' lang='grc' dir='ltr'>Ἰουδαίους.</span> <span class='ocrx_word' id='word_1_483' title='bbox 1325 3980 1430 4034; x_wconf 85' lang='grc' dir='ltr'><strong>Δύο</strong></span> <span class='ocrx_word' id='word_1_484' title='bbox 1472 3979 1581 4050; x_wconf 74' lang='grc' dir='ltr'><strong>γάρ</strong></span> <span class='ocrx_word' id='word_1_485' title='bbox 1598 3976 1643 4011; x_wconf 77' lang='grc'><strong>⁸⁸</strong></span> <span class='ocrx_word' id='word_1_486' title='bbox 1673 3979 1839 4031; x_wconf 77' lang='grc' dir='ltr'>πάλαι</span> <span class='ocrx_word' id='word_1_487' title='bbox 1871 3995 1960 4047; x_wconf 82' lang='grc' dir='ltr'>γε·</span> 
     </span>
    </p>
   </div>
   <div class='ocr_carea' id='block_1_68' title="bbox 362 4066 1957 4146">
    <p class='ocr_par' dir='ltr' id='par_1_68' title="bbox 362 4066 1957 4146">
     <span class='ocr_line' id='line_1_68' title="bbox 362 4066 1957 4146; baseline -0.003 -21"><span class='ocrx_word' id='word_1_488' title='bbox 362 4077 509 4131; x_wconf 71' lang='grc' dir='ltr'>’νικά</span> <span class='ocrx_word' id='word_1_489' title='bbox 524 4076 787 4146; x_wconf 85' lang='grc' dir='ltr'>δόγματα,</span> <span class='ocrx_word' id='word_1_490' title='bbox 822 4074 882 4126; x_wconf 71' lang='grc' dir='ltr'>τὸ</span> <span class='ocrx_word' id='word_1_491' title='bbox 916 4073 1013 4144; x_wconf 78' lang='grc' dir='ltr'><strong>μὲν</strong></span> <span class='ocrx_word' id='word_1_492' title='bbox 1042 4069 1349 4123; x_wconf 79' lang='grc' dir='ltr'>θεοσέϐειαν</span> <span class='ocrx_word' id='word_1_493' title='bbox 1382 4066 1725 4131; x_wconf 77' lang='grc' dir='ltr'>ὲκπαιδεῦον,</span> <span class='ocrx_word' id='word_1_494' title='bbox 1750 4067 1779 4118; x_wconf 85' lang='grc' dir='ltr'>ὃ</span> <span class='ocrx_word' id='word_1_495' title='bbox 1806 4066 1957 4136; x_wconf 81' lang='grc' dir='ltr'><strong>παρά</strong></span> 
     </span>
    </p>
   </div>
   <div class='ocr_carea' id='block_1_69' title="bbox 390 4156 1957 4235">
    <p class='ocr_par' dir='ltr' id='par_1_69' title="bbox 390 4156 1957 4235">
     <span class='ocr_line' id='line_1_69' title="bbox 390 4156 1957 4235; baseline -0.008 -12"><span class='ocrx_word' id='word_1_496' title='bbox 390 4167 676 4229; x_wconf 83' lang='grc' dir='ltr'>Ἰουδαίους</span> <span class='ocrx_word' id='word_1_497' title='bbox 729 4165 986 4235; x_wconf 83' lang='grc' dir='ltr'>ἐκράτει·</span> <span class='ocrx_word' id='word_1_498' title='bbox 1021 4162 1083 4215; x_wconf 82' lang='grc' dir='ltr'><strong>τὸ</strong></span> <span class='ocrx_word' id='word_1_499' title='bbox 1110 4160 1167 4214; x_wconf 79' lang='grc' dir='ltr'>δὲ</span> <span class='ocrx_word' id='word_1_500' title='bbox 1220 4158 1522 4231; x_wconf 79' lang='grc' dir='ltr'>πρεσϐεῦον</span> <span class='ocrx_word' id='word_1_501' title='bbox 1572 4156 1682 4212; x_wconf 82' lang='grc' dir='ltr'>τῶν</span> <span class='ocrx_word' id='word_1_502' title='bbox 1720 4156 1957 4211; x_wconf 81' lang='grc' dir='ltr'>εἰδώλων</span> 
     </span>
    </p>
   </div>
   <div class='ocr_carea' id='block_1_70' title="bbox 380 4244 1957 4328">
    <p class='ocr_par' dir='ltr' id='par_1_70' title="bbox 380 4244 1957 4328">
     <span class='ocr_line' id='line_1_70' title="bbox 380 4244 1957 4328; baseline -0.007 -16"><span class='ocrx_word' id='word_1_503' title='bbox 380 4259 481 4328; x_wconf 77' lang='grc' dir='ltr'><strong>τὴν</strong></span> <span class='ocrx_word' id='word_1_504' title='bbox 526 4249 877 4328; x_wconf 79' lang='grc' dir='ltr'>πλάνην,ᾖ⁸⁹</span> <span class='ocrx_word' id='word_1_505' title='bbox 905 4253 1176 4323; x_wconf 79' lang='grc' dir='ltr'>διαφόρως</span> <span class='ocrx_word' id='word_1_506' title='bbox 1210 4249 1429 4305; x_wconf 76' lang='grc' dir='ltr'>ἅπαντα</span> <span class='ocrx_word' id='word_1_507' title='bbox 1487 4246 1657 4300; x_wconf 87' lang='grc' dir='ltr'>πάλαι</span> <span class='ocrx_word' id='word_1_508' title='bbox 1706 4244 1773 4299; x_wconf 70' lang='grc' dir='ltr'><strong>τά</strong></span> <span class='ocrx_word' id='word_1_509' title='bbox 1830 4246 1957 4318; x_wconf 73' lang='grc' dir='ltr'>ἔθνη</span> 
     </span>
    </p>
   </div>
   <div class='ocr_carea' id='block_1_71' title="bbox 382 4335 1959 4419">
    <p class='ocr_par' dir='ltr' id='par_1_71' title="bbox 382 4335 1959 4419">
     <span class='ocr_line' id='line_1_71' title="bbox 382 4335 1959 4419; baseline -0.009 -15"><span class='ocrx_word' id='word_1_510' title='bbox 382 4349 681 4419; x_wconf 83' lang='grc' dir='ltr'>κατείχετο.</span> <span class='ocrx_word' id='word_1_511' title='bbox 709 4348 821 4401; x_wconf 72' lang='grc' dir='ltr'><strong>Καὶ</strong></span> <span class='ocrx_word' id='word_1_512' title='bbox 853 4344 1146 4400; x_wconf 75' lang='grc' dir='ltr'>ἑκ³τούτων</span> <span class='ocrx_word' id='word_1_513' title='bbox 1174 4341 1377 4404; x_wconf 85' lang='grc' dir='ltr'>τοίνυν,</span> <span class='ocrx_word' id='word_1_514' title='bbox 1410 4337 1565 4408; x_wconf 74' lang='grc' dir='ltr'>φησὶ,</span> <span class='ocrx_word' id='word_1_515' title='bbox 1599 4336 1696 4390; x_wconf 73' lang='grc' dir='ltr'>καὶ</span> <span class='ocrx_word' id='word_1_516' title='bbox 1726 4335 1786 4401; x_wconf 75' lang='grc' dir='ltr'>ἐξ</span> <span class='ocrx_word' id='word_1_517' title='bbox 1812 4336 1959 4390; x_wconf 83' lang='grc' dir='ltr'>ὲκεί-</span> 
     </span>
    </p>
   </div>
   <div class='ocr_carea' id='block_1_72' title="bbox 381 4427 1960 4510">
    <p class='ocr_par' dir='ltr' id='par_1_72' title="bbox 381 4427 1960 4510">
     <span class='ocr_line' id='line_1_72' title="bbox 381 4427 1960 4510; baseline -0.007 -16"><span class='ocrx_word' id='word_1_518' title='bbox 381 4458 491 4494; x_wconf 86' lang='grc' dir='ltr'><strong>νων</strong></span> <span class='ocrx_word' id='word_1_519' title='bbox 547 4438 884 4510; x_wconf 85' lang='grc' dir='ltr'>συναθροίσω</span> <span class='ocrx_word' id='word_1_520' title='bbox 945 4434 1214 4507; x_wconf 75' lang='grc' dir='ltr'>πρόϐατα,</span> <span class='ocrx_word' id='word_1_521' title='bbox 1275 4430 1371 4485; x_wconf 70' lang='grc' dir='ltr'><strong>καὶ</strong></span> <span class='ocrx_word' id='word_1_522' title='bbox 1437 4429 1565 4501; x_wconf 87' lang='grc' dir='ltr'>μίαν</span> <span class='ocrx_word' id='word_1_523' title='bbox 1618 4427 1960 4499; x_wconf 77' lang='grc' dir='ltr'>ἑκατέρωθεν</span> 
     </span>
    </p>
   </div>
   <div class='ocr_carea' id='block_1_73' title="bbox 366 4522 1959 4601">
    <p class='ocr_par' dir='ltr' id='par_1_73' title="bbox 366 4522 1959 4601">
     <span class='ocr_line' id='line_1_73' title="bbox 366 4522 1959 4601; baseline -0.006 -17"><span class='ocrx_word' id='word_1_524' title='bbox 366 4530 691 4601; x_wconf 74' lang='grc' dir='ltr'><strong>⁴ἐργάσομαι</strong></span> <span class='ocrx_word' id='word_1_525' title='bbox 727 4528 981 4598; x_wconf 85' lang='grc' dir='ltr'>ποίμνην.</span> <span class='ocrx_word' id='word_1_526' title='bbox 1010 4523 1182 4577; x_wconf 81' lang='grc' dir='ltr'>Τοῦτο</span> <span class='ocrx_word' id='word_1_527' title='bbox 1219 4522 1311 4577; x_wconf 66' lang='grc' dir='ltr'>καὶ</span> <span class='ocrx_word' id='word_1_528' title='bbox 1345 4522 1403 4575; x_wconf 82' lang='grc' dir='ltr'>ὲν</span> <span class='ocrx_word' id='word_1_529' title='bbox 1427 4522 1541 4585; x_wconf 81' lang='grc' dir='ltr'>τοῖς</span> <span class='ocrx_word' id='word_1_530' title='bbox 1577 4523 1741 4591; x_wconf 78' lang='grc' dir='ltr'>ἱεροῖς</span> <span class='ocrx_word' id='word_1_531' title='bbox 1778 4522 1959 4587; x_wconf 84' lang='grc' dir='ltr'>Εὐαγ-</span> 
     </span>
    </p>
   </div>
   <div class='ocr_carea' id='block_1_74' title="bbox 2051 3349 3627 3421">
    <p class='ocr_par' dir='ltr' id='par_1_74' title="bbox 2051 3349 3627 3421">
     <span class='ocr_line' id='line_1_74' title="bbox 2051 3349 3627 3421; baseline 0.007 -19"><span class='ocrx_word' id='word_1_532' title='bbox 2051 3364 2176 3402; x_wconf 90' lang='lat' dir='ltr'><strong>nam</strong></span> <span class='ocrx_word' id='word_1_533' title='bbox 2232 3349 2561 3421; x_wconf 77' lang='lat' dir='ltr'><strong>designari:</strong></span> <span class='ocrx_word' id='word_1_534' title='bbox 2605 3351 2738 3406; x_wconf 92' lang='lat' dir='ltr'><strong>mihi</strong></span> <span class='ocrx_word' id='word_1_535' title='bbox 2793 3359 2978 3408; x_wconf 90' lang='lat' dir='ltr'><strong>autem</strong></span> <span class='ocrx_word' id='word_1_536' title='bbox 3037 3353 3253 3410; x_wconf 86' lang='lat' dir='ltr'><strong>videtur</strong></span> <span class='ocrx_word' id='word_1_537' title='bbox 3310 3365 3627 3413; x_wconf 77' lang='lat' dir='ltr'><strong>exterarum</strong></span> 
     </span>
    </p>
   </div>
   <div class='ocr_carea' id='block_1_75' title="bbox 2040 3430 3625 3514">
    <p class='ocr_par' dir='ltr' id='par_1_75' title="bbox 2040 3430 3625 3514">
     <span class='ocr_line' id='line_1_75' title="bbox 2040 3430 3625 3514; baseline 0.006 -21"><span class='ocrx_word' id='word_1_538' title='bbox 2040 3448 2198 3507; x_wconf 75' lang='lat' dir='ltr'><strong>terra</strong></span> <span class='ocrx_word' id='word_1_539' title='bbox 2232 3440 2554 3512; x_wconf 68' lang='lat' dir='ltr'><strong>signiﬁcari.</strong></span> <span class='ocrx_word' id='word_1_540' title='bbox 2579 3430 2713 3496; x_wconf 82' lang='lat' dir='ltr'><strong>Nam</strong></span> <span class='ocrx_word' id='word_1_541' title='bbox 2752 3457 2849 3514; x_wconf 89' lang='lat' dir='ltr'><strong>per</strong></span> <span class='ocrx_word' id='word_1_542' title='bbox 2895 3441 3153 3498; x_wconf 76' lang='lat' dir='ltr'><strong>Chanaan</strong></span> <span class='ocrx_word' id='word_1_543' title='bbox 3180 3450 3400 3501; x_wconf 79' lang='lat' dir='ltr'><strong>exteros</strong></span> <span class='ocrx_word' id='word_1_544' title='bbox 3421 3447 3625 3503; x_wconf 87' lang='lat' dir='ltr'><strong>innuit.</strong></span> 
     </span>
    </p>
   </div>
   <div class='ocr_carea' id='block_1_76' title="bbox 2050 3526 3632 3604">
    <p class='ocr_par' dir='ltr' id='par_1_76' title="bbox 2050 3526 3632 3604">
     <span class='ocr_line' id='line_1_76' title="bbox 2050 3526 3632 3604; baseline 0.007 -21"><span class='ocrx_word' id='word_1_545' title='bbox 2050 3529 2141 3583; x_wconf 82' lang='lat' dir='ltr'><strong>Ait</strong></span> <span class='ocrx_word' id='word_1_546' title='bbox 2160 3545 2291 3601; x_wconf 74' lang='lat' dir='ltr'><strong>ergo</strong></span> <span class='ocrx_word' id='word_1_547' title='bbox 2323 3548 2337 3586; x_wconf 87' lang='lat'><strong>:</strong></span> <span class='ocrx_word' id='word_1_548' title='bbox 2366 3526 2474 3587; x_wconf 87' lang='lat' dir='ltr'><strong>Eos</strong></span> <span class='ocrx_word' id='word_1_549' title='bbox 2501 3532 2594 3603; x_wconf 91' lang='lat' dir='ltr'><strong>qui</strong></span> <span class='ocrx_word' id='word_1_550' title='bbox 2627 3532 2936 3604; x_wconf 88' lang='lat' dir='ltr'><strong>ubicunque</strong></span> <span class='ocrx_word' id='word_1_551' title='bbox 2964 3532 3209 3604; x_wconf 80' lang='lat' dir='ltr'><strong>gentium</strong></span> <span class='ocrx_word' id='word_1_552' title='bbox 3244 3535 3376 3591; x_wconf 90' lang='lat' dir='ltr'><strong>mihi</strong></span> <span class='ocrx_word' id='word_1_553' title='bbox 3403 3537 3632 3594; x_wconf 85' lang='lat' dir='ltr'><strong>credere</strong></span> 
     </span>
    </p>
   </div>
   <div class='ocr_carea' id='block_1_77' title="bbox 2054 3621 3632 3695">
    <p class='ocr_par' dir='ltr' id='par_1_77' title="bbox 2054 3621 3632 3695">
     <span class='ocr_line' id='line_1_77' title="bbox 2054 3621 3632 3695; baseline 0.005 -19"><span class='ocrx_word' id='word_1_554' title='bbox 2054 3621 2299 3685; x_wconf 87' lang='lat' dir='ltr'><strong>student,</strong></span> <span class='ocrx_word' id='word_1_555' title='bbox 2324 3637 2446 3676; x_wconf 89' lang='lat' dir='ltr'><strong>mea</strong></span> <span class='ocrx_word' id='word_1_556' title='bbox 2490 3637 2623 3676; x_wconf 90' lang='lat' dir='ltr'><strong>cura</strong></span> <span class='ocrx_word' id='word_1_557' title='bbox 2652 3638 2977 3695; x_wconf 89' lang='lat' dir='ltr'><strong>prosequar.</strong></span> <span class='ocrx_word' id='word_1_558' title='bbox 3017 3641 3037 3675; x_wconf 80' lang='grc' dir='ltr'><strong>ι</strong></span> <span class='ocrx_word' id='word_1_559' title='bbox 3083 3622 3148 3679; x_wconf 86' lang='lat' dir='ltr'><strong>Et</strong></span> <span class='ocrx_word' id='word_1_560' title='bbox 3178 3640 3456 3683; x_wconf 76' lang='lat' dir='ltr'><strong>assumant</strong></span> <span class='ocrx_word' id='word_1_561' title='bbox 3494 3629 3632 3684; x_wconf 89' lang='lat' dir='ltr'><strong>mihi</strong></span> 
     </span>
    </p>
   </div>
   <div class='ocr_carea' id='block_1_78' title="bbox 2055 3704 3637 3783">
    <p class='ocr_par' dir='ltr' id='par_1_78' title="bbox 2055 3704 3637 3783">
     <span class='ocr_line' id='line_1_78' title="bbox 2055 3704 3637 3783; baseline 0.005 -16"><span class='ocrx_word' id='word_1_562' title='bbox 2055 3712 2194 3767; x_wconf 86' lang='lat' dir='ltr'><strong>duas</strong></span> <span class='ocrx_word' id='word_1_563' title='bbox 2225 3713 2411 3783; x_wconf 74' lang='lat' dir='ltr'><strong>virgas</strong></span> <span class='ocrx_word' id='word_1_564' title='bbox 2437 3731 2451 3768; x_wconf 93' lang='lat'><strong>:</strong></span> <span class='ocrx_word' id='word_1_565' title='bbox 2480 3728 2644 3768; x_wconf 90' lang='lat' dir='ltr'><strong>unam</strong></span> <span class='ocrx_word' id='word_1_566' title='bbox 2689 3714 2876 3770; x_wconf 85' lang='lat' dir='ltr'><strong>vocavi</strong></span> <span class='ocrx_word' id='word_1_567' title='bbox 2905 3704 3188 3782; x_wconf 83' lang='lat' dir='ltr'><strong>Decorem,</strong></span> <span class='ocrx_word' id='word_1_568' title='bbox 3212 3724 3269 3771; x_wconf 86' lang='lat' dir='ltr'><strong>et</strong></span> <span class='ocrx_word' id='word_1_569' title='bbox 3291 3717 3516 3774; x_wconf 86' lang='lat' dir='ltr'><strong>alteram</strong></span> <span class='ocrx_word' id='word_1_570' title='bbox 3539 3735 3637 3775; x_wconf 81' lang='lat' dir='ltr'><strong>vo-</strong></span> 
     </span>
    </p>
   </div>
   <div class='ocr_carea' id='block_1_79' title="bbox 2052 3798 3634 3881">
    <p class='ocr_par' dir='ltr' id='par_1_79' title="bbox 2052 3798 3634 3881">
     <span class='ocr_line' id='line_1_79' title="bbox 2052 3798 3634 3881; baseline 0.003 -21"><span class='ocrx_word' id='word_1_571' title='bbox 2052 3805 2175 3881; x_wconf 80' lang='lat' dir='ltr'><strong>cavi</strong></span> <span class='ocrx_word' id='word_1_572' title='bbox 2200 3802 2567 3873; x_wconf 86' lang='lat' dir='ltr'><strong>Funiculum;</strong></span> <span class='ocrx_word' id='word_1_573' title='bbox 2600 3815 2655 3861; x_wconf 90' lang='lat' dir='ltr'><strong>et</strong></span> <span class='ocrx_word' id='word_1_574' title='bbox 2695 3821 2915 3877; x_wconf 86' lang='lat' dir='ltr'><strong>pascam</strong></span> <span class='ocrx_word' id='word_1_575' title='bbox 2963 3806 3178 3879; x_wconf 63' lang='grc'><strong>1645</strong></span> <span class='ocrx_word' id='word_1_576' title='bbox 3223 3822 3376 3865; x_wconf 85' lang='lat' dir='ltr'><strong>oves.</strong></span> <span class='ocrx_word' id='word_1_577' title='bbox 3430 3828 3449 3860; x_wconf 75' lang='grc' dir='ltr'><strong>ι</strong></span> <span class='ocrx_word' id='word_1_578' title='bbox 3484 3798 3634 3875; x_wconf 71' lang='lat' dir='ltr'><strong>Duas</strong></span> 
     </span>
    </p>
   </div>
   <div class='ocr_carea' id='block_1_80' title="bbox 2057 3895 3637 3969">
    <p class='ocr_par' dir='ltr' id='par_1_80' title="bbox 2057 3895 3637 3969">
     <span class='ocr_line' id='line_1_80' title="bbox 2057 3895 3637 3969; baseline 0.003 -19"><span class='ocrx_word' id='word_1_579' title='bbox 2057 3898 2230 3964; x_wconf 77' lang='lat' dir='ltr'><strong>virgas</strong></span> <span class='ocrx_word' id='word_1_580' title='bbox 2262 3896 2500 3965; x_wconf 86' lang='lat' dir='ltr'><strong>appellat</strong></span> <span class='ocrx_word' id='word_1_581' title='bbox 2525 3906 2716 3966; x_wconf 79' lang='lat' dir='ltr'><strong>gentes</strong></span> <span class='ocrx_word' id='word_1_582' title='bbox 2751 3906 2804 3951; x_wconf 92' lang='lat' dir='ltr'><strong>et</strong></span> <span class='ocrx_word' id='word_1_583' title='bbox 2829 3895 3069 3953; x_wconf 67' lang='lat' dir='ltr'><strong>Iudaeos.</strong></span> <span class='ocrx_word' id='word_1_584' title='bbox 3095 3898 3226 3954; x_wconf 44' lang='lat' dir='ltr'><strong>‘Duo</strong></span> <span class='ocrx_word' id='word_1_585' title='bbox 3255 3899 3398 3955; x_wconf 89' lang='lat' dir='ltr'><strong>enim</strong></span> <span class='ocrx_word' id='word_1_586' title='bbox 3454 3914 3637 3969; x_wconf 86' lang='lat' dir='ltr'><strong>quon-</strong></span> 
     </span>
    </p>
   </div>
   <div class='ocr_carea' id='block_1_81' title="bbox 2035 3984 3635 4057">
    <p class='ocr_par' dir='ltr' id='par_1_81' title="bbox 2035 3984 3635 4057">
     <span class='ocr_line' id='line_1_81' title="bbox 2035 3984 3635 4057; baseline 0.001 -18"><span class='ocrx_word' id='word_1_587' title='bbox 2035 3985 2182 4039; x_wconf 60' lang='lat' dir='ltr'><strong>‘dam</strong></span> <span class='ocrx_word' id='word_1_588' title='bbox 2210 3992 2369 4038; x_wconf 90' lang='lat' dir='ltr'><strong>erant</strong></span> <span class='ocrx_word' id='word_1_589' title='bbox 2397 3984 2674 4054; x_wconf 79' lang='lat' dir='ltr'><strong>generalia</strong></span> <span class='ocrx_word' id='word_1_590' title='bbox 2706 3984 2963 4057; x_wconf 80' lang='lat' dir='ltr'><strong>dogmata</strong></span> <span class='ocrx_word' id='word_1_591' title='bbox 2991 4006 3006 4041; x_wconf 88' lang='lat'><strong>:</strong></span> <span class='ocrx_word' id='word_1_592' title='bbox 3047 4002 3215 4041; x_wconf 90' lang='lat' dir='ltr'><strong>unum</strong></span> <span class='ocrx_word' id='word_1_593' title='bbox 3251 3986 3505 4057; x_wconf 84' lang='lat' dir='ltr'><strong>pietatem</strong></span> <span class='ocrx_word' id='word_1_594' title='bbox 3530 3987 3635 4042; x_wconf 87' lang='lat' dir='ltr'><strong>do-</strong></span> 
     </span>
    </p>
   </div>
   <div class='ocr_carea' id='block_1_82' title="bbox 2058 4072 3635 4146">
    <p class='ocr_par' dir='ltr' id='par_1_82' title="bbox 2058 4072 3635 4146">
     <span class='ocr_line' id='line_1_82' title="bbox 2058 4072 3635 4146; baseline 0.002 -17"><span class='ocrx_word' id='word_1_595' title='bbox 2058 4088 2212 4136; x_wconf 88' lang='lat' dir='ltr'><strong>cens,</strong></span> <span class='ocrx_word' id='word_1_596' title='bbox 2246 4072 2393 4144; x_wconf 90' lang='lat' dir='ltr'><strong>quod</strong></span> <span class='ocrx_word' id='word_1_597' title='bbox 2418 4072 2564 4143; x_wconf 82' lang='lat' dir='ltr'><strong>apud</strong></span> <span class='ocrx_word' id='word_1_598' title='bbox 2592 4072 2813 4130; x_wconf 73' lang='lat' dir='ltr'><strong>Judzcos</strong></span> <span class='ocrx_word' id='word_1_599' title='bbox 2844 4076 3053 4146; x_wconf 79' lang='lat' dir='ltr'><strong>viguit;</strong></span> <span class='ocrx_word' id='word_1_600' title='bbox 3097 4077 3324 4131; x_wconf 88' lang='lat' dir='ltr'><strong>alterum</strong></span> <span class='ocrx_word' id='word_1_601' title='bbox 3359 4076 3635 4133; x_wconf 82' lang='lat' dir='ltr'><strong>idolorum</strong></span> 
     </span>
    </p>
   </div>
   <div class='ocr_carea' id='block_1_83' title="bbox 2062 4164 3634 4235">
    <p class='ocr_par' dir='ltr' id='par_1_83' title="bbox 2062 4164 3634 4235">
     <span class='ocr_line' id='line_1_83' title="bbox 2062 4164 3634 4235; baseline 0.001 -16"><span class='ocrx_word' id='word_1_602' title='bbox 2062 4165 2272 4219; x_wconf 89' lang='lat' dir='ltr'><strong>cultum</strong></span> <span class='ocrx_word' id='word_1_603' title='bbox 2310 4164 2603 4235; x_wconf 81' lang='lat' dir='ltr'><strong>promens,</strong></span> <span class='ocrx_word' id='word_1_604' title='bbox 2649 4165 2738 4219; x_wconf 87' lang='lat' dir='ltr'><strong>cui</strong></span> <span class='ocrx_word' id='word_1_605' title='bbox 2779 4165 3015 4222; x_wconf 84' lang='lat' dir='ltr'><strong>diversis</strong></span> <span class='ocrx_word' id='word_1_606' title='bbox 3056 4167 3232 4223; x_wconf 85' lang='lat' dir='ltr'><strong>modis</strong></span> <span class='ocrx_word' id='word_1_607' title='bbox 3266 4182 3456 4223; x_wconf 90' lang='lat' dir='ltr'><strong>omnes</strong></span> <span class='ocrx_word' id='word_1_608' title='bbox 3503 4168 3634 4223; x_wconf 90' lang='lat' dir='ltr'><strong>olim</strong></span> 
     </span>
    </p>
   </div>
   <div class='ocr_carea' id='block_1_84' title="bbox 2058 4254 3634 4330">
    <p class='ocr_par' dir='ltr' id='par_1_84' title="bbox 2058 4254 3634 4330">
     <span class='ocr_line' id='line_1_84' title="bbox 2058 4254 3634 4330; baseline 0.003 -21"><span class='ocrx_word' id='word_1_609' title='bbox 2058 4264 2249 4327; x_wconf 79' lang='lat' dir='ltr'><strong>gentes</strong></span> <span class='ocrx_word' id='word_1_610' title='bbox 2308 4254 2547 4312; x_wconf 75' lang='lat' dir='ltr'><strong>astricta:</strong></span> <span class='ocrx_word' id='word_1_611' title='bbox 2587 4255 2833 4311; x_wconf 86' lang='lat' dir='ltr'><strong>fuerunt.</strong></span> <span class='ocrx_word' id='word_1_612' title='bbox 2871 4257 2939 4311; x_wconf 91' lang='lat' dir='ltr'><strong>Et</strong></span> <span class='ocrx_word' id='word_1_613' title='bbox 2978 4272 3045 4312; x_wconf 79' lang='lat' dir='ltr'><strong>ex</strong></span> <span class='ocrx_word' id='word_1_614' title='bbox 3091 4256 3196 4313; x_wconf 86' lang='lat' dir='ltr'><strong>hoc</strong></span> <span class='ocrx_word' id='word_1_615' title='bbox 3248 4272 3401 4330; x_wconf 78' lang='lat' dir='ltr'><strong>ergo,</strong></span> <span class='ocrx_word' id='word_1_616' title='bbox 3437 4258 3634 4330; x_wconf 84' lang='lat' dir='ltr'><strong>inquit.</strong></span> 
     </span>
    </p>
   </div>
   <div class='ocr_carea' id='block_1_85' title="bbox 2060 4344 3641 4421">
    <p class='ocr_par' dir='ltr' id='par_1_85' title="bbox 2060 4344 3641 4421">
     <span class='ocr_line' id='line_1_85' title="bbox 2060 4344 3641 4421; baseline 0.004 -20"><span class='ocrx_word' id='word_1_617' title='bbox 2060 4354 2115 4401; x_wconf 84' lang='lat' dir='ltr'><strong>et</strong></span> <span class='ocrx_word' id='word_1_618' title='bbox 2140 4361 2204 4401; x_wconf 79' lang='lat' dir='ltr'><strong>ex</strong></span> <span class='ocrx_word' id='word_1_619' title='bbox 2235 4346 2330 4401; x_wconf 94' lang='lat' dir='ltr'><strong>illo</strong></span> <span class='ocrx_word' id='word_1_620' title='bbox 2363 4344 2709 4416; x_wconf 76' lang='lat' dir='ltr'><strong>congregabo</strong></span> <span class='ocrx_word' id='word_1_621' title='bbox 2743 4361 2896 4415; x_wconf 90' lang='lat' dir='ltr'><strong>oves,</strong></span> <span class='ocrx_word' id='word_1_622' title='bbox 2919 4354 2974 4403; x_wconf 94' lang='lat' dir='ltr'><strong>et</strong></span> <span class='ocrx_word' id='word_1_623' title='bbox 3007 4363 3178 4403; x_wconf 89' lang='lat' dir='ltr'><strong>unum</strong></span> <span class='ocrx_word' id='word_1_624' title='bbox 3209 4349 3468 4421; x_wconf 85' lang='lat' dir='ltr'><strong>utrinque</strong></span> <span class='ocrx_word' id='word_1_625' title='bbox 3495 4353 3641 4408; x_wconf 79' lang='lat' dir='ltr'><strong>ovile</strong></span> 
     </span>
    </p>
   </div>
   <div class='ocr_carea' id='block_1_86' title="bbox 2062 4434 3640 4513">
    <p class='ocr_par' dir='ltr' id='par_1_86' title="bbox 2062 4434 3640 4513">
     <span class='ocr_line' id='line_1_86' title="bbox 2062 4434 3640 4513; baseline 0.003 -19"><span class='ocrx_word' id='word_1_626' title='bbox 2062 4439 2363 4508; x_wconf 83' lang='lat' dir='ltr'><strong>perlieiam.</strong></span> <span class='ocrx_word' id='word_1_627' title='bbox 2391 4434 2502 4493; x_wconf 83' lang='lat' dir='ltr'><strong>Hoc</strong></span> <span class='ocrx_word' id='word_1_628' title='bbox 2524 4438 2689 4493; x_wconf 89' lang='lat' dir='ltr'><strong>etiam</strong></span> <span class='ocrx_word' id='word_1_629' title='bbox 2716 4440 2769 4492; x_wconf 93' lang='lat' dir='ltr'><strong>in</strong></span> <span class='ocrx_word' id='word_1_630' title='bbox 2803 4441 3176 4497; x_wconf 86' lang='lat' dir='ltr'><strong>sacrosanctis</strong></span> <span class='ocrx_word' id='word_1_631' title='bbox 3203 4439 3518 4513; x_wconf 73' lang='lat' dir='ltr'><strong>Evangeliis</strong></span> <span class='ocrx_word' id='word_1_632' title='bbox 3551 4444 3640 4498; x_wconf 85' lang='lat' dir='ltr'><strong>di—</strong></span> 
     </span>
    </p>
   </div>
   <div class='ocr_carea' id='block_1_87' title="bbox 2064 4528 3637 4602">
    <p class='ocr_par' dir='ltr' id='par_1_87' title="bbox 2064 4528 3637 4602">
     <span class='ocr_line' id='line_1_87' title="bbox 2064 4528 3637 4602; baseline 0.004 -20"><span class='ocrx_word' id='word_1_633' title='bbox 2064 4530 2141 4583; x_wconf 87' lang='lat' dir='ltr'><strong>cit</strong></span> <span class='ocrx_word' id='word_1_634' title='bbox 2165 4547 2177 4582; x_wconf 89' lang='lat'><strong>:</strong></span> <span class='ocrx_word' id='word_1_635' title='bbox 2211 4546 2230 4580; x_wconf 76' lang='grc' dir='ltr'><strong>ι</strong></span> <span class='ocrx_word' id='word_1_636' title='bbox 2262 4529 2414 4584; x_wconf 88' lang='lat' dir='ltr'><strong>Alias</strong></span> <span class='ocrx_word' id='word_1_637' title='bbox 2440 4542 2570 4584; x_wconf 82' lang='lat' dir='ltr'><strong>oves</strong></span> <span class='ocrx_word' id='word_1_638' title='bbox 2599 4528 2797 4593; x_wconf 87' lang='lat' dir='ltr'><strong>habeo,</strong></span> <span class='ocrx_word' id='word_1_639' title='bbox 2817 4546 2939 4602; x_wconf 74' lang='lat' dir='ltr'><strong>qua:</strong></span> <span class='ocrx_word' id='word_1_640' title='bbox 2963 4546 3070 4585; x_wconf 92' lang='lat' dir='ltr'><strong>non</strong></span> <span class='ocrx_word' id='word_1_641' title='bbox 3101 4539 3314 4587; x_wconf 77' lang='lat' dir='ltr'><strong>suntex</strong></span> <span class='ocrx_word' id='word_1_642' title='bbox 3338 4531 3443 4589; x_wconf 91' lang='lat' dir='ltr'><strong>hoc</strong></span> <span class='ocrx_word' id='word_1_643' title='bbox 3461 4535 3591 4589; x_wconf 88' lang='lat' dir='ltr'><strong>ovili</strong></span> <span class='ocrx_word' id='word_1_644' title='bbox 3625 4553 3637 4588; x_wconf 91' lang='lat'><strong>:</strong></span> 
     </span>
    </p>
   </div>
   <div class='ocr_carea' id='block_1_88' title="bbox 370 4608 1946 4700">
    <p class='ocr_par' dir='ltr' id='par_1_88' title="bbox 370 4608 1946 4690">
     <span class='ocr_line' id='line_1_88' title="bbox 370 4608 1946 4690; baseline -0.006 -15"><span class='ocrx_word' id='word_1_645' title='bbox 370 4623 585 4690; x_wconf 86' lang='grc' dir='ltr'>’γελίοις</span> <span class='ocrx_word' id='word_1_646' title='bbox 614 4622 750 4690; x_wconf 79' lang='grc' dir='ltr'><strong>ἔφη·</strong></span> <span class='ocrx_word' id='word_1_647' title='bbox 781 4639 800 4672; x_wconf 79' lang='grc' dir='ltr'><strong>ι</strong></span> <span class='ocrx_word' id='word_1_648' title='bbox 835 4618 944 4671; x_wconf 73' lang='grc' dir='ltr'><strong>Καὶ</strong></span> <span class='ocrx_word' id='word_1_649' title='bbox 992 4617 1128 4672; x_wconf 79' lang='grc' dir='ltr'>ἄλλα</span> <span class='ocrx_word' id='word_1_650' title='bbox 1182 4610 1430 4685; x_wconf 71' lang='grc' dir='ltr'>πρόϐατα</span> <span class='ocrx_word' id='word_1_651' title='bbox 1459 4612 1587 4684; x_wconf 80' lang='grc' dir='ltr'>ἔχω,</span> <span class='ocrx_word' id='word_1_652' title='bbox 1619 4611 1655 4667; x_wconf 77' lang='grc' dir='ltr'><strong>ἃ</strong></span> <span class='ocrx_word' id='word_1_653' title='bbox 1680 4608 1781 4667; x_wconf 74' lang='grc' dir='ltr'>οὐκ</span> <span class='ocrx_word' id='word_1_654' title='bbox 1813 4613 1946 4668; x_wconf 69' lang='grc' dir='ltr'>ἔστω</span> 
     </span>
    </p>
   </div>
   <div class='ocr_carea' id='block_1_89' title="bbox 2047 4608 3641 4700">
    <p class='ocr_par' dir='ltr' id='par_1_89' title="bbox 2065 4619 3641 4688">
     <span class='ocr_line' id='line_1_89' title="bbox 2065 4619 3641 4688; baseline 0.003 -13"><span class='ocrx_word' id='word_1_655' title='bbox 2065 4627 2118 4675; x_wconf 87' lang='lat' dir='ltr'><strong>et</strong></span> <span class='ocrx_word' id='word_1_656' title='bbox 2148 4619 2270 4675; x_wconf 88' lang='lat' dir='ltr'><strong>illas</strong></span> <span class='ocrx_word' id='word_1_657' title='bbox 2298 4625 2516 4688; x_wconf 91' lang='lat' dir='ltr'><strong>oportet</strong></span> <span class='ocrx_word' id='word_1_658' title='bbox 2548 4634 2638 4675; x_wconf 90' lang='lat' dir='ltr'><strong>me</strong></span> <span class='ocrx_word' id='word_1_659' title='bbox 2668 4620 2958 4688; x_wconf 85' lang='lat' dir='ltr'><strong>adducere,</strong></span> <span class='ocrx_word' id='word_1_660' title='bbox 2995 4629 3050 4677; x_wconf 91' lang='lat' dir='ltr'><strong>et</strong></span> <span class='ocrx_word' id='word_1_661' title='bbox 3102 4637 3287 4678; x_wconf 87' lang='lat' dir='ltr'><strong>vocem</strong></span> <span class='ocrx_word' id='word_1_662' title='bbox 3333 4638 3507 4681; x_wconf 88' lang='lat' dir='ltr'><strong>meam</strong></span> <span class='ocrx_word' id='word_1_663' title='bbox 3539 4640 3641 4679; x_wconf 87' lang='lat' dir='ltr'><strong>an-</strong></span> 
     </span>
    </p>
   </div>
   <div class='ocr_carea' id='block_1_90' title="bbox 386 4698 1964 4782">
    <p class='ocr_par' dir='ltr' id='par_1_90' title="bbox 386 4698 1964 4782">
     <span class='ocr_line' id='line_1_90' title="bbox 386 4698 1964 4782; baseline -0.006 -16"><span class='ocrx_word' id='word_1_664' title='bbox 386 4715 451 4766; x_wconf 82' lang='grc' dir='ltr'><strong>ὲκ</strong></span> <span class='ocrx_word' id='word_1_665' title='bbox 479 4712 578 4782; x_wconf 80' lang='grc' dir='ltr'>τῆς</span> <span class='ocrx_word' id='word_1_666' title='bbox 615 4710 786 4780; x_wconf 76' lang='grc' dir='ltr'>αὐλῆς</span> <span class='ocrx_word' id='word_1_667' title='bbox 823 4705 1026 4775; x_wconf 86' lang='grc' dir='ltr'>ταύτης</span> <span class='ocrx_word' id='word_1_668' title='bbox 1060 4720 1074 4736; x_wconf 90' lang='grc'><strong>·</strong></span> <span class='ocrx_word' id='word_1_669' title='bbox 1118 4703 1350 4758; x_wconf 79' lang='grc' dir='ltr'>κάκεῖνά</span> <span class='ocrx_word' id='word_1_670' title='bbox 1383 4720 1449 4773; x_wconf 87' lang='grc' dir='ltr'><strong>με</strong></span> <span class='ocrx_word' id='word_1_671' title='bbox 1486 4702 1568 4756; x_wconf 85' lang='grc' dir='ltr'><strong>δεῖ</strong></span> <span class='ocrx_word' id='word_1_672' title='bbox 1591 4698 1837 4773; x_wconf 82' lang='grc' dir='ltr'>ἀγαγεῖν,</span> <span class='ocrx_word' id='word_1_673' title='bbox 1867 4704 1964 4757; x_wconf 71' lang='grc' dir='ltr'><strong>καὶ</strong></span> 
     </span>
    </p>
   </div>
   <div class='ocr_carea' id='block_1_91' title="bbox 383 4791 1960 4872">
    <p class='ocr_par' dir='ltr' id='par_1_91' title="bbox 383 4791 1960 4872">
     <span class='ocr_line' id='line_1_91' title="bbox 383 4791 1960 4872; baseline -0.008 -16"><span class='ocrx_word' id='word_1_674' title='bbox 383 4805 485 4872; x_wconf 83' lang='grc' dir='ltr'>τῆς</span> <span class='ocrx_word' id='word_1_675' title='bbox 512 4800 695 4871; x_wconf 78' lang='grc' dir='ltr'>φωνῆς</span> <span class='ocrx_word' id='word_1_676' title='bbox 725 4810 823 4870; x_wconf 87' lang='grc' dir='ltr'><strong>μου</strong></span> <span class='ocrx_word' id='word_1_677' title='bbox 846 4793 1270 4860; x_wconf 70' lang='grc' dir='ltr'>ἀκούσουσι,καὶ</span> <span class='ocrx_word' id='word_1_678' title='bbox 1291 4792 1580 4864; x_wconf 80' lang='grc' dir='ltr'>γενήσεται</span> <span class='ocrx_word' id='word_1_679' title='bbox 1609 4791 1709 4862; x_wconf 89' lang='grc' dir='ltr'><strong>μία</strong></span> <span class='ocrx_word' id='word_1_680' title='bbox 1734 4791 1960 4864; x_wconf 86' lang='grc' dir='ltr'>ποίμνη,</span> 
     </span>
    </p>
   </div>
   <div class='ocr_carea' id='block_1_92' title="bbox 385 4879 1965 4957">
    <p class='ocr_par' dir='ltr' id='par_1_92' title="bbox 385 4879 1965 4957">
     <span class='ocr_line' id='line_1_92' title="bbox 385 4879 1965 4957; baseline -0.006 -14"><span class='ocrx_word' id='word_1_681' title='bbox 385 4891 483 4943; x_wconf 74' lang='grc' dir='ltr'><strong>καὶ</strong></span> <span class='ocrx_word' id='word_1_682' title='bbox 533 4882 614 4952; x_wconf 73' lang='grc' dir='ltr'>εἷς</span> <span class='ocrx_word' id='word_1_683' title='bbox 654 4883 1054 4957; x_wconf 80' lang='grc' dir='ltr'>ποιμήν.’Τοὺς</span> <span class='ocrx_word' id='word_1_684' title='bbox 1082 4882 1190 4953; x_wconf 81' lang='grc' dir='ltr'>γὰρ</span> <span class='ocrx_word' id='word_1_685' title='bbox 1233 4880 1291 4949; x_wconf 80' lang='grc' dir='ltr'>ἐξ</span> <span class='ocrx_word' id='word_1_686' title='bbox 1334 4880 1502 4934; x_wconf 71' lang='grc' dir='ltr'>ἐθνῶν</span> <span class='ocrx_word' id='word_1_687' title='bbox 1533 4879 1965 4944; x_wconf 86' lang='grc' dir='ltr'>πεπιστευκότας</span> 
     </span>
    </p>
   </div>
   <div class='ocr_carea' id='block_1_93' title="bbox 384 4972 1964 5046">
    <p class='ocr_par' dir='ltr' id='par_1_93' title="bbox 384 4972 1964 5046">
     <span class='ocr_line' id='line_1_93' title="bbox 384 4972 1964 5046; baseline -0.004 -13"><span class='ocrx_word' id='word_1_688' title='bbox 384 4984 500 5044; x_wconf 78' lang='grc' dir='ltr'>τοῖς</span> <span class='ocrx_word' id='word_1_689' title='bbox 541 4979 598 5046; x_wconf 77' lang='grc' dir='ltr'><strong>ἐξ</strong></span> <span class='ocrx_word' id='word_1_690' title='bbox 659 4979 926 5033; x_wconf 85' lang='grc' dir='ltr'>Ἰουδαίων</span> <span class='ocrx_word' id='word_1_691' title='bbox 965 4974 1225 5045; x_wconf 78' lang='grc' dir='ltr'>ἀνέμιξε,</span> <span class='ocrx_word' id='word_1_692' title='bbox 1258 4973 1351 5027; x_wconf 78' lang='grc' dir='ltr'>καὶ</span> <span class='ocrx_word' id='word_1_693' title='bbox 1385 4972 1513 5043; x_wconf 86' lang='grc' dir='ltr'>μίαν</span> <span class='ocrx_word' id='word_1_694' title='bbox 1570 4974 1806 5045; x_wconf 85' lang='grc' dir='ltr'>ποίμνην</span> <span class='ocrx_word' id='word_1_695' title='bbox 1853 4973 1964 5027; x_wconf 87' lang='grc' dir='ltr'>ἀπ-</span> 
     </span>
    </p>
   </div>
   <div class='ocr_carea' id='block_1_94' title="bbox 389 5069 1105 5147">
    <p class='ocr_par' dir='ltr' id='par_1_94' title="bbox 389 5069 1105 5147">
     <span class='ocr_line' id='line_1_94' title="bbox 389 5069 1105 5147; baseline 0.003 -26"><span class='ocrx_word' id='word_1_696' title='bbox 389 5069 578 5141; x_wconf 78' lang='grc' dir='ltr'>έφηνε.</span> <span class='ocrx_word' id='word_1_697' title='bbox 1098 5141 1105 5147; x_wconf 32' lang='grc' dir='ltr'><em>ι</em></span> 
     </span>
    </p>
   </div>
   <div class='ocr_carea' id='block_1_95' title="bbox 461 5152 1959 5230">
    <p class='ocr_par' dir='ltr' id='par_1_95' title="bbox 461 5152 1959 5230">
     <span class='ocr_line' id='line_1_95' title="bbox 461 5152 1959 5230; baseline -0.004 -17"><span class='ocrx_word' id='word_1_698' title='bbox 461 5167 534 5230; x_wconf 82' lang='grc' dir='ltr'><strong>η’.</strong></span> <span class='ocrx_word' id='word_1_699' title='bbox 573 5178 591 5210; x_wconf 82' lang='grc' dir='ltr'><strong>ι</strong></span> <span class='ocrx_word' id='word_1_700' title='bbox 622 5159 731 5213; x_wconf 79' lang='grc' dir='ltr'>Καὶ</span> <span class='ocrx_word' id='word_1_701' title='bbox 755 5156 933 5230; x_wconf 84' lang='grc' dir='ltr'>ὲξαρῶ</span> <span class='ocrx_word' id='word_1_702' title='bbox 984 5157 1132 5228; x_wconf 81' lang='grc' dir='ltr'>τρεῖς</span> <span class='ocrx_word' id='word_1_703' title='bbox 1161 5152 1211 5186; x_wconf 77' lang='grc'><strong>⁸⁵</strong></span> <span class='ocrx_word' id='word_1_704' title='bbox 1242 5154 1510 5223; x_wconf 82' lang='grc' dir='ltr'>ποιμένας</span> <span class='ocrx_word' id='word_1_705' title='bbox 1537 5155 1596 5207; x_wconf 76' lang='grc' dir='ltr'>ἐν</span> <span class='ocrx_word' id='word_1_706' title='bbox 1637 5154 1770 5224; x_wconf 78' lang='grc' dir='ltr'>μηνὶ</span> <span class='ocrx_word' id='word_1_707' title='bbox 1798 5154 1898 5207; x_wconf 81' lang='grc' dir='ltr'>ἑνί.</span> <span class='ocrx_word' id='word_1_708' title='bbox 1937 5173 1959 5207; x_wconf 68' lang='grc' dir='ltr'><strong>ρ</strong></span> 
     </span>
    </p>
   </div>
   <div class='ocr_carea' id='block_1_96' title="bbox 392 5243 1964 5317">
    <p class='ocr_par' dir='ltr' id='par_1_96' title="bbox 392 5243 1964 5317">
     <span class='ocr_line' id='line_1_96' title="bbox 392 5243 1964 5317; baseline -0.003 -15"><span class='ocrx_word' id='word_1_709' title='bbox 392 5249 535 5313; x_wconf 77' lang='grc' dir='ltr'>τοὺς</span> <span class='ocrx_word' id='word_1_710' title='bbox 579 5248 851 5303; x_wconf 77' lang='grc' dir='ltr'>Ἰουδαίων</span> <span class='ocrx_word' id='word_1_711' title='bbox 897 5247 1046 5317; x_wconf 86' lang='grc' dir='ltr'>λέγει</span> <span class='ocrx_word' id='word_1_712' title='bbox 1093 5243 1367 5316; x_wconf 83' lang='grc' dir='ltr'>βασιλέας,</span> <span class='ocrx_word' id='word_1_713' title='bbox 1394 5245 1489 5299; x_wconf 77' lang='grc' dir='ltr'>καὶ</span> <span class='ocrx_word' id='word_1_714' title='bbox 1528 5245 1836 5315; x_wconf 87' lang='grc' dir='ltr'>προφήτας,</span> <span class='ocrx_word' id='word_1_715' title='bbox 1869 5245 1964 5299; x_wconf 71' lang='grc' dir='ltr'>καὶ</span> 
     </span>
    </p>
   </div>
   <div class='ocr_carea' id='block_1_97' title="bbox 469 5434 916 5502">
    <p class='ocr_par' dir='ltr' id='par_1_97' title="bbox 469 5434 916 5502">
     <span class='ocr_line' id='line_1_97' title="bbox 469 5434 916 5502; baseline -0.002 -13"><span class='ocrx_word' id='word_1_716' title='bbox 469 5443 507 5471; x_wconf 79' lang='grc' dir='ltr'>ω</span> <span class='ocrx_word' id='word_1_717' title='bbox 539 5434 697 5492; x_wconf 83' lang='lat' dir='ltr'><strong>Joan.</strong></span> <span class='ocrx_word' id='word_1_718' title='bbox 730 5451 793 5502; x_wconf 77' lang='grc' dir='ltr'>ι,</span> <span class='ocrx_word' id='word_1_719' title='bbox 833 5436 916 5489; x_wconf 78' lang='grc'><strong>16.</strong></span> 
     </span>
    </p>
   </div>
   <div class='ocr_carea' id='block_1_98' title="bbox 2064 4708 3644 4784">
    <p class='ocr_par' dir='ltr' id='par_1_98' title="bbox 2064 4708 3644 4784">
     <span class='ocr_line' id='line_1_98' title="bbox 2064 4708 3644 4784; baseline 0.003 -18"><span class='ocrx_word' id='word_1_720' title='bbox 2064 4711 2234 4775; x_wconf 87' lang='lat' dir='ltr'><strong>diem,</strong></span> <span class='ocrx_word' id='word_1_721' title='bbox 2274 4717 2328 4766; x_wconf 90' lang='lat' dir='ltr'><strong>et</strong></span> <span class='ocrx_word' id='word_1_722' title='bbox 2368 4708 2458 4764; x_wconf 82' lang='lat' dir='ltr'><strong>ﬂet</strong></span> <span class='ocrx_word' id='word_1_723' title='bbox 2500 4725 2667 4764; x_wconf 88' lang='lat' dir='ltr'><strong>unum</strong></span> <span class='ocrx_word' id='word_1_724' title='bbox 2714 4711 2858 4767; x_wconf 82' lang='lat' dir='ltr'><strong>ovile</strong></span> <span class='ocrx_word' id='word_1_725' title='bbox 2892 4718 2947 4767; x_wconf 91' lang='lat' dir='ltr'><strong>et</strong></span> <span class='ocrx_word' id='word_1_726' title='bbox 2988 4727 3132 4768; x_wconf 87' lang='lat' dir='ltr'><strong>unus</strong></span> <span class='ocrx_word' id='word_1_727' title='bbox 3159 4720 3350 4784; x_wconf 89' lang='lat' dir='ltr'><strong>pastor</strong></span> <span class='ocrx_word' id='word_1_728' title='bbox 3379 4724 3442 4768; x_wconf 75' lang='grc' dir='ltr'><strong>ιιι.</strong></span> <span class='ocrx_word' id='word_1_729' title='bbox 3479 4733 3499 4766; x_wconf 80' lang='grc' dir='ltr'><strong>ι</strong></span> <span class='ocrx_word' id='word_1_730' title='bbox 3534 4715 3644 4771; x_wconf 83' lang='lat' dir='ltr'><strong>Eos</strong></span> 
     </span>
    </p>
   </div>
   <div class='ocr_carea' id='block_1_99' title="bbox 2065 4798 3643 4870">
    <p class='ocr_par' dir='ltr' id='par_1_99' title="bbox 2065 4798 3643 4870">
     <span class='ocr_line' id='line_1_99' title="bbox 2065 4798 3643 4870; baseline 0.004 -17"><span class='ocrx_word' id='word_1_731' title='bbox 2065 4800 2211 4854; x_wconf 91' lang='lat' dir='ltr'><strong>enim</strong></span> <span class='ocrx_word' id='word_1_732' title='bbox 2259 4798 2355 4870; x_wconf 93' lang='lat' dir='ltr'><strong>qui</strong></span> <span class='ocrx_word' id='word_1_733' title='bbox 2402 4814 2470 4855; x_wconf 84' lang='lat' dir='ltr'><strong>ex</strong></span> <span class='ocrx_word' id='word_1_734' title='bbox 2518 4800 2772 4870; x_wconf 80' lang='lat' dir='ltr'><strong>gentibus</strong></span> <span class='ocrx_word' id='word_1_735' title='bbox 2825 4800 3200 4870; x_wconf 88' lang='lat' dir='ltr'><strong>crediderunt,</strong></span> <span class='ocrx_word' id='word_1_736' title='bbox 3232 4803 3319 4860; x_wconf 88' lang='lat' dir='ltr'><strong>his</strong></span> <span class='ocrx_word' id='word_1_737' title='bbox 3347 4804 3643 4859; x_wconf 84' lang='lat' dir='ltr'><strong>admiscuit</strong></span> 
     </span>
    </p>
   </div>
   <div class='ocr_carea' id='block_1_100' title="bbox 2063 4887 3645 4961">
    <p class='ocr_par' dir='ltr' id='par_1_100' title="bbox 2063 4887 3645 4961">
     <span class='ocr_line' id='line_1_100' title="bbox 2063 4887 3645 4961; baseline 0.004 -18"><span class='ocrx_word' id='word_1_738' title='bbox 2063 4891 2159 4961; x_wconf 90' lang='lat' dir='ltr'><strong>qui</strong></span> <span class='ocrx_word' id='word_1_739' title='bbox 2199 4905 2266 4945; x_wconf 77' lang='lat' dir='ltr'><strong>ex</strong></span> <span class='ocrx_word' id='word_1_740' title='bbox 2297 4887 2503 4949; x_wconf 69' lang='lat' dir='ltr'><strong>Judaeis</strong></span> <span class='ocrx_word' id='word_1_741' title='bbox 2541 4889 2916 4958; x_wconf 86' lang='lat' dir='ltr'><strong>crediderunt,</strong></span> <span class='ocrx_word' id='word_1_742' title='bbox 2954 4902 3010 4949; x_wconf 92' lang='lat' dir='ltr'><strong>et</strong></span> <span class='ocrx_word' id='word_1_743' title='bbox 3051 4909 3223 4950; x_wconf 90' lang='lat' dir='ltr'><strong>unum</strong></span> <span class='ocrx_word' id='word_1_744' title='bbox 3269 4894 3410 4951; x_wconf 90' lang='lat' dir='ltr'><strong>ovile</strong></span> <span class='ocrx_word' id='word_1_745' title='bbox 3435 4896 3645 4951; x_wconf 87' lang='lat' dir='ltr'><strong>consti-</strong></span> 
     </span>
    </p>
   </div>
   <div class='ocr_carea' id='block_1_101' title="bbox 2064 4982 2209 5040">
    <p class='ocr_par' dir='ltr' id='par_1_101' title="bbox 2064 4982 2209 5040">
     <span class='ocr_line' id='line_1_101' title="bbox 2064 4982 2209 5040; baseline 0.028 -4"><span class='ocrx_word' id='word_1_746' title='bbox 2064 4982 2169 5037; x_wconf 87' lang='lat' dir='ltr'><strong>tuit</strong></span> <span class='ocrx_word' id='word_1_747' title='bbox 2191 5022 2209 5040; x_wconf 91' lang='lat'><strong>.</strong></span> 
     </span>
    </p>
   </div>
   <div class='ocr_carea' id='block_1_102' title="bbox 2139 5142 3637 5232">
    <p class='ocr_par' dir='ltr' id='par_1_102' title="bbox 2139 5142 3637 5232">
     <span class='ocr_line' id='line_1_102' title="bbox 2139 5142 3637 5232; baseline 0.005 -22"><span class='ocrx_word' id='word_1_748' title='bbox 2139 5156 2305 5215; x_wconf 72' lang='lat' dir='ltr'><strong>Vens.</strong></span> <span class='ocrx_word' id='word_1_749' title='bbox 2336 5159 2392 5214; x_wconf 86' lang='lat'><strong>8.</strong></span> <span class='ocrx_word' id='word_1_750' title='bbox 2420 5177 2439 5211; x_wconf 85' lang='grc'><strong>‹</strong></span> <span class='ocrx_word' id='word_1_751' title='bbox 2462 5159 2531 5215; x_wconf 86' lang='lat' dir='ltr'><strong>Et</strong></span> <span class='ocrx_word' id='word_1_752' title='bbox 2556 5158 2802 5216; x_wconf 77' lang='lat' dir='ltr'><strong>auferam</strong></span> <span class='ocrx_word' id='word_1_753' title='bbox 2828 5168 2941 5217; x_wconf 88' lang='lat' dir='ltr'><strong>tres</strong></span> <span class='ocrx_word' id='word_1_754' title='bbox 2964 5170 3219 5232; x_wconf 89' lang='lat' dir='ltr'><strong>pastores</strong></span> <span class='ocrx_word' id='word_1_755' title='bbox 3241 5142 3435 5221; x_wconf 85' lang='lat' dir='ltr'><strong>mense</strong></span> <span class='ocrx_word' id='word_1_756' title='bbox 3459 5178 3590 5219; x_wconf 90' lang='lat' dir='ltr'><strong>uno.</strong></span> <span class='ocrx_word' id='word_1_757' title='bbox 3615 5182 3637 5217; x_wconf 73' lang='grc' dir='ltr'><strong>ι</strong></span> 
     </span>
    </p>
   </div>
   <div class='ocr_carea' id='block_1_103' title="bbox 2073 5248 3644 5326">
    <p class='ocr_par' dir='ltr' id='par_1_103' title="bbox 2073 5248 3644 5326">
     <span class='ocr_line' id='line_1_103' title="bbox 2073 5248 3644 5326; baseline 0.004 -23"><span class='ocrx_word' id='word_1_758' title='bbox 2073 5248 2250 5323; x_wconf 79' lang='lat' dir='ltr'><strong>Reges</strong></span> <span class='ocrx_word' id='word_1_759' title='bbox 2274 5252 2408 5307; x_wconf 88' lang='lat' dir='ltr'><strong>dicit</strong></span> <span class='ocrx_word' id='word_1_760' title='bbox 2429 5251 2765 5319; x_wconf 70' lang='lat' dir='ltr'><strong>Iudaeorum,</strong></span> <span class='ocrx_word' id='word_1_761' title='bbox 2788 5262 2843 5309; x_wconf 87' lang='lat' dir='ltr'><strong>et</strong></span> <span class='ocrx_word' id='word_1_762' title='bbox 2866 5255 3183 5326; x_wconf 85' lang='lat' dir='ltr'><strong>prophetas,</strong></span> <span class='ocrx_word' id='word_1_763' title='bbox 3209 5264 3265 5313; x_wconf 92' lang='lat' dir='ltr'><strong>et</strong></span> <span class='ocrx_word' id='word_1_764' title='bbox 3290 5256 3602 5313; x_wconf 80' lang='lat' dir='ltr'><strong>sacerdotes</strong></span> <span class='ocrx_word' id='word_1_765' title='bbox 3627 5269 3644 5308; x_wconf 87' lang='lat'><strong>:</strong></span> 
     </span>
    </p>
   </div>
   <div class='ocr_carea' id='block_1_104' title="bbox 1710 5597 2388 5655">
    <p class='ocr_par' dir='ltr' id='par_1_104' title="bbox 1710 5597 2388 5655">
     <span class='ocr_line' id='line_1_104' title="bbox 1710 5597 2388 5655; baseline -0.001 -1"><span class='ocrx_word' id='word_1_766' title='bbox 1710 5598 1944 5654; x_wconf 68' lang='lat' dir='ltr'><strong>VARDE</strong></span> <span class='ocrx_word' id='word_1_767' title='bbox 1984 5597 2388 5655; x_wconf 82' lang='lat' dir='ltr'><strong>LECTIONES.</strong></span> 
     </span>
    </p>
   </div>
   <div class='ocr_carea' id='block_1_105' title="bbox 501 5737 3651 5824">
    <p class='ocr_par' dir='ltr' id='par_1_105' title="bbox 501 5737 3651 5824">
     <span class='ocr_line' id='line_1_105' title="bbox 501 5737 3651 5824; baseline -0.001 -19"><span class='ocrx_word' id='word_1_768' title='bbox 501 5751 601 5824; x_wconf 54' lang='lat' dir='ltr'><strong>P&#39;A</strong></span> <span class='ocrx_word' id='word_1_769' title='bbox 629 5754 805 5824; x_wconf 82' lang='grc' dir='ltr'>χεῖρα.</span> <span class='ocrx_word' id='word_1_770' title='bbox 882 5751 1075 5824; x_wconf 64' lang='lat' dir='ltr'><strong>“nov.</strong></span> <span class='ocrx_word' id='word_1_771' title='bbox 1123 5751 1165 5808; x_wconf 86' lang='lat' dir='ltr'><strong><em>C</em></strong></span> <span class='ocrx_word' id='word_1_772' title='bbox 1208 5749 1332 5824; x_wconf 62' lang='lat' dir='ltr'><strong>add.</strong></span> <span class='ocrx_word' id='word_1_773' title='bbox 1386 5751 1482 5824; x_wconf 62' lang='grc' dir='ltr'><strong>καὶ</strong></span> <span class='ocrx_word' id='word_1_774' title='bbox 1537 5752 1616 5814; x_wconf 79' lang='grc' dir='ltr'><strong>είς</strong></span> <span class='ocrx_word' id='word_1_775' title='bbox 1670 5753 1859 5824; x_wconf 86' lang='grc' dir='ltr'>χεῖρας</span> <span class='ocrx_word' id='word_1_776' title='bbox 1910 5752 2185 5824; x_wconf 74' lang='grc' dir='ltr'>βασιλέων</span> <span class='ocrx_word' id='word_1_777' title='bbox 2237 5748 2424 5824; x_wconf 47' lang='lat' dir='ltr'><strong>agn-06:.</strong></span> <span class='ocrx_word' id='word_1_778' title='bbox 2475 5749 2611 5824; x_wconf 67' lang='lat' dir='ltr'><strong>Haec</strong></span> <span class='ocrx_word' id='word_1_779' title='bbox 2659 5746 2983 5824; x_wconf 54' lang='lat' dir='ltr'><strong>des._in.A.</strong></span> <span class='ocrx_word' id='word_1_780' title='bbox 3027 5742 3103 5824; x_wconf 45' lang='grc' dir='ltr'><strong>,ξ’</strong></span> <span class='ocrx_word' id='word_1_781' title='bbox 3132 5741 3262 5824; x_wconf 48' lang='grc' dir='ltr'><strong>τῆςι</strong></span> <span class='ocrx_word' id='word_1_782' title='bbox 3313 5737 3651 5824; x_wconf 29' lang='lat' dir='ltr'><strong>Dei-“idd-</strong></span> 
     </span>
    </p>
   </div>
   <div class='ocr_carea' id='block_1_106' title="bbox 398 5821 1174 5904">
    <p class='ocr_par' dir='ltr' id='par_1_106' title="bbox 398 5821 1174 5904">
     <span class='ocr_line' id='line_1_106' title="bbox 398 5821 1174 5904; baseline 0.003 -30"><span class='ocrx_word' id='word_1_783' title='bbox 398 5822 444 5854; x_wconf 85' lang='lat'>&quot;</span> <span class='ocrx_word' id='word_1_784' title='bbox 473 5822 524 5904; x_wconf 42' lang='grc' dir='ltr'><strong>Ἀ</strong></span> <span class='ocrx_word' id='word_1_785' title='bbox 564 5821 785 5891; x_wconf 42' lang='lat' dir='ltr'><strong>suam</strong></span> <span class='ocrx_word' id='word_1_786' title='bbox 834 5821 1174 5877; x_wconf 78' lang='grc' dir='ltr'>Χαναανίτιν.</span> 
     </span>
    </p>
   </div>
   <div class='ocr_carea' id='block_1_107' title="bbox 400 5908 544 5954">
    <p class='ocr_par' dir='ltr' id='par_1_107' title="bbox 400 5908 544 5954">
     <span class='ocr_line' id='line_1_107' title="bbox 400 5908 544 5954; baseline 0.014 -12"><span class='ocrx_word' id='word_1_787' title='bbox 400 5908 544 5954; x_wconf 85' lang='grc' dir='ltr'>τους.</span> 
     </span>
    </p>
   </div>
   <div class='ocr_carea' id='block_1_108' title="bbox 1281 5809 2934 5893">
    <p class='ocr_par' dir='ltr' id='par_1_108' title="bbox 1281 5809 2934 5893">
     <span class='ocr_line' id='line_1_108' title="bbox 1281 5809 2934 5893; baseline 0.02 -41"><span class='ocrx_word' id='word_1_788' title='bbox 1281 5820 1324 5853; x_wconf 63' lang='grc' dir='ltr'><strong>ογ</strong></span> <span class='ocrx_word' id='word_1_789' title='bbox 1360 5821 1508 5892; x_wconf 54' lang='grc' dir='ltr'>μίαν,</span> <span class='ocrx_word' id='word_1_790' title='bbox 1544 5809 1807 5892; x_wconf 62' lang='grc' dir='ltr'><strong>Α’ριῖξθοῖι,</strong></span> <span class='ocrx_word' id='word_1_791' title='bbox 1840 5809 1951 5892; x_wconf 49' lang='grc' dir='ltr'>’μέν</span> <span class='ocrx_word' id='word_1_792' title='bbox 2022 5822 2067 5854; x_wconf 75' lang='grc'><strong>⁵⁸</strong></span> <span class='ocrx_word' id='word_1_793' title='bbox 2098 5823 2227 5893; x_wconf 86' lang='grc' dir='ltr'>γάρ.</span> <span class='ocrx_word' id='word_1_794' title='bbox 2272 5820 2349 5876; x_wconf 81' lang='lat' dir='ltr'><strong>Ex</strong></span> <span class='ocrx_word' id='word_1_795' title='bbox 2376 5820 2418 5878; x_wconf 86' lang='lat' dir='ltr'>C</span> <span class='ocrx_word' id='word_1_796' title='bbox 2456 5820 2635 5893; x_wconf 84' lang='lat' dir='ltr'><strong>suppl.</strong></span> <span class='ocrx_word' id='word_1_797' title='bbox 2712 5820 2758 5854; x_wconf 78' lang='lat'>&quot;</span> <span class='ocrx_word' id='word_1_798' title='bbox 2788 5817 2830 5872; x_wconf 71' lang='grc' dir='ltr'>ο</span> 
     </span>
    </p>
   </div>
   <div class='ocr_carea' id='block_1_109' title="bbox 3026 5808 3648 5884">
    <p class='ocr_par' dir='ltr' id='par_1_109' title="bbox 3026 5808 3648 5884">
     <span class='ocr_line' id='line_1_109' title="bbox 3026 5808 3648 5884; baseline -0.013 -16"><span class='ocrx_word' id='word_1_799' title='bbox 3026 5814 3071 5845; x_wconf 82' lang='grc'><strong>⁶⁰</strong></span> <span class='ocrx_word' id='word_1_800' title='bbox 3098 5808 3201 5884; x_wconf 67' lang='grc' dir='ltr'><strong>τρ.⁷</strong></span> <span class='ocrx_word' id='word_1_801' title='bbox 3235 5813 3276 5867; x_wconf 81' lang='grc' dir='ltr'>Α</span> <span class='ocrx_word' id='word_1_802' title='bbox 3309 5820 3363 5865; x_wconf 89' lang='lat' dir='ltr'><strong>et</strong></span> <span class='ocrx_word' id='word_1_803' title='bbox 3391 5808 3433 5864; x_wconf 87' lang='lat' dir='ltr'><strong><em>C</em></strong></span> <span class='ocrx_word' id='word_1_804' title='bbox 3460 5821 3648 5880; x_wconf 72' lang='lat' dir='ltr'><strong>prmm.</strong></span> 
     </span>
    </p>
   </div>
  </div>
