4090 6388
435 415 584 483 .1935

1468 404 1957 467 THEODORETI
1990 400 2331 466 EPISCOPI
2363 404 2727 467 CYRENSIS

3575 407 3711 474 1936

447 522 553 597 per
573 525 674 578 hos
704 522 849 576 enim
883 532 992 575 tres
1023 518 1248 573 ordines
1264 515 1664 587 pascebantur.
1700 512 1766 569 Et
1791 528 2017 569 causam

2125 513 2346 585 ἱερέας·
2379 513 2465 569 διὰ
2527 516 2637 587 γάρ
2684 515 2887 570 τούτων
2942 517 3051 571 τῶν
3103 520 3268 590 τριῶν
3328 503 3712 593 ἐποιμαίνοντο

446 616 707 673 iudicans
736 612 940 681 adjecit
966 628 978 663 :
1004 628 1023 661 ι
1052 608 1120 663 Ει
1144 607 1466 681 gravabitur
1497 608 1679 663 anima
1709 621 1831 663 mea
1858 620 2026 676 super

446 725 585 774 eos,
622 705 897 775 siquidem
943 712 997 758 et
1038 701 1236 756 anima:
1271 715 1465 756 eorum
1515 700 1814 771 rugiebant
1858 711 2026 767 super

447 815 555 855 me.
590 817 609 851 ι
640 795 755 849 Hoc
780 795 899 865 ipse
938 792 1200 848 Dominus
1235 807 1334 863 per
1367 790 1663 847 Jeremiam
1693 789 2019 860 prophetam

446 887 656 943 clarius
691 886 887 949 docet,
924 884 1119 940 dicens
1155 902 1168 939 :
1203 901 1221 935 ι
1261 883 1481 954 Reliqui
1531 883 1755 938 domum
1807 893 2021 945 meam,

436 981 634 1038 dimisi
671 979 1044 1034 haereditatem
1081 993 1255 1033 meum
1278 1019 1294 1044 ,
1327 976 1450 1033 dedi
1486 976 1744 1031 dilectam
1781 972 2020 1029 animam

443 1088 622 1131 meam
658 1073 712 1127 in
750 1086 947 1126 manus
993 1070 1344 1126 inimicorum
1379 1070 1536 1140 ejus;
1578 1068 1721 1122 facta
1754 1072 1841 1122 est
1875 1063 2006 1118 mihi

445 1162 737 1219 haereditas
784 1176 903 1215 mea
925 1201 940 1227 ,
969 1162 1130 1231 quasi
1173 1162 1261 1216 leo
1293 1161 1346 1215 in
1380 1161 1547 1227 silva;
1583 1157 1780 1215 extulit
1823 1163 2019 1211 contra

442 1256 464 1276 ‘
511 1266 598 1306 me
650 1265 835 1305 vocem
872 1264 1065 1314 suam,
1110 1250 1233 1304 ideo
1265 1249 1409 1304 odivi
1448 1263 1567 1303 eam
1600 1256 1654 1303 ιι.
1683 1266 1703 1298 ι
1735 1242 2018 1315 Siquidem

442 1341 609 1396 etiam
644 1353 744 1410 per
775 1336 975 1393 Isaiam
1011 1339 1214 1393 clamat
1248 1356 1261 1393 :
1293 1356 1311 1388 ι
1337 1335 1663 1406 Exspectavi
1686 1374 1702 1399 ,
1731 1340 1789 1387 ut
1815 1333 2020 1386 faceret

436 1431 710 1503 judicium
732 1470 748 1495 ,
782 1430 914 1487 fecit
950 1440 1133 1485 autem
1176 1429 1520 1499 iniquitatem
1544 1468 1559 1493 ,
1589 1433 1644 1482 et
1695 1439 1804 1480 non
1850 1422 2018 1493 justi-

429 1525 608 1588 tiam,
648 1521 743 1576 sed
776 1522 1075 1576 clamorem
1108 1528 1155 1574 ο.
1188 1541 1206 1573 ι
1235 1519 1509 1586 Quoniam
1544 1531 1677 1589 ergo
1709 1515 1889 1571 ferino
1915 1514 2019 1567 im-

441 1622 569 1685 petu
603 1613 884 1667 irruerunt
918 1613 976 1667 in
1025 1628 1111 1669 me
1157 1620 1425 1684 tanquam
1474 1611 1793 1682 rugientes,
1829 1616 1885 1664 et
1913 1621 2018 1663 ca:-

441 1707 566 1761 dem
604 1718 782 1760 meam
810 1704 1065 1761 sitientes
1091 1723 1104 1759 :

501 1886 765 1942 ’Vsns.‘9.
795 1904 813 1937 ι
837 1883 962 1954 'Ego
990 1883 1161 1939 etiam
1194 1881 1320 1937 dico
1354 1881 1437 1937 eis
1470 1899 1483 1936 :
1519 1878 1638 1936 Non
1675 1876 1891 1950 1646
1921 1890 2013 1947 pa-
2051 1861 2093 1915 Β

437 1995 589 2037 scam
618 1993 714 2033 vos
745 1995 758 2031 :
792 1975 942 2048 quod
975 1976 1233 2040 moritur,
1267 1974 1562 2037 moriatur,
1597 1979 1651 2027 et
1679 1968 1831 2040 quod
1865 1966 2015 2023 defe-

437 2071 543 2133 cit,
575 2067 795 2123 deliciat
815 2105 830 2130 ,
860 2074 915 2120 et
943 2065 1161 2134 reliqua
1193 2063 1459 2119 devorent
1486 2059 1875 2130 unusquisque
1899 2070 2020 2111 car-

438 2176 540 2217 nes
568 2158 804 2230 proximi
834 2157 945 2212 sui.
975 2176 995 2210 ι
1026 2154 1153 2210 Haec
1184 2156 1371 2210 omnia
1404 2153 1474 2209 iis
1506 2152 1764 2207 accidere
1790 2162 2019 2205 necesse

437 2261 523 2309 est
548 2291 562 2317 ,
594 2264 736 2321 quos
770 2248 958 2304 divina
984 2247 1336 2317 providentia
1369 2243 1647 2301 destituit.

508 2436 678 2491 Vens.
712 2431 799 2487 10.
827 2447 845 2479 ι
873 2426 936 2482 Et
962 2438 1243 2481 assumam
1273 2423 1478 2492 virgam
1505 2433 1682 2475 meam
1703 2416 2017 2489 pulchram,

434 2540 492 2585 et
513 2526 806 2599 projiciam
832 2534 952 2577 eam
974 2557 990 2583 ,
1015 2524 1071 2572 ut
1094 2514 1362 2585 dissipem
1387 2517 1779 2567 testamentum
1810 2522 2019 2574 meum,

436 2620 585 2693 quod
609 2614 858 2688 disposui
892 2614 1036 2667 inter
1059 2623 1253 2665 omnes
1280 2605 1507 2677 populos
1533 2613 1712 2659 terrm.
1736 2620 1753 2653 ι
1776 2600 1848 2657 lis
1870 2599 2018 2693 enim

426 2690 532 2782 qui
560 2705 899 2781 cognitionis
940 2702 1033 2758 Dei
1070 2697 1517 2772 praedicationem
1561 2693 1908 2764 susceperint
1935 2690 2020 2745 di-

427 2803 570 2856 vino
627 2795 938 2853 ventilabro
990 2791 1225 2847 secretis
1268 2797 1324 2844 et
1370 2803 1400 2841 a
1442 2787 1617 2858 paleis
1666 2788 1843 2842 instar
1903 2784 2021 2839 fru-

437 2887 611 2946 menti
645 2882 950 2956 separatis,
984 2878 1216 2935 necesse
1242 2890 1477 2948 prorsus
1507 2875 1615 2933 erit
1644 2876 1832 2947 paleas
1861 2889 2018 2930 com-

442 2979 573 3035 buri
619 2977 746 3048 igne
800 2968 1276 3042 inexstinguibili,
1327 2967 1486 3038 juxta
1547 2967 1730 3039 magni
1786 2964 2018 3021 Joannis

434 3083 630 3126 vocem
666 3077 714 3122 Ρ.

506 3158 677 3213 lisse.
712 3155 803 3211 Η.
833 3173 852 3207 ι
884 3151 951 3208 Et
976 3150 1334 3223 dissipabitur
1361 3147 1449 3205 die
1482 3147 1602 3204 illo.
1633 3166 1651 3200 ι
1680 3147 1801 3205 Non
1833 3160 2013 3205 autem

438 3251 508 3307 ile
535 3248 827 3315 omnibus,
857 3245 952 3318 qui
981 3260 1050 3301 ex
1090 3243 1345 3315 gentibus
1376 3248 1542 3306 sunt,
1590 3255 1718 3296 eum
1768 3240 1888 3296 hare
1933 3241 2016 3295 lo-

439 3344 575 3415 qui,
609 3343 707 3398 sed
745 3346 958 3394 tantum
992 3338 1061 3393 de
1093 3333 1446 3402 inﬁdelibus,
1483 3333 1773 3405 sequentia
1807 3342 2016 3389 testan-

438 3446 551 3490 tur.
577 3451 597 3485 ι
626 3431 695 3487 Ει
725 3434 1062 3502 cognoscent
1088 3425 1389 3482 Chananaai
1423 3439 1555 3480 oves
1576 3463 1592 3490 ,
1648 3439 1773 3495 quae
1824 3433 2016 3479 custo-

432 3527 669 3582 diuntur
700 3521 834 3578 mibi
863 3540 877 3576 :
910 3522 1042 3591 quia
1076 3518 1306 3574 verbum
1348 3515 1571 3570 Domini
1610 3524 1715 3573 est.
1750 3536 1768 3569 ι
1799 3515 2016 3572 Chana-

438 3630 584 3671 πίθοι
611 3620 769 3667 vocat
793 3625 893 3666 eos
921 3608 1016 3679 qui
1041 3622 1107 3663 ex
1132 3605 1392 3678 gentibus
1416 3603 1803 3672 crediderunt,
1828 3612 2017 3674 utpote

442 3702 787 3775 allophylos;
834 3716 950 3756 oves
984 3705 1172 3754 autem
1212 3697 1341 3752 illos
1377 3711 1506 3754 esse.
1547 3696 1626 3750 ait
1652 3697 1903 3752 custodia
1935 3695 2017 3751 di-

440 3809 573 3866 gnas
595 3833 611 3860 ,
637 3799 865 3863 propter
895 3788 1056 3845 ﬁdem
1084 3802 1247 3859 quam
1275 3786 1459 3859 adepti
1485 3793 1636 3843 sunt.
1665 3784 1731 3841 lli
1752 3827 1766 3850 ,
1798 3785 2012 3857 inquit,

441 3900 568 3942 cum
599 3883 906 3940 inﬁdelium
936 3880 1164 3937 e'xitium
1200 3878 1474 3943 viderint,
1515 3878 1894 3948 experimento
1926 3876 2013 3932 di-

439 3985 596 4034 scent
613 4016 628 4043 ,
654 3972 1041 4048 propheticum
1068 3985 1379 4027 sermonem
1409 3969 1501 4026 Dei
1527 3984 1651 4026 esse
1674 3962 2023 4025 sermonem.

441 4066 538 4122 His
572 4075 755 4121 autem
786 4063 1083 4134 explicatis
1117 4061 1185 4117 de
1211 4059 1513 4117 incredulis
1544 4059 1723 4131 deque
1760 4056 2014 4114 ﬁdelibus

434 4155 586 4228 apud
635 4163 829 4228 gentes
849 4196 863 4223 ,
915 4166 1225 4209 sermonem
1262 4151 1534 4207 convertit
1564 4149 1633 4206 ad
1665 4148 1887 4205 Judaeos
1914 4189 1928 4213 ,
1960 4158 2014 4204 et

438 4244 575 4301 dicit
610 4262 624 4299 :

508 4336 678 4394 Vens.
709 4337 806 4403 ιε,
842 4336 924 4391 t5.
953 4353 972 4386 ι
1001 4333 1069 4389 Et
1090 4334 1269 4390 dicam
1298 4333 1365 4388 ad
1392 4348 1491 4389 eos
1511 4374 1525 4398 ,
1559 4329 1775 4400 inquit:
1816 4328 1875 4384 Si
1908 4328 2010 4383 bo-

437 4444 572 4484 num
594 4440 676 4485 est
696 4429 753 4483 in
778 4435 1078 4498 conspectu
1098 4437 1301 4491 vestro,
1326 4424 1452 4478 date
1472 4421 1780 4477 mercedem
1810 4433 2006 4485 meam,

2130 605 2445 676 ταγμάτων.
2478 608 2590 661 Kal
2641 608 2740 677 τὴν
2789 610 2969 663 αἰτίαν
3013 610 3227 676 δεικνὺς
3284 613 3512 682 ἐπάγει·
3547 634 3566 666 ι
3598 616 3714 669 Kal

2130 694 2524 768 βαρυνθήσεται
2553 700 2586 768 η
2835 716 2937 770 μου
2991 701 3077 753 ἐπ’
3113 699 3344 766 αὐτούς’
3380 703 3472 756 καὶ
3511 705 3619 774 γὰρ
3651 706 3712 758 αἱ

2124 786 2291 857 ψυχαὶ
2321 787 2500 841 αὐτῶν
2523 789 2834 861 ἐπωρύοντο
2848 791 2891 822 θ’
2925 792 3010 843 ἐπ’
3032 791 3156 862 ἐμέ.
3190 812 3207 843 ι
3243 790 3413 847 Τοῦτο
3451 795 3714 863 σαφέστε-

2128 894 2219 948 ρον
2249 878 2411 943 αὐτὸς
2436 880 2465 932 δ
2492 880 2772 953 Δεσπότης
2815 881 2903 936 διά
2951 883 3046 936 τοῦ
3102 885 3382 956 προφήτου
3443 885 3712 957 Ἰερεμίου

2123 968 2363 1022 διδάσκει
2394 1008 2410 1032 ,
2448 969 2623 1038 λέγων
2647 988 2660 1002 ·
2700 991 2719 1023 ι
2764 971 3232 1040 Ἐγκαταλέλοιπα
3262 975 3353 1029 τὸν
3385 969 3531 1030 οἶκόν
3579 994 3709 1047 μου,

2122 1062 2311 1133 ἀφῆκα
2332 1063 2430 1134 τὴν
2457 1062 2820 1134 κληρονομίαν
2850 1083 2950 1136 μου
2970 1083 2983 1097 ·
3022 1066 3198 1121 ἔδωκα
3225 1068 3325 1137 τὴν
3344 1069 3712 1140 ἠγαπημένην

2120 1152 2298 1223 ψυχήν
2322 1169 2424 1222 μου
2459 1153 2541 1217 είς
2565 1156 2765 1226 χεῖρας
2786 1155 3002 1226 ἐχθρῶν
3033 1158 3203 1227 αὐτῆς
3232 1176 3247 1189 ο
3268 1158 3484 1226 ἐγένετο
3505 1161 3538 1229 ἡ
3577 1159 3713 1228 κλη-

2125 1244 2349 1314 ρονομία
2409 1262 2511 1317 μου
2546 1245 2702 1317 ἐμοὶ,
2733 1246 2809 1311 ὼς
2859 1246 2997 1302 λέων
3025 1250 3082 1302 ἐν
3131 1249 3322 1321 δρυμῷ
3343 1267 3355 1279 ·
3393 1250 3591 1306 ἔδωκεν
3620 1250 3711 1303 ἐπ’

2120 1335 2220 1404 ἐμὲ
2265 1336 2365 1406 τὴν
2410 1336 2595 1407 φωνὴν
2626 1338 2819 1407 αὐτῆς,
2846 1336 2935 1391 διὰ
2963 1337 3121 1392 τοῦτο
3167 1340 3412 1414 ἐμίσησα
3454 1342 3644 1414 αὐτήν.
3685 1363 3705 1394 ο

2120 1426 2230 1478 Kal.
2263 1426 2447 1496 μέντοι
2477 1427 2572 1480 καὶ
2594 1427 2684 1482 διὰ
2713 1428 2936 1483 Ἡσαΐου
2962 1428 3091 1501 βοᾷ·
3124 1449 3141 1482 ι
3165 1408 3396 1502 ΙῖΕμεινα
3425 1433 3520 1486 τοῦ
3550 1408 3713 1504 τέωῆ-

2121 1530 2209 1566 σαι
2255 1514 2471 1585 κρίσιν,
2508 1515 2733 1588 ἐποίησε
2766 1517 2822 1571 δὲ
2859 1519 3092 1589 ἀνομίαν
3118 1561 3133 1588 ,
3175 1521 3272 1574 καὶ
3323 1523 3384 1575 οὺ
3424 1522 3709 1598 δικαιοσύ-

2118 1622 2237 1675 νην,
2270 1605 2404 1659 ἀλλά
2450 1609 2721 1680 κραυγήν.
2772 1629 2790 1661 ι
2838 1609 3055 1682 Ἐπειδὴ
3082 1613 3261 1665 τοίνυν
3303 1611 3584 1685 θηριωδῶς
3609 1632 3702 1685 μοι

2122 1695 2429 1767 προσῆλθον
2456 1699 2619 1752 οἱονεὶ
2647 1699 3010 1772 βρυχώμενοι,
3035 1704 3131 1756 καὶ
3157 1704 3255 1775 τὴν
3284 1705 3426 1776 ἐμὴν
3451 1704 3711 1774 διψῶντες

2122 1788 2357 1860 σφαγὴν,

2188 1878 2252 1933 θ’.
2287 1901 2302 1931 ι
2333 1881 2502 1950 Κάγώ
2542 1900 2682 1953 φημι
2710 1883 2845 1954 πρὸς
2873 1884 3073 1949 αὐτούς
3097 1903 3111 1918 ·
3137 1887 3213 1940 Οὐ
3245 1889 3496 1959 ποιμανῶ
3531 1890 3707 1961 ὑμᾶς’

2120 1971 2181 2025 τὸ
2215 1971 2560 2040 ἀποθνῆσκον
2591 1974 3002 2046 ἀποθνησκέτω,
3019 1978 3114 2030 καὶ
3130 1979 3176 2009 ⁵³
3193 1978 3254 2031 τὸ
3287 1978 3536 2033 ἐκλεῖπον
3562 1980 3713 2035 ἐκλι-

2121 2062 2290 2129 πέτω,
2321 2063 2414 2116 καὶ
2452 2063 2520 2116 τὰ
2576 2064 2878 2120 κατάλοιπα
2922 2066 3257 2121 κατεσθιέτω
3279 2067 3325 2100 ⁸³
3351 2069 3579 2134 ἕκαστος
3608 2072 3713 2136 τὰς

2124 2153 2333 2225 σάρκας
2383 2142 2479 2208 τοῦ
2517 2155 2747 2228 πλησίον
2770 2155 2961 2210 αὑτοῦ.
2988 2177 3005 2208 ι
3042 2156 3228 2212 Ταῦτα
3253 2158 3310 2211 δὲ
3333 2159 3549 2215 ἅπαντα
3569 2177 3712 2232 συμ-

2123 2244 2330 2300 ϐαίνειν
2356 2247 2572 2318 ἀνάγκη
2600 2251 2714 2313 τοῖς
2761 2250 2862 2319 τῆς
2909 2249 3060 2314 θείας
3098 2254 3501 2323 γυμνουμένοις
3544 2253 3711 2324 κηδε-

2125 2338 2336 2408 μονίας.

2199 2429 2250 2485 ι’.
2296 2448 2313 2480 ι
2360 2431 2470 2486 Kal
2501 2430 2744 2502 λήψομαι
2785 2432 2883 2509 τὴν
2915 2434 3109 2504 ῥάϐδον
3141 2452 3245 2507 μου
3274 2436 3373 2506 τὴν
3405 2436 3712 2507 καλὴν,καλ¹

2121 2519 2412 2594 ἀπορρίψω
2438 2521 2608 2593 αὐτὴν
2643 2521 2738 2576 τοῦ
2775 2524 3126 2581 διασκεδάσαι
3151 2526 3250 2598 τὴν
3285 2527 3553 2598 διαθήκην
3578 2546 3706 2594 μου,

2121 2607 2188 2677 ἦν
2220 2607 2474 2681 διεθέμην
2501 2612 2579 2673 είς
2595 2610 2639 2642 ⁸⁸
2657 2612 2861 2676 πάντας
2883 2615 3009 2678 τοὺς
3038 2614 3199 2680 λαοὺς
3228 2618 3325 2688 τῆς
3345 2617 3448 2688 γῆς
3464 2616 3531 2675 ⁸⁸.
3546 2635 3566 2668 ι
3586 2618 3712 2671 Τῶν

2122 2700 2229 2769 γάρ
2258 2699 2565 2772 δεξαμένων
2602 2706 2699 2775 τῆς
2730 2704 3060 2774 θεογνωσίας
3082 2706 3141 2760 τὸ
3164 2708 3429 2780 κήρυγμα
3465 2708 3547 2774 τῷ
3576 2708 3709 2780 θείῳ

2120 2790 2278 2861 πτύῳ
2313 2791 2721 2864 διακριθέντων,
2749 2796 2842 2848 καὶ
2877 2792 2988 2851 οἷόν
3008 2814 3153 2863 τινος
3187 2799 3338 2853 σίτου
3356 2798 3462 2852 τῶν
3484 2799 3709 2872 ἀχύρων

2121 2881 2553 2953 ἀποκριθέντων,
2586 2884 2799 2955 ἀνάγκη
2835 2887 2986 2940 πάσα
3044 2888 3107 2942 τὸ
3161 2889 3367 2962 ἄχυρον
3427 2908 3711 2946 κατακαυ-

2123 2971 2281 3043 θῆναι
2317 2973 2449 3044 πυρὶ
2475 2972 2743 3046 ἀσϐέστῳ,
2764 2975 2907 3030 κατά
2937 2978 3033 3048 τὴν
3054 2977 3146 3031 τοῦ
3178 2980 3417 3050 μεγάλου
3457 2980 3709 3038 Ἰωάννου

2124 3065 2327 3135 φωνήν.
2772 3136 2778 3143 η

2196 3159 2285 3210 ια’.
2327 3174 2345 3207 ι
2381 3154 2493 3209 Kal
2516 3155 3036 3229 διασκεδασθήσεται
3058 3158 3115 3211 ἐν
3145 3161 3209 3230 τῇ
3247 3160 3433 3232 ἡμέρᾳ
3461 3148 3704 3234 ἐκείνῃ.»

2126 3243 2234 3295 Kal
2263 3244 2343 3296 ὅτι
2365 3246 2427 3298 οὐ
2458 3245 2586 3316 περὶ
2613 3245 2831 3300 πάντων
2863 3246 3012 3316 λέγει
3043 3247 3214 3302 ταῦτα
3231 3249 3339 3303 τῶν
3361 3250 3422 3316 ἐξ
3449 3251 3620 3306 ἐθνῶν
3639 3253 3713 3318 ⁸⁸,

2124 3332 2261 3388 ἀλλά
2290 3335 2417 3406 περὶ
2447 3335 2556 3389 τῶν
2601 3336 2847 3391 ἀπίστων
2899 3337 3078 3407 μόνον,
3111 3339 3180 3394 τὰ
3205 3340 3528 3411 ἐπαγόμενα
3568 3361 3715 3415 μαρ-

2124 3425 2296 3495 τυρεῖ.
2342 3443 2360 3476 ι
2423 3424 2535 3479 Kal
2568 3425 2869 3494 γνώσονται
2900 3427 2950 3480 οἱ
3002 3428 3295 3483 Χαναναῖοι
3344 3430 3415 3485 τὰ
3458 3432 3713 3504 πρόϐατα

2125 3514 2511 3585 φυλασσόμενά
2576 3532 2668 3586 μοι
2717 3516 2782 3583 ⁸⁷,
2816 3517 2898 3570 ὅτι
2941 3518 2986 3551 ⁸⁸
3021 3516 3181 3587 λόγος
3237 3520 3448 3592 Κυρίου
3506 3523 3645 3579 ἐστί.
3683 3542 3705 3577 ι

2123 3604 2499 3671 Χαναναίους
2549 3606 2606 3660 δὲ
2654 3607 2780 3671 τοὺς
2809 3607 2868 3672 ἐξ
2923 3608 3092 3662 ἐθνῶν
3123 3614 3573 3681 πεπιστευκότας,
3612 3616 3714 3672 ἅτε

2123 3695 2208 3767 δὴ,
2249 3695 2581 3767 ἀλλοφύλους
2612 3699 2804 3752 καλεῖ·
2842 3701 3111 3768 πρόϐατα
3140 3696 3217 3756 δὲῗ
3230 3704 3428 3770 αὐτοὺς
3457 3707 3713 3780 φυλακῆς
3804 3763 3815 3771 ,

2124 3787 2251 3855 ἀξια
2303 3788 2475 3857 λέγει,
2500 3788 2568 3842 δι’
2592 3788 2658 3861 ἢν
2714 3792 3014 3863 ἐκτήσαντο
3069 3793 3272 3848 πίστιν.
3323 3790 3517 3863 Οὗτοι,
3548 3801 3709 3871 φησὶ,

2122 3880 2450 3953 θεασάμενοι
2477 3882 2587 3937 τῶν
2631 3883 2877 3938 ἀπίστων
2935 3884 3026 3937 τὸν
3079 3885 3331 3959 ὀλεθρον,
3367 3890 3713 3962 μαθήσονται

2121 3966 2209 4022 διὰ
2238 3969 2341 4041 τῆς
2372 3970 2589 4043 πείρας,
2619 3970 2696 4035 ὡς
2739 3971 2881 4036 θεῖος
2913 3972 3071 4043 λόγος
3098 3977 3125 4029 ὀ
3158 3979 3495 4049 προφητικὺς
3520 3979 3709 4050 λόγος.

2121 4056 2308 4112 Ταῦτα
2337 4059 2466 4130 περὶ
2503 4057 2613 4111 τῶν
2661 4059 2720 4126 ἐξ
2751 4059 2918 4114 ἐθνῶν
2946 4061 3040 4114 καὶ
3074 4063 3458 4133 ἡπιστηκότων
3484 4068 3577 4121 καὶ
3610 4086 3715 4123 πε-

2122 4147 2496 4202 πιστευκότων
2534 4150 2727 4215 εἰπὼν,
2760 4153 3058 4224 μεταφέρει
3084 4154 3176 4209 τὸν
3204 4153 3361 4224 λόγον
3389 4158 3527 4229 πρὸς
3565 4160 3710 4214 Ἰου-

2120 4238 2321 4303 δαίους,
2360 4240 2455 4294 καί
2494 4256 2657 4311 φησιο
2691 4264 2704 4277 ·

2193 4329 2281 4400 ιβ’,
2317 4337 2405 4398 ιγ’.
2441 4349 2459 4381 ι
2491 4331 2601 4386 Kal
2616 4330 2661 4363 ”
2686 4331 2796 4403 ἐρῶ
2841 4333 2977 4405 πρὸς
3010 4334 3242 4400 αὐτούς·
3292 4338 3357 4392 Ei
3397 4339 3565 4394 καλὸν
3616 4344 3710 4397 ἑν-

2125 4420 2298 4475 ὡπιον
2329 4420 2484 4493 ὑμῶν
2507 4423 2646 4489 ἐστι,
2674 4424 2793 4478 δότε
2829 4426 2921 4481 τὸν
2945 4427 3134 4499 μισθόν
3156 4446 3281 4500 μου,
3308 4430 3340 4500 ἢ
3366 4431 3709 4489 ἀπείπασθε.

439 4527 536 4575 aut
569 4520 785 4576 renuite
818 4537 831 4571 :
869 4526 924 4572 et
963 4522 1271 4571 statuerunt
1307 4509 1616 4566 mercedem
1674 4523 1850 4564 meam
1906 4508 2010 4598 tri-

2122 4511 2228 4565 Kal
2255 4511 2489 4583 ἐστησαν
2530 4512 2623 4566 τὸν
2661 4515 2853 4585 μισθόν
2909 4534 3012 4588 μου
3067 4519 3360 4589 τριάκοντα
3402 4523 3709 4595 ἀργυροῦς,

439 4612 591 4681 ginta
648 4615 961 4680 argenteos.
1010 4604 1077 4660 Et
1123 4604 1265 4659 dixit
1303 4599 1570 4656 Dominus
1625 4599 1692 4653 ad
1727 4613 1817 4652 me
1858 4614 1872 4652 τ
1909 4596 2013 4651 De-

355 4684 362 4692 ’
433 4716 583 4770 pone
608 4714 703 4755 eos
735 4700 788 4753 in
829 4695 1235 4773 conﬂatorium,
1281 4700 1336 4748 et
1375 4690 1664 4747 considera
1691 4689 1904 4761 1647
1934 4705 2003 4743 an

434 4792 730 4862 probatum
765 4789 870 4856 sit,
903 4787 1048 4843 sicut
1085 4786 1357 4858 probatus
1390 4797 1513 4841 sum
1548 4796 1650 4852 pro
1681 4785 1781 4838 eis.
1819 4781 1884 4835 Et
1915 4795 2010 4836 ac-

436 4882 563 4951 cepi
595 4881 824 4953 triginta
856 4886 1148 4951 argenteos
1174 4917 1189 4942 ,
1221 4884 1275 4932 et
1306 4874 1430 4931 misi
1474 4886 1538 4928 ac
1568 4871 1775 4942 projeci
1817 4887 1914 4928 eos
1955 4873 2012 4928 in

439 4976 667 5025 domum
723 4969 938 5024 Domini
988 4969 1045 5023 in
1091 4964 1498 5022 conﬂatorium.
1532 4980 1551 5013 ι
1603 4959 1731 5015 Haec
1784 4976 1850 5016 ex
1892 4976 2012 5017 mea

442 5060 717 5116 sententia
752 5059 1140 5131 explanatione
1168 5073 1279 5113 non
1312 5062 1511 5127 egent,
1542 5067 1669 5109 cum
1702 5052 1898 5106 borum
1931 5053 2017 5108 in-

441 5154 890 5223 terpretationem
951 5167 1238 5209 sacrorum
1298 5149 1725 5220 Evangeliorum
1780 5143 2015 5200 historia

508 5331 543 5362 ιιι
584 5337 683 5388 ιιι,
712 5323 769 5387 7,
803 5327 858 5377 8.
939 5331 964 5358 ο
1004 5323 1105 5379 lsa.
1137 5341 1188 5392 ν,
1222 5323 1274 5376 7.
1351 5332 1377 5371 ιι
1417 5320 1611 5375 Matth.
1644 5332 1743 5378 ιιι,
1780 5316 1865 5372 12.

2120 4603 2230 4656 Kal
2255 4598 2376 4657 εἷπε
2416 4603 2622 4676 Κύριος
2651 4606 2789 4677 πρός
2826 4622 2923 4678 με·
2955 4608 3137 4674 Κάθες
3165 4611 3363 4677 αὐτοὺς
3394 4617 3474 4678 είς
3501 4616 3564 4669 τὸ
3594 4636 3710 4687 χω-

2120 4696 2419 4767 νευτήριον,
2460 4696 2556 4749 καὶ
2605 4697 2803 4767 σκέψαι
2847 4701 2895 4753 εί
2944 4699 3170 4771 δόκιμον
3199 4704 3369 4769 ἐστιν,
3400 4704 3460 4758 ὃν
3501 4707 3710 4778 τρόπον

2118 4781 2481 4855 ἐδοκιμάσθην
2514 4785 2654 4857 ὑπὲρ
2675 4786 2876 4842 αὐτῶν.
2901 4788 3012 4842 Kal
3045 4790 3236 4845 ἔλαϐον
3260 4793 3387 4857 τοὺς
3409 4796 3711 4865 τριάκοντα

2119 4873 2414 4946 ἀργυροῦς,
2444 4876 2539 4929 καὶ
2572 4877 2792 4948 καθῆκα
2810 4879 2856 4911 ⁷ο
2876 4918 2891 4943 ,
2922 4881 3017 4934 καὶ
3046 4881 3299 4938 ἐνέϐαλον
3326 4886 3527 4951 αὐτοὺς
3548 4889 3592 4919 ⁷¹
3626 4892 3713 4953 είς

2121 4965 2211 5019 τὸν
2239 4961 2385 5021 οἷκον
2413 4969 2643 5039 Κυρίου,
2673 4971 2754 5035 είς
2804 4972 2867 5024 τὸ
2914 4975 3297 5047 χωνευτήριον.
3335 4995 3355 5030 ι
3385 4977 3594 5045 Ταῦτα,
3627 4981 3710 5044 ὡς

2120 5054 2315 5129 οῒμαι,
2354 5061 2612 5132 οὐδεμιᾶς
2681 5063 2978 5135 ἑρμηνείας
3058 5068 3372 5136 προσδεῖται
3400 5109 3415 5136 ,
3445 5073 3545 5144 τῆς
3591 5072 3712 5125 τῶν

2125 5149 2286 5219 ἱερῶν
2340 5151 2688 5219 Εὐαγγελίων
2744 5154 2987 5224 ἱστορίας
3045 5156 3277 5230 ἐχούσης
3340 5160 3550 5216 τούτων
3605 5160 3713 5233 τὴν

1718 5435 1951 5495 VARIE
1970 5435 2398 5501 LECTIONES.

515 5601 571 5637 v“
678 5603 1014 5675 ἐπορεύοντο.
1050 5602 1198 5681 Hier:
1260 5601 1560 5681 irruebant.
1595 5598 1743 5681 _Huic
1766 5597 1997 5681 ‘lcgtioni
2031 5604 2216 5681 etiam
2230 5602 2438 5681 Nqster
2460 5606 2623 5681 favet,
2656 5607 2750 5681 qui
2782 5608 2902 5681 hac
2957 5607 3025 5681 de
3066 5607 3272 5681 Aferinog
3310 5610 3513 5681 impetu
3535 5677 3546 5681 Α
3572 5623 3684 5681 pos

512 5684 614 5723 uca
634 5671 1042 5728 interpretatur.

479 5735 648 5792 ὐσθω.
755 5735 800 5773 ⁸⁵
846 5741 890 5794 Α
917 5740 1368 5795 κατεσθιέτωσαν.
1469 5741 1513 5773 ⁶¹ι
1542 5742 1641 5804 είς.
1749 5741 1901 5864 πέρός.

479 5812 495 5853 ι
529 5816 715 5864 praem.
741 5810 827 5863 τά.
938 5810 983 5841 ⁸³
1020 5808 1231 5861 actam.
1311 5809 1354 5840 "
1389 5812 1498 5864 καί.
1533 5810 1654 5864 Des.
1691 5823 1742 5864 Ill

443 5801 495 5856 Δ
528 5816 715 5872 praem.
741 5810 827 5863 τά.
938 5810 983 5841 ⁸³
1020 5808 1231 5861 Αδιάτι.
1311 5809 1354 5840 ⁸⁸
1389 5812 1498 5865 καί.
1533 5801 1654 5864 Des.
1691 5807 1742 5864 in

1151 5670 1195 5702 ⁶²
1223 5670 1392 5723 xal—
1420 5671 1711 5725 ἐκλιπέτω.
1766 5668 1933 5736 lnl'ra,
1971 5680 2010 5724 t.
2045 5669 2132 5736 IV,
2175 5671 2251 5726 De
2280 5673 2495 5731 Provid.
2526 5668 2749 5740 orat.'7,
2782 5679 2797 5732 1
2872 5718 2884 5730 .
2911 5678 3005 5731 καὶ
3032 5677 3094 5731 τὸ
3119 5678 3268 5732 ἀπολί

1151 5740 1368 5812 ἑτωσαν.
1469 5741 1513 5773 ⁶¹ι
1535 5742 1641 5812 εἰς.
1749 5741 1901 5812 πρός.
2005 5741 2048 5773 ⁸⁸
2073 5759 2121 5812 τ.
2153 5741 2278 5809 γῆς.
2316 5744 2438 5800 Des.
2473 5747 2525 5800 in
2554 5747 2619 5800 Α.
2730 5746 2774 5778 ⁸⁸
2801 5694 2867 5812 ἓξ
2889 5747 3002 5801 ἐθν.
3034 5747 3075 5802 C
3124 5748 3268 5812 χθρῶ

2005 5744 2048 5773 ⁸⁸
2073 5759 2121 5794 τ.
2153 5744 2278 5809 γῆς.
2316 5744 2438 5800 Des.
2473 5747 2525 5800 in
2554 5747 2619 5800 Α.
2730 5746 2774 5778 ⁸⁸
2806 5744 2867 5812 ἐξ
2889 5747 3002 5801 ἐθν.
3034 5747 3075 5802 C
3124 5748 3331 5820 χορῶν.

1943 5811 1988 5843 ⁷⁸
2017 5811 2110 5865 καὶ
2139 5812 2262 5866 καθ.
2296 5812 2416 5869 Des.
2452 5816 2504 5869 in
2541 5818 2607 5871 A.
2684 5817 2727 5849 ⁷⁸
2756 5818 2880 5871 αὐτ.
2908 5815 3030 5874 Des.
3060 5818 3192 5873 ibid.

2911 5678 3005 5731 καὶ
3032 5677 3094 5731 τὸ
3119 5675 3493 5751 ἀπολλύμενον
3523 5675 3712 5733 ἀπολ-

2911 5747 3002 5818 ἱθν.
3034 5747 3075 5802 C
3124 5748 3331 5818 χορῶν.
3429 5747 3615 5818 ηφυλ.
