4090 6402
351 391 487 455 1937

1587 389 1661 449 ΙΝ
1691 389 2086 448 ΖΛΟΙΙΑΒΙΛΞ
2121 388 2273 450 CAP.
2305 388 2408 447 XI.

3482 378 3650 442 1938:
3722 352 3729 356 ’

350 503 667 577 ἑρμηνείαν.
707 501 817 553 Καὶ
850 499 958 570 γὰρ
987 499 1102 552 ἐκεῖ
1126 495 1393 551 τοσούτων
1427 498 1708 568 στατήρων
1735 497 1762 547 ό
1805 497 1936 549 ’ἰού-

2065 495 2343 550 :ontineat.
2375 493 2454 550 lbi
2486 492 2632 548 enim
2666 491 2853 548 videre
2882 500 2968 546 est
2991 531 3005 556 ,
3036 488 3235 544 Judam
3263 487 3485 543 totidem
3525 502 3646 541 ιιι-ο.-

353 599 448 659 δας
469 596 560 648 τὸν
589 594 862 660 Δεσπότην
883 591 1130 654 ἀπέδοτο,
1150 590 1244 642 καὶ
1271 589 1671 660 μεταμεληθεὶς
1688 588 1935 643 ἀπέδωκε

361 688 459 759 μὲν
488 685 710 747 τούτους
741 686 853 746 τοῖς
875 682 1197 736 δεδωκόσιν’
1217 681 1402 754 ἐπειδὴ
1437 682 1492 734 δὲ
1526 680 1710 733 λαϐεῖν
1741 681 1938 743 αὐτοὺς

358 783 555 834 ἐκεῖνοι
585 779 685 830 οὐκ
714 775 1092 847 ἠϐουλήθησαν
1115 815 1128 839 ,
1160 773 1320 845 ῥίψας
1363 775 1561 837 αὐτοῦς
1596 771 1935 842 ἀνεχώρησε,

357 874 449 927 τὸν
480 871 684 924 δίκαιον
723 870 820 939 τῆς
865 867 1080 930 ἀδικίας
1139 867 1349 938 μισθὸν,
1376 867 1473 936 τὴν
1510 866 1748 936 ἀγχόνην
1774 865 1936 934 φημὶ,

359 963 511 1033 παρά
537 965 630 1015 τοῦ
655 958 841 1031 κριτοῦ
871 962 968 1030 τῆς
990 960 1201 1022 ἀδικίας
1235 959 1327 1012 τοῦ
1358 959 1604 1011 διαϐόλου
1627 957 1935 1027 δεξάμενος.

358 1055 472 1108 Καὶ
527 1053 758 1107 ἐνταῦθα
807 1051 986 1104 τοίνυν
1032 1053 1172 1104 αἰτεῖ
1214 1051 1310 1121 μὲν
1354 1051 1548 1112 αὐτοὺς
1595 1051 1622 1102 ὁ
1665 1050 1941 1120 Δεσπότης

365 1142 556 1214 μισθὸν
587 1143 687 1212 τῆς
709 1142 1028 1212 εὐεργεσίας
1053 1141 1149 1213 τὴν
1180 1141 1362 1193 πίστιν
1383 1156 1397 1172 ·
1426 1143 1474 1193 oi
1509 1141 1564 1193 δὲ
1592 1142 1711 1193 ἀντὶ
1738 1139 1942 1208 ταύτης

360 1235 488 1296 τοὺς
527 1234 824 1305 τριάκοντα
869 1232 1055 1286 ἔδοσαν
1090 1231 1363 1304 ἀργυροῦς
1389 1249 1401 1264 ο
1430 1231 1592 1294 αὐτὸς
1615 1231 1669 1284 δὲ
1699 1230 1776 1300 τῷ
1808 1247 1941 1300 προ-

364 1325 511 1396 φήτῃ
548 1323 1006 1394 παρακελεύεται,
1031 1324 1107 1386 ὡς
1145 1325 1200 1376 ἐν
1233 1323 1365 1394 πυρί
1406 1340 1511 1375 τινι
1552 1323 1864 1392 δοκιμάσαι,
1895 1323 1942 1374 εί

363 1416 514 1482 ἄξιος
546 1419 573 1470 ό
599 1415 697 1484 τῆς
729 1417 1047 1484 εὐεργεσίας
1077 1415 1264 1486 μισθός
1282 1433 1293 1444 '
1329 1416 1388 1468 Ὀ
1415 1415 1469 1468 δὲ
1496 1415 1717 1478 τούτους
1744 1416 1824 1478 είς
1853 1413 1944 1466 τὸν

365 1505 515 1561 οἶκον
578 1508 682 1578 ἔφη
744 1508 838 1560 τοῦ
906 1507 1041 1560 Θεοῦ
1092 1508 1600 1579 καταϐεϐληκέναι,
1632 1507 1690 1560 ὃν
1721 1507 1945 1570 εἰκότως

365 1601 619 1669 ὠνόμασε
651 1599 1071 1668 χωνευτήριον.
1118 1600 1206 1652 Ἐν
1243 1599 1435 1669 ἐκείνῳ
1467 1599 1574 1670 γὰρ
1601 1598 1687 1652 διά
1715 1599 1815 1668 τῆς
1848 1616 1946 1669 με·-

365 1692 584 1753 τανοίας
621 1692 670 1744 οί
697 1690 1032 1763 προσιόντες,
1062 1690 1136 1752 ὡς
1163 1692 1220 1742 ὲν
1250 1690 1600 1761 χωνευτηρίῳ
1623 1691 1729 1742 τινὶ
1759 1706 1944 1758 νεουρ-

2040 586 2251 658 genteis
2275 585 2575 643 stateribus
2595 585 2885 640 Dominum
2915 583 3259 647 vendidisse,
3278 588 3331 637 et
3348 580 3620 652 paeniten-

2041 680 2113 733 tia
2133 687 2338 734 tactum
2368 680 2468 734 hos
2493 678 2600 732 illis
2620 677 2712 746 qui
2737 673 3354 740 dederantreddidisse;
3388 687 3621 742 cumque

2041 771 2117 826 illi
2157 772 2407 841 accipere
2453 770 2682 834 nollent,
2705 767 2794 822 his
2827 766 3057 837 abjectis
3080 765 3307 829 abiisse,
3331 763 3624 833 acjustam

2042 863 2351 933 iniquitatis
2379 861 2728 925 mercedem,
2760 858 3120 929 suspendium
3148 855 3409 910 nimirum
3433 895 3447 921 ,
3476 869 3504 906 a
3532 853 3624 922 ju-

2042 955 2163 1010 dice
2216 954 2525 1024 iniquitatis
2571 951 2790 1006 diabolo
2836 948 3173 1016 suscepisse.
3222 945 3287 1000 Et
3323 945 3425 999 hoc
3460 943 3627 1013 igitur

2042 1051 2164 1105 loco
2193 1049 2458 1102 Dominus
2490 1045 2652 1101 ﬁdem
2688 1043 2756 1097 ab
2791 1043 2899 1097 illis
2935 1042 3113 1112 poscit
3148 1040 3324 1094 instar
3353 1035 3625 1091 mercedis

2043 1157 2145 1212 pro
2178 1139 2488 1196 beneﬁcio:
2526 1138 2580 1190 hi
2619 1141 2634 1158 ⁴
2673 1150 2802 1190 vero
2840 1149 2939 1204 pro
2971 1132 3073 1186 hac
3102 1131 3371 1186 dederunt
3406 1127 3626 1198 triginta

2047 1242 2359 1304 argenteos.
2414 1231 2478 1285 Et
2526 1230 2645 1299 ipse
2689 1227 2846 1296 jubet
2898 1225 3224 1294 prOphetam
3258 1229 3519 1290 tanquam
3560 1217 3626 1270 ad

2045 1325 2224 1394 ignem
2257 1323 2494 1390 aliquem
2527 1318 2833 1391 perieulum
2866 1314 3083 1378 facere,
3133 1326 3264 1366 num
3297 1311 3412 1363 hac
3452 1310 3621 1362 bene-

2048 1415 2153 1470 ﬁcii
2179 1415 2329 1484 justa
2360 1413 2434 1468 sit
2467 1426 2698 1466 merces.
2750 1408 2844 1462 Ille
2875 1416 3060 1462 autem
3094 1420 3152 1460 se
3180 1405 3282 1458 hos
3313 1403 3368 1456 in
3400 1401 3628 1455 domum

2049 1505 2265 1560 Domini
2301 1503 2609 1572 conjecisse
2653 1502 2764 1566 ait,
2808 1515 2972 1568 quam
3019 1498 3213 1552 merito
3263 1492 3633 1563 con/latorium

2051 1597 2368 1669 appellavit.
2402 1595 2460 1649 In
2497 1595 2590 1648 illa
2625 1593 2769 1648 enim
2810 1607 2905 1662 per
2943 1590 3324 1660 paenitentiam
3366 1584 3633 1639 acceden-

2050 1700 2168 1752 tes,
2200 1700 2455 1759 tanquam
2487 1687 2542 1740 in
2571 1684 2895 1741 conﬂatorio
2929 1680 3165 1751 quodam
3192 1683 3548 1742 renovantur,
3582 1682 3636 1728 et

365 1783 612 1852 γοῦνται,
644 1782 735 1834 τὸν
759 1783 860 1852 τῆς
891 1782 1168 1852 ἁμαρτίας
1193 1782 1268 1835 ἰὸν
1294 1782 1708 1847 ἀποϐάλλοντες,
1729 1783 1824 1836 καὶ
1849 1782 1948 1852 τῆς

2065 1782 2358 1852 rubiginem
2413 1780 2622 1849 peccati
2673 1777 3049 1846 deponentes,
3097 1780 3150 1826 et
3203 1765 3635 1824 misericordiam

367 1842 518 1938 θείας
555 1842 964 1945 φιλανθρωπίας
1013 1842 1394 1944 τυγχάνοντες.
1428 1876 1526 1930 Διά
1572 1842 1730 1929 τοῦτό
1780 1842 1945 1945 φησίζ

2065 1875 2302 1930 divinam
2335 1876 2757 1940 consequentes.
2795 1866 3090 1936 Propterea
3119 1861 3330 1932 inquit:

445 1970 525 2024 ιδ’.
560 1989 577 2021 ι
617 1970 728 2023 Kal.
745 1970 791 2000 ⁷³
831 1967 1113 2040 ἀπέρῤιψα
1161 1968 1258 2036 τὴν
1298 1968 1494 2038 ῥάϐδον
1550 1969 1648 2041 τὴν
1679 1969 1957 2040 δευτέραν,

367 2061 432 2116 τδ
487 2061 815 2131 Σχοίνισμα,
864 2060 956 2113 τοῦ
1005 2060 1355 2115 διασκεδάσαι
1402 2061 1500 2131 τήν
1553 2061 1817 2134 διαθήκην
1862 2063 1960 2135 τὴν

372 2154 649 2225 ἀναμέσον
695 2153 867 2206 Ἰούδα
920 2154 1014 2206 καὶ
1067 2153 1336 2223 ἀναμέσον
1390 2155 1625 2226 Ἰσραήλ.
1683 2175 1700 2206 ι
1736 2156 1845 2210 Καὶ
1899 2157 1964 2210 ὲκ

371 2244 576 2299 τούτων
605 2244 715 2317 γὰρ
736 2246 862 2308 τοὺς
885 2245 1320 2308 πεπιστευκότας
1345 2245 1453 2298 τῶν
1475 2247 1719 2301 ἀπίστων
1737 2248 1965 2318 ἀποκρί-

374 2354 495 2402 νας,
527 2337 652 2400 τοὺς
686 2336 909 2398 λοιποὺς
939 2338 1038 2406 τῆς
1073 2337 1279 2400 οἰκείας
1305 2338 1624 2407 ἐπιμελείας
1652 2341 1966 2412 ἐγύμνωσε,

376 2431 490 2484 Kal.
539 2430 807 2500 μαρτυρεῖ
839 2431 906 2499 τῇ
962 2429 1271 2500 προφητεία
1318 2428 1386 2482 τά
1434 2428 1529 2482 νῦν
1580 2429 1962 2502 θεωρούμενα·

378 2521 581 2593 ἔρημοι
612 2521 721 2590 γὰρ
783 2519 1023 2574 Ἰουδαῖοι
1049 2560 1064 2585 ,
1096 2521 1193 2572 καὶ
1243 2521 1559 2590 προφητῶν,
1594 2523 1689 2575 καὶ
1751 2523 1964 2592 ἱερέων,

377 2612 474 2666 καὶ
510 2611 796 2683 βασιλέων,
827 2612 922 2665 καὶ
971 2610 1124 2677 ναοῦ,
1163 2612 1260 2665 καὶ⁹
1308 2610 1542 2665 κιϐωτοῦ
1569 2655 1583 2674 ,
1611 2614 1703 2666 καὶ
1755 2613 1966 2683 βωμοῦ,

382 2707 481 2759 καὶ
536 2705 724 2773 ίλαστη
734 2703 847 2775 ρίου
867 2745 881 2766 ,
909 2705 1004 2756 καλ⁸
1038 2703 1448 2772 θυσιαστηρίου,
1484 2705 1579 2755 καὶ
1607 2703 1850 2773 λυχνίας,
1875 2703 1971 2756 καὶ

380 2795 686 2869 τραπέζης,
727 2795 820 2848 καὶ
853 2794 959 2848 τῶν
999 2794 1193 2859 ἀλλων,
1231 2795 1299 2848 δι’
1325 2788 1398 2848 ὧν
1433 2796 1466 2866 ἡ
1502 2795 1642 2848 κατὰ
1682 2796 1846 2865 νόμον
1871 2796 1969 2848 λα-

383 2887 540 2958 τρεία
573 2885 900 2956 ἐπληροῦτο,
935 2884 1132 2956 ἔρημοι
1164 2886 1220 2939 δὲ
1254 2887 1466 2957 καὶτῆς
1497 2887 1704 2941 ἄνωθεν
1740 2886 1974 2956 κηδεμο⁶

387 2982 510 3045 νίας
565 2981 892 3051 γεγένηνται
929 2997 940 3009 ·
976 2982 1071 3034 καὶ
1126 2980 1422 3050 σποράδες,
1448 2981 1541 3034 καὶ
1590 2980 1852 3051 μέτοικοι,
1883 2981 1976 3032 καὶ

2137 1969 2300 2023 Vens.
2343 1967 2430 2021 11.
2467 1983 2485 2016 ι
2514 1965 2582 2018 Et
2632 1961 2811 2032 ahjeci
2860 1961 3077 2030 virgam
3131 1954 3470 2018 secundam,
3517 1964 3667 2021 quae.-

2067 2059 2371 2130 appellatur
2401 2053 2735 2118 Funieulus,
2765 2059 2827 2106 ut
2857 2051 3188 2120 dissiparem
3239 2049 3640 2101 testamentum

2066 2151 2213 2223 quod
2246 2157 2368 2204 erat
2399 2149 2541 2203 inter
2569 2145 2768 2201 Judam
2798 2151 2853 2199 et
2884 2141 3164 2197 lsraelem.
3195 2157 3214 2190 ι
3251 2136 3311 2191 lu
3346 2135 3436 2190 his
3473 2131 3642 2188 etiam

2067 2221 2356 2300 credentes
2383 2241 2452 2295 ab
2479 2237 2796 2292 infidelibus
2824 2246 3122 2290 secernens
3143 2270 3158 2296 ,
3186 2229 3435 2298 reliquos
3461 2221 3644 2295 provi-

2068 2335 2258 2391 dentia
2287 2348 2388 2389 sua
2418 2331 2676 2402 privavit.
2729 2329 2798 2383 Et
2841 2323 3147 2396 prophetia:
3176 2320 3340 2375 ﬁdem
3383 2317 3643 2371 astruunt

2069 2443 2132 2484 ea
2161 2441 2282 2496 qua:
2308 2439 2460 2480 nunc
2487 2422 2761 2476 videmus.
2793 2417 2928 2472 Nam
2957 2417 3124 2472 simul
3155 2427 3220 2467 ac
3242 2409 3415 2464 Judaei
3443 2402 3646 2478 privati

2072 2526 2201 2576 sunt
2227 2525 2282 2572 et
2310 2515 2596 2587 prephetis
2621 2554 2636 2578 ,
2669 2517 2726 2566 et
2756 2507 3146 2565 sacerdotibus
3166 2545 3181 2570 ,
3213 2511 3268 2558 et
3300 2499 3560 2571 regibus,
3591 2500 3649 2550 et

2071 2611 2276 2680 templo
2297 2649 2311 2675 ,
2338 2617 2393 2662 et
2421 2621 2547 2661 arca
2571 2647 2586 2672 ,
2614 2613 2669 2660 et
2693 2601 2854 2656 altari
2877 2640 2893 2666 ,
2919 2606 2974 2654 et
3000 2594 3404 2668 propitiatorio,
3433 2599 3487 2646 ct
3512 2600 3648 2642 can-

2073 2676 2335 2761 dela—bro,
2367 2701 2421 2748 et
2455 2706 2644 2748 mensa
2665 2733 2680 2757 ,
2712 2699 2766 2744 et
2796 2688 2921 2742 aliis
2945 2700 3044 2756 per
3072 2698 3198 2755 qua:
3231 2680 3423 2753 legalis
3458 2676 3647 2732 cultus

2073 2787 2460 2858 peragebatur,
2497 2781 2715 2854 1648
2745 2774 2990 2848 Superna
3022 2776 3188 2831 etiam
3219 2771 3505 2828 curatione
3537 2765 3650 2836 pri-

2074 2855 2187 2934 vati
2217 2855 2488 2941 luerunt;
2521 2882 2578 2928 et
2612 2871 2888 2940 dispersi,
2943 2877 3108 2936 atque
3155 2863 3376 2920 exsules
3397 2900 3412 2924 ,
3467 2855 3650 2929 patria

2075 2971 2259 3042 pulsi,
2292 2969 2575 3025 Christum
2625 2963 3014 3020 conﬁtentibus
3060 2958 3310 3013 serviunt
3364 2950 3561 3015 inviti;
3598 2956 3653 3002 et

392 3039 730 3143 μετανάσται
757 3039 1063 3138 γενόμενοι,
1096 3073 1208 3133 τοῖς
1235 3039 1327 3122 τὸν
1373 3039 1616 3140 θέριστὸν
1640 3039 1956 3140 κηρύσσουσ

2077 3066 2200 3134 ejus
2230 3061 2452 3133 quidem
2488 3057 2832 3114 dominatum
2865 3054 3113 3123 ejurant,
3149 3048 3271 3116 eius
3317 3057 3445 3100 vero
3480 3039 3656 3097 servis

389 3134 544 3231 ⁸παρά
566 3160 792 3231 γνώμην
830 3134 1174 3214 δουλεύουσιν
1195 3177 1208 3189 '
1242 3162 1334 3214 καὶ
1360 3134 1524 3214 αὐτοῦ
1563 3161 1662 3232 μὲν
1685 3134 1960 3232 ἀρνοῦνται

2080 3170 2365 3214 servorum
2389 3165 2610 3222 operam
2632 3153 2916 3219 praestant.
2944 3144 3120 3197 Tanta
3143 3141 3222 3194 illi
3255 3134 3578 3207 stupiditate
3602 3137 3658 3185 et

389 3225 491 3322 τὴν
526 3225 868 3316 δεσποτείαν,
910 3254 1022 3315 τοῖς
1053 3252 1110 3305 δὲ
1157 3252 1362 3316 δούλοις
1389 3225 1681 3323 αὐτοῦῄτὴν
1727 3225 1960 3308 δουλείακ

2082 3245 2387 3302 indolentia
2417 3230 2696 3296 laborant.
2753 3237 2849 3292 His
2878 3249 3010 3305 ergo
3041 3233 3108 3286 de
3140 3231 3253 3284 Deo
3284 3239 3339 3282 et
3367 3225 3660 3323 salvatore

390 3342 1114 3417 προσφέρουσιν.Τοσαύτην
1137 3342 1385 3397 νοσοῦσιν
1415 3345 1768 3414 ἀναλγησίαν.
1787 3344 1972 3397 Ταῦτα
2079 3343 2274 3389 DOSU'O
2302 3329 2524 3384 (Ῑιιπίεῑο
2562 3341 2593 3379 3

399 3436 498 3505 μὲν
530 3433 676 3489 οὖνὸ
725 3435 1017 3506 Προφήτης
1073 3435 1202 3504 περὶ
1261 3437 1355 3488 τοῦ
1393 3435 1527 3489 Θεοῦ
1573 3437 1666 3488 καὶ
1720 3435 1974 3504 Σωτῆρος

399 3525 553 3596 ἡμῶν
583 3526 822 3597 Χριστοῦ
848 3527 1284 3598 προαγορεύσας,
1319 3527 1416 3579 καὶ
1449 3525 1546 3598 τὴν
1589 3526 1852 3579 Ἰουδαίων
1882 3527 1976 3579 ἀν-

395 3617 650 3670 τιτυπίαν
700 3617 946 3686 ἐλέγξας,
993 3619 1217 3681 εἰκότως
1264 3616 1428 3680 εὐθὺς
1457 3617 1550 3670 ἐπὶ
1595 3616 1687 3669 τὸν
1732 3615 1978 3669 ἀντίθεον

396 3706 632 3776 Χριστὸν
687 3707 986 3777 μεταφέρει
1059 3707 1158 3778 τὴν
1215 3706 1590 3779 προφητείαν,
1625 3705 1685 3758 ὃν
1741 3705 1980 3760 Ἰουδαῖοι

399 3797 822 3867 προσμένουσιν,
856 3799 932 3859 ὡς
962 3797 1118 3850 αὐτοί
1140 3815 1296 3865 φασι.
1330 3797 1501 3851 Τοῦτο
1523 3797 1579 3850 δὲ
1621 3797 1716 3850 καὶ
1730 3797 1775 3828 ⁷³
1805 3799 1833 3849 ό
1865 3796 1983 3849 Κύ-

405 3904 520 3960 ριος
560 3888 696 3956 πρὸς
746 3888 944 3949 αὐτοῦς
983 3889 1041 3940 ἐν
1069 3889 1181 3949 τοῖς
1221 3890 1381 3957 ἱεροῖς
1430 3889 1789 3958 Εὐαγγελίοις
1835 3889 1939 3960 ἔφη
1965 3905 1978 3918 ⁸

409 3997 429 4030 ι
477 3976 618 4047 Ἐγὼ
654 3975 818 4051 ἦλθον
834 3980 880 4010 τι
902 3979 958 4030 ὲν
984 3977 1061 4047 τῷ
1119 3977 1341 4047 ὀνόματι
1371 3979 1463 4030 τοῦ
1496 3979 1705 4048 Πατρός
1741 3995 1863 4049 μου,
1889 3978 1984 4030 καὶ

401 4067 502 4121 οὐκ
536 4067 791 4132 ἐδέξασθὲ
825 4085 891 4138 με
917 4084 929 4096 ·
956 4067 1173 4137 ἔρχεται
1210 4066 1368 4130 ἄλλος
1398 4069 1454 4120 ὲν
1482 4067 1558 4138 τῷ
1593 4068 1706 4138 ἰδίῳ
1736 4068 1982 4138 ὀνόματι,

404 4161 498 4212 καὶ
525 4159 843 4214 πιστεύσετε
869 4160 1040 4232 αὐτῷ.
1072 4178 1090 4211 ›
1135 4158 1305 4212 Τοῦτο
1337 4159 1469 4229 περὶ
1493 4159 1674 4212 αὐτῶν
1705 4159 1800 4212 καὶ
1826 4159 1856 4212 ὁ
1883 4177 1986 4230 μα-

2635 3325 2900 3395 propheta
2932 3318 3214 3390 praedictis
3258 3322 3312 3370 et
3341 3310 3657 3366 Judaeorum

2080 3422 2456 3480 obstinatione
2487 3417 2778 3488 castigata,
2815 3413 2883 3468 ad
2915 3405 3403 3482 pseudochristum
3430 3398 3525 3454 Dei
3560 3399 3658 3451 ho-

2083 3524 2223 3573 stem
2263 3511 2540 3570 convertit
2576 3505 2924 3580 prophetiam
2947 3543 2961 3566 ,
2996 3514 3159 3572 quem
3208 3494 3420 3558 Judaei,
3450 3499 3514 3546 ut
3551 3487 3659 3558 ipsi

2084 3609 2306 3672 dicunt,
2329 3609 2671 3673 exspectant.
2696 3597 2812 3652 Hoc
2841 3611 2972 3650 vero
3001 3592 3164 3648 etiam
3193 3589 3249 3642 in
3281 3584 3459 3641 sacris
3482 3580 3662 3636 Evan-

2087 3698 2246 3770 geliis
2295 3694 2364 3750 ad
2420 3693 2548 3748 illos
2596 3691 2730 3746 dicit
2779 3685 3081 3740 Dominus:
3112 3699 3131 3732 ι
3161 3679 3276 3750 Ego
3318 3674 3446 3732 veni
3475 3673 3533 3728 in
3563 3685 3664 3770 no-

2090 3762 2243 3844 mine
2286 3787 2468 3841 Patris
2521 3783 2661 3848 mei,
2709 3787 2764 3836 et
2813 3793 2925 3834 non
2968 3771 3295 3842 suscepistis
3339 3781 3471 3822 me:
3515 3762 3689 3820 venit.

2092 3879 2240 3934 alius
2296 3876 2353 3929 in
2415 3874 2643 3928 nomine
2703 3885 2842 3933 suo,
2891 3875 2945 3922 et
2985 3863 3228 3919 credetis
3289 3859 3368 3913 illi
3399 3867 3449 3910 ς.
3483 3873 3501 3906 ι
3552 3852 3700 3907 Hoc

2091 3972 2235 4026 idem
2269 3967 2335 4022 de
2364 3965 2475 4020 illis
2500 3964 2663 4018 etiam
2694 3960 2771 4013 ait
2820 3961 3014 4013 beatus
3060 3953 3267 4007 Paulus
3294 3966 3310 4006 :
3343 3967 3371 3998 ‹.
3394 3947 3476 4001 Eo
3517 3941 3668 4014 quod
3698 3984 3704 3993 .

2091 4060 2420 4115 eharitatem
2448 4052 2699 4109 veritatis
2728 4066 2839 4105 non
2872 4053 3240 4116 receperunt,
3283 4048 3342 4094 ut
3391 4036 3526 4094 salvi
3569 4035 3666 4088 ﬁe-

2093 4158 2255 4214 rent,
2288 4149 2411 4204 ideo
2454 4146 2636 4202 mittet
2678 4141 2789 4198 illis
2832 4140 2980 4195 Deus
3018 4135 3394 4208 operationem
3425 4128 3668 4191 erroris,

406 4253 596 4324 κάριος
648 4251 751 4322 ἔφη
797 4219 1008 4317 Παῦλος
1050 4269 1064 4283 ’
1106 4272 1125 4304 ι
1171 4251 1312 4306 Ἀνθ’
1345 4219 1426 4306 ὧν
1468 4251 1568 4316 τὴν
1614 4250 1836 4322 ἀγάπην
1883 4219 1955 4321 τῆ

2096 4253 2158 4299 ut
2204 4241 2442 4297 credant
2481 4233 2805 4301 mendacio,
2857 4241 2917 4286 ut
2955 4227 3298 4301 judicentu—t‘~
3329 4236 3525 4279 omnes
3575 4219 3672 4288 qui

407 4308 670 4414 ἀληθείας
689 4308 804 4398 ὀὐκ
834 4308 1103 4410 ἐδέξαντο,
1132 4344 1212 4406 εἱς
1239 4344 1300 4396 τὸ
1329 4308 1566 4412 σωθῆναι
1591 4308 1810 4408 αὐτοὺς,
1845 4308 1960 4412 πέμ

2095 4349 2205 4390 nou
2246 4329 2604 4386 crediderunt
2641 4324 2897 4388 veritati,
2960 4319 3057 4375 sed
3104 4318 3516 4373 consenserunt
3567 4308 3675 4362 ini.

407 4401 512 4504 ψει.
533 4401 718 4496 αὐτοῖς
750 4434 776 4485 ό
808 4401 951 4495 Θεὸς.
975 4401 1256 4503 ἐνέργειαν
1284 4401 1514 4501 πλάνης,
1549 4432 1630 4493 εἰς
1677 4428 1735 4482 τὸ
1765 4401 1958 4481 πιστεῦ

2098 4424 2299 4498 quitati
2329 4431 2379 4478 τ.
2409 4441 2428 4474 ι
2455 4419 2610 4473 Talia
2654 4427 2709 4473 et
2745 4416 2966 4470 divinus
3007 4409 3308 4465 Zacharias
3338 4405 3513 4462 divini
3547 4401 3674 4474 Spi—

415 4541 505 4578 σαι
532 4525 730 4586 αὐτοὺς
759 4523 838 4595 τῷ
866 4523 1074 4592 ψεύδει,
1103 4523 1190 4577 ἵνα
1223 4521 1454 4592 κριθῶσι
1478 4520 1678 4584 πάντες
1712 4521 1761 4573 oi
1787 4521 1860 4591 μὴ
1895 4537 1958 4573 πι

2065 4539 2066 4549 π
2094 4519 2239 4573 ritus
2267 4512 2535 4568 instinctu
2563 4507 2900 4578 praenuntiat

417 4622 741 4685 στεύσαντες
776 4589 840 4692 τῇ
882 4589 1128 4690 ἀληθείᾳ,
1158 4589 1275 4673 an;
1314 4618 1709 4688 εὐδοκήσαντες
1727 4620 1794 4688 τῇ
1822 4589 1867 4648 τέ’
1889 4616 2093 4689 ἀδικία.
2129 4634 2146 4666 ι
2175 4610 2413 4666 Τοιαῦτα
2435 4607 2530 4661 καὶ⁹
2586 4609 2623 4660 ό
2661 4604 2927 4681 μακάριος
2967 4600 3014 4632 ⁷⁸
3059 4596 3333 4669 Ζαχαρίας
3393 4591 3486 4647 τοῦ
3532 4589 3676 4643 θείου

415 4717 732 4788 Πνεύματος
773 4715 1064 4784 δεξάμενος
1116 4715 1216 4784 τὴν
1272 4715 1555 4786 ἐνέργειαν
1609 4712 1988 4785 προθεσπίζει.

491 4779 576 4876 ιε’,
609 4779 764 4874 ign}
823 4779 933 4860 Kal.
988 4804 1109 4861 εἷπε
1147 4779 1378 4879 Κύριος.
1408 4779 1542 4878 πρός
1583 4779 1684 4876 με’·
1715 4807 1837 4859 Ἔτι
1861 4803 1960 4858 λάε

2176 4799 2341 4854 Vens.
2377 4796 2445 4850 15
2467 4835 2480 4859 ,
2511 4793 2600 4848 16.
2630 4810 2648 4843 ι
2677 4790 2744 4843 Et
2770 4789 2909 4844 dixit
2932 4788 3203 4843 Dominus
3231 4783 3297 4839 ad
3332 4798 3458 4837 me:
3487 4779 3679 4834 Adhuc

424 4871 838 4971 σεαυτῷ-σκεύη
896 4899 1196 4970 ποιμενικά
1240 4871 1504 4970 ’ποιμένος
1562 4871 1814 4966 ἀπείρου.
1854 4897 1960 4949 Διότ

2101 4905 2257 4949 sume
2289 4889 2390 4944 tibi
2429 4901 2563 4941 vasa
2601 4882 2904 4954 pastoralia
2947 4878 3194 4951 pastoris
3235 4873 3495 4945 imperiti.
3537 4871 3676 4937 Quia

422 4969 660 5064 ἐξεγερῶ
681 4993 724 5024 ⁷⁷
763 4969 1005 5061 ποιμένα
1023 4991 1248 5061 ἄπειρον
1277 4991 1323 5022 ⁷⁸
1347 4969 1438 5042 ἐπὶ
1471 4989 1570 5064 τὴν
1590 4989 1692 5059 γῆν
1712 5004 1725 5017 ’
1744 4987 1804 5039 τὸ
1827 4985 1960 5038 ὲκλεῑ

2101 4999 2229 5039 ecce
2262 4997 2362 5052 ego
2389 4978 2683 5035 suscitabo
2713 4982 2990 5045 pastorem
3025 4969 3339 5041 imperitum
3375 4979 3541 5036 super
3570 4972 3681 5018 ter—

423 5101 524 5138 πον
561 5083 662 5136 οὐκ
691 5082 1050 5152 ἐπισκέψεται
1070 5083 1139 5147 ⁷⁸,
1167 5080 1338 5134 καὶτὸ
1369 5060 1798 5152 ἐσκορπισμένον
1827 5077 1889 5134 οὐ
1927 5092 1960 5150 μ

2102 5090 2220 5136 ram
2253 5092 2264 5128 :
2297 5072 2444 5143 quod
2477 5069 2661 5124 deficit
2692 5081 2802 5121 non
2827 5064 3109 5128 visitabit,
3143 5069 3197 5116 et
3223 5060 3536 5129 dispersum
3571 5069 3678 5109 non

425 5172 658 5248 ζητήσῃ,
687 5174 781 5228 καὶ
804 5174 867 5227 τὸ
903 5150 1371 5244 συντετριμμένον
1417 5171 1478 5224 οὐ
1506 5150 1599 5242 μὴ
1634 5168 1872 5239 ἰάσηται,
1907 5183 1960 5219 κε

2105 5163 2463 5235 requiret,et
2491 5157 2726 5214 fraetum
2758 5169 2867 5209 non
2900 5151 3154 5216 sanabit,
3185 5159 3240 5207 et
3273 5150 3545 5220 integrum
3573 5157 3699 5199 non.

498 5362 528 5402 «ι
564 5350 723 5408 Joan.
755 5365 811 5417 v,
841 5350 932 5404 13.
977 5359 999 5387 τ
1040 5347 1238 5406 Thess.
1270 5363 1309 5402 ιι
1332 5390 1345 5415 ,
1382 5346 1569 5404 10-12.

1729 5495 1962 5553 νΑΒΙᾸΞ
2001 5495 2403 5552 LECTIONES.

501 5641 548 5674 τ’
585 5639 718 5694 Καί.
745 5639 870 5695 Des.
897 5636 1038 5693 me.
1101 5636 1148 5670 ’⁷³
1176 5635 1297 5689 καί..
1325 5633 1448 5689 Des.
1478 5631 1620 5688 ina-C.
1699 5631 1747 5663 τι
1782 5631 1892 5700 ἐγὼ
1927 5628 2113 5702 ἦλθον,
2139 5647 2190 5682 κ.
2223 5647 2274 5683 τ.
2303 5627 2676 5702 1._Al_itcr_leg_.
2708 5625 2747 5681 1.
2768 5639 2829 5702 _e.
2907 5625 2950 5702 τῇ
2979 5624 3067 5702 τῇ.
3093 5620 3239 5702 Loco
3267 5616 3360 5702 cit.
3394 5631 3581 5702 praem.
3609 5619 3686 5702 ἐν.

432 5685 724 5848 apud:
745 5685 1054 5771 ὀξᾶἓιὲἓιξξ.
1127 5685 1542 5774 77-"C'é'géf£ip;;.'.
1571 5685 1648 5760 lta
1680 5685 1896 5775 quoque
1935 5685 1999 5766 Ᾱ,
2024 5685 2114 5773 qui
2145 5714 2330 5769 praeui.
2359 5698 2489 5766 ἐγώ.
2566 5699 2611 5730 ⁷⁸
2625 5685 2734 5751 Ἠπ.
2767 5697 2893 5751 Des.
2930 5694 2982 5747 in
3005 5685 3067 5745 Χ.
3133 5690 3177 5719 τ’
3211 5686 3256 5741 Α
3285 5689 3342 5740 οὐ
3376 5685 3688 5768 μὴὲπισκέ,ο

512 5796 630 5834 ται.
