4090 6436
446 383 575 449 f9“

1650 389 1729 448 IN
1771 389 2167 449 ΖΑΕΗΑΒιΛε
2206 392 2361 451 CAP.
2402 394 2539 454 ΧΠ.

3565 396 3706 461 1942

446 498 666 566 μείζους
709 499 1099 570 ἀναδεχόμενος
1135 498 1332 572 μάχην.
1368 502 1586 574 Ἐπειδὴ
1632 503 1812 558 τοίνυν
1839 500 2016 575 τούτῳ

2126 515 2228 561 lam
2268 510 2447 579 palam
2491 511 2693 566 acerba
2721 510 2969 583 praedicit
3012 512 3215 570 ludatis
3259 514 3331 570 ob
3357 530 3543 570 eorum
3574 530 3697 584 pero

446 588 548 657 μὲν
592 589 834 644 Ἰουδαῖοι
867 591 1203 657 πιστεύουσι,
1229 591 1323 646 τὸν
1347 592 1405 646 δέ
1431 592 1662 664 Σωτῆρα
1679 594 1773 646 καὶ
1808 594 2012 666 Κύριον

2118 597 2301 652 ﬂdiam
2336 613 2622 657 eventura.

442 679 780 751 ήρνήθησαν,
817 681 1109 753 προφανῶς
1147 684 1401 756 προλέγει
1442 685 1530 740 διὰ
1561 685 1655 739 τοῦ
1693 686 1979 759 Προφήτου
2006 686 2068 741 τὸ
2103 689 2259 759 ἆγιον
2286 694 2513 766 Πνεῦμα
2551 696 2620 751 τὰ
2646 693 2715 753 δι’
2767 698 3025 752 ἀπιστίαν
3081 698 3265 764 αὐτοῖς
3302 694 3692 768 συμϐησόμενα

447 776 768 848 σκυθρωπά.

983 908 1377 965 ΚΕΦᾹΛΛΙΟΝ
1408 911 1505 967 ω’.

514 1022 584 1075 α’.
621 1040 640 1073 ι
669 1024 880 1093 Λῆμμα
906 1023 1066 1092 λόγου
1108 1023 1310 1092 Κυρίου
1337 1025 1426 1077 ἐπὶ
1449 1025 1541 1077 τὸν
1579 1024 1793 1096 Ἰσραήλ
1812 1041 1826 1054 ⁸
1853 1025 2013 1094 Λέγει

447 1112 676 1182 Κύριος,
728 1114 985 1166 ἐκτείνων
1009 1113 1101 1166 τὸν
1124 1114 1171 1146 ⁸⁸
1197 1115 1444 1185 οὐρανὸν,
1502 1116 1597 1168 καὶ
1637 1114 1901 1186 θεμελιῶν
1926 1116 2023 1185 τὴν

446 1202 569 1271 γῆν,
596 1203 692 1256 καὶ
717 1204 975 1258 πλάσσων
1003 1203 1222 1274 πνεῦμα
1251 1204 1539 1274 ἀνθρώπου
1570 1207 1629 1258 ἐν
1653 1205 1824 1276 αύτῷ.
1855 1225 1875 1258 ι
1911 1206 2024 1259 Οὐκ

447 1291 580 1361 ἐγὼ,
610 1294 775 1364 φησὶν
798 1296 827 1348 ό
858 1296 1172 1365 Προφήτης,
1195 1296 1368 1350 ταῦτα
1399 1297 1535 1368 πρὸς
1567 1297 1710 1368 ὑμᾶς
1744 1296 2019 1367 διεξέρχοο

450 1401 569 1454 μαι,
602 1384 717 1439 ἀλλ’
759 1386 788 1437 ό
809 1386 960 1440 τοῦδε
992 1386 1320 1451 τοῦπαντὸς
1364 1388 1596 1459 ποιητὴς
1639 1388 1734 1441 καὶ
1765 1389 2025 1459 δημιουρ-

444 1473 543 1543 γός
571 1489 586 1504 ο
614 1477 643 1527 ό
668 1474 748 1527 ἐτι
779 1474 875 1528 νῦν
898 1477 956 1528 ἐν
1002 1479 1124 1540 ταῖς
1166 1476 1350 1547 νηδύσι
1375 1477 1444 1531 τά
1487 1477 1717 1549 σώματα
1766 1478 2025 1533 διαπλάτσ

445 1581 573 1629 των,
614 1566 708 1634 κα)
729 1564 905 1635 ψυχὰς
934 1567 1034 1620 σὺν
1062 1567 1245 1631 αὐτοῖς
1281 1568 1344 1638 δη
1354 1568 1732 1641 μιουργεῖσθαι
1758 1568 2020 1634 κελεύων,

445 1646 602 1719 οὗτος
630 1655 699 1709 δι’
723 1656 858 1726 ἐμοῦ
899 1657 1193 1726 φθέγγεται
1208 1658 1274 1713 ⁸⁷.
1798 1660 1803 1663 Α

519 1745 587 1814 β’,
628 1764 650 1798 ι
676 1746 785 1799 Καὶ
815 1746 980 1799 ίδοὺ⁸⁸
1020 1746 1130 1816 ἐγὼ
1155 1746 1345 1819 τίθημι
1382 1747 1481 1819 τὴν
1525 1748 1896 1821 Ἰερουσαλὴμ,
1941 1749 2017 1813 ὡς

448 1836 697 1907 πρόθυρα
756 1836 1087 1907 σαλευόμενα
1130 1839 1263 1892 πᾶσι
1307 1841 1420 1902 τοῖς
1468 1839 1616 1902 λαοῖς
1664 1839 1868 1907 κύκλῳ,
1924 1840 2016 1891 καὶ

2615 917 2821 989 1651
2856 915 3084 973 CAPUT
3115 914 3230 971 xu.

2194 1020 2361 1077 Vens.
2392 1024 2444 1077 1.
2484 1044 2502 1074 ι
2531 1023 2851 1096 Assumptio
2884 1025 3035 1081 verbi
3071 1025 3285 1079 Domini
3315 1040 3485 1094 super
3521 1026 3696 1084 ISrae-

2122 1112 2226 1165 leui
2258 1129 2271 1165 :
2300 1112 2446 1168 Dicit
2502 1113 2792 1181 Dominus,
2850 1117 3158 1173 extendens
3199 1117 3422 1180 cmlum,
3458 1123 3514 1173 et
3569 1116 3695 1173 fun-

2120 1200 2259 1254 dans
2279 1209 2508 1267 terram,
2539 1213 2596 1259 et
2624 1205 2839 1275 fingens
2887 1207 3143 1276 spiritum
3182 1203 3425 1260 hominis
3462 1206 3515 1260 in
3555 1221 3643 1262 co.
3669 1226 3691 1259 a

2119 1292 2237 1348 Non
2272 1308 2394 1364 ego,
2422 1294 2603 1365 inquit
2630 1297 2917 1367 propheta,
2969 1296 3130 1353 vobis
3179 1296 3295 1351 lucc
3341 1311 3563 1363 enarro,
3597 1298 3692 1353 sed

2120 1385 2311 1439 mundi
2372 1386 2540 1455 hujus
2587 1386 2767 1443 factor
2824 1398 2880 1444 et
2941 1387 3125 1460 opifex
3162 1406 3178 1443 :
3211 1388 3307 1459 qui
3331 1402 3480 1443 nunc
3528 1390 3695 1443 etiam

2120 1490 2351 1545 corpora
2388 1477 2441 1531 in
2495 1486 2655 1532 utero
2690 1478 2867 1550 lingit,
2899 1489 2954 1535 et
3009 1495 3118 1535 una
3160 1494 3286 1534 cum
3337 1479 3425 1535 his
3480 1480 3701 1536 animas

2120 1568 2301 1621 creari
2342 1567 2524 1637 jubet,
2566 1568 2678 1633 hic,
2708 1569 2910 1640 quuit,
2939 1584 3037 1640 per
3057 1585 3145 1625 me
3179 1568 3456 1640 loquitur.
3672 1557 3681 1565 ’

2194 1738 2358 1821 Vsus.
2389 1742 2444 1819 2.
2486 1762 2506 1795 ι
2543 1742 2610 1796 Et
2648 1758 2780 1798 ecce
2818 1759 2923 1814 ego
2953 1742 3099 1799 facio
3133 1743 3594 1817 Hierosolymam,
3626 1753 3693 1798 ut.

2124 1833 2570 1900 superliminaria
2606 1848 2728 1904 quae
2772 1842 3067 1889 moventur
3095 1834 3357 1891 omnibus
3381 1833 3604 1905 pupulis
3637 1833 3709 1887 in.

447 1929 508 1981 ἐν
533 1930 600 1998 τῇ
641 1927 869 1994 Ἰουδαίᾳ
893 1945 907 1959 ’
950 1930 1102 1982 ἐσται
1133 1930 1360 2000 περιοχὴ
1386 1934 1444 1984 ἐν
1470 1933 1535 2001 τῇ
1580 1930 1961 2002 Ἰερουσαλήμ.
1989 1946 2009 1980 ι

2126 1924 2355 1980 circuitu
2393 1935 2450 1980 et
2478 1925 2532 1980 in
2561 1924 2751 1982 Iudaea
2793 1940 2808 1981 :
2847 1933 2904 1981 et
2940 1926 3046 1982 erit
3073 1927 3291 1983 obsidio
3331 1926 3388 1981 in
3427 1926 3692 1982 Hieroso-

449 2017 752 2083 Εὐάλωτον,
778 2033 932 2086 φησι.
960 2018 1055 2072 καὶ
1077 2017 1545 2088 εὐκαταγώνιστον
1572 2021 1706 2073 πᾶσι
1742 2021 1851 2082 τοῖς
1874 2018 2021 2072 ἔθνε-

451 2124 536 2160 σιν
579 2109 1017 2179 ἀποκαταστήσω
1065 2109 1225 2180 τήνδε
1276 2109 1376 2179 τὴν
1420 2109 1597 2172 πόλιν,
1636 2109 1732 2163 καὶ
1778 2110 2020 2162 ἐοικυῖαν

446 2196 607 2262 δείξω
650 2196 941 2268 προθύροις
989 2196 1403 2266 σαλευομένοις,
1461 2200 1556 2253 καὶ
1613 2198 2020 2271 καταφέρεσθαι

450 2287 754 2359 μέλλουσιν,
787 2286 927 2342 ὥστε
958 2291 1084 2353 τοὺς
1124 2289 1416 2360 πολεμίους
1459 2291 1557 2361 τῆς
1597 2291 1736 2361 ἐμῆς
1765 2291 2023 2362 προνοίας

448 2380 879 2449 γεγυμνωμένην
934 2379 1178 2450 ὁρῶντας
1210 2379 1456 2434 ἐπελθεῖν
1488 2382 1585 2435 καὶ
1629 2382 2021 2453 πολιορκῆσαι,

450 2469 545 2523 καὶ
567 2469 636 2522 τά
675 2469 919 2539 φυόμενα
946 2468 1192 2523 ἐντεῦθεν
1215 2472 1510 2538 ἐπαγαγεῖν
1540 2470 1705 2526 κακά.

518 2557 591 2627 γ’.
636 2577 655 2609 ι
684 2558 794 2612 Καὶ
821 2557 971 2611 ἐσται
1006 2559 1062 2613 ἐν
1090 2562 1154 2631 τῇ
1187 2559 1368 2630 ἡμέρᾳ
1406 2558 1606 2630 ἐκείνῃ,
1643 2558 1879 2631 θήσομαι
1925 2559 2023 2630 τὴν

460 2647 810 2721 Ἰερουσαλὴμ
838 2649 982 2703 λίθον
1015 2650 1492 2720 καταπατούμενον
1523 2652 1657 2704 πᾶσι
1703 2653 1816 2714 τοῖς
1858 2650 2015 2704 ἔθνε-

450 2738 562 2792 at.”
590 2756 603 2768 ·
660 2741 769 2803 πᾶς
811 2742 841 2794 ό
891 2741 1222 2796 καταπατῶν
1256 2742 1425 2813 αὐτὴν
1450 2743 1733 2813 ὲμπαίζων
1761 2742 2024 2814 ἐμπαίξε-

448 2846 559 2892 ται,
598 2832 692 2883 καὶ
723 2832 1215 2903 ἐπισυναχθήσεται
1261 2833 1345 2884 ἐπ’
1382 2831 1548 2904 αὐτὴν
1601 2833 1780 2888 πάντα
1804 2833 1872 2886 τὰ
1898 2832 2025 2904 ἐθνη

447 2918 550 2989 τῆς
579 2920 699 2991 γῆς.
725 2941 744 2973 ι
791 2923 1011 2994 Ἐπειδὴ
1038 2925 1145 2995 γὰρ
1170 2923 1260 2977 τὸν
1296 2922 1441 2977 λίθον
1475 2925 1703 2989 ἐκεῖνον,
1731 2925 1822 2979 τὸν
1865 2924 2028 2978 πολυ-

446 3012 600 3082 τελῆ.
649 3012 741 3065 τὸν
802 3012 1077 3080 ἐκλεκτὸν,
1124 3014 1211 3069 τὸν
1270 3014 1489 3087 ἔντιμον
1510 3056 1524 3082 ,
1579 3014 1723 3070 κατὰ
1772 3016 1872 3088 τὴν
1929 3015 2025 3070 τοῦ

463 3102 687 3156 Ἦσαῖου
746 3105 1082 3176 προφητείαν
1104 3145 1120 3171 ,
1170 3109 1262 3160 τὸν
1317 3107 1606 3177 γενόμενον
1661 3107 1742 3172 είς
1787 3106 2027 3178 κεφαλὴν

451 3197 672 3263 γωνίας,
712 3196 1122 3265 ἀπεδοκίμασαν
1156 3197 1403 3267 ἀδοκίμῳ
1437 3196 1572 3268 λίθῳ
1607 3198 2024 3269 παραπλησίως,

2121 2016 2291 2087 lyma.
2324 2035 2342 2068 ι
2371 2016 2589 2072 Faciam
2610 2057 2626 2083 ,
2662 2017 2847 2091 inquit
2876 2059 2891 2085 ,
2932 2027 2995 2073 ut
3033 2019 3103 2074 ab
3131 2019 3390 2075 omnibus
3438 2018 3699 2090 gentibus

2123 2107 2287 2163 facile
2319 2108 2628 2180 expugnari
2655 2118 2711 2164 et
2752 2109 2875 2180 capi
2906 2109 3023 2165 haec
3055 2109 3253 2166 civitas
3303 2109 3503 2180 possit,
3543 2110 3698 2166 simi»

2123 2196 2339 2265 lemque
2369 2212 2494 2253 eam
2545 2197 3068 2268 superliminaribus
3115 2197 3369 2263 reddam,
3404 2212 3529 2268 quae
3575 2211 3697 2253 mo-

2122 2294 2319 2343 ventur
2358 2298 2415 2343 et
2439 2287 2666 2357 jamjam
2706 2289 3077 2360 dejicientur;
3117 2288 3194 2343 ita
3225 2296 3284 2343 ut
3317 2289 3542 2354 hostes,
3572 2303 3691 2346 mea

2123 2378 2466 2449 providentia
2507 2381 2801 2451 spoliatam
2839 2380 3115 2448 videntes,
3164 2381 3465 2447 invadant,
3502 2390 3558 2438 et
3588 2381 3692 2437 ob-

2068 2490 2071 2491 '
2124 2471 2361 2536 sideant,
2391 2480 2447 2527 et
2476 2472 2617 2526 mala
2648 2471 2776 2528 inde
2809 2470 3102 2529 nascentia
3138 2469 3407 2542 inﬂigant.

2195 2561 2361 2618 Vens.
2383 2563 2437 2617 3.
2480 2580 2498 2613 ι
2535 2562 2605 2617 Et
2633 2561 2740 2618 erit
2769 2559 2861 2617 die
2890 2562 3009 2628 illo,
3030 2576 3230 2633 ponam
3262 2559 3715 2632 Hierosolymam

2123 2653 2385 2726 lapidem,
2416 2652 2511 2724 qui
2543 2654 2903 2710 conculcatur
2928 2667 2961 2708 a
2985 2652 3206 2708 cunctis
3237 2650 3495 2724 gentibus
3527 2669 3542 2707 :
3572 2664 3697 2707 om-

2123 2747 2209 2800 nis
2253 2746 2344 2816 qui
2394 2746 2808 2804 eonculcaverit
2886 2746 3034 2812 eam‘,
3092 2745 3332 2803 illudens
3381 2745 3696 2808 illudet;et

2124 2836 2617 2907 congregabantur
2651 2851 2819 2907 super
2842 2850 2965 2892 eam
2992 2851 3189 2893 omnes
3225 2842 3420 2906 gentes
3451 2841 3637 2899 terrae.
3669 2851 3703 2887 ι.

2123 2927 2260 2983 Nam
2286 2926 2414 3000 quia
2466 2919 2701 3000 lapidem
2751 2928 2904 2983 illum
2958 2935 3371 2998 sumptuosum,
3420 2927 3652 2983 electum
3677 2966 3711 2992 ,.

2125 3020 2455 3092 pretiosum,
2474 3019 2634 3090 juxta
2666 3019 2820 3076 Isaiae
2847 3019 3197 3091 pr0phctiam
3216 3028 3270 3084 τ,
3295 3017 3500 3073 factum
3531 3024 3698 3087 caput

2129 3111 2337 3182 anguli,
2378 3110 2561 3166 instar
2606 3110 2826 3181 reprobi
2870 3108 3091 3177 lapidis,
3126 3106 3526 3179 reprobarunt,
3567 3119 3687 3161 eam

2130 3200 2333 3272 proteri
2369 3199 2685 3270 permittam
2717 3206 2774 3254 et
2795 3198 3114 3253 conculcari
3158 3197 3228 3253 ab
3268 3195 3529 3253 omnibus
3570 3194 3699 3251 bac-

452 3283 879 3339 καταπατεῖσθαι
935 3284 1102 3356 αὐτὴν
1162 3285 1268 3338 ὑπὸ
1340 3287 1558 3340 πάντων
1620 3288 2024 3357 παρασκευάσω

2128 3288 2422 3343 chantibus
2453 3293 2508 3342 et
2533 3284 2599 3341 ad
2640 3284 3033 3341 contumeliam
3081 3282 3430 3341 inferendam
3467 3297 3697 3352 congre-

452 3372 944 3448 ἐμπαροινούντων,
994 3375 1089 3427 καὶ
1117 3374 1203 3444 ἐφ’
1251 3373 1407 3446 ὖϐρει
1440 3376 1841 3447 συναγομένων.
1873 3374 2023 3449 Αὕτη

450 3468 507 3520 δὲ
530 3469 564 3539 ἠ
596 3464 901 3537 προφητεία
927 3461 1035 3519 τῶν
1071 3466 1410 3538 πραγμάτων
1431 3467 1544 3537 ἔχει
1572 3467 1671 3538 τὴν
1696 3468 2024 3539 μαρτυρίαν.

457 3557 613 3612 Ἔστι
646 3557 756 3629 γὰρ
803 3557 931 3611 ίδεῖν
961 3557 1052 3611 τὸν
1088 3558 1254 3612 πάλαι
1294 3557 1449 3628 ἅγιον
1490 3559 1585 3612 καὶ
1619 3558 1814 3612 σεπτὸν
1859 3577 2026 3614 κατα-

455 3649 792 3721 πατούμενον
844 3648 1030 3702 τόπον.
1067 3648 1230 3703 Ἀλλὰ
1280 3646 1456 3703 ταῦτα
1498 3649 1595 3720 μὲν
1644 3648 1829 3713 αὐτοῖς
1887 3648 2026 3720 μετὰ

451 3740 543 3795 τὸν
574 3738 804 3811 σταυρὸν
834 3740 1056 3814 καὶ-τὴν
1084 3739 1279 3811 μανίαν
1313 3741 1530 3811 ἐκείνην
1561 3739 1759 3810 συνέϐη
1781 3757 1796 3772 '
1824 3741 1931 3810 πρὸ
1964 3740 2024 3794 δὲ

452 3831 654 3901 ταύτης
680 3830 780 3900 τῆς
816 3829 1042 3901 τόλμης,
1078 3829 1176 3899 τῆς
1228 3830 1379 3893 θείας
1404 3828 1734 3902 κηδεμονίας
1760 3828 2027 3901 διηνεκῶς

453 3917 816 3982 ἀπολαύοντες
838 3918 1162 3972 διετέλεσαν.
1182 3917 1352 3971 Τοῦτο
1373 3918 1482 3989 γὰρ
1507 3918 1599 3971 καὶ
1628 3919 1656 3970 ό
1686 3918 2028 3988 προφητικὺς

452 4009 691 4064 διδάσκει
710 4009 886 4076 λόγος,
909 4007 1003 4060 τοῦ
1025 4005 1159 4059 Θεοῦ
1187 4004 1298 4060 τῶν
1318 4007 1456 4065 ἆλων
1484 4006 1889 4077 προσφέροντος
1924 4006 2025 4075 τὴν

455 4100 765 4172 ὑπόσχεσιν,
802 4100 885 4153 ὄτι
911 4097 1033 4151 Τῶν
1053 4095 1438 4152 Μακεδονικῶν
1472 4095 1652 4159 αὐτοῖς
1690 4094 2027 4149 ἐπελθόντων

454 4188 621 4243 ἐθνῶν
640 4190 708 4258 ὀ,
740 4190 834 4243 καὶ
887 4191 1015 4253 τοὺς
1064 4188 1270 4253 ἵππους
1316 4187 1418 4258 τῆς
1469 4186 1704 4259 φυσικῆς
1752 4186 2028 4258 γυμνὼσω

456 4279 813 4352 θρασύτητος,
845 4282 938 4335 καὶ
962 4279 1182 4343 τούτους
1233 4279 1370 4350 μετὰ
1393 4278 1502 4332 τῶν
1535 4278 1842 4350 ὀχουμένων
1874 4279 2028 4351 ἀνοίᾳ

460 4372 553 4425 καὶ
575 4371 746 4442 δειλία
771 4389 836 4425 πε
846 4371 1068 4443 ριϐαλῶ,
1100 4371 1189 4424 τὸν
1207 4371 1262 4424 δὲ
1295 4370 1494 4424 Ἰούδαν
1523 4371 1621 4440 τῆς
1643 4368 1786 4440 ἐμῆς
1811 4368 2028 4437 ἀξιώσω

455 4466 733 4533 προνοίας.
763 4461 932 4516 Τοῦτο
970 4461 1078 4530 γὰρ
1119 4459 1521 4532 παρεδήλωσεν,
1555 4458 1823 4530 είρηκώς’

526 4552 588 4617 δ’,
616 4560 676 4607 ε’.
715 4572 733 4605 ι
774 4553 861 4605 Ἐν
889 4555 955 4623 τῇ
985 4551 1169 4623 ἡμέρᾳ.
1208 4550 1415 4621 ἐκείνῃ,
1453 4550 1602 4619 λέγει
1636 4550 1839 4621 Κύριος
1887 4567 2026 4605 παν-

455 4641 762 4711 τοκρὰτωρ,
814 4639 1043 4703 πατάξω
1091 4640 1272 4693 πάντα
1315 4638 1480 4691 ἵππον
1509 4641 1567 4692 ὲν
1602 4640 1878 4705 ἐκστάσει,
1934 4641 2028 4693 καὶ

456 4729 550 4783 τὸν
579 4731 856 4801 ἀναϐάτην
884 4728 1050 4784 αὐτοῦ
1087 4731 1145 4785 ἐν
1182 4731 1592 4802 παραφρονήσει
1616 4741 1639 4762 ο
1667 4730 1758 4784 ἐπὶ
1786 4729 1844 4783 δέ
1859 4731 1905 4764 9‘
1936 4729 2028 4784 τὸν

457 4817 605 4876 οίκον
658 4821 827 4875 ’ἰούδα
879 4821 1125 4888 διανοίξω
1173 4823 1301 4884 τοὺς
1352 4819 1665 4891 ὀφθαλμούς
1723 4836 1824 4891 μου
1855 4860 1870 4886 ,
1934 4823 2030 4875 καὶ

459 4915 667 4977 πάντας
696 4914 817 4976 τοὺς
855 4912 1053 4976 ἵππους
1077 4909 1185 4965 τῶν
1203 4910 1348 4965 λαῶν
1380 4911 1605 4977 πατάξω
1628 4912 1685 4964 ἐν
1711 4909 2030 4979 ἀποτυφλώ-

460 5020 566 5059 ost.
601 5003 713 5057 Kal;
749 5002 965 5073 ἐροῦσιν
997 5002 1049 5054 oi
1097 5001 1364 5072 χιλίαρχοι
1414 5000 1594 5071 Ἰούδας
1643 5002 1842 5065 πάντες
1874 5001 1923 5035 ⁹²
1970 5003 2029 5056 ἐν

465 5099 587 5158 ταῖς
633 5096 883 5165 καρδίαις
908 5091 1089 5148 αὑτῶν
1110 5108 1125 5123 ⁸
1152 5091 1469 5164 Εὑρήσομεν
1497 5094 1708 5157 ἑαυτοῖς
1735 5093 1860 5155 τοὺς
1896 5108 2030 5146 κατ-

460 5186 739 5251 οικοῦντας
814 5185 1171 5258 Ἰερουσαλὴμ
1200 5224 1216 5252 ,
1277 5186 1335 5239 ἐν
1384 5184 1575 5257 Κυρίῳ
1631 5183 2030 5256 παντοκράτορι

536 5366 559 5392 τ
601 5365 707 5421 lsa.
738 5379 903 5421 xxvm
924 5402 940 5426 ,
973 5363 1062 5419 16.

2125 3378 2286 3449 gatis.
2325 3376 2465 3432 Huic
2494 3391 2624 3431 vero
2655 3375 2968 3448 prophetiae
3008 3389 3101 3430 res
3151 3373 3364 3445 1652
3394 3373 3525 3444 ipsa!
3560 3387 3701 3443 pm-

2125 3468 2256 3523 bent
2301 3463 2706 3532 testimonium;
2757 3477 2881 3517 nam
2940 3460 3122 3518 locum
3177 3462 3308 3515 olim
3354 3467 3609 3517 sanctum
3642 3469 3698 3516 et

2126 3565 2441 3627 augustum,
2485 3569 2635 3610 nunc
2675 3553 2865 3610 videre
2907 3560 2994 3608 est
3040 3552 3448 3608 conculcatum.
3492 3549 3695 3606 Verum

2126 3645 2243 3702 haec
2264 3645 2372 3701 illis
2397 3652 2524 3716 post
2539 3648 2760 3700 crucem
2786 3650 2843 3700 et
2873 3638 3114 3699 furorem
3145 3643 3299 3698 illum
3330 3640 3657 3698 acciderunt
3683 3658 3696 3693 :

2129 3742 2257 3791 ante
2281 3736 2384 3791 hoc
2418 3743 2599 3791 autem
2633 3734 2874 3801 facinus,
2898 3731 3087 3789 divina
3111 3728 3456 3803 protectione
3476 3728 3699 3786 assidue

2131 3827 2476 3884 fruebantur.
2505 3826 2622 3882 Hoc
2678 3827 2827 3883 enim
2874 3829 3055 3899 ipsum
3101 3824 3461 3898 prOpheticus
3519 3830 3700 3879 sermo

2129 3919 2312 3982 docet,
2347 3935 2473 3973 cum
2512 3918 2657 3974 Deus
2703 3918 3095 3974 universorum
3148 3918 3476 3988 polliceatur
3504 3931 3589 3981 se,
3627 3916 3702 3970 ir-

2127 4006 2512 4079 rumpentibus
2567 4007 2940 4063 Macedonicis
2988 4007 3246 4078 gentibus
3279 4021 3455 4077 equos
3507 4021 3697 4060 earum

2126 4100 2365 4154 naturali
2404 4097 2629 4153 audacia
2669 4099 3057 4168 spoliaturum,
3095 4111 3305 4169 eosque
3350 4095 3517 4152 simul
3567 4109 3693 4149 cum

2128 4187 2513 4244 ascensoribu‘s
2541 4188 2779 4242 amentia
2811 4190 2871 4242 et’
2908 4184 3207 4242 timiditate
3249 4185 3655 4255 implicaturum
3679 4201 3723 4249 ς,

2128 4280 2351 4336 domum
2403 4283 2584 4332 autem
2632 4274 2786 4331 Judae
2826 4275 3166 4346 providentia
3200 4289 3299 4331 sua
3343 4273 3722 4345 dignaturum.

2128 4388 2274 4428 esse.
2304 4370 2419 4426 Hoc
2446 4369 2594 4425 enim
2630 4367 2918 4432 indicavit,
2943 4380 3068 4422 cum
3103 4365 3241 4424 dixit
3278 4410 3295 4424 .

2202 4544 2369 4601 Vens.
2398 4545 2452 4609 4,
2483 4543 2538 4599 5.
2576 4562 2595 4595 ι
2632 4542 2731 4598 Die
2758 4541 2876 4605 illo,
2895 4539 3308 4596 dicitDominus
3327 4539 3696 4611 omnipotens,

2132 4639 2441 4710 percutiam
2481 4650 2703 4691 omnem
2730 4648 2933 4705 equum
2967 4640 3214 4701 stupore,
3247 4637 3302 4687 et
3341 4644 3696 4686 ascensorem

2132 4728 2254 4798 ejus
2290 4727 2569 4783 amentia:
2605 4741 2774 4798 super
2793 4726 3016 4781 domum
3056 4728 3237 4778 autem
3278 4719 3431 4777 Iuda:
3458 4721 3698 4792 aperiam

2141 4821 2334 4875 oculos
2389 4833 2564 4885 meos,
2609 4825 2665 4872 et
2707 4832 2903 4872 omnes
2928 4820 2947 4839 ⁶
2985 4831 3161 4886 equos
3199 4813 3529 4885 populorum
3576 4827 3701 4882 per-

2135 4911 2347 4965 cutiam
2378 4910 2647 4965 caecitate.
2681 4906 2750 4961 Et
2795 4907 2982 4963 dicent
3008 4906 3214 4962 tribuni
3241 4904 3397 4961 Iuda:
3423 4918 3617 4959 omnes
3645 4903 3698 4956 in

2135 4998 2397 5056 cordibus
2428 4998 2578 5054 suis:
2612 4995 2962 5051 Inveniemus
2994 4996 3154 5051 nobis
3176 4994 3268 5065 qui
3301 4993 3551 5048 habitent
3572 4990 3701 5047 Hie-

2132 5092 2419 5162 rosolymae
2443 5131 2458 5155 ,
2508 5090 2564 5144 in
2607 5087 2840 5143 Domino
2869 5086 3248 5156 omnipotente
3285 5083 3398 5141 Deo
3426 5100 3639 5140 eorum.
3683 5104 3701 5136 ι

2131 5176 2317 5247 Nihil,
2355 5181 2570 5253 inquit,
2603 5178 2926 5234 din'erenta
2964 5176 3403 5233 caecutientibus.
3433 5176 3559 5245 equi
3611 5175 3710 5228 ho-

1769 5514 2006 5572 VAlilAE‘.
2045 5513 2444 5572 LECTIONES.

512 5680 557 5710 “
586 5681 696 5735 τόν.
733 5682 857 5737 Des.
883 5682 935 5735 in
978 5683 1043 5735 Α.
1111 5681 1153 5712 ⁸⁷
1185 5679 1274 5745 φθ.
1308 5679 1348 5735 C
1380 5679 1509 5733 add.
1552 5682 1645 5749 καί
1668 5696 1743 5749 φη

1748 5696 1856 5736 σιν.
1921 5678 1966 5711 ⁸⁸
2008 5680 2141 5734 ἰδού.
2168 5680 2286 5735 Dus.
2324 5680 2383 5733 in
2413 5681 2456 5731 Λ
2480 5685 2531 5733 ct
2570 5677 2632 5732 Ο.
2663 5676 2787 5733 Des.
2823 5678 2983 5731 etiam
3019 5687 3207 5744 supra,
3241 5686 3293 5744 p.
3321 5671 3446 5744 20f),
3480 5672 3571 5744 ubi
3606 5674 3716 5739 trp.

467 5749 575 5803 hat
606 5751 754 5823 θήσω
784 5770 832 5805 τ.
881 5753 1101 5821 Ἱερουσ.
1178 5741 1221 5782 δί’
1246 5767 1304 5804 π.
1337 5768 1385 5802 τ.
1419 5749 1527 5803 EGV.
1562 5741 1762 5805 DeSIiit
1794 5752 1857 5803 A.
1936 5751 1979 5781 9°
2005 5751 2113 5806 ὲθν.
2152 5752 2272 5806 Des.
2308 5751 2367 5805 in
2390 5750 2450 5803 (ὲ.
2502 5748 2543 5779 ⁸⁸
2575 5747 2651 5802 δέ.
2693 5746 2777 5803 Er
2801 5749 2841 5802 A
2885 5745 3061 5815 suppl.
3090 5741 3103 5744 “
3130 5743 3176 5775 ’⁸
3200 5741 3357 5795 πάντ.
3389 5741 3508 5796 Dcs.
3544 5742 3600 5798 in
3638 5747 3709 5799 Α.
