  <div class='ocr_page' id='page_1' title='image "/cluster/home/n/w/nwhite01/storage/ocr_20150623/81:no.2/coo.31924054869825/979.png"; bbox 0 0 4090 6422; ppageno 0'>
   <div class='ocr_carea' id='block_1_1' title="bbox 416 329 3670 433">
    <p class='ocr_par' dir='ltr' id='par_1_1' title="bbox 416 329 3670 433">
     <span class='ocr_line' id='line_1_1' title="bbox 416 329 3670 433; baseline 0.005 -21"><span class='ocrx_word' id='word_1_1' title='bbox 416 346 552 413; x_wconf 73' lang='grc'><strong>1943</strong></span> <span class='ocrx_word' id='word_1_2' title='bbox 1337 364 1825 432; x_wconf 77' lang='lat' dir='ltr'><strong>TIIEODORETI</strong></span> <span class='ocrx_word' id='word_1_3' title='bbox 1859 360 2197 422; x_wconf 75' lang='lat' dir='ltr'><strong>EPISCOPI</strong></span> <span class='ocrx_word' id='word_1_4' title='bbox 2237 329 2596 424; x_wconf 61' lang='lat' dir='ltr'><strong>Ci’RENStS</strong></span> <span class='ocrx_word' id='word_1_5' title='bbox 3525 365 3670 433; x_wconf 65' lang='lat'><strong>1934</strong></span> 
     </span>
    </p>
   </div>
   <div class='ocr_carea' id='block_1_2' title="bbox 415 462 1971 545">
    <p class='ocr_par' dir='ltr' id='par_1_2' title="bbox 415 462 1971 535">
     <span class='ocr_line' id='line_1_2' title="bbox 415 462 1971 535; baseline 0.005 -17"><span class='ocrx_word' id='word_1_6' title='bbox 415 463 605 528; x_wconf 83' lang='lat' dir='ltr'><strong>stium,</strong></span> <span class='ocrx_word' id='word_1_7' title='bbox 636 462 744 517; x_wconf 91' lang='lat' dir='ltr'><strong>huc</strong></span> <span class='ocrx_word' id='word_1_8' title='bbox 778 471 832 518; x_wconf 89' lang='lat' dir='ltr'><strong>et</strong></span> <span class='ocrx_word' id='word_1_9' title='bbox 866 465 995 520; x_wconf 91' lang='lat' dir='ltr'><strong>illuc</strong></span> <span class='ocrx_word' id='word_1_10' title='bbox 1031 475 1304 535; x_wconf 78' lang='lat' dir='ltr'><strong>errantes,</strong></span> <span class='ocrx_word' id='word_1_11' title='bbox 1350 471 1419 524; x_wconf 88' lang='lat' dir='ltr'><strong>ita</strong></span> <span class='ocrx_word' id='word_1_12' title='bbox 1464 481 1522 525; x_wconf 90' lang='lat' dir='ltr'><strong>ut</strong></span> <span class='ocrx_word' id='word_1_13' title='bbox 1561 473 1730 528; x_wconf 87' lang='lat' dir='ltr'><strong>duces</strong></span> <span class='ocrx_word' id='word_1_14' title='bbox 1764 471 1971 527; x_wconf 72' lang='lat' dir='ltr'><strong>Judzeo-</strong></span> 
     </span>
    </p>
   </div>
   <div class='ocr_carea' id='block_1_3' title="bbox 2075 462 3678 545">
    <p class='ocr_par' dir='ltr' id='par_1_3' title="bbox 2095 470 3678 545">
     <span class='ocr_line' id='line_1_3' title="bbox 2095 470 3678 545; baseline 0.011 -23"><span class='ocrx_word' id='word_1_15' title='bbox 2095 470 2217 540; x_wconf 85' lang='grc' dir='ltr'><strong>Θεῷ</strong></span> <span class='ocrx_word' id='word_1_16' title='bbox 2247 474 2460 528; x_wconf 65' lang='grc' dir='ltr'>αὐτῶν.</span> <span class='ocrx_word' id='word_1_17' title='bbox 2486 493 2502 524; x_wconf 74' lang='grc' dir='ltr'><strong>ι</strong></span> <span class='ocrx_word' id='word_1_18' title='bbox 2535 473 2723 540; x_wconf 84' lang='grc' dir='ltr'>Οὐδὲν,</span> <span class='ocrx_word' id='word_1_19' title='bbox 2761 474 2919 542; x_wconf 74' lang='grc' dir='ltr'>φησὶ,</span> <span class='ocrx_word' id='word_1_20' title='bbox 2943 476 3360 545; x_wconf 76' lang='grc' dir='ltr'>τυφλωττὸντων</span> <span class='ocrx_word' id='word_1_21' title='bbox 3393 479 3678 538; x_wconf 80' lang='grc' dir='ltr'><strong>διοίσουσιν</strong></span> 
     </span>
    </p>
   </div>
   <div class='ocr_carea' id='block_1_4' title="bbox 413 551 1971 644">
    <p class='ocr_par' dir='ltr' id='par_1_4' title="bbox 413 551 1971 634">
     <span class='ocr_line' id='line_1_4' title="bbox 413 551 1971 634; baseline 0.01 -31"><span class='ocrx_word' id='word_1_22' title='bbox 413 565 538 604; x_wconf 85' lang='lat' dir='ltr'><strong>rum</strong></span> <span class='ocrx_word' id='word_1_23' title='bbox 575 551 775 608; x_wconf 87' lang='lat' dir='ltr'><strong>ﬁducia</strong></span> <span class='ocrx_word' id='word_1_24' title='bbox 807 563 1024 626; x_wconf 91' lang='lat' dir='ltr'><strong>sumpta</strong></span> <span class='ocrx_word' id='word_1_25' title='bbox 1073 557 1220 612; x_wconf 83' lang='lat' dir='ltr'><strong>inter</strong></span> <span class='ocrx_word' id='word_1_26' title='bbox 1255 574 1314 614; x_wconf 85' lang='lat' dir='ltr'><strong>se</strong></span> <span class='ocrx_word' id='word_1_27' title='bbox 1347 561 1534 616; x_wconf 80' lang='lat' dir='ltr'><strong>dicunt</strong></span> <span class='ocrx_word' id='word_1_28' title='bbox 1564 580 1579 618; x_wconf 85' lang='lat'><strong>:</strong></span> <span class='ocrx_word' id='word_1_29' title='bbox 1607 562 1971 634; x_wconf 81' lang='lat' dir='ltr'><strong>llierosolym:</strong></span> 
     </span>
    </p>
   </div>
   <div class='ocr_carea' id='block_1_5' title="bbox 2075 551 3672 644">
    <p class='ocr_par' dir='ltr' id='par_1_5' title="bbox 2091 561 3672 644">
     <span class='ocr_line' id='line_1_5' title="bbox 2091 561 3672 644; baseline 0.011 -32"><span class='ocrx_word' id='word_1_30' title='bbox 2091 561 2141 613; x_wconf 77' lang='grc' dir='ltr'>οἱ</span> <span class='ocrx_word' id='word_1_31' title='bbox 2167 563 2324 616; x_wconf 79' lang='grc' dir='ltr'>ἵπποι</span> <span class='ocrx_word' id='word_1_32' title='bbox 2350 564 2460 617; x_wconf 82' lang='grc' dir='ltr'>τῶν</span> <span class='ocrx_word' id='word_1_33' title='bbox 2485 564 2757 634; x_wconf 79' lang='grc' dir='ltr'>πολεμίων</span> <span class='ocrx_word' id='word_1_34' title='bbox 2785 567 2910 638; x_wconf 76' lang='grc' dir='ltr'>τῇδε</span> <span class='ocrx_word' id='word_1_35' title='bbox 2941 568 3162 622; x_wconf 84' lang='grc' dir='ltr'>κάκεῖσε</span> <span class='ocrx_word' id='word_1_36' title='bbox 3184 571 3672 644; x_wconf 84' lang='grc' dir='ltr'>περιπλανώμενοι,</span> 
     </span>
    </p>
   </div>
   <div class='ocr_carea' id='block_1_6' title="bbox 422 640 1805 723">
    <p class='ocr_par' dir='ltr' id='par_1_6' title="bbox 422 640 1805 723">
     <span class='ocr_line' id='line_1_6' title="bbox 422 640 1805 723; baseline 0.009 -27"><span class='ocrx_word' id='word_1_37' title='bbox 422 640 535 697; x_wconf 87' lang='lat' dir='ltr'><strong>Deo</strong></span> <span class='ocrx_word' id='word_1_38' title='bbox 567 645 866 701; x_wconf 74' lang='lat' dir='ltr'><strong>auxiliante</strong></span> <span class='ocrx_word' id='word_1_39' title='bbox 895 663 957 702; x_wconf 87' lang='lat' dir='ltr'><strong>ac</strong></span> <span class='ocrx_word' id='word_1_40' title='bbox 989 647 1206 704; x_wconf 80' lang='lat' dir='ltr'><strong>favente</strong></span> <span class='ocrx_word' id='word_1_41' title='bbox 1231 650 1430 707; x_wconf 83' lang='lat' dir='ltr'><strong>incolis</strong></span> <span class='ocrx_word' id='word_1_42' title='bbox 1462 653 1805 723; x_wconf 81' lang='lat' dir='ltr'><strong>implebitur.</strong></span> 
     </span>
    </p>
   </div>
   <div class='ocr_carea' id='block_1_7' title="bbox 480 907 1985 987">
    <p class='ocr_par' dir='ltr' id='par_1_7' title="bbox 480 907 1985 987">
     <span class='ocr_line' id='line_1_7' title="bbox 480 907 1985 987; baseline 0.012 -27"><span class='ocrx_word' id='word_1_43' title='bbox 480 907 645 965; x_wconf 71' lang='lat' dir='ltr'><strong>Vens.</strong></span> <span class='ocrx_word' id='word_1_44' title='bbox 666 911 718 966; x_wconf 89' lang='lat'><strong>6.</strong></span> <span class='ocrx_word' id='word_1_45' title='bbox 748 932 765 963; x_wconf 80' lang='grc' dir='ltr'><strong>ι</strong></span> <span class='ocrx_word' id='word_1_46' title='bbox 797 911 890 969; x_wconf 89' lang='lat' dir='ltr'><strong>Die</strong></span> <span class='ocrx_word' id='word_1_47' title='bbox 909 915 1000 970; x_wconf 92' lang='lat' dir='ltr'><strong>illo</strong></span> <span class='ocrx_word' id='word_1_48' title='bbox 1020 931 1216 986; x_wconf 91' lang='lat' dir='ltr'><strong>ponam</strong></span> <span class='ocrx_word' id='word_1_49' title='bbox 1246 920 1496 977; x_wconf 88' lang='lat' dir='ltr'><strong>tribunos</strong></span> <span class='ocrx_word' id='word_1_50' title='bbox 1519 921 1694 987; x_wconf 65' lang='lat' dir='ltr'><strong>Iudae,</strong></span> <span class='ocrx_word' id='word_1_51' title='bbox 1717 925 1861 979; x_wconf 82' lang='lat' dir='ltr'><strong>sicut</strong></span> <span class='ocrx_word' id='word_1_52' title='bbox 1878 935 1985 980; x_wconf 86' lang='lat' dir='ltr'><strong>tor-</strong></span> 
     </span>
    </p>
   </div>
   <div class='ocr_carea' id='block_1_8' title="bbox 409 1002 1985 1086">
    <p class='ocr_par' dir='ltr' id='par_1_8' title="bbox 409 1002 1985 1086">
     <span class='ocr_line' id='line_1_8' title="bbox 409 1002 1985 1086; baseline 0.013 -34"><span class='ocrx_word' id='word_1_53' title='bbox 409 1014 522 1054; x_wconf 86' lang='lat' dir='ltr'><strong>rem</strong></span> <span class='ocrx_word' id='word_1_54' title='bbox 543 1002 684 1072; x_wconf 81' lang='lat' dir='ltr'><strong>ignis</strong></span> <span class='ocrx_word' id='word_1_55' title='bbox 707 1004 759 1058; x_wconf 93' lang='lat' dir='ltr'><strong>in</strong></span> <span class='ocrx_word' id='word_1_56' title='bbox 799 1006 979 1077; x_wconf 79' lang='lat' dir='ltr'><strong>lignis,</strong></span> <span class='ocrx_word' id='word_1_57' title='bbox 1002 1017 1056 1063; x_wconf 89' lang='lat' dir='ltr'><strong>et</strong></span> <span class='ocrx_word' id='word_1_58' title='bbox 1082 1011 1225 1065; x_wconf 86' lang='lat' dir='ltr'><strong>sicut</strong></span> <span class='ocrx_word' id='word_1_59' title='bbox 1250 1011 1419 1067; x_wconf 76' lang='lat' dir='ltr'><strong>facem</strong></span> <span class='ocrx_word' id='word_1_60' title='bbox 1445 1015 1659 1084; x_wconf 82' lang='lat' dir='ltr'><strong>ignisin</strong></span> <span class='ocrx_word' id='word_1_61' title='bbox 1691 1019 1912 1086; x_wconf 81' lang='lat' dir='ltr'><strong>stipula,</strong></span> <span class='ocrx_word' id='word_1_62' title='bbox 1932 1028 1985 1074; x_wconf 93' lang='lat' dir='ltr'><strong>et</strong></span> 
     </span>
    </p>
   </div>
   <div class='ocr_carea' id='block_1_9' title="bbox 407 1091 1984 1180">
    <p class='ocr_par' dir='ltr' id='par_1_9' title="bbox 407 1091 1984 1180">
     <span class='ocr_line' id='line_1_9' title="bbox 407 1091 1984 1180; baseline 0.015 -36"><span class='ocrx_word' id='word_1_63' title='bbox 407 1091 751 1149; x_wconf 88' lang='lat' dir='ltr'><strong>devorabunt</strong></span> <span class='ocrx_word' id='word_1_64' title='bbox 779 1111 807 1150; x_wconf 91' lang='lat' dir='ltr'><strong>a</strong></span> <span class='ocrx_word' id='word_1_65' title='bbox 839 1098 1084 1157; x_wconf 83' lang='lat' dir='ltr'><strong>dexteris</strong></span> <span class='ocrx_word' id='word_1_66' title='bbox 1113 1110 1167 1157; x_wconf 87' lang='lat' dir='ltr'><strong>et</strong></span> <span class='ocrx_word' id='word_1_67' title='bbox 1192 1117 1220 1156; x_wconf 91' lang='lat' dir='ltr'><strong>a</strong></span> <span class='ocrx_word' id='word_1_68' title='bbox 1255 1104 1502 1162; x_wconf 84' lang='lat' dir='ltr'><strong>sinistris</strong></span> <span class='ocrx_word' id='word_1_69' title='bbox 1531 1122 1724 1164; x_wconf 91' lang='lat' dir='ltr'><strong>omnes</strong></span> <span class='ocrx_word' id='word_1_70' title='bbox 1755 1111 1984 1180; x_wconf 83' lang='lat' dir='ltr'><strong>pepulos</strong></span> 
     </span>
    </p>
   </div>
   <div class='ocr_carea' id='block_1_10' title="bbox 407 1185 1984 1269">
    <p class='ocr_par' dir='ltr' id='par_1_10' title="bbox 407 1185 1984 1269">
     <span class='ocr_line' id='line_1_10' title="bbox 407 1185 1984 1269; baseline 0.013 -34"><span class='ocrx_word' id='word_1_71' title='bbox 407 1197 507 1252; x_wconf 88' lang='lat' dir='ltr'><strong>per</strong></span> <span class='ocrx_word' id='word_1_72' title='bbox 533 1185 850 1242; x_wconf 90' lang='lat' dir='ltr'><strong>circuitum.</strong></span> <span class='ocrx_word' id='word_1_73' title='bbox 887 1210 904 1241; x_wconf 79' lang='grc' dir='ltr'><strong>ι</strong></span> <span class='ocrx_word' id='word_1_74' title='bbox 933 1190 1408 1256; x_wconf 81' lang='lat' dir='ltr'><strong>Quemadmodum</strong></span> <span class='ocrx_word' id='word_1_75' title='bbox 1434 1199 1610 1264; x_wconf 89' lang='lat' dir='ltr'><strong>enim,</strong></span> <span class='ocrx_word' id='word_1_76' title='bbox 1640 1201 1838 1269; x_wconf 88' lang='lat' dir='ltr'><strong>inquit,</strong></span> <span class='ocrx_word' id='word_1_77' title='bbox 1872 1210 1984 1256; x_wconf 83' lang='lat' dir='ltr'><strong>tor-</strong></span> 
     </span>
    </p>
   </div>
   <div class='ocr_carea' id='block_1_11' title="bbox 407 1273 1984 1356">
    <p class='ocr_par' dir='ltr' id='par_1_11' title="bbox 407 1273 1984 1356">
     <span class='ocr_line' id='line_1_11' title="bbox 407 1273 1984 1356; baseline 0.014 -31"><span class='ocrx_word' id='word_1_78' title='bbox 407 1273 487 1328; x_wconf 85' lang='lat' dir='ltr'><strong>ris</strong></span> <span class='ocrx_word' id='word_1_79' title='bbox 539 1275 686 1346; x_wconf 88' lang='lat' dir='ltr'><strong>ligna</strong></span> <span class='ocrx_word' id='word_1_80' title='bbox 734 1281 1014 1345; x_wconf 85' lang='lat' dir='ltr'><strong>accendit,</strong></span> <span class='ocrx_word' id='word_1_81' title='bbox 1045 1291 1099 1338; x_wconf 89' lang='lat' dir='ltr'><strong>et</strong></span> <span class='ocrx_word' id='word_1_82' title='bbox 1176 1285 1386 1356; x_wconf 78' lang='lat'><strong>1653</strong></span> <span class='ocrx_word' id='word_1_83' title='bbox 1443 1287 1660 1345; x_wconf 77' lang='lat' dir='ltr'><strong>ﬂamma</strong></span> <span class='ocrx_word' id='word_1_84' title='bbox 1707 1295 1984 1347; x_wconf 82' lang='lat' dir='ltr'><strong>consumit</strong></span> 
     </span>
    </p>
   </div>
   <div class='ocr_carea' id='block_1_12' title="bbox 405 1366 1982 1451">
    <p class='ocr_par' dir='ltr' id='par_1_12' title="bbox 405 1366 1982 1451">
     <span class='ocr_line' id='line_1_12' title="bbox 405 1366 1982 1451; baseline 0.015 -34"><span class='ocrx_word' id='word_1_85' title='bbox 405 1366 668 1435; x_wconf 75' lang='lat' dir='ltr'><strong>stipulam</strong></span> <span class='ocrx_word' id='word_1_86' title='bbox 705 1386 718 1419; x_wconf 87' lang='lat'><strong>:</strong></span> <span class='ocrx_word' id='word_1_87' title='bbox 755 1371 837 1426; x_wconf 92' lang='lat' dir='ltr'><strong>sic</strong></span> <span class='ocrx_word' id='word_1_88' title='bbox 872 1373 964 1426; x_wconf 85' lang='lat' dir='ltr'><strong>isti</strong></span> <span class='ocrx_word' id='word_1_89' title='bbox 996 1374 1186 1432; x_wconf 81' lang='lat' dir='ltr'><strong>hostes</strong></span> <span class='ocrx_word' id='word_1_90' title='bbox 1243 1379 1602 1451; x_wconf 89' lang='lat' dir='ltr'><strong>undiquaque</strong></span> <span class='ocrx_word' id='word_1_91' title='bbox 1657 1382 1982 1442; x_wconf 85' lang='lat' dir='ltr'><strong>invadentes</strong></span> 
     </span>
    </p>
   </div>
   <div class='ocr_carea' id='block_1_13' title="bbox 406 1457 1977 1543">
    <p class='ocr_par' dir='ltr' id='par_1_13' title="bbox 406 1457 1977 1543">
     <span class='ocr_line' id='line_1_13' title="bbox 406 1457 1977 1543; baseline 0.016 -35"><span class='ocrx_word' id='word_1_92' title='bbox 406 1457 656 1524; x_wconf 51' lang='lat' dir='ltr'><strong>perdant.</strong></span> <span class='ocrx_word' id='word_1_93' title='bbox 691 1479 709 1512; x_wconf 83' lang='grc' dir='ltr'><strong>ι</strong></span> <span class='ocrx_word' id='word_1_94' title='bbox 743 1461 804 1514; x_wconf 82' lang='lat' dir='ltr'><strong>Et</strong></span> <span class='ocrx_word' id='word_1_95' title='bbox 838 1464 1108 1521; x_wconf 86' lang='lat' dir='ltr'><strong>habitabit</strong></span> <span class='ocrx_word' id='word_1_96' title='bbox 1162 1467 1539 1543; x_wconf 81' lang='lat' dir='ltr'><strong>Hierosolyma</strong></span> <span class='ocrx_word' id='word_1_97' title='bbox 1595 1476 1774 1530; x_wconf 86' lang='lat' dir='ltr'><strong>adhuc</strong></span> <span class='ocrx_word' id='word_1_98' title='bbox 1811 1477 1863 1531; x_wconf 90' lang='lat' dir='ltr'><strong>in</strong></span> <span class='ocrx_word' id='word_1_99' title='bbox 1892 1493 1977 1532; x_wconf 88' lang='lat' dir='ltr'><strong>se-</strong></span> 
     </span>
    </p>
   </div>
   <div class='ocr_carea' id='block_1_14' title="bbox 407 1551 1981 1634">
    <p class='ocr_par' dir='ltr' id='par_1_14' title="bbox 407 1551 1981 1634">
     <span class='ocr_line' id='line_1_14' title="bbox 407 1551 1981 1634; baseline 0.016 -34"><span class='ocrx_word' id='word_1_100' title='bbox 407 1551 661 1621; x_wconf 69' lang='lat' dir='ltr'><strong>matipsa,</strong></span> <span class='ocrx_word' id='word_1_101' title='bbox 703 1572 719 1605; x_wconf 79' lang='grc' dir='ltr'><strong>ι</strong></span> <span class='ocrx_word' id='word_1_102' title='bbox 757 1555 862 1610; x_wconf 85' lang='lat' dir='ltr'><strong>hoc</strong></span> <span class='ocrx_word' id='word_1_103' title='bbox 904 1565 1025 1622; x_wconf 88' lang='lat' dir='ltr'><strong>est,</strong></span> <span class='ocrx_word' id='word_1_104' title='bbox 1061 1562 1296 1616; x_wconf 87' lang='lat' dir='ltr'><strong>seorsim</strong></span> <span class='ocrx_word' id='word_1_105' title='bbox 1339 1579 1367 1616; x_wconf 88' lang='lat' dir='ltr'><strong>a</strong></span> <span class='ocrx_word' id='word_1_106' title='bbox 1399 1567 1662 1634; x_wconf 81' lang='lat' dir='ltr'><strong>gentibus</strong></span> <span class='ocrx_word' id='word_1_107' title='bbox 1699 1569 1844 1622; x_wconf 73' lang='lat' dir='ltr'><strong>vivet</strong></span> <span class='ocrx_word' id='word_1_108' title='bbox 1893 1566 1981 1624; x_wconf 55' lang='lat' dir='ltr'><strong>sc?</strong></span> 
     </span>
    </p>
   </div>
   <div class='ocr_carea' id='block_1_15' title="bbox 405 1643 1979 1727">
    <p class='ocr_par' dir='ltr' id='par_1_15' title="bbox 405 1643 1979 1727">
     <span class='ocr_line' id='line_1_15' title="bbox 405 1643 1979 1727; baseline 0.015 -35"><span class='ocrx_word' id='word_1_109' title='bbox 405 1643 644 1697; x_wconf 88' lang='lat' dir='ltr'><strong>cundum</strong></span> <span class='ocrx_word' id='word_1_110' title='bbox 680 1645 877 1716; x_wconf 80' lang='lat' dir='ltr'><strong>legem.</strong></span> <span class='ocrx_word' id='word_1_111' title='bbox 916 1647 1030 1704; x_wconf 85' lang='lat' dir='ltr'><strong>Hoc</strong></span> <span class='ocrx_word' id='word_1_112' title='bbox 1065 1661 1248 1708; x_wconf 90' lang='lat' dir='ltr'><strong>autem</strong></span> <span class='ocrx_word' id='word_1_113' title='bbox 1269 1653 1412 1710; x_wconf 87' lang='lat' dir='ltr'><strong>dono</strong></span> <span class='ocrx_word' id='word_1_114' title='bbox 1442 1659 1613 1727; x_wconf 88' lang='lat' dir='ltr'><strong>potita</strong></span> <span class='ocrx_word' id='word_1_115' title='bbox 1647 1667 1752 1724; x_wconf 90' lang='lat' dir='ltr'><strong>est,</strong></span> <span class='ocrx_word' id='word_1_116' title='bbox 1803 1660 1979 1716; x_wconf 85' lang='lat' dir='ltr'><strong>donec</strong></span> 
     </span>
    </p>
   </div>
   <div class='ocr_carea' id='block_1_16' title="bbox 405 1734 1304 1801">
    <p class='ocr_par' dir='ltr' id='par_1_16' title="bbox 405 1734 1304 1801">
     <span class='ocr_line' id='line_1_16' title="bbox 405 1734 1304 1801; baseline 0.023 -21"><span class='ocrx_word' id='word_1_117' title='bbox 405 1741 597 1786; x_wconf 80' lang='lat' dir='ltr'><strong>contra</strong></span> <span class='ocrx_word' id='word_1_118' title='bbox 635 1734 977 1795; x_wconf 86' lang='lat' dir='ltr'><strong>Salvatorem</strong></span> <span class='ocrx_word' id='word_1_119' title='bbox 1021 1741 1304 1801; x_wconf 90' lang='lat' dir='ltr'><strong>insanivit.</strong></span> 
     </span>
    </p>
   </div>
   <div class='ocr_carea' id='block_1_17' title="bbox 476 1904 1976 1983">
    <p class='ocr_par' dir='ltr' id='par_1_17' title="bbox 476 1904 1976 1983">
     <span class='ocr_line' id='line_1_17' title="bbox 476 1904 1976 1983; baseline 0.018 -27"><span class='ocrx_word' id='word_1_120' title='bbox 476 1904 638 1963; x_wconf 73' lang='lat' dir='ltr'><strong>Vrsas.</strong></span> <span class='ocrx_word' id='word_1_121' title='bbox 683 1910 736 1964; x_wconf 88' lang='lat'><strong>7.</strong></span> <span class='ocrx_word' id='word_1_122' title='bbox 775 1929 794 1962; x_wconf 81' lang='grc' dir='ltr'><strong>ι</strong></span> <span class='ocrx_word' id='word_1_123' title='bbox 837 1913 904 1968; x_wconf 85' lang='lat' dir='ltr'><strong>Et</strong></span> <span class='ocrx_word' id='word_1_124' title='bbox 932 1917 1082 1971; x_wconf 87' lang='lat' dir='ltr'><strong>salva</strong></span> <span class='ocrx_word' id='word_1_125' title='bbox 1110 1917 1273 1976; x_wconf 80' lang='lat' dir='ltr'><strong>faciet</strong></span> <span class='ocrx_word' id='word_1_126' title='bbox 1300 1919 1585 1980; x_wconf 79' lang='lat' dir='ltr'><strong>Dominus</strong></span> <span class='ocrx_word' id='word_1_127' title='bbox 1618 1927 1976 1983; x_wconf 89' lang='lat' dir='ltr'><strong>tabernacula</strong></span> 
     </span>
    </p>
   </div>
   <div class='ocr_carea' id='block_1_18' title="bbox 398 1993 1976 2090">
    <p class='ocr_par' dir='ltr' id='par_1_18' title="bbox 398 1993 1976 2090">
     <span class='ocr_line' id='line_1_18' title="bbox 398 1993 1976 2090; baseline 0.018 -43"><span class='ocrx_word' id='word_1_128' title='bbox 398 1993 574 2063; x_wconf 78' lang='lat' dir='ltr'><strong>Judze,</strong></span> <span class='ocrx_word' id='word_1_129' title='bbox 607 1999 752 2054; x_wconf 88' lang='lat' dir='ltr'><strong>sicut</strong></span> <span class='ocrx_word' id='word_1_130' title='bbox 785 2017 814 2055; x_wconf 89' lang='lat' dir='ltr'><strong>a</strong></span> <span class='ocrx_word' id='word_1_131' title='bbox 846 2004 1142 2078; x_wconf 90' lang='lat' dir='ltr'><strong>principio,</strong></span> <span class='ocrx_word' id='word_1_132' title='bbox 1176 2018 1235 2064; x_wconf 92' lang='lat' dir='ltr'><strong>ut</strong></span> <span class='ocrx_word' id='word_1_133' title='bbox 1271 2027 1382 2066; x_wconf 92' lang='lat' dir='ltr'><strong>non</strong></span> <span class='ocrx_word' id='word_1_134' title='bbox 1419 2016 1811 2085; x_wconf 82' lang='lat' dir='ltr'><strong>magniﬁcetur</strong></span> <span class='ocrx_word' id='word_1_135' title='bbox 1861 2022 1976 2090; x_wconf 85' lang='lat' dir='ltr'><strong>glo-</strong></span> 
     </span>
    </p>
   </div>
   <div class='ocr_carea' id='block_1_19' title="bbox 401 2086 1978 2167">
    <p class='ocr_par' dir='ltr' id='par_1_19' title="bbox 401 2086 1978 2167">
     <span class='ocr_line' id='line_1_19' title="bbox 401 2086 1978 2167; baseline 0.019 -31"><span class='ocrx_word' id='word_1_136' title='bbox 401 2086 483 2138; x_wconf 85' lang='lat' dir='ltr'><strong>ria</strong></span> <span class='ocrx_word' id='word_1_137' title='bbox 509 2089 706 2145; x_wconf 89' lang='lat' dir='ltr'><strong>domus</strong></span> <span class='ocrx_word' id='word_1_138' title='bbox 730 2090 954 2150; x_wconf 86' lang='lat' dir='ltr'><strong>Davidis</strong></span> <span class='ocrx_word' id='word_1_139' title='bbox 981 2107 1037 2152; x_wconf 89' lang='lat' dir='ltr'><strong>et</strong></span> <span class='ocrx_word' id='word_1_140' title='bbox 1085 2099 1253 2155; x_wconf 88' lang='lat' dir='ltr'><strong>elatio</strong></span> <span class='ocrx_word' id='word_1_141' title='bbox 1294 2101 1670 2160; x_wconf 85' lang='lat' dir='ltr'><strong>habitatorum</strong></span> <span class='ocrx_word' id='word_1_142' title='bbox 1721 2086 1978 2167; x_wconf 82' lang='lat' dir='ltr'><strong>Hieroso-</strong></span> 
     </span>
    </p>
   </div>
   <div class='ocr_carea' id='block_1_20' title="bbox 399 2173 1978 2272">
    <p class='ocr_par' dir='ltr' id='par_1_20' title="bbox 399 2173 1978 2272">
     <span class='ocr_line' id='line_1_20' title="bbox 399 2173 1978 2272; baseline 0.02 -45"><span class='ocrx_word' id='word_1_143' title='bbox 399 2173 559 2243; x_wconf 79' lang='lat' dir='ltr'><strong>lymae</strong></span> <span class='ocrx_word' id='word_1_144' title='bbox 617 2193 784 2251; x_wconf 85' lang='lat' dir='ltr'><strong>super</strong></span> <span class='ocrx_word' id='word_1_145' title='bbox 838 2181 1056 2241; x_wconf 84' lang='lat' dir='ltr'><strong>Judam.</strong></span> <span class='ocrx_word' id='word_1_146' title='bbox 1097 2206 1116 2241; x_wconf 77' lang='grc' dir='ltr'><strong>ι</strong></span> <span class='ocrx_word' id='word_1_147' title='bbox 1158 2187 1546 2262; x_wconf 84' lang='lat' dir='ltr'><strong>Experimento</strong></span> <span class='ocrx_word' id='word_1_148' title='bbox 1594 2199 1738 2255; x_wconf 89' lang='lat' dir='ltr'><strong>enim</strong></span> <span class='ocrx_word' id='word_1_149' title='bbox 1776 2214 1978 2272; x_wconf 85' lang='lat' dir='ltr'><strong>cogno-</strong></span> 
     </span>
    </p>
   </div>
   <div class='ocr_carea' id='block_1_21' title="bbox 401 2272 1977 2362">
    <p class='ocr_par' dir='ltr' id='par_1_21' title="bbox 401 2272 1977 2362">
     <span class='ocr_line' id='line_1_21' title="bbox 401 2272 1977 2362; baseline 0.02 -44"><span class='ocrx_word' id='word_1_150' title='bbox 401 2276 577 2332; x_wconf 83' lang='lat' dir='ltr'><strong>scent,</strong></span> <span class='ocrx_word' id='word_1_151' title='bbox 615 2285 676 2326; x_wconf 91' lang='lat' dir='ltr'><strong>se</strong></span> <span class='ocrx_word' id='word_1_152' title='bbox 722 2272 844 2329; x_wconf 90' lang='lat' dir='ltr'><strong>sine</strong></span> <span class='ocrx_word' id='word_1_153' title='bbox 879 2274 974 2332; x_wconf 88' lang='lat' dir='ltr'><strong>Dei</strong></span> <span class='ocrx_word' id='word_1_154' title='bbox 1019 2289 1154 2335; x_wconf 91' lang='lat' dir='ltr'><strong>nutu</strong></span> <span class='ocrx_word' id='word_1_155' title='bbox 1214 2283 1355 2338; x_wconf 84' lang='lat' dir='ltr'><strong>nihil</strong></span> <span class='ocrx_word' id='word_1_156' title='bbox 1412 2289 1736 2356; x_wconf 61' lang='lat' dir='ltr'><strong>praeclarum</strong></span> <span class='ocrx_word' id='word_1_157' title='bbox 1785 2307 1977 2362; x_wconf 83' lang='lat' dir='ltr'><strong>gerere</strong></span> 
     </span>
    </p>
   </div>
   <div class='ocr_carea' id='block_1_22' title="bbox 400 2358 1975 2456">
    <p class='ocr_par' dir='ltr' id='par_1_22' title="bbox 400 2358 1975 2456">
     <span class='ocr_line' id='line_1_22' title="bbox 400 2358 1975 2456; baseline 0.019 -47"><span class='ocrx_word' id='word_1_158' title='bbox 400 2358 672 2425; x_wconf 90' lang='lat' dir='ltr'><strong>potuisse.</strong></span> <span class='ocrx_word' id='word_1_159' title='bbox 707 2362 864 2428; x_wconf 86' lang='lat' dir='ltr'><strong>Quod</strong></span> <span class='ocrx_word' id='word_1_160' title='bbox 897 2380 1022 2422; x_wconf 92' lang='lat' dir='ltr'><strong>cum</strong></span> <span class='ocrx_word' id='word_1_161' title='bbox 1052 2369 1448 2443; x_wconf 83' lang='lat' dir='ltr'><strong>intellexerint,</strong></span> <span class='ocrx_word' id='word_1_162' title='bbox 1493 2394 1671 2450; x_wconf 89' lang='lat' dir='ltr'><strong>neque</strong></span> <span class='ocrx_word' id='word_1_163' title='bbox 1716 2358 1975 2456; x_wconf 32' lang='lat' dir='ltr'><strong>exiregia</strong></span> 
     </span>
    </p>
   </div>
   <div class='ocr_carea' id='block_1_23' title="bbox 400 2453 1973 2546">
    <p class='ocr_par' dir='ltr' id='par_1_23' title="bbox 400 2453 1973 2546">
     <span class='ocr_line' id='line_1_23' title="bbox 400 2453 1973 2546; baseline 0.02 -45"><span class='ocrx_word' id='word_1_164' title='bbox 400 2453 643 2519; x_wconf 87' lang='lat' dir='ltr'><strong>potentia</strong></span> <span class='ocrx_word' id='word_1_165' title='bbox 677 2455 851 2512; x_wconf 89' lang='lat' dir='ltr'><strong>elatos</strong></span> <span class='ocrx_word' id='word_1_166' title='bbox 887 2461 1118 2530; x_wconf 86' lang='lat' dir='ltr'><strong>spiritus</strong></span> <span class='ocrx_word' id='word_1_167' title='bbox 1150 2466 1257 2522; x_wconf 86' lang='lat' dir='ltr'><strong>sibi</strong></span> <span class='ocrx_word' id='word_1_168' title='bbox 1295 2479 1537 2538; x_wconf 88' lang='lat' dir='ltr'><strong>sument,</strong></span> <span class='ocrx_word' id='word_1_169' title='bbox 1578 2489 1755 2546; x_wconf 90' lang='lat' dir='ltr'><strong>neque</strong></span> <span class='ocrx_word' id='word_1_170' title='bbox 1785 2453 1973 2533; x_wconf 73' lang='lat' dir='ltr'><strong>muro-</strong></span> 
     </span>
    </p>
   </div>
   <div class='ocr_carea' id='block_1_24' title="bbox 401 2552 1271 2618">
    <p class='ocr_par' dir='ltr' id='par_1_24' title="bbox 401 2552 1271 2618">
     <span class='ocr_line' id='line_1_24' title="bbox 401 2552 1271 2618; baseline 0.026 -24"><span class='ocrx_word' id='word_1_171' title='bbox 401 2556 522 2596; x_wconf 89' lang='lat' dir='ltr'><strong>rum</strong></span> <span class='ocrx_word' id='word_1_172' title='bbox 559 2552 938 2618; x_wconf 76' lang='lat' dir='ltr'><strong>magnitudine</strong></span> <span class='ocrx_word' id='word_1_173' title='bbox 974 2559 1271 2617; x_wconf 86' lang='lat' dir='ltr'><strong>conﬁdent.</strong></span> 
     </span>
    </p>
   </div>
   <div class='ocr_carea' id='block_1_25' title="bbox 476 2633 1975 2731">
    <p class='ocr_par' dir='ltr' id='par_1_25' title="bbox 476 2633 1975 2731">
     <span class='ocr_line' id='line_1_25' title="bbox 476 2633 1975 2731; baseline 0.023 -43"><span class='ocrx_word' id='word_1_174' title='bbox 476 2633 641 2731; x_wconf 43' lang='lat' dir='ltr'><strong>Fisus.</strong></span> <span class='ocrx_word' id='word_1_175' title='bbox 671 2641 722 2696; x_wconf 90' lang='lat'><strong>8.</strong></span> <span class='ocrx_word' id='word_1_176' title='bbox 760 2661 778 2694; x_wconf 80' lang='grc' dir='ltr'><strong>ι</strong></span> <span class='ocrx_word' id='word_1_177' title='bbox 821 2643 886 2700; x_wconf 86' lang='grc' dir='ltr'>Ει</span> <span class='ocrx_word' id='word_1_178' title='bbox 947 2650 1053 2704; x_wconf 90' lang='lat' dir='ltr'><strong>erit</strong></span> <span class='ocrx_word' id='word_1_179' title='bbox 1110 2653 1199 2708; x_wconf 90' lang='lat' dir='ltr'><strong>die</strong></span> <span class='ocrx_word' id='word_1_180' title='bbox 1238 2654 1354 2721; x_wconf 87' lang='lat' dir='ltr'><strong>illo,</strong></span> <span class='ocrx_word' id='word_1_181' title='bbox 1411 2667 1660 2731; x_wconf 78' lang='lat' dir='ltr'><strong>proteget</strong></span> <span class='ocrx_word' id='word_1_182' title='bbox 1708 2661 1975 2723; x_wconf 90' lang='lat' dir='ltr'><strong>Dominus</strong></span> 
     </span>
    </p>
   </div>
   <div class='ocr_carea' id='block_1_26' title="bbox 397 2725 1974 2819">
    <p class='ocr_par' dir='ltr' id='par_1_26' title="bbox 397 2725 1974 2819">
     <span class='ocr_line' id='line_1_26' title="bbox 397 2725 1974 2819; baseline 0.023 -43"><span class='ocrx_word' id='word_1_183' title='bbox 397 2725 740 2819; x_wconf 75' lang='lat' dir='ltr'><strong>habitatores</strong></span> <span class='ocrx_word' id='word_1_184' title='bbox 795 2736 1216 2816; x_wconf 76' lang='lat' dir='ltr'><strong>llierosolymae;</strong></span> <span class='ocrx_word' id='word_1_185' title='bbox 1253 2754 1310 2802; x_wconf 91' lang='lat' dir='ltr'><strong>et</strong></span> <span class='ocrx_word' id='word_1_186' title='bbox 1341 2725 1432 2819; x_wconf 79' lang='lat' dir='ltr'><strong>qui</strong></span> <span class='ocrx_word' id='word_1_187' title='bbox 1492 2725 1742 2810; x_wconf 67' lang='lat' dir='ltr'><strong>inﬁrmus</strong></span> <span class='ocrx_word' id='word_1_188' title='bbox 1789 2755 1844 2810; x_wconf 90' lang='lat' dir='ltr'><strong>in</strong></span> <span class='ocrx_word' id='word_1_189' title='bbox 1894 2759 1974 2814; x_wconf 90' lang='lat' dir='ltr'><strong>eis</strong></span> 
     </span>
    </p>
   </div>
   <div class='ocr_carea' id='block_1_27' title="bbox 397 2814 1974 2910">
    <p class='ocr_par' dir='ltr' id='par_1_27' title="bbox 397 2814 1974 2910">
     <span class='ocr_line' id='line_1_27' title="bbox 397 2814 1974 2910; baseline 0.023 -42"><span class='ocrx_word' id='word_1_190' title='bbox 397 2814 565 2872; x_wconf 81' lang='lat' dir='ltr'><strong>fuerit</strong></span> <span class='ocrx_word' id='word_1_191' title='bbox 613 2821 848 2892; x_wconf 89' lang='lat' dir='ltr'><strong>dieillo,</strong></span> <span class='ocrx_word' id='word_1_192' title='bbox 881 2832 984 2885; x_wconf 88' lang='lat' dir='ltr'><strong>erit</strong></span> <span class='ocrx_word' id='word_1_193' title='bbox 1015 2814 1172 2903; x_wconf 84' lang='lat' dir='ltr'><strong>quasi</strong></span> <span class='ocrx_word' id='word_1_194' title='bbox 1209 2814 1407 2894; x_wconf 81' lang='lat' dir='ltr'><strong>domus</strong></span> <span class='ocrx_word' id='word_1_195' title='bbox 1465 2839 1728 2910; x_wconf 82' lang='lat' dir='ltr'><strong>David‘is;</strong></span> <span class='ocrx_word' id='word_1_196' title='bbox 1773 2857 1826 2902; x_wconf 89' lang='lat' dir='ltr'><strong>et</strong></span> <span class='ocrx_word' id='word_1_197' title='bbox 1874 2849 1974 2904; x_wconf 75' lang='lat' dir='ltr'><strong>do-</strong></span> 
     </span>
    </p>
   </div>
   <div class='ocr_carea' id='block_1_28' title="bbox 394 2912 1974 3010">
    <p class='ocr_par' dir='ltr' id='par_1_28' title="bbox 394 2912 1974 3010">
     <span class='ocr_line' id='line_1_28' title="bbox 394 2912 1974 3010; baseline 0.022 -48"><span class='ocrx_word' id='word_1_198' title='bbox 394 2912 804 3010; x_wconf 36' lang='lat' dir='ltr'><strong>nius‘Davidis</strong></span> <span class='ocrx_word' id='word_1_199' title='bbox 865 2927 1020 2993; x_wconf 91' lang='lat' dir='ltr'><strong>quasi</strong></span> <span class='ocrx_word' id='word_1_200' title='bbox 1068 2927 1265 2986; x_wconf 91' lang='lat' dir='ltr'><strong>domus</strong></span> <span class='ocrx_word' id='word_1_201' title='bbox 1324 2930 1460 3001; x_wconf 89' lang='lat' dir='ltr'><strong>Dei,</strong></span> <span class='ocrx_word' id='word_1_202' title='bbox 1521 2937 1683 3005; x_wconf 87' lang='lat' dir='ltr'><strong>quasi</strong></span> <span class='ocrx_word' id='word_1_203' title='bbox 1745 2941 1974 3010; x_wconf 79' lang='lat' dir='ltr'><strong>angelus</strong></span> 
     </span>
    </p>
   </div>
   <div class='ocr_carea' id='block_1_29' title="bbox 397 3002 1975 3100">
    <p class='ocr_par' dir='ltr' id='par_1_29' title="bbox 397 3002 1975 3100">
     <span class='ocr_line' id='line_1_29' title="bbox 397 3002 1975 3100; baseline 0.02 -44"><span class='ocrx_word' id='word_1_204' title='bbox 397 3002 614 3062; x_wconf 88' lang='lat' dir='ltr'><strong>Domini</strong></span> <span class='ocrx_word' id='word_1_205' title='bbox 671 3010 725 3064; x_wconf 90' lang='lat' dir='ltr'><strong>in</strong></span> <span class='ocrx_word' id='word_1_206' title='bbox 771 3025 1070 3086; x_wconf 85' lang='lat' dir='ltr'><strong>conspectu</strong></span> <span class='ocrx_word' id='word_1_207' title='bbox 1112 3035 1326 3077; x_wconf 89' lang='lat' dir='ltr'><strong>eorum.</strong></span> <span class='ocrx_word' id='word_1_208' title='bbox 1362 3042 1381 3075; x_wconf 78' lang='grc' dir='ltr'><strong>ι</strong></span> <span class='ocrx_word' id='word_1_209' title='bbox 1420 3002 1555 3094; x_wconf 82' lang='lat' dir='ltr'><strong>Spes</strong></span> <span class='ocrx_word' id='word_1_210' title='bbox 1606 3002 1975 3100; x_wconf 47' lang='lat' dir='ltr'><strong>quoque&#39;illo-</strong></span> 
     </span>
    </p>
   </div>
   <div class='ocr_carea' id='block_1_30' title="bbox 2095 653 3676 732">
    <p class='ocr_par' dir='ltr' id='par_1_30' title="bbox 2095 653 3676 732">
     <span class='ocr_line' id='line_1_30' title="bbox 2095 653 3676 732; baseline 0.003 -21"><span class='ocrx_word' id='word_1_211' title='bbox 2095 653 2232 711; x_wconf 75' lang='grc' dir='ltr'>ὥστε</span> <span class='ocrx_word' id='word_1_212' title='bbox 2267 655 2651 727; x_wconf 73' lang='grc' dir='ltr'>θαρρήσαντας</span> <span class='ocrx_word' id='word_1_213' title='bbox 2696 655 2808 710; x_wconf 86' lang='grc' dir='ltr'>τῶν</span> <span class='ocrx_word' id='word_1_214' title='bbox 2853 657 3125 713; x_wconf 74' lang='grc' dir='ltr'><strong>Ἰουδαίων</strong></span> <span class='ocrx_word' id='word_1_215' title='bbox 3167 660 3294 723; x_wconf 72' lang='grc' dir='ltr'>τοὺς</span> <span class='ocrx_word' id='word_1_216' title='bbox 3341 667 3676 732; x_wconf 78' lang='grc' dir='ltr'>στρατηγοὺς</span> 
     </span>
    </p>
   </div>
   <div class='ocr_carea' id='block_1_31' title="bbox 2091 746 3668 823">
    <p class='ocr_par' dir='ltr' id='par_1_31' title="bbox 2091 746 3668 823">
     <span class='ocr_line' id='line_1_31' title="bbox 2091 746 3668 823; baseline 0.006 -26"><span class='ocrx_word' id='word_1_217' title='bbox 2091 746 2228 814; x_wconf 83' lang='grc' dir='ltr'>πρὸς</span> <span class='ocrx_word' id='word_1_218' title='bbox 2284 746 2548 816; x_wconf 79' lang='grc' dir='ltr'><strong>ἀλλήλους</strong></span> <span class='ocrx_word' id='word_1_219' title='bbox 2597 748 2802 812; x_wconf 89' lang='grc' dir='ltr'>εἰπεῖν,</span> <span class='ocrx_word' id='word_1_220' title='bbox 2845 747 2926 799; x_wconf 83' lang='grc' dir='ltr'>ὅτι</span> <span class='ocrx_word' id='word_1_221' title='bbox 2985 747 3208 819; x_wconf 85' lang='grc' dir='ltr'>Πλήρης</span> <span class='ocrx_word' id='word_1_222' title='bbox 3237 752 3270 820; x_wconf 85' lang='grc' dir='ltr'>ή</span> <span class='ocrx_word' id='word_1_223' title='bbox 3308 750 3668 823; x_wconf 85' lang='grc' dir='ltr'>Ἰερουσαλὴμ</span> 
     </span>
    </p>
   </div>
   <div class='ocr_carea' id='block_1_32' title="bbox 2087 836 3523 911">
    <p class='ocr_par' dir='ltr' id='par_1_32' title="bbox 2087 836 3523 911">
     <span class='ocr_line' id='line_1_32' title="bbox 2087 836 3523 911; baseline 0.005 -23"><span class='ocrx_word' id='word_1_224' title='bbox 2087 836 2176 889; x_wconf 70' lang='grc' dir='ltr'><strong>διὰ</strong></span> <span class='ocrx_word' id='word_1_225' title='bbox 2216 837 2313 908; x_wconf 79' lang='grc' dir='ltr'><strong>τὴν</strong></span> <span class='ocrx_word' id='word_1_226' title='bbox 2339 837 2433 890; x_wconf 83' lang='grc' dir='ltr'>τοῦ</span> <span class='ocrx_word' id='word_1_227' title='bbox 2466 836 2602 890; x_wconf 75' lang='grc' dir='ltr'>Θεοῦ</span> <span class='ocrx_word' id='word_1_228' title='bbox 2635 837 2808 908; x_wconf 74' lang='grc' dir='ltr'>ῥοπὴν</span> <span class='ocrx_word' id='word_1_229' title='bbox 2836 839 3137 909; x_wconf 80' lang='grc' dir='ltr'>οἰκητόρων</span> <span class='ocrx_word' id='word_1_230' title='bbox 3185 843 3523 911; x_wconf 74' lang='grc' dir='ltr'>γενήσεται.’</span> 
     </span>
    </p>
   </div>
   <div class='ocr_carea' id='block_1_33' title="bbox 2162 928 3677 1004">
    <p class='ocr_par' dir='ltr' id='par_1_33' title="bbox 2162 928 3677 1004">
     <span class='ocr_line' id='line_1_33' title="bbox 2162 928 3677 1004; baseline 0.02 -27"><span class='ocrx_word' id='word_1_231' title='bbox 2162 928 2238 994; x_wconf 77' lang='grc' dir='ltr'>ς’.</span> <span class='ocrx_word' id='word_1_232' title='bbox 2301 949 2318 981; x_wconf 81' lang='grc' dir='ltr'><strong>ι</strong></span> <span class='ocrx_word' id='word_1_233' title='bbox 2362 930 2452 984; x_wconf 86' lang='grc' dir='ltr'>Ἐν</span> <span class='ocrx_word' id='word_1_234' title='bbox 2491 933 2556 1000; x_wconf 83' lang='grc' dir='ltr'>τῇ</span> <span class='ocrx_word' id='word_1_235' title='bbox 2593 930 2776 1000; x_wconf 82' lang='grc' dir='ltr'>ἡμέρᾳ</span> <span class='ocrx_word' id='word_1_236' title='bbox 2808 931 2992 1002; x_wconf 82' lang='grc' dir='ltr'>ἐκείνῃ</span> <span class='ocrx_word' id='word_1_237' title='bbox 3031 931 3271 1001; x_wconf 78' lang='grc' dir='ltr'>θήσομαι</span> <span class='ocrx_word' id='word_1_238' title='bbox 3301 934 3426 996; x_wconf 79' lang='grc' dir='ltr'>τοὺς</span> <span class='ocrx_word' id='word_1_239' title='bbox 3465 934 3677 1004; x_wconf 79' lang='grc' dir='ltr'>χιλιάρ-</span> 
     </span>
    </p>
   </div>
   <div class='ocr_carea' id='block_1_34' title="bbox 2095 1019 3675 1094">
    <p class='ocr_par' dir='ltr' id='par_1_34' title="bbox 2095 1019 3675 1094">
     <span class='ocr_line' id='line_1_34' title="bbox 2095 1019 3675 1094; baseline 0.003 -23"><span class='ocrx_word' id='word_1_240' title='bbox 2095 1035 2226 1088; x_wconf 86' lang='grc' dir='ltr'>χους</span> <span class='ocrx_word' id='word_1_241' title='bbox 2267 1020 2457 1082; x_wconf 80' lang='grc' dir='ltr'><strong>Ἰούδα,</strong></span> <span class='ocrx_word' id='word_1_242' title='bbox 2485 1019 2560 1082; x_wconf 83' lang='grc' dir='ltr'>ὡς</span> <span class='ocrx_word' id='word_1_243' title='bbox 2587 1019 2745 1072; x_wconf 82' lang='grc' dir='ltr'>δαλὸν</span> <span class='ocrx_word' id='word_1_244' title='bbox 2775 1021 2948 1090; x_wconf 68' lang='grc' dir='ltr'>πυρὸς</span> <span class='ocrx_word' id='word_1_245' title='bbox 2981 1021 3035 1072; x_wconf 81' lang='grc' dir='ltr'><strong>ἐν</strong></span> <span class='ocrx_word' id='word_1_246' title='bbox 3062 1019 3258 1086; x_wconf 80' lang='grc' dir='ltr'>ξύλοις,</span> <span class='ocrx_word' id='word_1_247' title='bbox 3289 1025 3383 1076; x_wconf 73' lang='grc' dir='ltr'>καὶ</span> <span class='ocrx_word' id='word_1_248' title='bbox 3421 1023 3495 1087; x_wconf 84' lang='grc' dir='ltr'>ὡς</span> <span class='ocrx_word' id='word_1_249' title='bbox 3533 1023 3675 1094; x_wconf 86' lang='grc' dir='ltr'>λαμ-</span> 
     </span>
    </p>
   </div>
   <div class='ocr_carea' id='block_1_35' title="bbox 2087 1109 3673 1184">
    <p class='ocr_par' dir='ltr' id='par_1_35' title="bbox 2087 1109 3673 1184">
     <span class='ocr_line' id='line_1_35' title="bbox 2087 1109 3673 1184; baseline 0.004 -23"><span class='ocrx_word' id='word_1_250' title='bbox 2087 1109 2234 1163; x_wconf 85' lang='grc' dir='ltr'>πάδα</span> <span class='ocrx_word' id='word_1_251' title='bbox 2259 1111 2431 1181; x_wconf 82' lang='grc' dir='ltr'>πυρὸς</span> <span class='ocrx_word' id='word_1_252' title='bbox 2457 1113 2515 1165; x_wconf 84' lang='grc' dir='ltr'><strong>ἐν</strong></span> <span class='ocrx_word' id='word_1_253' title='bbox 2545 1111 2790 1184; x_wconf 82' lang='grc' dir='ltr'><strong>καλάμῃ,</strong></span> <span class='ocrx_word' id='word_1_254' title='bbox 2825 1113 2916 1165; x_wconf 76' lang='grc' dir='ltr'>καὶ</span> <span class='ocrx_word' id='word_1_255' title='bbox 2943 1113 3362 1181; x_wconf 74' lang='grc' dir='ltr'>καταφάγονται</span> <span class='ocrx_word' id='word_1_256' title='bbox 3394 1116 3458 1168; x_wconf 88' lang='grc' dir='ltr'><strong>ἐκ</strong></span> <span class='ocrx_word' id='word_1_257' title='bbox 3485 1115 3673 1180; x_wconf 82' lang='grc' dir='ltr'>δεξιῶν</span> 
     </span>
    </p>
   </div>
   <div class='ocr_carea' id='block_1_36' title="bbox 2085 1201 3666 1272">
    <p class='ocr_par' dir='ltr' id='par_1_36' title="bbox 2085 1201 3666 1272">
     <span class='ocr_line' id='line_1_36' title="bbox 2085 1201 3666 1272; baseline 0.002 -17"><span class='ocrx_word' id='word_1_258' title='bbox 2085 1201 2179 1257; x_wconf 72' lang='grc' dir='ltr'>καὶ</span> <span class='ocrx_word' id='word_1_259' title='bbox 2221 1203 2281 1267; x_wconf 84' lang='grc' dir='ltr'><strong>ἐξ</strong></span> <span class='ocrx_word' id='word_1_260' title='bbox 2326 1203 2622 1272; x_wconf 81' lang='grc' dir='ltr'><strong>εὐωνύμων</strong></span> <span class='ocrx_word' id='word_1_261' title='bbox 2679 1203 2888 1266; x_wconf 81' lang='grc' dir='ltr'>πάντας</span> <span class='ocrx_word' id='word_1_262' title='bbox 2945 1205 3071 1266; x_wconf 78' lang='grc' dir='ltr'>τοὺς</span> <span class='ocrx_word' id='word_1_263' title='bbox 3125 1204 3289 1268; x_wconf 83' lang='grc' dir='ltr'>λαοὺς</span> <span class='ocrx_word' id='word_1_264' title='bbox 3337 1206 3619 1260; x_wconf 78' lang='grc' dir='ltr'>κυκλόθεν.</span> <span class='ocrx_word' id='word_1_265' title='bbox 3649 1228 3666 1258; x_wconf 76' lang='grc' dir='ltr'><strong>ι</strong></span> 
     </span>
    </p>
   </div>
   <div class='ocr_carea' id='block_1_37' title="bbox 2083 1294 3673 1366">
    <p class='ocr_par' dir='ltr' id='par_1_37' title="bbox 2083 1294 3673 1366">
     <span class='ocr_line' id='line_1_37' title="bbox 2083 1294 3673 1366; baseline 0.002 -17"><span class='ocrx_word' id='word_1_266' title='bbox 2083 1294 2353 1365; x_wconf 81' lang='grc' dir='ltr'>Καθάπερ</span> <span class='ocrx_word' id='word_1_267' title='bbox 2376 1295 2504 1366; x_wconf 76' lang='grc' dir='ltr'>γὰρ,</span> <span class='ocrx_word' id='word_1_268' title='bbox 2535 1295 2689 1364; x_wconf 75' lang='grc' dir='ltr'>φησὶ,</span> <span class='ocrx_word' id='word_1_269' title='bbox 2733 1297 2827 1348; x_wconf 70' lang='grc' dir='ltr'><strong>καὶ</strong></span> <span class='ocrx_word' id='word_1_270' title='bbox 2847 1294 3006 1357; x_wconf 82' lang='grc' dir='ltr'>δαλὸς</span> <span class='ocrx_word' id='word_1_271' title='bbox 3051 1295 3270 1362; x_wconf 77' lang='grc' dir='ltr'>ἐξάπτει</span> <span class='ocrx_word' id='word_1_272' title='bbox 3303 1297 3371 1350; x_wconf 85' lang='grc' dir='ltr'><strong>τά</strong></span> <span class='ocrx_word' id='word_1_273' title='bbox 3397 1297 3548 1364; x_wconf 81' lang='grc' dir='ltr'>ξύλα,</span> <span class='ocrx_word' id='word_1_274' title='bbox 3578 1299 3673 1352; x_wconf 74' lang='grc' dir='ltr'>καὶ</span> 
     </span>
    </p>
   </div>
   <div class='ocr_carea' id='block_1_38' title="bbox 2084 1381 3672 1456">
    <p class='ocr_par' dir='ltr' id='par_1_38' title="bbox 2084 1381 3672 1456">
     <span class='ocr_line' id='line_1_38' title="bbox 2084 1381 3672 1456; baseline 0.004 -19"><span class='ocrx_word' id='word_1_275' title='bbox 2084 1386 2215 1454; x_wconf 82' lang='grc' dir='ltr'>φλὸξ</span> <span class='ocrx_word' id='word_1_276' title='bbox 2247 1386 2528 1440; x_wconf 82' lang='grc' dir='ltr'>ἀναλίσκει</span> <span class='ocrx_word' id='word_1_277' title='bbox 2561 1385 2809 1456; x_wconf 82' lang='grc' dir='ltr'>καλάμην</span> <span class='ocrx_word' id='word_1_278' title='bbox 2831 1402 2843 1414; x_wconf 81' lang='grc'><strong><em>-</em></strong></span> <span class='ocrx_word' id='word_1_279' title='bbox 2876 1385 3059 1450; x_wconf 71' lang='grc' dir='ltr'>οὕτως</span> <span class='ocrx_word' id='word_1_280' title='bbox 3090 1381 3235 1440; x_wconf 76' lang='grc' dir='ltr'>οὗτοι</span> <span class='ocrx_word' id='word_1_281' title='bbox 3256 1389 3381 1450; x_wconf 79' lang='grc' dir='ltr'>τοὺς</span> <span class='ocrx_word' id='word_1_282' title='bbox 3407 1389 3672 1443; x_wconf 81' lang='grc' dir='ltr'>πάντοθεν</span> 
     </span>
    </p>
   </div>
   <div class='ocr_carea' id='block_1_39' title="bbox 2081 1475 3670 1547">
    <p class='ocr_par' dir='ltr' id='par_1_39' title="bbox 2081 1475 3670 1547">
     <span class='ocr_line' id='line_1_39' title="bbox 2081 1475 3670 1547; baseline 0.003 -18"><span class='ocrx_word' id='word_1_283' title='bbox 2081 1477 2265 1540; x_wconf 81' lang='grc' dir='ltr'>αὐτοῖς</span> <span class='ocrx_word' id='word_1_284' title='bbox 2320 1476 2575 1540; x_wconf 77' lang='grc' dir='ltr'>ἐπιόντας</span> <span class='ocrx_word' id='word_1_285' title='bbox 2641 1475 3086 1530; x_wconf 83' lang='grc' dir='ltr'>καταναλώσουσι</span> <span class='ocrx_word' id='word_1_286' title='bbox 3151 1478 3462 1547; x_wconf 85' lang='grc' dir='ltr'>πολεμίους.</span> <span class='ocrx_word' id='word_1_287' title='bbox 3518 1481 3670 1533; x_wconf 76' lang='grc' dir='ltr'>«Καὶ</span> 
     </span>
    </p>
   </div>
   <div class='ocr_carea' id='block_1_40' title="bbox 2081 1568 3670 1642">
    <p class='ocr_par' dir='ltr' id='par_1_40' title="bbox 2081 1568 3670 1642">
     <span class='ocr_line' id='line_1_40' title="bbox 2081 1568 3670 1642; baseline 0 -20"><span class='ocrx_word' id='word_1_288' title='bbox 2081 1571 2395 1640; x_wconf 77' lang='grc' dir='ltr'>κατοικήσει</span> <span class='ocrx_word' id='word_1_289' title='bbox 2455 1568 2808 1642; x_wconf 80' lang='grc' dir='ltr'>Ἰερουσαλὴμ</span> <span class='ocrx_word' id='word_1_290' title='bbox 2850 1569 2929 1623; x_wconf 71' lang='grc' dir='ltr'>ἔτι</span> <span class='ocrx_word' id='word_1_291' title='bbox 2977 1569 3100 1623; x_wconf 85' lang='grc' dir='ltr'>καθ’</span> <span class='ocrx_word' id='word_1_292' title='bbox 3157 1570 3362 1640; x_wconf 87' lang='grc' dir='ltr'>ἐαυτήν</span> <span class='ocrx_word' id='word_1_293' title='bbox 3387 1569 3456 1601; x_wconf 75' lang='grc' dir='ltr'><strong>’⁸ο</strong></span> <span class='ocrx_word' id='word_1_294' title='bbox 3495 1589 3513 1620; x_wconf 85' lang='grc'><strong>)</strong></span> <span class='ocrx_word' id='word_1_295' title='bbox 3547 1571 3670 1623; x_wconf 75' lang='grc' dir='ltr'>ἀντὶ</span> 
     </span>
    </p>
   </div>
   <div class='ocr_carea' id='block_1_41' title="bbox 2079 1659 3765 1732">
    <p class='ocr_par' dir='ltr' id='par_1_41' title="bbox 2079 1659 3765 1732">
     <span class='ocr_line' id='line_1_41' title="bbox 2079 1659 3765 1732; baseline 0.001 -19"><span class='ocrx_word' id='word_1_296' title='bbox 2079 1659 2195 1724; x_wconf 83' lang='grc' dir='ltr'>τοῦ,</span> <span class='ocrx_word' id='word_1_297' title='bbox 2228 1661 2369 1714; x_wconf 79' lang='grc' dir='ltr'>κατὰ</span> <span class='ocrx_word' id='word_1_298' title='bbox 2407 1661 2568 1731; x_wconf 88' lang='grc' dir='ltr'>νόμον</span> <span class='ocrx_word' id='word_1_299' title='bbox 2611 1661 3025 1732; x_wconf 80' lang='grc' dir='ltr'>πολιτευομένη,</span> <span class='ocrx_word' id='word_1_300' title='bbox 3067 1660 3302 1714; x_wconf 77' lang='grc' dir='ltr'>καὶτῶν</span> <span class='ocrx_word' id='word_1_301' title='bbox 3356 1661 3525 1713; x_wconf 83' lang='grc' dir='ltr'>ἐθνῶν</span> <span class='ocrx_word' id='word_1_302' title='bbox 3576 1679 3669 1714; x_wconf 85' lang='grc' dir='ltr'>κε-</span> <span class='ocrx_word' id='word_1_303' title='bbox 3761 1693 3765 1697; x_wconf 62' lang='grc' dir='ltr'><strong>ι</strong></span> 
     </span>
    </p>
   </div>
   <div class='ocr_carea' id='block_1_42' title="bbox 2085 1751 3671 1824">
    <p class='ocr_par' dir='ltr' id='par_1_42' title="bbox 2085 1751 3671 1824">
     <span class='ocr_line' id='line_1_42' title="bbox 2085 1751 3671 1824; baseline 0.001 -20"><span class='ocrx_word' id='word_1_304' title='bbox 2085 1753 2423 1823; x_wconf 87' lang='grc' dir='ltr'>χωρισμένη.</span> <span class='ocrx_word' id='word_1_305' title='bbox 2479 1753 2683 1806; x_wconf 82' lang='grc' dir='ltr'>Τούτου</span> <span class='ocrx_word' id='word_1_306' title='bbox 2735 1753 2793 1806; x_wconf 84' lang='grc' dir='ltr'><strong>δέ</strong></span> <span class='ocrx_word' id='word_1_307' title='bbox 2852 1753 3191 1824; x_wconf 77' lang='grc' dir='ltr'>ἀπήλαυσεν,</span> <span class='ocrx_word' id='word_1_308' title='bbox 3255 1751 3359 1815; x_wconf 82' lang='grc' dir='ltr'><strong>ἐως</strong></span> <span class='ocrx_word' id='word_1_309' title='bbox 3407 1751 3548 1805; x_wconf 83' lang='grc' dir='ltr'>κατὰ</span> <span class='ocrx_word' id='word_1_310' title='bbox 3575 1752 3671 1806; x_wconf 78' lang='grc' dir='ltr'><strong>τοῦ</strong></span> 
     </span>
    </p>
   </div>
   <div class='ocr_carea' id='block_1_43' title="bbox 2011 1812 2643 1913">
    <p class='ocr_par' dir='ltr' id='par_1_43' title="bbox 2011 1812 2643 1913">
     <span class='ocr_line' id='line_1_43' title="bbox 2011 1812 2643 1913; baseline 0.005 -19"><span class='ocrx_word' id='word_1_311' title='bbox 2011 1812 2052 1866; x_wconf 73' lang='grc' dir='ltr'><strong>Β</strong></span> <span class='ocrx_word' id='word_1_312' title='bbox 2083 1844 2336 1913; x_wconf 78' lang='grc' dir='ltr'><strong>Σωτῆρος</strong></span> <span class='ocrx_word' id='word_1_313' title='bbox 2361 1842 2643 1912; x_wconf 85' lang='grc' dir='ltr'>ἐλύττησε.</span> 
     </span>
    </p>
   </div>
   <div class='ocr_carea' id='block_1_44' title="bbox 2153 1932 3671 2006">
    <p class='ocr_par' dir='ltr' id='par_1_44' title="bbox 2153 1932 3671 2006">
     <span class='ocr_line' id='line_1_44' title="bbox 2153 1932 3671 2006; baseline 0.002 -21"><span class='ocrx_word' id='word_1_314' title='bbox 2153 1933 2216 1997; x_wconf 82' lang='grc' dir='ltr'><strong>ζ’.</strong></span> <span class='ocrx_word' id='word_1_315' title='bbox 2260 1954 2276 1984; x_wconf 79' lang='grc' dir='ltr'><strong>ι</strong></span> <span class='ocrx_word' id='word_1_316' title='bbox 2306 1934 2416 1987; x_wconf 81' lang='grc' dir='ltr'><strong>Καὶ</strong></span> <span class='ocrx_word' id='word_1_317' title='bbox 2469 1933 2631 1986; x_wconf 83' lang='grc' dir='ltr'>σώσει</span> <span class='ocrx_word' id='word_1_318' title='bbox 2685 1933 2947 2005; x_wconf 62' lang='grc' dir='ltr'>Κύριοςθδ</span> <span class='ocrx_word' id='word_1_319' title='bbox 2987 1933 3055 1986; x_wconf 87' lang='grc' dir='ltr'>τὰ</span> <span class='ocrx_word' id='word_1_320' title='bbox 3119 1932 3452 2006; x_wconf 79' lang='grc' dir='ltr'>σκηνώματα</span> <span class='ocrx_word' id='word_1_321' title='bbox 3500 1933 3671 1988; x_wconf 81' lang='grc' dir='ltr'>Ἰούδα.</span> 
     </span>
    </p>
   </div>
   <div class='ocr_carea' id='block_1_45' title="bbox 2079 2023 3670 2096">
    <p class='ocr_par' dir='ltr' id='par_1_45' title="bbox 2079 2023 3670 2096">
     <span class='ocr_line' id='line_1_45' title="bbox 2079 2023 3670 2096; baseline 0.001 -20"><span class='ocrx_word' id='word_1_322' title='bbox 2079 2023 2260 2086; x_wconf 85' lang='grc' dir='ltr'>καθὼς</span> <span class='ocrx_word' id='word_1_323' title='bbox 2291 2026 2383 2078; x_wconf 86' lang='grc' dir='ltr'><strong>ἀπ’</strong></span> <span class='ocrx_word' id='word_1_324' title='bbox 2421 2026 2616 2096; x_wconf 83' lang='grc' dir='ltr'>ἀρχῆς,</span> <span class='ocrx_word' id='word_1_325' title='bbox 2657 2025 2804 2088; x_wconf 82' lang='grc' dir='ltr'>ὅπως</span> <span class='ocrx_word' id='word_1_326' title='bbox 2869 2025 2942 2096; x_wconf 80' lang='grc' dir='ltr'>μὴ</span> <span class='ocrx_word' id='word_1_327' title='bbox 2999 2025 3365 2095; x_wconf 85' lang='grc' dir='ltr'>μεγαλύνηται</span> <span class='ocrx_word' id='word_1_328' title='bbox 3409 2024 3670 2095; x_wconf 86' lang='grc' dir='ltr'>καύχημα</span> 
     </span>
    </p>
   </div>
   <div class='ocr_carea' id='block_1_46' title="bbox 2077 2115 3664 2186">
    <p class='ocr_par' dir='ltr' id='par_1_46' title="bbox 2077 2115 3664 2186">
     <span class='ocr_line' id='line_1_46' title="bbox 2077 2115 3664 2186; baseline 0.001 -19"><span class='ocrx_word' id='word_1_329' title='bbox 2077 2115 2227 2169; x_wconf 80' lang='grc' dir='ltr'>οἴκου</span> <span class='ocrx_word' id='word_1_330' title='bbox 2263 2115 2444 2179; x_wconf 66' lang='grc' dir='ltr'>Δαϐίδ,</span> <span class='ocrx_word' id='word_1_331' title='bbox 2481 2118 2574 2169; x_wconf 71' lang='grc' dir='ltr'><strong>καὶ</strong></span> <span class='ocrx_word' id='word_1_332' title='bbox 2611 2116 2842 2186; x_wconf 79' lang='grc' dir='ltr'>ἔπαρσις</span> <span class='ocrx_word' id='word_1_333' title='bbox 2876 2116 2982 2169; x_wconf 87' lang='grc' dir='ltr'><strong>τῶν</strong></span> <span class='ocrx_word' id='word_1_334' title='bbox 3014 2115 3414 2168; x_wconf 79' lang='grc' dir='ltr'>κατοικούντων</span> <span class='ocrx_word' id='word_1_335' title='bbox 3460 2117 3664 2186; x_wconf 79' lang='grc' dir='ltr'>Ἰερου-</span> 
     </span>
    </p>
   </div>
   <div class='ocr_carea' id='block_1_47' title="bbox 2080 2205 3665 2278">
    <p class='ocr_par' dir='ltr' id='par_1_47' title="bbox 2080 2205 3665 2278">
     <span class='ocr_line' id='line_1_47' title="bbox 2080 2205 3665 2278; baseline 0.001 -20"><span class='ocrx_word' id='word_1_336' title='bbox 2080 2205 2261 2276; x_wconf 86' lang='grc' dir='ltr'>σαλὴμ</span> <span class='ocrx_word' id='word_1_337' title='bbox 2308 2207 2400 2259; x_wconf 75' lang='grc' dir='ltr'><strong>ἐπὶ</strong></span> <span class='ocrx_word' id='word_1_338' title='bbox 2462 2207 2554 2260; x_wconf 81' lang='grc' dir='ltr'><strong>τὸν</strong></span> <span class='ocrx_word' id='word_1_339' title='bbox 2589 2207 2853 2261; x_wconf 78' lang='grc' dir='ltr'>Ἰούδαν.»</span> <span class='ocrx_word' id='word_1_340' title='bbox 2919 2207 3222 2260; x_wconf 87' lang='grc' dir='ltr'>Γνώσονται</span> <span class='ocrx_word' id='word_1_341' title='bbox 3267 2206 3375 2278; x_wconf 83' lang='grc' dir='ltr'>γὰρ</span> <span class='ocrx_word' id='word_1_342' title='bbox 3431 2205 3520 2259; x_wconf 80' lang='grc' dir='ltr'><strong>διὰ</strong></span> <span class='ocrx_word' id='word_1_343' title='bbox 3565 2205 3665 2276; x_wconf 84' lang='grc' dir='ltr'><strong>τῆς</strong></span> 
     </span>
    </p>
   </div>
   <div class='ocr_carea' id='block_1_48' title="bbox 2077 2295 3664 2368">
    <p class='ocr_par' dir='ltr' id='par_1_48' title="bbox 2077 2295 3664 2368">
     <span class='ocr_line' id='line_1_48' title="bbox 2077 2295 3664 2368; baseline -0.001 -17"><span class='ocrx_word' id='word_1_344' title='bbox 2077 2299 2292 2367; x_wconf 89' lang='grc' dir='ltr'>πείρας,</span> <span class='ocrx_word' id='word_1_345' title='bbox 2321 2298 2396 2362; x_wconf 88' lang='grc' dir='ltr'>ὡς</span> <span class='ocrx_word' id='word_1_346' title='bbox 2441 2297 2564 2368; x_wconf 89' lang='grc' dir='ltr'>δίχα</span> <span class='ocrx_word' id='word_1_347' title='bbox 2601 2297 2701 2368; x_wconf 83' lang='grc' dir='ltr'>τῆς</span> <span class='ocrx_word' id='word_1_348' title='bbox 2746 2297 2895 2360; x_wconf 80' lang='grc' dir='ltr'>θείας</span> <span class='ocrx_word' id='word_1_349' title='bbox 2927 2297 3097 2368; x_wconf 78' lang='grc' dir='ltr'>ῥοπῆς</span> <span class='ocrx_word' id='word_1_350' title='bbox 3141 2297 3290 2350; x_wconf 79' lang='grc' dir='ltr'>οὐδὲν</span> <span class='ocrx_word' id='word_1_351' title='bbox 3323 2295 3664 2366; x_wconf 85' lang='grc' dir='ltr'>κατορθῶσαι</span> 
     </span>
    </p>
   </div>
   <div class='ocr_carea' id='block_1_49' title="bbox 2075 2387 3664 2460">
    <p class='ocr_par' dir='ltr' id='par_1_49' title="bbox 2075 2387 3664 2460">
     <span class='ocr_line' id='line_1_49' title="bbox 2075 2387 3664 2460; baseline -0.001 -18"><span class='ocrx_word' id='word_1_352' title='bbox 2075 2387 2407 2460; x_wconf 85' lang='grc' dir='ltr'>δεδύνηνται.</span> <span class='ocrx_word' id='word_1_353' title='bbox 2467 2387 2639 2442; x_wconf 77' lang='grc' dir='ltr'>Τοῦτο</span> <span class='ocrx_word' id='word_1_354' title='bbox 2675 2389 2731 2442; x_wconf 83' lang='grc' dir='ltr'><strong>δέ</strong></span> <span class='ocrx_word' id='word_1_355' title='bbox 2785 2389 3067 2460; x_wconf 85' lang='grc' dir='ltr'>μαθόντες,</span> <span class='ocrx_word' id='word_1_356' title='bbox 3115 2387 3246 2441; x_wconf 78' lang='grc' dir='ltr'>οὔτε</span> <span class='ocrx_word' id='word_1_357' title='bbox 3296 2391 3360 2459; x_wconf 82' lang='grc' dir='ltr'>τῇ</span> <span class='ocrx_word' id='word_1_358' title='bbox 3409 2388 3664 2460; x_wconf 81' lang='grc' dir='ltr'>βασιλικῇ</span> 
     </span>
    </p>
   </div>
   <div class='ocr_carea' id='block_1_50' title="bbox 2075 2478 3668 2553">
    <p class='ocr_par' dir='ltr' id='par_1_50' title="bbox 2075 2478 3668 2553">
     <span class='ocr_line' id='line_1_50' title="bbox 2075 2478 3668 2553; baseline 0.003 -22"><span class='ocrx_word' id='word_1_359' title='bbox 2075 2478 2299 2550; x_wconf 87' lang='grc' dir='ltr'>δυνάμει</span> <span class='ocrx_word' id='word_1_360' title='bbox 2359 2482 2904 2552; x_wconf 88' lang='grc' dir='ltr'>μεγαφρονήσουσιν,</span> <span class='ocrx_word' id='word_1_361' title='bbox 2966 2481 3096 2536; x_wconf 71' lang='grc' dir='ltr'>οὔτε</span> <span class='ocrx_word' id='word_1_362' title='bbox 3155 2481 3232 2553; x_wconf 82' lang='grc' dir='ltr'>τῷ</span> <span class='ocrx_word' id='word_1_363' title='bbox 3293 2481 3512 2552; x_wconf 81' lang='grc' dir='ltr'>μεγέθει</span> <span class='ocrx_word' id='word_1_364' title='bbox 3556 2481 3668 2535; x_wconf 83' lang='grc' dir='ltr'><strong>τῶν</strong></span> 
     </span>
    </p>
   </div>
   <div class='ocr_carea' id='block_1_51' title="bbox 2076 2571 2768 2643">
    <p class='ocr_par' dir='ltr' id='par_1_51' title="bbox 2076 2571 2768 2643">
     <span class='ocr_line' id='line_1_51' title="bbox 2076 2571 2768 2643; baseline 0.004 -21"><span class='ocrx_word' id='word_1_365' title='bbox 2076 2571 2382 2642; x_wconf 73' lang='grc' dir='ltr'>περιϐόλων</span> <span class='ocrx_word' id='word_1_366' title='bbox 2410 2571 2768 2643; x_wconf 78' lang='grc' dir='ltr'>θαρσήσουσι.</span> 
     </span>
    </p>
   </div>
   <div class='ocr_carea' id='block_1_52' title="bbox 2147 2663 3667 2738">
    <p class='ocr_par' dir='ltr' id='par_1_52' title="bbox 2147 2663 3667 2738">
     <span class='ocr_line' id='line_1_52' title="bbox 2147 2663 3667 2738; baseline -0.001 -20"><span class='ocrx_word' id='word_1_367' title='bbox 2147 2664 2215 2735; x_wconf 89' lang='grc' dir='ltr'>η’.</span> <span class='ocrx_word' id='word_1_368' title='bbox 2229 2685 2244 2714; x_wconf 80' lang='grc' dir='ltr'><strong>ι</strong></span> <span class='ocrx_word' id='word_1_369' title='bbox 2257 2663 2366 2718; x_wconf 71' lang='grc' dir='ltr'>Καὶ</span> <span class='ocrx_word' id='word_1_370' title='bbox 2379 2663 2530 2719; x_wconf 82' lang='grc' dir='ltr'>ἔσται</span> <span class='ocrx_word' id='word_1_371' title='bbox 2547 2665 2602 2718; x_wconf 84' lang='grc' dir='ltr'><strong>ἐν</strong></span> <span class='ocrx_word' id='word_1_372' title='bbox 2612 2667 2676 2736; x_wconf 84' lang='grc' dir='ltr'>τῇ</span> <span class='ocrx_word' id='word_1_373' title='bbox 2695 2666 2875 2738; x_wconf 69' lang='grc' dir='ltr'>ἡμέρα</span> <span class='ocrx_word' id='word_1_374' title='bbox 2892 2665 3096 2738; x_wconf 79' lang='grc' dir='ltr'>ἐκείνῃ,</span> <span class='ocrx_word' id='word_1_375' title='bbox 3120 2665 3220 2718; x_wconf 83' lang='grc' dir='ltr'><strong>ύπε</strong></span> <span class='ocrx_word' id='word_1_376' title='bbox 3231 2667 3449 2737; x_wconf 76' lang='grc' dir='ltr'>ρασπιεῖ</span> <span class='ocrx_word' id='word_1_377' title='bbox 3463 2666 3667 2736; x_wconf 81' lang='grc' dir='ltr'>Κύριος</span> 
     </span>
    </p>
   </div>
   <div class='ocr_carea' id='block_1_53' title="bbox 2077 2754 3666 2827">
    <p class='ocr_par' dir='ltr' id='par_1_53' title="bbox 2077 2754 3666 2827">
     <span class='ocr_line' id='line_1_53' title="bbox 2077 2754 3666 2827; baseline -0.001 -19"><span class='ocrx_word' id='word_1_378' title='bbox 2077 2754 2218 2826; x_wconf 84' lang='grc' dir='ltr'>ὑπὲρ</span> <span class='ocrx_word' id='word_1_379' title='bbox 2249 2755 2355 2809; x_wconf 86' lang='grc' dir='ltr'>τῶν</span> <span class='ocrx_word' id='word_1_380' title='bbox 2394 2756 2791 2810; x_wconf 84' lang='grc' dir='ltr'>κατοικούντων</span> <span class='ocrx_word' id='word_1_381' title='bbox 2808 2757 2904 2826; x_wconf 80' lang='grc' dir='ltr'><strong>τὴν</strong></span> <span class='ocrx_word' id='word_1_382' title='bbox 2921 2758 2966 2788; x_wconf 75' lang='grc'><strong>³⁵</strong></span> <span class='ocrx_word' id='word_1_383' title='bbox 2983 2757 3340 2827; x_wconf 81' lang='grc' dir='ltr'>Ἰερουσαλήμ</span> <span class='ocrx_word' id='word_1_384' title='bbox 3358 2773 3371 2786; x_wconf 89' lang='grc'><strong>·</strong></span> <span class='ocrx_word' id='word_1_385' title='bbox 3391 2756 3486 2809; x_wconf 81' lang='grc' dir='ltr'>καὶ</span> <span class='ocrx_word' id='word_1_386' title='bbox 3510 2755 3666 2808; x_wconf 76' lang='grc' dir='ltr'>ἔσται</span> 
     </span>
    </p>
   </div>
   <div class='ocr_carea' id='block_1_54' title="bbox 2074 2841 3668 2920">
    <p class='ocr_par' dir='ltr' id='par_1_54' title="bbox 2074 2841 3668 2920">
     <span class='ocr_line' id='line_1_54' title="bbox 2074 2841 3668 2920; baseline -0.002 -20"><span class='ocrx_word' id='word_1_387' title='bbox 2074 2849 2102 2900; x_wconf 85' lang='grc' dir='ltr'>ὁ</span> <span class='ocrx_word' id='word_1_388' title='bbox 2130 2847 2370 2900; x_wconf 82' lang='grc' dir='ltr'>ἀσθενῶν</span> <span class='ocrx_word' id='word_1_389' title='bbox 2399 2848 2457 2900; x_wconf 86' lang='grc' dir='ltr'>ὲν</span> <span class='ocrx_word' id='word_1_390' title='bbox 2483 2848 2666 2910; x_wconf 80' lang='grc' dir='ltr'>αὐτοῖς</span> <span class='ocrx_word' id='word_1_391' title='bbox 2692 2850 2745 2900; x_wconf 85' lang='grc' dir='ltr'><strong>ἐν</strong></span> <span class='ocrx_word' id='word_1_392' title='bbox 2768 2849 2952 2919; x_wconf 82' lang='grc' dir='ltr'>ἐκείνῃ</span> <span class='ocrx_word' id='word_1_393' title='bbox 2979 2851 3043 2920; x_wconf 82' lang='grc' dir='ltr'>τῇ</span> <span class='ocrx_word' id='word_1_394' title='bbox 3067 2848 3269 2919; x_wconf 79' lang='grc' dir='ltr'>ἡμέρᾳ,</span> <span class='ocrx_word' id='word_1_395' title='bbox 3290 2847 3365 2910; x_wconf 88' lang='grc' dir='ltr'>ὡς</span> <span class='ocrx_word' id='word_1_396' title='bbox 3403 2841 3549 2908; x_wconf 76' lang='grc' dir='ltr'>οἶκος</span> <span class='ocrx_word' id='word_1_397' title='bbox 3571 2850 3668 2898; x_wconf 86' lang='grc' dir='ltr'><strong>Δα-</strong></span> 
     </span>
    </p>
   </div>
   <div class='ocr_carea' id='block_1_55' title="bbox 2076 2934 3663 3012">
    <p class='ocr_par' dir='ltr' id='par_1_55' title="bbox 2076 2934 3663 3012">
     <span class='ocr_line' id='line_1_55' title="bbox 2076 2934 3663 3012; baseline 0.007 -22"><span class='ocrx_word' id='word_1_398' title='bbox 2076 2939 2160 2991; x_wconf 76' lang='grc' dir='ltr'><strong>σεδ</strong></span> <span class='ocrx_word' id='word_1_399' title='bbox 2189 2958 2200 2969; x_wconf 92' lang='grc'><strong>·</strong></span> <span class='ocrx_word' id='word_1_400' title='bbox 2229 2942 2257 2993; x_wconf 84' lang='grc' dir='ltr'>ὁ</span> <span class='ocrx_word' id='word_1_401' title='bbox 2285 2940 2341 2993; x_wconf 90' lang='grc' dir='ltr'><strong>δέ</strong></span> <span class='ocrx_word' id='word_1_402' title='bbox 2375 2934 2520 3003; x_wconf 76' lang='grc' dir='ltr'>οἶκος</span> <span class='ocrx_word' id='word_1_403' title='bbox 2553 2941 2733 3005; x_wconf 74' lang='grc' dir='ltr'>Δαὸὶδ,</span> <span class='ocrx_word' id='word_1_404' title='bbox 2766 2940 2840 3005; x_wconf 88' lang='grc' dir='ltr'>ὡς</span> <span class='ocrx_word' id='word_1_405' title='bbox 2860 2937 3007 3003; x_wconf 78' lang='grc' dir='ltr'>οἶκος</span> <span class='ocrx_word' id='word_1_406' title='bbox 3059 2942 3286 3012; x_wconf 80' lang='grc' dir='ltr'>Κυρίου,</span> <span class='ocrx_word' id='word_1_407' title='bbox 3330 2941 3405 3004; x_wconf 87' lang='grc' dir='ltr'>ὼς</span> <span class='ocrx_word' id='word_1_408' title='bbox 3437 2939 3663 3008; x_wconf 78' lang='grc' dir='ltr'>ἄγγελος</span> 
     </span>
    </p>
   </div>
   <div class='ocr_carea' id='block_1_56' title="bbox 2075 3030 3664 3103">
    <p class='ocr_par' dir='ltr' id='par_1_56' title="bbox 2075 3030 3664 3103">
     <span class='ocr_line' id='line_1_56' title="bbox 2075 3030 3664 3103; baseline 0.003 -21"><span class='ocrx_word' id='word_1_409' title='bbox 2075 3031 2280 3101; x_wconf 86' lang='grc' dir='ltr'>Κυρίου</span> <span class='ocrx_word' id='word_1_410' title='bbox 2315 3032 2547 3083; x_wconf 91' lang='grc' dir='ltr'>ἐνώπιον</span> <span class='ocrx_word' id='word_1_411' title='bbox 2578 3031 2777 3084; x_wconf 80' lang='grc' dir='ltr'>αὐτῶν.</span> <span class='ocrx_word' id='word_1_412' title='bbox 2809 3050 2827 3083; x_wconf 77' lang='grc' dir='ltr'><strong>ι</strong></span> <span class='ocrx_word' id='word_1_413' title='bbox 2859 3033 2967 3084; x_wconf 74' lang='grc' dir='ltr'><strong>Καὶ</strong></span> <span class='ocrx_word' id='word_1_414' title='bbox 2998 3032 3097 3103; x_wconf 83' lang='grc' dir='ltr'>τῆς</span> <span class='ocrx_word' id='word_1_415' title='bbox 3138 3031 3288 3096; x_wconf 88' lang='grc' dir='ltr'>θείας</span> <span class='ocrx_word' id='word_1_416' title='bbox 3322 3030 3664 3102; x_wconf 71' lang='grc' dir='ltr'>προμηθείας</span> 
     </span>
    </p>
   </div>
   <div class='ocr_carea' id='block_1_57' title="bbox 395 3101 1971 3201">
    <p class='ocr_par' dir='ltr' id='par_1_57' title="bbox 395 3101 1968 3199">
     <span class='ocr_line' id='line_1_57' title="bbox 395 3101 1968 3199; baseline 0.021 -50"><span class='ocrx_word' id='word_1_417' title='bbox 395 3112 519 3199; x_wconf 79' lang='lat' dir='ltr'><strong>rum</strong></span> <span class='ocrx_word' id='word_1_418' title='bbox 552 3115 617 3155; x_wconf 79' lang='lat' dir='ltr'><strong>ex</strong></span> <span class='ocrx_word' id='word_1_419' title='bbox 651 3101 836 3160; x_wconf 88' lang='lat' dir='ltr'><strong>divina</strong></span> <span class='ocrx_word' id='word_1_420' title='bbox 868 3111 1214 3178; x_wconf 87' lang='lat' dir='ltr'><strong>providentia</strong></span> <span class='ocrx_word' id='word_1_421' title='bbox 1255 3119 1535 3187; x_wconf 86' lang='lat' dir='ltr'><strong>pendebit.</strong></span> <span class='ocrx_word' id='word_1_422' title='bbox 1587 3121 1797 3183; x_wconf 91' lang='lat' dir='ltr'><strong>Idcirco</strong></span> <span class='ocrx_word' id='word_1_423' title='bbox 1851 3143 1968 3183; x_wconf 89' lang='lat' dir='ltr'><strong>om-</strong></span> 
     </span>
    </p>
   </div>
   <div class='ocr_carea' id='block_1_58' title="bbox 2075 3101 3664 3201">
    <p class='ocr_par' dir='ltr' id='par_1_58' title="bbox 2075 3101 3664 3194">
     <span class='ocr_line' id='line_1_58' title="bbox 2075 3101 3664 3194; baseline 0 -21"><span class='ocrx_word' id='word_1_424' title='bbox 2075 3120 2436 3192; x_wconf 80' lang='grc' dir='ltr'>ἐξαρτήσουσι</span> <span class='ocrx_word' id='word_1_425' title='bbox 2472 3122 2573 3184; x_wconf 80' lang='grc' dir='ltr'><strong>τὰς</strong></span> <span class='ocrx_word' id='word_1_426' title='bbox 2620 3122 2859 3188; x_wconf 86' lang='grc' dir='ltr'>ἐλπίδας,</span> <span class='ocrx_word' id='word_1_427' title='bbox 2897 3117 2958 3176; x_wconf 78' lang='grc' dir='ltr'>οὗ</span> <span class='ocrx_word' id='word_1_428' title='bbox 2985 3101 3145 3194; x_wconf 85' lang='grc' dir='ltr'>χάριν</span> <span class='ocrx_word' id='word_1_429' title='bbox 3188 3123 3295 3179; x_wconf 77' lang='grc' dir='ltr'><strong>τῶν</strong></span> <span class='ocrx_word' id='word_1_430' title='bbox 3347 3101 3603 3178; x_wconf 85' lang='grc' dir='ltr'>ἀπάντων</span> <span class='ocrx_word' id='word_1_431' title='bbox 3634 3123 3664 3173; x_wconf 85' lang='grc' dir='ltr'><strong>ό</strong></span> 
     </span>
    </p>
   </div>
   <div class='ocr_carea' id='block_1_59' title="bbox 395 3189 1970 3291">
    <p class='ocr_par' dir='ltr' id='par_1_59' title="bbox 395 3189 1970 3291">
     <span class='ocr_line' id='line_1_59' title="bbox 395 3189 1970 3291; baseline 0.022 -49"><span class='ocrx_word' id='word_1_432' title='bbox 395 3189 547 3291; x_wconf 76' lang='lat' dir='ltr'><strong>nium</strong></span> <span class='ocrx_word' id='word_1_433' title='bbox 573 3191 838 3255; x_wconf 87' lang='lat' dir='ltr'><strong>Dominus</strong></span> <span class='ocrx_word' id='word_1_434' title='bbox 866 3204 1015 3258; x_wconf 89' lang='lat' dir='ltr'><strong>omni</strong></span> <span class='ocrx_word' id='word_1_435' title='bbox 1037 3219 1131 3262; x_wconf 90' lang='lat' dir='ltr'><strong>eos</strong></span> <span class='ocrx_word' id='word_1_436' title='bbox 1165 3209 1371 3266; x_wconf 83' lang='lat' dir='ltr'><strong>auxilio</strong></span> <span class='ocrx_word' id='word_1_437' title='bbox 1401 3215 1667 3282; x_wconf 77' lang='lat' dir='ltr'><strong>tuebitur,</strong></span> <span class='ocrx_word' id='word_1_438' title='bbox 1710 3226 1970 3291; x_wconf 89' lang='lat' dir='ltr'><strong>tantoque</strong></span> 
     </span>
    </p>
   </div>
   <div class='ocr_carea' id='block_1_60' title="bbox 394 3280 1969 3379">
    <p class='ocr_par' dir='ltr' id='par_1_60' title="bbox 394 3280 1969 3379">
     <span class='ocr_line' id='line_1_60' title="bbox 394 3280 1969 3379; baseline 0.022 -46"><span class='ocrx_word' id='word_1_439' title='bbox 394 3280 594 3379; x_wconf 83' lang='lat' dir='ltr'><strong>robore</strong></span> <span class='ocrx_word' id='word_1_440' title='bbox 618 3300 716 3342; x_wconf 92' lang='lat' dir='ltr'><strong>eos</strong></span> <span class='ocrx_word' id='word_1_441' title='bbox 739 3291 1056 3362; x_wconf 90' lang='lat' dir='ltr'><strong>complebit,</strong></span> <span class='ocrx_word' id='word_1_442' title='bbox 1091 3303 1150 3351; x_wconf 92' lang='lat' dir='ltr'><strong>ut</strong></span> <span class='ocrx_word' id='word_1_443' title='bbox 1193 3298 1571 3361; x_wconf 83' lang='lat' dir='ltr'><strong>debilissimus</strong></span> <span class='ocrx_word' id='word_1_444' title='bbox 1612 3280 1847 3379; x_wconf 84' lang='lat' dir='ltr'><strong>quisque</strong></span> <span class='ocrx_word' id='word_1_445' title='bbox 1882 3280 1969 3367; x_wconf 71' lang='lat' dir='ltr'><strong>re-</strong></span> 
     </span>
    </p>
   </div>
   <div class='ocr_carea' id='block_1_61' title="bbox 394 3373 1970 3462">
    <p class='ocr_par' dir='ltr' id='par_1_61' title="bbox 394 3373 1970 3462">
     <span class='ocr_line' id='line_1_61' title="bbox 394 3373 1970 3462; baseline 0.022 -37"><span class='ocrx_word' id='word_1_446' title='bbox 394 3373 497 3439; x_wconf 70' lang='lat' dir='ltr'><strong>giaa</strong></span> <span class='ocrx_word' id='word_1_447' title='bbox 526 3375 715 3433; x_wconf 88' lang='lat' dir='ltr'><strong>domui</strong></span> <span class='ocrx_word' id='word_1_448' title='bbox 750 3393 1104 3454; x_wconf 85' lang='lat' dir='ltr'><strong>comparetur</strong></span> <span class='ocrx_word' id='word_1_449' title='bbox 1133 3389 1300 3462; x_wconf 90' lang='lat' dir='ltr'><strong>(hanc</strong></span> <span class='ocrx_word' id='word_1_450' title='bbox 1329 3395 1475 3449; x_wconf 90' lang='lat' dir='ltr'><strong>enim</strong></span> <span class='ocrx_word' id='word_1_451' title='bbox 1504 3401 1722 3454; x_wconf 87' lang='lat' dir='ltr'><strong>vocavit</strong></span> <span class='ocrx_word' id='word_1_452' title='bbox 1753 3403 1970 3458; x_wconf 85' lang='lat' dir='ltr'><strong>domum</strong></span> 
     </span>
    </p>
   </div>
   <div class='ocr_carea' id='block_1_62' title="bbox 394 3464 1970 3552">
    <p class='ocr_par' dir='ltr' id='par_1_62' title="bbox 394 3464 1970 3552">
     <span class='ocr_line' id='line_1_62' title="bbox 394 3464 1970 3552; baseline 0.022 -36"><span class='ocrx_word' id='word_1_453' title='bbox 394 3464 670 3540; x_wconf 82' lang='lat' dir='ltr'><strong>Davidis);</strong></span> <span class='ocrx_word' id='word_1_454' title='bbox 703 3470 902 3531; x_wconf 90' lang='lat' dir='ltr'><strong>domus</strong></span> <span class='ocrx_word' id='word_1_455' title='bbox 931 3487 1115 3534; x_wconf 89' lang='lat' dir='ltr'><strong>autem</strong></span> <span class='ocrx_word' id='word_1_456' title='bbox 1150 3483 1303 3552; x_wconf 89' lang='lat' dir='ltr'><strong>regia</strong></span> <span class='ocrx_word' id='word_1_457' title='bbox 1330 3484 1534 3542; x_wconf 75' lang='lat' dir='ltr'><strong>divina:</strong></span> <span class='ocrx_word' id='word_1_458' title='bbox 1567 3489 1767 3549; x_wconf 88' lang='lat' dir='ltr'><strong>domus</strong></span> <span class='ocrx_word' id='word_1_459' title='bbox 1795 3495 1970 3549; x_wconf 91' lang='lat' dir='ltr'><strong>invio-</strong></span> 
     </span>
    </p>
   </div>
   <div class='ocr_carea' id='block_1_63' title="bbox 393 3555 1970 3645">
    <p class='ocr_par' dir='ltr' id='par_1_63' title="bbox 393 3555 1970 3645">
     <span class='ocr_line' id='line_1_63' title="bbox 393 3555 1970 3645; baseline 0.02 -37"><span class='ocrx_word' id='word_1_460' title='bbox 393 3555 614 3614; x_wconf 88' lang='lat' dir='ltr'><strong>labilem</strong></span> <span class='ocrx_word' id='word_1_461' title='bbox 671 3567 1017 3623; x_wconf 89' lang='lat' dir='ltr'><strong>sanctitatem</strong></span> <span class='ocrx_word' id='word_1_462' title='bbox 1076 3571 1321 3628; x_wconf 88' lang='lat' dir='ltr'><strong>imitetur</strong></span> <span class='ocrx_word' id='word_1_463' title='bbox 1362 3594 1374 3629; x_wconf 89' lang='lat'><strong>:</strong></span> <span class='ocrx_word' id='word_1_464' title='bbox 1415 3577 1490 3631; x_wconf 90' lang='lat' dir='ltr'><strong>ita</strong></span> <span class='ocrx_word' id='word_1_465' title='bbox 1538 3588 1597 3633; x_wconf 94' lang='lat' dir='ltr'><strong>ut</strong></span> <span class='ocrx_word' id='word_1_466' title='bbox 1649 3596 1844 3645; x_wconf 84' lang='lat' dir='ltr'><strong>omnes</strong></span> <span class='ocrx_word' id='word_1_467' title='bbox 1903 3585 1970 3639; x_wconf 91' lang='lat' dir='ltr'><strong>ad</strong></span> 
     </span>
    </p>
   </div>
   <div class='ocr_carea' id='block_1_64' title="bbox 395 3650 1972 3743">
    <p class='ocr_par' dir='ltr' id='par_1_64' title="bbox 395 3650 1972 3743">
     <span class='ocr_line' id='line_1_64' title="bbox 395 3650 1972 3743; baseline 0.02 -43"><span class='ocrx_word' id='word_1_468' title='bbox 395 3663 514 3702; x_wconf 86' lang='lat' dir='ltr'><strong>eam</strong></span> <span class='ocrx_word' id='word_1_469' title='bbox 561 3650 707 3707; x_wconf 88' lang='lat' dir='ltr'><strong>sicut</strong></span> <span class='ocrx_word' id='word_1_470' title='bbox 753 3657 817 3710; x_wconf 88' lang='lat' dir='ltr'><strong>ad</strong></span> <span class='ocrx_word' id='word_1_471' title='bbox 850 3657 1101 3715; x_wconf 88' lang='lat' dir='ltr'><strong>divinum</strong></span> <span class='ocrx_word' id='word_1_472' title='bbox 1156 3667 1421 3734; x_wconf 89' lang='lat' dir='ltr'><strong>templum</strong></span> <span class='ocrx_word' id='word_1_473' title='bbox 1469 3669 1811 3743; x_wconf 77' lang='lat' dir='ltr'><strong>confugiant,</strong></span> <span class='ocrx_word' id='word_1_474' title='bbox 1876 3685 1972 3731; x_wconf 90' lang='lat' dir='ltr'><strong>aut</strong></span> 
     </span>
    </p>
   </div>
   <div class='ocr_carea' id='block_1_65' title="bbox 395 3746 1970 3822">
    <p class='ocr_par' dir='ltr' id='par_1_65' title="bbox 395 3746 1970 3822">
     <span class='ocr_line' id='line_1_65' title="bbox 395 3746 1970 3822; baseline 0.022 -34"><span class='ocrx_word' id='word_1_475' title='bbox 395 3746 660 3809; x_wconf 82' lang='lat' dir='ltr'><strong>tanquam</strong></span> <span class='ocrx_word' id='word_1_476' title='bbox 687 3747 880 3814; x_wconf 77' lang='lat' dir='ltr'><strong>angelo</strong></span> <span class='ocrx_word' id='word_1_477' title='bbox 907 3747 974 3801; x_wconf 86' lang='lat' dir='ltr'><strong>ad</strong></span> <span class='ocrx_word' id='word_1_478' title='bbox 1026 3751 1261 3807; x_wconf 88' lang='lat' dir='ltr'><strong>salutem</strong></span> <span class='ocrx_word' id='word_1_479' title='bbox 1315 3757 1489 3813; x_wconf 89' lang='lat' dir='ltr'><strong>misso</strong></span> <span class='ocrx_word' id='word_1_480' title='bbox 1545 3760 1970 3822; x_wconf 86' lang='lat' dir='ltr'><strong>conﬁdentiores</strong></span> 
     </span>
    </p>
   </div>
   <div class='ocr_carea' id='block_1_66' title="bbox 397 3825 1972 3928">
    <p class='ocr_par' dir='ltr' id='par_1_66' title="bbox 397 3825 1972 3928">
     <span class='ocr_line' id='line_1_66' title="bbox 397 3825 1972 3928; baseline 0.022 -49"><span class='ocrx_word' id='word_1_481' title='bbox 397 3825 554 3883; x_wconf 88' lang='lat' dir='ltr'><strong>ﬁant.</strong></span> <span class='ocrx_word' id='word_1_482' title='bbox 574 3829 824 3928; x_wconf 68' lang='lat' dir='ltr'><strong>_Tantam</strong></span> <span class='ocrx_word' id='word_1_483' title='bbox 877 3837 1024 3892; x_wconf 90' lang='lat' dir='ltr'><strong>enim</strong></span> <span class='ocrx_word' id='word_1_484' title='bbox 1070 3857 1134 3896; x_wconf 84' lang='lat' dir='ltr'><strong>ex</strong></span> <span class='ocrx_word' id='word_1_485' title='bbox 1172 3842 1405 3899; x_wconf 82' lang='lat' dir='ltr'><strong>victoria</strong></span> <span class='ocrx_word' id='word_1_486' title='bbox 1453 3836 1683 3917; x_wconf 78' lang='lat' dir='ltr'><strong>gloriam</strong></span> <span class='ocrx_word' id='word_1_487' title='bbox 1737 3854 1972 3928; x_wconf 83' lang='lat' dir='ltr'><strong>college-</strong></span> 
     </span>
    </p>
   </div>
   <div class='ocr_carea' id='block_1_67' title="bbox 393 3919 1986 4013">
    <p class='ocr_par' dir='ltr' id='par_1_67' title="bbox 393 3919 1986 4013">
     <span class='ocr_line' id='line_1_67' title="bbox 393 3919 1986 4013; baseline 0.021 -42"><span class='ocrx_word' id='word_1_488' title='bbox 393 3929 527 3973; x_wconf 86' lang='lat' dir='ltr'><strong>runt</strong></span> <span class='ocrx_word' id='word_1_489' title='bbox 567 3919 738 3980; x_wconf 83' lang='lat' dir='ltr'><strong>Judas</strong></span> <span class='ocrx_word' id='word_1_490' title='bbox 771 3936 824 3982; x_wconf 89' lang='lat' dir='ltr'><strong>et</strong></span> <span class='ocrx_word' id='word_1_491' title='bbox 869 3926 1142 3987; x_wconf 83' lang='lat' dir='ltr'><strong>Jonathan</strong></span> <span class='ocrx_word' id='word_1_492' title='bbox 1171 3975 1184 3999; x_wconf 90' lang='lat'><strong>,</strong></span> <span class='ocrx_word' id='word_1_493' title='bbox 1227 3945 1284 3989; x_wconf 90' lang='lat' dir='ltr'><strong>ut</strong></span> <span class='ocrx_word' id='word_1_494' title='bbox 1325 3941 1561 4008; x_wconf 68' lang='lat' dir='ltr'><strong>accolae,</strong></span> <span class='ocrx_word' id='word_1_495' title='bbox 1594 3952 1647 3998; x_wconf 90' lang='lat' dir='ltr'><strong>et</strong></span> <span class='ocrx_word' id='word_1_496' title='bbox 1683 3919 1986 4013; x_wconf 27' lang='lat' dir='ltr'><strong>vicini,&#39;acl</strong></span> 
     </span>
    </p>
   </div>
   <div class='ocr_carea' id='block_1_68' title="bbox 398 4011 1965 4106">
    <p class='ocr_par' dir='ltr' id='par_1_68' title="bbox 398 4011 1965 4106">
     <span class='ocr_line' id='line_1_68' title="bbox 398 4011 1965 4106; baseline 0.019 -42"><span class='ocrx_word' id='word_1_497' title='bbox 398 4011 614 4068; x_wconf 88' lang='lat' dir='ltr'><strong>ﬁnitimi</strong></span> <span class='ocrx_word' id='word_1_498' title='bbox 662 4017 983 4076; x_wconf 87' lang='lat' dir='ltr'><strong>avidissime</strong></span> <span class='ocrx_word' id='word_1_499' title='bbox 1028 4023 1128 4079; x_wconf 89' lang='lat' dir='ltr'><strong>hos</strong></span> <span class='ocrx_word' id='word_1_500' title='bbox 1171 4025 1274 4082; x_wconf 87' lang='lat' dir='ltr'><strong>sibi</strong></span> <span class='ocrx_word' id='word_1_501' title='bbox 1333 4032 1516 4088; x_wconf 90' lang='lat' dir='ltr'><strong>socios</strong></span> <span class='ocrx_word' id='word_1_502' title='bbox 1572 4011 1965 4106; x_wconf 79' lang='lat' dir='ltr'><strong>adjuuxerint:</strong></span> 
     </span>
    </p>
   </div>
   <div class='ocr_carea' id='block_1_69' title="bbox 393 4109 1966 4196">
    <p class='ocr_par' dir='ltr' id='par_1_69' title="bbox 393 4109 1966 4196">
     <span class='ocr_line' id='line_1_69' title="bbox 393 4109 1966 4196; baseline 0.019 -40"><span class='ocrx_word' id='word_1_503' title='bbox 393 4121 572 4172; x_wconf 84' lang='lat' dir='ltr'><strong>neque</strong></span> <span class='ocrx_word' id='word_1_504' title='bbox 628 4109 681 4164; x_wconf 92' lang='lat' dir='ltr'><strong>id</strong></span> <span class='ocrx_word' id='word_1_505' title='bbox 744 4113 921 4168; x_wconf 92' lang='lat' dir='ltr'><strong>solum</strong></span> <span class='ocrx_word' id='word_1_506' title='bbox 981 4115 1232 4183; x_wconf 87' lang='lat' dir='ltr'><strong>ﬁnitimi,</strong></span> <span class='ocrx_word' id='word_1_507' title='bbox 1293 4123 1390 4178; x_wconf 89' lang='lat' dir='ltr'><strong>sed</strong></span> <span class='ocrx_word' id='word_1_508' title='bbox 1433 4133 1486 4180; x_wconf 91' lang='lat' dir='ltr'><strong>et</strong></span> <span class='ocrx_word' id='word_1_509' title='bbox 1525 4127 1617 4196; x_wconf 88' lang='lat' dir='ltr'><strong>qui</strong></span> <span class='ocrx_word' id='word_1_510' title='bbox 1666 4131 1966 4186; x_wconf 90' lang='lat' dir='ltr'><strong>multorum</strong></span> 
     </span>
    </p>
   </div>
   <div class='ocr_carea' id='block_1_70' title="bbox 397 4197 1970 4280">
    <p class='ocr_par' dir='ltr' id='par_1_70' title="bbox 397 4197 1970 4280">
     <span class='ocr_line' id='line_1_70' title="bbox 397 4197 1970 4280; baseline 0.018 -29"><span class='ocrx_word' id='word_1_511' title='bbox 397 4197 612 4271; x_wconf 64' lang='grc'><strong>1654</strong></span> <span class='ocrx_word' id='word_1_512' title='bbox 634 4201 845 4258; x_wconf 89' lang='lat' dir='ltr'><strong>dierum</strong></span> <span class='ocrx_word' id='word_1_513' title='bbox 883 4207 1078 4264; x_wconf 90' lang='lat' dir='ltr'><strong>itinere</strong></span> <span class='ocrx_word' id='word_1_514' title='bbox 1106 4209 1410 4280; x_wconf 85' lang='lat' dir='ltr'><strong>distabant,</strong></span> <span class='ocrx_word' id='word_1_515' title='bbox 1449 4227 1565 4273; x_wconf 89' lang='lat' dir='ltr'><strong>tum</strong></span> <span class='ocrx_word' id='word_1_516' title='bbox 1603 4221 1656 4273; x_wconf 89' lang='lat' dir='ltr'><strong>in</strong></span> <span class='ocrx_word' id='word_1_517' title='bbox 1705 4221 1970 4278; x_wconf 90' lang='lat' dir='ltr'><strong>occiden-</strong></span> 
     </span>
    </p>
   </div>
   <div class='ocr_carea' id='block_1_71' title="bbox 392 4288 1966 4380">
    <p class='ocr_par' dir='ltr' id='par_1_71' title="bbox 392 4288 1966 4380">
     <span class='ocr_line' id='line_1_71' title="bbox 392 4288 1966 4380; baseline 0.019 -43"><span class='ocrx_word' id='word_1_518' title='bbox 392 4288 595 4343; x_wconf 82' lang='lat' dir='ltr'><strong>talibus</strong></span> <span class='ocrx_word' id='word_1_519' title='bbox 657 4293 770 4348; x_wconf 91' lang='lat' dir='ltr'><strong>oris</strong></span> <span class='ocrx_word' id='word_1_520' title='bbox 816 4294 1130 4354; x_wconf 88' lang='lat' dir='ltr'><strong>habitantes</strong></span> <span class='ocrx_word' id='word_1_521' title='bbox 1186 4301 1454 4372; x_wconf 84' lang='lat' dir='ltr'><strong>Romani,</strong></span> <span class='ocrx_word' id='word_1_522' title='bbox 1499 4316 1610 4362; x_wconf 87' lang='lat' dir='ltr'><strong>tum</strong></span> <span class='ocrx_word' id='word_1_523' title='bbox 1656 4309 1966 4380; x_wconf 65' lang='lat' dir='ltr'><strong>Spartiatae,</strong></span> 
     </span>
    </p>
   </div>
   <div class='ocr_carea' id='block_1_72' title="bbox 393 4381 1964 4471">
    <p class='ocr_par' dir='ltr' id='par_1_72' title="bbox 393 4381 1964 4471">
     <span class='ocr_line' id='line_1_72' title="bbox 393 4381 1964 4471; baseline 0.017 -38"><span class='ocrx_word' id='word_1_524' title='bbox 393 4381 635 4437; x_wconf 74' lang='lat' dir='ltr'><strong>maximo</strong></span> <span class='ocrx_word' id='word_1_525' title='bbox 665 4386 851 4442; x_wconf 90' lang='lat' dir='ltr'><strong>studio</strong></span> <span class='ocrx_word' id='word_1_526' title='bbox 899 4392 1218 4448; x_wconf 88' lang='lat' dir='ltr'><strong>societatem</strong></span> <span class='ocrx_word' id='word_1_527' title='bbox 1255 4412 1448 4452; x_wconf 88' lang='lat' dir='ltr'><strong>eorum</strong></span> <span class='ocrx_word' id='word_1_528' title='bbox 1480 4403 1779 4471; x_wconf 75' lang='lat' dir='ltr'><strong>amplexati</strong></span> <span class='ocrx_word' id='word_1_529' title='bbox 1810 4412 1964 4462; x_wconf 92' lang='lat' dir='ltr'><strong>sunt.</strong></span> 
     </span>
    </p>
   </div>
   <div class='ocr_carea' id='block_1_73' title="bbox 463 4556 1968 4642">
    <p class='ocr_par' dir='ltr' id='par_1_73' title="bbox 463 4556 1968 4642">
     <span class='ocr_line' id='line_1_73' title="bbox 463 4556 1968 4642; baseline 0.016 -32"><span class='ocrx_word' id='word_1_530' title='bbox 463 4556 632 4614; x_wconf 74' lang='lat' dir='ltr'><strong>Vens.</strong></span> <span class='ocrx_word' id='word_1_531' title='bbox 656 4560 712 4627; x_wconf 88' lang='lat'><strong>9,</strong></span> <span class='ocrx_word' id='word_1_532' title='bbox 745 4561 832 4618; x_wconf 83' lang='lat' dir='ltr'><strong>lO.</strong></span> <span class='ocrx_word' id='word_1_533' title='bbox 864 4583 883 4615; x_wconf 74' lang='grc' dir='ltr'><strong>ι</strong></span> <span class='ocrx_word' id='word_1_534' title='bbox 907 4563 975 4618; x_wconf 87' lang='lat' dir='ltr'><strong>Et</strong></span> <span class='ocrx_word' id='word_1_535' title='bbox 1009 4567 1115 4621; x_wconf 89' lang='lat' dir='ltr'><strong>erit</strong></span> <span class='ocrx_word' id='word_1_536' title='bbox 1157 4568 1246 4624; x_wconf 90' lang='lat' dir='ltr'><strong>die</strong></span> <span class='ocrx_word' id='word_1_537' title='bbox 1268 4572 1384 4637; x_wconf 89' lang='lat' dir='ltr'><strong>illo,</strong></span> <span class='ocrx_word' id='word_1_538' title='bbox 1432 4579 1704 4642; x_wconf 72' lang='lat' dir='ltr'><strong>quaeram&#39;</strong></span> <span class='ocrx_word' id='word_1_539' title='bbox 1743 4579 1968 4634; x_wconf 83' lang='lat' dir='ltr'><strong>auferre</strong></span> 
     </span>
    </p>
   </div>
   <div class='ocr_carea' id='block_1_74' title="bbox 393 4659 1963 4740">
    <p class='ocr_par' dir='ltr' id='par_1_74' title="bbox 393 4659 1963 4740">
     <span class='ocr_line' id='line_1_74' title="bbox 393 4659 1963 4740; baseline 0.016 -40"><span class='ocrx_word' id='word_1_540' title='bbox 393 4663 586 4704; x_wconf 86' lang='lat' dir='ltr'><strong>omnes</strong></span> <span class='ocrx_word' id='word_1_541' title='bbox 612 4662 826 4720; x_wconf 87' lang='lat' dir='ltr'><strong>gentes,</strong></span> <span class='ocrx_word' id='word_1_542' title='bbox 858 4671 980 4724; x_wconf 59' lang='lat' dir='ltr'><strong>quae</strong></span> <span class='ocrx_word' id='word_1_543' title='bbox 1015 4659 1242 4715; x_wconf 85' lang='lat' dir='ltr'><strong>veniunt</strong></span> <span class='ocrx_word' id='word_1_544' title='bbox 1289 4673 1478 4717; x_wconf 87' lang='lat' dir='ltr'><strong>contra</strong></span> <span class='ocrx_word' id='word_1_545' title='bbox 1509 4664 1963 4740; x_wconf 86' lang='lat' dir='ltr'><strong>Hierosolymam.</strong></span> 
     </span>
    </p>
   </div>
   <div class='ocr_carea' id='block_1_75' title="bbox 392 4739 1965 4832">
    <p class='ocr_par' dir='ltr' id='par_1_75' title="bbox 392 4739 1965 4832">
     <span class='ocr_line' id='line_1_75' title="bbox 392 4739 1965 4832; baseline 0.015 -39"><span class='ocrx_word' id='word_1_546' title='bbox 392 4739 756 4797; x_wconf 71' lang='lat' dir='ltr'><strong>Eteﬁ‘undam</strong></span> <span class='ocrx_word' id='word_1_547' title='bbox 787 4761 953 4815; x_wconf 89' lang='lat' dir='ltr'><strong>super</strong></span> <span class='ocrx_word' id='word_1_548' title='bbox 997 4747 1332 4807; x_wconf 85' lang='lat' dir='ltr'><strong>habitatores</strong></span> <span class='ocrx_word' id='word_1_549' title='bbox 1373 4739 1965 4832; x_wconf 71' lang='lat' dir='ltr'><strong>llierosolyuizeSpiri-</strong></span> 
     </span>
    </p>
   </div>
   <div class='ocr_carea' id='block_1_76' title="bbox 392 4835 1964 4922">
    <p class='ocr_par' dir='ltr' id='par_1_76' title="bbox 392 4835 1964 4922">
     <span class='ocr_line' id='line_1_76' title="bbox 392 4835 1964 4922; baseline 0.016 -37"><span class='ocrx_word' id='word_1_550' title='bbox 392 4840 508 4886; x_wconf 90' lang='lat' dir='ltr'><strong>tum</strong></span> <span class='ocrx_word' id='word_1_551' title='bbox 574 4835 765 4904; x_wconf 68' lang='lat' dir='ltr'><strong>gratia:</strong></span> <span class='ocrx_word' id='word_1_552' title='bbox 789 4844 845 4891; x_wconf 91' lang='lat' dir='ltr'><strong>et</strong></span> <span class='ocrx_word' id='word_1_553' title='bbox 905 4839 1370 4897; x_wconf 65' lang='lat' dir='ltr'><strong>misericordiae.»</strong></span> <span class='ocrx_word' id='word_1_554' title='bbox 1415 4845 1522 4901; x_wconf 90' lang='lat' dir='ltr'><strong>Sed</strong></span> <span class='ocrx_word' id='word_1_555' title='bbox 1585 4863 1682 4903; x_wconf 90' lang='lat' dir='ltr'><strong>eos</strong></span> <span class='ocrx_word' id='word_1_556' title='bbox 1740 4867 1840 4922; x_wconf 92' lang='lat' dir='ltr'><strong>ego</strong></span> <span class='ocrx_word' id='word_1_557' title='bbox 1886 4865 1964 4911; x_wconf 83' lang='lat' dir='ltr'><strong>tot</strong></span> 
     </span>
    </p>
   </div>
   <div class='ocr_carea' id='block_1_77' title="bbox 391 4924 1963 5016">
    <p class='ocr_par' dir='ltr' id='par_1_77' title="bbox 391 4924 1963 5016">
     <span class='ocr_line' id='line_1_77' title="bbox 391 4924 1963 5016; baseline 0.017 -41"><span class='ocrx_word' id='word_1_558' title='bbox 391 4924 671 4994; x_wconf 89' lang='lat' dir='ltr'><strong>tantisque</strong></span> <span class='ocrx_word' id='word_1_559' title='bbox 729 4927 1014 4984; x_wconf 85' lang='lat' dir='ltr'><strong>beneﬁciis</strong></span> <span class='ocrx_word' id='word_1_560' title='bbox 1072 4933 1388 5002; x_wconf 87' lang='lat' dir='ltr'><strong>cumulavi;</strong></span> <span class='ocrx_word' id='word_1_561' title='bbox 1437 4936 1567 4990; x_wconf 91' lang='lat' dir='ltr'><strong>hinc</strong></span> <span class='ocrx_word' id='word_1_562' title='bbox 1623 4937 1813 4998; x_wconf 85' lang='lat' dir='ltr'><strong>hostes</strong></span> <span class='ocrx_word' id='word_1_563' title='bbox 1870 4947 1963 5016; x_wconf 92' lang='lat' dir='ltr'><strong>qui</strong></span> 
     </span>
    </p>
   </div>
   <div class='ocr_carea' id='block_1_78' title="bbox 391 5015 1964 5098">
    <p class='ocr_par' dir='ltr' id='par_1_78' title="bbox 391 5015 1964 5098">
     <span class='ocr_line' id='line_1_78' title="bbox 391 5015 1964 5098; baseline 0.015 -31"><span class='ocrx_word' id='word_1_564' title='bbox 391 5015 594 5069; x_wconf 85' lang='lat' dir='ltr'><strong>bellum</strong></span> <span class='ocrx_word' id='word_1_565' title='bbox 620 5017 700 5072; x_wconf 91' lang='lat' dir='ltr'><strong>eis</strong></span> <span class='ocrx_word' id='word_1_566' title='bbox 723 5019 1040 5076; x_wconf 84' lang='lat' dir='ltr'><strong>inferebant</strong></span> <span class='ocrx_word' id='word_1_567' title='bbox 1066 5024 1234 5078; x_wconf 87' lang='lat' dir='ltr'><strong>variis</strong></span> <span class='ocrx_word' id='word_1_568' title='bbox 1283 5029 1479 5082; x_wconf 89' lang='lat' dir='ltr'><strong>mortis</strong></span> <span class='ocrx_word' id='word_1_569' title='bbox 1529 5032 1824 5098; x_wconf 86' lang='lat' dir='ltr'><strong>generibus</strong></span> <span class='ocrx_word' id='word_1_570' title='bbox 1850 5044 1964 5092; x_wconf 88' lang='lat' dir='ltr'><strong>tra-</strong></span> 
     </span>
    </p>
   </div>
   <div class='ocr_carea' id='block_1_79' title="bbox 389 5107 1961 5193">
    <p class='ocr_par' dir='ltr' id='par_1_79' title="bbox 389 5107 1961 5193">
     <span class='ocr_line' id='line_1_79' title="bbox 389 5107 1961 5193; baseline 0.016 -34"><span class='ocrx_word' id='word_1_571' title='bbox 389 5107 564 5172; x_wconf 86' lang='lat' dir='ltr'><strong>deus;</strong></span> <span class='ocrx_word' id='word_1_572' title='bbox 593 5107 719 5162; x_wconf 89' lang='lat' dir='ltr'><strong>hinc</strong></span> <span class='ocrx_word' id='word_1_573' title='bbox 747 5109 926 5168; x_wconf 82' lang='lat' dir='ltr'><strong>fontes</strong></span> <span class='ocrx_word' id='word_1_574' title='bbox 964 5113 1102 5182; x_wconf 88' lang='lat' dir='ltr'><strong>ipsis</strong></span> <span class='ocrx_word' id='word_1_575' title='bbox 1140 5115 1536 5174; x_wconf 66' lang='lat' dir='ltr'><strong>misericordiae</strong></span> <span class='ocrx_word' id='word_1_576' title='bbox 1580 5123 1860 5193; x_wconf 82' lang='lat' dir='ltr'><strong>aperiens,</strong></span> <span class='ocrx_word' id='word_1_577' title='bbox 1904 5137 1961 5183; x_wconf 86' lang='lat' dir='ltr'><strong>et</strong></span> 
     </span>
    </p>
   </div>
   <div class='ocr_carea' id='block_1_80' title="bbox 390 5195 1964 5277">
    <p class='ocr_par' dir='ltr' id='par_1_80' title="bbox 390 5195 1964 5277">
     <span class='ocr_line' id='line_1_80' title="bbox 390 5195 1964 5277; baseline 0.015 -31"><span class='ocrx_word' id='word_1_578' title='bbox 390 5195 538 5249; x_wconf 79' lang='lat' dir='ltr'><strong>ulnni</strong></span> <span class='ocrx_word' id='word_1_579' title='bbox 571 5198 747 5266; x_wconf 81' lang='lat' dir='ltr'><strong>gratia</strong></span> <span class='ocrx_word' id='word_1_580' title='bbox 769 5215 864 5256; x_wconf 89' lang='lat' dir='ltr'><strong>eos</strong></span> <span class='ocrx_word' id='word_1_581' title='bbox 896 5203 1182 5270; x_wconf 88' lang='lat' dir='ltr'><strong>complens</strong></span> <span class='ocrx_word' id='word_1_582' title='bbox 1218 5223 1230 5258; x_wconf 92' lang='lat'>:</span> <span class='ocrx_word' id='word_1_583' title='bbox 1271 5205 1377 5276; x_wconf 91' lang='lat' dir='ltr'><strong>ipsi</strong></span> <span class='ocrx_word' id='word_1_584' title='bbox 1413 5224 1544 5264; x_wconf 87' lang='lat' dir='ltr'><strong>vero</strong></span> <span class='ocrx_word' id='word_1_585' title='bbox 1577 5225 1690 5277; x_wconf 90' lang='lat' dir='ltr'><strong>me,</strong></span> <span class='ocrx_word' id='word_1_586' title='bbox 1737 5228 1862 5269; x_wconf 91' lang='lat' dir='ltr'><strong>cum</strong></span> <span class='ocrx_word' id='word_1_587' title='bbox 1894 5216 1964 5270; x_wconf 91' lang='lat' dir='ltr'><strong>ad</strong></span> 
     </span>
    </p>
   </div>
   <div class='ocr_carea' id='block_1_81' title="bbox 388 5286 1960 5372">
    <p class='ocr_par' dir='ltr' id='par_1_81' title="bbox 388 5286 1960 5372">
     <span class='ocr_line' id='line_1_81' title="bbox 388 5286 1960 5372; baseline 0.014 -32"><span class='ocrx_word' id='word_1_588' title='bbox 388 5301 487 5341; x_wconf 82' lang='lat' dir='ltr'><strong>eos</strong></span> <span class='ocrx_word' id='word_1_589' title='bbox 534 5286 832 5352; x_wconf 90' lang='lat' dir='ltr'><strong>venissem,</strong></span> <span class='ocrx_word' id='word_1_590' title='bbox 877 5294 1174 5351; x_wconf 89' lang='lat' dir='ltr'><strong>contrariis</strong></span> <span class='ocrx_word' id='word_1_591' title='bbox 1225 5295 1385 5352; x_wconf 83' lang='lat' dir='ltr'><strong>factis</strong></span> <span class='ocrx_word' id='word_1_592' title='bbox 1426 5304 1760 5357; x_wconf 87' lang='lat' dir='ltr'><strong>remunerati</strong></span> <span class='ocrx_word' id='word_1_593' title='bbox 1808 5317 1960 5372; x_wconf 91' lang='lat' dir='ltr'><strong>sunt,</strong></span> 
     </span>
    </p>
   </div>
   <div class='ocr_carea' id='block_1_82' title="bbox 387 5379 1960 5458">
    <p class='ocr_par' dir='ltr' id='par_1_82' title="bbox 387 5379 1960 5458">
     <span class='ocr_line' id='line_1_82' title="bbox 387 5379 1960 5458; baseline 0.013 -26"><span class='ocrx_word' id='word_1_594' title='bbox 387 5386 445 5433; x_wconf 89' lang='lat' dir='ltr'><strong>et</strong></span> <span class='ocrx_word' id='word_1_595' title='bbox 508 5379 561 5433; x_wconf 92' lang='lat' dir='ltr'><strong>in</strong></span> <span class='ocrx_word' id='word_1_596' title='bbox 626 5395 848 5435; x_wconf 88' lang='lat' dir='ltr'><strong>crucem</strong></span> <span class='ocrx_word' id='word_1_597' title='bbox 901 5392 1085 5438; x_wconf 89' lang='lat' dir='ltr'><strong>actum</strong></span> <span class='ocrx_word' id='word_1_598' title='bbox 1137 5386 1418 5458; x_wconf 88' lang='lat' dir='ltr'><strong>clavisque</strong></span> <span class='ocrx_word' id='word_1_599' title='bbox 1466 5392 1682 5448; x_wconf 80' lang='lat' dir='ltr'><strong>allixum</strong></span> <span class='ocrx_word' id='word_1_600' title='bbox 1736 5396 1960 5453; x_wconf 89' lang='lat' dir='ltr'><strong>militari</strong></span> 
     </span>
    </p>
   </div>
   <div class='ocr_carea' id='block_1_83' title="bbox 388 5468 1964 5544">
    <p class='ocr_par' dir='ltr' id='par_1_83' title="bbox 388 5468 1964 5544">
     <span class='ocr_line' id='line_1_83' title="bbox 388 5468 1964 5544; baseline 0.014 -22"><span class='ocrx_word' id='word_1_601' title='bbox 388 5468 576 5525; x_wconf 88' lang='lat' dir='ltr'><strong>lancea</strong></span> <span class='ocrx_word' id='word_1_602' title='bbox 611 5471 676 5525; x_wconf 90' lang='lat' dir='ltr'><strong>ad</strong></span> <span class='ocrx_word' id='word_1_603' title='bbox 706 5471 849 5527; x_wconf 88' lang='lat' dir='ltr'><strong>latus</strong></span> <span class='ocrx_word' id='word_1_604' title='bbox 880 5485 1320 5543; x_wconf 80' lang='lat' dir='ltr'><strong>compunxerunt</strong></span> <span class='ocrx_word' id='word_1_605' title='bbox 1343 5517 1356 5541; x_wconf 94' lang='lat'><strong>,</strong></span> <span class='ocrx_word' id='word_1_606' title='bbox 1389 5487 1442 5531; x_wconf 86' lang='lat' dir='ltr'><strong>et</strong></span> <span class='ocrx_word' id='word_1_607' title='bbox 1471 5481 1702 5539; x_wconf 89' lang='lat' dir='ltr'><strong>irridere</strong></span> <span class='ocrx_word' id='word_1_608' title='bbox 1737 5501 1844 5541; x_wconf 90' lang='lat' dir='ltr'><strong>non</strong></span> <span class='ocrx_word' id='word_1_609' title='bbox 1877 5489 1964 5544; x_wconf 86' lang='lat' dir='ltr'><strong>de-</strong></span> 
     </span>
    </p>
   </div>
   <div class='ocr_carea' id='block_1_84' title="bbox 2070 3212 3660 3284">
    <p class='ocr_par' dir='ltr' id='par_1_84' title="bbox 2070 3212 3660 3284">
     <span class='ocr_line' id='line_1_84' title="bbox 2070 3212 3660 3284; baseline -0.001 -17"><span class='ocrx_word' id='word_1_610' title='bbox 2070 3212 2274 3283; x_wconf 85' lang='grc' dir='ltr'>Κύριος</span> <span class='ocrx_word' id='word_1_611' title='bbox 2313 3213 2495 3284; x_wconf 86' lang='grc' dir='ltr'>πάσης</span> <span class='ocrx_word' id='word_1_612' title='bbox 2524 3213 2718 3276; x_wconf 83' lang='grc' dir='ltr'>αὐτοὺς</span> <span class='ocrx_word' id='word_1_613' title='bbox 2745 3213 3082 3284; x_wconf 75' lang='grc' dir='ltr'>ἀντιλήψεως</span> <span class='ocrx_word' id='word_1_614' title='bbox 3129 3213 3370 3278; x_wconf 80' lang='grc' dir='ltr'>ἀξιώσει,</span> <span class='ocrx_word' id='word_1_615' title='bbox 3406 3213 3503 3266; x_wconf 68' lang='grc' dir='ltr'><strong>καὶ</strong></span> <span class='ocrx_word' id='word_1_616' title='bbox 3531 3229 3660 3266; x_wconf 82' lang='grc' dir='ltr'>τοσο</span> 
     </span>
    </p>
   </div>
   <div class='ocr_carea' id='block_1_85' title="bbox 2069 3305 3662 3377">
    <p class='ocr_par' dir='ltr' id='par_1_85' title="bbox 2069 3305 3662 3377">
     <span class='ocr_line' id='line_1_85' title="bbox 2069 3305 3662 3377; baseline -0.001 -19"><span class='ocrx_word' id='word_1_617' title='bbox 2069 3305 2238 3376; x_wconf 87' lang='grc' dir='ltr'>αύτην</span> <span class='ocrx_word' id='word_1_618' title='bbox 2273 3305 2458 3368; x_wconf 79' lang='grc' dir='ltr'>αὐτοῖς</span> <span class='ocrx_word' id='word_1_619' title='bbox 2507 3305 2736 3376; x_wconf 83' lang='grc' dir='ltr'>παρέξει</span> <span class='ocrx_word' id='word_1_620' title='bbox 2771 3305 2985 3377; x_wconf 75' lang='grc' dir='ltr'>ῥώμην,</span> <span class='ocrx_word' id='word_1_621' title='bbox 3017 3305 3158 3359; x_wconf 84' lang='grc' dir='ltr'>ὥστε</span> <span class='ocrx_word' id='word_1_622' title='bbox 3193 3305 3283 3360; x_wconf 81' lang='grc' dir='ltr'><strong>τὸν</strong></span> <span class='ocrx_word' id='word_1_623' title='bbox 3334 3305 3662 3359; x_wconf 80' lang='grc' dir='ltr'>ἀσθενέσταο</span> 
     </span>
    </p>
   </div>
   <div class='ocr_carea' id='block_1_86' title="bbox 2068 3394 3660 3467">
    <p class='ocr_par' dir='ltr' id='par_1_86' title="bbox 2068 3394 3660 3467">
     <span class='ocr_line' id='line_1_86' title="bbox 2068 3394 3660 3467; baseline -0.003 -17"><span class='ocrx_word' id='word_1_624' title='bbox 2068 3415 2159 3451; x_wconf 89' lang='grc' dir='ltr'><strong>τον</strong></span> <span class='ocrx_word' id='word_1_625' title='bbox 2215 3396 2292 3467; x_wconf 83' lang='grc' dir='ltr'>τῷ</span> <span class='ocrx_word' id='word_1_626' title='bbox 2345 3395 2610 3466; x_wconf 83' lang='grc' dir='ltr'>βασιλικῷ</span> <span class='ocrx_word' id='word_1_627' title='bbox 2664 3396 3113 3466; x_wconf 79' lang='grc' dir='ltr'>παραϐάλλεσθαι</span> <span class='ocrx_word' id='word_1_628' title='bbox 3176 3396 3311 3465; x_wconf 77' lang='grc' dir='ltr'>οἴκῳ</span> <span class='ocrx_word' id='word_1_629' title='bbox 3367 3394 3588 3466; x_wconf 67' lang='grc' dir='ltr'>(τοῦτον</span> <span class='ocrx_word' id='word_1_630' title='bbox 3611 3395 3660 3428; x_wconf 79' lang='grc'><strong>’⁸</strong></span> 
     </span>
    </p>
   </div>
   <div class='ocr_carea' id='block_1_87' title="bbox 2069 3481 3660 3558">
    <p class='ocr_par' dir='ltr' id='par_1_87' title="bbox 2069 3481 3660 3558">
     <span class='ocr_line' id='line_1_87' title="bbox 2069 3481 3660 3558; baseline -0.001 -16"><span class='ocrx_word' id='word_1_631' title='bbox 2069 3489 2178 3558; x_wconf 83' lang='grc' dir='ltr'>γὰρ</span> <span class='ocrx_word' id='word_1_632' title='bbox 2208 3487 2468 3542; x_wconf 75' lang='grc' dir='ltr'>ἐκάλεσεν</span> <span class='ocrx_word' id='word_1_633' title='bbox 2499 3484 2668 3542; x_wconf 80' lang='grc' dir='ltr'>οἷκον</span> <span class='ocrx_word' id='word_1_634' title='bbox 2708 3487 2907 3558; x_wconf 78' lang='grc' dir='ltr'><strong>Δαϐἰδ)</strong></span> <span class='ocrx_word' id='word_1_635' title='bbox 2933 3529 2948 3552; x_wconf 88' lang='grc'><strong>,</strong></span> <span class='ocrx_word' id='word_1_636' title='bbox 3001 3487 3093 3540; x_wconf 81' lang='grc' dir='ltr'><strong>τὸν</strong></span> <span class='ocrx_word' id='word_1_637' title='bbox 3124 3487 3180 3541; x_wconf 85' lang='grc' dir='ltr'><strong>δὲ</strong></span> <span class='ocrx_word' id='word_1_638' title='bbox 3208 3486 3487 3557; x_wconf 73' lang='grc' dir='ltr'>βασιλικὸν</span> <span class='ocrx_word' id='word_1_639' title='bbox 3513 3481 3660 3540; x_wconf 81' lang='grc' dir='ltr'>οἷκον</span> 
     </span>
    </p>
   </div>
   <div class='ocr_carea' id='block_1_88' title="bbox 2069 3578 3661 3648">
    <p class='ocr_par' dir='ltr' id='par_1_88' title="bbox 2069 3578 3661 3648">
     <span class='ocr_line' id='line_1_88' title="bbox 2069 3578 3661 3648; baseline 0 -16"><span class='ocrx_word' id='word_1_640' title='bbox 2069 3579 2163 3632; x_wconf 80' lang='grc' dir='ltr'>τοῦ</span> <span class='ocrx_word' id='word_1_641' title='bbox 2212 3579 2356 3633; x_wconf 89' lang='grc' dir='ltr'>θείου</span> <span class='ocrx_word' id='word_1_642' title='bbox 2396 3578 2544 3632; x_wconf 81' lang='grc' dir='ltr'>οἴκου</span> <span class='ocrx_word' id='word_1_643' title='bbox 2581 3579 2864 3648; x_wconf 87' lang='grc' dir='ltr'>μιμεῖσθαι</span> <span class='ocrx_word' id='word_1_644' title='bbox 2898 3578 2958 3631; x_wconf 87' lang='grc' dir='ltr'><strong>τδ</strong></span> <span class='ocrx_word' id='word_1_645' title='bbox 2987 3578 3208 3646; x_wconf 88' lang='grc' dir='ltr'>άσυλον,</span> <span class='ocrx_word' id='word_1_646' title='bbox 3261 3578 3403 3631; x_wconf 85' lang='grc' dir='ltr'>ὥστε</span> <span class='ocrx_word' id='word_1_647' title='bbox 3451 3578 3661 3642; x_wconf 81' lang='grc' dir='ltr'>πάντας</span> 
     </span>
    </p>
   </div>
   <div class='ocr_carea' id='block_1_89' title="bbox 2071 3669 3661 3742">
    <p class='ocr_par' dir='ltr' id='par_1_89' title="bbox 2071 3669 3661 3742">
     <span class='ocr_line' id='line_1_89' title="bbox 2071 3669 3661 3742; baseline 0 -20"><span class='ocrx_word' id='word_1_648' title='bbox 2071 3671 2151 3733; x_wconf 85' lang='grc' dir='ltr'><strong>είς</strong></span> <span class='ocrx_word' id='word_1_649' title='bbox 2200 3671 2384 3735; x_wconf 82' lang='grc' dir='ltr'>αὐτὸν,</span> <span class='ocrx_word' id='word_1_650' title='bbox 2439 3671 2513 3733; x_wconf 87' lang='grc' dir='ltr'>ὼς</span> <span class='ocrx_word' id='word_1_651' title='bbox 2547 3671 2626 3734; x_wconf 82' lang='grc' dir='ltr'><strong>είς</strong></span> <span class='ocrx_word' id='word_1_652' title='bbox 2681 3670 2774 3723; x_wconf 84' lang='grc' dir='ltr'><strong>τὸν</strong></span> <span class='ocrx_word' id='word_1_653' title='bbox 2818 3669 2960 3723; x_wconf 87' lang='grc' dir='ltr'>θεῖον</span> <span class='ocrx_word' id='word_1_654' title='bbox 3018 3670 3386 3739; x_wconf 85' lang='grc' dir='ltr'>καταφεύγειν</span> <span class='ocrx_word' id='word_1_655' title='bbox 3429 3669 3584 3733; x_wconf 89' lang='grc' dir='ltr'>νεὼν,</span> <span class='ocrx_word' id='word_1_656' title='bbox 3624 3670 3661 3742; x_wconf 74' lang='grc' dir='ltr'>ἢ</span> 
     </span>
    </p>
   </div>
   <div class='ocr_carea' id='block_1_90' title="bbox 2070 3761 3656 3834">
    <p class='ocr_par' dir='ltr' id='par_1_90' title="bbox 2070 3761 3656 3834">
     <span class='ocr_line' id='line_1_90' title="bbox 2070 3761 3656 3834; baseline 0.001 -22"><span class='ocrx_word' id='word_1_657' title='bbox 2070 3761 2144 3824; x_wconf 84' lang='grc' dir='ltr'>ὡς</span> <span class='ocrx_word' id='word_1_658' title='bbox 2200 3761 2416 3831; x_wconf 84' lang='grc' dir='ltr'>ἀγγέλῳ</span> <span class='ocrx_word' id='word_1_659' title='bbox 2475 3762 2555 3824; x_wconf 85' lang='grc' dir='ltr'><strong>είς</strong></span> <span class='ocrx_word' id='word_1_660' title='bbox 2625 3761 2900 3831; x_wconf 88' lang='grc' dir='ltr'>σωτηρίαν</span> <span class='ocrx_word' id='word_1_661' title='bbox 2951 3762 3347 3832; x_wconf 82' lang='grc' dir='ltr'>ἀπεσταλμένῳ</span> <span class='ocrx_word' id='word_1_662' title='bbox 3393 3762 3656 3834; x_wconf 77' lang='grc' dir='ltr'>θαρρεῖν·</span> 
     </span>
    </p>
   </div>
   <div class='ocr_carea' id='block_1_91' title="bbox 2069 3852 3661 3926">
    <p class='ocr_par' dir='ltr' id='par_1_91' title="bbox 2069 3852 3661 3926">
     <span class='ocr_line' id='line_1_91' title="bbox 2069 3852 3661 3926; baseline 0 -21"><span class='ocrx_word' id='word_1_663' title='bbox 2069 3852 2323 3907; x_wconf 82' lang='grc' dir='ltr'>τοσοῦτον</span> <span class='ocrx_word' id='word_1_664' title='bbox 2377 3853 2486 3924; x_wconf 90' lang='grc' dir='ltr'><strong>γάρ</strong></span> <span class='ocrx_word' id='word_1_665' title='bbox 2526 3853 2632 3906; x_wconf 85' lang='grc' dir='ltr'><strong>ἀπὸ</strong></span> <span class='ocrx_word' id='word_1_666' title='bbox 2672 3853 2770 3924; x_wconf 85' lang='grc' dir='ltr'>τῆς</span> <span class='ocrx_word' id='word_1_667' title='bbox 2821 3853 2977 3925; x_wconf 88' lang='grc' dir='ltr'>νίκης</span> <span class='ocrx_word' id='word_1_668' title='bbox 3027 3855 3080 3906; x_wconf 80' lang='grc' dir='ltr'>οἱ</span> <span class='ocrx_word' id='word_1_669' title='bbox 3131 3855 3260 3926; x_wconf 70' lang='grc' dir='ltr'>περὶ</span> <span class='ocrx_word' id='word_1_670' title='bbox 3317 3853 3518 3908; x_wconf 88' lang='grc' dir='ltr'>Ἰούδαν</span> <span class='ocrx_word' id='word_1_671' title='bbox 3567 3855 3661 3907; x_wconf 77' lang='grc' dir='ltr'><strong>καὶ</strong></span> 
     </span>
    </p>
   </div>
   <div class='ocr_carea' id='block_1_92' title="bbox 2084 3941 3660 4017">
    <p class='ocr_par' dir='ltr' id='par_1_92' title="bbox 2084 3941 3660 4017">
     <span class='ocr_line' id='line_1_92' title="bbox 2084 3941 3660 4017; baseline 0 -21"><span class='ocrx_word' id='word_1_672' title='bbox 2084 3942 2341 3998; x_wconf 88' lang='grc' dir='ltr'>Ἰωνάθαν</span> <span class='ocrx_word' id='word_1_673' title='bbox 2375 3941 2768 4015; x_wconf 87' lang='grc' dir='ltr'>ἐκαρπώσαντο</span> <span class='ocrx_word' id='word_1_674' title='bbox 2794 3944 2970 4008; x_wconf 85' lang='grc' dir='ltr'>κλέος,</span> <span class='ocrx_word' id='word_1_675' title='bbox 3002 3943 3144 3997; x_wconf 84' lang='grc' dir='ltr'>ὥστε</span> <span class='ocrx_word' id='word_1_676' title='bbox 3167 3945 3294 4009; x_wconf 82' lang='grc' dir='ltr'>τοὺς</span> <span class='ocrx_word' id='word_1_677' title='bbox 3323 3945 3660 4017; x_wconf 81' lang='grc' dir='ltr'>περιοίκους,</span> 
     </span>
    </p>
   </div>
   <div class='ocr_carea' id='block_1_93' title="bbox 2071 4035 3656 4114">
    <p class='ocr_par' dir='ltr' id='par_1_93' title="bbox 2071 4035 3656 4114">
     <span class='ocr_line' id='line_1_93' title="bbox 2071 4035 3656 4114; baseline 0.003 -27"><span class='ocrx_word' id='word_1_678' title='bbox 2071 4035 2165 4088; x_wconf 70' lang='grc' dir='ltr'>καὶ</span> <span class='ocrx_word' id='word_1_679' title='bbox 2194 4035 2604 4105; x_wconf 87' lang='grc' dir='ltr'>ἀστυγείτονας,</span> <span class='ocrx_word' id='word_1_680' title='bbox 2643 4037 2736 4090; x_wconf 79' lang='grc' dir='ltr'><strong>καὶ</strong></span> <span class='ocrx_word' id='word_1_681' title='bbox 2769 4035 3202 4114; x_wconf 83' lang='grc' dir='ltr'>πλησιοχώρους,</span> <span class='ocrx_word' id='word_1_682' title='bbox 3237 4038 3441 4092; x_wconf 88' lang='grc' dir='ltr'>τούτων</span> <span class='ocrx_word' id='word_1_683' title='bbox 3475 4037 3656 4108; x_wconf 86' lang='grc' dir='ltr'>ἁρπά-</span> 
     </span>
    </p>
   </div>
   <div class='ocr_carea' id='block_1_94' title="bbox 2072 4123 3658 4196">
    <p class='ocr_par' dir='ltr' id='par_1_94' title="bbox 2072 4123 3658 4196">
     <span class='ocr_line' id='line_1_94' title="bbox 2072 4123 3658 4196; baseline 0.003 -20"><span class='ocrx_word' id='word_1_684' title='bbox 2072 4140 2164 4177; x_wconf 90' lang='grc' dir='ltr'><strong>σαι</strong></span> <span class='ocrx_word' id='word_1_685' title='bbox 2187 4123 2284 4195; x_wconf 82' lang='grc' dir='ltr'><strong>τὴν</strong></span> <span class='ocrx_word' id='word_1_686' title='bbox 2309 4124 2627 4195; x_wconf 84' lang='grc' dir='ltr'>συμμαχίαν</span> <span class='ocrx_word' id='word_1_687' title='bbox 2660 4141 2669 4152; x_wconf 93' lang='grc'>·</span> <span class='ocrx_word' id='word_1_688' title='bbox 2697 4125 2758 4178; x_wconf 84' lang='grc' dir='ltr'><strong>ού</strong></span> <span class='ocrx_word' id='word_1_689' title='bbox 2799 4125 2958 4196; x_wconf 83' lang='grc' dir='ltr'>μόνον</span> <span class='ocrx_word' id='word_1_690' title='bbox 2993 4126 3049 4179; x_wconf 89' lang='grc' dir='ltr'><strong>δέ</strong></span> <span class='ocrx_word' id='word_1_691' title='bbox 3073 4127 3123 4179; x_wconf 78' lang='lat' dir='ltr'><strong>oi</strong></span> <span class='ocrx_word' id='word_1_692' title='bbox 3144 4126 3493 4193; x_wconf 81' lang='grc' dir='ltr'>πελάζοντες,</span> <span class='ocrx_word' id='word_1_693' title='bbox 3521 4126 3658 4180; x_wconf 80' lang='grc' dir='ltr'>ἀλλὰ</span> 
     </span>
    </p>
   </div>
   <div class='ocr_carea' id='block_1_95' title="bbox 2070 4216 3659 4290">
    <p class='ocr_par' dir='ltr' id='par_1_95' title="bbox 2070 4216 3659 4290">
     <span class='ocr_line' id='line_1_95' title="bbox 2070 4216 3659 4290; baseline 0.002 -20"><span class='ocrx_word' id='word_1_694' title='bbox 2070 4216 2164 4270; x_wconf 75' lang='grc' dir='ltr'>καὶ</span> <span class='ocrx_word' id='word_1_695' title='bbox 2195 4218 2242 4269; x_wconf 81' lang='grc' dir='ltr'>οἱ</span> <span class='ocrx_word' id='word_1_696' title='bbox 2270 4217 2605 4287; x_wconf 84' lang='grc' dir='ltr'>παμπόλλων</span> <span class='ocrx_word' id='word_1_697' title='bbox 2659 4217 2888 4289; x_wconf 81' lang='grc' dir='ltr'>ἡμερῶν</span> <span class='ocrx_word' id='word_1_698' title='bbox 2941 4217 3059 4272; x_wconf 76' lang='grc' dir='ltr'>ὁδὸν</span> <span class='ocrx_word' id='word_1_699' title='bbox 3118 4219 3528 4290; x_wconf 84' lang='grc' dir='ltr'>ἀφεστηκότες,</span> <span class='ocrx_word' id='word_1_700' title='bbox 3563 4220 3659 4278; x_wconf 78' lang='grc' dir='ltr'><strong>καὶ</strong></span> 
     </span>
    </p>
   </div>
   <div class='ocr_carea' id='block_1_96' title="bbox 2070 4307 3654 4380">
    <p class='ocr_par' dir='ltr' id='par_1_96' title="bbox 2070 4307 3654 4380">
     <span class='ocr_line' id='line_1_96' title="bbox 2070 4307 3654 4380; baseline 0.003 -22"><span class='ocrx_word' id='word_1_701' title='bbox 2070 4307 2128 4359; x_wconf 89' lang='grc' dir='ltr'><strong>ἐν</strong></span> <span class='ocrx_word' id='word_1_702' title='bbox 2188 4309 2303 4369; x_wconf 85' lang='grc' dir='ltr'>τοῖς</span> <span class='ocrx_word' id='word_1_703' title='bbox 2349 4307 2623 4378; x_wconf 77' lang='grc' dir='ltr'>ἑσπερίοις</span> <span class='ocrx_word' id='word_1_704' title='bbox 2677 4307 3059 4372; x_wconf 80' lang='grc' dir='ltr'>κατοικοῦντες</span> <span class='ocrx_word' id='word_1_705' title='bbox 3110 4309 3300 4380; x_wconf 87' lang='grc' dir='ltr'>μέρεσι</span> <span class='ocrx_word' id='word_1_706' title='bbox 3369 4309 3654 4380; x_wconf 87' lang='grc' dir='ltr'>Ῥωμαῖοι,</span> 
     </span>
    </p>
   </div>
   <div class='ocr_carea' id='block_1_97' title="bbox 2073 4398 3654 4472">
    <p class='ocr_par' dir='ltr' id='par_1_97' title="bbox 2073 4398 3654 4472">
     <span class='ocr_line' id='line_1_97' title="bbox 2073 4398 3654 4472; baseline 0.003 -20"><span class='ocrx_word' id='word_1_707' title='bbox 2073 4398 2168 4452; x_wconf 71' lang='grc' dir='ltr'>καὶ</span> <span class='ocrx_word' id='word_1_708' title='bbox 2209 4400 2576 4470; x_wconf 80' lang='grc' dir='ltr'>Σπαρτιᾶται,</span> <span class='ocrx_word' id='word_1_709' title='bbox 2616 4399 2715 4471; x_wconf 84' lang='grc' dir='ltr'><strong>τὴν</strong></span> <span class='ocrx_word' id='word_1_710' title='bbox 2740 4400 2946 4454; x_wconf 83' lang='grc' dir='ltr'>τούτων</span> <span class='ocrx_word' id='word_1_711' title='bbox 2981 4401 3301 4472; x_wconf 83' lang='grc' dir='ltr'>συμμαχίαν</span> <span class='ocrx_word' id='word_1_712' title='bbox 3345 4404 3483 4472; x_wconf 66' lang='grc' dir='ltr'>μετὰ</span> <span class='ocrx_word' id='word_1_713' title='bbox 3515 4403 3654 4456; x_wconf 88' lang='grc' dir='ltr'>πολ-</span> 
     </span>
    </p>
   </div>
   <div class='ocr_carea' id='block_1_98' title="bbox 2003 4482 2878 4560">
    <p class='ocr_par' dir='ltr' id='par_1_98' title="bbox 2003 4482 2878 4560">
     <span class='ocr_line' id='line_1_98' title="bbox 2003 4482 2878 4560; baseline 0.006 -19"><span class='ocrx_word' id='word_1_714' title='bbox 2003 4482 2046 4536; x_wconf 90' lang='grc'><strong>1)</strong></span> <span class='ocrx_word' id='word_1_715' title='bbox 2075 4490 2172 4560; x_wconf 86' lang='grc' dir='ltr'>λῆς</span> <span class='ocrx_word' id='word_1_716' title='bbox 2202 4489 2516 4559; x_wconf 69' lang='grc' dir='ltr'>ἠσπάσαντο</span> <span class='ocrx_word' id='word_1_717' title='bbox 2547 4490 2878 4560; x_wconf 82' lang='grc' dir='ltr'>προθυμίας.</span> 
     </span>
    </p>
   </div>
   <div class='ocr_carea' id='block_1_99' title="bbox 2149 4581 3658 4656">
    <p class='ocr_par' dir='ltr' id='par_1_99' title="bbox 2149 4581 3658 4656">
     <span class='ocr_line' id='line_1_99' title="bbox 2149 4581 3658 4656; baseline 0.002 -22"><span class='ocrx_word' id='word_1_718' title='bbox 2149 4581 2214 4646; x_wconf 83' lang='grc' dir='ltr'>θ’,</span> <span class='ocrx_word' id='word_1_719' title='bbox 2248 4588 2298 4635; x_wconf 86' lang='grc' dir='ltr'>ι’.</span> <span class='ocrx_word' id='word_1_720' title='bbox 2342 4601 2358 4632; x_wconf 80' lang='grc' dir='ltr'><strong>ι</strong></span> <span class='ocrx_word' id='word_1_721' title='bbox 2385 4581 2495 4635; x_wconf 80' lang='grc' dir='ltr'>Καὶ</span> <span class='ocrx_word' id='word_1_722' title='bbox 2547 4581 2700 4635; x_wconf 79' lang='grc' dir='ltr'>ἔσται</span> <span class='ocrx_word' id='word_1_723' title='bbox 2736 4583 2793 4634; x_wconf 88' lang='grc' dir='ltr'><strong>ἐν</strong></span> <span class='ocrx_word' id='word_1_724' title='bbox 2843 4585 2913 4654; x_wconf 82' lang='grc' dir='ltr'>τῇ</span> <span class='ocrx_word' id='word_1_725' title='bbox 2948 4583 3134 4654; x_wconf 80' lang='grc' dir='ltr'>ἡμέρᾳ</span> <span class='ocrx_word' id='word_1_726' title='bbox 3175 4583 3382 4656; x_wconf 82' lang='grc' dir='ltr'>ἐκείνη,</span> <span class='ocrx_word' id='word_1_727' title='bbox 3433 4583 3658 4656; x_wconf 80' lang='grc' dir='ltr'>ζητήσω</span> 
     </span>
    </p>
   </div>
   <div class='ocr_carea' id='block_1_100' title="bbox 2075 4671 3652 4746">
    <p class='ocr_par' dir='ltr' id='par_1_100' title="bbox 2075 4671 3652 4746">
     <span class='ocr_line' id='line_1_100' title="bbox 2075 4671 3652 4746; baseline 0.002 -21"><span class='ocrx_word' id='word_1_728' title='bbox 2075 4671 2268 4742; x_wconf 81' lang='grc' dir='ltr'>ἐξᾶραι</span> <span class='ocrx_word' id='word_1_729' title='bbox 2305 4672 2481 4727; x_wconf 86' lang='grc' dir='ltr'>πάντα</span> <span class='ocrx_word' id='word_1_730' title='bbox 2508 4673 2578 4725; x_wconf 85' lang='grc' dir='ltr'>τὰ</span> <span class='ocrx_word' id='word_1_731' title='bbox 2604 4672 2734 4742; x_wconf 78' lang='grc' dir='ltr'>ἔθνη</span> <span class='ocrx_word' id='word_1_732' title='bbox 2760 4672 2830 4726; x_wconf 84' lang='grc' dir='ltr'><strong>τὰ</strong></span> <span class='ocrx_word' id='word_1_733' title='bbox 2863 4673 3134 4744; x_wconf 85' lang='grc' dir='ltr'>ἐρχόμενα</span> <span class='ocrx_word' id='word_1_734' title='bbox 3167 4675 3652 4746; x_wconf 71' lang='grc' dir='ltr'>ἐπὶἸερουσαλήμ.</span> 
     </span>
    </p>
   </div>
   <div class='ocr_carea' id='block_1_101' title="bbox 2077 4763 3653 4837">
    <p class='ocr_par' dir='ltr' id='par_1_101' title="bbox 2077 4763 3653 4837">
     <span class='ocr_line' id='line_1_101' title="bbox 2077 4763 3653 4837; baseline 0.002 -18"><span class='ocrx_word' id='word_1_735' title='bbox 2077 4767 2185 4820; x_wconf 72' lang='grc' dir='ltr'>Καὶ</span> <span class='ocrx_word' id='word_1_736' title='bbox 2241 4766 2417 4837; x_wconf 89' lang='grc' dir='ltr'>ἐκχεῶ</span> <span class='ocrx_word' id='word_1_737' title='bbox 2446 4768 2538 4820; x_wconf 69' lang='grc' dir='ltr'>ἐπὶ</span> <span class='ocrx_word' id='word_1_738' title='bbox 2563 4767 2654 4820; x_wconf 82' lang='grc' dir='ltr'><strong>τὸν</strong></span> <span class='ocrx_word' id='word_1_739' title='bbox 2677 4763 2823 4820; x_wconf 74' lang='grc' dir='ltr'>οἷκον</span> <span class='ocrx_word' id='word_1_740' title='bbox 2877 4767 3066 4835; x_wconf 78' lang='grc' dir='ltr'>Δαὸὶδ,</span> <span class='ocrx_word' id='word_1_741' title='bbox 3114 4769 3207 4821; x_wconf 71' lang='grc' dir='ltr'><strong>καὶ</strong></span> <span class='ocrx_word' id='word_1_742' title='bbox 3239 4771 3332 4822; x_wconf 80' lang='grc' dir='ltr'>ἐπὶ</span> <span class='ocrx_word' id='word_1_743' title='bbox 3357 4770 3484 4832; x_wconf 83' lang='grc' dir='ltr'>τοὺς</span> <span class='ocrx_word' id='word_1_744' title='bbox 3517 4787 3653 4823; x_wconf 84' lang='grc' dir='ltr'>κατ-</span> 
     </span>
    </p>
   </div>
   <div class='ocr_carea' id='block_1_102' title="bbox 2073 4856 3657 4935">
    <p class='ocr_par' dir='ltr' id='par_1_102' title="bbox 2073 4856 3657 4935">
     <span class='ocr_line' id='line_1_102' title="bbox 2073 4856 3657 4935; baseline 0.004 -25"><span class='ocrx_word' id='word_1_745' title='bbox 2073 4856 2355 4921; x_wconf 77' lang='grc' dir='ltr'>οικοῦντας</span> <span class='ocrx_word' id='word_1_746' title='bbox 2415 4859 2791 4930; x_wconf 81' lang='grc' dir='ltr'>Ἰερουσαλὴμ,</span> <span class='ocrx_word' id='word_1_747' title='bbox 2822 4859 3046 4930; x_wconf 81' lang='grc' dir='ltr'>Πνεῦμα</span> <span class='ocrx_word' id='word_1_748' title='bbox 3069 4862 3290 4932; x_wconf 86' lang='grc' dir='ltr'>χάριτος</span> <span class='ocrx_word' id='word_1_749' title='bbox 3328 4863 3422 4919; x_wconf 71' lang='grc' dir='ltr'>καὶ</span> <span class='ocrx_word' id='word_1_750' title='bbox 3450 4865 3657 4935; x_wconf 79' lang='grc' dir='ltr'>οἰκτιρ-</span> 
     </span>
    </p>
   </div>
   <div class='ocr_carea' id='block_1_103' title="bbox 2075 4947 3655 5025">
    <p class='ocr_par' dir='ltr' id='par_1_103' title="bbox 2075 4947 3655 5025">
     <span class='ocr_line' id='line_1_103' title="bbox 2075 4947 3655 5025; baseline 0.004 -25"><span class='ocrx_word' id='word_1_751' title='bbox 2075 4947 2198 5017; x_wconf 81' lang='grc' dir='ltr'>μοῦ.</span> <span class='ocrx_word' id='word_1_752' title='bbox 2223 4968 2241 5001; x_wconf 72' lang='grc' dir='ltr'><strong>ι</strong></span> <span class='ocrx_word' id='word_1_753' title='bbox 2299 4949 2438 5001; x_wconf 82' lang='grc' dir='ltr'>Ἀλλ’</span> <span class='ocrx_word' id='word_1_754' title='bbox 2483 4949 2595 5018; x_wconf 83' lang='grc' dir='ltr'><strong>ἐγὼ</strong></span> <span class='ocrx_word' id='word_1_755' title='bbox 2634 4951 2735 5018; x_wconf 84' lang='grc' dir='ltr'>μὲν</span> <span class='ocrx_word' id='word_1_756' title='bbox 2767 4951 2964 5014; x_wconf 79' lang='grc' dir='ltr'>αὐτοὺς</span> <span class='ocrx_word' id='word_1_757' title='bbox 2991 4952 3284 5015; x_wconf 87' lang='grc' dir='ltr'>τοσαύταις</span> <span class='ocrx_word' id='word_1_758' title='bbox 3309 4953 3655 5025; x_wconf 72' lang='grc' dir='ltr'>εὐεργεσίαις</span> 
     </span>
    </p>
   </div>
   <div class='ocr_carea' id='block_1_104' title="bbox 2071 5038 3653 5114">
    <p class='ocr_par' dir='ltr' id='par_1_104' title="bbox 2071 5038 3653 5114">
     <span class='ocr_line' id='line_1_104' title="bbox 2071 5038 3653 5114; baseline 0.006 -26"><span class='ocrx_word' id='word_1_759' title='bbox 2071 5038 2347 5090; x_wconf 85' lang='grc' dir='ltr'>ἐπέκλυσα</span> <span class='ocrx_word' id='word_1_760' title='bbox 2388 5054 2400 5067; x_wconf 90' lang='grc'><strong>·</strong></span> <span class='ocrx_word' id='word_1_761' title='bbox 2458 5040 2583 5102; x_wconf 82' lang='grc' dir='ltr'>τοὺς</span> <span class='ocrx_word' id='word_1_762' title='bbox 2641 5040 2740 5107; x_wconf 86' lang='grc' dir='ltr'><strong>μὲν</strong></span> <span class='ocrx_word' id='word_1_763' title='bbox 2795 5041 3050 5103; x_wconf 87' lang='grc' dir='ltr'>ἐπιόντας</span> <span class='ocrx_word' id='word_1_764' title='bbox 3123 5042 3307 5106; x_wconf 83' lang='grc' dir='ltr'>αὐτοῖς</span> <span class='ocrx_word' id='word_1_765' title='bbox 3362 5044 3653 5114; x_wconf 88' lang='grc' dir='ltr'>πολεμίους</span> 
     </span>
    </p>
   </div>
   <div class='ocr_carea' id='block_1_105' title="bbox 2072 5129 3654 5203">
    <p class='ocr_par' dir='ltr' id='par_1_105' title="bbox 2072 5129 3654 5203">
     <span class='ocr_line' id='line_1_105' title="bbox 2072 5129 3654 5203; baseline 0.006 -23"><span class='ocrx_word' id='word_1_766' title='bbox 2072 5129 2438 5192; x_wconf 85' lang='grc' dir='ltr'>παντοδαπαῖς</span> <span class='ocrx_word' id='word_1_767' title='bbox 2481 5129 2675 5193; x_wconf 82' lang='grc' dir='ltr'>είδέαις</span> <span class='ocrx_word' id='word_1_768' title='bbox 2696 5130 2742 5160; x_wconf 78' lang='grc'><strong>’⁷</strong></span> <span class='ocrx_word' id='word_1_769' title='bbox 2781 5130 3013 5185; x_wconf 89' lang='grc' dir='ltr'>θανάτου</span> <span class='ocrx_word' id='word_1_770' title='bbox 3061 5133 3410 5203; x_wconf 84' lang='grc' dir='ltr'>παραδιδοὺς,</span> <span class='ocrx_word' id='word_1_771' title='bbox 3470 5136 3654 5199; x_wconf 80' lang='grc' dir='ltr'>αὐτοῖς</span> 
     </span>
    </p>
   </div>
   <div class='ocr_carea' id='block_1_106' title="bbox 2062 5217 3654 5291">
    <p class='ocr_par' dir='ltr' id='par_1_106' title="bbox 2062 5217 3654 5291">
     <span class='ocr_line' id='line_1_106' title="bbox 2062 5217 3654 5291; baseline 0.006 -21"><span class='ocrx_word' id='word_1_772' title='bbox 2062 5217 2118 5270; x_wconf 83' lang='grc' dir='ltr'>δὲ</span> <span class='ocrx_word' id='word_1_773' title='bbox 2148 5219 2378 5287; x_wconf 84' lang='grc' dir='ltr'>ἀνοίγων</span> <span class='ocrx_word' id='word_1_774' title='bbox 2415 5219 2512 5284; x_wconf 86' lang='grc' dir='ltr'>τὰς</span> <span class='ocrx_word' id='word_1_775' title='bbox 2540 5220 2634 5272; x_wconf 77' lang='grc' dir='ltr'>τοῦ</span> <span class='ocrx_word' id='word_1_776' title='bbox 2681 5221 2832 5274; x_wconf 77' lang='grc' dir='ltr'>ἐλέου</span> <span class='ocrx_word' id='word_1_777' title='bbox 2883 5222 3090 5291; x_wconf 80' lang='grc' dir='ltr'>πηγάς,</span> <span class='ocrx_word' id='word_1_778' title='bbox 3123 5225 3217 5277; x_wconf 78' lang='grc' dir='ltr'><strong>καὶ</strong></span> <span class='ocrx_word' id='word_1_779' title='bbox 3247 5225 3506 5290; x_wconf 84' lang='grc' dir='ltr'>παντοίας</span> <span class='ocrx_word' id='word_1_780' title='bbox 3554 5227 3654 5281; x_wconf 80' lang='grc' dir='ltr'>αὐ-</span> 
     </span>
    </p>
   </div>
   <div class='ocr_carea' id='block_1_107' title="bbox 2061 5309 3651 5386">
    <p class='ocr_par' dir='ltr' id='par_1_107' title="bbox 2061 5309 3651 5386">
     <span class='ocr_line' id='line_1_107' title="bbox 2061 5309 3651 5386; baseline 0.008 -28"><span class='ocrx_word' id='word_1_781' title='bbox 2061 5309 2187 5370; x_wconf 83' lang='grc' dir='ltr'>τοὺς</span> <span class='ocrx_word' id='word_1_782' title='bbox 2239 5310 2603 5379; x_wconf 85' lang='grc' dir='ltr'>ἀναπιμπλῶν</span> <span class='ocrx_word' id='word_1_783' title='bbox 2656 5311 2880 5382; x_wconf 85' lang='grc' dir='ltr'>χάριτος</span> <span class='ocrx_word' id='word_1_784' title='bbox 2915 5329 2928 5341; x_wconf 89' lang='grc'><strong>·</strong></span> <span class='ocrx_word' id='word_1_785' title='bbox 2962 5313 3113 5370; x_wconf 71' lang='grc' dir='ltr'>αὐτοὶ</span> <span class='ocrx_word' id='word_1_786' title='bbox 3152 5313 3209 5372; x_wconf 84' lang='grc' dir='ltr'><strong>δέ</strong></span> <span class='ocrx_word' id='word_1_787' title='bbox 3265 5333 3333 5386; x_wconf 90' lang='grc' dir='ltr'><strong>με</strong></span> <span class='ocrx_word' id='word_1_788' title='bbox 3405 5334 3651 5386; x_wconf 85' lang='grc' dir='ltr'>παραγε-</span> 
     </span>
    </p>
   </div>
   <div class='ocr_carea' id='block_1_108' title="bbox 2063 5397 3652 5478">
    <p class='ocr_par' dir='ltr' id='par_1_108' title="bbox 2063 5397 3652 5478">
     <span class='ocr_line' id='line_1_108' title="bbox 2063 5397 3652 5478; baseline 0.007 -29"><span class='ocrx_word' id='word_1_789' title='bbox 2063 5397 2287 5465; x_wconf 89' lang='grc' dir='ltr'>νόμενον</span> <span class='ocrx_word' id='word_1_790' title='bbox 2345 5402 2458 5463; x_wconf 87' lang='grc' dir='ltr'>τοῖς</span> <span class='ocrx_word' id='word_1_791' title='bbox 2541 5401 2804 5464; x_wconf 86' lang='grc' dir='ltr'>ἐναντίοις</span> <span class='ocrx_word' id='word_1_792' title='bbox 2873 5403 3216 5472; x_wconf 71' lang='grc' dir='ltr'>ἠμείψαντο,</span> <span class='ocrx_word' id='word_1_793' title='bbox 3277 5407 3371 5460; x_wconf 72' lang='grc' dir='ltr'><strong>καὶ</strong></span> <span class='ocrx_word' id='word_1_794' title='bbox 3432 5407 3652 5478; x_wconf 83' lang='grc' dir='ltr'>σταυρῷ</span> 
     </span>
    </p>
   </div>
   <div class='ocr_carea' id='block_1_109' title="bbox 2063 5488 3651 5571">
    <p class='ocr_par' dir='ltr' id='par_1_109' title="bbox 2063 5488 3651 5571">
     <span class='ocr_line' id='line_1_109' title="bbox 2063 5488 3651 5571; baseline 0.009 -32"><span class='ocrx_word' id='word_1_795' title='bbox 2063 5488 2513 5558; x_wconf 79' lang='grc' dir='ltr'>προσηλώσαντες</span> <span class='ocrx_word' id='word_1_796' title='bbox 2583 5493 2958 5564; x_wconf 86' lang='grc' dir='ltr'>στρατιωτικῷ</span> <span class='ocrx_word' id='word_1_797' title='bbox 3015 5494 3200 5565; x_wconf 82' lang='grc' dir='ltr'>δόρατι</span> <span class='ocrx_word' id='word_1_798' title='bbox 3249 5497 3351 5566; x_wconf 80' lang='grc' dir='ltr'>τὴν</span> <span class='ocrx_word' id='word_1_799' title='bbox 3405 5498 3651 5571; x_wconf 75' lang='grc' dir='ltr'>πλευράν</span> 
     </span>
    </p>
   </div>
   <div class='ocr_carea' id='block_1_110' title="bbox 1691 5643 2369 5707">
    <p class='ocr_par' dir='ltr' id='par_1_110' title="bbox 1691 5643 2369 5707">
     <span class='ocr_line' id='line_1_110' title="bbox 1691 5643 2369 5707; baseline 0.007 -8"><span class='ocrx_word' id='word_1_800' title='bbox 1691 5643 1925 5702; x_wconf 77' lang='lat' dir='ltr'><strong>VARUE</strong></span> <span class='ocrx_word' id='word_1_801' title='bbox 1968 5647 2369 5707; x_wconf 83' lang='lat' dir='ltr'><strong>LECTIONES.</strong></span> 
     </span>
    </p>
   </div>
   <div class='ocr_carea' id='block_1_111' title="bbox 442 5728 3096 5836">
    <p class='ocr_par' dir='ltr' id='par_1_111' title="bbox 442 5728 3096 5836">
     <span class='ocr_line' id='line_1_111' title="bbox 442 5728 3096 5836; baseline 0.013 -43"><span class='ocrx_word' id='word_1_802' title='bbox 442 5728 483 5756; x_wconf 80' lang='grc'><strong>’³</strong></span> <span class='ocrx_word' id='word_1_803' title='bbox 515 5743 559 5794; x_wconf 76' lang='grc' dir='ltr'>Λ</span> <span class='ocrx_word' id='word_1_804' title='bbox 593 5744 782 5814; x_wconf 80' lang='grc' dir='ltr'>αὑτήν.</span> <span class='ocrx_word' id='word_1_805' title='bbox 867 5748 911 5778; x_wconf 57' lang='grc' dir='ltr'><strong>’ν</strong></span> <span class='ocrx_word' id='word_1_806' title='bbox 945 5747 1088 5819; x_wconf 80' lang='grc' dir='ltr'>Κύρ.</span> <span class='ocrx_word' id='word_1_807' title='bbox 1124 5749 1203 5806; x_wconf 85' lang='lat' dir='ltr'><strong>Ex</strong></span> <span class='ocrx_word' id='word_1_808' title='bbox 1234 5750 1277 5804; x_wconf 84' lang='lat' dir='ltr'><strong>A</strong></span> <span class='ocrx_word' id='word_1_809' title='bbox 1306 5758 1358 5804; x_wconf 87' lang='lat' dir='ltr'><strong>et</strong></span> <span class='ocrx_word' id='word_1_810' title='bbox 1387 5749 1426 5806; x_wconf 87' lang='lat' dir='ltr'><strong>C</strong></span> <span class='ocrx_word' id='word_1_811' title='bbox 1451 5757 1628 5826; x_wconf 81' lang='lat' dir='ltr'><strong>suppl.</strong></span> <span class='ocrx_word' id='word_1_812' title='bbox 1727 5760 1772 5792; x_wconf 80' lang='grc'><strong>⁹⁵</strong></span> <span class='ocrx_word' id='word_1_813' title='bbox 1802 5762 1920 5832; x_wconf 83' lang='grc' dir='ltr'>τήν.</span> <span class='ocrx_word' id='word_1_814' title='bbox 1961 5762 2081 5819; x_wconf 90' lang='lat' dir='ltr'><strong>Des.</strong></span> <span class='ocrx_word' id='word_1_815' title='bbox 2118 5765 2174 5820; x_wconf 88' lang='lat' dir='ltr'><strong>in</strong></span> <span class='ocrx_word' id='word_1_816' title='bbox 2197 5765 2263 5819; x_wconf 78' lang='grc' dir='ltr'>Α.</span> <span class='ocrx_word' id='word_1_817' title='bbox 2346 5766 2392 5798; x_wconf 71' lang='grc'><strong>’⁸</strong></span> <span class='ocrx_word' id='word_1_818' title='bbox 2417 5765 2458 5821; x_wconf 87' lang='lat' dir='ltr'><strong>C</strong></span> <span class='ocrx_word' id='word_1_819' title='bbox 2481 5766 2657 5820; x_wconf 83' lang='grc' dir='ltr'>τοῦτο.</span> <span class='ocrx_word' id='word_1_820' title='bbox 2749 5771 2792 5802; x_wconf 79' lang='grc'>⁸⁷</span> <span class='ocrx_word' id='word_1_821' title='bbox 2825 5769 2865 5825; x_wconf 89' lang='lat' dir='ltr'><strong>C</strong></span> <span class='ocrx_word' id='word_1_822' title='bbox 2901 5768 3096 5836; x_wconf 83' lang='grc' dir='ltr'>ἰδέαις.</span> 
     </span>
    </p>
   </div>
  </div>
