4090 6400
371 365 505 446 1945

1573 378 1653 437 1N
1696 377 2090 438 ZACHABME
2124 381 2280 441 CAP.
2312 383 2484 443 XIII.
2577 406 2586 416 -

3485 380 3622 447 1946

368 492 749 563 ἐξεκέντησαν,
793 491 885 544 καὶ
939 490 1321 562 παροινοῦντες
1363 489 1456 544 καὶ
1516 490 1946 554 ἐπιτωθάζοντες

2072 496 2342 549 ιιῐιρτιιηι.
2387 496 2654 550 Ca-terum
2690 497 2834 551 haud
2863 497 3037 552 multo
3068 505 3191 568 post
3225 495 3487 551 videbunt
3536 511 3622 550 me

367 584 688 639 διετέλεσαν.
736 583 876 636 Ἀλλ’
907 583 1055 655 ὅμως
1100 583 1201 636 οὐκ
1228 584 1310 647 είς
1359 582 1576 655 μακρὰν
1606 583 1826 651 ὄψονται
1875 599 1941 651 με

373 675 511 742 μετὰ
536 673 636 740 τῆς
659 673 808 736 θείας
835 674 1254 744 ἐπιφαινόμενον
1276 672 1455 743 δόξης,
1487 673 1580 727 καὶ
1609 673 1709 743 τὴν
1735 673 1944 725 οἰκείαν

367 765 798 835 παραφροσύνην
831 766 1187 836 θρηνήσουσι,
1223 765 1319 820 καλ⁸
1355 766 1698 836 πρωτοτόκου
1730 766 1941 818 νεανίου

372 857 698 928 μιμήσονται
734 857 948 923 πένθος,
996 857 1394 929 παραπλησίως
1429 862 1542 921 τοῖς
1576 859 1780 911 ἐκεῖνον
1829 858 1944 910 ὀλο-

369 945 692 1014 φυρομένοις
719 947 1064 1016 κοπτόμενοι.

444 1055 462 1086 ι
493 1037 748 1105 Ὄψονται
785 1036 913 1107 γὰρ,
954 1040 1106 1107 φησὶ,
1145 1038 1280 1109 πρός
1324 1055 1413 1108 με,
1462 1039 1541 1100 είς
1581 1037 1639 1090 ὃν
1665 1037 1948 1106 ἐξεκέντη-

369 1145 469 1182 σαν
490 1129 555 1193 ⁸⁸,
584 1130 679 1182 καὶ
705 1129 957 1197 κόψονται
990 1133 1074 1182 ἐπ’
1105 1131 1254 1200 αύτῷ
1296 1129 1546 1188 κοπετὸν.
1586 1131 1661 1193 ὼς
1699 1130 1784 1184 ἐπ’
1814 1131 1948 1196 ἀγα-

369 1219 547 1290 πητῷ,
575 1222 667 1273 καὶ
693 1221 1111 1292 ὀδυνηθήσονται
1142 1223 1226 1289 ἐφ’
1255 1223 1468 1284 ἑαυτοῖς
1499 1219 1718 1290 ὀδύνην,
1746 1221 1821 1284 ὠς
1855 1220 1946 1272 ἐπὶ

369 1313 776 1382 πρωτοτόκῳθθ.
818 1313 981 1382 (ια’.)
1026 1315 1114 1367 Ἐν
1136 1317 1201 1384 τῇ
1241 1313 1428 1384 ἡμέρᾳ.
1459 1311 1641 1382 ἐκείνῃ
1681 1311 1948 1382 μεγαλυν-

370 1403 596 1474 θήσεται
629 1405 658 1456 ό
687 1404 917 1468 κοπετὸς
952 1405 1306 1476 Ἰερουσαλὴμ
1325 1405 1364 1468 ³,
1389 1405 1464 1468 ὡς
1497 1404 1722 1466 κοπετὺς
1752 1405 1950 1472 ροῶνος

369 1491 428 1544 ὲν
473 1492 642 1563 πεδίῳ
695 1495 1120 1565 ὲκκοπτομένου.
1154 1515 1172 1546 ι
1235 1493 1503 1563 Καθάπερ
1544 1494 1652 1564 γὰρ
1697 1493 1950 1563 ὑλωτόμοι

372 1584 502 1653 ῥόας
529 1586 610 1637 ὅτι
663 1585 917 1649 πλείστας
969 1588 1327 1658 ἐκτέμνοντες
1371 1586 1575 1640 κτύπον
1628 1584 1950 1638 ἀποτελοῦσι

371 1673 537 1726 πολύν
568 1691 579 1702 '
606 1675 778 1738 οὕτως
808 1679 836 1728 ό
875 1677 1078 1730 τούτων
1115 1679 1328 1748 κομμδς
1370 1677 1782 1746 κατακτυπήσει
1815 1674 1952 1727 πάν-

370 1782 479 1818 των
522 1765 622 1828 τὰς
649 1767 839 1829 ἀκοάς.
871 1769 982 1838 Ούχ
1023 1769 1210 1830 ἁπλῶς
1236 1769 1312 1832 δὲ,
1343 1767 1414 1820 τὰ
1453 1767 1589 1821 ἄλλα
1634 1767 1825 1836 δένδρα
1859 1782 1951 1819 κα-

372 1856 636 1924 ταλιπὼν,
679 1859 777 1928 τῆς
821 1861 950 1928 ῥόας
980 1861 1192 1914 τέθεικε
1239 1861 1339 1932 τὴν
1369 1861 1585 1928 εἰκόνα)
1615 1851 1730 1913 ἀλλ’
1761 1857 1946 1928 ἐπειδὴ
1983 1842 2022 1895 Β

375 1949 470 2002 καὶ
519 1950 800 2022 ἀγαπητοῦ
858 1954 952 2005 καὶ
1006 1953 1356 2024 πρωτοτόκου
1415 1953 1598 2007 πένθει
1632 1952 1694 2004 τὸ
1722 1950 1950 2004 ἐκείνων

376 2041 642 2094 ἀπείκασε
691 2043 913 2107 πένθοςο
949 2045 1170 2114 ἀγάπης
1213 2045 1269 2097 δὲ
1299 2044 1468 2107 τύπος
1499 2046 1532 2114 ἡ
1565 2043 1683 2114 ῥόα,
1749 2060 1952 2112 συνημ-

380 2131 573 2200 μένους
622 2133 820 2202 ἕχουσα
863 2134 983 2190 λίαν
1035 2135 1131 2189 καὶ
1183 2135 1497 2206 ἡνωμένους
1538 2135 1664 2198 τοὺς
1698 2135 1950 2196 κόκκους,

380 2223 604 2287 εἰκότως
632 2228 695 2296 τῇ
753 2226 957 2280 τούτων
996 2227 1106 2281 τῶν
1147 2227 1379 2302 δένδρων
1426 2231 1567 2298 τομῇ
1601 2227 1692 2280 τὸν
1750 2227 1956 2281 ἐκεῖνον

380 2313 582 2387 ἔφησεν
617 2318 850 2372 ἐοικέναι
873 2319 1110 2389 κομμόν.

455 2496 637 2566 ιβ’-ιδ’.
667 2516 682 2548 ι
710 2498 819 2552 Καὶ
861 2498 1086 2566 κόψεται
1117 2498 1150 2568 ἠ
1176 2501 1244 2568 γῆ
1274 2498 1414 2551 κατὰ
1441 2497 1647 2567 φυλάς¹
1677 2516 1688 2528 ·
1718 2495 1860 2565 φυλὴ
1887 2496 1960 2547 0!-

382 2603 480 2640 κου
503 2588 668 2640 Δαὸὶδ
697 2589 819 2642 καθ’
853 2591 1072 2659 ἑαυτὴν,
1107 2589 1202 2642 καὶ
1233 2591 1289 2642 αἱ
1337 2591 1593 2656 γυναῖκες
1628 2586 1807 2642 αὐτῶν
1840 2585 1961 2639 καθ’

384 2680 602 2742 ἑαυτάς.
638 2681 781 2750 Φυλὴ
815 2680 965 2734 οἴκου
998 2681 1185 2734 Νάθαν
1234 2680 1355 2735 καθ’
1387 2680 1606 2748 ἑαυτὴν,
1637 2679 1732 2732 καὶ
1769 2679 1963 2745 αίγυο

384 2773 569 2834 ναῖκες
622 2772 805 2826 αὐτῶν
838 2771 960 2825 καθ’
989 2771 1188 2834 ἑαυτάς
1216 2788 1228 2801 ·
1263 2771 1402 2840 φυλὴ
1464 2769 1614 2823 οἴκου
1669 2768 1798 2822 Λευῒ
1843 2767 1964 2822 καθ’

385 2863 602 2933 ἑαυτὴν,
639 2865 731 2917 καὶ
764 2866 820 2918 αἱ
873 2868 1130 2932 γυναῖκες
1162 2863 1340 2918 αὐτῶν
1382 2862 1501 2916 καθ’
1553 2861 1748 2924 ἑαυτάς
1777 2876 1792 2892 ο
1829 2859 1968 2928 φυλὴ

384 2953 478 3007 τοῦ
513 2956 533 2986 ³
580 2955 803 3023 Συμεὼν
862 2955 982 3009 καθ’
1034 2956 1252 3026 ἑαυτὴν,
1299 2956 1393 3008 καὶ
1449 2955 1504 3008 αἱ
1563 2955 1820 3020 γυναῖκες
1873 2951 1970 3004 αὐ-

385 3046 492 3100 τῶν
547 3045 668 3099 καθ’
712 3047 934 3110 ἑαυτάς.
971 3048 1144 3102 Πᾶσαι
1181 3047 1235 3099 αἱ
1271 3043 1728 3114 ὑπολελειμμέναι
1786 3041 1969 3110 φυλαὶ,

390 3136 531 3207 φυλὴ
589 3137 709 3190 καθ’
763 3137 960 3206 ἑαυτὴν
991 3175 1008 3201 ,
1061 3138 1152 3190 καὶ
1205 3137 1262 3189 αἱ
1324 3137 1579 3202 γυναῖκες
1622 3132 1804 3185 αὐτῶν
1850 3130 1971 3185 καθ’

391 3229 607 3290 ἑαυτάς.
641 3248 658 3279 ι
687 3229 857 3281 Τοῦτο
880 3228 1047 3294 λέγει,
1087 3227 1168 3280 ὅτι
1205 3226 1345 3280 κατὰ
1375 3224 1549 3294 φυλὰς
1585 3224 1968 3292 διαιρεθέντες.

390 3323 559 3392 χωρὶς
589 3321 687 3390 μὲν
713 3321 925 3389 ἄνδρες,
962 3319 1130 3388 χωρὶς
1156 3317 1212 3370 δὲ
1235 3318 1492 3382 γυναῖκες
1513 3314 1672 3368 τοῦτο
1689 3313 1968 3384 δράσουσι.

391 3413 502 3466 Καὶ
545 3411 815 3481 μέμνηται
849 3410 908 3462 οὐ
938 3408 1095 3477 μόνον
1140 3405 1342 3474 φυλῶν,
1379 3404 1514 3458 ἀλλὰ.
1555 3405 1650 3457 καὶ
1700 3402 1969 3475 πατριῶν,

391 3502 493 3572 τῆς
525 3520 581 3555 τε
609 3500 702 3554 τοῦ
729 3499 914 3564 Δαϐὶδ,
945 3499 979 3570 ἢ
1007 3499 1102 3560 τὰς
1133 3497 1262 3568 περὶ
1301 3496 1392 3550 τοῦ
1423 3496 1699 3549 Δεσπότου
1730 3491 1972 3564 Χριστοῦ

396 3592 729 3660 ἐπαγγελίας
791 3591 1028 3656 ἐδέξατο,
1084 3586 1310 3641 καὶτοῦ
1363 3587 1571 3651 Νάθαν,
1610 3585 1669 3648 ὃς
1722 3583 1980 3655 τηνικάδε-

399 3683 785 3753 προφητεύων,
817 3682 906 3735 καὶ
939 3684 1036 3752 τῆς
1066 3679 1160 3734 τοῦ
1198 3679 1359 3733 Δασὶδ
1383 3679 1585 3750 ἢκουσε
1613 3676 1974 3748 προφητείας,

400 3775 496 3830 καὶ
536 3774 698 3836 αὐτὸς
737 3773 930 3840 ἐκείνῳ
975 3772 1284 3843 προσέφερε
1312 3770 1380 3824 τά
1409 3771 1583 3823 σίκεῖα
1611 3767 1976 3837 θεσπίσματα.

400 3862 796 3936 Μνημονεύσας
821 3861 877 3913 δὲ
927 3862 1021 3914 καὶ
1064 3865 1162 3930 τῆς
1202 3863 1296 3914 τοῦ
1329 3861 1461 3914 Λευῒ
1509 3860 1683 3930 φυλῆς
1729 3860 1824 3912 καὶ
1881 3858 1983 3926 τῆς

403 3955 497 4009 ¹ιςοῦ
551 3951 792 4024 Συμεὼν,
847 3951 1074 4022 ὕστερον
1111 3953 1359 4022 ἐπήγαγε
1385 3968 1399 3980 ο
1447 3969 1465 4001 ι
1498 3953 1676 4004 Πᾶσαι
1707 3951 1761 4002 αἱ
1791 3948 1983 4000 ὑπολε-

404 4045 696 4116 λειμμέναι
722 4044 907 4113 φυλαὶ,
938 4043 1079 4112 φυλὴ
1097 4043 1116 4074 ⁸
1143 4043 1263 4095 καθ’
1296 4043 1492 4110 ἑαυτὴν
1521 4041 1767 4109 κόψεται,
1798 4039 1891 4090 καὶ
1919 4038 1976 4089 αἱ

407 4134 660 4200 γυναῖκες
685 4131 865 4184 αὐτῶν
894 4130 1017 4185 καθ’
1047 4131 1264 4194 ἑαυτάς.
1296 4149 1315 4181 ι
1347 4129 1518 4183 Τοῦτο
1539 4129 1596 4182 δὲ
1625 4129 1760 4181 καὶὸ
1783 4127 1985 4199 Κύριος

407 4225 464 4278 ὲν
488 4224 596 4284 τοῖς
617 4223 782 4290 ἱεροῖς
799 4221 1150 4290 Εὐαγγελίοις
1179 4221 1473 4293 προείρηκε
1501 4220 1690 4272 οιτότε
1723 4218 1944 4287 ὄψονται
1965 4218 1986 4249 ⁸

407 4312 470 4365 τὸ
494 4313 718 4382 σημεῖον
736 4311 828 4364 τοῦ
860 4311 990 4364 Υίοῦ
1019 4311 1111 4364 τοῦ
1137 4311 1421 4382 ἀνθρώπου
1445 4312 1502 4363 ἐν
1539 4309 1617 4380 τῷ
1643 4307 1876 4378 οὐρανῷ,
1896 4307 1991 4361 καὶ

412 4402 533 4456 τότε
567 4401 822 4471 κόψονται
866 4402 1034 4470 πᾶσαι
1085 4403 1140 4454 αἱ
1178 4401 1343 4468 φυλαὶ
1387 4401 1484 4470 τῆς
1512 4401 1673 4468 γῆς.»
1713 4398 1880 4468 Δῆλον
1913 4397 1989 4461 δὲ,

2049 603 2172 641 cum
2237 587 2424 641 divina
2468 587 2765 656 majestate
2806 589 3151 651 venientem,
3201 597 3315 642 tum
3367 595 3421 642 et
3465 601 3623 640 suam

2047 679 2380 732 dementiam
2420 680 2708 748 lugebunt,
2753 687 2806 734 et
2861 679 3214 749 primogeniti
3254 675 3625 732 adolescentis

2049 769 2328 838 planctum
2367 770 2760 837 imitabuntur,
2795 786 2905 824 non
2954 770 3116 824 aliter
3144 783 3306 839 quam
3347 768 3441 836 qui
3471 766 3624 820 illum

2049 860 2255 914 deﬂent
2285 862 2672 916 lamentantes.

2127 1062 2144 1092 ‹
2183 1041 2470 1110 Aspicient
2499 1040 2676 1104 enim,
2718 1039 2918 1108 inquit,
2963 1053 3047 1092 me
3085 1049 3246 1106 quem
3279 1045 3637 1102 compunxe-.

2050 1145 2213 1200 runt;
2258 1143 2311 1188 et
2360 1134 2622 1202 plangent
2661 1145 2824 1200 super
2852 1144 2974 1183 eum
2995 1129 3297 1198 planctum,
3334 1122 3488 1192 quasi
3528 1136 3625 1174 su-

2050 1242 2145 1297 per
2173 1223 2598 1287 charissimum;
2635 1230 2689 1275 et
2725 1219 2989 1272 dolebunt
3025 1215 3234 1280 dolore,
3261 1211 3420 1282 quasi
3456 1224 3623 1278 super

2051 1289 2499 1390 primogenitum.
2554 1311 2744 1384 (Vens.
2782 1309 2894 1379 II.)
2949 1307 3046 1362 Die
3096 1307 3190 1361 illo
3241 1317 3474 1373 magnus
3512 1289 3625 1355 erit

2051 1413 2302 1482 planctus
2337 1410 2388 1460 in
2434 1405 2836 1474 Hierosolyma,
2879 1402 3023 1456 sicut
3058 1401 3312 1469 planctus
3357 1395 3627 1463 malogra-

2052 1503 2189 1569 nati,
2225 1500 2371 1572 quod
2412 1501 2464 1554 in
2495 1513 2688 1568 campo
2733 1495 3062 1550 succiditur.
3099 1513 3117 1544 ›
3155 1489 3627 1558 Quemadmodum

2053 1598 2199 1652 enim
2231 1595 2326 1664 qui
2373 1593 2520 1664 ligna
2567 1591 2804 1651 caedunt,
2842 1588 3145 1642 maximum
3195 1597 3485 1637 numerum
3508 1594 3625 1632 ma-

2053 1689 2464 1756 Iogranatorum
2500 1679 2711 1750 1655
2738 1684 3011 1736 secantes,
3039 1685 3302 1741 magnum
3335 1667 3626 1736 strepitum

2054 1781 2224 1835 edunt
2258 1795 2270 1830 :
2306 1775 2387 1831 sic
2418 1773 2612 1827 horum
2655 1768 2970 1838 planctibus
3009 1764 3255 1818 omnium
3312 1757 3624 1813 mortalium

2051 1885 2214 1926 aures
2287 1864 2795 1922 circumsonabunt.
2853 1857 2972 1912 Non
3006 1867 3211 1911 temere
3243 1860 3426 1905 autem
3454 1891 3468 1912 ,
3502 1846 3626 1900 aliis

2052 1963 2347 2018 arboribus
2379 1958 2602 2014 omissis
2629 1997 2642 2021 ,
2672 1970 2736 2008 ex
2770 1953 3149 2020 malogranato
3177 1943 3335 1998 duxit
3367 1938 3629 1995 similitu—

2051 2059 2234 2113 dinem
2263 2076 2278 2112 :
2303 2055 2396 2111 sed
2425 2051 2552 2122 quia
2580 2057 2634 2103 et
2659 2044 2973 2102 charissimi
2995 2049 3048 2095 et
3069 2032 3417 2108 primogeniti
3453 2027 3624 2084 luctui

2053 2153 2274 2207 illorum
2308 2149 2518 2202 luctum
2546 2139 2910 2212 comparavit,
2938 2130 3232 2190 charitatis
3263 2136 3442 2180 autem
3471 2129 3629 2190 typus

2055 2254 2138 2299 est
2168 2230 2635 2310 'malogranatum,
2670 2247 2838 2305 grana
2877 2229 3086 2283 habens
3131 2219 3288 2276 valde
3333 2213 3632 2284 conjuncta

2056 2343 2111 2390 et
2153 2333 2337 2398 unita,
2378 2338 2528 2384 recte
2579 2327 2774 2381 harum
2829 2321 3092 2375 arborum
3139 2309 3372 2369 sectioni
3411 2306 3633 2360 illorum

2062 2425 2342 2494 planctum
2385 2417 2620 2473 similem
2651 2430 2774 2469 esse
2809 2409 2964 2463 dixit.

2130 2513 2297 2567 Vens.
2351 2508 2537 2562 12-14.
2597 2523 2615 2556 ι
2683 2503 2747 2559 Et
2795 2502 3014 2572 plangct
3062 2504 3205 2549 terra
3269 2505 3364 2560 per
3414 2484 3633 2538 tribus:

2063 2606 2242 2660 tribus
2278 2605 2475 2657 domus
2510 2596 2732 2649 Davidis
2764 2606 3038 2650 seorsum,
3071 2597 3124 2641 et
3159 2581 3416 2638 mulieres
3447 2588 3638 2630 eorum

2066 2709 2338 2751 seorsum.
2399 2689 2603 2743 Tribus
2665 2685 2860 2738 domus
2913 2677 3184 2734 Nathanis
3239 2683 3527 2728 seorsum,
3587 2670 3642 2716 et

2067 2788 2325 2842 nmlieres
2357 2796 2548 2836 eorum
2588 2791 2880 2839 seorsum;
2925 2771 3106 2824 tribus
3163 2765 3357 2819 domus
3388 2757 3518 2813 Levi
3553 2770 3642 2808 se-

2069 2890 2280 2937 orsum,
2307 2881 2361 2926 et
2378 2870 2637 2924 mulieres
2651 2877 2845 2920 eorum
2867 2871 3151 2921 seorsum;
3173 2853 3352 2906 tribus
3372 2841 3647 2900 Simeonis

2072 2978 2346 3024 seorsum,
2387 2971 2440 3015 et
2491 2957 2750 3012 mulieres
2783 2966 2976 3008 eorum
3013 2959 3287 3003 seorsum.
3329 2939 3533 2994 Omnes
3561 2950 3648 2987 re-

2075 3060 2235 3128 liqua:
2265 3053 2443 3108 tribus
2469 3091 2485 3113 ,
2520 3049 2699 3103 tribus
2751 3057 3024 3104 seorsum,
3076 3045 3130 3094 et
3165 3033 3422 3088 mulieres
3459 3038 3649 3105 eorum

2081 3161 2358 3205 seorsum.
2403 3162 2422 3195 ι
2484 3141 2587 3196 Per
2636 3138 2848 3201 tribus,
2903 3132 3080 3201 inquit
3135 3125 3335 3187 divisi,
3401 3130 3650 3176 seorsum

2078 3240 2183 3294 viri
2217 3254 2246 3291 a
2275 3235 2621 3299 mulieribus,
2648 3237 2702 3285 et
2741 3227 3004 3281 mulieres
3036 3233 3288 3276 seorsum
3321 3230 3351 3266 a
3384 3211 3518 3264 viris
3553 3208 3655 3260 hoc

2080 3328 2307 3383 facient.
2358 3323 2471 3380 Nec
2509 3323 2752 3376 tribuum
2802 3316 2982 3372 solum
3040 3307 3312 3370 meminit,
3347 3302 3440 3358 sed
3489 3299 3653 3354 etiam

2081 3418 2438 3480 familiarum,
2470 3425 2524 3470 et
2562 3410 2787 3466 familiae
2821 3405 3067 3468 Davidis,
3130 3412 3253 3470 quze
3306 3394 3375 3449 de
3429 3389 3656 3480 Christo

2083 3512 2316 3566 Domino
2351 3505 2761 3577 promissiones
2799 3496 3047 3566 suscepit
3071 3532 3087 3556 ,
3136 3501 3191 3546 et
3232 3483 3526 3543 Nathanis,
3560 3478 3657 3548 qui

2085 3613 2219 3658 tunc
2251 3571 2518 3669 tem-poris
2548 3595 2911 3668 prapbetans,
2962 3597 3017 3643 et
3066 3582 3290 3638 Davidis
3339 3571 3660 3669 propius-tias

2088 3663 2382 3758 audierat;
2397 3700 2450 3745 et
2481 3663 2601 3760 ipse
2638 3663 2707 3740 ad
2743 3684 2898 3738 illum
2930 3694 3031 3735 sua
3057 3671 3322 3732 vaticinia
3355 3663 3657 3721 deferebat.

2089 3787 2195 3842 Sed
2223 3795 2278 3840 et
2307 3752 2555 3838 tribuum
2586 3778 2752 3833 etiam
2783 3774 2911 3829 Levi
2943 3781 2999 3826 et
3035 3763 3311 3823 Simeonis
3343 3752 3663 3813 mentione'

2090 3879 2256 3943 facta,
2306 3888 2423 3928 tum
2456 3870 2654 3941 adjecit
2696 3885 2712 3921 :
2752 3885 2771 3918 ι
2812 3867 3018 3920 Omnes
3067 3859 3296 3926 reliqum
3341 3849 3522 3904 tribus
3569 3856 3668 3915 per

2091 3987 2150 4025 se
2187 3965 2417 4036 singulae
2457 3973 2708 4017 seorsum
2758 3956 3039 4025 plangent,
3077 3955 3133 4002 et
3172 3943 3432 3999 mulieres
3477 3946 3666 3990 eorum
3766 3980 3770 3982 _

2091 4071 2361 4116 seorsum.
2423 4072 2442 4105 ι
2503 4050 2618 4104 Hoc
2677 4024 2808 4102 vero
2857 4044 3020 4098 etiam
3067 4037 3332 4092 Dominus
3383 4032 3437 4085 in
3491 4024 3669 4082 sacris

2093 4114 2410 4215 Evangeliis
2449 4136 2701 4210 praedixit
2734 4153 2750 4191 ε
2785 4131 3002 4203 1656
3039 4147 3056 4180 ι
3094 4126 3251 4181 Tunc
3293 4121 3556 4178 videbunt
3600 4114 3673 4170 si-

2095 4253 2260 4309 gnum
2294 4233 2416 4288 Filii
2447 4229 2687 4285 hominis
2707 4227 2762 4280 in
2806 4224 2970 4283 caelo,
3001 4227 3056 4276 et
3085 4227 3219 4273 tunc
3264 4215 3524 4285 plangent
3555 4222 3674 4262 om-

2099 4347 2200 4388 nes
2237 4329 2415 4383 tribus
2457 4333 2621 4378 terrae
2642 4334 2691 4372 ι.
2731 4338 2750 4369 ι
2796 4315 2908 4371 Nec
2938 4315 3236 4368 obscurum
3275 4314 3390 4369 est,
3445 4302 3563 4355 fore
3610 4306 3673 4352 ut

2100 4424 2136 4478 ii
2161 4423 2250 4491 qui
2302 4417 2547 4474 divinam
2597 4409 3047 4483 praedicationem
3104 4417 3211 4456 non
3265 4397 3672 4464 susceperunt,

413 4494 497 4552 ὅτι
543 4494 658 4546 ὅσοι
687 4492 748 4545 τὸ
785 4493 925 4547 θεῖον
978 4494 1077 4546 οὐκ
1129 4493 1376 4558 ἐδέξαντο
1435 4494 1729 4564 κήρυγμα,
1794 4489 1964 4560 θρηνή

2103 4489 2324 4584 Iug—eant
2351 4521 2568 4568 omnes,
2617 4514 2934 4573 supremum
2984 4494 3214 4551 exitium
3267 4489 3676 4556 exspectantes.

417 4602 569 4639 σουσι
601 4585 694 4637 τὸν
717 4586 915 4638 οἰκεῖον
937 4585 1333 4655 προσμένοντες
1353 4584 1593 4656 ὄλεθρον.
1625 4583 1788 4636 Ἀλλά
1825 4581 1968 4635 ταῦτε

2104 4571 2210 4661 Sed
2255 4604 2373 4656 haec
2419 4605 2582 4653 erunt
2621 4571 2725 4650 sub
2773 4601 2991 4660 tempus
3035 4576 3553 4641 consummationis.
3592 4571 3682 4625 In-

421 4675 522 4748 μὲν
551 4674 706 4728 ἔσται
736 4675 878 4728 κατά
906 4675 996 4727 τὸν
1021 4675 1122 4744 τῆς
1152 4675 1460 4738 συντελείας
1489 4674 1700 4746 καιρόν.
1730 4673 1880 4736 Τέως
1907 4674 1991 4738 δὲ,

421 4767 578 4837 φησὶ,
622 4766 722 4834 τῆς
774 4769 914 4837 ὲμῆς
960 4768 1157 4830 αὐτοὺς
1214 4765 1431 4832 ἀξιώσω
1487 4765 1852 4838 προμηθείας,
1901 4767 1998 4820 καὶ¹

2103 4697 2265 4752 terim
2314 4700 2526 4755 autem,
2563 4687 2765 4757 inquit,
2796 4698 2893 4738 eos
2939 4680 3156 4741 tuebor,
3194 4675 3295 4732 etsi
3347 4686 3456 4726 non
3488 4669 3682 4738 ignoro

2106 4789 2351 4844 futurum
2385 4792 2446 4836 ut
2493 4795 2604 4844 me,
2635 4792 2760 4833 cum
2802 4775 2870 4829 ad
2907 4774 3029 4827 illos
3073 4765 3352 4825 beneficiis
3381 4759 3669 4817 cumulan-

421 4859 594 4912 ταῦτα
633 4856 787 4920 εἰδὼς
815 4858 891 4920 ὡς
917 4859 1360 4930 παραγενόμενον
1391 4859 1478 4913 ἐπ’
1514 4857 1802 4930 εὐεργεσία
1847 4874 1968 4910 σταυ

2108 4878 2209 4934 dos
2236 4875 2536 4936 advenero,
2571 4872 2625 4924 in
2659 4880 2880 4922 crucem
2906 4869 3092 4934 agant.
3119 4858 3223 4914 Sed
3255 4865 3468 4910 tamen:

427 4951 711 5027 ρώσουσιν.
755 4950 896 5004 Ἀλλ’
926 4951 1076 5020 ὅμως

942 5041 1340 5096 ΚΕΦΑΛΑΙΟΝ
1379 5042 1475 5097 II".

495 5132 566 5185 α’.
613 5148 631 5181 ι
663 5131 778 5193 Πᾶς
830 5131 994 5192 τόπος
1023 5130 1430 5201 διανοιγόμενος
1455 5130 1611 5188 ἔσται
1633 5132 1713 5204 τῷ
1741 5133 1872 5202 οῑκῳ
1901 5131 2006 5184 Δαο

428 5223 516 5277 ϐὶδ
543 5224 774 5285 καὶτοῖς
805 5223 1149 5275 κατοικοῦσιν
1189 5222 1570 5294 Ἰερουσαλὴμ.
1615 5227 1693 5288 εἰς
1721 5223 1817 5294 τὴν
1847 5239 2010 5293 μετα-

434 5315 646 5384 κίνησιν
683 5314 778 5367 καλ⁹
822 5316 902 5376 εἰς
949 5313 1040 5366 τὸν
1081 5315 1396 5384 ραντισμόν.
1429 5333 1448 5365 ι
1506 5316 1571 5369 Οί
1635 5315 1693 5367 δὲ
1744 5313 1874 5384 περὶ
1920 5311 2012 5364 τὸν

513 5419 539 5447 ι
579 5404 773 5460 Matth.
804 5422 955 5470 xxtv,
986 5404 1077 5458 20.

2696 5015 2926 5074 CAPUT
2985 5013 3124 5068 XIII.

2189 5125 2356 5180 Vens.
2396 5121 2447 5174 I.
2487 5135 2506 5169 ι
2548 5114 2739 5171 Omnis
2793 5112 2953 5165 locus
3001 5114 3227 5176 apertus
3281 5101 3387 5157 erit
3417 5098 3473 5153 in
3525 5095 3691 5150 domo

2118 5215 2342 5272 Davidis
2401 5218 2454 5264 et
2485 5203 2887 5264 habitatoribus
2922 5194 3339 5265 Hierosolyma,
3403 5189 3459 5243 in
3511 5194 3690 5239 trans—
3749 5227 3755 5232 .

2120 5306 2478 5364 mutationem
2562 5309 2616 5354 et
2681 5297 2738 5351 in
2795 5290 3196 5362 aspersionem.
3244 5303 3261 5337 ι
3328 5277 3694 5353 Symmachus

1745 5464 1984 5520 VARUS
2019 5455 2426 5519 LECTIONES.

511 5569 560 5602 σι
590 5566 833 5638 Marp/5;
856 5582 943 5638 με,
965 5566 1042 5628 εἰς
1068 5561 1320 5638 *δν-ἐξεδι.
1357 5559 1430 5614 Ila
1455 5555 1810 5638 quoquemleg.
1846 5553 2079 5638 p.1658,
2106 5551 2200 5605 sed
2219 5550 2359 5638 intra
2379 5548 2443 5635 acfl
2468 5545 2700 5599 Malach.
2721 5541 2854 5631 19,2
2880 5551 2932 5596 et
2961 5539 3108 5638 tJV,
3133 5529 3516 5638 Ergindia'ki,
3543 5527 3698 5638 (Ieci:

441 5640 580 5710 πρός
1067 5606 2114 5710 ΙῖίιῖνὲἸπ-ιδλέέιῖονῗιριξι-πρός
2145 5637 2211 5690 με
2239 5617 2355 5672 ἀνθ’
2380 5610 2483 5710 ιῶν
2511 5616 2954 5710 κατωρχήνσανὶο.
2992 5610 3039 5691 ’ξ
3069 5625 3164 5710 πρ.
3190 5606 3234 5658 Α

1879 5695 1892 5724 ¹
1926 5678 2050 5763 Ὶερ.
2084 5678 2346 5763 ᾉΪριεαιιη.
2378 5688 2456 5763 ὲν.
2513 5678 2907 5763 ’.φυλβιςζίηήᾼ
2944 5691 2997 5763 et
3019 5678 3243 5763 intrata

447 5693 709 5788 punctum
771 5693 1070 5788 ponit‘p‘ost
1097 5716 1250 5788 sequ.
1287 5701 1344 5788 ἐν
1381 5701 1448 5788 τῇ
1483 5699 1581 5777 ὴμ.
1611 5693 1817 5788 aetatm.

449 5762 738 5851 repetitur.
767 5762 808 5832 ἐ]
840 5762 990 5830 addit
1021 5772 1142 5828 καθ’
1165 5762 1386 5841 ἑαυτήν.
1418 5762 1447 5800 θ’
1469 5762 1582 5820 τόδ.
1617 5763 1742 5820 Des.
1764 5762 1818 5818 in
1838 5762 1900 5818 ο.
1962 5763 1983 5793 ι

2023 5753 2186 5830 φυλῆ⁹
2230 5757 2514 5827 Repetitur
2546 5755 2604 5809 in
2631 5753 2693 5811 C.

3310 5615 3454 5656 raem.
3501 5599 3601 5666 τις»,
3641 5601 3697 5649 et

3311 5668 3545 5726 Malach.
3577 5667 3614 5720 l.
3642 5679 3691 5718 c.

2783 5753 2804 5786 ⁸
2835 5751 2926 5822 ὂψ.
2956 5750 3102 5806 Loco
3130 5738 3226 5804 cit.
3258 5751 3344 5804 est
3371 5738 3692 5812 φανήσεται.
