4090 6416
445 375 576 439 1947

1422 369 1907 431 THEODORETI
1941 368 2277 431 EPISCOI‘I
2311 376 2670 434 CYRENSIS

3556 372 3693 440 1948

442 489 643 541 vertit:
678 506 695 537 ι
737 487 853 541 Erit
881 494 1105 569 apertus
1147 484 1271 541 fons
1307 486 1495 541 domui
1549 486 1787 546 Davidis.
1832 505 1848 536 ι
1887 487 2021 550 Quis

2126 486 2440 558 Σύμμαχον,
2482 510 2501 542 ι
2531 492 2746 556 Ἔσται,
2797 490 2981 560 φησὶν,
3035 491 3360 561 ἀνοιγομένη
3416 494 3565 563 πηγὴ
3614 494 3694 564 τῷ

438 595 571 631 vero
607 578 695 631 hic
724 581 794 632 sit
829 579 972 640 fons,
1006 579 1121 645 ipse
1154 577 1417 631 Dominus
1450 592 1547 646 per
1569 574 1866 630 Jercmiam
1920 576 2019 628 do-

439 678 525 723 cet
560 687 573 723 :
605 688 622 720 ι
663 668 743 722 Me
770 667 1208 736 dereliquerunt,
1243 666 1444 719 fontem
1476 681 1632 735 aqum
1662 666 1796 719 vivat
1811 674 1860 719 1.
1903 684 1922 716 ι
1958 665 2019 719 lit

441 761 496 814 in
528 759 703 814 sacris
738 758 1047 827 Evangeliis
1081 758 1160 813 ait
1191 775 1204 811 :
1242 780 1260 810 ι
1293 758 1347 811 Si
1375 757 1501 828 quis
1549 759 1686 821 sitit,
1735 758 1920 812 veniat
1949 758 2017 812 ad

442 866 548 913 me,
585 861 638 903 ct
667 850 884 903 bibat‘.
929 868 948 900 ι
985 849 1049 903 Ει
1082 869 1095 904 :
1140 870 1157 901 ι
1199 852 1317 904 Erit
1347 867 1513 921 aqua,
1557 868 1722 921 quam
1751 866 1852 921 ego
1878 852 2019 906 dabo

412 924 513 1004 ἐι,
554 940 677 994 fons
719 955 877 1007 aqua:
912 942 1151 997 viventis
1189 953 1241 996 ct
1275 942 1523 997 salientis
1565 944 1619 996 in
1656 944 1818 996 vitam
1859 951 2018 997 arter-

439 1045 566 1084 nam
590 1043 638 1083 ι.
662 1049 681 1083 ι
747 1030 847 1086 llic
881 1041 1104 1100 apertus
1152 1041 1238 1087 est
1283 1032 1472 1087 domui
1514 1033 1759 1095 Davidis,
1790 1034 1916 1103 quia
1948 1049 2017 1088 es

439 1119 534 1173 illa
563 1121 891 1190 cognatione
915 1121 1210 1175 humanam
1233 1132 1481 1176 naturam
1506 1124 1762 1192 sumpsit.
1783 1125 2020 1193 Apertus

441 1220 526 1266 est
553 1212 719 1266 etiam
752 1213 1129 1268 habitantibus
1166 1214 1602 1285 Hierosolymam
1626 1254 1641 1277 .
1673 1217 1726 1269 in
1758 1215 2020 1269 transmi-

439 1304 743 1373 gratiouem
774 1319 807 1357 a
839 1302 1020 1359 Veteri
1050 1303 1405 1361 Testamento
1441 1308 1507 1359 ad
1530 1304 1743 1359 Novum
1792 1304 2019 1370 factam,

440 1403 494 1447 et
529 1395 583 1448 in
614 1396 991 1464 aspersionem
1025 1396 1169 1451 sacri
1198 1396 1547 1467 baptismatis
1567 1434 1583 1459 ,
1615 1408 1720 1465 per
1743 1396 1889 1466 quod
1922 1412 2017 1451 ve-

440 1485 587 1538 niam
622 1494 978 1553 peccatorum
1008 1486 1192 1558 adepti
1234 1501 1448 1542 sumus.
1486 1485 1664 1552 Tunc,
1712 1488 1793 1542 ait
1825 1486 2015 1542 Domi-

439 1590 547 1632 nus
578 1577 838 1631 virtutum
873 1596 886 1632 :

516 1753 681 1809 Vsus.
725 1754 838 1809 2-4.
884 1773 901 1805 ι
940 1752 1262 1823 Dispcrdam
1330 1754 1554 1808 nomina
1612 1754 1890 1809 idolorum
1949 1754 2017 1810 de

439 1855 608 1907 terra.
640 1855 694 1901 et
726 1863 836 1901 non
862 1848 967 1900 erit
997 1849 1135 1900 ultra
1153 1862 1343 1900 eorum
1364 1845 1626 1901 memoria
1653 1862 1668 1898 :
1694 1854 1750 1900 et
1777 1845 2001 1916 pseudo.
2045 1825 2089 1881 Β

438 1937 758 2007 pmphetas,
836 1937 1046 2008 1657
1107 1948 1162 1993 et
1222 1939 1476 2009 spiritum
1532 1940 1874 1999 immundum
1915 1956 2015 1994 au-

439 2028 609 2083 feram
668 2027 734 2084 de
801 2037 968 2083 terra.
1017 2027 1082 2083 Et
1132 2030 1261 2095 erit,
1317 2030 1362 2086 si
1414 2031 1825 2102 prophetaverit
1852 2032 2017 2087 homo

440 2120 604 2180 ultra,
621 2127 674 2174 ct
692 2119 835 2175 dicet
859 2119 927 2175 ad
944 2136 1067 2176 eum
1088 2130 1238 2190 pater
1261 2122 1381 2192 ejus
1406 2131 1459 2178 et
1485 2132 1660 2179 mater
1679 2124 1726 2192 ej
1736 2139 1799 2179 us
1816 2123 1906 2193 qui
1925 2138 2020 2195 ge.

438 2223 849 2265 nueruntcum:
882 2210 999 2266 Non
1035 2213 1208 2275 vives,
1228 2213 1483 2283 quoniam
1505 2213 1848 2268 mendacium
1868 2214 2018 2268 locu-

439 2311 528 2355 tus
552 2317 611 2356 cs
640 2301 691 2354 in
713 2305 933 2356 nomine
965 2302 1176 2358 Domini
1206 2318 1301 2372 ;et
1328 2306 1672 2376 compedient
1702 2320 1828 2360 eum
1855 2313 2012 2375 pater

436 2393 558 2461 ejus
579 2401 633 2446 et
660 2401 834 2448 mater
862 2395 983 2463 ejus
1007 2396 1099 2466 qui
1120 2405 1431 2467 genuerunt
1452 2414 1600 2461 eum,
1621 2413 1745 2453 cum
1778 2398 2015 2469 prophe-

435 2485 653 2538 taverit.
707 2485 773 2541 Et
810 2487 915 2543 erit
943 2488 1032 2544 die
1084 2490 1200 2557 illo,
1235 2490 1651 2547 confundentur
1706 2492 2012 2562 prephctae,

438 2577 822 2648 unusquisque
844 2594 914 2634 ex
961 2579 1176 2636 visione
1206 2596 1329 2646 sua,
1371 2597 1497 2638 cum
1537 2583 2013 2654 prophetavcriut,

434 2675 490 2719 rt
547 2667 840 2724 inducatur
889 2671 1029 2739 pelle
1071 2671 1319 2739 cilicina,
1354 2674 1485 2743 quia
1532 2674 1746 2729 mentiti
1794 2684 1946 2730 sunt.
1989 2691 2009 2727 ι

437 2756 633 2829 Liquet
677 2769 859 2816 autem
912 2764 1015 2819 hoc
1059 2765 1269 2818 factum
1320 2763 1494 2820 fuisse
1541 2765 1751 2823 abillis
1803 2766 1895 2836 qui
1957 2766 2015 2822 in

435 2852 717 2907 Christum
749 2855 1125 2910 crediderunt.
1158 2855 1280 2911 Non
1329 2858 1493 2912 modo
1547 2867 1755 2923 autem,
1815 2859 2013 2928 inquit,

436 2941 708 2996 idolorum
748 2943 1042 3000 falsitatem
1073 2948 1444 3018 exstinguam,
1476 2948 1570 3004 sed
1588 2948 2017 3005 divinationibus

437 3049 659 3103 quoque
687 3034 904 3091 deditos
933 3050 990 3090 et
1015 3053 1045 3092 a
1078 3040 1223 3093 Inalo
1253 3038 1454 3109 spiritu
1489 3048 1742 3111 arreptos
1768 3041 2016 3096 liberabo

438 3123 508 3177 ab
544 3122 650 3178 hoc
681 3140 891 3180 errore.
926 3126 1103 3182 Tanta
1135 3130 1283 3183 enim
1331 3129 1504 3199 pietas
1564 3130 1971 3186 versabitur‘in
1996 3131 2014 3151 θ
2043 3164 2086 3222 C

437 3215 571 3269 orbe
602 3223 784 3284 terrae,
815 3228 874 3272 ut
901 3234 1005 3274 nec
1036 3228 1213 3290 pater,
1241 3236 1343 3275 inec
1368 3230 1543 3276 mater
1579 3220 1869 3293 ignoscant
1901 3222 2019 3277 lilio

436 3305 833 3364 divinationem
861 3313 1232 3374 cousectanti,
1266 3312 1365 3368 sed
1395 3314 1471 3368 illi
1516 3321 1573 3369 et
1620 3313 1843 3369 vincula
1888 3316 2021 3386 inji-

438 3399 613 3467 ciant,
648 3409 704 3457 et
752 3399 918 3473 llagra
972 3404 1238 3475 inﬂigunt,
1269 3413 1329 3460 ct
1356 3415 1585 3461 mortem
1623 3406 1916 3461 intentent.
1956 3408 2023 3463 Et

437 3504 654 3556 omnes,
718 3493 814 3561 qui
867 3493 1003 3550 falsa
1066 3495 1365 3564 praedicere
1420 3496 1701 3567 gestiunt,
1765 3496 2021 3554 videntes

438 3582 662 3650 pietatis
724 3585 1069 3653 potentiam,
1126 3588 1415 3658 lugubrem
1478 3598 1687 3643 vestem
1759 3590 2014 3645 indueut.

436 3669 573 3725 Nam
627 3674 773 3741 quod
810 3675 912 3738 ait,
950 3694 968 3727 ι
1007 3675 1313 3732 luduentur
1368 3678 1510 3746 pelle
1560 3679 1819 3744 cilieina,
1861 3699 1880 3731 ι
1917 3681 2021 3736 hoc

440 3761 736 3830 signiﬁcat.
800 3762 979 3820 Tanto
1033 3774 1215 3822 autem
1266 3768 1468 3822 timore
1524 3769 1919 3840 corripientur,
1963 3782 2022 3825 ut

440 3852 718 3907 idolorum
749 3870 990 3911 errorem
1051 3857 1337 3927 ahjiciant,
1375 3867 1428 3911 et
1465 3874 1564 3929 pro
1622 3860 1716 3912 illo
1764 3875 2021 3931 agrorum

438 3942 716 3999 culturam
746 3947 1152 4017 amplexeutur,
1176 3957 1230 4003 et
1255 3948 1516 4005 omnibus
1533 3947 1723 4005 dicant
1748 3969 1762 4006 :
1800 3950 1875 4006 Ex
1907 3968 2022 4023 quo

438 4039 601 4089 natus
632 4050 782 4103 sum,
807 4052 840 4091 a
875 4038 1197 4108 parentibus
1225 4039 1371 4095 hanc
1399 4048 1579 4095 artem
1606 4040 1831 4097 edidici.

2122 579 2254 646 οἴκῳ
2286 579 2469 635 Δαϐίδ.
2498 600 2516 631 ι
2553 581 2650 643 Τίς
2677 581 2731 633 δὲ
2764 581 2926 651 αὕτη,
2949 580 3113 643 αὐτὸς
3140 583 3170 633 ὁ
3206 581 3408 651 Κύριος
3431 583 3689 653 διὰΊερε·

2124 668 2247 737 μίου
2299 670 2540 724 διδάσκει
2567 688 2581 703 ⁸
2631 688 2651 723 ε
2692 672 2822 742 Ἐμὲ
2858 673 3238 740 ἐγκατέλιπον,
3269 673 3452 745 πηγὴν
3497 673 3690 736 ὕδατος

2121 759 2284 829 ζωῆς.
2320 779 2338 811 ι
2376 762 2485 814 Καὶ
2518 763 2578 814 ἐν
2610 765 2721 826 τοῖς
2755 763 2922 834 ίεροϊς
2960 762 3309 831 Εύαγγελίοις
3350 763 3542 833 φησίν·
3587 783 3605 814 ι
3628 761 3697 816 Εἴ

2118 863 2202 911 τις
2237 848 2387 919 διψᾷ,
2442 849 2689 920 ἐρχέσθω
2738 851 2873 923 πρός
2929 868 3020 923 με,
3073 852 3168 906 καὶ
3222 851 3445 906 πινέτω.
3477 871 3496 903 ι
3537 854 3691 918 Καὶ,

2126 959 2144 991 ι
2188 941 2381 993 Ἔσται
2410 941 2471 993 τὸ
2508 940 2672 1013 ὕδωρ,
2705 942 2734 995 ὃ
2767 941 2878 1009 ἐγὼ
2912 940 3069 995 δώσω
3105 941 3274 1012 αὐτῷ,
3316 943 3467 1012 πηγὴ
3502 943 3690 1007 ὓδατος

2119 1029 2343 1093 ζῶντος,
2372 1030 2668 1100 ἁλλομένου
2694 1034 2772 1095 είς
2801 1031 2945 1103 ζωὴν
2975 1032 3208 1088 αἰώνιον.
3242 1053 3261 1086 ι
3299 1033 3447 1103 Αὕτη
3475 1033 3687 1105 ἁνεῴγη

2118 1118 2194 1189 τῷ
2225 1121 2358 1190 οἴκῳ
2387 1121 2549 1175 Δαϐίδ
2573 1138 2589 1153 ο
2614 1121 2675 1188 ἐξ
2726 1122 2945 1193 ἐκείνης
2969 1124 3079 1194 γάρ
3106 1122 3207 1191 τῆς
3243 1122 3561 1191 συγγενείας
3590 1123 3693 1193 τὴν

2118 1211 2462 1282 ἀνθρωπείαν
2515 1213 2678 1283 φύσιν
2726 1213 3010 1268 ἀνέλαϐεν.
3060 1214 3310 1285 Ἀνεῴγη
3344 1214 3401 1267 δέ
3441 1216 3537 1268 καὶ
3579 1216 3693 1277 τοῖς

2119 1302 2466 1357 κατοικοῦσιν
2506 1305 2883 1376 Ἰερουσαλὴμ,
2918 1307 2997 1369 είς
3030 1305 3130 1375 τὴν
3183 1305 3540 1377 μετακίνησιν
3591 1306 3693 1377 τὴν

2116 1394 2225 1448 ἀπὸ
2253 1395 2352 1466 τῆς
2387 1394 2630 1459 Παλαιᾶς
2667 1396 2944 1468 Διαθήκης
2974 1398 3069 1450 ἐπὶ
3090 1397 3188 1469 τὴν
3211 1397 3421 1469 Καινὴν
3458 1414 3690 1468 γεγενηο

2121 1485 2308 1557 μένην,
2338 1486 2433 1540 καὶ
2459 1489 2541 1550 είς
2568 1486 2659 1541 τὸν
2692 1486 2988 1559 ῥαντισμὸν
3032 1487 3126 1541 τοῦ
3166 1488 3322 1555 ἁγίου
3380 1487 3691 1558 βαπτίσμα-

2118 1594 2237 1642 τος,
2269 1577 2338 1631 δι’
2377 1570 2441 1631 οῦ
2492 1579 2596 1650 τὴν
2642 1578 2837 1645 ἄφεσιν
2880 1579 2991 1633 τῶν
3034 1580 3319 1651 ἁμαρτιῶν
3372 1580 3689 1652 ἐδεξάμεθα.

2117 1669 2451 1740 Τηνικαῦτα,
2482 1672 2646 1741 φησὶν
2669 1672 2699 1723 ὁ
2724 1671 2831 1725 τῶν
2856 1671 3138 1742 δυνάμεων
3170 1670 3373 1743 Κύριος
3390 1687 3407 1703 ·

2192 1761 2325 1830 β’-δ¹.
2405 1762 2807 1834 Ἑξολοθρεύσω
2853 1763 2923 1816 τά
2974 1762 3213 1834 ὀνόματα
3289 1762 3400 1816 τῶν
3455 1760 3691 1815 εἰδώλων

2117 1855 2226 1909 άπὸ
2255 1856 2353 1925 τῆς
2381 1856 2504 1926 γῆς,
2543 1856 2640 1909 καὶ
2692 1856 2877 1911 οὐκέτι
2905 1857 3059 1908 ἔσται
3103 1855 3285 1910 αὐτῶν
3316 1854 3476 1924 μνεία
3500 1854 3521 1887 ⁸
3547 1869 3562 1884 ⁸
3592 1852 3690 1907 καὶ

2115 1946 2242 2009 τοὺς
2279 1945 2753 2017 ψευδοπροφήτας,
2783 1947 2879 1999 καὶ
2919 1946 2981 2000 τὸ
3005 1945 3221 2017 πνεῦμα
3277 1945 3337 1999 τὸ
3377 1944 3691 2014 ἀκάθαρτον

2116 2034 2296 2106 ἐξαιρῶ
2346 2035 2453 2089 άπδ
2498 2035 2599 2106 τῆς
2644 2035 2793 2103 γῆς.“
2822 2034 2935 2089 Kal.
2987 2033 3139 2087 ἔσται
3193 2033 3289 2087 ἐὰν
3333 2031 3689 2105 προφητεύσει

2118 2125 2402 2197 ἄνθρωπος
2430 2124 2533 2187 ἔτι,
2569 2125 2665 2179 καὶ⁹
2694 2123 2922 2196 ἐροῦσι’
2944 2124 3080 2197 πρδς
3111 2122 3272 2177 αὐτὸν
3309 2125 3338 2177 ὁ
3370 2124 3554 2194 πατὴρ
3587 2123 3689 2176 αύ-

2115 2217 2210 2270 τοῦ
2247 2217 2339 2270 καὶ
2373 2218 2405 2287 ή
2440 2215 2625 2289 μήτηρ
2668 2214 2857 2282 αὐτοῦ,
2895 2216 2944 2268 οί
2981 2215 3348 2284 γεννήσαντες
3391 2213 3586 2267 αὐτόν·
3612 2213 3689 2267 οὐ

2118 2304 2280 2377 ζήσῃ,
2321 2305 2404 2358 ὅτι
2426 2304 2599 2374 ψευδῆ
2626 2304 2895 2375 ἐλάλησας
2933 2304 3029 2358 ἐν⁸
3059 2303 3285 2373 ὀνόματι
3313 2302 3516 2374 Κυρίου
3545 2319 3559 2334 ο
3593 2303 3691 2356 καὶ

2119 2394 2508 2465 συμποδιοῦσιν
2536 2393 2698 2448 αὐτὸν
2724 2396 2753 2448 ὁ
2778 2393 2963 2465 πατὴρ
2999 2393 3163 2447 αὐτοῦ
3189 2394 3282 2447 καὶ
3307 2394 3342 2463 ἡ
3379 2394 3562 2465 μήτηρ
3587 2394 3697 2446 αὖα

2114 2488 2232 2553 τοῦ,
2259 2488 2311 2541 οί
2331 2487 2692 2558 γεννήσαντες
2719 2486 2905 2552 αὑτὸν,
2928 2489 2986 2539 ἐν
3013 2484 3093 2556 τῷ
3116 2484 3477 2556 προφητεύειν
3501 2485 3684 2539 αὐτόν.

2116 2578 2229 2633 Kal.
2255 2577 2408 2630 ἔσται
2436 2578 2496 2629 ἐν
2532 2579 2602 2647 τῇ
2642 2575 2826 2647 ἡμέρᾳ
2865 2574 3071 2648 ἐκείνῃ.
3129 2573 3699 2645 καταισχυνθήσοντσι

2116 2672 2167 2725 οἱ
2192 2670 2491 2742 προφῆται,
2522 2669 2751 2732 Ξκαστος
2783 2671 2849 2722 ἐκ
2875 2670 2974 2739 τῆς
3006 2666 3253 2740 ὁράσεως
3287 2665 3478 2733 aii-:06;
3510 2668 3572 2720 ἐν
3609 2664 3697 2736 τῷ

2116 2762 2479 2832 προφητεύειν
2508 2760 2705 2823 αὐτοὺς
2722 2763 2767 2826 ⁹,
2814 2759 2910 2815 καὶ
2942 2758 3261 2813 ἐνδύσονταε
3280 2758 3466 2830 δέρῤιν
3514 2758 3693 2830 τριχί-

2116 2873 2237 2927 νην,
2299 2854 2415 2908 ἀνθ’
2440 2846 2517 2907 ὧν
2571 2853 2889 2922 ἐψεύσαντο.
2919 2870 2938 2903 ι
2975 2850 3146 2921 Δῆλον
3174 2850 3253 2916 δέ,
3289 2851 3373 2904 ὅτι
3409 2851 3504 2904 καὶ
3533 2848 3694 2904 τοῦτο

2115 2947 2206 3001 διά
2228 2946 2338 3000 τῶν
2361 2946 2443 3010 εἰς
2473 2945 2565 2999 τὸν
2597 2945 2832 3016 Χριστὸν
2872 2944 3318 2998 πεπιστευκότων
3342 2943 3579 3012 ἐγένετο.
3613 2942 3690 2995 Οὐ

2122 3039 2284 3110 μόνον
2311 3037 2368 3091 δὲ
2395 3037 2503 3091 τῶν
2531 3036 2786 3103 εἰδώλων,
2819 3038 2974 3108 φησὶ,
3016 3036 3342 3090 κατασϐέσω
3377 3035 3440 3088 τὸ
3474 3034 3697 3103 ψεῦδος,

2117 3131 2256 3187 ἀλλὰ
2294 3130 2391 3185 καὶ
2437 3129 2564 3193 τοὺς
2616 3128 2897 3200 μαντείαις
2948 3129 3286 3200 χρωμένους,
3315 3129 3411 3182 καὶ⁹
3442 3127 3547 3181 ὑπὸ
3590 3127 3695 3181 τοῦ

2118 3221 2357 3296 πονηροῦ
2405 3220 2717 3291 πνεύματος
2754 3219 3203 3291 δνεργουμένους,
3243 3218 3450 3290 ταύτης
3477 3217 3696 3271 ἐλευθε-

2123 3313 2284 3385 ρώσω
2322 3312 2425 3381 τῆς
2462 3310 2691 3381 πλάνης.
2747 3308 2998 3381 Τοσαύτη
3030 3309 3140 3380 γὰρ
3186 3308 3441 3363 εὐσέϐεια
3468 3304 3692 3372 καθέξει

2118 3405 2219 3475 τὴν
2275 3402 2625 3474 οἰκουμένην,
2669 3400 2812 3455 ὥστε
2843 3403 2981 3472 μήτε
3030 3401 3261 3473 πατέρα,
3316 3402 3452 3471 μήτε
3486 3399 3702 3471 μητέρα

2122 3495 2400 3566 φείδεσθαι
2451 3492 2643 3556 παιδὸς
2702 3492 3047 3564 πειρωμένου
3113 3490 3514 3563 μαντεύεσθαι,
3562 3489 3702 3545 ἀλλὰ

2123 3589 2219 3642 καὶ
2253 3587 2429 3656 δεσμά
2456 3584 2607 3656 αὐτῷ
2636 3583 3008 3656 περιϐάλλειν,
3038 3574 3133 3638 κάι
3181 3583 3456 3654 μάστιγας
3504 3582 3701 3652 ἐπιφέ-

2125 3697 2262 3753 ρειν,
2308 3678 2405 3732 καὶ
2462 3677 2690 3731 θάνατον
2750 3675 3015 3730 ἀπειλεῖν.
3063 3674 3171 3728 Καὶ
3221 3674 3419 3737 πάντες
3445 3673 3504 3727 δέ
3540 3675 3591 3727 οἱ
3631 3674 3701 3727 τά

2121 3772 2291 3843 ψευδῆ
2323 3769 2611 3842 προλέγειν
2637 3766 2970 3839 αἱρούμενοι,
3005 3766 3270 3837 θεώμενοι
3296 3766 3398 3836 τῆς
3419 3764 3701 3828 εὐσεϐείας

2122 3863 2221 3935 τὴν
2254 3862 2635 3933 ἐπικράτειαν,
2692 3861 2953 3930 πένθιμον
3015 3857 3437 3930 περιϐαλοῦνται
3493 3858 3699 3927 σχῆμα.

2124 3955 2198 4008 Τὸ
2218 3954 2346 4026 γάρ,
2387 3972 2406 4005 ι
2436 3951 2775 4006 Ἐνδύσονται
2801 3951 2984 4025 δέρριν
3006 3949 3273 4020 τριχίνην,
3301 3967 3320 3999 ι
3347 3946 3507 4001 τοῦτο
3530 3946 3701 4017 δηλοῖ.

2016 4088 2019 4093 μ
2127 4044 2381 4114 Τοσούτῳ
2404 4043 2462 4097 δὲ
2490 4041 2990 4113 κατασχεθῆσονται
3015 4039 3146 4103 δέει,
3168 4038 3244 4101 ὡς
3266 4036 3568 4107 ἀρνηθῆναι
3602 4036 3703 4105 μὲν

437 4145 537 4219 τὴν
584 4150 814 4222 πλάνην,
863 4152 1141 4225 γεωργίαν
1170 4153 1227 4207 δὲ
1259 4154 1383 4208 άντι
1414 4155 1631 4226 ἐκείνης
1675 4155 2040 4225 ἀσπάζεσθαι,
2086 4156 2177 4211 καὶ
2224 4153 2407 4223 λέγειν
2459 4152 2647 4217 πᾶσιν,
2701 4151 2782 4204 ὅτι
2808 4148 2983 4214 Εὐθὺς
3028 4149 3237 4221 τεχθεὶς
3283 4148 3489 4219 ταύτην
3547 4146 3698 4217 παρὰ

436 4240 546 4293 τῶν
571 4244 823 4314 πατέρων
854 4244 1135 4316 ἐδιδάχθην
1161 4245 1259 4318 τὴν
1291 4248 1508 4319 τέχνην.

508 4334 675 4391 Vsus.
711 4338 763 4400 5,
784 4337 837 4393 6.
867 4357 885 4389 ι
922 4336 985 4392 Et
1009 4339 1176 4403 dicet,
1203 4340 1384 4411 inquit
1409 4364 1419 4395 ;
1440 4342 1557 4396 Non
1591 4357 1714 4397 sum
1742 4344 2013 4413 propheta

2192 4342 2256 4402 ε’,
2282 4339 2356 4405 ς’.
2415 4356 2435 4389 ι
2468 4338 2615 4407 Ἑρεῖ
2675 4334 2804 4407 γάρ,
2859 4334 3024 4406 φησίν
3054 4350 3068 4364 ·
3100 4334 3215 4388 οὐκ
3266 4333 3383 4404 είμὶ
3416 4332 3702 4405 προφήτης

436 4440 556 4497 ego,
589 4427 715 4492 quia
757 4428 925 4482 homo
951 4431 1140 4486 colens
1189 4440 1392 4485 terram
1424 4445 1525 4502 ego
1559 4448 1714 4498 suun,
1747 4439 1804 4486 et
1854 4435 2019 4488 homo

2129 4431 2274 4501 ἐγὼ,
2309 4430 2391 4483 ὅτι
2423 4429 2467 4460 ¹⁰
2500 4427 2785 4497 ἄνθρωπος
2826 4424 3192 4497 ἐργαζόμενος
3240 4424 3405 4496 γίῆνιι
3438 4424 3550 4494 ἐγώ
3589 4426 3703 4495 είμι

436 4518 625 4585 genuit
679 4517 895 4589 1658
939 4534 1025 4575 me
1057 4535 1088 4574 a
1117 4520 1404 4590 juventute
1448 4535 1587 4576 mea.
1621 4521 1688 4575 Et
1732 4522 1920 4578 dicent
1946 4523 2017 4578 ad

2120 4520 2212 4573 καὶ
2233 4521 2276 4551 η
2306 4517 2593 4588 ἄνθρωπος
2636 4514 2893 4586 ἐγέννησε
2927 4532 2993 4585 με
3022 4517 3089 4570 ἐκ
3136 4516 3388 4587 νεότητός
3433 4534 3556 4587 μου.
3592 4516 3708 4571 Καὶ

437 4620 560 4659 cum
596 4624 609 4659 :
641 4606 781 4671 Quid
821 4609 1134 4677 signiﬁcant
1170 4613 1343 4682 plaga:
1402 4613 1520 4667 ista:
1568 4613 1711 4668 inter
1762 4616 2019 4685 scapulas

2119 4610 2305 4683 ἐροῦσι
2333 4612 2377 4643 ⁸³
2417 4609 2554 4675 πρὸς
2578 4608 2741 4661 αὐτόν
2762 4622 2776 4636 ·
2813 4607 2879 4660 Τί
2912 4608 2967 4661 αἱ
2991 4606 3197 4676 πληγαὶ
3230 4602 3388 4662 αὗται
3428 4607 3705 4678 άναμέσον

312 4717 336 4737 κ
438 4698 604 4752 tuas?
634 4696 697 4752 Et
728 4699 922 4754 dicet:
965 4699 1274 4760 Percussus
1326 4717 1448 4756 sum
1496 4703 1551 4757 in
1607 4705 1774 4759 domo
1831 4705 2019 4762 dilecti

437 4788 570 4842 mei.
603 4806 620 4838 ι
656 4787 820 4845 Tales
837 4790 985 4845 enim
1018 4794 1209 4863 plagas
1237 4812 1269 4847 a
1298 4795 1624 4863 parentibus
1654 4796 1911 4867 accipiet,
1956 4808 2022 4852 ut

438 4879 504 4931 ad
530 4879 755 4950 longum
786 4896 963 4952 usque
985 4893 1202 4955 tempus
1237 4884 1560 4942 manifestas
1605 4900 1798 4942 earum
1855 4898 2021 4947 notas

438 4977 713 5037 geratzet
768 4972 1141 5045 interrogatus
1183 4975 1253 5031 ab
1311 4976 1380 5032 iis
1440 4977 1534 5046 qui
1588 4977 1689 5032 has
1735 4977 2017 5048 videbunt,

438 5060 715 5115 undenam
745 5062 851 5119 has
880 5065 1182 5135 acceperit,
1215 5068 1393 5136 palam
1427 5067 1591 5135 dicet,
1624 5068 1725 5125 bas
1773 5069 1878 5126 sibi
1911 5087 2012 5143 pa-

438 5158 625 5206 rentes
647 5162 898 5210 amanter
926 5155 1197 5214 indixisse
1234 5158 1441 5231 plagas.

437 5413 467 5458 «ῒ
502 5406 704 5466 Jerem.
738 5429 811 5478 ιι,
848 5414 934 5470 15.
1015 5424 1037 5452 ²
1076 5413 1239 5469 Joan.
1274 5432 1345 5470 vn
1369 5454 1383 5479 ,
1413 5417 1502 5472 57.
1579 5430 1605 5459 ει
1645 5415 1811 5473 Joan.
1843 5432 1916 5482 Iv,
1963 5416 2050 5473 ιι.

2111 4701 2221 4754 τῶν
2249 4698 2415 4769 ὤμων
2432 4697 2475 4729 ίδ
2512 4714 2604 4751 σου
2632 4716 2647 4765 ;
2682 4697 2793 4751 Καὶ
2821 4698 2936 4769 ἐρεῖ
2954 4713 2966 4725 ·
3009 4697 3285 4767 Ἐπλήγην
3309 4697 3353 4729 ¹⁸
3378 4698 3437 4749 ὲν
3460 4696 3541 4766 τῷ
3571 4696 3706 4766 οἴκῳ

2113 4789 2206 4843 τοῦ
2242 4787 2530 4859 ἀγαπητοῦ
2556 4787 2601 4821 ¹⁶
2631 4805 2753 4858 μου.
2783 4807 2801 4841 ι
2838 4787 3104 4852 Τοιαύτας
3153 4789 3263 4858 γάρ
3306 4787 3517 4854 δέξεται
3552 4785 3708 4858 παρά

2116 4880 2227 4934 τῶν
2264 4878 2676 4951 γεγεννηκότων
2708 4879 2941 4950 πληγάς,
2969 4879 3045 4943 ὡς
3079 4878 3240 4950 μέχρι
3272 4877 3468 4932 πολλοῦ
3516 4878 3708 4949 φέρειν

2114 4970 2320 5042 ἐναργῆ
2355 4969 2425 5030 τά
2459 4973 2684 5042 σημεῖα,
2725 4972 2823 5025 καὶ⁵
2854 4970 3208 5043 ἐρωτώμενον
3248 4969 3354 5022 ῦπδ
3380 4967 3489 5022 τῶν
3526 4968 3706 5023 ταῦτα

2116 5060 2389 5134 ὁρώντων,
2434 5062 2597 5115 πόθεν
2636 5061 2841 5125 ταύτας
2867 5060 3087 5125 ἐδέξατο
3114 5062 3215 5124 τὰς
3251 5060 3459 5126 αἰκίας,
3521 5060 3704 5129 λέγειν

2117 5152 2439 5225 προφανῶς,
2490 5153 2571 5207 ὅτι
2622 5151 2827 5219 ταύτας
2880 5151 3031 5225 αὐτῷ
3082 5154 3134 5207 oi
3189 5151 3579 5225 γεγεννηκότες
3623 5149 3704 5215 ὡς

2118 5245 2440 5317 ἀγαπῶντες
2469 5245 2754 5301 ἐπέθεσαν.
3456 5250 3461 5256 ’

1709 5555 1793 5609 VA
1805 5554 1942 5609 ιιιΑΞ
1979 5553 2384 5612 LECTIONES.

494 5660 748 5736 {habia};
764 5663 925 5736 ἐσται
949 5664 1126 5736 μνεία.
1188 5665 1219 5736 _‘
1256 5667 1296 5718 A
1334 5664 1462 5736 ἐρεῖ.

451 5721 492 5754 ¹³
510 5728 559 5785 Δ
585 5721 735 5801 ιρῶί
776 5735 818 5767 ⁸⁸
845 5721 960 5804 ῶμξ
983 5735 1027 5789 Α
1050 5731 1272 5804 χειρῶν.

1565 5670 1585 5748 ξ
1610 5668 1827 5748 ΑῇἐπκΛ
1847 5668 1868 5699 ε’
1894 5667 1935 5720 Δ
1968 5670 2151 5748 αὐτόν.
2222 5670 2266 5705 ὀ
2295 5670 2510 5748 ῥδιότι.
2530 5742 2561 5748 Α
2601 5671 2796 5748 ηςτῆν.
2821 5670 2863 5727 Α
2886 5688 3070 5748 praeui.
3096 5675 3215 5748 τήν.
3306 5676 3476 5737 ηκαί.
3507 5677 3551 5735 Λ
3585 5676 3697 5737 ὅτι.

1382 5734 1423 5764 ’δ
1459 5737 1608 5792 Ἐτελ.
1642 5741 1681 5792 Α
1706 5748 1760 5792 ct
1789 5736 1829 5792 ϐ
1885 5754 2067 5807 ριίνιιι.
2101 5737 2186 5803 ἃς.
2290 5741 2334 5773 ³⁸
2364 5740 2409 5795 Δ
2447 5752 2498 5798 ct
2521 5742 2583 5797 C.
2608 5734 2693 5807 τῷ
2724 5734 2983 5807 ἆγε.πήτᾷ

2290 5741 2334 5773 ³⁸
2364 5740 2409 5795 Δ
2447 5752 2498 5798 ct
2521 5742 2583 5797 C.
2608 5742 2686 5813 τῷ
2724 5740 3015 5815 ἀγαπητῷ.
