4090 6426
411 414 542 478 1961

1421 405 1908 469 THEODORETI
1940 401 2277 463 EPISCOPI
2305 396 2667 458 CYHENSIS

3520 382 3661 448 1952

408 535 593 595 partes
633 521 1317 595 propterim:redulitatcm
1357 526 1606 589 pereant,
1631 516 1790 569 tertia
1833 528 1983 577 vero,

2110 509 2251 561 τόσαι
2324 505 2584 577 μυριάδες
2646 501 2753 556 εἰσὶ
2804 497 2910 552 τῶν
2964 491 3400 548 πεπιστευκότων
3427 493 3472 532 ὀ
3533 493 3664 544 Ἰου-

413 616 806 670 teutatiouibus
844 614 1149 684 approbata
1180 620 1236 666 et
1280 612 1516 679 genuina
1561 608 1699 670 visa,
1725 605 1846 674 ejus
1887 619 1985 672 po-

414 707 576 776 pulus
600 705 834 766 dicatur,
867 720 990 758 eum
1027 702 1313 754 Dominum
1364 709 1417 755 et
1462 699 1630 752 Deum
1681 696 1984 765 appellans.

416 797 562 850 Idem
607 805 660 850 et
713 811 809 866 per
857 796 1022 847 alium
1080 794 1403 864 prophetam
1455 790 1590 845 dixit
1637 786 1779 840 Deus
1817 803 1829 838 :
1873 804 1887 833 ι
1931 782 1990 836 Si

418 887 584 939 fuerit
630 898 891 938 numerus
931 883 1165 936 ﬁliorum
1223 879 1444 934 lsraelis
1481 886 1539 930 ut
1598 890 1762 928 arena
1799 872 1990 931 maris,

414 976 661 1044 reliquiae
691 975 1055 1028 salvabuntur
1095 974 1135 1024 ί.
1179 996 1198 1024 ι
1240 971 1354 1026 Hoc
1381 981 1433 1023 ct
1464 969 1659 1023 beatus
1691 963 1990 1017 Zacharias

415 1079 610 1119 rursus
643 1065 804 1119 docet
835 1065 887 1118 in
918 1064 1297 1134 sequentibus.

2084 601 2268 653 δαίων.
2315 617 2332 648 ι
2368 596 2551 648 Ταῦτα
2597 593 2686 647 διὰ
2724 590 2815 646 τοῦ
2865 587 3159 642 θεσπεσίου
3210 582 3478 652 Ζαχαρίου
3523 598 3662 652 προσ

2089 690 2310 760 είρηκεν
2340 689 2368 740 ὁ
2394 686 2564 751 Θεὸς,
2599 686 2682 738 ὅτι
2727 683 2794 735 τὰ
2825 680 2919 734 δύο
2962 678 3102 749 μέρη
3148 675 3235 727 διὰ
3269 672 3368 742 τὴν
3403 671 3663 726 ἀπιστίαν

2088 776 2629 848 ἐξολοθρευθήσεται,
2683 772 2743 824 τὸ
2793 771 2848 822 δὲ
2909 768 3091 840 τρίτον
3155 767 3262 828 τοῖς
3337 762 3665 832 πειρασμοῖς

2092 868 2342 939 πυρωθὲν
2380 868 2471 920 καὶ
2515 862 2828 932 ἀποφανθὲν
2860 861 3084 930 δόκιμον
3106 896 3121 921 ,
3174 856 3302 917 λαὸς
3334 851 3498 905 αὑτοῦ
3529 867 3668 921 χρη-

2098 960 2333 1031 ματίσει,
2367 957 2574 1028 Κύριον
2627 954 2789 1009 αὐτὸν
2837 952 2932 1006 καὶ
2974 950 3106 1002 Θεὸν
3153 945 3455 1017 ὀνομάζων.
3498 941 3668 1031 T0610

2098 1026 2190 1102 καὶ
2223 1051 2290 1100 δι’
2322 1026 2482 1102 άλλου
2531 1045 2812 1115 προφήτου
2848 1043 3014 1111 φησὶν
3057 1041 3084 1091 6
3126 1037 3258 1100 Θεός
3284 1054 3295 1064 ·
3343 1054 3362 1086 ι
3421 1032 3550 1085 Ἐὰν
3640 1037 3669 1088 6

416 1159 648 1234 ἀριθμὸς
685 1159 794 1213 τῶν
841 1159 972 1211 υίῶν
999 1123 1234 1229 ”1σραὴλ
1262 1157 1337 1219 ὡς
1378 1158 1409 1224 ἡ
1451 1156 1634 1225 ἄμμος
1674 1151 1774 1219 τῆς
1817 1144 2111 1211 θαλάσσης,
2163 1141 2224 1193 τὸ
2274 1139 2626 1208 κατάλειμμα
2681 1135 3006 1205 σωθήσεται.
3037 1151 3055 1182 ι
3090 1130 3262 1182 Τοῦτο
3301 1128 3394 1180 καὶ
3437 1125 3526 1178 διὰ
3562 1123 3669 1176 τῶν

418 1252 772 1322 ἐπαγομένων
808 1251 972 1304 πάλιν
1006 1253 1032 1304 6
1080 1251 1348 1320 μακάριος
1378 1248 1652 1318 Ζαχαρίας
1687 1245 1789 1313 ἔφη
1816 1243 1880 1293 ³³.

1001 1339 1230 1396 CAPUT
1274 1339 1410 1392 XIV.

491 1435 658 1490 Vens.
717 1436 768 1489 1.
824 1454 842 1485 ι
880 1434 1023 1488 Ecce
1097 1434 1213 1487 dies
1257 1430 1468 1484 Domini
1517 1429 1682 1489 venit,
1733 1435 1788 1479 et
1851 1421 1993 1475 divi-

421 1528 621 1581 dentur
655 1525 830 1594 spolia
883 1535 973 1578 tua
1007 1525 1058 1576 in
1109 1531 1180 1576 te.
1220 1542 1238 1574 ι
1293 1521 1555 1574 Hostibus
1597 1516 1848 1571 videlicet
1884 1515 1995 1567 [nec

422 1616 816 1672 dividentibus.

496 1705 658 1758 Vens.
693 1704 745 1754 2.
789 1722 806 1754 ι
838 1703 902 1754 Ει
933 1701 1282 1770 congregabo
1310 1713 1501 1752 oumes
1523 1704 1710 1766 gentes
1731 1695 1996 1747 adversus

2616 1311 3013 1367 ΚΕΦᾹΛΑῘΟΝ
3060 1311 3154 1362 ΙΔ’.

2166 1418 2233 1464 α’.
2277 1429 2293 1460 ι
2355 1409 2486 1462 Ἰδοὺ
2526 1406 2712 1476 ἡμέρα
2738 1405 2780 1436 ³ο
2824 1404 3039 1473 ἔρχεται
3075 1400 3285 1469 Κυρίου
3315 1399 3390 1460 ’⁸,
3439 1399 3533 1450 καὶ
3560 1399 3679 1451 διαο

2097 1501 2489 1574 μερισθήσεται
2513 1499 2557 1529 "
2603 1498 2671 1549 τὰ
2704 1494 2877 1547 σκῦλά
2910 1510 3007 1545 σου
3040 1493 3096 1545 ὲν
3131 1491 3236 1543 σοί.
3277 1508 3296 1541 ι
3343 1489 3464 1542 Τῶν
3511 1489 3671 1541 πολε-

2102 1596 2239 1666 μίων
2265 1591 2505 1663 δηλονότι
2537 1588 2711 1641 ταῦτα
2741 1583 3169 1654 διανεμομένων.

2172 1685 2235 1753 β’.
2276 1702 2291 1733 ι
2332 1683 2441 1734 Καὶ
2472 1677 2782 1742 ὲπισυνάξω
2800 1676 2846 1706 ³³
2876 1676 3054 1728 πάντα
3091 1673 3159 1726 τὰ
3191 1672 3316 1740 ἔθνη
3349 1670 3440 1723 ἐπὶ
3481 1670 3674 1739 Ἰερου-

425 1795 860 1865 Hierosolymam
908 1796 973 1846 ad
1023 1791 1358 1852 bellandum,
1393 1798 1445 1843 et
1493 1789 1741 1856 capietur
1775 1786 1992 1848 civitas,

2110 1774 2282 1844 σαλὴμ
2315 1774 2395 1835 είς
2428 1770 2686 1840 πόλεμον,
2720 1767 2812 1820 καὶ
2845 1764 3168 1832 ἁλώσεταιὴ
3204 1762 3381 1826 πόλις,
3409 1763 3500 1813 καὶ
3525 1764 3677 1830 διαρ-

423 1895 480 1940 et
509 1884 842 1954 diripiantur
895 1883 1116 1944 domus,
1160 1891 1214 1934 et
1262 1879 1524 1932 mulieres
1563 1878 1911 1947 polluentur;
1943 1882 1996 1928 et

427 1977 741 2048 egredietur
775 1975 1002 2028 dimidia
1053 1989 1177 2042 pars
1204 1972 1444 2026 civitatis
1481 1971 1532 2023 in
1581 1969 1950 2038 captivitatem
1980 1983 1993 2018 :

426 2064 624 2134 reliqui
684 2073 865 2117 autem
923 2063 1106 2132 populi
1151 2062 1254 2114 mei
1305 2076 1411 2112 non
1465 2058 1719 2128 peribunt
1776 2056 1842 2110 de
1914 2055 1996 2108 ci-

424 2160 614 2212 vitate.
657 2175 676 2208 ι
748 2157 914 2210 Fama
962 2155 1108 2210 enim
1175 2162 1280 2216 est,
1339 2152 1677 2219 Vespasiano
1749 2157 1805 2203 et
1874 2148 1998 2201 Tito

425 2249 629 2303 bellum
664 2247 1015 2316 parantibus,
1050 2245 1103 2299 id
1154 2244 1415 2313 temporis
1457 2242 1644 2296 lideles
1688 2256 1754 2295 ex
1789 2239 2002 2295 revela-

429 2341 583 2393 tione
614 2340 803 2392 urbem
857 2338 1172 2407 reliquisse.
1207 2336 1322 2390 Hoc
1358 2352 1490 2390 vero
1523 2335 1688 2389 etiam
1739 2335 1790 2387 in
1824 2334 2002 2386 Evan-

427 2429 585 2498 geliis
625 2429 880 2483 Christus
925 2425 1192 2481 Dominus
1238 2425 1406 2494 jussit
1449 2440 1461 2475 :
1503 2441 1521 2474 ι
1559 2423 1697 2476 Cum
1753 2419 2004 2475 videritis

429 2521 757 2578 circumdari
791 2521 858 2574 ab
913 2517 1252 2574 exercitibus
1292 2517 1501 2586 1661
1548 2514 2000 2585 Hierosolymam,

438 2623 571 2668 tunc
611 2614 809 2667 scitote
845 2609 1324 2680 appropinquasse
1357 2607 1518 2662 linem
1552 2607 1673 2676 ejus
1703 2625 1715 2661 :
1751 2614 1882 2660 tunc
1910 2603 2003 2674 qui

436 2706 497 2760 in
536 2704 720 2760 Judaea
757 2712 906 2764 sunt,
934 2701 1147 2772 fugiant
1174 2703 1188 2719 ‘
1233 2700 1296 2753 ad
1342 2707 1594 2763 montes;
1624 2707 1677 2752 et
1709 2697 1802 2766 qui
1845 2711 2007 2764 super

430 2808 597 2862 tecto,
623 2813 690 2852 ne
718 2795 1036 2855 descendat,
1067 2801 1124 2847 ut
1154 2792 1286 2862 quid
1317 2793 1470 2845 tollat
1499 2790 1566 2844 de
1593 2789 1756 2844 domo
1780 2804 1877 2844 sua
1899 2788 1911 2838 i
1930 2825 1946 2842 .
1984 2806 2002 2839 ι

431 2891 510 2946 De
541 2891 625 2946 bis
657 2890 840 2944 itidem
875 2905 970 2958 per
996 2886 1319 2942 Zachariam
1355 2885 1606 2954 praedixit
1644 2901 1656 2936 :

509 3087 527 3120 ι
572 3067 788 3136 Reliqui
828 3080 936 3118 non
975 3062 1253 3132 peribunt.
1287 3060 1474 3129 (Vens.
1499 3058 1575 3128 '5.)
1601 3059 1666 3112 Et
1695 3057 2009 3126 egredietur
2039 3087 2082 3146 ϐ

434 3160 698 3215 Dominus
732 3159 785 3212 in
828 3157 946 3210 acie
980 3156 1033 3209 iu
1073 3155 1334 3222 gentibus
1379 3151 1510 3216 illis,
1545 3151 1690 3205 sicut
1721 3151 1838 3204 dies
1862 3165 2012 3203 com-

433 3251 719 3308 missionis
749 3250 870 3319 eju‘s
901 3249 988 3303 dic
1023 3246 1222 3317 praelii.
1263 3265 1281 3297 ι
1321 3245 1560 3299 instruet
1600 3251 1779 3297 autem
1814 3242 2010 3304 aciem,

434 3357 549 3397 non
585 3357 686 3411 pro
717 3340 920 3396 Iudaeis
976 3353 1251 3407 pugnans,
1282 3336 1374 3391 sed
1427 3344 1618 3390 contra
1669 3333 1793 3388 illos
1823 3335 2013 3404 copias

437 3433 673 3488 ducens.
704 3450 723 3484 ι
758 3430 824 3484 Et
855 3429 1033 3484 aderit
1064 3429 1329 3483 Dominus
1361 3426 1503 3480 Deus
1537 3440 1714 3490 meus,
1740 3433 1794 3479 et
1823 3440 2014 3480 omnes

442 3523 616 3578 sancti
649 3536 772 3577 cum
805 3535 890 3576 eo.
929 3539 946 3572 ι
987 3519 1318 3588 Angemrum
1354 3513 1609 3584 intelligit
1639 3513 1905 3584 legiones.

509 3785 682 3840 Vens.
707 3784 762 3838 ι.
813 3803 831 3834 ι
873 3783 937 3836 Ει
979 3782 1202 3838 stabunt
1234 3781 1398 3851 pedes
1435 3779 1556 3850 ejus
1588 3779 1675 3834 die
1725 3779 1820 3834 illo
1852 3793 2020 3848 super

441 3884 628 3932 monte
665 3873 966 3937 Olivarum,
1013 3875 1107 3942 qui
1149 3883 1235 3930 est
1283 3889 1313 3928 e
1368 3873 1590 3940 regione
1630 3869 2020 3941 Hlerosolymae

444 3967 513 4022 ad
562 3967 884 4022 orientalem
940 3966 1178 4035 plagam.
1228 3983 1247 4014 ι
1310 3962 1466 4018 Unde
1519 3959 1666 4018 enim
1719 3962 1786 4016 ad
1850 3962 2021 4017 caelos

444 4057 712 4121 ascendit,
761 4056 887 4109 inde
929 4054 1220 4110 victoriam
1283 4052 1377 4107 dat
1439 4052 1640 4106 bellum
1703 4051 2022 4122 gerentibus

443 4157 639 4201 contra
699 4145 1154 4217 Hierosolymam.
1201 4143 1398 4199 Postea
1459 4143 1592 4198 dicit
1639 4143 1840 4198 montis
1907 4143 2024 4197 fore

445 4236 904 4306 quadripartitam
942 4235 1291 4299 divisionem,
1326 4233 1400 4287 ita
1438 4239 1499 4287 ut
1549 4249 1678 4304 pars
1727 4233 1795 4287 ad
1839 4234 2024 4288 orien-

444 4337 577 4392 tem,
610 4328 778 4382 altera
820 4327 887 4382 ad
924 4325 1290 4386 occidentem.
1325 4325 1488 4380 tertia
1544 4324 1732 4381 tendat
1765 4323 1831 4378 ad
1865 4324 2022 4394 aqui-

444 4415 647 4481 lonem,
676 4426 874 4485 quarta
915 4415 982 4469 ad
1015 4415 1323 4469 meridiem.

521 4523 540 4556 ι
585 4505 879 4560 Scindetur
896 4507 1067 4572 enim,
1102 4506 1299 4575 inquit,
1335 4519 1492 4559 mons
1522 4503 1827 4566 Olivarum,
1851 4504 2016 4558 dimi-

446 4597 597 4651 dium
643 4597 763 4664 ejus
804 4596 871 4650 ad
909 4596 1199 4661 orientem,
1230 4605 1277 4650 et
1311 4593 1595 4650 dimidium
1641 4594 1761 4662 ejus
1808 4594 1874 4647 ad
1921 4609 2018 4648 oc-

450 4682 724 4737 cidentem
771 4683 870 4753 (et)
914 4699 1086 4749 mare,
1125 4698 1329 4752 vorago
1372 4682 1530 4736 valde
1565 4697 1762 4751 magna
1799 4690 1896 4738 :et
1935 4684 2019 4737 in-

448 4769 676 4824 clinabit
700 4769 923 4825 dimidia
959 4785 1084 4840 pars
1117 4774 1320 4824 montis
1363 4771 1428 4824 ad
1475 4770 1810 4839 aquilonem,
1853 4782 1905 4827 et
1936 4773 2020 4826 di-

447 4859 618 4913 midia
650 4874 780 4928 pars
810 4861 931 4930 ejus
967 4861 1035 4915 ad
1067 4871 1337 4927 austrum,
1364 4861 1523 4917 vallis
1571 4876 1788 4932 magna.
1829 4863 2019 4933 (Vens.

450 4946 526 5018 5.)
548 4947 613 5002 Et
631 4949 980 5005 obturabitur
998 4951 1154 5008 vallis
1182 4952 1448 5005 montium
1470 4967 1644 5020 usque
1671 4952 1737 5005 ad
1771 4952 1983 5010 Jassam
2007 4975 2020 5012 :

2097 1865 2439 1932 παγήσονται
2475 1861 2532 1912 αί
2557 1859 2751 1924 οίκίαι,
2792 1857 2888 1910 καὶ
2922 1857 2975 1908 αί
3009 1856 3269 1922 γυναῖκες
3309 1852 3681 1922 μολυνθήσον-

2096 1970 2221 2006 ταν
2277 1954 2367 2005 καὶ
2429 1950 2771 2016 ἐξελεύσεται
2841 1948 2900 2001 τὸ
2957 1947 3129 2016 ἣμισυ
3186 1948 3285 2014 τῆς
3355 1946 3560 2007 πόλεως
3621 1946 3680 1995 ὲν

2099 2041 2480 2113 αἰχμαλωσίᾳ·
2514 2043 2561 2094 οί
2595 2040 2651 2092 δὲ
2690 2039 3013 2093 κατάλοιποι
3059 2035 3154 2088 τοῦ
3198 2035 3330 2089 λαοῦ
3368 2052 3467 2105 μου
3503 2036 3562 2086 ού
3600 2035 3674 2105 μὴ

2100 2131 2552 2201 ὲξολοθρευθῶσιν
2600 2130 2664 2181 ὲκ
2719 2128 2821 2198 τῆς
2869 2127 3078 2188 πόλεως
3102 2139 3116 2155 ⁸
3163 2143 3181 2176 ι
3221 2125 3358 2178 Φασὶ
3391 2124 3500 2194 γὰρ
3525 2165 3538 2185 ,
3571 2125 3680 2176 Οὐ-

2101 2222 2428 2276 εσπασιανοῦ
2458 2223 2551 2275 καλ⁵
2567 2221 2726 2274 Τίτου
2755 2219 3063 2290 μελλόντων
3087 2217 3525 2288 ἐπιστρατεύειν,
3558 2217 3684 2278 τοὺς

2101 2313 2402 2380 τηνικαῦτα
2430 2313 2660 2376 πιστοὺς
2695 2312 2752 2376 ἐξ
2783 2309 3178 2378 ἀποκαλύψεως
3204 2310 3305 2378 τὴν
3328 2309 3480 2362 πόλιν
3509 2324 3682 2364 κατα-

2102 2391 2297 2458 λιπεῖν.
2312 2404 2479 2457 Τοῦτο
2497 2405 2553 2457 δὲ
2575 2404 2667 2456 καὶ
2692 2401 2779 2457 διὰ
2793 2402 2900 2454 τῶν
2921 2400 3078 2454 θείων
3096 2399 3444 2469 Εύαγγελίων
3471 2398 3690 2451 ἐκέλευ-

2108 2511 2198 2546 σεν
2220 2496 2246 2547 6
2274 2493 2547 2562 Δεσπότης
2569 2492 2798 2562 Χριστός
2825 2509 2838 2521 ·
2868 2510 2887 2542 ι
2919 2492 3084 2545 Ὅταν
3125 2492 3270 2561 ἴδητε
3309 2489 3688 2560 κυκλουμένην

2108 2585 2210 2636 ὑπὸ
2301 2583 2679 2655 στρατοπέδων
2748 2583 2846 2653 τὴν
2935 2581 3330 2652 Ἰερουσαλὴμ,
3393 2579 3688 2647 γινώσκετε

2107 2676 2190 2729 ὅτι
2231 2676 2398 2743 ἐγγὺς
2441 2675 2502 2726 τὸ
2534 2673 2686 2738 τέλος
2723 2674 2926 2744 αὐτῆς·
2978 2672 3100 2725 τότε
3137 2671 3186 2722 οί
3236 2674 3294 2723 ὲν
3338 2673 3403 2740 τῇ
3455 2667 3689 2739 Ἰουδαίᾳ

2109 2767 2460 2835 φευγέτωσαν
2500 2767 2580 2829 είς
2621 2764 2691 2818 τὰ
2721 2765 2820 2835 ὅρη
2843 2804 2857 2828 ,
2891 2764 2984 2816 καὶ
3011 2766 3038 2816 6
3067 2763 3160 2815 ἐπὶ
3189 2761 3284 2814 τοῦ
3320 2761 3570 2829 δώματος
3612 2761 3688 2830 μὴ

2109 2857 2402 2911 καταϐάτω
2456 2854 2588 2927 ἆραί
2639 2873 2691 2908 τι
2739 2856 2804 2908 ὲκ
2858 2855 2958 2923 τῆς
3007 2854 3208 2916 οἰκίας.
3253 2872 3273 2902 ι
3315 2853 3449 2922 Περὶ
3484 2851 3690 2904 τούτων

2111 2947 2206 3000 καὶ
2231 2947 2320 3000 διὰ
2345 2945 2437 2999 τοῦ
2471 2944 2742 3016 μακαρίου
2769 2943 3135 3014 προεθέσπισε
3169 2942 3461 3012 Ζαχαρίου,
3493 2942 3573 2993 ὅτι

2193 3055 2212 3088 ι
2243 3039 2305 3090 Οί
2333 3036 2651 3089 κατάλοιποι
2677 3036 2722 3067 ³⁵
2751 3037 2812 3089 οὐ
2847 3036 2920 3106 μὴ
2953 3034 3398 3103 ὲξολοθρευθῶσι.
3435 3032 3551 3103 (γ’.)
3577 3032 3692 3086 Καὶ

2116 3125 2458 3192 ἐξελεύσεται
2488 3126 2691 3198 Κύριος
2739 3129 2798 3180 ὲν
2840 3124 3144 3196 παρατάξει
3166 3125 3208 3156 ³⁸
3246 3126 3304 3177 ὲν
3340 3127 3451 3186 τοῖς
3482 3122 3695 3176 ἔθνεσιν

2115 3219 2364 3283 ἐκείνοις,
2396 3219 2578 3283 καθὼς
2624 3220 2804 3290 ἡμέρα
2831 3218 3190 3288 παρατάξεως
3223 3216 3393 3271 αὐτοῦ
3424 3218 3481 3270 ἐν
3509 3216 3697 3285 ἡμέρᾳ

2115 3311 2374 3382 πολέμου.
2422 3332 2439 3364 ι
2489 3311 2872 3383 Παρατάξεται
2915 3310 2994 3373 δὲ,
3049 3309 3150 3362 οὑκ
3204 3309 3479 3362 Ἰουδαίων
3519 3308 3698 3376 ὑπερ-

2119 3404 2308 3476 μαχῶν
2332 3445 2347 3468 ,
2402 3404 2539 3458 ἀλλὰ
2595 3404 2716 3458 κατ’
2780 3403 3007 3456 ἐκείνων
3065 3401 3410 3472 στρατηγῶν.
3461 3419 3480 3452 ι
3517 3400 3629 3452 Καὶ
3650 3399 3700 3432 ³⁸

2116 3496 2388 3564 παρέσται
2447 3493 2653 3566 Κύριος
2721 3496 2750 3547 6
2803 3493 2934 3556 Θεός
3017 3509 3155 3563 μου,
3223 3493 3319 3544 καὶ
3390 3492 3590 3553 πάντες
3649 3491 3699 3542 oi

2118 3586 2264 3654 ἅγιοι
2291 3587 2335 3618 δ’
2393 3586 2511 3657 μετ’
2548 3585 2740 3639 αὐτοῦ.
2793 3603 2811 3636 ι
2866 3585 3031 3652 Λέγει
3085 3581 3144 3635 δὲ
3185 3581 3296 3636 τῶν
3348 3580 3599 3649 ἀγγέλων
3629 3578 3704 3633 τὰ

2116 3679 2394 3748 τάγματα.

2189 3770 2254 3823 δ’.
2293 3789 2311 3821 ι
2345 3769 2456 3823 Καὶ
2491 3769 2782 3840 στήσονται
2813 3769 2864 3821 οἱ
2915 3767 3074 3830 πόδες
3104 3765 3271 3820 αὐτοῦ
3318 3765 3376 3817 ἐν
3407 3765 3476 3834 τῇ
3515 3761 3704 3834 ἡμέρᾳ

2122 3861 2304 3932 ἐκείνῃ
2327 3861 2418 3914 ἐπὶ
2442 3861 2504 3914 τὸ
2531 3861 2655 3932 ὅρος
2679 3861 2788 3914 τῶν
2817 3861 3062 3922 Ἐλαιῶν,
3092 3859 3154 3912 τὸ
3179 3858 3468 3912 κατέναντι
3505 3857 3706 3926 Ἰερου-

2123 3953 2304 4024 σαλὴμ
2341 3953 2399 4020 ἐξ
2427 3953 2722 4006 ἀνατολῶν.
2757 3971 2774 4002 ι
2815 3952 2979 4006 Ὅθεν
3023 3951 3130 4022 γὰρ
3171 3951 3251 4013 είς
3292 3949 3559 4020 οὐρανοὺς
3603 3947 3704 4000 άν-

2123 4045 2367 4116 ελήφθη,
2399 4044 2612 4098 ἐκεῖθεν
2663 4045 2846 4098 δίδωσι
2883 4046 2998 4107 τοῖς
3047 4043 3171 4096 κατ’
3210 4040 3484 4094 Ἰουδαίων
3539 4055 3708 4109 στρα-

2123 4136 2434 4207 τευομένοις
2459 4136 2557 4208 τὴν
2595 4137 2773 4207 νίκην.
2817 4132 2950 4189 Εἶτα
2983 4134 3154 4202 λέγει,
3189 4133 3271 4185 ὅτι
3295 4128 3707 4201 διαιρεθήσεται

2121 4229 2362 4298 τετραχὰ
2399 4226 2462 4281 τὸ
2494 4227 2616 4298 ὅρος
2645 4265 2658 4288 ,
2697 4227 2772 4289 ὡς
2810 4225 2870 4278 τὸ
2914 4225 3011 4294 μὲν
3042 4223 3163 4276 κατ’
3197 4221 3493 4285 ἀνατολὰς,
3532 4219 3594 4272 τὸ
3649 4217 3708 4270 δὲ

2128 4319 2272 4373 κατὰ
2297 4318 2529 4389 δυσμὰς,
2561 4317 2621 4370 τὸ
2651 4316 2709 4369 δὲ
2742 4315 2884 4369 κατὰ
2915 4315 3141 4385 βορρᾶν,
3191 4312 3251 4365 τὸ
3285 4311 3342 4364 δὲ
3373 4308 3514 4364 κατὰ
3553 4309 3708 4361 νότον

2056 4417 2099 4472 ι)
2125 4412 2392 4482 χωρῆσαι.

2202 4519 2221 4552 ι
2261 4500 2429 4554 Ka‘t”
2489 4496 2846 4569 σχισθήσεται
2903 4497 3013 4568 γὰρ
3040 4535 3054 4560 ,
3115 4495 3251 4566 φησὶ
3278 4533 3294 4559 ,
3347 4495 3409 4547 τὸ
3441 4493 3568 4566 ὄρος
3595 4489 3712 4544 τῶν

2138 4592 2389 4655 Ἐλαιῶν,
2413 4593 2475 4644 τὸ
2501 4593 2674 4663 ἥμισυ
2701 4588 2866 4644 αὑτοῦ
2889 4590 2934 4622 ³⁸
2966 4588 3103 4659 πρὸς
3134 4586 3423 4650 ἀνατολὰς,
3455 4583 3552 4638 καὶ
3584 4582 3710 4635 τδ¹⁸⁰

2126 4687 2297 4756 ἥμισυ
2347 4682 2514 4737 αὑτοῦ
2572 4681 2713 4753 πρὸς
2757 4679 2909 4733 δύσιν
2956 4678 3234 4732 θάλασσαν
3255 4676 3299 4708 ⁸¹
3327 4719 3342 4744 ,
3399 4676 3530 4746 χάος
3566 4674 3715 4744 μέγα

2115 4772 2357 4846 σφόδρα,
2390 4776 2486 4828 καὶ
2533 4773 2706 4826 κλινεϊ
2748 4771 2810 4824 τὺ
2861 4771 3035 4840 ἥμισυ
3065 4768 3156 4822 τοῦ
3188 4769 3349 4840 ὅρους
3397 4767 3534 4837 πρὸς
3584 4766 3716 4838 βορ.

2133 4868 2234 4936 ρᾶν
2258 4907 2272 4929 ,
2321 4866 2416 4919 καὶ
2457 4866 2519 4919 τὸ
2562 4866 2734 4935 ἥμισυ
2765 4861 2931 4917 αὑτοῦ
2959 4861 3097 4930 πρὸς
3123 4861 3276 4914 νότον
3298 4901 3313 4924 ,
3357 4859 3575 4929 φάραγξ
3619 4877 3719 4928 με-

2131 4957 2273 5026 γάλη
2296 4956 2360 5009 δ’.
2389 4955 2496 5027 (ε’.)
2541 4955 2652 5008 Καὶ
2689 4951 3140 5026 ὲμφραχθήσεται
3185 4952 3218 5020 ή
3247 4949 3294 4982 ⁸³
3339 4949 3559 5019 φάραγξ
3594 4947 3718 5012 ,τῶν

448 5047 505 5093 et
554 5039 906 5095 obturabitur
959 5042 1104 5097 sicut
1161 5043 1417 5098 obturata
1471 5049 1555 5098 est
1610 5057 1639 5095 ιι
1689 5040 1827 5098 facie
1865 5054 2012 5101 terra

2133 5047 2305 5117 ὀρέων
2351 5047 2457 5112 ἕως
2499 5047 2716 5111 Ἰασσὰ,
2774 5045 2868 5099 καὶ
2917 5042 3392 5115 ὶμφραχθήσεται,
3424 5040 3484 5095 ὃν
3512 5040 3722 5112 τρόπον

529 5189 548 5231 ί
591 5188 696 5247 lsa.
732 5207 798 5258 ι,
830 5192 917 5246 22.
1001 5204 1015 5242 ι
1063 5192 1200 5249 Luc.
1232 5211 1360 5260 χιιι,
1390 5194 1461 5250 ‘20
1487 5212 1501 5261 ;
1531 5193 1697 5250 Marc.
1728 5209 1828 5248 χιιι
1852 5237 1867 5260 ,
1907 5197 2005 5262 14,
2038 5199 2124 5253 15.

1727 5352 1960 5408 VARI/E
2002 5355 2405 5413 LECTIONES.

522 5511 578 5596 f‘
603 5528 653 5564 τ.
681 5528 827 5596 ττεπ..⁸
848 5512 994 5596 μεθ
1023 5510 1117 5566 cit.
1164 5523 1307 5596 post
1329 5515 1600 5571 Ἰουδαίων
1623 5516 1863 5596 ponitur.
1946 5516 1989 5548 ἐ’
2008 5515 2268 5596 Οιφησίν.

453 5580 682 5652 Κύριος.
785 5583 828 5614 ³²
852 5583 895 5636 Δ
922 5579 1523 5662 διασκορπισθήσονται.
1624 5579 1674 5618 ³³
1695 5589 1736 5638 Α
1769 5579 2178 5654 ὲπισυναγάγώ.
2284 5587 2328 5618 ³⁵
2356 5588 2405 5641 οί
2438 5579 2564 5640 κατξ
2610 5579 2732 5641 Des.
2765 5579 2914 5639 iit-'6.
3014 5583 3058 5614 ⁸⁵
3086 5584 3146 5635 ὲν
3177 5597 3310 5651 παρ.
3345 5581 3389 5631 Α
3413 5579 3509 5631 καὶ
3539 5593 3723 5648 παρα⁴

455 5651 672 5686 κήτη...
774 5653 820 5686 ιο
851 5652 954 5686 Ind
996 5680 1065 5686 _._
1103 5654 1264 5686 ...νιος-η..
1324 5651 1422 5686 nua
1488 5658 1539 5686 :..
1573 5657 1599 5686 Α
1738 5655 1780 5685 a1
1815 5651 1884 5686 Fin;
1937 5656 2030 5686 an:
2071 5657 2284 5686 ινφ-π...
2416 5656 2460 5686 aa
2488 5656 2596 5686 v-1
2658 5655 2760 5686 nn.
2818 5655 2870 5686 :..
2919 5654 2959 5686 ιτ
3089 5653 3134 5684 aa
3178 5648 3340 5686 ηινιη-ηῧ
3401 5650 3501 5686 τιμε
3570 5649 3624 5686 in
3659 5648 3696 5686 Δ

455 5648 698 5750 τέξεται.
761 5653 820 5738 ⁸³⁸
850 5652 960 5706 Καὶ
996 5648 1444 5738 -αύτοῦξῡθφ
1488 5658 1540 5709 ἰιι
1565 5657 1629 5709 Α.
1738 5655 1780 5685 ³⁷
1814 5651 1904 5719 ἆγ.
1931 5648 2033 5710 Alii
2070 5648 2308 5738 άγγελοι.
2416 5656 2460 5688 ³⁸
2488 5656 2617 5712 Καί.
2658 5655 2783 5710 Des.
2818 5655 2871 5708 in
2919 5654 2982 5711 C.
3089 5653 3134 5684 ³⁸
3177 5648 3362 5731 αὐτοῦ.
3401 5650 3523 5702 Des.
3570 5649 3627 5702 in
3654 5648 3729 5702 A._

474 5787 504 5791 η
527 5723 587 5774 τὸ
618 5753 684 5763 -
718 5725 888 5776 δυσιν.
921 5721 1044 5776 Des.
1080 5737 1133 5775 ιιι
1162 5722 1226 5774 Α.
1303 5721 1342 5753 ⁸⁸
1369 5723 1486 5780 δυσ.
1517 5724 1636 5780 θάλ.
1660 5724 1862 5791 Duplex
1899 5723 1950 5777 ιι.
1983 5726 2018 5780 l.
2044 5727 2238 5783 coaluit
2269 5726 2669 5791 interpretatio.
2745 5724 2792 5754 δ’
2822 5724 2953 5791 φάρ.
2977 5740 3103 5791 μεγ.
3146 5720 3270 5777 Des.
3297 5735 3351 5774 ιιι
3387 5722 3429 5773 Α
3531 5718 3578 5750 ⁸³
3615 5717 3729 5785 ft—

474 5735 504 5798 ς’
527 5735 587 5774 το
618 5753 684 5806 τ-
718 5735 888 5776 δυσιν.
923 5735 1044 5776 Des.
1080 5737 1133 5804 tu
1303 5735 1342 5753 "
1369 5735 1486 5780 δυσ.
1517 5735 1636 5780 θάλ.
1662 5735 1862 5803 Uup‘lex
1899 5735 1950 5777 ti.
1983 5735 2018 5780 l.
2044 5735 2238 5783 coaluit
2269 5735 2669 5795 interpretatio.
2745 5735 2792 5754 "
2822 5735 2953 5795 φαρ.
2977 5740 3103 5796 μεγ.
3146 5735 3270 5777 ves.
3297 5735 3351 5774 Ut
3387 5735 3429 5773 Α
3531 5735 3578 5750 "
3615 5735 3732 5785 η-ο

489 5788 672 5844 ιασσα.
702 5794 741 5846 Δ
774 5795 806 5862 ἡ
831 5791 1014 5854 κοιλὰς
1039 5809 1147 5846 των
1172 5791 1342 5862 ορέων
1375 5811 1495 5864 μου,
1523 5797 1616 5849 καὶ
1639 5791 2097 5862 ὲγκοΑ).ηοήσεται
2132 5796 2350 5867 φάραγξ
2371 5797 2542 5868 ὀρέων
2573 5795 2677 5859 ἕως
2709 5794 2933 5864 ’Δσαήλ.

2373 5519 2417 5598 '_°
2441 5519 2485 5570 Α
2511 5517 2717 5598 ἡμέραι
2760 5512 3143 5598 ξρχιονταιητῷ
3175 5512 3317 5578 Κυρ.
3357 5581 3374 5598 ι
3425 5507 3541 5598 “‘C
3568 5507 3724 5574 λέγει
