4090 6420
403 473 554 539 rasa

1583 477 1663 540 IN
1695 477 2092 538 ZACHARUE
2128 478 2284 538 CAP.
2318 480 2472 542 XIV.

3541 480 3676 549 1954

397 594 691 666 ὲνεφρὰγη
723 594 829 647 ἀπὺ
866 595 1158 666 προσώπου
1197 594 1291 648 τοῦ
1323 594 1549 667 σεισμοῦ
1597 598 1655 649 ἐν
1685 597 1920 668 ἡμέραις
1949 597 1991 628 ⁸⁸

2101 606 2280 650 ιιιοιυε
2327 597 2382 651 in
2433 595 2630 654 diebus
2666 597 2812 653 Ozias
2842 599 2987 670 regis
3020 599 3192 655 Judze.
3236 621 3256 653 ι
3298 599 3530 655 Montem
3575 617 3676 655 au-

412 683 602 748 Ὀζίου
635 685 900 754 βασιλέως
929 686 1124 741 Ἰούδα.
1161 705 1182 741 ι
1213 689 1392 756 Ὄρος
1416 688 1494 751 δὲ,
1523 688 1600 752 ὡς
1625 685 1802 759 οἴμαι,
1834 687 1994 742 καλεῖ

396 777 513 847 τὴν
551 777 806 846 φάλαγγα
852 779 962 832 τῶν
992 781 1286 850 πολεμίων,
1331 783 1413 844 εἰς
1441 781 1540 852 τὴν
1569 785 1670 853 τῆς
1718 782 1992 853 Ἰερουσα-

397 867 528 937 λὴμ
558 867 870 938 πολιορκίαν
910 871 1316 943 διαιρουμένην,
1353 873 1446 926 καὶ
1474 876 1602 936 τοὺς
1639 873 1737 943 μὲν
1764 873 1827 925 τὸ
1857 873 1992 943 ἑῷον

400 959 588 1029 αὐτῆς
619 961 817 1030 μέρος,
868 964 995 1026 τοὺς
1046 963 1102 1015 δὲ
1155 963 1216 1015 τὸ
1253 963 1510 1035 ἑσπέριον
1557 963 1987 1027 καταλαϐόντας.

401 1050 508 1101 καὶ
535 1050 727 1113 ἄλλους
767 1052 864 1120 μὲν
900 1053 965 1105 τὰ
1001 1052 1208 1124 βόρεια,
1237 1053 1432 1118 ἄλλους
1460 1053 1519 1108 δὲ
1546 1055 1614 1108 τὰ
1646 1055 1796 1108 νότια
1824 1072 1992 1126 φρου-

405 1140 662 1211 ροῦντας.
697 1144 855 1206 Εἰκὸς
881 1144 941 1197 δὲ
966 1140 1035 1216 ἦν
1069 1148 1161 1200 καὶ
1191 1146 1254 1199 τὸ
1279 1147 1405 1218 ὅρος
1440 1147 1572 1200 αὐτὸ
1603 1147 1700 1219 τὴν
1725 1148 1992 1219 διαίρεσιν

401 1232 619 1303 ταύτην
653 1235 964 1304 ὑπομεῖναι,
1011 1237 1105 1290 τοῦ
1162 1237 1298 1291 Θεοῦ
1337 1238 1435 1308 τὴν
1476 1231 1600 1292 κατ³
1658 1238 1838 1291 αὐτῶν
1880 1239 1991 1292 δει-

402 1324 640 1387 κνύντος
685 1327 874 1397 ὀργήν.
929 1329 1038 1382 Kal.
1096 1328 1206 1400 γὰρ
1265 1330 1432 1400 ἡνίκα
1482 1332 1574 1383 τὸν
1604 1331 1883 1402 Δεσπότην
1916 1330 1993 1402 τῷ

404 1417 634 1488 σταυρῷ
689 1419 1085 1489 προσήλωσαν,
1145 1421 1335 1485 σκότος
1395 1421 1496 1492 μὲν
1562 1421 1793 1493 ἐξεχύθη
1851 1423 1993 1477 κατὰ

402 1510 594 1563 πᾶσαν
625 1509 724 1582 τὴν
752 1512 1111 1582 οἰκουμένην,
1156 1513 1493 1584 κλονουμένη
1544 1513 1663 1583 δὲὴ
1710 1513 1781 1584 γῆ
1821 1515 1989 1582 τάφος

403 1603 598 1667 αὐτοῖς
633 1605 978 1674 αὐτοσχέδιος
1035 1605 1288 1674 γενέσθαι
1317 1606 1619 1674 ἠπείγετο,
1668 1605 1739 1658 τὰ
1785 1605 1840 1657 δὲ
1889 1604 1988 1675 ὅρη

402 1696 534 1747 κατ’
561 1696 738 1748 αὐτῶν
787 1697 940 1765 ἡφίει
985 1697 1084 1760 τὰς
1125 1697 1425 1767 πτέρυγας.
1475 1696 1642 1764 Λέγει
1685 1697 1864 1750 τοίνυν
1909 1696 1991 1749 ὅτι

401 1785 616 1839 τοῦτων
657 1786 765 1839 τῶν
813 1787 985 1858 ὁρέων
1024 1787 1339 1858 ῥαγέντων,
1386 1789 1484 1841 καὶ
1534 1788 1642 1842 τῶν
1689 1788 1991 1858 φαράγγων

402 1879 466 1930 αἰ
522 1877 801 1942 διαϐάσεις
867 1879 1384 1950 ὲμφραχθὴσονται’
1443 1880 1698 1950 καθάπερ
1745 1880 1838 1932 ἐπὶ
1895 1879 1989 1933 τοῦ

2097 695 2227 752 tem,
2258 703 2375 742 mea
2415 690 2626 760 1662
2660 693 2956 755 sententia,
2985 702 3149 746 vocat
3199 692 3521 762 phalangem
3575 693 3676 746 ho-

2097 780 2264 833 stium
2307 779 2372 833 ad
2417 781 2772 836 obsidendam
2828 781 3261 852 Hierosolymam
3316 782 3582 847 divisam;
3625 790 3680 836 et

2096 869 2234 923 alios
2271 879 2479 939 partem
2528 871 2648 940 ejus
2694 873 3040 932 orientalem,
3093 873 3232 927 alios
3271 871 3676 926 occidentalem

2095 970 2454 1032 occupantes.
2494 971 2549 1017 et
2599 963 2736 1017 alios
2772 979 2970 1018 rursus
3021 971 3226 1032 partem
3275 961 3675 1031 aquilonarem,

2095 1055 2231 1110 alios
2277 1055 2695 1112 meridionalem
2744 1055 3142 1111 custodientes.
3175 1055 3282 1109 Par
3318 1062 3496 1109 autem
3533 1062 3676 1116 erat,

2097 1146 2276 1215 ipsum
2311 1147 2478 1200 etiam
2531 1158 2770 1202 montem
2831 1149 2974 1204 hanc
3017 1149 3339 1204 divisionem
3377 1147 3672 1208 sustinete,

2097 1235 2209 1290 Deo
2241 1245 2438 1291 contra
2471 1252 2569 1294 eos
2619 1239 2755 1292 iram
2799 1255 2954 1294 suam
2987 1240 3420 1294 demonstrante.
3457 1236 3673 1290 Etenim

2095 1343 2221 1382 cum
2259 1327 2546 1382 Dominum
2587 1329 2640 1383 in
2675 1345 2896 1384 crucem
2940 1331 3200 1400 egissent,
3235 1329 3472 1383 tenebrae
3519 1327 3675 1379 factae

2097 1426 2224 1474 sunt
2275 1433 2442 1487 super
2494 1421 2807 1477 universam
2865 1429 3175 1486 terram,et
3219 1428 3366 1474 terra
3397 1427 3543 1473 mola
3588 1433 3676 1470 rc-

2099 1511 2352 1582 pentinus
2408 1511 2490 1567 eis
2541 1512 2787 1567 tumulus
2840 1511 2956 1567 ﬁeri
3024 1512 3357 1583 properabat
3401 1529 3412 1564 :
3460 1517 3675 1564 montes

2098 1621 2228 1659 vero
2276 1617 2470 1661 contra
2522 1621 2618 1659 eos
2671 1605 2788 1659 alas
2836 1605 3184 1659 emittebant.
3224 1604 3315 1658 Ait
3360 1617 3489 1673 ergo
3530 1620 3543 1655 :
3580 1600 3675 1656 llis

2098 1694 2376 1750 utentibus
2410 1694 2684 1764 abruptis,
2709 1695 2934 1748 vallium
2969 1709 3190 1763 quoque
3222 1695 3488 1747 transitus
3517 1692 3676 1746 obtu-

2097 1787 2393 1852 rabuntur,
2431 1785 2892 1855 quemadmodum
2945 1785 3049 1841 sub
3097 1782 3228 1838 Ozia
3283 1797 3481 1846 magno
3513 1788 3677 1833 terra:

2099 1885 2244 1930 motu
2280 1875 2446 1929 facto.
2476 1873 2530 1928 Si
2571 1876 2717 1929 enim
2756 1882 2983 1944 pr0pter
3013 1875 3187 1936 illum,
3216 1873 3309 1942 qui
3341 1873 3525 1924 minus
3550 1883 3676 1937 pec-

417 1969 603 2034 Ὀζίου
647 1970 743 2022 τοῦ
786 1970 1021 2040 μεγάλου
1056 1970 1282 2041 σεισμοῦ
1319 1972 1635 2042 γενομένου.
1667 1971 1730 2023 Εἰ
1777 1971 1885 2042 γὰρ
1925 1971 1990 2024 δι’

2095 1973 2246 2019 carat
2289 1964 2346 2021 et
2405 1964 2776 2020 sacerdotium
2825 1965 3014 2020 illicile
3071 1973 3395 2033 usurparat,
3452 1962 3677 2016 univer-

405 2059 622 2112 ἐκεῖνον
645 2057 903 2113 ἐλάττονα
930 2059 1422 2132 πλημμελήσαντα,
1449 2060 1666 2129 καὶτῆς
1694 2058 1994 2130 ἱερωσύνης

405 2148 754 2220 παρανόμως
778 2150 1270 2222 κατατολμήσαντα
1294 2191 1308 2215 ,
1346 2150 1522 2213 οὕτως
1551 2150 1730 2204 ἔσεισε
1759 2151 1860 2221 τὴν
1889 2136 2016 2220 γῆν

402 2239 521 2293 τῶν
571 2240 706 2294 ὅλων
751 2242 778 2294 ὁ
824 2242 1028 2310 Κύριος
1045 2244 1129 2306 ι’,
1179 2241 1440 2313 μειζόνων
1480 2235 1626 2295 οὗτοι
1663 2241 1990 2314 πειραθῆναι

402 2331 611 2385 δίκαιοι
655 2331 981 2403 συμφορῶν,
1033 2333 1101 2387 τὰ
1141 2333 1363 2402 μείζονα
1403 2333 1775 2403 τολμήσαντες
1802 2332 1994 2385 δυσσε-

403 2422 654 2494 6ήματα.
699 2423 835 2476 Οὐδὲ
884 2424 990 2494 γὰρ
1035 2423 1360 2494 θεασάμενοι
1415 2422 1849 2493 συγκινουμένην
1892 2421 1990 2492 τὴν

403 2514 587 2568 κτίσιν
616 2514 709 2567 ἐπὶ
733 2513 810 2586 τῷ
835 2515 1144 2587 τολμήματι
1175 2515 1268 2568 τοῦ
1301 2513 1558 2586 σταυροῦ,
1592 2514 1661 2566 τὰ
1687 2517 1788 2584 τῆς
1822 2530 1990 2584 μετα-

405 2605 634 2675 μελείας
661 2605 1051 2676 προσεδέξαντο
1081 2609 1366 2677 φάρμακα.
1395 2605 1595 2676 Διόπερ
1626 2607 1655 2658 ὁ
1695 2604 1988 2676 Προφήτης

2092 2072 2278 2112 sorum
2336 2055 2602 2112 Dominus
2652 2066 2856 2110 terram
2912 2057 2984 2109 ita
3017 2059 3319 2121 concussit,
3371 2053 3674 2122 majoribus

2092 2153 2194 2206 hos
2235 2167 2334 2222 par
2371 2160 2456 2207 est
2484 2152 2898 2207 calamitatibus
2930 2151 3093 2215 allici,
3135 2152 3229 2220 qui
3277 2149 3538 2219 majorem
3573 2147 3675 2200 im-

2093 2244 2346 2313 pietatem
2399 2243 2518 2297 ausi
2561 2251 2710 2297 sunt.
2751 2242 2940 2312 Neque
3004 2242 3172 2306 enim,
3224 2256 3350 2296 cum
3400 2241 3674 2293 elementa

2091 2337 2340 2391 viderent
2374 2336 2440 2389 ad
2472 2335 2654 2390 crucis
2689 2335 2906 2390 facinus
2946 2333 3303 2398 commoveri,
3337 2329 3675 2402 poenitentiae

2096 2427 2440 2481 admiserunt
2475 2424 2736 2481 remedia.
2770 2425 2955 2491 Quare
3014 2425 3303 2494 propheta,
3336 2422 3405 2476 iis
3447 2419 3672 2474 omissis

2095 2531 2215 2585 quae
2256 2525 2501 2584 tempore
2547 2516 2772 2570 ultionis
2821 2513 2961 2568 facta
3010 2522 3161 2579 sunt,
3201 2512 3473 2566 convertit
3509 2511 3526 2529 '
3554 2523 3672 2564 ser-

2095 2622 2310 2661 monem
2340 2607 2406 2661 ad
2447 2622 2510 2661 ea
2545 2622 2666 2677 qua:
2693 2605 3015 2660 acciderunt
3047 2605 3136 2658 die
3171 2600 3498 2672 iniquitatis.

401 2695 725 2751 καταλιπὼν
774 2698 845 2751 τὰ
886 2698 944 2752 ὲν
980 2697 1058 2770 τῷ
1097 2698 1273 2769 καιρῷ
1326 2699 1427 2768 τῆς
1472 2696 1740 2768 τιμωρίας
1787 2697 2166 2767 γεγενημένα,
2213 2698 2510 2770 μεταφέρει
2568 2698 2659 2752 τὸν
2707 2697 2865 2764 λόγον
2916 2697 3009 2750 ἐπὶ
3066 2695 3136 2749 τὰ
3200 2693 3481 2764 συμὸάντα
3529 2688 3670 2743 κατά

400 2790 505 2861 τὴν
544 2789 643 2858 τῆς
676 2791 1020 2862 παρανομίας
1054 2790 1286 2864 ἡμέραν.

481 2890 556 2950 ς’.
595 2902 612 2934 ι
659 2885 747 2938 Ἐν
789 2885 975 2957 ἐκείνῃ
1005 2885 1151 2956 γὰρ,
1207 2883 1380 2953 φησὶ,
1423 2885 1488 2952 τῇ
1524 2881 1707 2952 ἡμέρᾳ
1733 2921 1746 2940 ,
1794 2899 1812 2932 ι
1862 2881 1988 2935 καθ’

402 2978 473 3047 ἣν
503 2976 532 3028 ὁ
556 2977 656 3045 τῆς
696 2977 1023 3046 οἰκουμένης
1067 2974 1515 3045 σταυρωθήσεται
1561 2973 1752 3042 Σωτὴρ
1778 3013 1792 3037 ,
1831 2990 1849 3022 ι
1890 2973 1990 3025 οὐκ

403 3065 563 3118 ἔσται
588 3064 725 3133 φῶς.
760 3084 778 3116 ι
806 3065 914 3118 Kal.
940 3064 1099 3118 τοῦτο
1124 3067 1157 3135 ἡ
1190 3065 1399 3134 ἱστορία
1425 3063 1660 3127 ἐδίδαξεν
1690 3078 1704 3091 ·
1735 3081 1752 3113 ι
1798 3061 1992 3114 Ἀπὸ³⁶

403 3156 521 3228 γὰρ
568 3155 736 3226 ἕκτης
786 3155 935 3225 ὧρας
992 3155 1190 3226 μέχρις
1240 3155 1467 3224 ὲννάτης
1517 3153 1707 3215 σκότος
1765 3152 1990 3220 ἐγένετο

404 3246 536 3301 καθ’
568 3247 696 3316 ὅλης
731 3245 833 3315 τῆς
860 3245 1204 3316 οἰκουμένης,
1252 3265 1270 3296 ι
1317 3245 1406 3298 ἵνα
1468 3245 1670 3306 πάντες
1698 3245 1746 3296 οἰ
1783 3243 1991 3312 ἄνθρω-

2169 2877 2331 2933 Vt-zns.
2376 2877 2429 2932 6.
2469 2897 2486 2928 ι
2523 2876 2620 2930 1110
2649 2877 2815 2940 enim,
2873 2877 3068 2945 inquit,
3121 2875 3230 2939 die,
3277 2893 3295 2927 ι
3359 2889 3470 2943 quo
3519 2875 3669 2929 orbis

2092 2977 2249 3024 terra:
2286 2967 2652 3023 Conservator
2700 2968 2754 3021 in
2813 2983 3032 3023 crucem
3091 2977 3302 3036 agetur,
3359 2985 3377 3016 ι
3419 2981 3527 3019 non
3572 2965 3677 3020 erit

2096 3061 2208 3114 lux.
2242 3077 2263 3111 ι
2316 3059 2472 3124 Quod
2530 3060 2756 3114 historia
2809 3059 3164 3128 (evangelica)
3215 3057 3476 3111 docctk:
3517 3074 3535 3106 ι
3592 3055 3677 3110 Ab

2103 3149 2238 3203 hora
2269 3150 2415 3202 enim
2467 3157 2617 3203 sexta
2669 3163 2842 3217 usque
2881 3148 2944 3200 ad
3000 3162 3198 3200 nonam
3241 3147 3479 3200 tenebrm
3521 3145 3677 3199 facta!
3753 3138 3756 3140 ’

2106 3245 2234 3291 sunt
2260 3253 2426 3306 super
2461 3239 2769 3292 universam
2805 3245 3028 3300 terram,
3060 3254 3079 3286 ι
3118 3245 3174 3288 ut
3201 3249 3391 3290 omnes
3425 3235 3677 3290 homines

404 3359 503 3394 ποι
556 3338 778 3410 τῇτῆς
841 3337 1179 3408 προφητείας
1251 3339 1675 3410 μαρτυρήσωσιν
1733 3335 1983 3404 ἀληθείᾳ.

2100 3328 2404 3396 prophetiae
2435 3327 2646 3396 1663
2679 3326 2894 3380 veritati
2929 3325 3247 3379 testimonio
3277 3331 3480 3379 essent.
3509 3341 3528 3374 ι
3566 3323 3676 3378 Sed

414 3450 432 3482 ι
488 3428 653 3482 Ἀλλὰ
675 3429 716 3460 ⁸⁵⁷
746 3426 916 3498 ψύχος
948 3427 1041 3482 καὶ
1071 3428 1246 3496 πάγος
1278 3427 1430 3479 ἔσται
1458 3426 1585 3497 μίαν
1621 3425 1836 3495 ἡμέραν
1860 3425 1924 3478 ⁸⁸.
1961 3443 1978 3474 ι

404 3521 524 3575 Καὶ
564 3519 754 3572 τούτου
788 3519 845 3572 δὲ
877 3521 926 3572 οἰ
955 3517 1340 3587 εὐαγγελισταὶ
1391 3518 1697 3588 μάρτυρες,
1743 3517 1838 3568 καὶ
1881 3516 1988 3568 τῶν

2095 3416 2270 3487 frigus
2317 3426 2371 3472 et
2421 3419 2542 3489 gelu
2593 3419 2701 3472 erit
2751 3432 2860 3470 uno
2911 3417 3018 3470 die.
3061 3435 3080 3467 ι
3124 3413 3299 3484 Hujus
3344 3429 3476 3468 vero
3508 3416 3674 3470 etiam

2099 3509 2455 3578 evangelista:
2503 3516 2695 3570 testes.
2737 3515 2788 3562 et
2838 3506 3213 3578 apostolorum
3251 3506 3572 3576 ceryphaeus
3619 3506 3676 3560 in

405 3613 725 3668 ἀποστόλων
777 3615 805 3665 ὁ
846 3613 1143 3684 κορυφαῖος
1195 3613 1252 3662 ὲν
1293 3609 1371 3681 τῷ
1425 3607 1635 3662 πυλῶνι
1686 3609 1842 3679 παρὲι
1888 3608 1988 3676 τὴν

2095 3604 2233 3655 atrio
2264 3599 2331 3654 ad
2366 3601 2544 3670 ignem
2583 3598 2913 3654 calefaciens
2943 3613 3085 3652 sese.

409 3724 485 3760 πυ
496 3704 594 3774 ρὰν
625 3703 1072 3774 θερμαινόμενος.

484 3797 551 3862 ζ’.
595 3817 612 3848 ι
648 3797 758 3850 Καὶ
785 3798 818 3865 ἡ
849 3796 1034 3867 ἡμέρα
1064 3795 1247 3866 εκείνη
1289 3795 1504 3864 γνωστὴ
1526 3793 1570 3826 δ’
1602 3791 1680 3862 τῷ
1711 3789 1923 3862 Κυρίῳ.
1967 3808 1985 3840 ι

415 3893 568 3943 Ἀνω
588 3888 697 3959 γὰρ
721 3887 935 3941 ἅπαντα
961 3885 1365 3958 προεγίνωσκεν
1390 3887 1417 3937 ὁ
1439 3885 1590 3947 Θεός.
1625 3903 1642 3934 ι
1676 3883 1788 3937 Καὶ
1811 3882 1929 3950 οὐχὶ
1946 3881 1991 3911 ⁵ο

410 3980 640 4054 ἡμέρα,
696 3979 790 4033 καὶ
838 3978 897 4030 οὺ
916 3979 958 4009 ⁸¹
996 3976 1110 4043 νύξ.
1153 3994 1172 4026 ι
1220 3976 1344 4028 Ἐὰν
1389 3977 1498 4046 γὰρ
1543 3973 1774 4042 ἡμέραν
1821 3970 1992 4040 αὐτὴν

411 4069 856 4144 προσαγορεῦσαι
895 4069 1135 4138 θελήσω,
1172 4066 1359 4136 ἐπέχει
1402 4083 1468 4136 με
1499 4064 1600 4134 τῆς
1645 4061 1992 4134 μεσημϐρίας

408 4163 476 4215 τὸ
507 4161 698 4223 σκότος
722 4176 736 4190 ο
769 4159 865 4213 ὲὰν
905 4159 961 4212 δὲ
993 4159 1185 4213 νύκτα
1226 4155 1471 4228 βουληθῶ
1500 4154 1768 4223 ὀνομάσαι
1813 4153 1900 4206 διὰ
1931 4152 1992 4205 τὸ

412 4252 605 4316 σκότος
629 4295 643 4318 ,
698 4251 894 4305 κωλύει
927 4268 994 4323 με
1033 4250 1094 4303 τὸ
1142 4248 1334 4320 μέχρις
1377 4249 1544 4317 ἕκτης
1574 4247 1724 4316 ὧρας
1746 4286 1760 4310 ,
1807 4244 1900 4298 καὶ
1933 4245 1992 4298 τὸ

413 4342 555 4414 μετὰ
604 4343 704 4413 τὴν
749 4342 976 4414 ὲννάτην
1025 4340 1316 4410 γενόμενον
1373 4339 1510 4409 φῶς.
1549 4337 1719 4391 Τοῦτο
1763 4336 1858 4388 καὶ
1903 4334 1994 4388 διὰ

410 4433 508 4489 τοῦ
564 4435 851 4506 Προφὴτου
911 4433 1202 4502 προλέγεν
1254 4450 1271 4482 ι
1319 4431 1496 4483 Ka‘t"
1550 4427 1686 4498 πρὸς
1751 4425 1991 4494 ἑσπέραν

411 4529 566 4581 ἔσται
605 4526 739 4596 φῶς.
783 4545 801 4576 ι
842 4521 970 4578 Εἶτα
1003 4525 1069 4578 τὰ
1097 4521 1349 4577 ἐντεῦθεν
1375 4522 1616 4592 φυόμενα
1647 4519 1844 4589 ἀγαθά.

484 4625 554 4688 η’.
591 4636 608 4669 ι
657 4617 746 4669 Ἑν
767 4617 920 4686 ⁵⁸’τῇ
968 4615 1155 4687 ἡμέρᾳ
1207 4613 1390 4684 ἐκείνη
1442 4611 1785 4679 ἐξελεύσεται
1847 4611 1992 4683 ὕδωρ

412 4708 523 4772 ζῶν
552 4708 611 4771 ἐξ
653 4707 1008 4778 Ἰερουσαλὴμ
1033 4747 1047 4771 ,
1081 4707 1175 4759 καὶ
1197 4706 1244 4738 ⁸⁸
1287 4705 1348 4758 τὸ
1393 4705 1562 4774 ἥμισυ
1594 4703 1756 4756 αὐτοῦ
1787 4705 1866 4767 εἰς
1894 4704 1992 4774 τὴν

413 4800 689 4854 θάλασσαν
734 4797 832 4869 τὴν
862 4799 1085 4868 πρώτην
1106 4838 1121 4863 ,
1175 4797 1268 4850 καὶ
1293 4795 1353 4848 τὸ
1379 4795 1551 4865 ἥμισυ
1585 4793 1749 4848 αὑτοῦ
1783 4798 1861 4858 εἰς
1896 4796 1994 4866 τὴν

415 4891 694 4945 θάλασσαν
725 4890 824 4961 τὴν
846 4889 892 4921 ⁸⁵
924 4889 1180 4960 ἐσχάτην.
1213 4907 1231 4938 ι
1266 4887 1572 4940 Δίνίττεται
1600 4887 1657 4940 δὲ
1686 4886 1774 4940 διὰ
1802 4887 1992 4940 τούτου

415 4983 760 5054 τὸ-σωτήριον
785 4982 1068 5053 κήρυγμα,
1092 4981 1152 5032 τὸ
1174 4979 1314 5033 κατᾶ
1339 4980 1520 5032 πᾶσαν
1545 4977 1644 5048 τὴν
1667 4979 1994 5048 οἰκουμένην

413 5073 649 5144 δραμὸν,
691 5075 784 5126 καὶ
822 5073 892 5126 τά
920 5090 980 5125 τε
1016 5070 1124 5142 ὲῷα
1149 5113 1163 5137 ,
1215 5071 1284 5124 τά
1320 5089 1382 5123 τε
1425 5071 1658 5140 ἑσπέρια
1705 5073 1802 5140 τῆς
1838 5073 1991 5137 θείας

414 5164 763 5228 διδασκαλίας
808 5163 1115 5234 ὲμπλῆσαν.
1146 5163 1261 5216 Καὶ
1286 5164 1406 5217 κατ’
1437 5164 1609 5233 αὐτὴν
1665 5162 1850 5231 μέντοι
1896 5164 1994 5234 τὴν

421 5255 660 5326 ἱστορίαν
692 5255 838 5309 ἔστιν
874 5257 1000 5308 ἰδεῖν
1034 5254 1132 5325 τὴν
1173 5255 1270 5324 τῆς
1311 5254 1651 5324 προφητείας
1692 5253 1950 5325 ἀλήθειαν
1981 5274 1992 5285 ·

494 5434 518 5472 ll
562 5433 756 5488 Matth.
790 5448 940 5488 xxvii
958 5433 1069 5497 ,45.

2168 3778 2332 3833 Vsus.
2367 3777 2415 3829 7.
2455 3795 2472 3828 ι
2506 3777 2570 3831 Et
2599 3776 2718 3831 dies
2753 3777 2841 3830 ille
2875 3783 3038 3831 notus
3078 3774 3329 3830 Domino.
3368 3794 3386 3827 ι
3443 3775 3488 3828 A
3523 3776 3676 3846 prin-

2097 3868 2242 3937 cipio
2270 3869 2415 3921 enim
2446 3848 2632 3921 omnia
2663 3867 2984 3936 prmsciebat
3015 3865 3178 3921 Deus.
3226 3885 3243 3918 ι
3289 3868 3354 3919 Et
3387 3883 3497 3922 non
3533 3869 3674 3931 dies,

2096 3971 2272 4026 neque
2313 3971 2441 4010 nox.
2482 3975 2500 4006 ι
2539 3954 2594 4009 Si
2625 3958 2768 4010 enim
2799 3955 2939 4008 diem
2987 3956 3139 4009 illum
3175 3957 3454 4026 appellare
3482 3959 3676 4022 velim,

2097 4047 2383 4118 prohibent
2444 4061 2529 4100 me
2585 4048 2823 4101 tenebrae
2872 4046 3278 4102 meridieizsin
3333 4058 3537 4102 noctem
3572 4067 3677 4105 no-

2096 4137 2306 4191 minare
2354 4146 2578 4204 propter
2625 4136 2880 4190 tenebras
2925 4137 3110 4199 velim,
3158 4145 3304 4191 vetat
3337 4152 3457 4205 qua:
3501 4153 3678 4207 usque

2099 4226 2165 4280 ad
2201 4228 2389 4280 horam
2423 4234 2635 4280 sextam
2675 4234 2730 4280 et
2760 4236 2886 4295 post
2915 4226 3105 4280 horam
3138 4242 3339 4280 nonatn
3373 4235 3565 4282 exorta
3591 4237 3679 4283 est

2101 4325 2215 4378 lux.
2246 4321 2359 4376 Hoc
2403 4321 2566 4376 etiam
2615 4336 2713 4390 per
2762 4322 3082 4391 prephetam
3129 4322 3378 4390 przedicit
3412 4337 3424 4372 :
3455 4340 3474 4372 ι
3506 4322 3572 4376 Ει
3607 4322 3677 4376 ad

2096 4427 2383 4485 vesperam
2411 4411 2516 4467 erit
2550 4411 2664 4465 lux.
2703 4429 2722 4462 ι
2767 4409 2972 4466 Deinde
3008 4411 3148 4466 bona
3186 4413 3312 4467 inde
3351 4421 3496 4466 nata.

2170 4621 2336 4678 Vens.
2367 4621 2420 4675 8.
2454 4641 2474 4672 ‹
2507 4621 2601 4677 Die
2632 4622 2724 4676 illo
2741 4620 3052 4690 egredietur
3069 4636 3206 4691 aqua
3233 4621 3355 4674 viva
3389 4637 3454 4676 ex
3480 4623 3678 4679 Hiero-

2024 4686 2071 4745 υ
2104 4716 2313 4786 solyma
2349 4731 2362 4767 :
2397 4713 2680 4768 dimidium
2725 4686 2845 4781 ejus
2892 4713 2957 4766 ad
3010 4686 3163 4767 mare
3205 4713 3462 4782 primum,
3489 4721 3543 4768 et
3593 4714 3680 4769 di-

2101 4805 2329 4860 midium
2368 4805 2490 4876 ejus
2537 4805 2604 4859 ad
2645 4821 2794 4859 mare
2833 4805 3216 4859 novissimum.
3253 4823 3272 4856 ι
3305 4802 3409 4858 Per
3442 4803 3547 4858 hoc
3582 4805 3680 4860 de-

2100 4896 2280 4966 signat
2329 4896 2629 4951 salutarem
2687 4895 3157 4964 praedicationem,
3190 4909 3310 4966 qua:
3361 4894 3678 4951 universum

2101 4986 2288 5041 orbem
2344 4986 2607 5056 pervasit,
2660 4994 2714 5040 et
2770 4985 3038 5039 orientem
3120 4994 3285 5054 atque
3333 4985 3676 5042 occidentem

2101 5076 2284 5131 divina
2342 5075 2592 5130 doctrina
2635 5073 2958 5128 cumulavit.
2991 5071 3159 5128 Juxta
3209 5073 3494 5128 historiam
3535 5092 3676 5146 quo-

2103 5155 2211 5237 que
2241 5183 2466 5222 cernere
2490 5168 2615 5221 licet
2669 5164 2971 5234 prephetia:
3020 5165 3328 5220 veritatem.
3383 5166 3482 5221 Illo
3531 5167 3679 5222 enim

2106 5260 2194 5314 die
2243 5273 2306 5312 ex
2345 5269 2535 5312 sancto
2571 5257 2741 5310 latere
2802 5256 2981 5326 patuit
3041 5257 3238 5312 salutis
3292 5257 3435 5323 fons,
3463 5273 3528 5312 ex
3569 5273 3678 5327 quo

1685 5528 1918 5584 vanus
1957 5527 2361 5586 LECTIONES.
2427 5505 2430 5509 ’

494 5635 538 5667 ⁸⁸
565 5637 622 5708 έν
651 5634 858 5708 ἡμᾼῗχ
899 5636 944 5688 Δ
998 5646 1052 5708 et
1101 5636 1376 5708 Crsuppl.

423 5704 463 5758 Α
498 5707 611 5758 καί.
676 5704 733 5738 ³⁸
765 5707 878 5758 ἐστ.
907 5723 964 5774 μ.
997 5707 1029 5774 ἡ

424 5790 558 5850 pra._
581 5790 635 5844 p.
661 5774 828 5850 1039.
905 5777 945 5850 ⁵]
974 5774 1054 5830 oo.
1097 5775 1194 5850 Ed.
1228 5779 1377 5847 prior
1403 5780 1527 5835 hab.
1562 5781 1615 5850 ἡ.

427 5845 471 5876 ⁸⁵
502 5847 620 5916 τήν.
659 5844 733 5898 Ex
765 5846 878 5902 Aet
907 5845 947 5901 C
987 5847 1167 5916 suppl.

1477 5639 1522 5713 σι
1556 5640 1698 5713 κερ.
1754 5642 1791 5713 εξ
1851 5643 2101 5713 ποιητής.

1038 5724 1129 5776 μζ
1145 5707 1270 5762 Haec
1302 5707 1478 5764 solent
1508 5707 1722 5765 initium
1767 5710 1944 5766 facere
1969 5707 2126 5767 ’ve'rs.
2158 5712 2208 5765 7.
2287 5712 2333 5743 δ’
2361 5714 2403 5765 A

1718 5781 1760 5814 ⁵²
1791 5782 1920 5834 Καί.
1965 5780 2041 5837 Ex
2076 5782 2118 5835 A
2151 5783 2328 5853 suppl.
2408 5784 2454 5814 "
2494 5783 2603 5837 Ἐν.
2633 5780 2672 5834 Α
2717 5794 2880 5851 praem
2929 5781 3040 5832 καί.

2721 5643 2769 5695 λ.
2823 5641 2991 5694 Aliter
3045 5639 3078 5692 1.
3122 5653 3168 5693 c.
3210 5637 3333 5708 ,leg.
3438 5641 3485 5672 "
3517 5641 3675 5697 ἀλλά.

2912 5710 2958 5740 ⁵ο
3000 5711 3039 5764 Α
3073 5710 3190 5778 οὐχ.
3234 5710 3309 5761 Ita
3340 5725 3556 5781 quoque
3585 5727 3682 5767 su-

2929 5781 3040 5832 καί.
3143 5779 3189 5810 ⁸⁸
3224 5779 3336 5833 καί.
3366 5779 3491 5837 Des.
3526 5782 3581 5836 in
3609 5783 3679 5835 Α.

2213 5643 2259 5674 ⁸⁸
2292 5641 2434 5706 ἀπὸ,
2499 5659 2547 5697 κ.
2608 5660 2657 5695 τ.

2430 5711 2832 5781 γνωσθήσεται.
