4090 6414
408 447 544 519 1955

1385 448 1873 509 THEODORETI
1895 449 2233 510 EPISCOPI
2264 452 2628 512 CYRENSIS

3511 452 3648 517 1956

401 561 650 632 duplices
685 561 1070 632 mysteriorum
1119 557 1312 613 latices
1348 560 1725 629 suscepimus,
1749 575 1974 630 aquam,

2087 565 2200 615 κατ’
2250 564 2464 635 ἐκείνην
2488 564 2597 634 γὰρ
2626 562 2725 635 τὴν
2763 562 2982 634 ἡμέραν
3014 560 3080 613 ὲκ
3108 562 3199 634 τῆς
3239 562 3403 630 ἁγίας
3429 565 3646 618 ἀνεστο-

404 653 644 724 inquam,
700 660 756 707 et
809 652 1154 721 sanguinem,
1207 665 1330 720 qua:
1389 650 1484 721 qui
1526 651 1683 715 vidit,
1742 658 1978 707 testatura

401 752 490 798 est
519 740 562 794 ι.
594 740 835 807 Quorum
889 755 1054 792 unum
1094 749 1292 809 purgat
1322 755 1424 795 nos
1457 750 1509 794 et
1555 741 1751 795 liberat,
1783 756 1813 794 τι
1850 756 1976 811 pec-

406 834 580 895 catis;
611 832 845 884 alterum
885 830 1079 895 nutrit,
1109 838 1163 883 et
1192 830 1359 899 rigat,
1394 837 1447 884 et
1477 833 1791 900 germinare
1821 831 1975 886 facit.

406 923 653 990 Explicat
686 920 852 973 etiam
891 927 1133 988 tempus,
1173 935 1283 988 quo
1313 919 1428 973 haec
1479 918 1803 974 acciderint.
1856 939 1875 971 ι
1922 919 1981 973 In

409 1012 623 1083 166a
646 1021 835 1066 a-state
871 1021 924 1065 et
956 1012 1009 1064 in
1042 1027 1167 1066 vere
1196 1012 1300 1064 erit
1334 1012 1436 1066 sic.
1480 1032 1498 1064 ι
1535 1011 1804 1079 Quoniam
1833 1012 1978 1067 enim

405 1106 629 1172 quidam
680 1103 930 1157 bifariam
972 1102 1227 1157 dividunt
1274 1119 1503 1171 annum,
1529 1105 1584 1159 in
1633 1104 1867 1159 hiemem
1925 1111 1981 1160 et

404 1202 688 1259 aestatem;
729 1193 956 1263 quidam
1004 1194 1059 1248 in
1101 1204 1341 1264 quatuor
1380 1206 1566 1265 partes
1614 1195 1977 1260 distribuunt,

406 1286 461 1340 in
495 1300 605 1349 ver,
635 1290 906 1350 aestatem,
947 1294 1272 1340 autumnum
1312 1294 1367 1341 et
1397 1286 1656 1348 hiemem,
1684 1294 1981 1356 utrumque

406 1377 589 1445 posuit
640 1384 864 1444 propter
908 1374 1225 1430 Iudaeorum
1294 1375 1731 1445 impudentiam,
1790 1383 1849 1429 ut
1913 1391 1981 1430 ex

407 1465 601 1518 bonum
654 1473 706 1517 et
753 1464 973 1518 illorum
1019 1466 1289 1520 sententia
1354 1466 1640 1520 veritatem
1696 1466 1977 1522 ostendat.

409 1554 534 1609 Sive
574 1557 719 1610 enim
765 1556 819 1609 in
863 1563 1110 1610 aestatem
1159 1565 1215 1611 et
1253 1557 1489 1612 hiemem
1543 1572 1746 1611 annum
1792 1557 1980 1611 distri-

408 1645 610 1710 buitis,
647 1646 856 1699 aestatis
907 1646 1012 1698 erit
1061 1647 1418 1716 principium,
1455 1647 1501 1701 si
1536 1646 1652 1701 haec
1696 1646 1980 1712 accident;

407 1735 524 1790 sive
554 1745 791 1804 quatuor
829 1735 1036 1804 ponitis
1071 1742 1449 1807 tempestates,
1477 1736 1799 1805 cognoscite
1835 1736 1981 1790 veris

407 1841 531 1882 esse
568 1834 781 1895 tempus
815 1826 982 1896 hujus
1015 1835 1253 1893 tempus.
1279 1824 1435 1881 Tunc
1473 1833 1661 1895 aperte
1692 1825 1981 1896 imperabit

406 1918 527 1972 orbi
564 1926 723 1972 terra:
767 1919 856 1973 ille
903 1934 1065 1989 quem
1099 1918 1153 1972 in
1200 1933 1424 1974 crucem
1467 1918 1680 1989 egistis,
1732 1925 1787 1972 et
1825 1932 1981 1973 error
2012 1900 2054 1955 Β

407 2006 628 2076 quidem
658 2006 725 2061 de
749 2007 1096 2063 multitudine
1125 2007 1354 2064 deorum
1384 2008 1635 2064 funditus
1665 2009 1888 2078 peribit.

480 2259 647 2315 Vsus.
672 2260 726 2316 9.
764 2278 783 2312 ι
819 2260 938 2316 Erit
964 2272 1143 2318 autem
1181 2262 1448 2320 Dominus
1496 2281 1660 2331 unus,
1698 2273 1752 2322 et
1782 2282 1982 2324 nomen

412 2350 533 2420 ejus
584 2367 777 2414 unum,
835 2354 1113 2409 circuiens
1171 2370 1387 2411 omnem
1442 2365 1644 2413 terram
1700 2368 1755 2415 et
1797 2359 1981 2415 deser-

415 2452 552 2497 tum.
594 2462 614 2495 )
648 2441 764 2496 Νοη
796 2443 941 2498 enim
992 2443 1165 2501 Judaei
1194 2448 1211 2468 '
1238 2455 1448 2503 tantum
1495 2450 1611 2504 haec
1656 2451 1981 2523 intelligent,

419 2530 515 2586 sed
538 2532 702 2587 etiam
742 2544 957 2604 gentes,
982 2543 1098 2590 tum
1138 2552 1259 2607 quae
1298 2538 1365 2592 ad
1403 2545 1677 2604 austrum,
1706 2530 1820 2595 tum
1864 2556 1987 2611 qua:

411 2622 478 2676 ad
505 2624 818 2692 aquilonem
848 2623 1241 2699 Hierosolyma
1266 2627 1538 2696 habitant,
1572 2645 1695 2701 qua:
1720 2631 1852 2685 olim
1890 2631 1987 2687 Dei

414 2714 735 2784 cognitione
766 2727 1091 2773 caruerunt.
1117 2718 1231 2774 Hoc
1256 2721 1404 2777 enim
1437 2721 1576 2776 dixit
1603 2723 1888 2793 propheta.

482 2803 651 2861 Vsus.
679 2806 767 2862 ιθ,
814 2826 835 2861 ι
870 2808 913 2861 Α
939 2809 1127 2865 Gabaa
1169 2827 1347 2882 usque
1390 2814 1457 2867 ad
1491 2813 1759 2868 Rernmon
1789 2815 1856 2870 ad
1884 2832 1981 2871 au-

413 2901 588 2951 strum
639 2895 1072 2970 Hierosolyma;
1118 2901 1329 2956 Rhama
1379 2918 1510 2958 vero
1563 2904 1617 2957 in
1678 2906 1798 2961 loco
1859 2922 1986 2976 per-

413 2983 674 3051 manebit,
727 3001 759 3039 a
809 2997 965 3056 porta
1025 2989 1361 3060 Benjaminis
1412 3007 1588 3061 usque
1650 2992 1718 3047 ad
1777 3002 1986 3063 portam

415 3072 669 3140 primam.
712 3092 731 3125 ι
775 3072 880 3129 Per
930 3074 1045 3130 haec
1104 3076 1357 3148 designat
1419 3077 1716 3138 Bethleem.
1772 3080 1985 3136 Etenim

412 3162 611 3218 beatus
649 3163 960 3229 Matthzeus,
992 3181 1118 3220 cum
1147 3169 1349 3224 caedem
1380 3186 1674 3241 puerorqu
1715 3180 1983 3239 narraret,

2082 650 2240 723 μώθη
2282 653 2523 724 πλευρᾶς
2567 656 2598 725 ή
2649 652 2751 723 τῆς
2790 653 3065 724 σωτηρίας
3114 653 3304 725 πηγὴ,
3338 654 3432 723 ἀφ’
3470 648 3539 723 ἦς
3580 654 3649 707 τὰ

2077 737 2240 793 διπλᾶ
2280 740 2391 793 τῶν
2431 741 2746 812 μυστηρίων
2778 740 3078 810 ἐδεξάμεθα
3106 740 3322 812 νάματα
3350 759 3365 772 ⁸
3391 739 3453 793 τὸ
3480 738 3647 811 ὕδωρ,

2079 829 2240 897 φημὶ,
2269 829 2362 883 καὶ
2403 829 2465 882 τὸ
2491 824 2653 899 αἷμα,
2689 831 2832 901 άπερ
2872 833 2900 883 ό
2927 829 3189 901 ἑωρακὼς
3228 830 3646 901 μεμαρτύρηκε.

2079 920 2151 973 Τὸ
2181 922 2280 991 μὲν
2304 923 2562 993 καθαῖρον
2597 924 2765 993 ἡμᾶς,
2800 920 2892 975 καὶ
2922 923 3028 976 τῶν
3060 923 3472 994 ἁμαρτημάτων
3496 922 3651 975 ἐλευ-

2080 1010 2270 1081 θεροῦν
2300 1028 2313 1040 ·
2344 1012 2405 1066 τὺ
2440 1012 2497 1066 δὲ
2526 1013 2840 1083 διατρέφον,
2888 1014 2983 1067 καὶ
3008 1012 3188 1083 ἄρδην,
3232 1011 3328 1066 καὶ
3360 1011 3650 1081 τεθηλέναι

2080 1102 2513 1173 παρασκευάζον.
2548 1103 2713 1171 Λέγει
2756 1104 2812 1156 δὲ
2849 1102 3061 1157 καὶτὸν
3093 1104 3283 1175 καιρὸν
3309 1105 3367 1157 ὲν
3396 1096 3441 1171 ᾧ
3473 1103 3648 1156 ταῦτα

2082 1192 2302 1263 συνέϐη.
2332 1211 2352 1246 ι
2399 1193 2489 1247 Ἐν
2511 1192 2659 1264 θέρει
2692 1194 2787 1248 καὶ
2810 1194 2931 1265 ἔαρι
2960 1194 3118 1247 ἔσται
3148 1195 3341 1257 οὕτως.
3371 1213 3390 1245 ι
3428 1193 3648 1265 Ἐπειδὴ

2079 1281 2189 1352 γὰρ
2209 1284 2260 1336 οἱ
2291 1282 2389 1352 μὲν
2417 1282 2540 1352 διχά
2567 1284 2646 1347 είς
2666 1282 2912 1353 χειμῶνα
2931 1282 3024 1335 καὶ
3051 1282 3229 1352 θέρος,
3259 1284 3307 1335 οἱ
3335 1281 3391 1335 δὲ
3411 1282 3653 1352 τετραχὲ

2079 1376 2159 1437 el;
2188 1376 2284 1445 ἔαρ
2305 1415 2322 1440 ,
2363 1376 2457 1428 καὶ
2482 1375 2640 1445 θέρος
2664 1415 2680 1438 ,
2720 1375 2814 1426 καὶ
2848 1373 3163 1446 μετόπωρον
3187 1412 3203 1437 ,
3249 1374 3342 1426 καὶ
3384 1374 3649 1443 χειμῶνα,

2078 1466 2170 1519 τὸν
2197 1465 2443 1519 ἐνιαυτὸν
2469 1464 2770 1534 διαιροῦσιν
2796 1505 2811 1529 ,
2862 1466 3149 1535 ἀμφότερα
3176 1464 3388 1517 τέθεικε
3422 1464 3510 1517 διὰ
3552 1464 3653 1534 τήν

2077 1555 2187 1608 τῶν
2213 1555 2483 1608 Ἰουδαίων
2513 1555 2812 1617 ἀναίδειαν,
2850 1555 2937 1608 ἵνα
2980 1554 3077 1607 καὶ
3122 1554 3265 1608 κατὰ
3299 1553 3523 1616 τούτους
3559 1555 3654 1606 καὶ

2078 1649 2198 1701 κατ’
2232 1646 2474 1710 ἐκείνους
2521 1646 2620 1717 τὴν
2688 1643 2949 1717 ἀλήθειαν
3003 1644 3174 1716 δείξῃ.
3228 1643 3354 1697 Εἴτε
3407 1644 3514 1714 γὰρ
3573 1643 3651 1705 είς

2080 1738 2237 1809 θέρος
2277 1737 2372 1791 καὶ
2412 1738 2655 1808 χειμῶνα
2702 1736 2795 1789 τὸν
2841 1734 3089 1789 ἐνιαυτὸν
3129 1735 3423 1804 διαιρεῖτε,
3460 1732 3654 1798 θέρους

2082 1828 2234 1882 ἔσται
2257 1828 2303 1860 ⁸⁸
2329 1828 2493 1899 ἀρχή,
2520 1828 2608 1880 ὅτε
2626 1827 2799 1881 ταῦτα
2846 1825 3213 1896 συμϐήσεται·
3245 1825 3354 1878 εἴτε
3385 1822 3657 1894 τέσσαράς

2083 1937 2221 1989 φατε
2251 1919 2348 1981 τὰς
2378 1917 2607 1989 τροπὰς,
2640 1917 2939 1986 γινώσκετε
2968 1916 3130 1985 ἔαρος
3163 1906 3304 1968 εἶναι
3339 1913 3531 1985 καιρὸν
3562 1913 3655 1966 τὸν

2080 2011 2269 2066 τούτου
2295 2010 2505 2082 καιρόν.
2531 2009 2663 2063 Τότε
2691 2007 2984 2079 προφανῶς
3009 2006 3322 2077 βασιλεύσει
3349 2004 3449 2073 τῆς
3475 2002 3657 2056 οίκου-

2084 2101 2254 2171 μένης
2305 2101 2333 2153 ό
2372 2099 2498 2169 παρ’
2545 2097 2699 2167 ὑμῶν
2737 2094 3256 2158 ἀνασκολοπισθεὶς,
3308 2094 3404 2147 καὶ
3462 2094 3497 2164 ή
3557 2090 3657 2163 μὲν

2081 2190 2343 2254 πολύθεος
2374 2189 2551 2260 πλάνη
2577 2189 2809 2260 λήψεται
2838 2187 3035 2259 πέρας.

2153 2282 2219 2335 θ’.
2258 2300 2278 2332 ι
2315 2282 2507 2335 Ἔσται
2532 2282 2577 2313 ⁸τ
2605 2280 2663 2333 δὲ
2694 2279 2896 2351 Κύριος
2924 2270 3025 2343 εἷς,
3058 2280 3153 2332 καὶ
3182 2277 3243 2331 τὸ
3283 2276 3456 2345 ὄνομα
3487 2272 3654 2330 αὐτοῦ

2081 2373 2175 2437 ἓν,
2211 2371 2447 2426 κυκλοῦν
2468 2372 2515 2403 ⁸⁸
2558 2373 2738 2425 πᾶσαν
2784 2370 2884 2441 τὴν
2929 2370 3035 2439 γῆν
3084 2370 3180 2423 καὶ
3232 2370 3331 2439 τὴν
3366 2367 3588 2439 ἔρημον.
3633 2385 3652 2417 ι

2084 2466 2159 2519 Ού
2193 2464 2302 2534 γὰρ
2334 2464 2495 2534 μόνον
2524 2464 2770 2517 Ἰουδαῖοι
2795 2462 2966 2516 ταῦτα
2992 2462 3372 2533 φρονήσουσιν,
3398 2459 3537 2512 ἀλλὰ
3564 2457 3660 2510 καὶ

2083 2555 2153 2609 τὰ
2182 2555 2350 2610 πάλαι
2394 2553 2726 2622 θεογνωσίας
2772 2551 2958 2623 ἔρημα
2987 2552 3119 2621 ἔθνη
3139 2591 3153 2617 ,
3186 2552 3257 2605 τά
3284 2568 3343 2605 τε
3373 2552 3481 2604 ἀπὸ
3505 2550 3660 2605 νότου

2084 2645 2187 2715 τῆς
2227 2646 2617 2717 Ἰερουσαλὴμ,
2678 2645 2774 2698 καὶ
2825 2642 2895 2697 τὰ
2951 2643 3062 2697 ἀπὸ
3106 2643 3312 2715 βορῤᾶο
3366 2636 3525 2695 τοῦτο
3552 2641 3663 2712 γάρ

2085 2732 2238 2791 εἶπεν
2265 2740 2294 2791 ό
2324 2738 2636 2809 Προφήτης.

2160 2825 2210 2880 ι’.
2248 2846 2267 2878 ι
2299 2827 2434 2879 ’Λπὸ
2467 2826 2659 2880 Γαὸαᾶ
2681 2825 2728 2859 ⁸⁸
2753 2865 2770 2891 ,
2823 2825 2918 2879 καὶ
2976 2825 3083 2889 ἕως
3126 2822 3366 2895 Ῥεεμὼν
3388 2825 3432 2856 ⁶⁰
3454 2865 3470 2890 ,
3520 2823 3662 2877 κατᾶ

2087 2915 2237 2969 νότον
2278 2915 2632 2987 Ἰερουσαλήμ
2661 2931 2675 2944 ⁸
2725 2915 2907 2985 Ῥαμᾶ
2941 2916 2999 2969 δὲ
3045 2912 3141 2968 ἐπὶ
3167 2913 3260 2969 τοῦ
3284 2908 3451 2967 τόπου
3483 2915 3657 2984 μενεῖ,

2087 3006 2198 3060 ἀπὸ
2243 3002 2343 3076 τῆς
2380 3005 2558 3076 πύλης
2613 3007 2874 3076 Βενιαμὶν
2901 3048 2916 3071 ,
2966 3006 3093 3070 ἓως
3126 3004 3226 3076 τῆς
3276 3001 3449 3076 πύλης
3469 3002 3511 3036 ⁶¹
3565 3000 3665 3075 τῆς

2089 3093 2336 3165 πρώτης.
2382 3114 2400 3147 ι
2435 3094 2743 3150 Αίνίττεται
2775 3097 2833 3150 δὲ
2862 3094 2953 3149 διά
3000 3093 3204 3149 τούτων
3234 3095 3333 3167 τὴν
3369 3092 3624 3166 Βηθλεέμ
3646 3108 3663 3123 ⁸

2091 3187 2185 3239 καὶ
2213 3183 2323 3256 γὰρ
2354 3186 2382 3238 ό
2415 3184 2685 3257 μακάριος
2714 3186 2993 3251 Ματθαῖος
3013 3225 3028 3247 ,
3055 3186 3166 3239 τῶν
3196 3186 3403 3241 παίδων
3451 3186 3668 3255 ἱστορή-

413 3250 794 3322 propheticum
836 3253 1208 3309 testimonium
1245 3258 1454 3322 attulit,
1486 3275 1507 3311 ‹
1542 3258 1660 3314 Vox
1694 3260 1750 3313 in
1779 3259 1988 3314 Rhama

2096 3291 2195 3339 σας
2224 3242 2329 3328 ’τόν
2360 3242 2550 3344 φόνον,
2720 3242 3064 3348 προφητικήν
3091 3274 3305 3329 τέθεικε
3336 3242 3666 3347 μαρτυρίαν,

414 3342 605 3396 audita
635 3351 742 3410 est,
778 3345 1043 3415 ploratus,
1083 3346 1322 3417 ejulatus
1373 3358 1428 3404 et
1461 3349 1704 3404 ululatus
1738 3351 1947 3405 mullus
1975 3367 1991 3404 :

418 3431 629 3488 Rachel
674 3434 968 3513 deplorans
1016 3437 1155 3494 lilios
1198 3454 1332 3494 suos
1375 3448 1435 3493 ³⁸.
1485 3457 1505 3491 ι
1566 3439 1709 3495 Dicit
1754 3451 1934 3494 autem
1976 3456 1991 3494 :

417 3523 663 3580 Sublatis
727 3526 912 3598 impiis
963 3528 1096 3595 illis,
1154 3527 1368 3601 1665
1419 3529 1607 3587 ﬁdeles
1662 3531 1993 3585 habitabunt

414 3616 579 3670 etiam
621 3616 679 3670 in
725 3626 871 3672 terra
906 3619 981 3674 ad
1008 3617 1381 3689 Benjaminem
1417 3622 1743 3692 pertinente.

486 3789 899 3847 Vens.ll.rEt
942 3792 1237 3850 anathema
1288 3809 1397 3850 non
1452 3795 1561 3851 erit
1624 3798 1883 3870 amplius,
1934 3810 1992 3856 et

416 3881 691 3936 habitabit
730 3883 784 3937 in
831 3881 1208 3957 Hierosolyma
1244 3886 1606 3943 conﬁdenter.
1632 3908 1652 3942 ι
1708 3889 1811 3946 Per
1848 3909 1983 3946 ana-

417 3971 594 4026 thema
623 3988 751 4028 vero
789 3990 818 4028 a
848 3973 955 4030 Deo
977 3975 1435 4033 abalienationem
1470 3978 1821 4049 signiﬁcavit.
1874 3982 1994 4037 Non

418 4065 562 4119 enim
592 4065 751 4123 idolis
782 4068 1019 4138 amplius
1058 4069 1431 4126 adhaerescent
1464 4073 1517 4126 in
1540 4071 1827 4131 Christum
1879 4092 1997 4131 creo

419 4158 634 4223 dentes,
663 4159 758 4213 sed
775 4174 899 4214 cum
922 4159 1119 4230 pietate
1137 4161 1519 4218 inhabitabant
1538 4162 1993 4236 Hierosolymam.

420 4246 517 4303 llis
564 4249 637 4303 ita
682 4251 976 4319 praedictis,
1019 4256 1287 4309 convertit
1322 4270 1630 4311 sermonem
1676 4257 1743 4312 ad
1785 4257 1993 4326 Gogum

419 4343 474 4391 et
512 4336 820 4408 Magogum,
846 4349 901 4395 et
931 4338 998 4393 ad
1026 4356 1122 4396 eos
1162 4343 1254 4412 qui
1287 4343 1454 4398 simul
1484 4359 1609 4398 cum
1660 4345 1747 4400 his
1786 4344 1995 4401 bellum

422 4426 544 4480 urbi
585 4426 968 4500 llierosolymae
996 4429 1318 4486 intulerunt.
1355 4432 1446 4486 Ait
1472 4434 1618 4488 enim
1663 4453 1678 4488 :

493 4618 765 4673 Vens.12.
806 4639 824 4671 ι
854 4620 918 4674 Et
947 4620 1055 4675 erit
1082 4621 1262 4687 ruina,
1285 4615 1392 4692 qua
1432 4626 1701 4695 percutiet
1729 4625 1997 4683 Dominus

421 4722 611 4764 omnes
635 4710 886 4778 populos,
917 4710 1012 4781 qui
1044 4711 1417 4768 militaverunt
1449 4723 1643 4770 contra
1679 4716 2001 4791 Hierosoly-

421 4812 565 4851 mam
612 4817 626 4852 :
678 4797 986 4856 Tabescent
1030 4817 1225 4859 carnes
1278 4818 1468 4860 eorum
1523 4807 1788 4863 stantium
1837 4822 2037 4881 super-

422 4888 589 4957 pedes
620 4904 773 4955 suos,
802 4898 858 4946 et
883 4893 1029 4947 oculi
1072 4894 1288 4949 illorum
1334 4896 1569 4953 deﬁuent
1612 4899 1679 4954 de
1715 4896 1996 4957 foramini-

2095 3361 2338 3435 βοῶσανο
2377 3384 2396 3417 ι
2431 3366 2587 3437 Φωνὴ
2618 3367 2676 3419 ὲν
2722 3367 2903 3438 Ῥαμὰ
2940 3365 3205 3439 ἠκούσθη.
3248 3367 3447 3437 θρῆνος
3480 3365 3527 3397 ⁸³
3574 3364 3669 3419 καὶ⁵

2093 3452 2373 3526 κλαυθμὸς
2411 3457 2506 3511 καὶ
2534 3457 2769 3529 ὀδυρμὸς
2813 3457 2982 3523 πολύς
3007 3475 3021 3489 ’
3068 3456 3269 3529 Ῥαχὴλ
3298 3456 3562 3511 κλαίουσα
3595 3454 3666 3510 τὰ

2104 3542 2271 3596 τέκνα
2320 3544 2508 3617 αὐτῆς.
2536 3564 2554 3596 ι
2589 3545 2753 3614 Λέγει
2779 3546 2856 3612 δὲ,
2889 3546 2971 3599 ὅτι
3000 3544 3110 3599 τῶν
3140 3545 3418 3600 δυσσεδῶν
3445 3546 3671 3599 ἐκείνων

2093 3633 2489 3703 ἀναιρεθέντων
2512 3678 2527 3700 ,
2579 3636 2629 3688 oi
2665 3638 3094 3701 πεπιστευκότες
3138 3637 3538 3710 κατοικήσουσι
3574 3635 3672 3690 καὶ

2092 3722 2191 3794 τὴν
2219 3722 2296 3793 τῷ
2328 3724 2588 3795 Βενιαμὶν
2619 3728 3008 3797 προσήκουσαν
3040 3731 3165 3800 γῆν.

2170 3820 2259 3866 ια’.
2298 3831 2317 3865 ι
2350 3814 2459 3867 Καὶ
2488 3814 2736 3887 ἀνάθεμα
2768 3817 2869 3871 οὐκ
2900 3818 3053 3873 ἔσται
3083 3819 3195 3884 ἔτι,
3228 3820 3323 3872 καὶ
3351 3818 3670 3889 κατοικήσει

2094 3903 2193 3973 τὴν
2212 3902 2258 3933 ⁴³
2298 3902 2659 3976 Ἰερουσαλὴμ
2684 3908 3043 3971 πεποιθότως.
3090 3928 3107 3961 ι
3141 3909 3240 3963 Διὰ
3272 3909 3330 3962 δὲ
3380 3908 3475 3961 τοῦ
3524 3909 3672 3962 ἀνα-

2096 3992 2346 4062 θέματος
2382 3993 2480 4066 τὴν
2510 3995 2604 4050 τοῦ
2631 3997 2769 4052 Θεοῦ
2799 4000 3077 4070 ἐσήμανεν
3110 3999 3471 4071 ἀλλοτρίωσιν
3492 4014 3507 4028 °
3538 3998 3672 4052 οὐκ·

2097 4084 2177 4139 ἐτι
2207 4087 2314 4157 γὰρ
2358 4087 2595 4153 εἰδώλοις
2629 4089 2984 4160 προσέξουσιν
3019 4094 3068 4145 οἱ
3114 4094 3193 4157 εἰς
3237 4093 3471 4165 Χριστὸν
3505 4106 3671 4144 πεπι-

2097 4176 2421 4241 στευκότες,
2465 4177 2601 4232 ἀλλὰ
2652 4180 2771 4249 μετ’
2823 4180 3108 4246 ευσεϐείας
3157 4182 3256 4253 τὴν
3314 4180 3674 4253 Ἰερουσαλὴμ

2094 4270 2429 4339 οἰκήσουσιν.
2483 4269 2641 4324 Οὕτω
2694 4271 2867 4326 ταῦτα
2920 4273 3308 4346 προειρηκὼς,
3371 4275 3672 4347 μεταφέρει

2098 4361 2188 4414 τὸν
2216 4360 2374 4430 λόγον
2418 4360 2515 4414 ἐπὶ
2539 4361 2632 4415 τὸν
2673 4361 2798 4431 Γὼγ
2839 4365 2933 4417 καὶ
2961 4364 3216 4434 Μαγὼγ,
3269 4367 3364 4420 καὶ
3402 4366 3529 4429 τοὺς
3574 4366 3675 4419 σὺν

2098 4451 2327 4515 ἐκείνοις
2357 4451 2498 4504 κατὰ
2526 4452 2627 4523 τῆς
2664 4450 3023 4526 Ἰερουσαλὴμ
3049 4456 3507 4528 στρατεύσαντας.
3533 4457 3676 4528 Φησὶ

2027 4574 2071 4629 D
2098 4542 2207 4613 γὰρ
2228 4543 2309 4596 ὅτι
2331 4557 2346 4573 ⁸

2172 4633 2259 4703 ιβ’.
2297 4652 2315 4683 ι
2360 4633 2468 4687 Καὶ
2492 4633 2628 4705 αὕτη
2661 4634 2814 4689 ἔσται
2848 4637 2881 4708 ή
2914 4637 3157 4704 πτῶσις,
3188 4639 3259 4712 ἢν
3286 4640 3439 4709 κόψει
3470 4638 3676 4709 Κύριος

2100 4725 2310 4788 πάντας
2334 4727 2461 4788 τοὺς
2488 4724 2672 4794 λαοὺς,
2715 4725 2831 4780 ὅσοι
2861 4730 3303 4801 ἐπεστράτευσαν
3336 4732 3429 4784 ἐπὶ
3476 4730 3669 4801 Ἱερουο

2100 4816 2313 4887 σαλήμο
2344 4816 2691 4887 Τακήσονται
2715 4818 2772 4872 αἱ
2803 4818 3008 4891 σάρκες
3032 4820 3211 4876 αὐτῶν
3240 4822 3552 4894 ἑστηκότων
3579 4822 3680 4875 ἐπὶ

2098 4908 2207 4961 τῶν
2239 4906 2473 4960 ποδῶνδδ
2507 4908 2688 4961 αὐτῶν
2712 4950 2727 4976 ,
2780 4909 2876 4964 καὶ
2922 4912 2972 4965 οἱ
3022 4913 3290 4985 ὀφθαλμοὶ
3334 4914 3513 4969 αὐτῶν
3547 4914 3679 4986 ρυή-

422 4976 525 5031 bns
552 4993 767 5043 eorum,
783 4987 838 5035 et
866 4982 1049 5053 lingua
1072 4999 1260 5039 eorum
1281 4987 1529 5042 tabescet
1548 4988 1600 5042 in
1620 5003 1719 5044 ore
1738 5006 1950 5046 eorum.
1974 5011 1988 5044 ι

2105 5011 2289 5048 σονται
2332 4997 2397 5049 ἐκ
2440 4996 2550 5049 τῶν
2593 4996 2744 5050 ὀπῶν
2789 4999 2970 5055 αὐτῶν
2993 5042 3008 5068 ,
3041 5003 3137 5057 καὶ
3172 5005 3206 5075 ή
3237 5002 3460 5074 γλῶσσα
3498 5004 3678 5059 αὐτῶν

426 5066 641 5161 [l5—l5]
672 5070 858 5138 Docet,
881 5075 1193 5144 eujusmodi
1224 5078 1403 5148 poenis
1428 5078 1693 5137 divinitus
1724 5082 1988 5142 alliciendi

2101 5087 2401 5155 τακήσεται
2433 5086 2492 5140 ὲν
2542 5085 2621 5157 τῷ
2676 5089 2905 5160 στόματι
2944 5093 3147 5148 αὐτῶν.
3178 5114 3197 5147 ι
3242 5096 3495 5151 Διδάσκει
3530 5097 3677 5161 οἵαις

423 5154 535 5210 sint
568 5175 582 5213 :
616 5156 732 5214 fore
774 5162 920 5216 enim
961 5172 1020 5218 ut
1080 5179 1313 5236 corpora
1350 5181 1544 5225 eorum
1603 5170 1908 5240 tabescant,
1949 5188 1988 5232 el

2112 5154 2397 5244 Θεηλάτοις
2452 5154 2920 5251 παραδοθήσονται
2960 5186 3297 5259 τιμωρίαις·
3338 5188 3410 5242 τά
3470 5205 3531 5241 τε
3567 5154 3680 5260 γὰρ

500 5333 705 5393 1.loan.
737 5354 853 5404 xu,
883 5340 977 5407 δι,
1008 5343 1100 5398 55.
1176 5352 1216 5375 "
1258 5344 1457 5407 Matth.
1495 5366 1572 5417 11,
1611 5351 1679 5408 18
1710 5364 1765 5409 et
1795 5352 2003 5411 Jerem.
2040 5371 2207 5425 xxxi,
2244 5360 2355 5427 i5;
2392 5361 2476 5417 vel
2505 5359 2662 5431 juxta
2696 5362 2837 5418 LXX
2860 5403 2876 5428 ,
2902 5381 3106 5421 xxxrnt
3130 5405 3149 5434 ,
3184 5365 3252 5422 i5

1661 5489 1896 5546 VARIE
1938 5490 2348 5551 LECTlONES.

494 5593 608 5693 1°C;
617 5593 827 5693 Est-tv}!
837 5596 1274 5693 ΛἸῼΕσταιἏκ.
1281 5600 1428 5693 τι).
1451 5602 1593 5693 Quae
1628 5622 1694 5693 e_x
1743 5609 1846 5664 hoc
1870 5610 2269 5693 yers._desu_nt,
2300 5612 2471 5693 i_nl_ra,_
2497 5622 2539 5671 t.
2571 5613 2658 5693 ιν.
2684 5617 2934 5693 _Gr._A/f.
2966 5619 3097 5675 Cur.
3128 5620 3424 5693 sermalﬁ,
3457 5620 3675 5693 ita_leg.

422 5661 538 5784 ἔξῗ
570 5661 1793 5787 152222;.“ii°ﬁeif2£2°iifiuf§=¥xiiii.
1825 5661 2135 5787 ξῗῑὲᾆῖῐῖ
2171 5661 2337 5787 im
2365 5661 2762 5787 esse
2778 5661 3674 5787 'EEiEt:5.323235525355351

542 5732 1238 5831 ,ιῗαξῖξλοῆδξλξςεε-ε-ςξξξ
1278 5738 1494 5831 νξςεξρς
1536 5744 1813 5831 ’ξιμιιὼνε
1841 5732 2150 5831 musae,
2173 5732 2337 5831 ea:
2372 5732 2762 5827 Ἱπτῗῗτξόἷξᾟ
2795 5732 3132 5829 ῖῖνᾶἔιὶἰζῗὲοξ
3155 5732 3680 5831 ἑξπου.“σῖ’ό’ςῖἶῖῖ-ἰ

429 5797 610 5860 πολύς.
649 5800 772 5857 Des.
802 5803 857 5858 in
885 5805 1016 5863 edit.
1031 5797 1239 5875 'priori.
1316 5806 1362 5839 “
1394 5810 1512 5880 τήν.
1546 5797 1753 5871 υεὲἶιὴ
1773 5797 2051 5875 lira—A-
2067 5797 2407 5886 ῖεᾎιῖσῑόὲας.
