4090 6400
416 464 551 530 Ῑθῖιῗ

1576 468 1657 529 IN
1701 465 2098 526 ZACHARIE
2129 465 2287 526 CAP.
2324 466 2478 526 XIV.

3528 464 3669 532 1958

413 576 645 645 σώματα
671 572 847 628 αὐτῶν
873 573 1290 645 ἐκτακίβονται,
1324 576 1477 645 φησι,
1502 577 1599 629 καὶ
1640 578 1689 629 οἱ
1715 574 1974 645 ὀφθαλμοί

2090 575 2235 629 oculi
2268 589 2454 627 eorum
2482 573 2833 639 ell‘odiantur,
2861 582 2915 629 et
2940 575 3137 645 lingurc
3169 576 3387 646 penitus
3420 590 3672 631 corrum-

408 664 590 719 αὐτῶν
626 665 1024 735 ἑκκοπήσονται
1048 707 1063 730 ,
1117 666 1211 718 καὶ
1260 665 1466 736 φθορὰν
1513 664 1876 735 ὑπομενοῦσιν
1924 664 1981 715 αἰ

410 757 695 824 γλῶσσαι·
743 754 849 820 ἔξω
880 755 937 808 δὲ
992 755 1189 819 αὐτοὺς
1227 756 1336 809 τῶν
1379 757 1597 810 οἰκείων
1632 755 1983 826 καταστήσας

410 846 622 915 φρενῶν
651 845 759 898 τῶν
789 844 925 898 ὅλων
957 846 986 898 ὁ
1029 843 1272 915 Κύριος,
1325 846 1449 899 κατ’
1499 845 1742 914 ἀλλήλων
1784 846 1982 907 αὐτοὺς

407 934 654 1006 χωρῆσαι
686 935 1101 1004 παρασκευάσει
1120 976 1134 998 ,
1164 933 1303 987 ὥστε
1333 936 1458 995 ταῖς
1509 934 1753 1003 ἀλλήλων
1781 932 1982 998 δεξιαῖς

407 1024 487 1093 τῷ
524 1023 738 1093 θανάτῳ
787 1024 1264 1093 παραπεμφθῖψαι
1289 1041 1305 1055 ο
1353 1024 1403 1075 οἱ
1454 1023 1511 1075 δὲ
1544 1024 1650 1076 ὑπὸ
1694 1022 1788 1074 τοῦ
1841 1021 1978 1074 Θεοῦ

408 1113 873 1183 στρατηγούμενοι
908 1112 1151 1166 Ἰουδαῖοι
1182 1111 1375 1164 θεαταὶ
1424 1112 1584 1181 μόνον
1618 1111 1711 1165 τοῦ
1743 1110 1978 1164 θανάτου

406 1205 688 1274 γενόμενοι
716 1246 730 1268 ,
775 1204 869 1255 τὸν
896 1203 1120 1256 ἐκείνων
1154 1202 1511 1255 σκυλεύσουσι
1546 1201 1778 1255 πλοῦτον
1803 1242 1817 1264 ,
1850 1218 1984 1271 χρυ-

409 1295 501 1347 σὸν
548 1294 629 1346 δτι
660 1294 910 1346 πλεῖστον
930 1332 945 1355 ,
982 1292 1077 1346 καὶ
1106 1292 1346 1364 ἄργυρον
1367 1332 1382 1355 ,
1432 1293 1527 1345 καί
1576 1292 1779 1362 ἐσθῆτα
1813 1292 1978 1344 πολύ-

2089 672 2323 732 pantur,
2376 674 2540 731 atque
2587 663 2686 719 hos
2718 666 3103 719 universorum
3150 665 3414 721 Dominus
3468 668 3669 721 mentis

2094 768 2202 807 usu
2238 753 2498 821 privatos,
2543 754 2684 807 inter
2720 768 2780 808 se
2814 754 3107 825 conﬂigere
3139 756 3324 818 faciat,
3375 763 3434 809 ut
3466 757 3671 810 mutuis

2087 844 2409 897 vulneribus
2442 843 2861 897 interlieiantur.
2889 842 3058 898 Judaei
3083 859 3232 906 vero.
3265 846 3371 900 sub
3399 844 3511 898 Deo
3530 845 3672 899 duce

2086 936 2405 995 militantes,
2436 942 2772 1002 spectatores
2811 943 3021 987 tantum
3058 935 3222 989 caedis
3263 935 3411 1000 facti,
3449 936 3668 990 illorum

2082 1027 2305 1080 divitias
2330 1025 2739 1094 pra-dabuntur,
2767 1041 2957 1079 aurum
2982 1041 3141 1094 quam
3164 1026 3483 1093 plurimum,
3504 1034 3561 1080 et
3582 1040 3673 1078 ar-

2085 1125 2330 1184 gentum,
2351 1124 2403 1169 et
2423 1122 2625 1169 vestem
2656 1117 2951 1183 pretiosam
2986 1115 3316 1170 auferentes.
3352 1116 3489 1185 Equi
3521 1116 3668 1169 enim

2088 1221 2192 1259 una
2218 1223 2340 1260 cum
2366 1206 2560 1270 asinis,
2604 1213 2658 1261 et
2699 1208 2879 1271 mulis,
2921 1216 2974 1262 et
3018 1209 3264 1271 camelis,
3312 1207 3669 1263 internecioni

2090 1295 2253 1348 simul
2281 1312 2404 1350 eum
2437 1295 2752 1348 hominibus
2776 1295 3081 1349 tradentur.

404 1399 565 1453 τιμον
597 1384 980 1453 κομιζόμενον
1019 1384 1070 1437 οἰ
1125 1384 1235 1454 γὰρ
1285 1385 1442 1437 ἵπποι
1470 1425 1486 1451 ,
1531 1386 1629 1439 σὺν
1666 1387 1780 1448 τοῖς
1808 1384 1971 1448 ὄνοις,
2004 1386 2098 1439 καὶ
2138 1388 2402 1457 ἡμιόνοις,
2439 1387 2533 1439 καὶ
2562 1388 2845 1457 καμήλοις,
2896 1388 3070 1458 φθορᾷ
3116 1389 3253 1459 μετά
3308 1389 3417 1441 τῶν
3457 1389 3668 1459 ἀνθρὼ-

407 1488 523 1527 πων
551 1475 829 1544 παραδοθή
837 1492 1039 1529 σονται.

479 1569 574 1627 ις’.
629 1581 649 1613 ι
699 1563 809 1615 Καὶ
865 1561 1052 1629 ἔσται,
1106 1564 1221 1618 ὅσοι
1269 1564 1365 1619 ἐὰν
1411 1564 1846 1635 καταλειφθῶσιν
1910 1566 1975 1619 ἐκ

404 1652 625 1705 πάντων
669 1652 781 1705 τῶν
812 1651 982 1705 ἐθνῶν
1013 1652 1123 1705 τῶν
1169 1654 1433 1708 ἐλθόντων
1463 1646 1558 1707 ἐπί
1602 1654 1975 1726 Ἰερουσαλὴμ,

404 1744 499 1796 καί
524 1742 887 1813 ἀναϐήσονται
916 1743 1161 1797 ἐνιαυτὸν
1184 1744 1231 1777 ⁸³
1265 1746 1383 1799 κατ’
1408 1745 1651 1799 ἐνιαυτὸν
1686 1745 1783 1798 τοῦ
1808 1761 1979 1817 προσ·

404 1836 587 1888 κυνεῖν
611 1835 656 1866 ⁸⁸
692 1832 772 1904 τῷ
817 1833 1029 1903 βασιλεῖ
1054 1834 1246 1908 Κυρίῳ
1286 1837 1714 1907 παντοκράτορι,
1746 1837 1841 1890 καί
1883 1835 1979 1889 τοῦ

402 1923 680 1995 ἑορτάζειν
700 1923 744 1955 ⁸⁷
775 1924 875 1994 τὴν
904 1924 1099 1995 ἑορτὴν
1125 1925 1223 1995 τῆς
1260 1918 1664 1996 Σκηνοπηγίας.
1706 1945 1726 1979 ι
1764 1925 1979 1997 Ταύτης

398 2015 459 2068 δὲ
483 2015 580 2084 τῆς
618 2015 776 2085 νίκης
796 2054 814 2080 ,
864 2016 1001 2084 φησί
1024 2053 1040 2079 ,
1069 2015 1373 2086 γενομένης
1397 2055 1414 2081 ,
1459 2017 1684 2069 τοσοῦτο
1712 2016 1832 2079 δέος
1860 2016 1980 2067 ἐπι-

400 2110 651 2161 πεσεῖται
674 2109 790 2171 τοῖς
814 2107 1299 2175 καταλειπομένοις
1317 2107 1426 2162 τῶν
1447 2107 1762 2177 ἀλλοφύλων
1786 2105 1977 2168 ἐθνῶν,

398 2198 478 2262 ὡς
508 2200 629 2252 κατ’
660 2200 904 2253 ἐνιαυτὸν
950 2201 1028 2263 εἰς
1065 2197 1168 2270 τὴν
1201 2199 1556 2271 Ἰερουσαλὴμ
1604 2198 1841 2269 τρέχειν,
1874 2198 1972 2252 καὶ

397 2289 480 2359 τῷ
507 2289 699 2361 Κυρίῳ
728 2290 835 2344 τῶν
863 2290 999 2343 ὅλων
1036 2290 1099 2344 τὸ
1130 2290 1295 2353 σέϐας
1324 2291 1677 2362 προσφέρειν,
1713 2291 1808 2345 καὶ
1840 2290 1982 2360 μετά

398 2380 495 2434 τοῦ
528 2380 658 2434 λαοῦ
700 2381 1098 2453 πανηγυρίζειν
1134 2381 1233 2452 τῆς
1270 2381 1656 2453 Σκηνοπηγίας
1706 2380 1807 2453 τὴν
1852 2382 1978 2451 ἐορ-

396 2472 502 2542 τήν
526 2488 544 2504 ·
568 2472 876 2543 ἐπιτήδειος
901 2473 1010 2542 γὰρ
1035 2474 1115 2536 εἰς
1142 2472 1454 2544 ἀποδημίας
1480 2474 1510 2526 ὁ
1536 2474 1736 2544 ταύτης
1763 2471 1975 2544 καιρὸς.

399 2561 593 2633 θέρους
630 2562 890 2633 ὑπάρχων
916 2562 1126 2631 καιρός.

489 2651 674 2716 ιζ’-ιο’.
734 2670 753 2703 ι
798 2653 907 2705 Καὶ
962 2651 1152 2715 ἔσται,
1207 2651 1324 2705 ὅσοι
1345 2651 1391 2684 ⁸⁸
1450 2652 1528 2723 μὴ
1581 2652 1857 2706 ἀναϐῶσιν
1911 2654 1976 2707 ἐκ

398 2743 589 2796 πασῶν
620 2742 727 2796 τῶν
761 2742 943 2812 φυλῶν
972 2743 1072 2813 τῆς
1099 2742 1205 2812 γῆς
1249 2744 1330 2807 εἰς
1382 2743 1740 2816 Ἰερουσαλὴμ
1759 2748 1830 2811 θ’,
1876 2745 1973 2799 τοῦ

396 2832 777 2901 προσκυνῆσαι
823 2831 902 2901 τῷ
955 2830 1166 2902 βασιλεί
1196 2833 1384 2904 Κυρίῳ
1415 2834 1847 2906 παντοκράτορι,
1881 2834 1976 2888 καὶ

395 2916 544 2976 οὗτοι.
574 2919 802 2984 ἐκείνοις
822 2922 868 2953 ’⁷⁸
914 2922 1375 2992 προστεθήσονται
1401 2963 1417 2988 ,
1474 2926 1570 2978 καὶ
1596 2927 1637 2957 ⁷¹
1690 2927 1791 2979 οὐκ
1822 2924 1975 2978 ἔσται

395 3012 707 3075 ἐπάύτοὺς
735 3011 908 3075 ὑετὸς.
952 3012 1078 3065 Ἐὰν
1102 3013 1158 3066 δὲ
1190 3013 1333 3085 φυλὴ
1362 3014 1641 3082 Αἰγύπτου
1671 3017 1744 3087 μὴ
1775 3016 1973 3087 ἀναϐῇ,

399 3099 535 3169 μηδὲ
558 3099 689 3173 ἔλθῃ
707 3102 823 3154 ἐκεῖ
843 3103 909 3163 ⁷³,
932 3104 1026 3155 καὶ
1056 3102 1149 3155 ἐ.πί
1169 3103 1394 3167 τούτους
1412 3104 1456 3135 ⁷³
1473 3104 1625 3159 ἔσται
1649 3108 1680 3175 ἡ
1707 3105 1888 3176 πληγὴ
1905 3106 1971 3171 ⁷⁸,

395 3189 465 3259 ἢν
516 3191 811 3257 πατάξειπ
855 3191 1061 3264 Κύριος
1096 3194 1276 3248 πάντα
1317 3195 1388 3249 τά
1433 3195 1595 3266 ἔθνη,
1637 3198 1738 3251 ὅσα
1778 3196 1843 3251 ἂν
1892 3195 1968 3269 μὴ
1996 3219 2036 3277 ο

397 3280 572 3351 ἀναϐῇ
623 3281 717 3336 τοῦ
755 3283 1016 3353 ἑορτάσαι
1061 3283 1161 3356 τὴν
1199 3286 1395 3357 ἑοραὴν
1425 3287 1525 3358 τῆς
1567 3288 1967 3358 Σκηνοπηγίας.

394 3369 546 3443 Αὕτη
568 3372 614 3405 ⁷⁸
645 3372 793 3425 ἔσται
842 3374 875 3443 ἡ
921 3374 1168 3445 ἁμαρτία
1194 3375 1471 3445 Αἰγύπτου
1495 3417 1508 3436 .
1546 3378 1696 3448 καὶὴ
1727 3379 1973 3448 ἁμαρτία

399 3463 615 3518 πάντων
655 3464 762 3517 τῶν
791 3462 982 3531 ἐθνῶν,
1029 3464 1131 3519 ὅσα
1160 3465 1228 3520 ἂν
1266 3466 1341 3538 μὴ
1379 3466 1553 3539 ἀναϐῇ
1586 3467 1679 3521 τοῦ
1714 3469 1970 3539 ἑορτάσαι

394 3552 493 3623 τὴν
532 3554 722 3625 ἑορτὴν
753 3554 850 3626 τῆς
878 3556 1280 3626 Σκηνοπηγίας.
1326 3577 1345 3611 ι
1382 3559 1537 3613 Ὀσοι
1569 3559 1649 3624 δὲ,
1680 3561 1835 3630 φησί,
1861 3560 1971 3616 τῶν

397 3644 565 3697 ἐθνῶν
590 3645 831 3699 εὐσεϐεῖν
851 3646 1265 3718 δοκιμάσαντες,
1292 3644 1411 3703 εἶτα
1434 3650 1974 3725 κατολιγωρήσαντες

395 3727 471 3787 ὧν
508 3730 569 3788 εὖ
600 3735 695 3789 καὶ
723 3736 904 3800 καλῶς
929 3738 1269 3808 προείλαντο,
1307 3739 1380 3811 μὴ
1410 3741 1715 3809 ἀφίκωνται
1744 3744 1887 3797 κατὰ
1909 3744 1972 3797 τὸ

396 3824 516 3887 ἔθος
557 3826 637 3888 εἰς
683 3826 781 3895 τὴν
816 3828 1225 3899 προειρημένην
1266 3832 1614 3903 πανήγυριν,
1649 3833 1823 3886 ταυτά
1852 3834 1974 3887 πεί-

398 3931 578 3969 σονται
606 3919 717 3979 τοίς
741 3917 1199 3987 ἐπιστρατεύσασι
1223 3920 1316 3973 καὶ
1343 3918 1660 3990 δεξαμένοις
1680 3923 1776 3993 τὴν
1800 3940 1977 3994 τιμως

396 4003 536 4074 ρίαν.
570 4004 680 4055 Καὶ
721 3998 865 4057 οὗτοι
892 4004 1003 4076 γὰρ
1025 4044 1040 4068 ,
1081 4008 1250 4075 φησὶν
1276 4044 1293 4071 ,
1327 4025 1351 4061 ι
1390 4008 1624 4073 ἐκείνοις
1666 4010 1970 4081 προστεθή-

396 4109 597 4158 σονται,
643 4093 736 4147 καὶ
758 4094 858 4148 οὐκ
884 4094 1040 4149 ἔσται
1064 4097 1150 4149 ἐπ’
1184 4097 1382 4161 αὐτοὺς
1414 4097 1569 4161 ὐετός
1595 4114 1610 4129 ο
1651 4116 1670 4150 ι
1701 4100 1822 4152 ἀντὶ
1847 4099 1965 4166 τοῦ,

395 4181 806 4252 φιλανθρωπίας
861 4183 1117 4256 οὐδεμιᾶς
1165 4184 1587 4240 ἀπολαύσουσιν.
1632 4186 1758 4240 Εἴτε
1785 4188 1842 4241 δὲ
1874 4189 1971 4240 Αἰ-

394 4271 634 4339 γύπτιοι,
666 4274 775 4327 εἴτε
803 4273 955 4327 ἄλλοι
988 4275 1154 4339 τινὲς,
1184 4275 1553 4345 ἐκπλαγέντες
1576 4275 1679 4346 τὴν
1713 4277 1807 4330 τοῦ
1831 4276 1966 4332 Θεοῦ

391 4360 653 4432 δύναμιν,
698 4364 1122 4435 καταμελήσωσι
1148 4365 1354 4436 ταύτης
1384 4365 1485 4435 τῆς
1515 4366 1709 4437 ἑορτῆς
1732 4406 1748 4430 ,
1782 4368 1879 4421 καὶ
1906 4368 1969 4422 τδ

393 4454 667 4523 προσῆκον
698 4458 756 4507 ἐν
783 4455 921 4527 αὐτῇ
952 4455 1031 4527 τῷ
1058 4454 1176 4530 Θιῷ
1212 4457 1286 4529 μὴ
1330 4456 1738 4529 προσενέγκωσι
1776 4458 1961 4524 σέδαςο

2157 1562 2651 1633 1666Vtztts.16.
2678 1581 2697 1612 ι
2719 1561 2783 1615 Ει
2800 1564 3254 1633 erit,quicunque
3273 1565 3519 1622 derelieti
3552 1570 3668 1625 l'ue-

2081 1660 2192 1710 rint
2216 1656 2282 1710 de
2302 1656 2514 1709 cunctis
2534 1655 2785 1723 gentibus
2815 1670 2936 1723 qua:
2959 1665 3227 1710 venerunt
3253 1666 3446 1712 contra
3478 1660 3669 1717 Hiero-

2085 1746 2375 1813 solymam,
2412 1744 2713 1797 ascendent
2744 1758 2839 1812 per
2868 1758 3044 1797 annos
3071 1745 3338 1814 singulos,
3364 1755 3420 1801 ut
3441 1750 3669 1806 adorent

2085 1850 2264 1906 regem
2312 1834 2599 1888 Dominum
2645 1835 3098 1904 omnipotentem,
3159 1846 3213 1891 et
3261 1839 3539 1895 celebrent
3584 1841 3666 1897 fe-

2082 1925 2744 1981 stumtabernaculornm.
2779 1943 2798 1977 ι
2826 1924 2940 1981 liae
2977 1936 3179 1991 autem,
3209 1927 3405 1999 inquit,
3437 1931 3664 1987 victoria

2081 2022 2357 2086 reportata
2390 2023 2577 2071 tantus
2628 2025 2807 2072 metus
2856 2016 3136 2087 injicietnr
3187 2019 3415 2087 reliquis
3462 2025 3666 2078 exteris

2080 2108 2355 2175 gentibus,
2382 2117 2443 2161 ut
2471 2108 2768 2177 quotannis
2798 2105 3232 2179 Hierosolymam
3267 2119 3581 2175 accurrant.
3611 2122 3669 2169 et

2081 2195 2312 2250 Domino
2377 2197 2757 2251 universorum
2802 2197 3058 2252 honorem
3094 2198 3365 2264 deferant,
3411 2211 3464 2257 et
3502 2203 3662 2258 simul

2078 2302 2203 2340 cum
2276 2291 2477 2357 populo
2529 2289 2848 2343 celebrent‘
2904 2289 3102 2344 festum
3146 2290 3663 2357 tabernaculorum;

2078 2392 2203 2431 nam
2236 2378 2302 2432 ad
2337 2379 2653 2450 peregrinas
2677 2379 3043 2449 profectiones
3083 2381 3246 2449 hujus
3287 2382 3411 2438 festi
3446 2389 3664 2454 tempus

2077 2474 2192 2521 erat
2225 2466 2507 2531 idoneum,
2531 2483 2657 2522 cum
2700 2476 2848 2523 esset
2870 2477 3085 2539 tempus
3107 2471 3381 2527 aestivum.

2147 2643 2311 2699 Vens.
2359 2643 2543 2699 l7-l9.
2582 2662 2600 2695 ι
2635 2642 2699 2697 Ει
2729 2643 2857 2706 erit,
2915 2644 3008 2715 qui
3043 2659 3151 2699 non
3196 2645 3542 2701 ascenderint
3596 2648 3664 2702 de

2076 2733 2302 2789 familiis
2362 2744 2521 2788 terra:
2582 2732 3045 2805 Hierosolymam,
3106 2743 3165 2789 ut
3200 2734 3428 2791 adorent
3478 2752 3659 2808 regem

2074 2825 2366 2881 Dominum
2391 2820 2845 2893 omnipotentem;
2876 2833 2927 2878 et
2959 2824 3049 2878 isti
3079 2824 3187 2880 illis
3214 2832 3577 2895 apponentur,
3607 2834 3663 2881 et

2076 2932 2184 2971 non
2212 2916 2317 2971 erit
2352 2930 2520 2986 super
2553 2930 2649 2971 eos
2677 2915 2869 2969 imber.
2918 2912 3012 2968 Sin
3044 2922 3225 2970 autem
3271 2916 3446 2972 tribus
3494 2914 3663 2988 Egy-

2074 3008 2152 3078 pti
2202 3022 2314 3062 non
2369 3004 2700 3069 ascenderit,
2754 3018 2856 3059 nec
2909 3004 3121 3059 venerit
3174 3005 3335 3069 illuc,
3391 3013 3447 3060 et
3498 3020 3665 3076 super

2073 3113 2170 3152 eos
2198 3097 2305 3152 erit
2333 3096 2512 3158 ruina,
2550 3109 2658 3165 qua
2698 3095 2985 3164 'percutiet
3027 3094 3290 3151 Dominus
3308 3111 3500 3151 omnes
3529 3112 3662 3166 gen-

2073 3194 2176 3251 tes,
2195 3202 2317 3257 qua
2336 3201 2447 3242 non
2466 3185 2834 3251 ascenderint,
2857 3194 2917 3239 ut
2948 3185 3229 3241 celebrent
3255 3185 3659 3242 solemnitatem

2075 3276 2597 3333 Tabernaculornm.
2620 3274 2736 3331 Hoc
2759 3275 2866 3331 erit
2890 3284 3172 3344 peccatum
3191 3274 3433 3347 Egypti,
3455 3284 3511 3331 et
3535 3292 3664 3347 pec-

2072 3376 2251 3421 catum
2276 3368 2519 3421 omnium
2538 3366 2778 3435 gentium
2801 3380 2922 3435 qua:
2941 3379 3051 3420 non
3068 3365 3417 3421 ascenderint
3433 3373 3493 3420 ut
3515 3368 3662 3423 cele-

2071 3455 2231 3512 brent
2263 3454 2462 3511 festum
2484 3453 2989 3510 Tabernaculorum
3036 3491 3052 3508 .
3090 3471 3110 3506 ι
3136 3451 3414 3524 Quotquot
3454 3460 3661 3525 autem,

2083 3545 2281 3617 inquit,
2309 3561 2373 3601 ex
2399 3545 2655 3617 gentibus
2679 3545 2934 3614 pietatem
2963 3542 3200 3614 professi
3235 3542 3465 3611 fuerint,
3508 3548 3664 3604 dein-

2072 3636 2141 3692 de
2170 3635 2397 3706 abjectis
2418 3635 2504 3691 bis
2526 3650 2648 3706 quae
2674 3634 2813 3690 bene
2847 3640 2902 3690 et
2939 3632 3166 3692 honeste
3185 3637 3532 3704 inchoarant,
3553 3655 3662 3695 non

2073 3727 2321 3783 venerint
2347 3726 2414 3783 de
2451 3740 2605 3782 more
2634 3724 2702 3781 ad
2729 3726 3103 3797 supradictum
3169 3728 3380 3800 1667
3434 3728 3659 3791 festtun,

2071 3819 2261 3875 eadem
2310 3817 2589 3888 patientur
2637 3832 2704 3871 ac
2764 3818 2839 3872 illi
2880 3818 2975 3889 qui
3033 3819 3234 3875 bellum
3280 3819 3583 3875 intulerunt
3607 3829 3662 3874 et

2072 3923 2266 3978 pmnas
2306 3908 2595 3963 dederunt.
2631 3906 2697 3962 lli
2727 3907 2896 3970 enim,
2944 3908 3042 3972 ait,
3076 3909 3240 3963 etiam
3277 3926 3297 3960 ι
3323 3909 3434 3965 illis
3487 3925 3659 3981 appo-

2072 4009 2275 4053 nentur
2302 4014 2318 4052 :
2342 4005 2395 4053 et
2428 4013 2541 4053 non
2567 3998 2673 4053 erit
2699 4013 2866 4069 super
2900 4012 2998 4053 eos
3056 3998 3233 4053 imber
3272 4017 3287 4066 ;
3319 4018 3339 4051 ι
3391 4001 3496 4056 hoc
3540 4011 3651 4067 est,

2072 4084 2277 4139 nullam
2337 4083 2771 4140 misericordiam
2838 4094 3224 4154 assequentur.
3292 4084 3420 4144 Sive
3474 4097 3653 4144 autem

2072 4173 2337 4245 Egyptii,
2358 4174 2476 4229 sive
2501 4174 2593 4228 alii
2623 4174 2979 4244 quidam,qui
3012 4174 3101 4231 Dei
3128 4183 3453 4247 potestatem
3481 4178 3656 4233 admi-

2070 4265 2174 4319 rati
2207 4267 2499 4331 sunt,-hoc
2538 4263 2738 4320 festum
2781 4265 3141 4335 neglexerint,
3199 4273 3254 4321 et
3303 4266 3545 4322 debitum
3595 4270 3651 4323 in

2069 4371 2137 4412 eo
2170 4356 2377 4410 cultum
2414 4354 2524 4411 Deo
2582 4368 2691 4410 non
2749 4354 3057 4419 attulerint,
3119 4371 3278 4423 super
3316 4372 3404 4411 eos
3451 4373 3652 4428 quoque

2070 4447 2269 4519 inquit,
2290 4448 2396 4503 erit
2420 4448 2597 4509 ruina,
2619 4445 2750 4517 quia
2770 4446 3011 4519 graviter
3032 4447 3354 4518 delinquunt
3376 4448 3495 4519 qui,
3525 4463 3649 4504 cum

392 4547 490 4600 καί
508 4546 600 4600 ἐπ’
616 4547 841 4614 αὐτοῖς,
857 4549 1021 4619 φησὶν
1034 4550 1208 4604 ἔσται
1225 4552 1264 4619 ἠ
1286 4550 1531 4615 πτῶσιςε
1555 4551 1741 4621 ἐπειδὴ
1763 4551 1972 4621 χαλεπά

2081 4538 2351 4592 idolorum
2410 4552 2636 4593 suorum
2689 4536 3062 4592 inﬁrmitatem
3116 4537 3481 4607 perceperint,
3543 4538 3652 4607 ple.

392 4635 770 4706 πλημμελοῦσι
793 4676 808 4701 ,
873 4638 1252 4708 μεμαθηκότες
1309 4639 1409 4708 μὲν
1454 4638 1553 4711 τὴν
1602 4638 1711 4692 τῶν
1756 4639 1970 4693 οἰκείων

392 4726 625 4780 εἰδώλων
682 4726 964 4781 ἀσθένειαν
989 4769 1005 4794 ,
1062 4729 1358 4801 προφανῶς
1401 4728 1459 4783 δὲ
1502 4729 1827 4799 θεασάμενοι
1873 4729 1969 4784 τοῦ

391 4818 528 4872 Θεοῦ
583 4818 682 4890 τὴν
730 4818 905 4890 ἰσχὺν,
952 4820 1049 4875 καὶ
1094 4823 1164 4894 τῇ
1202 4821 1446 4894 προτέρᾳ
1496 4820 1745 4893 ῥᾳθυμίᾳ
1793 4836 1968 4893 προσ-

393 4909 665 4982 μένοντες.

465 5008 534 5064 κ’,
565 5009 670 5055 κα’.
713 5020 733 5055 ι
778 5003 955 5075 Ἐντῇ
980 5001 1167 5074 ἡμέρᾳ
1215 5003 1401 5075 ἐκείνῃ
1429 5001 1587 5057 ἔσται
1630 5000 1692 5056 τὸ
1732 5000 1827 5055 ἐπὶ
1874 4999 1967 5055 τὸν

389 5090 602 5163 χαλινὸν
633 5091 679 5123 ⁷⁷
714 5091 807 5145 τοῦ
842 5092 1012 5146 ἵππου
1043 5091 1197 5162 ἅγιον
1230 5092 1422 5164 Κυρίῳ
1459 5092 1505 5123 ⁷⁸
1538 5090 1952 5162 ειταντοιιράτορι¹

388 5178 484 5234 καὶ⁵
509 5178 720 5234 ἔσονται
745 5181 793 5234 οἰ
826 5179 1051 5251 λέϐητες
1082 5181 1141 5235 ἐν
1177 5180 1254 5253 τῷ
1285 5181 1419 5252 dum
1457 5180 1689 5254 Κυρίου,
1717 5180 1793 5244 ὡς
1834 5181 1964 5251 φιά-

388 5268 477 5325 λαι
498 5269 604 5342 πρὸ
639 5267 933 5343 προσώπου
956 5268 1051 5324 τοῦ
1083 5269 1493 5341 θυσιαστηρίου.
1528 5269 1639 5325 Καὶ
1674 5268 1827 5324 ἔσται
1857 5272 1968 5337 πᾶς

2073 4628 2302 4683 nissime
2331 4642 2460 4683 vero
2490 4627 2587 4683 Dei
2634 4627 2808 4682 robur
2837 4626 3105 4693 viderint,
3136 4625 3317 4683 adhuc
3370 4627 3425 4682 in
3474 4627 3650 4697 priori

2072 4717 2271 4775 inertia
2302 4724 2549 4776 errantes
2593 4724 2936 4788 permanent.

2142 4996 2311 5053 Vens.
2338 4995 2434 5061 2t),
2458 4995 2551 5053 2t.
2586 5012 2607 5047 ι
2629 4993 2725 5051 Die
2753 4994 2848 5050 illo
2884 4993 2992 5050 erit
3019 4993 3166 5065 quod
3200 5009 3371 5065 super
3425 4995 3642 5053 frenum

2069 5090 2195 5160 equi
2228 5095 2313 5145 est
2362 5095 2616 5145 sanctum
2664 5083 2899 5145 Domino
2931 5086 3292 5156 omnipotenti
3328 5103 3343 5140 :
3389 5093 3445 5140 et
3481 5096 3646 5143 erum

2069 5180 2276 5236 lebetes
2306 5177 2485 5247 quiin
2507 5176 2670 5232 domo
2696 5173 2916 5231 Domini
2942 5183 3096 5239 sunt,
3127 5174 3275 5231 sicut
3298 5175 3494 5246 phiala:
3516 5184 3645 5233 ante

2073 5269 2271 5325 faciem
2298 5267 2510 5325 altaris.
2542 5265 2609 5322 Et
2636 5266 2749 5322 erit
2782 5266 2969 5323 omnis
2998 5266 3149 5326 lebes
3178 5266 3234 5324 in
3265 5267 3643 5340 Hierosolyma

1689 5446 1780 5505 VA
1789 5447 1925 5505 lile
1958 5448 2363 5517 LECTIONES.

474 5604 524 5683 1'
544 5606 659 5683 ἐν.-
672 5602 880 5683 Βθβζιῑιι
1000 5671 1016 5683 ⁸
1078 5603 1125 5683 ’ξ
1152 5564 1664 5683 ΑἈπροσκυνῆσαιιΔ
1698 5671 1712 5683 ι
1741 5601 1791 5633 ⁸⁷
1892 5602 2169 5683 ἑορτάσαι.
2266 5605 2423 5683 ξ’ᾼόσ.
2452 5606 2498 5659 A
2522 5605 2684 5683 _addit
2703 5605 2819 5683 ἐάν.
2881 5606 2953 5683 ,⁸³
2976 5593 3063 5683 εἰς
3102 5604 3228 5683 ’[ερ.
3264 5602 3342 5660 Ex
3360 5606 3419 5683 Α
3444 5606 3633 5683 suppl.

386 5673 436 5707 "
472 5673 515 5729 ϐ
541 5676 675 5729 ἐκεῖ.

387 5743 622 5816 asscita.

388 5812 456 5867 17
478 5811 685 5884 ιυε.”τῷ
714 5811 936 5892 χαλινῷ.

781 5673 829 5706 ’ί
867 5672 965 5726 καὶ
993 5671 1166 5735 ύετός.
1196 5671 1316 5726 Des.
1357 5673 1411 5727 in
1442 5672 1505 5725 A.

699 5744 745 5776 ⁷⁸
774 5741 930 5799 Vers.
968 5742 1032 5797 l9
1064 5742 1117 5797 in
1150 5743 1193 5795 Α
1231 5741 1474 5799 omissus
1501 5748 1608 5805 est,
1639 5740 1711 5794 ob
1726 5742 1887 5811 ἁμοιο

714 5811 936 5883 χαλινῷ.
1036 5812 1081 5845 ⁷⁸
1106 5809 1316 5883 Κυρίῳ.
1357 5814 1396 5866 A
1428 5819 1481 5867 et
1508 5810 1547 5866 (Σ
1584 5825 1767 5881 ῃταῖιιι.
1789 5810 1887 5882 τῷ.

1619 5671 1777 5724 "sic.
1835 5671 1967 5726 Des.
2003 5673 2056 5727 in
2110 5675 2171 5729 C.

1832 5740 2147 5815 εοτέλευτον,
2181 5744 2494 5803 utvidetur.
2568 5746 2614 5780 "
2648 5746 2816 5815 Infra,
2873 5754 2915 5802 t.
2947 5745 3036 5814 Ill,
3098 5745 3406 5814 Hist.eccl.,
3471 5740 3633 5799 Ι.”.ο.

2275 5674 2329 5707 η
2354 5676 2402 5728 Α
2443 5674 2658 5731 τούτου.
2773 5676 2823 5709 ⁷⁸
2839 5676 2929 5730 πλ.
2962 5677 3006 5729 Α
3036 5674 3269 5738 πτῶσις·
3360 5676 3411 5708 ’⁵
3436 5676 3478 5731 c
3506 5674 3639 5738 ἧίᾶν
