4090 6416
408 463 536 526 1.359

1378 445 1861 508 TllEODORETl
1895 441 2228 504 EPISCOPI
2259 437 2619 499 CYRENSIS

3513 423 3646 488 1950

409 587 455 628 cl
486 570 538 621 in
577 565 716 621 Juda
762 565 1012 620 sanctus
1047 561 1274 615 Domino
1311 559 1673 628 omnipotenti
1727 577 1739 610 :
1777 566 1830 611 ct
1881 573 1972 610 ve-

2081 551 2238 622 λέϐης
2271 553 2328 604 ἐν
2371 545 2726 619 Ἰερουσαλὴμ
2761 541 2852 598 καὶ
2896 542 2951 594 ἐν
2998 539 3075 610 τῷ
3117 535 3288 606 Ἰούδᾳ
3318 535 3466 602 ἅγιος
3494 537 3539 566 ⁷⁸
3569 534 3646 603 τῷ

409 660 562 714 nient
589 673 780 711 omnes
812 657 902 723 qui
929 654 1230 712 immolant,
1251 663 1304 705 ct
1329 659 1545 705 sument
1566 667 1628 704 ex
1675 650 1773 709 eis,
1803 657 1856 701 et
1885 662 1980 701 co-

407 759 574 819 quent
594 752 646 802 in
663 749 793 801 illis.
821 767 836 797 ι
857 746 1087 800 lnlinitis
1102 745 1246 799 cnim
1262 744 1514 814 gentibus
1533 743 1638 796 illis
1653 741 1976 804 interfectis,

409 854 663 911 tauquam
683 840 923 894 decimas
953 839 1241 906 quasdam,
1272 838 1502 906 plurima
1543 853 1605 890 ex
1647 835 1839 904 spoliis
1871 833 1981 887 Deo

407 935 741 987 obtulerunt.
767 930 978 984 Etenim
1016 929 1166 985 frena
1195 929 1517 982 dedicarunt
1540 928 1980 996 gratiasagentes

409 1026 477 1077 ob
501 1035 736 1092 stragem
761 1037 1026 1090 equorum
1051 1041 1062 1074 :
1088 1028 1142 1076 et
1162 1021 1361 1074 lebetes
1381 1035 1545 1088 ("tam
1589 1019 1854 1088 plurimos
1885 1032 1974 1072 ve-

412 1115 485 1167 lut
505 1113 718 1182 phialas
747 1111 1009 1180 quasdam
1028 1123 1152 1164 ante
1179 1112 1349 1164 altare
1381 1118 1700 1176 posuerunt,
1745 1109 1811 1162 ad
1849 1123 1981 1161 usus

407 1219 596 1256 eorum
626 1202 715 1272 qui
749 1202 987 1271 undique
1011 1216 1078 1255 eo
1124 1200 1616 1270 proﬁciscebantur
1642 1206 1694 1252 et
1732 1197 1980 1252 victimas

407 1293 728 1350 oll‘ercbant.
775 1292 1100 1361 Quicunque
1130 1293 1276 1346 enim
1312 1292 1524 1362 egebat,
1578 1305 1744 1344 unum
1788 1305 1852 1343 ex
1896 1289 1981 1344 his

409 1381 674 1442 sumebat,
699 1379 763 1433 ad
786 1380 1102 1449 coquendas
1127 1395 1322 1433 carnes
1348 1380 1714 1431 victimarum.
1741 1377 1980 1431 Lucente

408 1479 588 1525 autem
603 1486 668 1524 eo
691 1480 930 1538 tempore
955 1471 1138 1524 divino
1161 1470 1444 1533 beuellcio,
1468 1470 1684 1539 1668
1704 1489 1720 1518 ι
1747 1467 1860 1521 Non
1877 1467 1981 1522 erit

408 1561 644 1627 amplius
663 1559 1005 1612 Cltanauzcus
1027 1560 1078 1611 in
1103 1559 1264 1611 domo
1296 1557 1506 1608 Domini
1533 1557 1939 1624 omnipotentis.
1957 1573 1974 1604 ι

412 1647 524 1702 Hoc
555 1657 656 1712 est,
691 1650 780 1716 qui
834 1657 1015 1717 partes
1059 1648 1490 1701 Cltauauasorum
1551 1655 1814 1714 sequatur
1843 1665 1857 1712 ;
1886 1646 1980 1714 qui

409 1739 572 1808 impie
601 1739 767 1800 vivat,
826 1747 879 1792 et
909 1738 960 1790 in
994 1742 1010 1758 ‘
1044 1739 1335 1807 iniquitate
1391 1747 1658 1792 versetur.
1717 1737 1980 1792 Dominus

409 1827 756 1895 omnipotens
815 1834 996 1880 autem
1051 1827 1192 1880 hanc
1250 1842 1436 1881 vocem
1475 1843 1654 1880 veram
1705 1842 1828 1881 esse
1879 1827 1980 1880 hoc

2082 643 2270 712 Κυρίῳ
2314 637 2736 708 παντοκράτορι,
2766 634 2858 688 καὶ¹
2890 631 3079 702 ἥξουσι
3122 629 3324 690 πάντες
3371 627 3419 678 οἱ
3465 625 3641 678 θυσιά-

2083 737 2282 797 ζοντες,
2339 730 2432 783 καὶ
2466 728 2725 798 λήψονται
2779 723 2838 788 ἐξ
2864 722 3062 785 αὐτῶν,
3104 721 3198 774 καὶ
3242 717 3534 784 ἐφήσουσιν
3594 716 3651 766 ὲν

2081 823 2283 885 αὐτοῖς.
2328 839 2346 872 ›
2397 818 2517 871 Τῶν
2573 817 2680 886 γὰρ
2729 815 2940 886 μυρίων
2998 811 3219 864 ἐκείνων
3259 804 3651 876 ἀναιρεθέντων

2081 912 2270 977 ἐθνῶν,
2303 905 2414 964 οἷον
2443 907 2726 979 ἀκροθίνια
2760 903 3092 975 προσέφερον
3123 899 3202 968 τῷ
3233 896 3350 966 Θεῷ
3371 895 3475 947 τῶν
3520 893 3651 945 σκύ-

2081 1002 2187 1054 λων
2216 1002 2287 1055 τά
2319 999 2566 1052 πλεῖστα.
2605 996 2712 1048 Καὶ
2757 993 3008 1064 χαλινοὺς
3045 991 3154 1059 γὰρ
3179 987 3470 1055 ἀνέθηκαν,
3495 982 3654 1053 χάριν

2081 1092 2467 1164 ὁμολογοῦντες
2499 1089 2640 1151 ὑπὲρ
2661 1087 2757 1156 τῆς
2785 1085 2892 1137 τῶν
2932 1085 3113 1136 ἵππων
3158 1079 3370 1148 σφαγῆς
3390 1093 3403 1106 ·
3439 1075 3534 1164 καὶ
3567 1073 3649 1164 λέῖ

2083 1188 2250 1255 (ητας
2279 1183 2333 1236 δὲ
2361 1183 2442 1234 ὅτι
2484 1179 2788 1239 πλείστους,
2823 1171 2934 1227 οἶόν
2980 1188 3130 1232 τινας
3183 1169 3379 1252 φιάλας
3415 1163 3521 1237 πρὸ
3554 1161 3648 1216 τοῦ

2081 1274 2466 1344 θυσιαστηρίου
2509 1269 2835 1331 τεθείκασιν,
2862 1263 3056 1328 εἰς’τάς
3085 1262 3272 1334 χρείας
3303 1259 3410 1313 τῶν
3438 1273 3650 1310 παντα-

2079 1367 2234 1437 χόθεν
2269 1362 2702 1433 ἀφικνουμένων,
2727 1360 2822 1411 καὶ¹
2864 1354 3278 1424 προσφερόντων
3307 1351 3375 1403 τὰ
3409 1348 3647 1418 θύματα.

2083 1459 2198 1520 Πᾶς
2233 1455 2341 1522 γὰρ
2392 1453 2641 1522 δεόμενος
2691 1451 2786 1502 ἕνα
2813 1446 3014 1500 τούτων
3047 1443 3341 1513 λαμὸἀνων
3387 1439 3514 1509 ἦψει
3543 1437 3651 1490 τῶν

2084 1549 2275 1620 ἱερέων
2332 1545 2402 1598 τά
2450 1543 2609 1614 κρέα.
2646 1541 2778 1596 Κατ’
2810 1543 3015 1592 ἐκεῖνον
3072 1537 3129 1589 δὲ
3177 1535 3267 1586 τὸν
3308 1533 3498 1602 καιρὸν
3556 1530 3657 1598 τῆς

2085 1639 2236 1700 θείας
2293 1634 2610 1706 εὐεργεσίας
2669 1630 3008 1701 λαμπούσης,
3053 1646 3070 1678 ι
3120 1627 3234 1678 Οὐκ
3279 1623 3430 1676 ἔσται
3475 1623 3658 1674 Χανα-

2081 1734 2227 1792 ναῖος
2255 1730 2310 1780 ἐν
2333 1727 2408 1797 τῷ
2440 1727 2572 1796 οἴκῳ
2594 1724 2798 1794 Κυρίου
2829 1719 3288 1790 παντοκράτορος.
3320 1734 3339 1766 ι
3375 1712 3656 1776 Τουτέστι,

2081 1821 2148 1874 τὰ
2189 1818 2503 1872 Χαναναίων
2539 1814 2772 1888 φρονῶν,
2805 1810 3028 1880 ἀσεϐείᾳ
3086 1806 3284 1871 συζῶν,
3340 1802 3658 1876 παρανομίᾳ

409 1917 577 1971 etiam
621 1925 863 1987 tempore
895 1925 1131 1984 praestet,
1162 1925 1229 1970 ut
1268 1933 1428 1971 nemo
1479 1917 1532 1970 iu
1563 1917 1721 1971 nobis
1760 1917 1977 1970 Chana-

2081 1916 2382 1984 χρώμενος.
2429 1909 2704 1978 Παράσχοι
2766 1905 2824 1958 δὲ
2874 1903 2982 1956 τῶν
3029 1901 3165 1954 ὅλων
3207 1899 3234 1950 ὁ
3266 1898 3470 1966 Κύριος
3499 1895 3657 1966 τήνδε

411 2019 562 2057 ιιωιιε
598 2002 848 2057 videatur
882 2022 894 2057 :
929 2004 1022 2057 scd
1055 2019 1246 2057 omnes
1297 2003 1596 2057 secundum
1641 2004 1784 2072 leges
1815 2018 1974 2056 cvan-

2081 2006 2177 2072 τὴν
2229 2001 2409 2072 φωνὴν
2465 1997 2836 2068 ἐπαληθεῦσαι
2895 1993 2991 2047 καὶ
3024 1992 3137 2056 νῦν,
3190 1991 3285 2043 καὶ
3345 1988 3550 2058 μηδένα
3595 1987 3654 2038 ὲν

411 2092 616 2159 gelicas
668 2092 949 2152 vivamus,
1007 2100 1061 2143 et
1127 2091 1340 2145 beatam
1392 2107 1541 2160 Spetll
1599 2100 1979 2159 exspectemus

2081 2098 2208 2168 ἡμῖν
2239 2094 2538 2147 Χαναναῖον
2586 2089 2837 2159 ὀφθῆναι,
2888 2084 3024 2139 ἀλλά
3079 2082 3286 2143 πάντας
3338 2079 3482 2134 κατά
3531 2078 3660 2140 τοὺς

410 2177 814 2246 adventumque
851 2179 1033 2248 magni
1065 2179 1154 2233 Dei
1197 2189 1250 2234 et
1277 2180 1579 2234 Salvatoris
1627 2181 1800 2234 nostri
1853 2179 1979 2234 Jesu

2081 2181 2463 2252 εὐαγγελικοῦς
2525 2176 2903 2232 πολιτεύεσθαι
2937 2175 3154 2243 νόμους,
3189 2172 3282 2223 καὶ
3330 2169 3427 2239 τὴν
3481 2185 3660 2238 μακα-

409 2268 640 2333 Christi,
667 2284 900 2338 quocum
928 2269 1073 2323 Patri
1109 2270 1304 2339 gloria,
1345 2285 1451 2323 una
1483 2285 1606 2323 cum
1641 2277 1832 2324 sancto
1865 2268 1979 2338 Spi-

2083 2271 2202 2341 ρίαν
2227 2267 2543 2339 περιμένειν
2572 2266 2782 2324 ἐλπίδα,
2814 2263 2908 2316 καὶ⁵
2942 2262 3040 2332 τὴν
3085 2259 3407 2328 ἐπιφάνειαν
3441 2259 3534 2310 τοῦ
3562 2273 3661 2327 μισ

411 2360 542 2425 ritu,
599 2375 746 2416 nunc
804 2369 859 2415 et
914 2376 1152 2431 semper,
1187 2362 1332 2417 etin
1388 2363 1586 2418 saecula
1637 2361 1979 2416 saeculorum.

2081 2357 2246 2423 γάλου
2288 2355 2423 2407 Θεοῦ
2469 2355 2560 2407 καὶ
2582 2353 2832 2422 Σωτῆρος
2860 2350 3014 2420 ἡμῶν
3057 2348 3228 2418 Ἰησοῦ
3253 2345 3510 2418 Χριστοῦ,
3540 2346 3660 2416 μεθ’

411 2454 602 2507 Amen.
2087 2441 2149 2499 οῦ
2175 2445 2251 2516 τῷ
2270 2445 2502 2515 Πατρὶή
2534 2443 2680 2507 δόξα,
2711 2443 2804 2494 σὺν
2827 2440 2903 2510 τῷ
2932 2440 3071 2509 ἁγίῳ
3106 2437 3403 2507 Πνεῦματι,
3433 2437 3528 2492 νῦν
3566 2442 3662 2493 καὶ

2087 2539 2198 2603 ἀεὶ,
2224 2538 2320 2590 καὶ
2349 2538 2428 2601 είς
2461 2536 2588 2600 τοὺς
2617 2533 2816 2596 αἰῶνας
2840 2531 2946 2585 τῶν
2972 2529 3202 2584 αἰώνων.
3238 2527 3428 2599 Ἀμήν.

1679 2717 1719 2770 ν
1733 2711 1921 2767 ARUE
1965 2710 2366 2768 LECTIONES.

482 2827 530 2860 τ’
567 2826 610 2880 Α
640 2826 814 2894 ἅγιον.

429 3010 3634 3044 W

751 3199 1098 3332 ΤΟΥ
1198 3195 2080 3334 ΜΑΚΑΡΙΟΥ
2159 3197 3319 3335 ΘΕΟΔΩΡΗΤΟΥ

1716 3430 2115 3484 ΕΠΙΣΚΟΠΟΥ
2142 3429 2380 3482 ΚΥΡΟΥ

831 3592 1394 3679 EPMHNEIA
1466 3590 1637 3675 ΕΙΣ
1708 3592 1926 3677 ΤΟΝ
2007 3593 2631 3680 ΠΡῡΦΗΤΗΝ
2661 3591 3270 3682 ΜΑΛΑΧΙΑΝο

1089 3963 1663 4131 ΒΕΑΤΙ
1761 3980 3015 4138 THEODORETI

1700 4241 2005 4300 EPISCOPI
2076 4246 2418 4302 CYRENSIS
2501 4229 2504 4231 ’

815 4430 1801 4528 INTERPRETATIO
1865 4437 2510 4528 MALACHI/E
2582 4437 3305 4531 ΡΒΟΡΗΕΤλἘ.

846 4827 1061 4900 1069
1108 4827 1617 4884 ARGUMENTUM.
2043 4836 2086 4892 C
2723 4832 3078 4887 ΥΠΟΘΕΣΙΣ.

515 4918 690 4976 Moses
726 4935 954 4992 magnus
1002 4921 1299 4990 legislator,
1332 4920 1544 4990 primus
1587 4920 1803 4990 quidem
1833 4923 2016 4978 divina
2191 4924 2398 4994 Μωσῆς
2453 4925 2552 4993 μὲν
2584 4926 2613 4975 ο
2649 4922 2822 4992 μέγας
2870 4924 2897 4974 ό
2943 4919 3258 4991 νομοθέτης,
3295 4920 3510 4990 πρῶτος
3568 4919 3700 4990 ἡμῖν

451 5014 664 5079 eloquia
724 5013 882 5068 nobis
931 5013 1247 5081 conscripta
1294 5013 1550 5080 reliquit;
1608 5011 1828 5069 divinus
1887 5030 2017 5070 vero
2125 5017 2455 5086 ἀνάγραπτοι
2482 5015 2551 5067 τὰ
2583 5015 2702 5068 θεῖα
2727 5015 3086 5068 καταλέλοιπε
3113 5013 3300 5081 λόγια·
3339 5015 3367 5066 ό
3413 5012 3469 5065 δὲ
3501 5011 3702 5064 θεσπέ-

453 5105 740 5160 Malachias
766 5114 887 5175 post
911 5121 1119 5172 omnes,
1154 5106 1245 5174 qui
1275 5107 1628 5176 'prophctiam
1674 5109 2019 5178 conscripse-

455 5204 602 5260 runt,
628 5196 810 5250 divina
873 5197 1093 5250 oracula
1154 5197 1375 5267 scriptis
1422 5197 1721 5253 mandavit.
1778 5195 2018 5270 Tempus

453 5295 635 5342 autem
688 5301 798 5341 non
837 5286 1089 5341 similiter
1130 5287 1384 5356 quidem,
1444 5296 1508 5343 ut
1563 5289 1653 5344 alii
1705 5289 2019 5359 prophetae,

453 5377 767 5446 expressit:
797 5392 863 5430 ex
901 5377 990 5432 his
1033 5385 1214 5432 tamen
1260 5370 1381 5447 quae
1439 5380 1847 5449 praenuntiavit,
1909 5380 2023 5450 pla-

458 5482 586 5520 num
618 5464 748 5520 fecit
778 5467 923 5536 quod
956 5473 1080 5536 post
1126 5465 1297 5522 divini
1325 5470 1511 5538 templi
1545 5469 1758 5541 1670
1787 5469 2024 5524 aediﬁca-

458 5559 682 5622 tionem,
713 5567 766 5612 et
798 5558 984 5630 populi
1015 5572 1226 5628 pacem,
1250 5557 1352 5612 hac
1376 5560 1548 5628 gratia
1580 5568 1809 5615 ornatus
1840 5558 2021 5614 fuerit.

457 5649 580 5705 Non
637 5648 784 5702 enim
851 5663 948 5705 eos
1013 5647 1359 5721 negligentiae
1403 5650 1550 5704 circa
1609 5649 2025 5705 aediﬁcationem

2131 5125 2244 5171 σιος
2276 5107 2566 5178 Μαλαχίας
2601 5107 2739 5178 μετά
2771 5109 2999 5170 πάντας,
3042 5107 3170 5170 τοὺς
3204 5106 3540 5177 προφητείαν
3575 5122 3706 5174 συγο

2129 5203 2475 5269 γεγραφότας
2515 5198 2586 5250 τὰ
2620 5197 2740 5250 θεῖα
2764 5197 3112 5265 θεσπίσματα
3143 5197 3434 5265 συγγραφῇ
3470 5195 3708 5266 παραδέ-

2131 5293 2293 5346 δωκε.
2339 5291 2444 5344 Τὸν
2469 5290 2527 5344 δὲ
2553 5291 2766 5362 χρόνον,
2797 5292 2908 5352 τοῖς
2941 5289 3121 5352 ἄλλοις
3155 5287 3575 5360 παραπλησίως,
3603 5286 3708 5342 οὐκ

2134 5385 2387 5454 εἴρηκενο
2430 5381 2665 5452 ἐδήλωσε
2693 5383 2751 5434 δὲ
2793 5381 2860 5434 δι’
2892 5374 2966 5434 ὧν
2997 5381 3423 5452 προεφήτευσεν,
3453 5383 3529 5441 ὡς
3564 5379 3708 5449 μετά

2132 5476 2231 5545 τὴν
2279 5472 2590 5540 οίκοδομίαν
2637 5471 2732 5526 τοῦ
2766 5472 2911 5526 θείου
2953 5472 3104 5537 ναοῦ,
3139 5472 3234 5526 καὶ
3286 5469 3380 5525 τοῦ
3428 5468 3558 5522 λαοῦ
3607 5469 3710 5539 τὴν

2134 5561 2378 5631 εἰρήνην.
2423 5561 2629 5634 ταύτης
2670 5562 2878 5634 ἠξιώθη
2899 5563 3013 5647 ,τῆς
3042 5562 3284 5634 χάριτος.
3320 5561 3396 5614 Οὐ
3429 5560 3710 5631 ρᾳθυμίαν

2135 5650 2245 5720 γὰρ
2274 5652 2457 5714 αυτοῖς
2495 5651 2719 5721 ἐγκαλεῖ
2762 5652 2860 5722 τὴν
2907 5653 3036 5722 περὶ
3067 5652 3166 5726 τὴν
3194 5649 3527 5719 οἰκοδομίαν,
3570 5647 3710 5701 καθ-

459 5740 646 5808 templi
675 5749 929 5807 accusat,
981 5738 1402 5812 quemamodum
1449 5739 1643 5795 beatus
1693 5740 1922 5810 Aggaeus
1977 5750 2030 5796 et
2138 5741 2280 5812 άπερ
2311 5743 2563 5811 Ἀγγαῖος
2601 5744 2695 5798 καὶ
2723 5743 2997 5813 Ζαχαρίας
3023 5744 3072 5794 ot
3097 5740 3375 5812 μακάριοι,
3413 5736 3549 5793 ἀλλά
3580 5738 3714 5793 ἀνα.

461 5829 780 5893 Zacharias:
813 5833 908 5892 sed
938 5832 1120 5889 divina
1171 5830 1434 5889 beneﬁcia
1484 5832 1591 5886 illis
1658 5832 1714 5885 in
1764 5833 2027 5889 memoria
2142 5834 2440 5902 μιμνήσκει
2473 5834 2668 5897 αὐτοὺς
2705 5833 2816 5888 τῶν
2849 5833 3009 5888 θείων
3063 5831 3427 5905 εὐεργεσιῶν·
3487 5827 3712 5899 ἐγκαλεί
