4090 6416
483 404 611 465 1063

1426 398 1907 460 THEODORETI
1940 382 2284 456 'EPISCOPI
2327 396 2686 456 CYRENSIS

3589 352 3725 448 ut.

480 516 621 581 Quin
654 515 815 568 etiam
875 515 1017 569 Esau
1073 515 1318 585 posteri.
1371 516 1628 584 quonimn
1691 515 2052 583 progenitoris

2224 513 2486 579 ἠγάπησα
2526 510 2580 563 δὲ
2620 509 2710 561 τὸν
2754 505 2970 569 Ἰακὼϐ,
3015 525 3030 556 ι
3076 505 3149 568 ὡς
3210 503 3410 574 ἀρετῆς
3463 503 3721 571 ἐραττὴν.

482 621 664 661 mores
701 607 937 660 aemulati
970 613 1118 670 sunt,
1156 608 1172 628 ‘
1219 619 1365 659 cura:
1400 619 1530 657 mete
1564 611 1810 673 expertes
1841 618 2053 657 manse-

480 704 633 751 runt.
666 695 817 751 Unde
847 712 993 752 nunc
1019 697 1178 765 quasi
1213 696 1267 750 in
1291 694 1639 750 solitudinem
1668 694 1870 747 redacti
1904 703 2051 749 sunt.

486 790 595 843 Hoc
626 788 768 842 enim
793 789 1080 859 sequentia
1112 787 1415 844 declarant.

560 1073 577 1105 ι
616 1052 681 1108 Et
720 1054 875 1124 posui
947 1054 1212 1109 terminos
1270 1052 1389 1122 ejus
1447 1053 1499 1105 in
1564 1052 1977 1117 desolationem,
2007 1062 2059 1106 et

485 1143 849 1200 hereditatem
876 1143 994 1213 ejus
1020 1142 1075 1199 in
1105 1142 1271 1198 domo
1297 1144 1517 1199 deserti.
1548 1141 1737 1214 (Vens.
1762 1143 1852 1212 4.)
1884 1141 2062 1209 Quare

484 1236 530 1290 si
556 1235 791 1290 dixerit:
850 1233 1085 1290 Idumam
1132 1235 1413 1290 destructa
1437 1244 1541 1300 est,
1584 1243 1945 1299 revertamur,
2005 1242 2061 1287 et

481 1327 873 1384 readitlcemus
928 1326 1205 1383 desolatas
1256 1324 1419 1395 ejus;
1454 1326 1569 1379 hinc
1614 1326 1747 1380 dicit
1801 1324 2063 1379 Domintts

483 1419 867 1491 omnipotens:
911 1418 1022 1489 Ipsi
1073 1417 1456 1483 aedificabunt,
1510 1426 1564 1471 et
1611 1432 1711 1487 ego
1748 1416 2064 1480 destruam,

485 1516 540 1563 et
582 1510 930 1566 vocabuntur
962 1510 1043 1566 eis
1085 1509 1310 1564 termini
1354 1508 1698 1580 iniquitatis.
1744 1516 1798 1565 et
1834 1508 2066 1578 populus

487 1614 654 1671 super
677 1614 839 1671 quem
870 1600 1207 1655 constitutus
1238 1605 1323 1653 est
1353 1597 1617 1654 Dominus
1640 1613 1815 1669 usque
1843 1600 1896 1653 in
1913 1606 2066 1653 teter-

486 1706 674 1746 num.»
707 1688 764 1745 Si
787 1690 930 1745 enim
955 1703 1086 1746 suas
1111 1689 1274 1745 urbes
1312 1688 1643 1745 remditicare
1664 1690 2066 1759 aggrediantur.

488 1798 641 1852 spem
673 1795 865 1836 eorum
912 1794 1108 1835 vanam
1157 1778 1437 1835 eﬂiciam:
1492 1787 1545 1833 et
1599 1778 1910 1849 iniquitatis
1957 1792 2071 1834 suae

2155 603 2265 655 Καὶ
2304 602 2483 671 μέντοι
2545 600 2638 653 καὶ
2691 598 2752 651 τὸ
2799 598 2956 667 γένος
2997 594 3089 649 τοῦ
3143 593 3336 660 Ἠσαῦ,
3396 590 3580 664 ἐπειδὴ
3630 591 3725 646 τοῦ

2157 694 2499 764 προπάτορος
2572 691 2662 743 τον
2726 690 2926 761 τρόπον
2982 686 3295 758 ἐζήλωσεν,
3354 684 3726 753 ἀμελούμενον

2157 786 2287 854 παρ’
2321 784 2453 855 ἐμοῦ
2482 781 2767 836 διετέλεσε.
2799 779 3000 851 Διόπερ
3040 778 3131 832 καὶ
3180 776 3275 848 τὴν
3314 777 3546 847 ἐρημίαν
3601 774 3731 827 ταύ-

2158 876 2259 947 τὴν
2293 874 2549 946 ὑπέμεινε
2572 890 2583 901 ·
2626 872 2783 925 τοῦτο
2815 869 2920 941 γάρ
2958 869 3047 923 διά
3082 868 3192 922 τῶν
3218 867 3572 937 ἐπειγομένων
3609 865 3731 936 ἐδή-

2159 967 2320 1020 λωσε.

2208 1075 2251 1107 τι
2292 1057 2402 1110 Καὶ
2422 1054 2584 1119 ἔταξα
2608 1052 2674 1107 τά
2694 1055 2817 1125 ὅρια
2838 1052 3001 1107 αὑτοῦ
3036 1051 3114 1115 είς
3146 1049 3475 1119 ἀφανισμὸν,
3513 1049 3606 1102 καὶ
3628 1048 3729 1118 τὴν

2170 1146 2535 1219 κληρονομίαν
2571 1142 2736 1198 αὑτοῦ
2766 1148 2843 1210 είς
2870 1144 3095 1214 δώματα
3148 1143 3378 1214 ἐρήμου.
3430 1139 3537 1210 (δ’.)
3590 1138 3736 1192 Διότι

2163 1238 2259 1292 ἐάν
2296 1235 2427 1308 εἴπῃ
2447 1235 2530 1267 ⁸⁸·
2574 1234 2638 1288 Ἡ
2702 1232 2974 1303 Ἰδουμαία
3021 1231 3452 1300 κατέστραπται,
3492 1228 3585 1282 καὶ
3614 1229 3739 1283 ἐπι·
3792 1297 3811 1307 Δ

2166 1327 2507 1399 στρέψωμεν,
2538 1327 2634 1380 καὶ
2663 1324 3173 1395 ἀνοικοδομήσωμεν
3222 1321 3321 1385 τάς
3364 1319 3739 1392 ἠρημωμένας

2166 1418 2368 1489 αὐτῆς·
2404 1417 2531 1471 τάδε
2559 1417 2706 1486 λέγει
2744 1415 2950 1487 Κύριος
2986 1415 3413 1485 παντοκράτωρ·
3450 1411 3612 1465 Αὑτοὶ
3654 1410 3738 1463 ol-

2167 1509 2528 1580 κοδομήσουσι
2560 1508 2627 1574 ⁸⁸,
2677 1507 2774 1561 καὶ
2805 1505 2917 1575 ἐγὼ
2950 1504 3331 1573 καταστρέφω,
3365 1503 3459 1555 καὶ
3511 1500 3740 1568 ἐπικλη-

2170 1597 2393 1669 θήσεται
2422 1598 2605 1662 αὑτοῖς
2626 1599 2749 1669 ὅρια
2777 1596 3029 1665 ἀνομίας,
3068 1594 3162 1661 κα).
3190 1594 3337 1658 λαδς,
3373 1591 3456 1662 ἐφ’
3479 1588 3536 1645 ὃν
3565 1608 3739 1663 παρα-

2169 1691 2425 1745 τέτακται
2457 1690 2654 1763 Κὺριος
2686 1690 2791 1755 ἕως
2839 1689 3053 1753 αἰῶνος.
3096 1707 3114 1739 ι
3141 1688 3261 1742 Κάν
3316 1685 3423 1758 γάρ
3457 1685 3740 1763 ἐπιχειρὴ-

2175 1803 2307 1839 σωσι
2352 1785 2395 1817 ⁸⁷
2448 1783 2548 1847 τάς
2601 1783 2804 1847 οἰκείας
2854 1782 3205 1852 οἰκοδομῆσαι
3265 1779 3479 1845 πόλεις,
3525 1779 3739 1850 ψευδεῖς

486 1870 702 1929 fructus
727 1871 1077 1927 solitudinem
1114 1870 1432 1940 percipient.
1470 1867 1583 1924 Hoc
1616 1871 1759 1924 enim
1809 1877 1891 1926 est
1918 1870 2061 1939 quod

2179 1876 2346 1929 αὐτῶν
2404 1872 2668 1942 ἀποφανῶ
2728 1872 2827 1935 τάς
2868 1871 3125 1935 ἐλπίδας,
3183 1871 3276 1923 καὶ
3329 1868 3588 1940 λήψονται
3640 1870 3740 1940 τῆς

486 1962 620 2016 dicit
658 1978 671 2016 :
725 1979 745 2013 ι
790 1959 855 2014 Et
886 1959 1229 2015 vocabuntur
1265 1958 1345 2014 eis
1390 1956 1609 2011 termini
1662 1957 1988 2029 iniquitatis.
2037 1977 2054 2011 ι

484 2050 554 2105 Et
590 2052 729 2107 hanc
751 2064 781 2105 a
804 2065 892 2105 me
925 2048 1365 2105 maledictionem
1419 2062 1634 2117 semper
1684 2046 2060 2117 possidebunt.

563 2320 732 2377 Vens.
757 2323 809 2377 5.
834 2339 852 2375 ι
878 2320 941 2376 Ει
964 2321 1107 2377 oculi
1138 2319 1304 2375 vestri
1323 2318 1601 2383 videbunt,
1629 2329 1681 2375 et
1698 2333 1794 2375 vos
1820 2319 2016 2375 dicetis
2051 2340 2064 2375 :

493 2412 869 2484 Maguiﬁcatus
889 2421 973 2468 est
997 2411 1262 2467 Dominus
1288 2426 1453 2481 super
1478 2411 1743 2468 terminos
1772 2410 2012 2469 lsraelis.
2048 2433 2066 2466 ι

492 2502 605 2558 Hoc
632 2517 759 2559 vero
781 2511 1069 2559 cernentes
1114 2501 1461 2573 cognoscetis
1487 2509 1827 2574 quantopere
1855 2498 2068 2575 1673

488 2593 622 2647 mihi
652 2609 797 2648 cura:
826 2593 968 2649 sitis.
1023 2591 1299 2649 Patefacta
1327 2592 1382 2646 in
1414 2592 1567 2646 hunc
1597 2593 1819 2648 modum
1868 2609 1968 2649 sua
2020 2595 2074 2647 in

487 2699 586 2740 eos
643 2683 907 2739 charitate
938 2725 952 2750 ,
1009 2683 1162 2739 valde
1233 2684 1508 2754 ingratum
1571 2698 1759 2739 eorum
1835 2684 2077 2739 animum

495 2774 793 2847 redarguit.
1400 2832 1405 2839 .

567 2863 735 2919 Vsus.
761 2864 815 2919 6.
869 2883 888 2916 ι
933 2863 1110 2920 Filius
1160 2864 1430 2934 gloriﬁcat
1480 2873 1715 2934 patrem,
1775 2874 1829 2919 et
1884 2881 2076 2922 servus

494 2954 778 3010 dominum
814 2970 971 3011 suum
1020 2955 1231 3009 timebit
1272 2972 1286 3008 :
1321 2962 1376 3009 et
1414 2956 1460 3009 si
1493 2965 1647 3025 pater
1678 2970 1778 3025 ego
1810 2970 1951 3020 sum,
1990 2956 2083 3011 ubi

489 3056 577 3102 est
610 3045 783 3117 gloria
809 3044 1040 3100 meaiet
1086 3048 1133 3099 si
1194 3042 1458 3100 Dominus
1498 3060 1618 3101 sum
1682 3061 1802 3116 ego,
1859 3046 1949 3101 ubi
2003 3055 2086 3103 est

497 3138 665 3192 timor
682 3136 973 3193 mei?dicit
1002 3135 1269 3192 Dominus
1292 3137 1655 3207 omnipotens.
1671 3155 1691 3191 ι
1718 3136 1857 3203 Duo,
1885 3138 2084 3209 inquit,

490 3225 721 3282 sﬂ'ectus
752 3225 806 3280 in
836 3223 1093 3280 omnibus
1143 3223 1380 3279 subditis
1440 3223 1813 3287 dominantur,
1852 3223 2077 3280 dilectio
2106 3217 2148 3277 C

491 3318 762 3386 ettimor;
792 3317 889 3377 sed
919 3318 1011 3375 ille
1037 3315 1092 3371 in
1123 3316 1284 3383 ﬁlios,
1319 3317 1409 3371 hic
1448 3316 1503 3371 in
1527 3331 1717 3372 servos
1768 3314 1935 3371 cadit.
1970 3315 2081 3387 Ego

491 3419 674 3466 autem
725 3410 883 3466 vobis
909 3420 1202 3482 utrumque
1255 3424 1454 3464 nomen
1515 3409 1729 3465 tribui:
1767 3424 1877 3463 non
1932 3409 2082 3464 enim

492 3499 657 3555 modo
683 3515 873 3559 servos
898 3501 995 3557 sed
1023 3501 1188 3557 etiam
1214 3499 1356 3557 ﬁlios
1389 3500 1703 3556 nominavi:
1743 3519 1764 3552 ι
1791 3502 1904 3572 Ego
1937 3501 2082 3555 enim

494 3589 645 3645 dixi:
673 3590 758 3646 Dii
784 3592 919 3647 estis
953 3599 1008 3646 et
1037 3591 1130 3645 ﬁlii
1152 3590 1362 3646 Exeelsi
1391 3598 1647 3657 omnes“,
1686 3610 1704 3644 ι
1727 3592 1793 3645 Ει
1819 3609 1833 3644 ;
1863 3610 1881 3643 ι
1916 3591 2084 3645 Filios

495 3680 659 3751 genui
712 3689 770 3734 et
820 3680 1127 3735 exaltavi“.
1188 3697 1208 3731 ι
1252 3679 1409 3734 Etzt
1457 3680 1629 3739 Filius
1688 3683 2084 3752 primogenitus

498 3784 658 3827 meus
687 3767 855 3824 Israel
886 3778 935 3825 P.
964 3788 983 3821 ι
1026 3768 1083 3823 Si
1115 3769 1281 3840 igitur
1305 3770 1540 3825 ﬁliorum
1570 3787 1768 3827 nomen
1798 3772 2082 3837 adamatis,

495 3868 755 3931 prmstate
780 3860 1075 3927 honorem,
1098 3876 1261 3931 quem
1302 3863 1441 3931 patri
1479 3861 1675 3918 offerre
1725 3863 1955 3919 debetis.
1987 3862 2087 3918 Sin

500 3960 684 4007 autem
723 3967 915 4009 servos
960 3968 1060 4008 vos
1120 3969 1244 4009 esse
1290 3955 1658 4019 arbitramini,
1690 3969 1791 4011 cur
1830 3955 2085 4009 timorem

497 4057 660 4125 quem
692 4059 880 4102 servos
915 4045 1114 4103 habere
1141 4046 1415 4113 convenit,
1446 4062 1556 4103 non
1586 4047 1832 4103 habetis?
1856 4062 2086 4117 praeser-

498 4134 600 4191 tim
634 4151 756 4193 cum
787 4134 1062 4208 ejusmodi
1096 4136 1343 4193 habeatis
1381 4136 1691 4204 Dominum,
1721 4140 1813 4209 qui
1841 4141 2086 4195 omnimn

497 4242 683 4285 rerum
718 4228 1021 4285 visibilium
1066 4237 1123 4285 et
1174 4230 1534 4286 invisibilium
1573 4231 1737 4284 simul
1797 4231 2085 4299 imperium

500 4327 669 4377 tenet.
696 4317 974 4377 Hactenus
996 4322 1180 4393 itaque
1199 4322 1253 4375 in
1275 4336 1570 4376 commune
1592 4335 1687 4376 eos
1711 4320 2083 4390 reprehendit:

500 4412 699 4469 deinde
740 4427 871 4469 vero
917 4413 1213 4483 separatim
1261 4413 1671 4468 accusationem
1719 4412 1954 4467 instituit
1988 4430 2001 4479 ;
2035 4419 2089 4467 et

501 4501 683 4573 primo
709 4500 1068 4573 sacerdotum
1112 4500 1314 4557 delicta
1369 4500 1572 4572 arguit,
1599 4498 1727 4569 quia
1781 4498 2085 4568 majoribus

502 4592 945 4651 accusationibus
998 4592 1147 4663 digni
1178 4600 1377 4657 erant,
1422 4592 1518 4661 qui
1575 4600 1686 4645 non
1733 4590 1910 4645 solum
1971 4590 2078 4660 ipsi

503 4690 829 4751 peccarent,
861 4680 956 4738 sed
979 4680 1145 4737 etiam
1196 4680 1266 4737 ad
1309 4678 1648 4749 peccandum
1668 4678 1933 4747 exemplo
1962 4678 2084 4733 aliis

504 4778 714 4828 essent.

579 4969 600 5003 ι
633 4948 747 5007 Vos
780 4949 1118 5014 sacerdotes,
1164 4946 1259 5016 qui
1308 4943 1589 5014 despicitis
1631 4956 1825 4999 nomen
1880 4960 2083 5008 meum,

505 5048 562 5097 et
607 5040 874 5097 dixistis:
920 5040 981 5096 In
1023 5054 1132 5109 quo
1174 5037 1522 5107 despeximus
1572 5048 1772 5090 nomen
1827 5035 2020 5089 tuum?
2059 5054 2077 5085 ι

505 5131 699 5187 Vestra
729 5131 1050 5203 negligentia
1077 5130 1135 5183 in
1183 5126 1617 5183 sacerdotalibus
1647 5124 1837 5181 olliciis
1871 5124 2086 5197 1674

508 5220 781 5292 abiectum
824 5234 933 5287 me,
969 5218 1285 5290 nulliusque
1336 5216 1635 5273 momenti‘
1688 5214 1831 5286 apud
1890 5216 2085 5285 vulgus

579 5409 607 5441 ιι
645 5398 794 5456 Psal.
824 5414 1024 5466 LXXXI,
1062 5397 1117 5452 6.
1197 5406 1222 5433 ο
1259 5397 1364 5455 isa.
1403 5398 1538 5458 1.2.
1615 5407 1642 5445 ιι
1680 5394 1852 5449 Exod.
1888 5409 1959 5461 tv,
1995 5395 2085 5451 22.

2169 1965 2400 2038 ἀνομίας
2452 1966 2550 2036 τὴν
2612 1965 2847 2035 ἐρημίαν
2913 1964 3143 2033 καρπόν.
3205 1960 3374 2014 Τοῦτο
3420 1961 3527 2032 γάρ
3567 1957 3687 2035 εἶπε
3722 1977 3739 1991 ·

2173 2076 2192 2108 ι
2236 2058 2346 2111 Καὶ
2396 2055 2823 2126 ἐπικληθήσεται
2871 2057 3053 2116 αὐτοῖς
3113 2054 3236 2123 ὅρια
3298 2051 3597 2120 ἀνομίας.»
3635 2053 3745 2104 Καὶ

2170 2148 2373 2216 ταύτην
2438 2148 2568 2217 παρ’
2616 2148 2747 2217 ἐμοῦ
2827 2146 2987 2216 μέχρι
3059 2144 3243 2206 τέλους
3308 2142 3566 2213 λήψονται
3650 2141 3745 2209 τὴν

2170 2240 2331 2310 ἀράν.

2245 2335 2305 2381 ε’.
2346 2346 2364 2378 ι
2400 2324 2511 2382 Καὶ
2549 2328 2598 2379 οἱ
2628 2326 2897 2396 ὀφθαλμοὶ
2951 2324 3104 2397 ὑμῶν
3154 2325 3394 2393 όψονται,
3447 2325 3541 2377 καὶ
3589 2325 3747 2395 ὑμεῖς

2175 2420 2385 2491 ἐρεῖτε·
2451 2416 2823 2488 Ἐμεγαλύνθη
2868 2416 3074 2488 Κύριος
3120 2416 3375 2487 ὑπεράνω
3425 2414 3532 2470 τῶν
3583 2416 3749 2488 ὁρίων

2188 2510 2407 2580 Ἰσραήλ
2453 2509 2518 2560 ⁸⁸.
2564 2527 2582 2560 ι
2614 2507 2784 2561 Τοῦτο
2818 2507 2876 2560 δέ
2908 2505 3237 2576 θεασάμενοι
3266 2502 3562 2574 γνώσεσθε,
3617 2505 3749 2573 ὅσης

2179 2602 2334 2672 ὑμεῖς
2362 2599 2659 2654 ἀπολαύετε
2695 2600 2823 2669 παρ’
2846 2596 2979 2667 ἐμοῦ
3004 2595 3537 2669 προμηθείας.οῦτω
3568 2590 3749 2662 δείξας

2184 2689 2249 2760 ἦν
2270 2691 2391 2762 ἔσχε
2420 2691 2547 2761 περὶ
2565 2690 2758 2752 αὐτοὺς
2780 2688 3021 2758 ἀγάπην,
3042 2688 3141 2757 τὴν
3166 2685 3365 2758 πολλὴν
3381 2685 3560 2740 αὐτῶν
3581 2687 3758 2756 ἀγνοο-⁷

2184 2782 2422 2852 μοσύνην
2456 2782 2688 2853 ἐλέγχει.

2253 2876 2326 2935 ς’.
2362 2887 2379 2920 ι
2430 2871 2558 2933 Υἱὸς
2588 2870 2796 2934 δοξάζει
2843 2870 3075 2940 πατέρα,
3110 2869 3203 2921 καὶ
3243 2866 3426 2926 δοῦλος
3449 2870 3538 2921 τὸν
3566 2867 3755 2939 κύριον

2184 2962 2350 3016 αὑτοῦ
2384 2963 2429 2995 ⁸⁹
2462 2961 2831 3032 φοϐηθήσεται
2853 2978 2867 2991 ’
2904 2962 2999 3014 καὶ
3030 2962 3078 3014 εί
3116 2961 3299 3032 πατήρ
3333 2959 3447 3029 είμι
3480 2957 3611 3028 ἐγὼ,
3649 2955 3753 3011 ποῦ

2184 3050 2331 3103 ἐστιν
2358 3052 2389 3121 ἠ
2428 3049 2555 3113 δόξα
2580 3067 2705 3118 μους
2728 3048 2825 3102 καὶ
2852 3050 2899 3101 εί
2923 3046 3129 3119 Κύριός
3167 3048 3282 3118 είμι
3311 3045 3445 3114 ἐγὼ,
3468 3043 3571 3099 ποῦ
3609 3045 3757 3097 ἐστιν

2186 3143 2215 3195 ὁ
2262 3140 2424 3209 φόϐος
2465 3158 2603 3211 μους
2650 3140 2800 3208 λέγει
2848 3140 3054 3211 Κύριος
3099 3135 3517 3209 παντοκράτωρ.
3563 3154 3581 3188 i
3630 3134 3755 3196 Δύο.

2182 3234 2334 3304 φησι,
2362 3232 2628 3295 διαθέσεις
2657 3234 2715 3286 ἐν
2738 3234 2852 3296 τοῖς
2883 3231 3206 3302 ἀρχομένοις
3234 3230 3406 3285 ἆπασι
3445 3227 3759 3283 πολιτεύον-

2187 3343 2297 3387 ται,
2335 3325 2521 3394 ἀγάπη
2574 3325 2668 3375 καλ.
2708 3322 2904 3390 φόϐοςο
2936 3321 3113 3392 ἀλλ’ἢ
3159 3321 3257 3391 μὲν
3298 3320 3455 3383 υἱοῖς,
3483 3320 3517 3389 ἡ
3555 3318 3617 3372 δὲ
3636 3316 3761 3370 δού-

2181 3418 2295 3481 λοις
2328 3418 2606 3487 ἁρμόττει.
2657 3415 2799 3483 Ἐγὼ
2826 3416 2883 3469 δὲ
2918 3417 3045 3484 ὑμῖν
3076 3414 3401 3484 ἀμφοτέρων
3432 3411 3540 3464 τῶν
3563 3410 3762 3480 ὀνομά-

2184 3521 2290 3557 των
2323 3502 2619 3575 μετέδωκα’
2649 3502 2710 3554 οὑ
2735 3502 2842 3572 γάρ
2881 3501 3041 3571 μόνον
3069 3500 3306 3563 δούλους,
3335 3498 3471 3552 ἀλλὰ
3496 3500 3589 3552 καὶ
3610 3499 3762 3558 υἱοὺς

2186 3593 2622 3665 προσηγόρευσα·
2655 3613 2673 3645 ι
2714 3593 2854 3661 Ἐγὼ
2909 3591 3019 3662 γάρ
3064 3588 3255 3645 εἷπονο
3305 3590 3429 3644 Θεοί
3483 3591 3623 3653 ἐστε,
3664 3590 3763 3642 καὶ

2188 3685 2297 3738 υἱοὶ
2338 3685 2593 3754 Ὑψίστου
2621 3685 2837 3746 πάντες.
2881 3702 2898 3735 ι
2934 3683 3043 3737 Καί
3066 3699 3078 3712 ο
3120 3701 3138 3733 ι
3175 3681 3338 3745 Υίοὺς
3373 3681 3643 3753 ἐγέννησα
3666 3682 3763 3733 καὶ

2188 3775 2398 3845 ῦψωσα.
2442 3794 2461 3826 ι
2490 3777 2596 3829 Καί
2627 3792 2641 3807 ο
2680 3794 2699 3826 ι
2732 3775 2860 3839 Υἱὸς
2910 3774 3255 3846 πρωτότοκος
3310 3791 3410 3844 μου
3458 3772 3693 3844 Ἰσραήλ.
3738 3792 3757 3823 ι

2186 3867 2249 3919 El
2285 3866 2385 3935 μὲν
2434 3861 2525 3920 οὖν
2563 3866 2663 3936 τὴν
2699 3864 2808 3919 τῶν
2846 3865 2978 3918 υἱῶν
3014 3865 3384 3936 προσηγορίαν
3423 3852 3765 3927 ἀσπάζεσθε,

2185 3957 2432 4023 δείξασθε
2469 3959 2516 3989 ³⁸
2547 3958 2608 4010 τὺ
2652 3957 2840 4027 γέρας,
2895 3957 3031 4028 ὅπερ
3082 3957 3158 4020 ὡς
3204 3957 3374 4027 πατρὶ
3429 3953 3763 4028 προσφέρειν

2188 4050 2491 4117 ἐπείγεσθε.
2516 4050 2580 4104 El
2610 4049 2665 4103 δὲ
2685 4049 2903 4113 δούλους
2930 4050 3069 4119 σφᾶς
3101 4049 3299 4111 αὐτοὺς
3323 4047 3761 4118 ὑπολαμϐάνετε,

2186 4140 2239 4194 τί
2270 4141 2468 4212 δήποτε
2509 4138 2571 4193 τὸ
2616 4139 2754 4205 δέος,
2805 4140 2835 4193 δ
2877 4141 3142 4212 προσήκει
3194 4138 3412 4202 δούλους
3442 4137 3605 4208 ἔχειν,
3659 4138 3763 4190 οὑκ

2188 4229 2368 4300 exere;
2404 4231 2499 4283 καὶ
2528 4229 2700 4283 ταῦτα
2735 4228 2980 4282 τοιοῦτον
3026 4229 3242 4300 ἔχοντες
3276 4227 3505 4299 Κύριον,
3532 4226 3592 4290 ὃς
3620 4228 3762 4280 πάν-

2186 4335 2295 4372 των
2327 4317 2462 4389 ὁμοῦ
2507 4318 2616 4370 τῶν
2665 4316 2959 4389 ὁρωμένων
2988 4318 3082 4371 καὶ
3109 4316 3217 4369 τῶν
3242 4314 3491 4386 ἀοράτων
3528 4316 3725 4384 κρατεῖ
3748 4302 3779 4375 ;⁷’

2188 4407 2367 4477 Μέχρι
2406 4406 2503 4477 μὲν
2542 4403 2635 4459 οῦν
2663 4405 2855 4459 τούτου
2898 4408 3053 4476 κοινῇ
3111 4402 3280 4457 πᾶσιν
3310 4402 3493 4463 αὐτοῖς
3517 4400 3768 4471 ἐπεμέμ-

2188 4498 2362 4567 ψατο·
2408 4496 2654 4550 ἐντεῦθεν
2696 4496 2755 4550 δὲ
2790 4497 2932 4551 κατά
2985 4495 3252 4567 διαίρεσιν
3293 4493 3393 4564 τὴν
3425 4491 3766 4562 κατηγορίαν

2188 4590 2420 4642 ποιεῖται
2447 4604 2462 4618 '
2495 4588 2587 4642 καὶ
2619 4589 2834 4658 πρῶτον
2856 4588 2964 4640 τῶν
2988 4588 3175 4657 ἱερέων
3195 4585 3460 4655 διελέγχει
3484 4582 3550 4636 τά
3575 4581 3785 4652 πλημ-·

2192 4675 2500 4750 μελήματα,
2545 4678 2731 4750 ἐπειδὴ
2771 4679 2865 4732 καὶ
2911 4677 3173 4748 μειζόνων
3213 4673 3575 4746 ἐγκλημάτων
3604 4667 3768 4742 ἦσαν

2190 4770 2349 4835 ἄξιοι,
2394 4770 2457 4823 οὑ
2508 4770 2667 4840 μόνον
2720 4770 2876 4824 αὑτοὶ
2932 4768 3420 4839 παρανομοῦντες,
3480 4765 3619 4819 ἀλλά
3672 4764 3769 4816 καὶ

2192 4854 2537 4931 παρανομίας
2568 4860 2872 4930 ἀρχέτυπον
2901 4862 3011 4923 τοῖς
3037 4854 3217 4923 ἄλλοις
3238 4858 3521 4927 γενόμενοι
3550 4857 3621 4909 ³⁸.

2269 4967 2287 4999 ‹
2330 4949 2519 5019 Ὑμεῖς
2551 4951 2599 5002 οἱ
2643 4950 2905 5021 ῑερεῖςμοί
2938 4947 3291 5022 φαυλίίζοντες
3334 4947 3396 4999 τὸ
3424 4944 3599 5015 ὅνομά
3641 4960 3770 5014 μου,

2191 5041 2284 5095 καὶ
2332 5044 2519 5095 εἴπατε
2544 5059 2557 5072 ·
2609 5043 2697 5094 Ἐν
2743 5041 2850 5094 τίνι
2880 5040 3253 5110 ἐφαυλίσαμεν
3282 5039 3341 5092 το
3367 5037 3539 5107 δνομά
3573 5053 3665 5089 σου
3693 5052 3709 5101 ;
3747 5053 3766 5085 ι
3788 5072 3803 5081 .

2206 5132 2269 5187 Ἦ
2302 5132 2429 5204 περὶ
2474 5133 2569 5203 τὴν
2607 5134 2885 5204 ἱερατικὴν
2911 5132 3253 5203 λειτουργίαν
3293 5129 3449 5202 ὑμῶν
3496 5126 3766 5195 καταφρόο

2195 5241 2349 5293 νησις
2389 5223 2581 5292 εὑτελῆ
2616 5224 2682 5293 μέ
2710 5241 2830 5276 τινα
2866 5226 2960 5277 καὶ
3002 5223 3213 5287 οὐδενὸς
3236 5223 3384 5287 ἀξιον
3426 5219 3587 5288 λόγου
3621 5209 3797 5282 παρῖ

1759 5548 1992 5608 ΥΑΒΙΛΕ
2033 5548 2326 5607 LECTION
2335 5548 2437 5605 ES.

585 5720 628 5752 ⁸⁸
657 5716 752 5770 ἐὰν
1091 5712 1246 5788 ἐρεῖζ
1291 5711 1349 5788 ff
1389 5710 1431 5763 Α
1463 5710 1966 5788 ἀνοικοδομῄσουσι.

2075 5711 2118 5743 ⁸⁷
2245 5711 2481 5781 καὶγὰρ
2507 5711 2553 5762 εἰ
2585 5711 3015 5781 ἐπιχειρήσουσι.
3093 5707 3163 5781 ⁸⁸-
3187 5708 3318 5775 Ἰσρ.
3356 5700 3617 5776 ᾹἹπῶιη.
3650 5702 3767 5758 τοῦ.
3812 5688 3823 5709 ⁵

514 5790 561 5823 ⁸⁹
594 5790 638 5842 Α
668 5787 880 5854 ἑαυτοῦ,
909 5777 1536 5852 ’ὁῐηίεεόφοόηθήσεταμ
1608 5780 1653 5811 ⁹⁰
1682 5777 1724 5836 C
1747 5777 1799 5833 δὲ
1819 5780 1985 5845 ίξατε.
2065 5782 2107 5816 ³³
2153 5780 2194 5834 C
2231 5780 2369 5849 ἀρχή
2395 5777 2462 5833 τε
2490 5781 2580 5833 καὶ
2615 5777 2782 5843 τύπος
2805 5777 2871 5861 τ’.
2895 5779 3011 5860 ἄλλ.
3049 5777 3347 5853 γινόμενοι.
