4090 6406
404 401 542 465 19θῦ

1639 392 1720 452 ΙΝ
1765 390 2167 452 ill-\LACHIJE
2207 391 2363 447 CAP.
2408 390 2454 447 Ῐ.

3513 384 3647 447 1986

396 517 511 578 τοῖς
540 512 752 574 πολλοῖς
779 509 1050 563 δείκνυσιν
1068 524 1083 537 ·
1126 507 1281 577 ὑμεῖς
1306 505 1359 557 δὲ
1390 504 1506 556 οὖδέ
1538 504 1726 555 τούτου
1756 502 1967 573 λαμϐά-

2080 501 2259 554 haberi
2301 499 2447 553 facit.
2511 498 2619 553 Vos
2673 506 2851 553 autem
2912 511 3011 553 nec
3066 497 3229 566 hujus
3285 498 3360 549 rei
3425 512 3647 552 sensum

398 621 516 659 νετε
549 602 822 672 αἴσθησιν,
853 598 973 651 οὐδὲ
1024 598 1314 668 γινώσκειν
1371 597 1431 647 τὸ
1484 594 1969 666 πλημμελούμενον

398 693 676 765 βούλεσθε.
713 692 786 746 Τὸ
819 693 928 762 γάρ
958 710 970 721 ·
1002 710 1020 741 ι
1058 691 1259 744 Εἴπατε
1293 707 1305 719 ·
1353 690 1440 742 Ἐν
1472 690 1576 740 τίιιι
1607 687 1970 756 ἐφαυλίσαμεν

397 786 458 837 τὸ
507 782 678 853 ὄνομα
705 799 840 847 σονς
884 802 901 833 ι
937 781 1097 834 τοῦτο
1133 780 1327 848 δηλοῖ·
1374 780 1471 831 οὐκ
1531 776 1712 846 ἐπειδὴ
1767 777 1969 846 ῥήμασι

394 871 658 935 τοιούτοις
686 872 1000 940 ἐκέχρηντο,
1036 866 1154 923 ἀλλ’
1172 868 1357 937 ἐπειδὴ
1385 867 1677 935 λογισμοὺς
1700 865 1971 925 τοιούτους

397 964 708 1033 ἐκέκτηντο.
734 959 868 1014 Εἶτα
895 961 986 1013 καὶ
1014 959 1105 1011 τοῦ
1130 957 1433 1027 φαυλισμοῦ
1462 958 1607 1021 λέγει
1637 956 1704 1009 τὰ
1729 957 1897 1008 αἴτια.

472 1055 539 1117 ζ’.
574 1072 591 1104 ι
630 1053 1005 1121 Προσάγοντες
1028 1050 1163 1120 πρὸς
1204 1048 1266 1102 τὺ
1304 1048 1689 1118 θυσιαστήριον
1721 1064 1822 1117 μου
1846 1047 1970 1107 τοὺς

399 1146 599 1216 ἄρτους
627 1142 1046 1213 ὴλισγημένους,
1096 1142 1189 1194 καὶ
1220 1141 1409 1194 εἴπατε
1434 1157 1445 1170 ·
1488 1140 1574 1191 Ἑν
1609 1140 1712 1192 τίνι
1741 1140 1970 1208 ἡλισγή-

401 1249 572 1305 σαμεν
601 1231 830 1297 αύτούςς
875 1232 963 1284 Ἐν
984 1230 1060 1300 τῷ
1080 1230 1260 1298 λέγειν
1285 1230 1314 1281 ὑ
1324 1231 1447 1299 μᾶςο
1479 1229 1739 1301 Τρὰπεζα
1764 1230 1969 1299 Κυρίου

398 1326 801 1396 ὲξουδενωμένη
833 1326 879 1358 ”
922 1326 1057 1377 ἐστί·
1088 1326 1182 1377 καὶ
1218 1324 1287 1377 τὰ
1311 1323 1664 1392 ἐπιτιθέμενα
1689 1321 1972 1386 ὲξουδενώ-

399 1435 528 1472 σατε
562 1419 627 1472 ”.
667 1435 685 1469 ι
723 1418 868 1480 Τοὺς
894 1416 1339 1485 ὴλισγημένους
1365 1416 1412 1469 οἱ
1449 1415 1575 1485 περὶ
1617 1413 1707 1468 τὸν
1743 1413 1971 1467 Ἀκύλαν

398 1510 492 1564 καὶ
525 1509 819 1579 Σύμμαχον
840 1507 1342 1577 μεμο.ίυσμένους
1367 1506 1800 1578 ἡρμηνεύκασιν,
1852 1506 1972 1559 ἀντὶ

397 1598 514 1663 τοῦ,
544 1598 603 1650 οὐ
645 1598 787 1650 κατά
832 1598 994 1666 νόμον
1027 1597 1444 1665 εἰργασμένους,
1477 1596 1610 1650 ἀλλὰ
1642 1598 1971 1667 παρανόμως

398 1687 817 1758 γεγενημένους.
865 1688 1050 1741 Ταῦτα
1098 1688 1155 1740 δὲ
1211 1688 1492 1759 ἐτολμᾶτε,
1533 1689 1632 1759 οὐχ
1681 1688 1970 1758 ἡγούμενοι

401 1778 605 1849 σεπτὴν
625 1776 765 1831 εἶναι
784 1777 883 1849 τὴν
909 1778 1295 1849 ἀφιερωμένην
1322 1796 1410 1848 μοι
1438 1780 1734 1851 τράπεζαν.
1770 1780 1831 1832 Ei
1866 1780 1970 1850 γὰρ

397 1870 585 1941 ἐκείνῃ
617 1868 678 1922 τὸ
706 1868 753 1901 ’⁵
790 1870 1063 1940 προσῆκον
1107 1869 1430 1940 ἀπενείμετε
1478 1850 1668 1933 σέϐας,
1701 1872 1880 1941 πάσης
1908 1870 1974 1923 ἂν
2004 1850 2047 1905 Β

399 1960 669 2031 ἠξιώσατε
701 1961 937 2030 σπουδῆς
969 1959 1037 2012 τά
1072 1961 1159 2013 ἐπ’
1194 1961 1363 2029 αὐτῆς
1415 1978 1504 2031 μοι
1535 1962 1969 2031 προσφερόμενα.

404 2051 638 2106 Ἔπειτα
675 2052 737 2105 οὐ
774 2052 1128 2119 δεσποτικῶς,
1175 2052 1311 2105 ἀλλά
1339 2053 1621 2125 πατρικῶς
1659 2055 1837 2116 αὐτοῖς
1882 2056 1975 2122 ἐγ-

399 2141 573 2208 καλεῖ,
597 2143 679 2197 ὅτι
725 2143 820 2196 καὶ
867 2143 1045 2213 τυφλά
1072 2145 1167 2198 καὶ
1194 2144 1344 2215 χωλά
1375 2146 1710 2215 προσέφερον
1737 2145 1972 2215 θύματα,

398 2234 564 2305 ἄρτια
594 2234 689 2287 τοῦ
724 2236 889 2304 νόμου
925 2236 1114 2306 σαφῶς
1165 2236 1464 2308 ἱερατεύειν
1492 2238 1823 2301 κελεύοντος.
1868 2239 1976 2291 Καὶ

396 2324 611 2387 δεικνὺς
639 2326 738 2396 τὴν
770 2327 868 2395 τῆς
921 2326 1179 2390 ἀσεϐείας
1228 2325 1560 2399 ὑπερῦολήν·
1597 2346 1616 2379 ι
1655 2327 1977 2397 Προσάγαγε

398 2413 487 2484 δὴ,
518 2412 703 2483 φησιν,
726 2414 856 2466 αὐτὸ
881 2414 960 2484 τῷ
986 2415 1274 2486 ἡγουμένῳ
1312 2431 1427 2481 σου,
1454 2416 1502 2467 εί
1528 2416 1879 2487 προσδέξεται
1906 2416 1974 2482 ³⁵,

398 2496 452 2557 ξι
496 2504 727 2574 λήψεται
773 2504 1064 2576 πρόσωπόν
1096 2520 1212 2569 σου,
1239 2505 1385 2573 λέγει
1433 2505 1638 2576 Κύριος
1664 2506 1977 2580 παντοκρά-

399 2610 536 2663 τωρ.
576 2610 596 2646 ι
637 2593 701 2645 Εἰ
727 2592 837 2663 γὰρ
867 2594 899 2645 ὁ
924 2593 1027 2663 τὴν
1063 2593 1235 2665 αὐτήν
1288 2609 1370 2647 σοι
1403 2593 1784 2665 περικείμενος
1816 2595 1976 2661 φύσιν

402 2684 561 2757 ὓϐριν
596 2686 810 2755 ἡγεῖται
856 2684 953 2737 καὶ
1006 2684 1297 2755 παροινίαν
1345 2684 1445 2755 τὴν
1476 2686 1736 2757 τοιαύτην
1788 2684 1974 2754 τιμὴν,

402 2776 500 2830 καὶ
530 2776 651 2829 οὐδὲ
680 2777 922 2847 παρόντα
952 2775 1178 2848 ἐρυθριᾷ
1207 2792 1288 2840 σε,
1312 2775 1448 2829 ἀλλά
1482 2775 1545 2828 τὸ
1589 2775 1775 2838 κακῶς
1809 2791 1978 2846 προσ-

403 2866 706 2939 φερόμενον
748 2870 1141 2939 ἀποπέμπεται
1201 2869 1397 2943 δῶρον,
1448 2870 1744 2943 σκὸπησον,
1793 2870 1979 2940 ἡλίκον

402 2960 553 3013 ἐστὶν
581 2959 838 3030 ἀσέϐημα
880 2961 943 3012 τὸ
985 2960 1063 3032 τῷ
1092 2961 1419 3032 Δημιουργῷ
1452 2961 1563 3015 τῶν
1591 2961 1730 3015 ὅλων
1757 2961 1979 3013 τοιαῦτα

402 3052 754 3124 προσφέρειν.
806 3049 939 3106 Εἶτα
985 3053 1295 3123 χρήσασθαι
1355 3054 1690 3125 μεταμελείᾳ
1736 3053 1977 3123 συμϐου-

402 3140 573 3208 λεύει,
594 3145 689 3198 καὶ
708 3143 805 3214 τὴν
833 3143 1040 3196 οἰκείαν
1064 3144 1346 3214 εὐμένειαν
1368 3146 1730 3215 ὑπισχνεῖται.
1982 3136 1989 3155 ’

476 3232 542 3286 θ’.
581 3250 599 3284 ι
632 3233 742 3285 Καὶ
756 3232 803 3263 ’⁸
832 3231 926 3284 νῦν
952 3231 1303 3294 ἐξιλάσκεσθε
1330 3232 1393 3285 τὸ
1414 3234 1703 3303 πρόσωπον
1732 3231 1823 3284 τοῦ
1844 3231 1979 3285 Θεοῦ

405 3325 579 3398 ὑμῶν,
610 3325 705 3378 καὶ
730 3323 958 3395 δεήθητε
992 3324 1179 3389 αὑτοῦ,
1227 3343 1246 3378 ι
1302 3325 1388 3378 ἵνα
1425 3325 1623 3396 ἐλεήσῃ
1667 3326 1830 3395 ὑμᾶς.
1873 3325 1980 3378 Καὶ

406 3416 627 3471 πλείονα
672 3416 854 3478 αὐτοῖς
897 3414 1152 3486 αἴσθησιν
1184 3415 1416 3479 ἐντιθεὶς
1465 3416 1559 3470 τοῦ
1612 3417 1977 3488 τολμήματος,

403 3507 794 3579 ἐναργέστερον
826 3508 1059 3559 ποιεῖται
1080 3507 1172 3561 τὸν
1202 3505 1441 3577 ἔλεγχον·
1489 3507 1577 3561 Ἐν
1605 3509 1793 3580 χερσὶν
1826 3507 1981 3578 ὑμῶν

403 3596 598 3667 γέγονε
620 3595 817 3662 ταῦτα,
843 3597 905 3650 οὐ
929 3597 1190 3668 πατρῴαν
1220 3597 1349 3668 ὑμῖν
1372 3596 1591 3666 ἐγκαλῶ
1614 3600 1978 3669 παρανομίαν,

404 3686 521 3743 ἀλλ’
551 3686 631 3740 ἐτι
654 3686 751 3741 καὶ
774 3686 869 3741 νῦν
893 3686 982 3757 ὑφ’
1012 3687 1164 3759 ὑμῶν
1190 3687 1566 3761 τολμωμένην.
1603 3706 1621 3740 ι
1651 3690 1713 3742 Et
1741 3688 1981 3759 λήψομαι

406 3776 466 3844 ἐξ
504 3776 662 3848 ὑμῶν
699 3778 1000 3848 πρόσωπα;
1050 3778 1197 3849 λέγει
1245 3778 1449 3852 Κύριος
1497 3780 1911 3851 παντοκράτωρ.
1957 3798 1976 3831 ι

404 3867 579 3924 Τοῦτο
603 3869 647 3903 ⁸⁷
677 3868 798 3921 κατ’
826 3868 1097 3939 ἐρώτησιν
1126 3871 1502 3939 ἀναγνωστέον
1527 3890 1540 3902 ·
1571 3873 1708 3943 Λίχα
1743 3875 1852 3944 γὰρ
1885 3888 1981 3943 με-

404 3959 624 4024 τανοίας
649 3959 807 4023 ῖλεως
831 3959 961 4031 ὑμῖν
983 3961 1282 4031 γενήσομαι
1305 3978 1323 4027 ;

474 4056 529 4105 ι’.
573 4050 767 4105 ι-Διότι
816 4051 925 4104 καὶ
953 4051 1013 4105 ἐν
1064 4052 1194 4121 ὑμῖν
1231 4053 1747 4125 συγκλεισθήσονται
1794 4054 1980 4126 θύραι,

407 4143 503 4200 καὶ
530 4143 633 4197 οὐκ
678 4142 971 4213 auom”
998 4143 1059 4198 τὸ
1099 4143 1482 4218 θυσιαστήριόν
1532 4164 1634 4217 μου
1683 4146 1910 4220 δωρεάν.
1956 4167 1977 4201 ι

418 4231 639 4300 Ἐπειδὴ
665 4231 722 4285 ἃ
751 4233 1085 4306 ἀναλγησίαν
1116 4235 1353 4307 ἐσχάτην
1380 4240 1607 4302 νοσείτε,
1638 4234 1756 4292 οἴδα
1780 4240 1855 4303 ὠς
1881 4240 1983 4312 τῆς

408 4321 549 4394 ἐμῆς
574 4322 717 4393 ὑμᾶς
742 4323 909 4395 αὐλῆς
941 4325 1360 4396 ἀποπέμψομαι,
1389 4328 1483 4381 καὶ
1506 4323 1615 4381 οἶόν
1640 4345 1791 4393 τινας
1812 4329 1984 4401 θύρας

410 4415 752 4486 ἀποκλείσω,
800 4419 899 4493 τὴν
933 4419 1077 4473 κατά
1120 4420 1282 4492 νόμον
1329 4422 1519 4476 παύων
1567 4423 1820 4495 λατρείαν
1848 4441 1862 4454 ·
1918 4425 1980 4478 ού

2071 592 2283 658 capitis.
2313 606 2412 643 ncc
2433 590 2691 644 delictum
2725 602 3059 658 cognoscere
3090 589 3274 642 vultis.
3306 588 3441 641 illud
3462 589 3642 641 enim:

2076 700 2094 731 ι
2141 681 2361 734 Dixistis
2389 700 2399 735 :
2435 679 2490 734 ln
2522 680 3013 750 quo-despeximus
3046 697 3239 734 nomen
3276 680 3465 733 tuum?
3499 699 3516 729 ι
3550 680 3651 734 hoc

2073 773 2343 843 signiﬁcat
2375 790 2388 825 :
2423 787 2530 827 non
2562 772 2709 843 quod
2746 771 3015 842 ejusmodi
3069 773 3249 826 verbis
3283 773 3365 825 usi
3426 770 3646 830 iuerint,

2073 864 2167 918 sed
2191 864 2335 933 quod
2366 863 2678 918 istiusmodi
2711 861 3076 933 cogitationes
3109 862 3417 914 habuerint.
3448 860 3650 915 Postea

2072 971 2293 1011 causam
2316 956 2551 1026 explicat
2588 960 2951 1023 contemptus.

2142 1046 2376 1102 \’sns.7.
2414 1066 2430 1098 ι
2462 1047 2762 1102 Οίΐοιέιιιοε
2785 1048 2847 1099 ad
2877 1047 3045 1099 altare
3084 1061 3261 1099 meum
3291 1059 3455 1115 panes
3477 1043 3651 1113 poliu-

2072 1146 2179 1204 tos,
2210 1146 2263 1193 et
2292 1137 2547 1191 dixistis:
2577 1135 2632 1190 in
2659 1151 2766 1206 quo
2793 1135 3086 1205 polluimus
3114 1134 3301 1204 ipsos?
3330 1133 3386 1188 In
3410 1149 3475 1188 eo
3506 1132 3650 1203 quod

2071 1230 2290 1284 dicitis:
2332 1227 2515 1284 Mensa
2546 1226 2759 1283 Domini
2796 1228 3049 1298 deSpecta
3079 1234 3161 1281 est
3188 1244 3202 1290 ;
3230 1234 3281 1281 et
3311 1240 3431 1296 qua:
3463 1241 3652 1296 super-

2070 1320 2248 1389 posita
2312 1326 2483 1384 sunt,
2545 1318 2897 1389 despexistis.
2949 1337 2967 1368 ι
3052 1316 3292 1370 Pollutos
3348 1316 3542 1386 Aquila
3595 1323 3651 1371 et

2073 1408 2436 1479 Symmachus
2476 1409 2819 1479 interpretati
2862 1415 2989 1461 sunt
3015 1409 3315 1476 inquinatos
3338 1447 3351 1469 ,
3385 1407 3486 1460 hoc
3540 1417 3649 1471 est,

2071 1513 2178 1551 non
2206 1497 2504 1554 secundum
2536 1495 2701 1568 legem
2722 1495 3022 1559 coniectos,
3041 1496 3135 1551 sed
3165 1495 3439 1567 illegitime
3459 1494 3654 1551 factos.

2072 1589 2194 1646 llaec
2216 1597 2395 1643 autem
2428 1590 2750 1660 patrabatis,
2789 1604 2897 1642 non
2931 1588 3256 1642 arbitrantes
3281 1589 3653 1644 honorandam

2078 1696 2201 1736 esse
2222 1696 2465 1736 mensam
2501 1681 2631 1733 mihi
2657 1687 3059 1735 consematam.
3103 1676 3161 1732 Si
3213 1680 3359 1733 enim
3412 1678 3654 1734 debitum

2071 1775 2339 1829 honorem
2376 1774 2502 1828 huic
2531 1772 2896 1836 habuissetis,
2932 1773 3079 1826 omni
3123 1772 3306 1827 studio
3360 1772 3657 1827 eurassetis

2075 1881 2137 1920 ea
2166 1880 2287 1935 quae
2310 1866 2443 1920 mihi
2491 1866 2799 1921 ode-runtur
2826 1878 2991 1933 super
3018 1878 3159 1918 eam.
3193 1862 3291 1935 [8]
3327 1862 3528 1919 Deinde
3546 1878 3655 1918 non

2076 1965 2135 2010 ut
2167 1956 2451 2017 Dominus.
2476 1958 2569 2011 sed
2612 1964 2670 2011 ut
2710 1964 2861 2026 pater
2893 1970 2986 2011 eos
3034 1956 3233 2026 arguit.
3286 1956 3430 2027 quod
3481 1970 3659 2011 caecas

2075 2058 2128 2102 et
2148 2048 2376 2104 claudas
2396 2047 2655 2103 oﬂ'errent
2688 2048 2960 2113 victimas,
2988 2062 3112 2101 cum
3138 2048 3224 2101 lex
3256 2055 3442 2116 aperte
3467 2046 3655 2115 iubeat

2076 2142 2317 2211 integras
2343 2139 2635 2193 immolari.
2670 2135 2735 2191 Et
2765 2138 3063 2209 impietatis
3111 2137 3413 2194 ostendens
3443 2139 3661 2209 magni-

2078 2231 2321 2286 tudinem
2348 2249 2361 2285 :
2401 2250 2419 2283 ι
2459 2229 2605 2286 Oder
2634 2227 2770 2284 illud
2798 2270 2811 2293 ,
2843 2231 3039 2300 inquit,
3070 2230 3194 2285 duci
3225 2238 3338 2296 tuo,
3374 2245 3442 2284 an
3470 2244 3659 2286 susce-

2078 2323 2218 2391 perit
2253 2330 2303 2376 te
2331 2337 2433 2389 ;an
2453 2322 2729 2391 acceperit
2762 2319 2954 2375 faciem
3007 2330 3154 2374 tuam
3183 2360 3198 2384 ,
3224 2321 3357 2377 dicit
3394 2318 3660 2376 Dominus

2078 2412 2221 2468 Deus
2256 2412 2625 2483 omnipotens.
2667 2430 2685 2464 ι
2722 2411 2780 2466 Si
2810 2414 2856 2468 is
2884 2413 2976 2481 qui
3008 2412 3196 2467 eadem
3230 2428 3335 2483 qua
3362 2420 3419 2468 tu
3464 2421 3659 2468 natura

2078 2516 2161 2563 est
2203 2505 2487 2577 prmditus,
2532 2505 2926 2559 contumeliam
2973 2513 3028 2559 et
3062 2503 3327 2573 ﬂagitium
3380 2505 3664 2559 existimat

2078 2594 2347 2664 ejusmodi
2371 2594 2659 2657 honorem,
2716 2606 2820 2647 nec
2874 2602 2924 2646 te
2972 2602 3298 2663 prmsentem
3354 2592 3660 2652 erubescit.

2079 2687 2172 2743 sed
2204 2685 2344 2741 male
2376 2686 2617 2740 oblatum
2642 2698 2845 2738 munus
2868 2684 3072 2752 reiicit,
3127 2683 3415 2737 considera
3454 2689 3655 2755 quanta

2080 2777 2154 2830 sit
2196 2775 2447 2845 impietas
2493 2774 2734 2828 omnium
2789 2786 2969 2827 rerum
3012 2771 3203 2844 Opiﬁci
3276 2766 3489 2844 1675
3533 2770 3661 2826 ta‘iia

2080 2864 2295 2920 diferre.
2325 2863 2525 2918 Deinde
2548 2863 2614 2917 ad
2649 2862 3026 2932 paenitentiam
3078 2858 3403 2917 adhortatur
3430 2902 3445 2926 ,
3477 2872 3663 2917 Suam-

2080 2970 2185 3025 que
2219 2954 2649 3010 benevolentiam
2671 2952 2985 3023 pollicetur.

2167 3242 2325 3297 Vens.
2356 3240 2407 3293 9.
2454 3257 2473 3289 ι
2521 3237 2585 3291 Et
2622 3253 2769 3291 nunc
2823 3237 3038 3307 placate
3090 3237 3282 3293 facient
3320 3239 3412 3293 Dci
3451 3241 3653 3304 vestri,

2086 3344 2139 3387 et
2169 3342 2355 3405 rogate
2382 3346 2529 3393 eum,
2572 3348 2591 3382 ι
2638 3338 2697 3383 ιιι
2731 3329 3061 3383 misereatur
3086 3333 3270 3385 vestri.
3299 3330 3363 3382 Et
3397 3331 3661 3401 majorem

2088 3427 2319 3480 istorum
2352 3421 2675 3476 delictorum
2709 3408 2953 3474 sensum
2985 3418 3237 3489 inﬁgens,
3272 3421 3454 3475 acrius
3484 3422 3662 3475 accit-

2088 3523 2193 3571 sat.
2218 3513 2278 3568 in
2310 3512 2570 3569 manibus
2601 3511 2825 3575 vestris.
2862 3510 3062 3581 inquit,
3103 3512 3218 3567 haac
3258 3511 3519 3567 fuerunt:
3548 3527 3663 3569 non

2087 3615 2329 3677 paternae
2350 3603 2658 3675 iniquitatis
2686 3618 2788 3659 vos
2820 3616 3041 3668 accuso,
3073 3603 3172 3659 sed
3195 3604 3344 3660 illius
3370 3620 3533 3677 quam
3562 3614 3677 3661 vos‘

2087 3698 2252 3751 etiam
2308 3711 2459 3750 nunc
2508 3679 2823 3767 admittitis.
2861 3713 2880 3747 ι
2923 3696 3005 3749 An
3062 3698 3365 3768 suscipiam
3401 3708 3466 3753 ex
3505 3698 3665 3755 vobis

2090 3788 2261 3843 facies
2306 3786 2568 3844 vestras?
2596 3785 2732 3840 dicit
2768 3783 3034 3841 Dominus
3083 3788 3452 3856 omnipotens.
3490 3807 3509 3841 ι
3550 3786 3667 3845 Hoc

2088 3894 2185 3949 per
2216 3876 2704 3947 interrogationem
2747 3875 3043 3945 legendum
3087 3882 3223 3933 est:
3266 3879 3350 3933 An
3390 3879 3513 3936 sine
3547 3894 3667 3951 pmo

2089 3970 2321 4024 nitentia
2348 3969 2666 4023 misericors
2698 3979 2829 4037 erga
2857 3980 2954 4022 vos
2975 3966 3116 4021 ero!

2159 4057 2326 4113 Vens.
2360 4054 2445 4110 10.
2482 4074 2502 4108 ι
2550 4054 2689 4120 Quia
2721 4062 2776 4108 et
2818 4054 2875 4106 in
2920 4053 3082 4108 vobis
3129 4055 3461 4111 claudentur
3494 4058 3662 4124 ostia,

2086 4157 2143 4205 et
2174 4156 2284 4204 non
2309 4146 2658 4203 succendetis
2690 4158 2868 4199 meum
2900 4144 3075 4200 altare
3108 4148 3301 4217 gratis.
3339 4166 3359 4200 ι
3394 4149 3528 4204 Cum
3561 4162 3663 4205 au-

2089 4254 2196 4297 tem
2235 4246 2482 4297 extremo
2513 4245 2744 4309 stupore
2799 4245 2854 4292 et
2903 4236 3207 4294 indolentia
3241 4241 3478 4311 correpti
3511 4241 3659 4309 sitis,

2087 4343 2240 4391 certe
2269 4349 2337 4390 ex
2369 4333 2494 4387 aula
2532 4345 2652 4387 mea
2680 4345 2778 4385 vos
2822 4329 3042 4400 ejiciam
3077 4349 3093 4388 :
3136 4345 3190 4388 et
3223 4342 3482 4406 tanquam
3517 4334 3685 4391 ostia'

2088 4426 2337 4496 quadarn
2376 4421 2689 4485 occludam,
2723 4420 2906 4477 cultus
2956 4424 3255 4479 secundum
3294 4426 3465 4496 legem
3501 4424 3662 4482 ﬂuém

416 4506 516 4578 γὰρ
555 4508 814 4579 ἀνέξομαι
859 4510 1035 4583 μάτην
1069 4511 1258 4574 θυσίας
1306 4512 1733 4584 προσφέρεσθαι,
1769 4514 1978 4578 οὐδενὸς

2093 4518 2319 4574 faciens.
2359 4514 2478 4571 Non
2512 4515 2658 4570 enim
2700 4513 2877 4584 patiar
2908 4518 3117 4572 temere
3165 4516 3422 4571 victimas
3452 4517 3659 4585 offerri,

406 4599 505 4672 τὴν
554 4600 802 4655 ἐντεῦθεν
861 4601 1046 4674 ὄνησιν
1092 4604 1400 4675 δεχομένου.
1468 4604 1656 4669 Οὕτως
1714 4607 1986 4671 Ἰουδαίοις

410 4691 819 4762 προαγορεύσας
832 4693 876 4725 ⁹⁹
906 4694 1002 4764 τῆς
1030 4696 1260 4767 νομικῆς
1288 4698 1595 4769 ἱερουργίας
1623 4697 1721 4769 τὴν
1749 4698 1980 4762 παῦλαν,

405 4778 505 4851 τὴν
528 4781 774 4853 καθαρὰν
805 4785 900 4837 καὶ
926 4784 1261 4857 ἀναίμακτον
1289 4788 1398 4841 τῶν
1425 4789 1593 4843 ἐθνῶν
1618 4791 1985 4862 προκηρύττει

408 4868 618 4928 θυσίαν.
680 4874 793 4928 Καὶ
846 4875 1065 4949 πρῶτον
1110 4879 1211 4949 μὲν
1259 4880 1397 4950 πρὸς
1440 4880 1639 4943 αὐτοὺς
1694 4882 1982 4947 Ἰουδαίους

408 4961 575 5031 φησιν
597 4977 612 4992 ο
643 4982 661 5014 ι
684 4964 799 5029 Dim
820 4965 937 5019 ἐστι
961 4985 1053 5038 μοι
1073 4970 1089 5001 ⁸
1118 4968 1330 5040 θέλημα
1349 4971 1408 5023 ἐν
1430 4971 1580 5041 ὑμῖν,
1604 4971 1751 5042 λέγει
1778 4973 1982 5045 Κύριος

407 5054 800 5126 παντοκράτωρ
818 5057 859 5121 ¹,
896 5059 992 5112 καὶ
1032 5059 1221 5114 θυσίαν
1254 5062 1315 5114 οὐ
1364 5063 1728 5134 προσδέξομαι
1762 5066 1828 5118 ἐκ
1871 5065 1980 5119 τῶν

406 5147 606 5217 χειρῶν
637 5148 810 5218 ὑμῶν.
850 5168 871 5204 ι
908 5146 1045 5206 Είτα
1072 5153 1179 5208 τῶν
1209 5154 1380 5209 ἐθνῶν
1406 5158 1665 5229 προδηλοῖ
1693 5158 1793 5229 τὴν
1823 5159 1981 5212 εὐσέ-

408 5235 560 5293 ϐειαν
587 5255 603 5271 ο

2088 4621 2216 4667 cum
2255 4606 2325 4661 ad
2356 4606 2631 4661 neminem
2666 4604 2877 4659 utilitas
2917 4605 3027 4660 ulla
3070 4606 3198 4661 inde
3231 4609 3535 4677 perveniat.
3571 4606 3665 4663 Sic

2088 4697 2291 4753 ludatis
2324 4696 2659 4751 vaticinatus
2692 4697 3063 4753 cessationem
3103 4696 3297 4766 legalis
3339 4697 3661 4762 sacerdotii,

2089 4788 2354 4844 mundum
2385 4789 2403 4810 ⁶
2435 4794 2491 4843 et
2524 4788 2874 4843 incruentum
2904 4788 3149 4860 gentium
3196 4787 3445 4857 praedicit
3484 4789 3662 4844 sacri-

2089 4882 2292 4938 ﬁcium.
2330 4878 2399 4933 Et
2424 4880 2663 4951 primum
2700 4882 2924 4951 quidem
2961 4880 3030 4937 ad
3061 4879 3460 4948 Judaeosipsos
3495 4880 3662 4936 verba

2089 4972 2221 5027 facit
2256 4989 2271 5027 :
2300 4989 2320 5021 ι
2355 4969 2475 5027 Non
2506 4980 2594 5027 est
2628 4972 2764 5027 mihi
2795 4974 3050 5028 voluntas
3098 4971 3152 5026 in
3182 4969 3360 5036 vobis,
3389 4967 3524 5024 dicit
3557 4968 3662 5025 Do-

2091 5064 2274 5119 minus
2318 5062 2695 5131 omnipotens,
2741 5070 2796 5119 et
2848 5064 3180 5118 sacriﬁcium
3213 5078 3324 5118 non
3361 5064 3659 5133 suscipiam

2087 5154 2155 5209 de
2204 5152 2461 5208 manibus
2497 5152 2722 5209 vestris.
2760 5171 2779 5205 ι
2838 5153 3045 5211 Deinde
3106 5153 3348 5226 gentium
3399 5154 3656 5224 pietatem

2086 5245 2327 5302 ostendit
2362 5263 2375 5299 :

1689 5359 1771 5415 VA
1781 5360 1917 5417 RUE
1957 5358 2248 5416 LECTION
2256 5358 2358 5415 ES.

492 5489 538 5522 "
561 5486 604 5541 A
627 5487 1053 5558 ἐξουθενωμένη.

1128 5488 1243 5567 ξξΔ
1283 5488 1657 5567 ἐξουθ-ένωται.
1733 5495 1781 5567 ⁹ξ
1816 5494 1896 5550 τό.
1929 5495 2053 5567 Des.
2086 5495 2145 5567 in
2164 5494 2257 5567 C.7
2301 5499 2347 5530 9'
2384 5515 2579 5567 προσο.
2630 5500 2671 5555 Δ
2730 5497 2855 5553 add.
2914 5499 2992 5552 σέ.
3068 5500 3113 5532 9⁸
3145 5498 3300 5553 Vers.
3335 5498 3368 5552 9
3411 5499 3562 5551 deest
3603 5498 3656 5550 in

406 5556 451 5610 A
480 5559 550 5611 ob
574 5556 998 5637 δμοιοτέλίυτον,
1020 5556 1329 5637 ιιιιιιιιείιιιν.
1406 5561 1448 5637 ξ’
1474 5560 1729 5615 Τοῦτο-
1751 5566 1942 5632 ἁναγν.
1976 5566 2101 5637 Des.
2137 5566 2283 5637 inAC.
2360 5568 2405 5598 9°
2434 5556 2478 5621 Ἀ
2507 5568 2792 5636 ἀνάψεται.
2870 5569 2915 5600 ’³
2944 5585 3141 5637 πρίοαγ.
3181 5570 3253 5621 Ita
3285 5569 3324 5623 C
3361 5584 3458 5637 pro
3502 5583 3652 5637 προσ.

402 5627 810 5706 αγορεύσας,ιιι
826 5628 989 5706 Sirm.
1021 5627 1183 5706 l_eg_it._
1229 5629 1242 5659 ³
1273 5645 1383 5698 μοι.
1406 5628 1481 5683 ita
1504 5646 1720 5706 unoque
1740 5627 1987 5706 supra,_t.
2007 5636 2045 5699 I,
2070 5651 2122 5704 p.
2151 5634 2359 5706 j292et
2388 5627 3660 5706 Motaeinfra.t.“ﬁbras/)2CuszermItO,

407 5695 619 5766 legitur.
654 5700 700 5752 A
737 5706 915 5753 autem
942 5697 996 5753 h.
1032 5697 1067 5752 l.
1099 5695 1425 5770 habet'pou.
1505 5695 1601 5754 ¹“λ.
1633 5695 1696 5758 ’κ.
1718 5695 1879 5757 παντ.
1915 5695 2044 5760 Des.
2070 5695 2116 5759 't.
2150 5704 2190 5771 l,
2218 5707 2274 5759 il.
2311 5721 2419 5772 cc.,
2456 5695 2553 5760 sed
2585 5716 2623 5762 t.
2654 5702 2747 5772 ιν,
2777 5710 2811 5761 1.
2853 5728 2902 5763 c.
2937 5695 3088 5763 deest
3121 5695 3330 5762 tantum
3360 5695 3664 5777 ωντοκράἒ

402 5781 540 5837 τωρ.
