4090 6478
421 376 545 439 1967
1449 374 1931 433 THEODORETI
1964 374 2195 433 EPISCt
2208 378 2298 434 lPl
2339 378 2701 437 CYRENSIS
3524 381 3658 444 1968

484 486 644 539 Vens.
678 485 756 537 ll.
784 483 920 548 Quia
940 502 956 532 ι
980 482 1059 535 Ab
1080 491 1202 535 ortu
1236 480 1389 545 solis,
1414 494 1583 549 usque
1605 479 1671 532 ad
1701 493 1983 545 occasum,

2164 491 2247 539 ια’.
2288 485 2468 537 Διότι⁸
2497 503 2515 535 ι
2554 485 2685 537 Ἀπὸ
2726 485 2999 538 ἀνατολῶν
3047 486 3227 554 ἡλίου,
3265 488 3393 541 καὶδ
3425 491 3530 553 ἕως
3563 494 3657 545 δυο

412 593 614 632 nomen
701 590 879 627 meum
950 571 1316 642 g-loriilcatum
1395 578 1480 624 est
1552 570 1605 623 in
1675 570 1976 639 gentibus:

414 667 628 739 1676
654 675 705 721 et
737 667 789 718 in
817 664 966 717 muni
1004 663 1125 716 loco
1156 661 1438 715 incensum
1496 660 1725 715 oﬂertur
1772 662 1981 714 nomini

412 774 556 819 meo,
588 767 642 811 et
670 753 1002 808 sacriﬁcium
1046 751 1351 815 mundum;
1409 750 1538 820 quia
1592 765 1850 821 magnum
1901 761 1984 805 est

411 864 609 903 nomen
644 860 820 899 meum
869 846 922 898 in
960 844 1238 913 gentibus,
1273 843 1409 896 dicit
1438 841 1703 895 Dominus
1736 842 1985 911 omnipo-

412 950 550 995 tens.
600 956 618 989 ι
672 935 782 991 Vos
834 937 1000 1006 igitur
1038 935 1259 1005 penitus
1316 933 1602 1002 rejiciam;
1660 948 1785 1002 qua:
1835 933 1982 986 enim

411 1032 589 1103 agitis,
621 1029 918 1100 plurimum
951 1027 1195 1081 detestor
1229 1044 1241 1078 :
1277 1026 1424 1080 unde
1452 1034 1508 1080 et
1538 1024 1817 1087 victimas,
1844 1036 1985 1092 quas

407 1124 649 1183 oﬂertis,
688 1136 924 1191 respuo;
956 1118 1127 1175 vestri
1176 1128 1360 1173 autem
1394 1118 1515 1172 loco
1548 1119 1864 1170 universum
1892 1130 1985 1169 or-

409 1217 529 1268 bem
561 1224 830 1269 terrarum
863 1210 1122 1281 religiose
1169 1225 1257 1265 me
1304 1209 1574 1264 colentem
1614 1208 1807 1261 habeo.
1850 1206 1984 1261 Nam

407 1306 651 1358 omnium
678 1311 955 1357 terrarum
995 1301 1356 1362 habitatores,
1378 1314 1515 1367 quas
1541 1298 1623 1352 sol
1647 1298 1905 1352 exoriens
1933 1304 1987 1351 et

406 1393 666 1447 occidens
699 1391 871 1445 radiis
905 1389 1025 1444 suis
1061 1389 1324 1451 illustrat,
1363 1395 1418 1441 et
1460 1387 1663 1454 ubique
1696 1385 1984 1440 incensum

409 1485 539 1539 mihi
572 1483 823 1546 offerent,
864 1488 919 1536 et
969 1481 1203 1535 hostiam
1243 1493 1435 1550 puram
1474 1477 1723 1547 mihique
1776 1486 1984 1546 gratam

410 1574 821 1631 sacriﬁcabant.
865 1571 1219 1641 Cognoscent
1264 1570 1412 1625 enim
1450 1583 1649 1622 nomen
1703 1583 1883 1623 meum
1934 1576 1988 1622 et

406 1668 768 1731 voluntatem,
814 1671 866 1718 et
927 1662 1169 1717 debitum
1236 1661 1446 1715 cultum
1497 1660 1855 1713 exhibebunt.
1898 1656 1987 1712 Sic

406 1759 570 1812 etiam
598 1755 861 1809 Dominus
904 1754 968 1807 ad
1006 1751 1408 1807 Samaritanam
1444 1768 1457 1804 :
1499 1768 1517 1800 ι
1576 1748 1796 1814 Mulier,
1827 1748 1990 1805 crede

2089 574 2261 643 σμῶν,
2280 576 2339 628 τὸ
2357 575 2528 644 ὄνομα
2559 593 2659 645 μου
2688 574 2998 640 δεδόξασται
3025 578 3083 631 ὲν
3113 580 3223 641 τοῖς
3255 577 3451 645 ἔθνεσι,
3478 582 3569 634 καὶ
3598 585 3656 634 ιν

2087 666 2250 717 παντὶ
2276 665 2424 734 τόπῳ
2451 665 2700 738 θυμίαμα
2719 668 2739 699 ⁵
2770 669 3099 737 προσάγεται
3117 670 3138 701 ⁸
3165 669 3243 740 τῷ
3273 670 3497 741 ὀνόματί
3532 688 3656 743 μου,

2085 758 2177 809 καὶ
2204 756 2362 810 θυσία
2387 756 2604 829 καθαρά
2623 774 2635 785 ·
2685 757 2818 837 διότι
2849 759 2991 829 μέγα
3017 759 3079 812 τὸ
3108 760 3282 831 ὄνομά
3326 779 3426 832 μου
3467 764 3526 817 ὲν
3547 766 3659 827 τοῖς

2085 849 2280 911 ἔθνεσι,
2309 848 2457 917 λέγει
2486 849 2688 919 Κύριος
2714 852 3127 925 παντοκράτωρ.
3161 871 3180 903 r
3234 852 3407 923 ’Υμᾶς
3444 853 3545 923 μὲν
3566 850 3659 908 οῦν

2085 937 2376 1009 ἀπώσομαι
2415 938 2732 1003 παντελῶςο
2788 940 3143 1013 βδελύττομαι
3189 943 3299 1014 γὰρ
3348 945 3542 1016 κομιδῇ
3592 946 3662 1000 τὰ

2088 1027 2216 1095 παρ’
2266 1025 2420 1096 ὑμῶν
2471 1027 2774 1098 γινόμενα⁸
2839 1029 2975 1084 διότι
3028 1032 3121 1085 καὶ
3174 1032 3272 1095 τὰς
3319 1034 3451 1103 παρ’
3506 1034 3661 1105 ὑμῶν

2089 1118 2542 1189 προσφερομένας
2568 1119 2983 1192 ἀποστρέφομαι
3011 1121 3201 1187 θυσίας
3228 1139 3240 1153 ·
3274 1121 3390 1177 ἀνθ’
3425 1125 3580 1196 ὑμῶν
3604 1125 3661 1179 δὲ

2089 1210 2267 1262 πᾶσαν
2293 1209 2403 1278 ἔχω
2433 1210 2731 1281 σεϐομένην
2755 1214 2853 1282 τὴν
2876 1214 3220 1283 οἰκουμένην.
3253 1216 3317 1268 Oi
3349 1216 3458 1286 γὰρ
3479 1216 3662 1269 πᾶσαν

2086 1300 2359 1364 οἰκοῦντες
2386 1302 2485 1371 τὴν
2513 1301 2640 1371 γῆν,
2668 1302 2735 1373 ἢν
2758 1303 2906 1372 ἣλιος
2933 1304 3165 1375 ἀνίσχων
3194 1322 3251 1358 τε
3285 1306 3377 1359 καὶ
3405 1306 3662 1374 δυόμενος

2089 1394 2454 1463 καταλάμπει,
2481 1394 2576 1446 καὶ
2598 1393 2850 1465 θυμίαμά
2871 1411 2960 1464 μοι
2985 1394 3333 1466 προσοίσουσι
3358 1396 3659 1466 πανταχοῦ,

2088 1484 2183 1535 καὶ
2216 1484 2312 1551 τὴν
2346 1483 2535 1536 θυσίαν
2582 1483 2885 1555 ίερεύσουσι
2930 1484 3026 1554 τὴν
3069 1485 3316 1556 καθαρὰν
3368 1488 3459 1539 καὶ
3502 1487 3663 1557 φίλην

2089 1574 2230 1643 ἐμοί.
2272 1571 2575 1626 Γνὼσονται
2601 1573 2708 1644 γάρ
2740 1590 2841 1643 μου
2870 1573 2930 1627 τὸ
2954 1574 3146 1645 ὄνομα,
3185 1576 3277 1628 καὶ
3304 1575 3364 1629 τὸ
3391 1575 3658 1648 βούλημα,

2089 1662 2181 1715 καὶ
2228 1661 2287 1715 τὸ
2335 1661 2643 1734 πρόσφορον
2690 1661 3016 1736 προσάξουσι
3072 1664 3255 1728 σέῦας.
3304 1664 3462 1719 Οὖτω
3507 1668 3602 1720 καὶ
3633 1669 3664 1718 6

2091 1753 2291 1825 Κύριος
2317 1757 2450 1824 πρὸς
2470 1756 2568 1826 τὴν
2593 1755 2920 1827 Σαμαρεῖτιν
2940 1754 3043 1827 ἔφη
3065 1772 3078 1785 ο
3119 1774 3136 1807 ι
3162 1755 3346 1818 Γύναι,
3376 1757 3662 1811 πίστευσόν

408 1849 564 1913 mihi,
600 1847 796 1917 inquit,
836 1846 964 1915 quia
997 1845 1148 1899 venit
1186 1844 1321 1897 hora
1358 1852 1412 1897 et
1445 1858 1592 1896 nunc
1622 1849 1729 1904 est,
1766 1841 1985 1910 quando

2094 1863 2204 1916 μοι,
2236 1847 2317 1898 ὅτι
2345 1846 2561 1918 ἔρχεται
2593 1846 2732 1916 ὥρα,
2768 1846 2864 1901 καὶ
2887 1846 2981 1901 νῦν
3006 1848 3151 1900 ἔστιν
3168 1848 3209 1914 ⁷,
3236 1850 3324 1902 ὅτε
3345 1848 3468 1901 οῦτε
3497 1849 3556 1901 ιν
3586 1848 3665 1917 τῷ

408 1956 509 1997 nec
539 1943 595 1995 in
623 1947 807 1994 monte
830 1939 957 2004 hoc,
985 1952 1161 2007 neque
1180 1936 1232 1990 in
1257 1934 1652 2003 Hierosolymis
1686 1921 1985 1987 adiirabitis

404 2032 623 2088 Patrem
642 2042 692 2085 ιι.
724 2050 743 2084 ι
776 2061 844 2071 --
883 2048 902 2080 ι
940 2028 1178 2099 Spiritus
1206 2026 1353 2081 enim
1383 2015 1467 2080 est
1506 2025 1666 2089 Deus,
1693 2032 1745 2078 et
1772 2039 1867 2079 eos
1891 2024 1984 2093 qui

408 2123 642 2178 adorant
674 2138 823 2186 eum,
880 2122 933 2174 in
982 2120 1174 2190 spiritu
1236 2124 1289 2172 et
1350 2117 1578 2172 veritate
1628 2123 1844 2186 oportet
1891 2114 1986 2167 ad-

408 2228 570 2269 orare
597 2223 640 2267 '.
674 2231 693 2264 ι
715 2210 839 2267 Haec
855 2212 1018 2265 etiam
1044 2209 1274 2265 edoctus
1300 2209 1494 2263 beatus
1518 2208 1721 2262 Paulus
1750 2208 1803 2260 in
1835 2205 1983 2261 omni

410 2307 530 2358 loco
564 2304 720 2373 jubet
770 2316 952 2364 orare,
997 2319 1015 2352 ι
1083 2301 1335 2354 levantes
1385 2314 1555 2369 puras
1596 2313 1817 2360 manus,
1866 2299 1985 2351 sine

409 2399 489 2450 ira
539 2404 594 2449 et
628 2395 1031 2465 disceptatione
1078 2400 1127 2446 ³.
1193 2410 1210 2442 ›
1275 2390 1341 2444 Et
1401 2390 1622 2445 divinus
1683 2387 1985 2443 Malachias

408 2495 592 2557 aperte
634 2501 738 2541 nos
790 2485 874 2540 his
930 2484 1112 2539 verbis
1160 2484 1416 2554 pietatem
1463 2480 1673 2546 docuit,
1704 2496 1825 2549 qua:
1864 2476 1985 2532 ubi-

407 2591 515 2645 que
545 2591 689 2630 nunc
713 2574 943 2646 obtinet.
963 2572 1211 2628 Cessavit
1229 2572 1373 2627 enim
1397 2572 1517 2625 loco
1534 2569 1983 2638 circumscriptus

406 2666 589 2720 cultus
618 2664 990 2727 sacerdotum,
1021 2662 1202 2719 omnis
1233 2672 1414 2717 autem
1462 2664 1617 2716 locus
1644 2663 1708 2716 ad
1743 2660 1837 2715 Dei
1870 2660 1985 2714 cul-

406 2770 524 2811 tum
556 2755 787 2811 idoneus
816 2764 898 2809 est
926 2753 1241 2808 declaratus
1268 2771 1278 2805 :
1309 2759 1361 2805 et
1387 2752 1737 2804 victimarum
1760 2749 1983 2821 quidem

406 2848 621 2903 ratione
643 2846 952 2901 carentium
988 2844 1166 2899 caedes
1202 2845 1364 2897 linem
1397 2842 1569 2911 cepit,
1602 2843 1753 2895 solus
1802 2852 1981 2894 autem

407 2939 797 2996 immaculatus
836 2939 1026 3006 Agnus
1064 2937 1441 2999 sacriﬁcatur,
1479 2932 1572 3001 qui
1611 2933 1753 2985 tollit
1788 2946 1982 3002 pecca-

405 3041 525 3087 tum
559 3030 779 3095 mundi;
832 3026 1044 3099 1677
1093 3034 1150 3081 et
1206 3034 1470 3095 tanquam
1514 3026 1729 3095 signum
1760 3022 1984 3077 virtutis

408 3121 694 3176 odoratum
755 3120 983 3193 olIertur
1034 3120 1345 3173 incensum.
1395 3114 1568 3171 Judaei
1603 3124 1789 3171 autem
1830 3115 1983 3185 juxta

2091 1938 2207 2007 ὄρει
2241 1937 2436 2008 τούτῳ,
2463 1937 2585 1990 οὔτε
2618 1939 2677 1991 ὲν
2719 1938 3111 2008 Ἱεροσολύμοις
3150 1941 3557 2011 προσκυνήσετε
3585 1940 3665 2010 τῷ

2094 2032 2286 2101 Πατρί.
2301 2051 2420 2083 ›-‹
2442 2031 2664 2102 Πνεῦμα
2685 2030 2793 2100 γὰρ
2818 2031 2847 2083 6
2865 2030 3016 2093 Θεὸς,
3048 2030 3140 2083 καὶ
3159 2031 3283 2094 τοὺς
3305 2031 3665 2100 προσκυνοῦν-

2092 2140 2189 2186 τας
2213 2122 2373 2175 αὑτὸν
2401 2123 2457 2173 ὲν
2479 2113 2747 2190 πνεύματι
2777 2118 2871 2172 καὶ⁵
2893 2118 3116 2190 ἀληθείᾳ.
3139 2120 3219 2173 δεῖ
3252 2123 3600 2190 προσκυνεῖν.
3639 2139 3658 2171 ι

2092 2194 2276 2265 Ταῦτα
2306 2210 2731 2280 πεπαιδευμένος
2759 2213 2787 2263 6
2816 2210 3082 2280 μακάριος
3134 2208 3363 2273 Παῦλος,
3402 2212 3460 2262 ὲν
3505 2210 3665 2262 1ran

2090 2302 2239 2372 τόπῳ
2269 2301 2478 2355 κελεύει
2508 2301 2923 2372 προσεύχεσθαι,
2955 2300 3245 2371 αἴρονταςέ
3272 2301 3451 2363 ὁσίους
3478 2304 3663 2371 χεῖρας

2091 2395 2259 2466 χωρὶς
2283 2394 2451 2466 ὀργῆς
2486 2394 2579 2447 καὶ
2609 2392 2992 2463 διαλογισμῶν.
3042 2393 3151 2445 Kal
3180 2394 3208 2447 6
3234 2392 3373 2456 θεῖος
3396 2392 3454 2446 δὲ
3476 2393 3662 2448 Μαλα-

2092 2485 2212 2555 χίας
2245 2485 2429 2554 σαφῶς
2462 2486 2607 2557 ἡμᾶς
2645 2485 2735 2537 διὰ
2762 2483 2969 2538 τούτων
3002 2484 3209 2551 ἐδίδαξε
3252 2483 3350 2555 τὴν
3381 2485 3478 2539 νῦν
3508 2484 3660 2539 πολι-

2091 2576 2388 2648 τευομένην
2422 2575 2704 2629 εὐσέϐειαν
2740 2593 2751 2605 ·
2811 2576 3083 2628 πέπαυται
3116 2576 3213 2645 μὲν
3239 2576 3347 2644 γὰρ
3378 2576 3410 2644 ἡ
3445 2592 3663 2646 περιγι-

2091 2667 2382 2736 γραμμένη
2412 2666 2518 2719 τῶν
2554 2666 2741 2737 ἱερέων
2774 2666 3017 2738 λατρεία,
3068 2667 3174 2727 πᾶς
3206 2666 3264 2719 δὲ
3288 2666 3449 2729 τόπος
3476 2669 3665 2735 ἐπιτή-

2091 2755 2228 2818 δειος
2273 2756 2354 2817 είς
2395 2755 2493 2825 τὴν
2531 2757 2625 2809 τοῦ
2671 2755 2805 2808 Θεοῦ
2848 2754 3143 2825 θεραπείαν
3186 2756 3533 2824 νενόμισται·
3572 2756 3664 2809 καὶ

2091 2847 2199 2898 τῶν
2241 2846 2338 2916 μὲν
2386 2845 2593 2915 ἀλόγων
2638 2846 2895 2915 θυμάτων
2935 2846 3087 2909 τέλος
3135 2845 3327 2899 ἔλαϐεν
3371 2849 3403 2915 ἡ
3460 2847 3659 2918 σφαγὴ.

2095 2939 2251 3009 μόνος
2276 2938 2331 2991 δὲ
2369 2939 2396 2990 ὁ
2439 2936 2667 3009 ἄμωμος
2708 2939 2875 3008 ἀμνὸς
2924 2938 3211 3009 ίερεύεται,
3259 2938 3287 2988 6
3347 2940 3517 3011 αἴρων
3562 2940 3660 3008 τὴν

2092 3024 2364 3094 ἁμαρτίαν
2404 3022 2497 3077 τοῦ
2542 3026 2769 3094 κόσμου,
2812 3026 2905 3078 καὶ
2934 3026 3124 3095 ὥσπερ
3155 3044 3206 3079 τι
3255 3027 3522 3098 σύμϐολον
3565 3028 3663 3097 τῆς

2091 3114 2293 3185 ἀρετῆς
2331 3116 2391 3168 τὸ
2440 3116 2633 3178 εὑῶδες
2668 3116 2935 3185 θυμίαμα,
2988 3117 3229 3171 Ἰουδαῖοι
3274 3119 3328 3172 δὲ
3379 3119 3519 3173 κατὰ
3564 3119 3663 3191 τὴν

405 3213 649 3267 divinam
687 3211 1096 3281 praedictionem
1155 3208 1351 3277 rejecti
1407 3216 1535 3262 sunt
1573 3223 1587 3260 :
1624 3220 1795 3277 quare
1849 3205 1984 3260 dicit

2089 3206 2237 3259 θείαν
2271 3206 2575 3279 πρόρρησιν
2611 3208 3031 3279 ἀπεϐλήθησαν·
3077 3209 3154 3262 διό
3198 3227 3358 3279 φησιν
3393 3211 3526 3281 πρὸς
3568 3212 3664 3264 αὐ-

406 3320 488 3359 εις
518 3320 533 3357 2

482 3434 501 3468 ι
565 3414 701 3482 Quia
771 3430 970 3471 nomen
1023 3429 1201 3469 meum
1266 3428 1522 3485 magnum
1587 3410 1641 3466 in
1703 3410 1983 3481 gentibus.

406 3506 593 3576 (Vsus.
630 3505 744 3577 12.)
772 3503 882 3561 Vos
907 3512 1090 3560 autem
1132 3499 1699 3558 contaminatis'illud
1735 3516 1802 3556 eo
1836 3499 1985 3571 quod

406 3600 594 3653 dicitis
622 3616 635 3652 :
671 3597 858 3652 Mensa
883 3596 1102 3650 Domini
1132 3596 1341 3665 polluta
1363 3601 1470 3658 est,
1506 3603 1559 3648 et
1590 3594 1682 3664 qui
1718 3607 1988 3663 superpo—

404 3698 641 3750 nuntur.
670 3688 916 3759 despecti
949 3694 1081 3742 sunt
1118 3687 1225 3740 cibi
1269 3686 1411 3754 ejus.
1449 3702 1467 3735 ι
1500 3683 1557 3739 In
1594 3694 1802 3739 tantam
1839 3684 1986 3738 enim

406 3781 744 3850 impietatem
773 3780 1010 3848 prolapsi
1048 3778 1206 3845 estis,
1244 3786 1301 3830 ut
1337 3792 1447 3831 non
1480 3776 1641 3832 modo
1670 3785 1868 3845 praeter
1904 3775 1988 3830 le-

408 3872 491 3941 gis
519 3884 723 3923 morem
754 3869 1024 3932 offeratis,
1059 3869 1153 3925 sed
1184 3870 1350 3926 etiam
1387 3869 1657 3938 abjectam
1695 3868 1985 3939 appelletis

407 3976 656 4015 mensam
710 3961 845 4015 mihi
899 3966 1316 4026 consecratam;
1360 3968 1413 4014 et
1457 3960 1700 4014 accusati
1727 3973 1829 4013 cur
1859 3957 1986 4011 talia

406 4051 551 4105 dona
610 4048 875 4116 oﬂeratis,
918 4050 1103 4105 dicere
1158 4053 1278 4105 ausi
1331 4050 1507 4104 estis:
1541 4048 1682 4115 Quia
1724 4050 1839 4103 haec
1869 4048 1988 4118 ipsa

408 4144 581 4197 multo
618 4143 819 4199 sudore
849 4151 905 4198 et
935 4143 1124 4197 labore
1157 4142 1489 4212 colligimus.
1523 4143 1735 4197 Idcirco
1754 4157 1850 4197 vos
1883 4140 1989 4195 hac

408 4236 615 4289 ‘etiam
650 4250 831 4291 rerum
874 4234 1035 4305 copia
1068 4234 1338 4305 spoliabo.
1392 4233 1517 4288 Ihec
1563 4236 1710 4289 enim
1770 4248 1868 4303 per
1899 4247 1988 4286 se-

407 4327 629 4397 quentia
660 4326 901 4382 ostendit
934 4341 949 4379 :

481 4442 647 4499 Vsus.
691 4442 776 4497 15.
813 4459 832 4493 ι
870 4438 1215 4495 Etdixistis:
1244 4438 1369 4493 Haec
1406 4439 1472 4493 de
1505 4437 1801 4495 aluictione
1838 4446 1986 4492 sunt.

2093 3316 2250 3362 τους·

2164 3436 2182 3467 ι
2214 3413 2333 3469 ’Ὁτι
2378 3417 2519 3487 μέγα
2560 3417 2618 3470 τὸ
2657 3417 2828 3486 ὄνομά
2880 3433 2981 3486 μου
3014 3419 3071 3469 ὲν
3104 3418 3213 3480 τοῖς
3241 3415 3468 3470 ἔθνεσιν.
3525 3416 3661 3487 (ιβ’.)

2101 3509 2289 3578 Ὑμεῖς
2322 3509 2378 3561 δὲ
2412 3508 2700 3578 βεόηλοῦτε
2729 3509 2882 3573 αὐτὸ,
2912 3509 2969 3561 ὲν
2993 3507 3071 3579 τῷ
3094 3507 3272 3577 λέγειν
3306 3508 3449 3576 ὑμᾶς
3473 3525 3487 3538 ’
3521 3509 3665 3578 Τρά-

2090 3600 2229 3663 πεζα
2273 3601 2476 3670 Κυρίου
2521 3599 2860 3670 ἡλισγημένη
2904 3600 3043 3663 ἐστὶ,
3089 3598 3184 3652 καὶ
3215 3597 3283 3651 τὰ
3315 3596 3666 3668 ἐπιτιθέμενα

2091 3691 2439 3756 ὲξςυδένωται
2477 3691 2740 3762 βρώματα
2786 3690 2970 3745 αὑτοῦ.
3024 3709 3041 3742 ι
3102 3691 3195 3753 Et;
3242 3690 3508 3761 τοσαύτην
3557 3690 3665 3759 γὰρ

2089 3778 2343 3832 ἀσέϐειαν
2372 3778 2726 3849 ὲξετράπητε,
2749 3778 2822 3842 ὡς
2851 3778 2924 3849 μὴ
2958 3779 3114 3850 μόνον
3138 3781 3468 3849 παρανόμως
3494 3794 3663 3850 προσ-

2091 3868 2297 3938 φέρειν,
2333 3868 2467 3921 ἀλλὰ
2493 3869 2585 3922 καὶ
2613 3868 2803 3939 εὐτελῆ
2831 3867 3258 3939 προσαγορεύειν
3296 3867 3395 3939 τὴν
3426 3870 3668 3940 όιιριερω-⁵

2094 3957 2261 4028 μένην
2296 3973 2385 4029 μοι
2414 3957 2688 4029 τράπεζαν
2717 3974 2730 3988 ·
2776 3960 2872 4011 καὶ
2919 3958 3328 4027 ἐγκαλούμενοι,
3375 3958 3428 4012 τί
3464 3959 3663 4030 δήποτε

2090 4048 2315 4103 τοιαῦτα
2345 4049 2495 4119 δῶρα
2526 4049 2885 4121 προσφέρετε,
2933 4051 3109 4103 εἰπεῖν
3150 4049 3547 4119 τετολμήκατε,
3589 4049 3665 4111 ὡς

2095 4142 2203 4195 Kal
2230 4141 2402 4196 ταῦτα
2437 4143 2575 4211 μετὰ
2611 4141 2820 4195 πολλῶν
2852 4141 3089 4214 ἱδρώτων
3136 4142 3231 4195 καὶ
3264 4141 3445 4196 κόπων
3479 4141 3661 4195 συλλὲ-

2091 4251 2279 4303 γομεν.
2321 4226 2396 4287 υἷι
2426 4234 2584 4304 χάριν
2612 4234 2705 4287 καὶ
2735 4234 2934 4303 ταύτης
2964 4234 3108 4303 ὑμᾶς
3134 4233 3405 4303 γυμνώσω
3440 4232 3538 4303 τῆς
3572 4234 3663 4285 εύ-

2092 4326 2285 4395 πορίας
2311 4342 2322 4352 ·
2356 4324 2529 4377 ταῦτα
2556 4324 2663 4391 γὰρ
2694 4323 2782 4377 διὰ
2811 4323 2919 4376 τῶν
2948 4322 3301 4393 ἐπαγομένων
3330 4324 3593 4394 ὲσήμανε.

2175 4445 2264 4507 ιγ’.
2323 4457 2341 4489 ι
2373 4437 2482 4492 Kal
2520 4437 2709 4490 εἴπατε
2731 4453 2744 4465 ο
2794 4436 2978 4490 Ταῦτα
3007 4438 3069 4489 ἐκ
3115 4436 3487 4500 κακοπαθείας
3523 4437 3659 4491 ἐστί.

408 4533 477 4587 Ει
514 4531 794 4590 exsulﬁavi
823 4542 907 4595 ea,
943 4528 1082 4586 dicit
1110 4529 1376 4583 Dominus
1411 4528 1781 4598 omnipotens.
1815 4546 1833 4578 ι
1871 4525 1985 4599 [14]

2091 4530 2200 4583 Καὶ
2232 4516 2537 4599 ε’ξεφύσησα
2565 4527 2724 4593 αὐτὰ,
2763 4526 2909 4596 λέγει
2953 4526 3154 4598 Κύριος
3185 4529 3599 4599 παντοκράτωρ.
3640 4547 3658 4579 ι

409 4626 619 4682 Deinde
646 4624 924 4680 maledicit
965 4622 1072 4687 bis,
1114 4622 1209 4691 qui
1251 4620 1515 4675 masculis
1561 4620 1781 4689 quidem
1826 4633 1989 4688 peco-

409 4715 564 4771 ribus
600 4711 906 4778 abundant,
950 4719 1005 4765 et
1058 4710 1388 4780 promittunt
1435 4708 1548 4761 haec
1597 4722 1656 4761 se
1705 4707 1991 4762 oblaturos

410 4809 465 4859 iu
496 4806 827 4861 sacriﬁcium
873 4824 886 4858 :
923 4803 1247 4878 relinquunt
1269 4810 1454 4854 autem
1492 4800 1604 4866 illa,
1649 4809 1704 4853 et
1754 4801 1861 4853 alia
1889 4815 1989 4870 pro

407 4901 487 4954 eis
520 4898 713 4952 mutila
745 4895 1001 4951 offerunt.
1037 4894 1175 4949 Nam
1199 4910 1263 4949 ex
1298 4892 1485 4956 rebus,
1512 4890 1710 4961 inquit,
1740 4891 1877 4960 ipsis
1909 4893 1990 4945 in-

408 4989 663 5060 telligatis
691 4994 1157 5059 oportet,quanta
1192 4987 1264 5042 sit
1299 4985 1451 5055 regni
1471 4994 1526 5038 et
1567 4985 1826 5053 potentia:
1858 4998 1991 5039 mem

410 5078 750 5149 magnitudo,
810 5092 974 5147 quam
1030 5084 1217 5131 notam
1274 5076 1473 5131 faciam
1541 5075 1798 5130 omnibus
1858 5092 1990 5144 gen-

409 5171 578 5225 tibus.

482 5355 511 5397 ει
550 5343 712 5400 Joan.
750 5362 824 5411 tv,
854 5345 945 5399 ςιῖΙ.
1027 5354 1048 5381 ι’
1093 5344 1224 5399 ibid.
1260 5344 1349 5398 2i.
1430 5356 1450 5379 ί·
1496 5344 1512 5398 Ι
1550 5343 1792 5397 Timolh.
1837 5358 1898 5405 ιι,
1938 5343 1989 5396 8.

2092 4615 2226 4672 Εἶτα
2260 4621 2528 4690 ἐπαρᾶται
2561 4622 2672 4682 τοῖς
2718 4617 3007 4689 εὐποροῦσι
3058 4618 3156 4688 μὲν
3202 4619 3447 4690 ἀρρένων
3490 4617 3661 4688 θρεμ-

2093 4711 2301 4781 μάτων,
2336 4711 2427 4765 xal
2471 4711 2862 4781 ὑποσχομένοις
2908 4711 3079 4777 ἱερεῖα
3121 4708 3291 4762 ταῦτα
3333 4709 3659 4779 προσοίσειν,

2091 4804 2186 4857 καὶ
2213 4804 2713 4873 καταλιμπάνουσιν
2759 4803 2857 4873 μὲν
2883 4803 3089 4866 ἐκεῖνα,
3120 4800 3253 4855 ἄλλα
3280 4801 3336 4855 δὲ
3370 4802 3484 4855 ἀντ’
3519 4800 3664 4853 ἑκεί-

2091 4912 2198 4949 νων
2224 4896 2597 4967 πεπηρωμένα
2622 4894 3013 4965 προσφέρουσι.
3052 4895 3129 4946 Δι’
3151 4893 3330 4948 αὐτῶν
3353 4891 3480 4963 γὰρ,
3508 4891 3662 4961 φησὶ,

2093 4984 2284 5055 μαθεῖν
2310 4985 2454 5055 ὑμᾶς
2481 4985 2562 5037 δεῖ
2585 4984 2694 5037 τῶν
2729 4983 3071 5053 πραγμάτων
3096 4982 3195 5053 τῆς
3223 4982 3361 5053 ἐμῆς
3389 4981 3665 5053 βασιλείας

2060 5144 2063 5147 η
2090 5076 2184 5129 καὶ
2207 5075 2522 5139 δυναστείας
2552 5074 2613 5127 τὸ
2645 5075 2894 5145 μέγεθος,
2928 5075 2956 5128 6
2989 5073 3264 5147 γνώριμον
3286 5074 3497 5144 ποιήσω
3533 5072 3662 5126 πᾶσι

1975 5180 1983 5189 ‘
2092 5169 2205 5230 τοῖς
2239 5167 2436 5221 ἔθνεσι.

1700 5493 1935 5553 νΑΒιιλΕ
1979 5495 2272 5551 LECTION
2284 5498 2384 5553 ES.

487 5613 591 5687 3T.
629 5614 667 5687 ί,
697 5614 750 5669 ll.
782 5628 863 5668 cc.
900 5622 1005 5687 est,
1031 5612 1125 5687 ὅτιΔ
1165 5609 1234 5687 _"
1275 5610 1460 5687 καῖ-ο
1491 5612 1659 5687 δε-δόξ.
1697 5611 1759 5667 Τ.
1795 5611 1836 5674 1,
1870 5612 1926 5666 ll.
1969 5627 2053 5668 cc.
2085 5621 2189 5687 est,
2223 5614 2383 5687 μέχρι
2416 5614 2648 5687 δυσμῶν
2705 5614 2846 5684 μέγα
2906 5615 2970 5687 τὸ
3028 5612 3215 5687 ὄνομαΔ
3261 5630 3390 5687 μου.
3483 5611 3502 5640 ⁸
3529 5608 3662 5687 θυμ.

412 5681 575 5739 Locis
608 5685 919 5757 citipraun.
949 5679 1029 5737 τό.
1107 5682 1129 5757 ξ
1157 5679 1320 5757 _Tom.
1403 5692 1455 5735 et
1491 5681 1660 5757 lV,AIl.
1693 5697 1782 5757 cc.
1816 5692 1899 5736 est
1936 5679 2343 5757 προσφέρεται.’
2407 5686 2426 5718 ⁷
2460 5679 2551 5738 καῖ
2593 5679 2834 5740 νῦν-ἐστ.
2904 5686 3022 5739 Des.
3078 5679 3217 5754 apud
3249 5679 3509 5737 Joannem
3539 5680 3578 5736 ι.
3603 5679 3664 5736 δ.

417 5767 483 5805 ex
517 5768 660 5809 vers.
684 5749 755 5805 23
772 5755 1021 5823 petitum.
1105 5750 1127 5784 ⁸
1155 5749 1297 5805 Loco
1325 5750 1420 5807 cit.
1454 5761 1537 5808 est
1577 5752 1919 5823 ἐπαίροντας.
