4090 6406
384 545 524 619 1969
1542 554 1626 618 IN
1664 555 2070 620 ΜΑιΑεΗΙιΕ
2110 557 2267 619 CAP.
2310 557 2393 618 II.
3486 561 3627 626 1970

914 667 1307 725 ΚΕΦΑΛΑῙΟΝ
1346 667 1419 723 B'.
1982 669 2030 728 Α

1395 667 1419 723 ’.
1982 669 2030 728 Α
2678 667 2908 726 CAPUT
2949 670 3010 729 Il.

453 762 524 811 α’.
572 775 589 807 ι
628 757 737 810 Καὶ
766 756 861 811 νῦν
902 760 934 829 ἠ
974 759 1161 830 ἐντολὴ
1204 757 1343 831 αὕτη
1391 760 1529 830 πρὸς
1577 760 1743 830 ὑμᾶς,
1786 755 1832 815 ὧ
1877 762 1947 816 ἱε-

2128 757 2290 814 Vsas.
2323 760 2373 817 l.
2416 777 2434 811 ι
2477 758 2539 813 Ει
2562 775 2712 815 nunc
2748 761 3068 816 mandatum
3105 762 3210 818 hoc
3242 763 3308 817 ad
3344 778 3460 828 vos,
3490 780 3634 820 osa~

386 848 551 920 ρεῐς⁹.
589 865 609 898 ι
664 846 790 902 Ἐἀν
822 850 879 903 δὲ
911 851 985 921 μὴ
1037 849 1329 922 βουληθῆτε
1367 851 1670 915 σπουδαίως
1698 855 1955 923 προσχεῖν

2055 848 2331 905 cerdotes.
2367 868 2387 902 ι
2426 847 2531 923 [2.]
2566 847 2726 917 Quod
2757 851 2804 904 si
2830 850 3126 907 nolueritis
3160 851 3225 906 ad
3250 867 3312 907 ea
3333 868 3456 922 qua:
3486 868 3516 908 a
3547 870 3632 910 me

380 941 494 1004 τοῖς
524 939 616 994 ὑπ’
643 938 777 1011 ἐμοῦ
802 941 1136 1012 λεγομένοις,
1166 943 1261 995 καὶ
1292 940 1509 997 πάντων
1535 942 1671 1011 ὁμοῦ
1701 942 1763 995 τὸ
1792 942 1956 1005 σέϐας

2056 941 2315 996 dicuntur
2359 941 2604 995 animum
2638 940 2934 1011 diligenter
2973 942 3278 1007 attendere,
3313 950 3479 1013 atque
3508 958 3630 997 om—

382 1030 443 1083 τὸ
484 1029 615 1099 ὲμδν
663 1032 1018 1101 προτιμῆσαι,
1078 1050 1095 1084 ι
1127 1031 1501 1098 Ἐξαποστελῶ
1547 1035 1632 1103 ἐφ’
1668 1034 1811 1103 ὑμᾶς
1857 1036 1955 1105 τὴν

2056 1032 2219 1087 nibus
2252 1032 2415 1087 simul
2448 1032 2618 1087 rebus
2645 1034 2852 1086 cultum
2881 1049 3062 1088 meum
3093 1034 3407 1089 anteferre:
3451 1053 3471 1087 ι
3507 1034 3630 1091 Mit~

384 1119 650 1191 κατάραν,
689 1121 784 1175 καὶ
827 1123 1303 1194 ὲπικαταράσομαι
1354 1123 1455 1194 τὴν
1499 1123 1748 1193 εὐλογίαν
1779 1124 1951 1195 ὑμῶν,

2055 1130 2166 1175 tam
2200 1138 2367 1192 super
2412 1138 2511 1177 vos
2550 1123 3024 1179 maledictionetn:
3065 1133 3119 1179 et
3164 1125 3378 1196 1678
3407 1125 3632 1180 maledi-

384 1212 479 1265 καὶ
509 1211 889 1283 καταράσομαι
922 1213 1112 1284 αὐτὴν,
1162 1216 1256 1267 καὶ
1296 1213 1630 1267 διασκεδάσω
1668 1214 1769 1286 τὴν
1801 1214 1955 1269 εὐλο-

2057 1227 2176 1267 cam
2212 1212 2579 1268 benedictioni
2612 1224 2825 1278 vestrm,
2853 1223 2907 1269 et
2937 1213 3259 1269 maledicam
3289 1217 3361 1278 ei,
3390 1225 3443 1270 et
3465 1216 3632 1271 dissi-

383 1306 509 1373 γίαν
539 1306 692 1376 ὑμῶν
711 1307 776 1372 ⁸⁸,
807 1309 903 1361 καὶ
929 1308 1028 1360 οὐκ
1062 1305 1213 1362 [erat
1260 1310 1318 1361 ἐν
1338 1310 1380 1341 ¹¹
1418 1310 1568 1378 ὑμῖν,
1593 1309 1676 1361 ὅτι
1704 1309 1862 1378 ὑμεῖς
1893 1310 1955 1362 ού

2057 1302 2199 1373 pabo
2250 1303 2685 1359 benedictionem
2719 1313 2956 1361 vestram
3007 1325 3019 1359 :
3060 1312 3114 1359 et
3158 1319 3267 1359 non
3302 1306 3407 1359 erit
3450 1307 3626 1370 vobis,

383 1395 598 1450 τίθεσθε
628 1397 707 1461 είς
733 1398 961 1470 καρδίαν
982 1399 1026 1432 ⁸⁸
1060 1398 1237 1469 ὐμῶν.
1268 1419 1287 1452 ι
1335 1402 1639 1469 Erum-[ar
1666 1400 1820 1453 καλεῖ
1857 1401 1957 1470 τὴν

2057 1394 2187 1463 quia
2216 1408 2315 1448 vos
2336 1410 2446 1448 non
2478 1395 2746 1465 reponitis
2776 1395 2842 1449 ad
2876 1410 2973 1449 cor
3002 1403 3269 1450 vestrum.
3297 1395 3630 1450 Benedictio-

385 1486 684 1559 ἱερωσύνην
714 1489 903 1560 αὐτὴν,
933 1492 997 1561 ἠν
1027 1491 1167 1545 κατά
1193 1491 1344 1546 Θείαν
1375 1491 1565 1546 ἔλαϐον
1589 1491 1751 1562 χάριν
1770 1508 1785 1523 ο
1822 1493 1955 1545 ταύ-

2059 1501 2172 1538 nem
2199 1486 2443 1554 appellat
2474 1486 2843 1540 sacerdotium
2869 1486 3072 1555 ipsum,
3096 1486 3241 1556 quod
3269 1502 3363 1557 per
3388 1487 3627 1542 divinam

383 1596 481 1647 την
511 1580 774 1650 ἠπείλησε
808 1580 1133 1637 καταλύσειν
1181 1583 1274 1635 καὶ
1316 1582 1685 1637 διασκεδάσειν
1730 1583 1817 1637 διὰ
1859 1585 1958 1655 τὴν

2057 1576 2287 1645 gratiam
2322 1584 2675 1646 acceperunt.
2724 1576 2836 1631 lloc
2879 1577 3121 1630 minatur
3148 1592 3208 1632 se
3228 1578 3627 1633 dissolutnrmn

386 1670 514 1741 περὶ
541 1671 706 1742 αὐτὴν
741 1672 1119 1744 γεγενημένην
1147 1673 1395 1727 ἀτοπίαν.

2058 1674 2113 1719 ct
2159 1666 2556 1736 dissipaturum
2605 1682 2751 1732 esse,
2797 1680 3020 1738 propter
3058 1668 3291 1725 abusum
3342 1672 3632 1739 perabsur-

2060 1757 2186 1811 dum
2221 1756 2277 1811 in
2309 1773 2373 1812 eo
2395 1758 2772 1814 commissum.

455 1845 524 1913 γ’,
572 1864 590 1895 ι
638 1845 767 1899 Ἰδοὺ
811 1844 921 1914 ἐγὼ
963 1848 1208 1918 ἀφορίζω
1263 1850 1392 1920 ὑμῖν
1437 1850 1527 1903 τὸν
1577 1844 1805 1919 Etyma“,
1865 1852 1958 1905 καὶ

2132 1846 2296 1904 Vens.
2327 1850 2381 1905 3.
2420 1868 2438 1900 ι
2482 1848 2633 1923 Ecce
2650 1864 2752 1920 ego
2778 1865 2976 1921 separo
3028 1850 3182 1906 vobis
3232 1850 3544 1915 humerum,
3577 1859 3631 1905 et
3682 1838 3704 1851 ’

384 1935 721 2005 διασκορπιῶ
773 1935 1028 2008 ένυστρον
1061 1937 1105 1970 ιδ
1168 1939 1260 1992 ἐπὶ
1319 1940 1387 1993 τά
1441 1941 1706 2011 πρόσωπα
1766 1941 1955 2010 ὑμῶν.

2060 1937 2368 2008 dispergam
2419 1939 2787 1993 ventriculum
2834 1955 3001 2009 super
3032 1938 3197 1994 facies
3230 1948 3467 2001 vestras,
3500 1953 3631 1993 ven-

386 2029 639 2098 ξνυστρον
693 2031 891 2099 ἑορτῶν
942 2032 1114 2102 ὑμῶν,
1165 2034 1257 2086 καὶ
1295 2032 1535 2103 λήψομαι
1584 2034 1727 2104 ὑμᾶς
1772 2036 1851 2096 είς
1899 2015 2001 2088 τὸ1

2012 2017 2317 2079 3triculum
2382 2027 2794 2081 solemnitatum
2860 2037 3191 2092 vestrarum,
3230 2037 3285 2083 et
3332 2029 3627 2099 suscipiam

386 2121 536 2173 αὐτο.
579 2140 597 2172 ι
646 2121 815 2175 Τοῦτο
859 2125 887 2176 ὁ
930 2122 1161 2186 ’Δκύλας
1197 2125 1542 2195 ἡρμήνευσεν
1568 2141 1584 2158 ⁸
1625 2143 1643 2176 ι
1671 2124 1805 2178 Ἰδοὺ
1845 2125 1958 2194 ἐγὼ

2060 2130 2155 2172 vos
2183 2116 2366 2171 simul.
2401 2136 2419 2167 ι
2459 2115 2571 2170 Hoc
2605 2116 2802 2187 Aquila
2836 2118 2917 2174 sic
2950 2118 3342 2190 interpretatur
3370 2136 3383 2173 :
3429 2136 3449 2170 ι
3490 2116 3630 2172 Ecce

387 2210 621 2279 έπιτιμῶ
656 2211 781 2281 ὑμῖν
810 2213 904 2265 σὺν
934 2213 1011 2283 τῷ
1040 2212 1303 2283 βραχίονι,
1354 2217 1446 2268 καὶ
1475 2215 1727 2286 λικμήσει)
1757 2218 1958 2287 κόπρον

2058 2223 2158 2278 ego
2189 2223 2285 2262 vos
2315 2209 2611 2278 increpabo
2644 2224 2768 2264 cum
2802 2210 3046 2276 brachio,
3074 2219 3128 2266 et
3155 2210 3463 2282 dispergam
3487 2218 3630 2267 ster-

387 2301 478 2351 έπὶ
513 2302 779 2371 πρόσωπα
807 2304 981 2373 ὑμῶν,
1012 2305 1213 2375 κόπρον
1246 2306 1447 2376 ἑορτῶν
1476 2308 1647 2377 ὑμῶν.
1685 2328 1703 2363 ι
1738 2310 1957 2382 Ἐπειδὴ

2058 2314 2158 2354 cus
2202 2315 2367 2368 super
2414 2300 2633 2366 vultum.
2674 2309 2936 2367 vestrum,
2970 2308 3187 2357 stercus
3214 2301 3626 2357 solemnitatum

385 2393 493 2461 γὰρ
520 2395 627 2454 τοῖς
659 2394 860 2464 ἱερεῦσι
892 2394 1033 2449 κατά
1055 2396 1215 2466 νόμον
1246 2397 1522 2466 ἀφώριστο
1549 2416 1608 2452 τε
1640 2402 1702 2454 τὸ
1765 2401 1960 2471 στηθύ-

2060 2400 2387 2447 vestrarum.
2434 2413 2452 2444 ι
2509 2392 2777 2458 Quoniam
2814 2393 2958 2447 enim
2994 2391 3374 2448 sacerdotibus
3429 2407 3628 2447 secun-

386 2498 518 2545 νιον,
569 2483 660 2535 καὶ
706 2485 734 2536 ὁ
787 2483 1024 2554 βραχίων
1058 2487 1101 2538 ’ὁ
1134 2483 1324 2551 δεξιὸς,
1368 2488 1581 2541 ἀπειλεῖ
1623 2489 1717 2542 καὶ
1764 2492 1960 2556 αὐτοὺς

2058 2485 2187 2539 dum
2233 2485 2403 2555 legem
2452 2487 2812 2555 separabatur
2869 2486 3268 2554 pectusculum,
3322 2494 3377 2539 et
3439 2498 3628 2537 armus

385 2574 733 2645 ἀποῤῥίψειν,
785 2578 878 2631 καὶ
910 2579 1001 2630 τὸν
1047 2579 1405 2650 ἀφορισθέντα
1439 2582 1620 2645 αὐτοῖς
1658 2582 1915 2654 βραχίονα
1942 2602 1956 2616 ο

2059 2576 2266 2641 dexter,
2287 2576 2524 2629 min-itur
2552 2592 2611 2631 se.
2646 2592 2741 2631 cos
2773 2576 3170 2647 projecturum,
3203 2585 3367 2645 atque
3412 2589 3628 2628 armum

386 2665 505 2717 ἀντὶ
532 2665 587 2718 δὲ
632 2665 726 2719 τοῦ
764 2668 1045 2737 στηθυνίου
1071 2670 1132 2723 τὸ
1167 2672 1462 2740 ἕνυστρον
1492 2673 1721 2735 τέθεικε,
1776 2677 1836 2728 τὸ
1862 2678 1961 2746 τῆς

2057 2668 2138 2721 eis
2173 2668 2532 2734 assignatum.
2577 2667 2682 2722 Pro
2729 2668 3053 2737 pectusculo
3078 2676 3257 2721 antem
3284 2665 3630 2721 ventriculum

394 2755 593 2827 κύπρου
621 2757 843 2827 δοχεῖον.
893 2760 1066 2814 Πάλαι
1104 2761 1200 2830 μὲν
1249 2763 1355 2830 γὰρ
1381 2764 1561 2825 αὐτοῖς
1589 2765 1903 2819 εὐσεϐοῦσιν
1930 2769 1959 2821 ὁ

2060 2759 2261 2829 posuit,
2295 2760 2558 2814 stercoris
2590 2761 3016 2828 receptaculum.
3049 2758 3190 2813 Olim
3228 2757 3471 2828 quidem,
3502 2772 3627 2811 cum

387 2845 518 2909 Θεὸς
558 2848 647 2901 τὸν
679 2849 937 2920 βραχίονα
968 2853 1057 2903 τὸν
1100 2850 1271 2917 δεξιὸν
1303 2854 1619 2925 ἀπένειμεν,
1650 2856 1725 2920 ὡς
1759 2857 1961 2927 σύμϐο-

2059 2846 2314 2915 pietatem
2342 2846 2603 2912 colerent,
2642 2846 2785 2901 Deus
2814 2861 3029 2900 arn‘nnn
3051 2847 3335 2900 dexterum
3364 2846 3445 2900 eis
3472 2846 3629 2898 attric

383 2936 473 2988 λον
505 2940 603 3006 τῆς
636 2942 945 3011 πρακτικῆς
974 2943 1174 3013 ἀρετῆς
1206 2960 1220 2973 °
1272 2945 1333 2996 τὸ
1374 2946 1429 2997 δὲ
1464 2948 1767 3017 στηθύνιον,
1807 2948 1835 3001 ὃ
1860 2953 1959 3019 τῆς

2057 2936 2196 3001 buit,
2229 2944 2488 3006 tanquam
2528 2939 2748 3006 signum
2778 2938 3000 2993 virtutis
3029 2947 3270 2991 actuosa:
3296 2955 3309 2991 :
3339 2947 3630 3008 pectuscu-

384 3027 609 3094 καρδίας
640 3030 890 3102 καθάπερ
935 3049 1018 3097 τις
1048 3033 1229 3103 θώραξ
1256 3036 1644 3107 προϐέϐληται,
1695 3038 1960 3102 φυλάττον

2056 3026 2170 3079 lum
2197 3040 2348 3090 vero,
2378 3027 2523 3097 quod
2554 3035 2815 3097 tanquam
2856 3028 3026 3081 lorica
3073 3029 3322 3097 quaedam
3369 3036 3498 3081 ante
3534 3040 3632 3081 cor

384 3114 552 3186 αὐτὴν
585 3118 678 3170 καὶ
731 3120 1037 3188 καλύπτον,
1087 3125 1352 3192 σύμϐολον
1397 3126 1504 3179 τῶν
1550 3127 1652 3193 τῆς
1680 3126 1961 3192 εὐσεϐείας

2058 3117 2383 3171 collocatum
2420 3127 2522 3180 est,
2552 3126 2605 3171 et
2640 3118 2771 3171 illud
2819 3126 3003 3171 tuetur
3056 3132 3119 3171 ac
3168 3117 3425 3188 protegit,
3455 3125 3513 3170 ut
3558 3118 3634 3171 si-

382 3204 685 3274 δογμάτων.
727 3208 946 3282 Ἐπειδὴ
988 3212 1044 3265 δὲ
1077 3219 1173 3269 καὶ
1201 3217 1298 3286 τῆς
1324 3216 1602 3279 εὐσεϐείας
1632 3219 1848 3281 ἑκόντες
1874 3219 1960 3284 ὲξ-

2059 3222 2225 3277 gnum
2273 3208 2590 3277 dogmatum
2645 3208 2885 3276 pietatis.
2922 3208 3195 3274 Quoniam
3233 3216 3413 3263 autem
3443 3208 3634 3263 volun-

385 3298 637 3403 έστησαν,
674 3299 768 3401 καὶ
795 3302 892 3371 τῆς
939 3303 1139 3374 ἀρετῆς
1168 3305 1581 3376 ἐγυμνώθησαν,
1612 3308 1673 3360 τδ
1702 3308 1956 3380 ἔνυστρον
1984 3345 2000 3400 ⁴

2015 3344 2027 3365 ,
2060 3299 2220 3360 tarie,
2252 3308 2304 3352 et
2336 3315 2365 3353 a
2395 3300 2597 3367 pietate
2646 3300 3005 3355 desciverunt.
3034 3309 3087 3352 et
3120 3298 3324 3351 virtute
3352 3312 3475 3351 sese
3499 3313 3630 3367 spo-

383 3387 549 3455 λέγει,
577 3390 635 3441 τὸ
659 3389 757 3458 τῆς
783 3391 987 3463 κύπρου
1017 3393 1239 3464 δοχεῖον,
1272 3398 1351 3459 είς
1375 3396 1443 3452 τά
1483 3399 1747 3468 πρόσωπα
1779 3401 1957 3454 αὐτῶν
1986 3387 1998 3400 ’

2015 3387 2028 3402 ’
2062 3389 2287 3454 liarunt,
2335 3390 2696 3444 ventriculum
2745 3390 2873 3443 dicit
2919 3390 3184 3444 stercoris
3224 3387 3630 3457 receptaculum

385 3479 755 3545 σκεδαννύναι,
787 3482 885 3554 τὴν
916 3485 1176 3556 αἰσχύνην
1206 3487 1299 3540 καὶ
1327 3488 1423 3558 τὴν
1457 3490 1681 3558 ἀτιμίαν
1715 3491 1800 3545 διὰ
1830 3493 1957 3545 τού-

2060 3483 2115 3536 in
2160 3480 2333 3536 facies
2370 3497 2562 3535 eorum
2606 3498 2664 3537 se
2708 3482 3080 3550 dispersorum
3112 3499 3124 3534 :
3154 3495 3249 3549 per
3284 3480 3399 3534 haec
3423 3480 3632 3551 signiﬁ-

382 3588 490 3624 των
544 3572 839 3641 σημαίνων.
899 3574 1101 3629 Τούτου
1155 3576 1231 3643 δὲ,
1268 3581 1423 3648 φησὶ,
1471 3582 1777 3651 γινομένου,
1818 3585 1958 3651 γνώ-

2060 3588 2193 3627 cans
2214 3573 2455 3628 dedecus
2511 3582 2564 3628 et
2619 3571 3091 3643 ignominiannEv
3133 3586 3261 3643 quo,
3300 3571 3500 3641 inquit,
3537 3587 3632 3626 co-

385 3662 541 3715 σεσθε
584 3663 660 3727 ὡς
704 3663 813 3732 ἐγὼ
859 3669 973 3729 τοῖς
1014 3668 1302 3738 ὑμετέροις
1331 3672 1612 3742 προγόνοις
1644 3673 1819 3727 ἔδωκα
1861 3675 1958 3747 τὴν

2061 3666 2340 3735 gnoscetis
2406 3680 2491 3719 me
2557 3665 2864 3734 majoribus
2910 3667 2926 3687 ‘
2976 3664 3175 3720 vestris
3226 3665 3293 3720 de
3344 3662 3630 3719 sacriﬁciis

383 3751 512 3820 περὶ
549 3750 657 3803 τῶν
694 3750 896 3806 θυσιῶν
943 3754 1183 3826 ἐντολήν.
1233 3754 1363 3813 Εἶτα
1416 3760 1685 3831 μέμνηται
1737 3761 1824 3815 διὰ
1864 3764 1957 3817 τοῦ

2062 3758 2375 3812 mandatum
2407 3757 2644 3811 dedisse.
2675 3757 2879 3811 Deinde
2906 3774 3001 3826 per
3018 3757 3145 3810 Levi
3183 3758 3434 3811 meminit
3466 3762 3632 3811 Aaro-

384 3838 514 3892 Aeu‘t
568 3840 659 3894 τοῦ
715 3842 924 3914 Ἀαρὼν
970 3844 1065 3898 τοῦ
1121 3847 1339 3917 πρώτου
1392 3850 1599 3921 ἱερέως.
1658 3852 1802 3922 Ἔφη
1851 3852 1958 3924 γὰρ

1778 3868 1802 3922 η
1851 3852 1958 3924 γὰρ
2061 3850 2147 3905 nis
2175 3850 2337 3919 primi
2364 3849 2692 3904 sacerdotis.
2726 3848 2816 3903 Sic
2849 3850 2993 3903 enim
3030 3849 3247 3919 1679
3280 3849 3393 3904 ait:

382 3929 558 3993 οὓτως
577 3948 592 3963 ο
1592 3996 1619 4006 _

449 4022 511 4076 δ’.
559 4040 579 4073 ι
622 4022 731 4077 Καὶ
764 4025 1155 4094 ἐπιγνώσεσθε,
1200 4029 1282 4083 ὅτι
1309 4030 1353 4062 ¹⁸
1385 4029 1495 4100 ἐγὼ
1541 4032 1742 4104 Κύριος
1786 4035 1952 4102 ἑξαπο

2130 4024 2293 4081 Vens.
2318 4024 2370 4079 4.
2412 4043 2431 4075 ι
2473 4024 2538 4079 Ει
2568 4022 2917 4094 cognoscetis
2968 4037 3054 4077 me
3086 4021 3375 4079 Dominum
3416 4024 3633 4081 misisse

384 4109 623 4165 ἑσταλκα
645 4112 687 4145 ⁸⁸
718 4113 852 4183 πρὸς
882 4114 1026 4185 ὑμᾶς
1056 4119 1154 4186 τὴν
1176 4117 1391 4189 ἐντολὴν
1416 4120 1637 4191 ταύτην,
1673 4123 1767 4176 τοῦ
1808 4121 1947 4179 εἶναι

2059 4121 2124 4174 ad
2149 4133 2245 4173 vos
2271 4116 2587 4171 mandatum
2612 4117 2739 4181 hoc,
2772 4123 2832 4169 ut
2859 4124 3004 4170 esset
3035 4121 3418 4170 testamentum
3452 4131 3630 4172 meum

382 4201 481 4271 τὴν
506 4202 765 4275 διαθήκην
815 4222 916 4276 μου
943 4207 1081 4278 πρὸς
1127 4210 1251 4273 τοὺς
1277 4212 1531 4276 Λευῖτας,
1563 4213 1711 4282 λέγει
1755 4216 1957 4288 Κύριος

2057 4208 2125 4262 ad
2148 4209 2386 4273 Levitas,
2411 4206 2548 4262 dicit
2570 4205 2835 4262 Dominus
2855 4205 3221 4275 omnipotens.
3253 4223 3272 4256 ι
3302 4203 3507 4262 Deinde
3524 4207 3633 4263 illis

382 4293 793 4365 παντοκράτωρ.
831 4314 848 4346 ι
886 4291 1019 4351 Εἶτα
1047 4297 1257 4363 τούτοις
1285 4301 1595 4370 ἐπήγαγεν·
2058 4298 2262 4366 adjecit
2291 4317 2304 4353 :

456 4388 517 4436 ε’.
564 4400 582 4434 ι
617 4384 680 4437 Ἦ
708 4384 936 4456 διαθήκη
972 4404 1071 4456 μου
1115 4384 1184 4460 ἦν
1213 4392 1332 4460 μετ’
1356 4393 1518 4446 αὑτοῦ
1551 4394 1651 4462 τῆς
1684 4395 1827 4467 ζωῆς
1861 4398 1955 4451 καί

2136 4390 2291 4444 Vens.
2323 4389 2376 4443 5.
2412 4407 2430 4440 ι
2463 4386 2879 4442 Testamentum
2924 4401 3106 4441 meum
3133 4379 3243 4439 'l‘uit
3269 4402 3394 4443 cum
3419 4400 3485 4441 eo
3506 4386 3642 4441 vita!
3747 4390 3751 4398 '

382 4474 480 4541 τῆς
511 4475 752 4545 είρήνης,
791 4476 886 4529 καὶ
932 4475 1108 4531 ἔδωκα
1137 4478 1286 4551 αὐτῷ
1317 4480 1522 4552 φ66ῳ¹⁷
1550 4484 1831 4552 φοϐεῖσθαί
1863 4504 1950 4557 με,

2057 4491 2112 4538 et
2133 4481 2305 4553 pacis,
2333 4489 2387 4536 et
2406 4480 2534 4535 dedi
2567 4480 2615 4533 ei
2643 4487 2701 4532 ut
2727 4478 2924 4535 timore
2958 4480 3176 4533 timeret
3211 4494 3315 4544 me,
3343 4487 3398 4533 et
3431 4493 3460 4532 a
3497 4477 3632 4535 facie

382 4567 477 4618 καὶ
506 4566 612 4621 ἀπὸ
642 4566 935 4636 προσώπου
958 4568 1220 4640 ὀνόματός
1250 4589 1350 4642 μου
1383 4573 1692 4630 στέλλεσθαι
1722 4579 1900 4633 αὐτόν.
1932 4601 1951 4634 ι

2060 4573 2301 4628 nominis
2328 4571 2430 4626 mei
2456 4585 2658 4640 pavore
2680 4569 3103 4625 contraheretur
3126 4569 3259 4639 ipse.
3290 4587 3309 4622 ι
3339 4567 3463 4623 Haec
3488 4570 3632 4625 enim

382 4653 571 4708 Ταῦτα
596 4654 705 4727 γὰρ
740 4655 1002 4724 ποιοῦντι,
1046 4660 1199 4731 φησὶ,
1226 4661 1369 4733 ζωὴν
1395 4665 1488 4717 καὶ
1521 4667 1748 4738 είρήνην
1774 4671 1950 4741 ὲπηγ-
1985 4664 1997 4719 1

2012 4667 2028 4718 ι
2059 4664 2302 4726 facienti,
2336 4662 2536 4733 inquit,
2566 4662 2733 4716 vitam
2760 4669 2814 4717 et
2841 4676 3029 4732 pacem
3054 4662 3282 4731 promisi
3314 4662 3627 4731 praemium.

381 4744 648 4815 γειλάμην
677 4747 869 4815 μισθόν
889 4764 902 4777 ο
940 4748 1128 4803 τούτου
1162 4751 1270 4822 γάρ
1296 4753 1479 4807 εἵνεκα
1512 4753 1658 4826 ζωῆς
1688 4760 1778 4812 καὶ
1803 4762 1952 4833 εἰρή-

2059 4757 2244 4827 anue
2267 4771 2431 4810 causa
2469 4755 2594 4809 vitae
2630 4762 2683 4808 et
2713 4754 2863 4824 pacis
2894 4754 2944 4807 id
2978 4763 3351 4808 testamentum
3392 4754 3634 4824 appella-

382 4855 479 4907 νης
521 4836 689 4908 αὐτὴν
718 4839 1119 4912 προσηγόρευσε
1145 4842 1458 4913 διαθήκην,
1494 4846 1569 4910 ὡς
1601 4847 1771 4905 ταῦτα
1819 4868 1951 4923 προ-

2061 4849 2155 4909 vit,
2186 4845 2330 4915 quod
2377 4861 2569 4916 nempe
2603 4844 3110 4915 obtemperantibus
3151 4845 3314 4899 vitam
3345 4852 3399 4899 et
3440 4858 3630 4914 pacem

382 4928 637 4996 ξενοῦσαν
670 4934 782 4992 τοῖς
817 4931 1174 5001 πειθομένοις.

718 4934 782 4992 ti;
817 4931 1174 5001 πειθομένοις.
2060 4936 2333 4992 conciliet.

451 5028 523 5100 ς’..
566 5039 584 5072 ι
614 5020 795 5090 Νόμος
820 5021 1073 5092 ἀληθείας
1105 5019 1173 5093 ἦν
1205 5025 1262 5075 ὲν
1290 5024 1366 5094 τῷ
1396 5026 1622 5096 στόματι
1643 5029 1829 5093 αὑτοῦ,
1861 5033 1956 5086 καὶ

2134 5026 2296 5082 Vens.
2334 5025 2390 5081 6.
2418 5046 2436 5078 ι
2471 5025 2581 5081 Lex
2603 5025 2850 5080 veritatis
2878 5024 2978 5079 fuit
3000 5025 3052 5080 in
3081 5041 3174 5081 ore
3197 5025 3339 5095 ejus,
3360 5034 3413 5079 et
3437 5025 3626 5095 iniqui.

383 5111 564 5165 ἀδικία
601 5111 697 5179 οὐχ
725 5112 933 5182 ηὑρέθη
965 5114 1022 5164 ὲν
1051 5115 1159 5175 τοῖς
1179 5113 1223 5145 ¹⁸
1253 5115 1486 5183 χείλεσιν
1526 5119 1689 5171 αὐτοῦ
1715 5136 1727 5149 ·
1783 5122 1841 5173 ὲν
1876 5123 1954 5174 εξ-

2057 5123 2140 5171 tas
2170 5131 2277 5169 non
2308 5123 2391 5170 est
2422 5116 2643 5172 inventa
2672 5115 2725 5169 in
2758 5115 2918 5171 labiis
2942 5117 3062 5186 ejus
3092 5135 3107 5171 :
3143 5117 3196 5171 in
3223 5131 3358 5185 pace
3386 5115 3629 5185 dirigens

387 5202 524 5274 ρηνῃ
570 5202 914 5255 κατευθύνων
935 5204 1210 5274 ’ἐπορεύθη
1263 5205 1378 5276 μετ’
1412 5207 1570 5276 ἐμοῦ,
1603 5210 1697 5262 καὶ
1729 5210 1957 5276 πολλοὺς

2057 5207 2357 5262 ambulavit
2409 5223 2646 5272 mecum,
2678 5215 2733 5262 et
2782 5208 2983 5262 multos
3022 5209 3291 5262 convertit
3327 5208 3395 5262 ab
3426 5207 3630 5277 iniqui-

381 5290 714 5368 ἐπέστρεψεν
732 5292 775 5325 ¹⁹
821 5293 928 5346 ἀπὸ
954 5294 1185 5358 ἀδικίας.
1236 5314 1255 5347 ι
1318 5297 1381 5348 Ἢ
1412 5297 1520 5368 γὰρ
1566 5300 1809 5371 ἁμαρτία
1855 5303 1955 5372 τὴν

2054 5306 2185 5354 tate.
2226 5318 2243 5350 ι
2293 5298 2578 5353 Peccatum
2627 5281 2770 5353 enim
2824 5298 2914 5353 Dei
2951 5298 3141 5354 odium
3196 5298 3377 5364 eﬂicit,
3416 5298 3629 5368 justitia

382 5378 518 5447 πρὸς
543 5379 674 5431 Θεὸν
700 5379 898 5450 ἔχθραν
922 5382 1209 5452 ἐργάζεται
1235 5402 1248 5415 ·
1283 5385 1314 5454 ἡ
1356 5385 1667 5458 δικαιοσύνη
1689 5388 1745 5440 δὲ
1776 5406 1956 5459 πραγ-

2056 5405 2187 5445 vero
2212 5405 2400 5459 pacem
2434 5386 2740 5446 constituit.
2766 5388 2932 5445 Recta
2960 5391 3169 5461 itaque,
3201 5392 3402 5459 lnquit.
3429 5390 3510 5443 via
3543 5390 3629 5444 in-

387 5468 676 5541 ματεύεται
705 5470 803 5541 τὴν
841 5472 1081 5543 εἰρήνην.
1110 5474 1270 5543 Λέγει
1297 5475 1472 5530 τοίνυν
1515 5478 1594 5532 ὅτι
1621 5479 1720 5550 τὴν
1740 5479 1952 5534 εὐθεῖαν

2057 5482 2334 5550 grediens,
2356 5490 2412 5537 et
2439 5482 2720 5537 veritatem
2768 5483 2975 5549 colens,
3017 5491 3073 5537 et
3110 5481 3178 5537 ab
3231 5470 3500 5551 iniustitia
3531 5481 3628 5537 ab-

1650 5651 1882 5708 ἾΑΒΙΔΞ
1920 5653 2319 5713 LECTIONES.

840 5759 1009 5848 Ἔδει.
1040 5761 1083 5848 ἐξ
1116 5763 1244 5848 add.
1268 5766 1372 5848 _xai
1400 5769 1781 5848 καταράσομαι
1810 5771 2018 5848 αρτήνη
2071 5774 2114 5805 ’ί
2135 5774 2472 5848 €v._l)es.in_
2493 5781 2557 5830 A.
2583 5845 2594 5848 Α
2637 5776 2680 5808 ⁸⁸
2710 5776 2863 5848 καρδ.
2888 5782 2928 5831 Α
2958 5791 3142 5848 praem.
3172 5777 3293 5847 τήν.
3333 5772 3375 5804 ⁸³
3403 5769 3622 5848 τὸν-ὦμ-

383 5826 541 5952 ﬂelx'.
575 5843 813 5952 sternc‘tli.‘i
859 5829 903 5926 1‘
924 5826 995 5882 ἕν.
1030 5828 1193 5925 ῌεὺν.
1235 5841 1467 5893 stercus.
1547 5826 1589 5870 ³³
1630 5826 1696 5893 Α’
1729 5851 1778 5896 et
1841 5841 1881 5897 C
1935 5826 2098 5898 διότι.
2140 5826 2928 5901 ⁷ν¹ί⁸’.[ήάπέσταλκαίὼῧηί
2958 5826 3151 5917 ’ἑέιοᾶρζ
3184 5826 3440 5912 “ﬁscis.
3500 5826 3635 5903 νέξ.

383 5914 439 5953 l!)
522 5937 537 5953 ο
821 5915 1146 5953 πςἸτηεἈΞν.

522 5937 537 5954 .
645 5915 684 5928 "
713 5915 752 5952 ιλ
782 5915 1146 5971 απεστρενξεν.
