4090 6394
412 478 547 546 1977

1569 480 1654 542 ΙΝ
1697 483 2102 543 ΜΑΙ.Α(ΖΗΙ.Ε
2153 488 2310 545 CAP.
2341 485 2456 550 1n.

3529 491 3663 556 1973

408 595 505 648 καὶ
528 595 556 645 6
584 592 811 660 ἄγγελος
841 592 941 662 τῆς
965 592 1249 663 διαθήκης,
1270 590 1329 645 ὃν
1356 591 1517 663 ὑμεῖς,
1541 592 1743 646 Θέλετε.
1781 612 1798 644 ι
1834 594 1968 646 Ταύ-

2084 598 2311 666 angelus
2350 599 2688 664 testamenti,
2716 613 3003 670 quem°vos
3035 599 3224 657 vultis.
3265 620 3284 656 ι
3333 601 3444 658 Hoc
3479 614 3661 659 autem

406 701 506 755 την
527 683 584 736 δέ
605 682 698 736 τοῦ
737 684 1022 754 Προφήτου
1049 683 1150 752 τὴν
1205 682 1510 754 μαρτυρίαν
1553 684 1648 737 καὶ
1673 683 1730 736 ἐν
1761 686 1874 748 τοῖς
1906 685 1983 736 ἱε-

407 774 522 843 ροῖς
550 771 900 840 Εὑαγγελίοις
968 771 1232 842 κειμένην
1289 770 1635 841 εὑρίσκομεν.
1674 770 1787 824 Καὶ
1820 771 1848 823 6
1880 787 1981 840 μα-

404 864 596 933 κάριος
621 864 676 918 δὲ
704 863 998 934 Ζαχαρίας,
1054 861 1210 916 όκτοῦ
1253 861 1532 916 θειοτάτου
1579 860 1826 914 Ἰωάννου
1877 878 1983 913 πα-

402 953 528 1024 τὴρ,
553 955 610 1007 ἐν
640 955 758 1008 ταῖν
783 955 964 1023 χεροῖν
987 952 1149 1006 αὑτὸν
1175 951 1375 1014 λαϐὼν,
1407 950 1507 1020 ἔφη
1549 949 1686 1020 πρὸς
1715 949 1876 1002 αὐτόν
1907 950 1974 982 ⁵⁷⁸

410 1061 429 1094 ι
467 1043 578 1096 Kal
623 1045 709 1108 σὺ,
766 1043 1002 1110 παιδίον,
1033 1044 1319 1115 προφήτης
1376 1041 1633 1111 Ὑψίστου
1689 1041 1975 1112 mosm-

403 1134 752 1206 προπορεύσῃ
816 1135 926 1207 γὰρ
979 1135 1088 1205 πρὸ
1130 1133 1425 1203 προσώπου
1457 1132 1662 1204 Κυρίου
1691 1131 1976 1202 ἑτοιμάσαι

400 1223 554 1287 ὀδοὺς
589 1224 775 1279 αὑτοῦ.
810 1243 829 1276 ι
863 1225 974 1279 Kal
1003 1224 1238 1278 ἐνταῦθα
1262 1224 1352 1278 διὰ
1386 1223 1478 1278 τοῦ
1508 1223 1792 1293 Μαλαχίου
1821 1219 1976 1276 εἶπεν

401 1311 430 1365 6
457 1312 588 1377 Θεός
616 1330 630 1344 ⁶
667 1333 686 1366 ι
735 1312 868 1368 Ἰδοὺ
904 1313 1014 1381 ἐγὼ
1069 1313 1412 1378 ἐξαποστελῶ
1450 1313 1541 1366 τὸν
1591 1311 1818 1380 ἄγγελόν
1848 1328 1971 1382 μου,

399 1403 494 1455 καὶ
523 1404 870 1473 ὲπιὸλέῲεται
907 1405 1027 1458 ὁδὸν
1071 1406 1177 1474 πρὸ
1218 1403 1510 1474 προσώπου
1547 1424 1670 1473 μου,
1709 1409 1802 1461 καὶ
1825 1407 1971 1471 ἐξαί-

398 1509 537 1564 φνης
571 1493 690 1564 ἥξει
724 1496 805 1558 είς
853 1497 944 1548 τὸν
977 1495 1104 1549 ναὸν
1161 1495 1327 1549 αὑτοῦ
1359 1496 1582 1568 Κύριος,
1612 1499 1670 1550 ὃν
1694 1501 1850 1570 ὑμεῖς
1879 1499 1969 1553 θέ-

2089 691 2363 759 propheta:
2400 691 2774 746 testimonium
2807 692 2860 746 in
2895 693 3070 748 sacris
3097 709 3316 762 quoque
3353 693 3662 763 Evangelii:

2085 779 2330 835 invenire
2379 781 2508 836 licet
2555 799 2571 836 :
2623 789 2678 836 et
2705 781 2898 837 beatus
2957 781 3257 838 Zacharias
3322 783 3659 840 divinissimi

2081 867 2308 925 Joannis
2330 879 2505 941 pater,
2538 887 2663 927 cum
2687 888 2810 928 eum
2843 873 2898 928 in
2928 889 3121 931 manus
3143 876 3492 946 sumpsisset,
3521 876 3663 931 dixit

2080 959 2146 1012 ad
2199 975 2324 1014 eum
2359 979 2373 1014 :
2412 980 2430 1013 ι
2474 961 2539 1016 Ει
2578 970 2662 1026 ιιι,
2698 978 2851 1032 puer,
2887 965 3148 1033 pr0pheta
3187 965 3450 1020 Altissimi
3495 979 3662 1018 voca-

2079 1049 2224 1106 beris
2257 1053 2511 1121 :praaibis
2535 1055 2679 1107 enim
2703 1064 2828 1109 ante
2863 1053 3054 1108 faciem
3111 1055 3347 1116 Domini,
3401 1063 3459 1109 ut
3499 1069 3657 1124 pares

2075 1142 2192 1198 vias
2207 1143 2325 1208 ejus
2343 1155 2422 1196 ’.ι
2452 1145 2520 1198 Et
2544 1146 2646 1199 hoc
2663 1146 2817 1200 'loco
2842 1145 3660 1216 per(prophetam)Malachiam

2075 1230 2215 1285 dixit
2246 1231 2426 1287 Deus:
2465 1251 2484 1285 ι
2527 1233 2666 1288 Ecce
2694 1249 2796 1303 ego
2827 1235 3038 1286 mittam
3079 1235 3328 1304 angelum
3367 1250 3569 1295 meum,
3605 1241 3661 1286 et

2075 1322 2330 1392 respiciet
2369 1324 2512 1378 viam
2554 1333 2680 1378 ante
2713 1325 2910 1379 faciem
2948 1340 3146 1388 meam,
3181 1332 3233 1380 et
3268 1325 3453 1380 subito
3480 1323 3661 1378 veniet

2073 1415 2139 1468 ad
2180 1416 2438 1485 templum
2477 1433 2635 1472 suum
2671 1415 2949 1482 Dominus,
2979 1433 3139 1487 quem
3179 1417 3368 1473 vultis.
3414 1436 3432 1468 ι
3465 1415 3661 1472 Omni.

2073 1506 2176 1561 bus
2217 1507 2602 1578 ignorantibus
2639 1510 2900 1565 salutaris
2929 1518 3118 1579 partus
3153 1511 3353 1564 evenit.
3389 1507 3661 1576 Templum

395 1579 534 1635 λετε.
565 1601 582 1633 ι
626 1584 849 1637 Πάντων
869 1583 978 1656 γὰρ
1011 1583 1350 1653 ἀγνοούντων
1391 1588 1419 1638 6
1451 1589 1715 1658 σωτήριος
1754 1590 1968 1657 ἐγένετο

2071 1597 2212 1650 enim
2255 1598 2548 1652 humanam
2575 1600 2711 1654 dixit
2743 1608 3018 1666 naturam,
3053 1614 3215 1668 quam
3249 1598 3391 1653 Deus
3421 1597 3660 1653 Verbum

393 1668 574 1732 τόκος.
600 1671 765 1724 Ναὸν
777 1671 887 1743 γάρ
914 1675 1014 1743 τὴν
1040 1673 1386 1744 ἀνθρωπείαν
1411 1675 1660 1746 ὠνόμασε
1697 1677 1878 1746 φύσιν,
1903 1679 1971 1748 ἣν

2070 1689 2334 1758 suscepit.
2372 1687 2463 1744 Sic
2495 1692 2640 1745 enim
2686 1700 2739 1746 et
2786 1693 2904 1756 ipse
2966 1691 3235 1745 Dominus
3284 1691 3536 1745 Christus
3588 1689 3658 1744 ad

392 1760 423 1812 6
471 1760 604 1824 Θεὸς
638 1762 813 1828 Λόγος
859 1763 1139 1818 ἀνέλαϐεν.
1201 1763 1358 1818 Οὕτω
1422 1767 1532 1838 γάρ
1581 1767 1674 1820 καὶ
1729 1767 1890 1831 αὑτὸς
1939 1769 1968 1821 6

2071 1777 2282 1834 Iudaeos
2322 1779 2492 1836 dixit:
2530 1799 2550 1834 ι
2594 1780 2798 1838 Solvite
2829 1782 3090 1850 templum
3145 1783 3272 1845 hoc,
3313 1788 3368 1834 ct
3397 1781 3450 1834 in
3479 1780 3659 1835 tribus

393 1851 670 1922 Δεσπότης
720 1853 954 1924 Χριστὸς
999 1855 1136 1926 πρὸς
1193 1855 1480 1920 Ἰουδαίους
1534 1855 1668 1928 ἔφη·
1709 1856 1965 1912 «Λύσατε

2071 1869 2523 1926 diebusexcitabo
2547 1873 2678 1926 illud
2697 1873 2746 1926 ιι.
2771 1893 2789 1926 ι
2807 1872 2962 1938 Quod
2983 1873 3280 1943 explanans
3300 1871 3659 1939 evangelista,

390 1942 485 1995 τὸν
505 1942 631 1995 ναὸν
654 1942 864 2008 τοῦτον,
883 1945 979 1998 καὶ
1005 1947 1063 1999 ἑν
1093 1947 1272 2018 τρισὶν
1291 1947 1525 2019 ἡμέραις
1544 1947 1720 2018 ἐγερῶ
1749 1949 1926 2003 αὑτόν.
1944 1968 1962 2002 ι

2071 1957 2366 2025 adjunxit:
2396 1978 2415 2011 ι
2462 1961 2555 2016 llle
2584 1971 2764 2016 autem
2809 1961 3024 2016 dicebat
3055 1942 3123 2016 de
3160 1963 3364 2030 templo
3405 1959 3660 2031 corporis

390 2036 502 2089 Kal
561 2036 720 2089 τοῦτο
774 2035 1096 2108 ἑρμηνεύων
1144 2039 1173 2091 6
1204 2037 1614 2109 Εύαγγελιστὴς
1649 2039 1927 2109 ἐπήγαγεν
1951 2057 1966 2070 ⁸

398 2143 418 2177 ι
451 2127 624 2190 Αὐτὸς
636 2127 692 2180 δὲ
717 2127 870 2196 ἔλεγε
900 2128 1029 2200 περὶ
1061 2128 1154 2182 τοῦ
1179 2130 1308 2182 ναοῦ
1333 2129 1424 2182 τοῦ
1466 2129 1722 2201 σώματος
1754 2130 1921 2184 αὑτοῦ
1949 2148 1964 2162 ·

391 2218 486 2271 καὶ
510 2219 598 2272 ὅτε
620 2219 830 2291 ἠγέρθη
861 2223 925 2274 ἐκ
977 2221 1208 2290 νεκρῶν,
1254 2220 1496 2288 ἔγνωσαν
1527 2223 1577 2274 oi
1611 2221 1850 2291 μαθηταὶ
1879 2223 1970 2275 αὑ-

388 2307 507 2373 τοῦ,
535 2309 619 2362 ὅτι
647 2310 805 2363 τοῦτο
860 2306 1014 2364 εἶπεν
1059 2313 1088 2365 6
1131 2311 1360 2380 Ἰησοῦς,
1405 2313 1498 2365 καὶ
1541 2313 1868 2368 ἐπίστευσαν
1901 2318 1967 2386 τῇ

394 2397 610 2470 Γραφῇ,
666 2401 762 2452 xal
788 2399 866 2470 τῷ
909 2399 1071 2469 λόγῳ,
1117 2393 1163 2469 ᾧ
1191 2395 1343 2453 εἶπεν
1375 2401 1558 2465 αὑτοῖς
1590 2405 1618 2456 6
1669 2401 1896 2474 Ἰησοῦς.
1945 2423 1964 2456 ι

389 2487 536 2558 Πρὸς
563 2489 620 2542 δὲ
651 2492 717 2560 τῇ
745 2491 987 2563 προτέρᾳ
1018 2489 1184 2544 αὑτοῦ
1232 2492 1527 2563 παρουσία,
1554 2493 1648 2547 καὶ
1664 2494 1762 2566 τὴν
1787 2494 1970 2548 δευτέ-

390 2593 496 2648 ραν
523 2577 686 2630 αύτοῦ
715 2579 1037 2648 ἐπιφάνειαν
1061 2580 1412 2650 προθεσπίζει
1443 2597 1456 2610 ο

465 2686 485 2719 ι
524 2668 655 2721 Ἰδοὺ
690 2670 934 2740 ἔρχεται,
977 2670 1124 2740 λέγει
1165 2671 1370 2742 Κύριος
1412 2671 1826 2743 παντοκράτωρ.
1854 2672 1968 2743 (β’.)

390 2757 498 2810 Kal
565 2758 649 2822 τίς
713 2761 977 2830 ὑπομενεῖ
1019 2762 1236 2832 ἡμέραν
1281 2762 1486 2816 εἰσόδου
1543 2763 1734 2828 αὑτοῦ,
1789 2764 1823 2834 ἢ
1882 2765 1969 2829 τίς

389 2849 753 2920 ύποστήσεται
780 2852 838 2903 ἐν
895 2855 962 2922 τῇ
1021 2852 1258 2925 ὀπτασίᾳ
1303 2851 1505 2916 αὐτοῦς
1552 2871 1570 2905 ι
1611 2853 1767 2908 Οὓτω
1798 2855 1895 2909 καὶ
1940 2857 1969 2910 6

390 2939 666 3013 Ζαχαρίας
727 2942 857 3013 περὶ
920 2944 1018 3013 τῆς
1089 2943 1347 3015 δευτέρας
1429 2945 1754 3014 ἐπιφανείας
1819 2945 1968 3018 ἔφη’

397 3052 416 3086 ι
461 3037 720 3104 Ὀᾦονται
775 3038 856 3100 είς
896 3037 955 3091 ὃν
1011 3038 1390 3109 ἐξεκέντησαν,
1456 3040 1552 3092 καὶ
1577 3040 1860 3111 κόψεταιή
1895 3040 1968 3111 γῆ

389 3126 534 3181 κατὰ
579 3127 748 3196 φυλὰς
796 3129 990 3198 φυλάς.
1015 3149 1033 3182 ι
1070 3126 1204 3182 Εἶτα
1253 3129 1492 3184 διδάσκει
1533 3130 1602 3184 τὰ
1645 3132 1738 3185 ὑπ’
1801 3131 1970 3185 αὑτοῦ

388 3216 642 3290 δρώμενα
669 3258 682 3271 .

465 3328 484 3360 ‹
513 3310 657 3362 Διότι
695 3309 856 3372 αὐτὸς
910 3308 1293 3380 εἰσπορεύεται
1319 3309 1393 3373 ὡς
1433 3309 1544 3380 πῦρ
1575 3310 1965 3380 χωνευτηρίου,

387 3399 486 3456 καὶ
513 3399 588 3462 ὡς
612 3401 718 3454 πόα
751 3401 1082 3454 πλυνόντων.
1117 3400 1234 3472 (γ’.)
1265 3401 1375 3454 Kal
1404 3400 1675 3454 καθιεϊται
1710 3400 1967 3470 χωνεύων

388 3493 484 3545 καὶ
513 3491 846 3564 καθαρίζων,
879 3492 955 3555 ὼς
1009 3492 1072 3545 τὸ
1121 3492 1386 3564 ἀργύριον
1438 3491 1533 3544 καὶ
1572 3491 1634 3545 τὸ
1661 3492 1904 3563 χρυσίον.
1942 3511 1961 3545 ι

391 3581 547 3635 Οὕτω
572 3581 618 3615 ⁸³
643 3583 737 3635 καὶ
780 3583 810 3634 6
844 3583 1114 3654 μακάριος
1177 3582 1388 3645 Παῦλός
1440 3598 1606 3653 φησιν
1630 3597 1645 3612 ο
1686 3599 1706 3633 ι
1738 3582 1863 3635 Ὅτι
1911 3584 1968 3638 ἐν

389 3675 526 3747 πυρὶ
570 3675 1034 3742 ἀποκαλύπτεται,
1090 3676 1183 3730 καὶ
1209 3677 1439 3730 ἑκάστου
1471 3675 1533 3728 τὸ
1574 3675 1753 3747 ἔργον,
1785 3677 1968 3730 ὁποῖόν

387 3763 528 3829 ἐστι,
550 3768 610 3817 τδ
633 3765 745 3834 πῦρ
775 3765 1060 3836 δοκιμάσει
1087 3765 1154 3798 ⁴⁹ο
1187 3768 1237 3820 εί
1267 3783 1412 3829 τινος
1429 3765 1490 3819 τὸ
1523 3764 1684 3836 ἔργον
1715 3767 1869 3837 μενεῖ
1897 3767 1966 3833 ³ο,

392 3855 420 3909 ’ὀ
442 3851 852 3927 ἐπῳκοδόμησε,
907 3857 1096 3928 μισθὸν
1143 3857 1408 3927 λήψεταιο
1441 3859 1496 3912 εί
1525 3876 1670 3922 τινος
1701 3857 1762 3910 τὸ
1807 3857 1968 3926 ἔργον

390 3946 815 4012 κατακαύσεται,
874 3945 1306 4017 ζημιωθήσεται.
1362 3966 1380 4000 ι
1440 3948 1709 4018 Ἦγοῦμαι
1764 3948 1820 4000 δέ
1880 3948 1969 4002 διὰ

388 4037 499 4090 τῶν
527 4037 832 4108 εἰρημένων
883 4038 975 4092 τὸν
1027 4039 1324 4110 Προφήτην
1349 4039 1422 4110 μὴ
1471 4040 1631 4110 μόνον
1664 4042 1839 4094 ἐκεῖνο
1869 4057 1967 4112 ση-

395 4128 625 4198 μαίνειν,
690 4129 828 4183 ἀλλὰ
891 4131 988 4184 καὶ
1043 4130 1144 4202 τὴν
1199 4130 1294 4182 τοῦ
1353 4131 1510 4200 ἁγίου
1557 4131 1602 4164 ⁵¹
1649 4132 1967 4203 Πνεύματος

391 4219 657 4291 κάθαρσιν
681 4235 694 4249 ’
740 4221 835 4274 καὶ
882 4220 992 4292 γὰρ
1040 4222 1098 4281 ἐν
1133 4219 1309 4291 τούτῳ
1344 4222 1620 4291 μυστικῶς
1654 4223 1780 4286 τοὺς
1807 4240 1968 4294 προσ-

394 4309 575 4371 ιόντας
605 4307 961 4378 ἀναχοινεὺιι,
988 4312 1084 4364 καὶ
1105 4314 1354 4381 νεουργεῖ
1377 4311 1456 4382 τῷ
1493 4313 1627 4382 πυρὶ
1650 4313 1967 4383 Πνεύματος

366 4395 692 4471 χρώμενος.
733 4398 891 4452 Οὕτω
922 4401 1032 4472 γὰρ
1059 4401 1152 4454 καὶ
1194 4403 1222 4454 6
1265 4402 1434 4473 μέγας
1484 4401 1732 4472 Ἰωάννης
1766 4403 1964 4474 φησίνο

397 4509 414 4540 ι
450 4489 620 4554 Αὐτὸς
643 4491 788 4561 ὑμᾶς
811 4490 1062 4561 βαπτίσει
1081 4494 1137 4546 ἐν
1162 4492 1438 4564 Ηνεύματι
1459 4490 1619 4566 ἁγίῳ,
1641 4497 1734 4550 καὶ
1760 4496 1910 4568 πυρί.
1940 4515 1958 4550 ι

1992 3277 2040 3336 C

2070 2048 2179 2102 sui.
2213 2047 2348 2114 Cum
2384 2065 2512 2117 ergo
2546 2052 2944 2107 resurrexisset
2982 2051 3049 2104 de
3077 2051 3334 2114 mortuis,
3377 2049 3651 2104 recordati

2071 2148 2202 2195 sunt
2236 2141 2492 2211 discipuli
2516 2143 2634 2211 ejus
2671 2144 2774 2198 hoc
2813 2144 3022 2199 dixisse
3070 2144 3276 2206 Jesmn,
3308 2151 3362 2198 et
3412 2142 3661 2198 credide-

2069 2241 2198 2286 runt
2220 2233 2539 2304 Scripturae,
2557 2243 2610 2289 et
2631 2236 2872 2291 sermoni
2894 2251 3054 2305 quem
3073 2237 3288 2291 dixerat
3307 2235 3388 2290 eis
3405 2233 3654 2290 Iesus...

2074 2321 2282 2378 Praeter
2337 2326 2578 2395 priorem
2643 2335 2828 2382 autem
2882 2326 3003 2396 ejus
3064 2327 3360 2381 adventum
3393 2365 3410 2392 ,
3489 2325 3654 2380 etiam

2072 2413 2375 2468 secundum
2411 2415 2532 2486 ejus
2563 2415 2856 2471 adventum
2886 2415 3218 2485 praenuntiat
3250 2432 3264 2470 :

2147 2711 2164 2744 ι
2209 2690 2348 2747 Ecce
2431 2691 2632 2756 venit,
2705 2691 2842 2746 dicit
2919 2691 3190 2745 Dominus
3262 2689 3652 2760 omnipotens.

2071 2781 2278 2853 (νειιε.
2313 2782 2409 2852 2.)
2441 2781 2506 2835 Et
2537 2783 2660 2850 quis
2698 2781 2994 2838 sustinebit
3028 2781 3170 2834 diem
3208 2780 3462 2834 introitus
3498 2778 3662 2847 ejus?

2071 2882 2166 2927 aut
2214 2873 2340 2943 quis
2400 2874 2665 2929 subsistet
2712 2875 2765 2926 in
2805 2873 3022 2942 1686
3044 2871 3256 2926 visione
3286 2871 3461 2938 ejus?
3501 2890 3518 2922 ι
3563 2868 3658 2924 Sic

2071 2963 2237 3017 etiam
2273 2961 2570 3016 Zacharias
2601 2962 2667 3015 de
2697 2960 2940 3016 secundo
2986 2959 3218 3013 adventu
3265 2958 3340 3012 ait
3383 2977 3396 3012 :
3449 2977 3470 3010 ι
3505 2957 3662 3026 Aspi-

2071 3052 2220 3106 cient
2250 3067 2414 3120 quem
2464 3057 2932 3120 compunxerunt,
2966 3059 3019 3104 et
3076 3049 3300 3118 planget
3359 3055 3502 3102 terra
3563 3062 3662 3117 per

2070 3141 2247 3197 tribus
2273 3156 2338 3197 ac
2365 3141 2543 3196 tribus
2568 3140 2595 3179 ά
2624 3181 2639 3197 .
2683 3159 2702 3193 ι
2746 3139 2950 3194 Deinde
2979 3139 3049 3194 ab
3069 3153 3135 3193 eo
3164 3149 3314 3210 gesta
3345 3139 3503 3194 docet
3537 3157 3552 3192 :

2148 3329 2168 3364 ι
2213 3311 2351 3378 Quia
2400 3309 2850 3383 ipseingreditnr
2898 3313 3057 3384 quasi
3113 3312 3257 3381 ignis
3315 3312 3644 3378 conﬂatorii,

2068 3414 2125 3461 et
2153 3405 2310 3474 quasi
2365 3405 2533 3460 herba
2578 3406 2877 3460 lavantium
2913 3424 2926 3461 :
2966 3405 3170 3476 (Vsus.
3207 3403 3391 3476 5.),Ει
3445 3405 3658 3460 sedehit

2069 3493 2315 3548 conﬂans
2343 3500 2398 3548 et
2439 3493 2742 3556 mundans.
2790 3495 2932 3549 sicut
2961 3474 3246 3563 argentum
3279 3474 3579 3547 ibaurum.
3631 3512 3651 3545 ι

2071 3583 2162 3639 Sic
2177 3584 2340 3638 etiam
2369 3583 2561 3639 beatus
2586 3582 2791 3639 Paulus
2821 3601 2836 3639 :
2870 3603 2890 3636 ι
2931 3585 3068 3649 Quia
3096 3599 3190 3652 per
3217 3583 3417 3652 ignem,
3447 3583 3652 3652 inquit,

2068 3675 2448 3740 revelabitur,
2499 3681 2556 3730 et
2605 3675 3047 3744 uniuscujusque
3088 3689 3270 3744 opus.
3325 3674 3488 3743 quale
3551 3675 3651 3740 sit,

2072 3766 2214 3837 ignis
2263 3765 2514 3836 probabit
2569 3787 2583 3824 :
2637 3765 2684 3821 si
2750 3765 2910 3833 cujus
2942 3781 3082 3836 opus
3141 3765 3443 3828 manserit,
3509 3764 3654 3835 quod

2080 3857 2559 3928 supermdillcavit,
2584 3859 2889 3913 mercedem
2923 3859 3154 3926 accipiet
3194 3877 3207 3910 :
3243 3859 3286 3911 si
3323 3858 3482 3924 cujus
3518 3873 3659 3928 opus

2070 3948 2293 4010 arserit,
2327 3947 2716 4003 detrimentum
2747 3949 2988 4019 patietur
3022 3959 3068 3999 ο.
3108 3966 3127 3998 ι
3171 3947 3440 4000 Existimo
3475 3957 3658 4002 autem

2067 4055 2165 4112 per
2196 4039 2311 4092 haec
2345 4039 2664 4107 prephetam
2701 4055 2810 4094 non
2846 4039 2898 4093 id
2953 4039 3130 4093 solum
3171 4036 3507 4107 signiﬁcare,
3560 4035 3660 4092 sed

2068 4133 2230 4188 etiam
2268 4119 2507 4200 Spiritus
2558 4133 2737 4186 sancti
2783 4130 3182 4201 purgationem.
3231 4127 3366 4180 Nam
3427 4127 3482 4182 in
3551 4127 3660 4182 hoc

2067 4224 2297 4294 mystice
2357 4217 2622 4276 adeuntes
2677 4221 2915 4284 conﬂat,
2963 4227 3018 4273 et
3054 4224 3282 4272 renovat
3307 4217 3432 4286 igne
3494 4209 3679 4272 utens

2070 4314 2328 4385 Spiritus.
2375 4311 2470 4369 Sic
2527 4314 2671 4367 enim
2722 4325 2952 4380 magnus
3009 4309 3176 4364 etiam
3237 4305 3480 4362 Joannes
3530 4307 3652 4361 ait:

2074 4425 2092 4457 ι
2130 4406 2225 4460 llle
2262 4421 2360 4461 vos
2408 4401 2709 4474 baptizabit
2756 4399 2965 4470 Spiritu
3019 4405 3214 4454 sancto
3259 4403 3316 4452 et
3375 4397 3497 4464 igne
3531 4393 3550 4433 τ
3573 4433 3587 4447 .
3631 4411 3650 4444 ι

2071 4497 2291 4554 Scilicet
2351 4496 2535 4551 divina
2592 4493 2806 4566 gratia,
2861 4500 3125 4557 tanquam
3189 4489 3356 4544 herba
3417 4486 3654 4553 quadam

389 4581 503 4636 Kal
549 4583 732 4654 μέντοι
771 4583 866 4636 καὶ
901 4586 970 4656 τῇ
1003 4583 1123 4655 θεία
1180 4585 1362 4657 χάριτι
1401 4584 1683 4656 χρώμενος
1714 4588 1966 4661 καθάπερ

2071 4595 2254 4654 utens,
2291 4593 2641 4658 peccatorum
2705 4581 2899 4637 sordes
2945 4581 3100 4636 eluit.
3163 4578 3229 4632 Et
3288 4578 3354 4633 ad
3397 4577 3658 4631 Hieroso-

388 4672 498 4726 τινὶ
523 4674 650 4746 πόᾳ,
688 4675 797 4752 τῶν
850 4676 1264 4747 ἁμαρτημάτων
1313 4678 1632 4749 ἐκκαθαίρει
1655 4679 1745 4734 τὸν
1770 4681 1960 4752 ῥύπον.

2067 4680 2266 4750 lymam
2297 4677 2516 4744 quidem
2549 4676 2744 4730 beatus
2771 4671 3045 4728 Jeremias
3070 4671 3207 4724 dixit
3238 4686 3250 4721 :
3301 4688 3319 4721 ι
3358 4669 3415 4723 Si
3449 4666 3656 4721 laveris

389 4763 502 4818 Kal
521 4766 586 4836 τῇ
629 4747 740 4844 μὲν.
762 4765 1118 4837 Ἰερουσαλὴμ
1157 4768 1185 4820 ὁ
1235 4767 1506 4838 μακάριος
1539 4747 1810 4840 Ἱερεμίας
1862 4788 1966 4842 φη-

2071 4747 2118 4823 le
2149 4769 2314 4830 nitro,
2348 4775 2402 4823 et
2430 4762 2878 4834 multiplicaveris
2930 4761 3026 4816 tibi
3079 4760 3326 4825 herbam,
3385 4757 3654 4812 maculata

391 4855 476 4909 σίν
494 4872 511 4888 °
541 4873 562 4910 ι
583 4857 711 4911 Ἐὰν
744 4858 1030 4928 ἀποπλύνῃ
1051 4860 1108 4912 ἑν
1131 4859 1316 4931 νίτρῳ,
1346 4861 1441 4912 καὶ
1465 4859 1743 4934 πληθύνῃς
1763 4863 1962 4934 σεαυτῇ

389 4946 550 5013 πόαν,
597 4947 956 5018 κεκηλίδωσαι
1002 4951 1060 5002 ἑν
1091 4952 1213 5013 ταῖς
1245 4949 1496 5020 ἀνομίαις
1525 4967 1642 5016 σου,
1677 4952 1829 5020 λέγει
1854 4954 1967 5007 Κύ-

391 5054 526 5107 ριος.
559 5055 579 5090 ι
626 5038 838 5110 Ἐκείνη
893 5040 1002 5112 γὰρ
1042 5041 1141 5110 τὴν
1175 5043 1402 5113 νομικὴν
1459 5039 1621 5113 εἶχεν,
1651 5044 1712 5097 ού
1739 5044 1839 5115 τὴν
1864 5045 1962 5116 τῆς

389 5131 611 5199 χάριτος
639 5131 795 5184 πόαν.
838 5130 1104 5186 Ἐνταῦθα
1128 5133 1184 5186 δέ
1209 5135 1587 5191 ὑποδείκνυσιν
1617 5138 1750 5208 ἡμῖν
1776 5138 1806 5189 6
1831 5154 1963 5207 προ-

343 5215 345 5219 ’
390 5222 620 5291 φητ.κὺς
652 5220 828 5289 λόγος,
851 5216 962 5276 οἶόν
1010 5239 1132 5276 τινα
1162 5223 1512 5296 δημιουργὸν,
1566 5225 1658 5278 τὸν
1686 5225 1962 5297 Δεσπότην

462 5387 486 5415 ι
513 5375 641 5430 Luc.
683 5391 736 5439 ι,
768 5375 857 5428 76.

393 5445 479 5499 Η.
557 5454 582 5492 ε
622 5444 825 5499 Jerem.
861 5459 937 5509 ιι,
965 5445 1057 5499 22.

2064 4875 2125 4916 es
2152 4859 2206 4913 in
2247 4858 2536 4928 iniquitate
2575 4866 2666 4909 tua
2701 4895 2716 4920 ,
2748 4852 2886 4906 dicit
2921 4851 3186 4908 Dominus
3219 4851 3242 4890 ⁸
3277 4891 3292 4904 .
3333 4869 3351 4902 ι
3391 4849 3656 4903 Hieroso-

2066 4952 2210 5023 lyma
2235 4950 2385 5007 enim
2411 4948 2638 5020 legalem
2671 4945 2894 4999 herbam
2922 4943 3137 5006 habuit,
3163 4960 3270 4999 non
3293 4942 3503 5014 gratiae.
3541 4941 3654 4997 ΙΙοο

2068 5055 2249 5098 autem
2292 5043 2418 5096 loco
2483 5037 2843 5108 propheticus
2893 5051 3075 5090 sermo
3134 5034 3427 5090 Dominum
3493 5034 3654 5088 nobis

2067 5133 2325 5199 ostendit,
2407 5140 2663 5198 tanquam
2736 5127 2985 5195 apitlcem
3059 5127 3400 5194 quemdam,
3463 5124 3656 5180 sordes

2068 5228 2417 5295 peccatorum
2450 5219 2600 5274 velut
2635 5215 2804 5271 herba
2851 5214 3114 5286 quapiam
3152 5225 3569 5287 expurgautem,
3599 5222 3655 5268 et

972 5377 1002 5416 δ
1035 5375 1195 5430 Joan.
1232 5393 1293 5441 ιι,
1332 5377 1418 5432 l9.
1496 5389 1518 5418 α
1563 5379 1700 5434 lhid.
1731 5379 1824 5443 2|,
1855 5378 1947 5433 22.

2088 5377 2257 5434 Zaeh.
2291 5392 2367 5432 xtl
2393 5417 2407 5442 ,
2443 5373 2632 5429 I0-l2.
2715 5382 2738 5411 ο
2780 5369 2800 5424 l
2831 5368 2959 5425 Cor.
2998 5387 3080 5438 ιιι,
3115 5373 3200 5429 15.
3283 5369 3302 5409 ί
3341 5370 3530 5425 Matth.
3566 5383 3648 5434 ιιι,

1679 5603 1910 5659 ΥΑΒΙᾸΞ
1949 5603 2354 5658 LECTIONES.
2418 5627 2420 5630 ν

468 5723 515 5790 ιτ
550 5736 637 5790 πρ⁴
667 5723 789 5776 αὑτ.
826 5721 947 5776 Des.
983 5722 1036 5775 in
1061 5723 1123 5778 C.
1214 5723 1258 5756 “
1286 5724 1327 5778 C
1359 5721 1550 5786 οὕτως,
1623 5723 1827 5778 omisso
1858 5721 1973 5776 καί.

2065 5721 2110 5753 ⁸³
2135 5721 2248 5775 δοκ.
2285 5719 2453 5784 Infra,
2479 5733 2600 5788 pag.
2644 5714 2893 5788 ἰδίη,μᾴ
2920 5730 2965 5768 c.
3003 5712 3090 5775 ιγ,
3131 5711 3308 5788 l,_ucc
3339 5719 3517 5788 nouit.
3559 5707 3646 5773 lli,

394 5791 459 5865 ad
503 5789 518 5843 1
558 5779 684 5865 (Im.
714 5793 748 5845 I.
780 5808 830 5845 c.
860 5807 1044 5865 praem.
1079 5793 1230 5848 αὑτό.
1316 5794 1364 5826 ⁵⁸
1393 5779 1562 5865 μενεῖ.
1605 5790 1681 5847 Ita
1709 5809 1927 5865 quoque

2071 5807 2142 5855 ra,
2175 5792 2240 5849 ad
2271 5808 2321 5847 c.
2359 5779 2451 5854 tv,
2480 5779 2659 5855 l,vsed
2695 5795 2734 5842 t.
2761 5783 2847 5852 Ill,
2877 5785 2911 5840 Ι.
2945 5799 2994 5839 c.
3027 5791 3110 5839 est
3145 5781 3317 5852 μένει,
3345 5779 3500 5850 juxta
3535 5794 3648 5834 mc.
3729 5779 3740 5796 ‘

386 5857 498 5930 ιτς.
569 5861 610 5899 ⁸⁸
639 5863 681 5917 C
710 5857 1004 5929 παναγίου.
