4090 6420
408 472 532 537 1981

1585 480 1666 540 IN
1690 480 2097 541 MALACHIJ'J
2128 484 2285 544 CAP.
2322 486 2431 547 III.

3516 489 3657 555 1982

402 603 422 637 ι
460 583 552 654 Μὴ
580 586 938 660 ἀποστερήσει
968 589 1015 622 ⁸⁷
1037 589 1321 661 ἄνθρωπος
1346 590 1498 655 Θεὸν,
1521 590 1601 642 ὄτι
1636 590 1791 660 ὑμεῖς
1820 591 1955 643 ἁπο-

2065 588 2207 644 dabit
2237 593 2397 646 ltomo
2430 591 2619 656 Deum,
2647 594 2863 671 1689
2895 595 3023 664 quia
3067 608 3162 650 vos
3194 609 3281 649 me
3306 557 3599 651 frandastis
3626 598 3651 650 ἲ

399 677 636 747 στερεῖτέ
669 694 766 748 με;
820 680 930 735 Καὶ
980 679 1209 737 εἴπατεδ
1246 681 1333 734 Ἐν
1373 680 1475 734 τίνι
1508 680 1963 751 ἀπεστερήσαμέν

399 781 491 831 σε;
533 785 551 818 ι

474 871 493 907 ι
527 856 648 910 Ὀτι
675 858 744 914 τὰ
767 859 1063 915 ὲπιδέκατα
1116 861 1212 914 καὶ
1264 860 1320 914 αί
1368 860 1615 930 ἀπαρχαὶ
1663 857 1781 928 μεθ’
1807 857 1963 927 ὑμῶν

393 944 523 1001 εἰσι.
540 943 647 1013 (θ’.)
674 945 784 999 Καὶ
805 948 1200 1011 ἀποϐλέποντες
1216 950 1372 1018 ὑμεῖς
1394 948 1726 1001 ἀποϐλέπετε
1744 947 1879 1002 αὑτὰ
1895 948 1959 1011 ⁸³,

392 1035 487 1086 καὶ
522 1033 619 1105 ἐμὲ
643 1037 802 1105 ὑμεῖς
863 1037 1177 1109 πτερνίζετε
1201 1054 1215 1071 ·
1264 1038 1323 1090 τὸ
1357 1037 1476 1101 ἔτος
1507 1038 1859 1109 συνετελέσθη
1892 1039 1959 1103 θ’,

394 1123 484 1177 καὶ
498 1124 847 1192 εἰσηνέγκατε
869 1126 1042 1179 πάντα
1062 1126 1126 1180 τὰ
1144 1126 1371 1198 ὲκφόρια
1393 1128 1472 1188 είς
1491 1127 1612 1188 τοὺς
1630 1126 1958 1196 θησαυροὺς,

392 1212 487 1265 καλ⁷
517 1212 565 1243 ’¹⁰
594 1213 812 1284 ἁρπαγὴ
839 1215 882 1244 ’τί
915 1214 1009 1266 τοῦ
1041 1214 1254 1285 πτωχοῦ
1288 1216 1345 1267 ἐν
1366 1216 1477 1277 τοῖς
1507 1215 1675 1277 οἴκοις
1721 1215 1898 1286 ὑμῶν.
1935 1234 1957 1266 ι

391 1300 499 1352 Τοῦ
526 1301 691 1372 νόμου
725 1303 833 1373 γὰρ
851 1303 1257 1374 διαγορεύοντος
1301 1305 1402 1368 τὰς
1448 1305 1704 1376 ἀπαρχὰς
1743 1307 1963 1371 καὶτὰς

388 1390 622 1455 δεκάτας
677 1393 898 1464 πρώτας
948 1394 1023 1465 τῷ
1046 1394 1164 1464 Θεῷ
1206 1396 1555 1466 προσφέρειν,
1584 1393 1683 1449 εἴθ’
1710 1396 1851 1450 οὕτω
1890 1398 1962 1451 τὰ

389 1485 689 1555 λειπόμενα
745 1486 1060 1555 λαμϐάνειν,
1114 1490 1270 1558 ὑμεῖς
1303 1489 1516 1543 ἅπαντα
1546 1491 1668 1543 κατ’
1697 1491 1857 1544 αὑτὸν
1882 1493 1961 1555 είς

388 1582 459 1635 τὰ
487 1582 727 1655 ὑμέτερα
783 1587 1127 1655 εἰσενέγκατε
1172 1588 1374 1656 δοχεῖα,
1400 1588 1461 1640 οὑ
1491 1586 1856 1656 λογισάμενοι,
1880 1588 1962 1641 ὅτι

390 1674 622 1743 πτωχῶν
653 1677 801 1729 ἐστιν
824 1678 1068 1747 ἁρπαγὴ,
1114 1677 1220 1730 τῶν
1243 1677 1504 1748 ἀπαρχῶν
1536 1679 1629 1730 καὶ
1673 1679 1781 1731 τῶν
1805 1679 1963 1732 δεκα-

387 1762 500 1816 τῶν
533 1764 565 1833 ἡ
597 1765 871 1837 στέρησις.
914 1768 1039 1830 Τοῖς
1067 1768 1175 1837 γάρ
1216 1769 1419 1837 ἱερεῦσι
1451 1768 1640 1821 τούτου
1669 1769 1826 1838 χάριν
1858 1773 1961 1836 γῆς

388 1853 490 1905 οὑκ
518 1854 693 1908 ἔδωκα
722 1856 943 1927 κλῆρον,
982 1858 1069 1911 ἵνα
1105 1861 1171 1929 τῇ
1219 1859 1341 1929 θείᾳ
1371 1860 1823 1930 προσεδρεύοντες
1853 1861 1961 1914 λει-

388 1944 637 2017 τουργίᾳ,
682 1947 776 1999 καὶ
806 1946 904 2010 τὰς
950 1949 1091 2019 ὑπὲρ
1140 1949 1294 2020 ὑμῶν
1323 1950 1514 2013 θυσίας
1546 1938 1959 2021 προσφέροντες,

387 2035 455 2086 ὲκ
476 2034 582 2087 τῶν
609 2036 732 2105 ἐμοὶ
766 2038 1225 2108 προσφερομένων
1287 2039 1551 2110 ἀπαρχῶν
1584 2041 1679 2093 καὶ
1723 2041 1962 2094 δεκατῶν

388 2125 803 2196 διατρέφωνται,
858 2128 951 2181 καὶ
988 2133 1101 2192 τοῖς
1148 2129 1571 2200 προσεδρεύουσι
1622 2134 1854 2201 πτωχοῖς
1884 2130 1963 2200 τῷ

390 2212 523 2285 θείῳ
549 2213 661 2285 ναῷ
693 2214 737 2247 ⁷⁸
777 2216 1095 2286 ὲπαρκῶσιν
1135 2220 1198 2271 ἐκ
1227 2217 1449 2271 τούτων.
1512 2218 1801 2288 Τοιγάρτοι
1861 2221 1961 2289 τῆς

388 2303 707 2369 πλεονεξίας
759 2304 964 2374 ταύτης
1027 2308 1385 2377 παυσάμενοι,
1443 2308 1671 2361 ἀπόδοτε
1718 2307 1785 2360 τὰ
1814 2324 1961 2361 νενο-

392 2392 633 2462 μισμένα
657 2395 769 2455 τοῖς
793 2393 1018 2465 ἱερεῦσι,
1045 2397 1138 2455 καὶ
1157 2395 1509 2465 δοκιμάσατε,
1536 2397 1583 2447 εἰ
1608 2395 1680 2465 μὴ
1709 2395 1968 2449 πλειόνων

389 2480 521 2551 ὑμῖν
549 2482 771 2551 ἀγαθῶν
801 2485 1061 2554 μετουσία
1097 2487 1382 2556 γενήσεται
1412 2501 1425 2549 ;
1474 2485 1547 2537 Τὸ
1580 2485 1709 2557 γὰρ,
1748 2504 1765 2536 ι
1816 2487 1967 2539 Ἐπι-

390 2572 661 2643 στρέψατε
694 2576 752 2628 ὲν
781 2574 976 2645 τούτῳ,
1014 2594 1031 2626 ι
1060 2576 1107 2627 οἱ
1160 2576 1285 2646 περὶ
1320 2573 1411 2627 τὸν
1450 2575 1682 2628 Ἀκύλαν
1716 2595 1733 2626 ι
1768 2577 1969 2646 Πειρά-

390 2677 523 2715 σατε
555 2681 573 2714 ι
612 2663 1012 2733 ήρμηνεὺκασι.
1068 2664 1236 2717 Δώσω
1292 2666 1400 2735 γὰρ
1431 2666 1558 2734 ὑμῖν
1599 2664 1770 2717 ὑετῶν
1793 2665 1965 2732 ἀφθο-

386 2752 531 2817 νίαν,
556 2755 647 2807 καὶ
674 2755 777 2825 γῆς
808 2756 1133 2825 εὐκαρπίαν,
1164 2756 1256 2808 καὶ
1273 2754 1370 2824 τὴν
1394 2754 1644 2807 ἐντεῦθεν
1683 2756 1962 2823 εὐπορίαν,

387 2842 533 2897 ὥστε
554 2846 678 2909 τοὺς
711 2846 774 2899 ὲκ
794 2846 1052 2914 γειτόνων
1074 2845 1347 2915 ζηλωτοὺς
1371 2846 1514 2914 ὑμᾶς
1528 2845 1625 2898 καὶ
1660 2845 1961 2914 μακαρίους

2065 678 2131 732 Et
2155 680 2370 737 dixistis
2408 700 2422 736 :
2450 680 2505 736 In
2533 699 2640 754 quo
2668 683 3037 739 fraud'avimus
3067 688 3158 741 te?
3186 705 3203 737 ι

2139 878 2157 911 ι
2197 860 2336 927 Quia
2360 861 2585 917 decith
2611 870 2663 918 et
2689 864 2944 933 primitiae
2964 865 3247 920 vobiscum
3282 877 3428 922 sunt.
3454 869 3647 939 (Vens.

2061 948 2115 1011 9.
2147 949 2232 1004 10.
2261 951 2278 1019 )
2310 950 2374 1004 Et
2410 968 2508 1007 vos
2548 955 2904 1024 respicientes
2955 956 3227 1024 rcspicitis
3262 958 3315 1011 in
3347 973 3441 1024 ea,
3472 969 3524 1014 et
3564 976 3650 1016 me

2064 1055 2160 1094 vos
2214 1043 2599 1109 supplantatis.
2667 1059 2844 1101 annus
2910 1045 3167 1113 impletus
3216 1056 3321 1101 est.
3380 1048 3445 1102 Et
3497 1050 3646 1103 intu-

2061 1129 2201 1184 listis
2233 1131 2448 1187 fructus
2477 1147 2668 1188 omnes
2729 1134 2784 1188 in
2844 1135 3153 1197 thesauros,
3207 1145 3261 1190 et
3301 1137 3406 1191 erit
3461 1139 3647 1205 rapina

2062 1223 2321 1291 pauperis
2359 1225 2415 1277 in
2454 1224 2712 1279 domibus
2734 1226 2951 1281 vestris.
3002 1245 3020 1278 ι
3060 1225 3193 1279 Nam
3230 1240 3354 1280 cum
3392 1227 3474 1281 lex
3513 1227 3651 1281 deti-

2062 1313 2177 1366 niat
2197 1312 2467 1381 primitias
2496 1321 2551 1368 et
2578 1314 2818 1369 decimas
2845 1316 3051 1384 primas
3081 1313 3189 1369 Deo
3210 1314 3428 1380 oﬂ‘erre,
3452 1315 3650 1370 deinde

2060 1403 2269 1473 reliqua
2299 1419 2535 1468 sumere,
2566 1419 2665 1458 vos
2695 1412 2883 1459 contra
2913 1384 3105 1459 omnia
3127 1406 3328 1474 pariter
3381 1406 3435 1460 in
3460 1420 3651 1475 grana-

2060 1495 2143 1548 ria
2199 1502 2385 1551 vestra
2439 1495 2903 1550 intulistis:non
2963 1503 3287 1565 reputantes
3344 1512 3645 1566 pauperum

2060 1601 2183 1641 esse
2211 1588 2481 1657 rapinam,
2529 1587 2897 1657 pritnitiarum
2936 1595 2991 1642 et
3048 1587 3387 1641 decimarum
3432 1588 3648 1642 frauda-

2061 1678 2283 1733 tionem.
2326 1678 2451 1733 ldeo
2490 1680 2634 1732 enim
2699 1677 3080 1733 sacerdotibus
3128 1688 3289 1751 terra:
3338 1687 3539 1733 sortem
3594 1688 3649 1734 et

2062 1767 2366 1837 portionem
2421 1783 2530 1821 non
2587 1766 2738 1834 dedi,
2769 1775 2830 1820 ut
2861 1767 3051 1821 divino
3095 1768 3411 1822 insistentes
3463 1767 3642 1822 oliieio

2061 1866 2116 1911 et
2149 1873 2247 1926 pro
2280 1857 2434 1912 vobis
2469 1857 2677 1912 hostias
2715 1857 3027 1921 oﬂ‘erentes,
3058 1873 3123 1911 ex
3146 1857 3343 1911 oblatis
3371 1857 3500 1910 mihi
3537 1859 3648 1925 pri—

2069 1949 2243 2003 mitiis
2282 1956 2337 2004 et
2378 1948 2609 2003 decimis
2664 1949 2901 2012 alantur,
2969 1956 3024 2002 et
3086 1949 3139 2001 in
3193 1948 3380 2001 divino
3444 1947 3648 2016 tenpio

2067 2038 2443 2093 assidentibus
2474 2038 2809 2109 pauperibus
2858 2045 3083 2107 erogent
3109 2053 3172 2092 ex
3208 2038 3352 2091 istis.
3377 2037 3646 2101 Quocirca

2067 2143 2318 2199 repressa
2345 2128 2448 2182 hac
2468 2128 2725 2191 avaritia,
2748 2128 2957 2182 reddite
2979 2129 3215 2197 legitima
3242 2127 3643 2188 sacerdotibus,

2064 2223 2118 2270 et
2176 2216 2521 2285 experimini,
2559 2230 2742 2269 annon
2797 2216 2973 2285 major
3010 2217 3163 2271 vobis
3214 2216 3486 2270 bonorum
3523 2214 3647 2268 inde

2063 2303 2220 2372 copia
2274 2302 2458 2357 futura
2497 2304 2569 2358 sit
2602 2301 2785 2357 ?Nam
2838 2303 2984 2375 quod
3018 2305 3095 2358 ait
3141 2323 3155 2358 :
3213 2322 3231 2355 ι
3286 2303 3646 2359 Revertimini

2064 2393 2119 2447 in
2152 2394 2273 2455 hoc,
2313 2412 2333 2445 ›
2370 2393 2566 2461 Aquila
2616 2393 2804 2458 vertit,
2851 2411 2870 2446 ι
2916 2393 2984 2447 Et
3033 2395 3338 2464 periculum
3381 2395 3544 2449 facite
3588 2393 3644 2447 in

2063 2482 2185 2538 hoc.
2222 2482 2334 2551 Ill,
2372 2481 2475 2555 ιε]
2519 2481 2669 2537 Dabo
2714 2483 2858 2538 enim
2911 2482 3065 2537 vobis
3118 2484 3425 2553 pluviarum
3475 2482 3648 2537 abun-

2062 2573 2327 2638 dantiam,
2386 2581 2633 2628 etlerra:
2672 2573 3083 2637 fecunditatem,
3141 2583 3197 2628 et
3263 2573 3390 2627 inde
3458 2588 3639 2627 rerum

2059 2664 2446 2719 abundantiam
2474 2684 2488 2719 :
2519 2665 2593 2718 ita
2651 2672 2711 2718 ut
2757 2665 2974 2719 finitimi
3011 2680 3110 2720 vos
3143 2664 3328 2720 felices
3359 2672 3412 2719 et
3451 2664 3644 2717 beatos

2062 2760 2283 2815 vocent,
2320 2754 2411 2822 qui
2463 2761 2616 2807 tanta
2663 2769 2783 2808 mea
2851 2754 3202 2823 providentia
3244 2751 3523 2807 fruamini.
3567 2751 3645 2803 Ac

2069 2857 2266 2898 rursus
2310 2846 2499 2898 morbo
2539 2844 2694 2898 alteri
2729 2842 2978 2898 medetur
3004 2844 3096 2913 qui
3132 2860 3227 2898 eos
3269 2843 3524 2897 vexabat.

397 2938 718 3004 ἀποκαλεῖν,
747 2936 841 2991 ἅτε
865 2938 929 3007 δὴ
958 2936 1213 3009 τοιαύτης
1246 2935 1616 2999 ἀπολαύοντας
1667 2937 1797 3005 παρ’
1861 2935 1997 3006 ἐμοῦ
2057 2935 2419 3008 προμηθείας.
2481 2936 2651 2989 Πάλιν
2701 2935 2889 3005 ἕτερον
2936 2934 3108 2999 πάθος
3162 2934 3410 3005 ὲνοχλοῦν
3466 2934 3646 2997 αὑτοῖς

391 3030 701 3100 θεραπεύει,
733 3030 825 3082 καί
855 3046 1018 3100 φησιν
1039 3046 1054 3061 ο

463 3123 648 3190 ιγ’-ιε’.
680 3142 697 3174 ι
746 3121 1075 3193 Ἐϐαρὺνατε
1127 3123 1211 3174 ἐπ’
1265 3120 1366 3192 ἐμὲ
1410 3120 1538 3183 τοὺς
1562 3120 1757 3189 λόγους
1792 3119 1963 3192 ὑμῶν,

2146 3115 2317 3170 Vens.
2355 3114 2544 3169 15-15.
2587 3133 2605 3165 ι
2648 3112 3027 3183 Ingravastis,
3083 3113 3299 3183 inquit,
3355 3131 3519 3184 super
3563 3132 3648 3173 me

390 3211 537 3281 λέγει
594 3211 798 3281 Κύριος
847 3211 1239 3282 παντοκράτωρ
1265 3210 1331 3273 ⁷³,
1388 3210 1579 3263 εἴπατε
1601 3210 1679 3242 ἰ’
1728 3211 1817 3263 Ἐν
1860 3210 1965 3263 τίνι

393 3302 840 3372 κατελαλήσαμεν
889 3300 1031 3354 κατά
1066 3300 1197 3365 σοῦ;
1242 3299 1350 3352 Καὶ
1370 3300 1415 3332 ⁷⁸
1463 3299 1651 3352 εἴπατε
1672 3316 1686 3331 σ
1722 3298 1966 3360 Μάταιος

392 3396 420 3448 ὀ
460 3391 725 3448 δουλεύων
749 3389 888 3460 Θεῷ,
922 3391 1017 3446 καὶ
1062 3390 1113 3443 τί
1160 3390 1364 3453 πλεῖον,
1415 3389 1499 3442 ὅτι
1528 3388 1873 3459 ὲιρυλάξαμεν
1898 3387 1967 3442 τὰ

394 3483 724 3552 φυλάγματα
758 3480 920 3535 αὑτοῦ
943 3480 1009 3544 ⁷⁸,
1061 3480 1156 3533 καὶ
1201 3479 1333 3532 διότι
1375 3478 1752 3549 ἐπορεύθημεν
1791 3479 1966 3533 ἱκέται

393 3575 499 3645 πρὸ
555 3572 849 3643 προσώπου
915 3571 1121 3642 Κυρίου
1176 3570 1652 3640 παντοκράτοροςς
1710 3568 1819 3622 Καὶ
1871 3567 1966 3622 νῦν

397 3667 562 3736 ἡμεῖς
600 3663 975 3735 μακαρίζομεν
1010 3660 1340 3731 ἀλλοτρίους,
1377 3660 1470 3713 καὶ
1492 3658 1967 3728 ἀνοικοδομοῦνται

396 3755 595 3817 πάντες
626 3754 905 3817 ποιοῦντες
936 3754 1262 3823 ἀνομήματα
1283 3752 1326 3782 ⁷⁷
1348 3769 1361 3780 ·
1400 3750 1737 3820 ἀντέστησαν
1757 3750 1801 3782 τ’
1826 3749 1966 3819 Θεῷ,

394 3844 488 3898 καὶ
521 3841 822 3912 ἐσώθησαν.
862 3860 880 3892 ι
915 3843 1203 3911 Μοχθηρᾷ,
1246 3842 1399 3910 φησὶ,
1433 3839 1706 3911 χρώμενοι
1749 3838 1964 3910 γνώμῃ,

396 3935 652 4004 ἀνόνητον
679 3934 772 3987 καὶ
796 3932 996 4003 ἀκερδῆ
1017 3931 1114 4003 τὴν
1134 3934 1273 4001 ἐμὴν
1295 3933 1612 4002 ὠνομάσατε
1627 3931 1965 3995 δεσποτείαν,

395 4025 490 4078 καὶ
519 4025 645 4087 τοὺς
674 4022 870 4093 ἀνομίᾳ
905 4019 1182 4086 συζῶντας
1214 4025 1270 4073 ὲν
1298 4022 1566 4093 εὑημερία
1609 4024 1702 4076 καὶ
1730 4020 1969 4092 εὑθυμίᾳ

397 4115 496 4185 ζῇν
528 4129 700 4182 φατεο
738 4114 881 4183 ὑμᾶς
923 4113 980 4166 δὲ
1013 4114 1137 4175 τοὺς
1182 4112 1286 4165 ὑπὸ
1322 4112 1421 4182 τὴν
1459 4112 1597 4183 ἐμὴν
1645 4111 1970 4183 κηδεμονίαν

392 4204 681 4268 τελοῦντας
712 4205 890 4275 πάσης
926 4206 1022 4274 τῆς
1043 4204 1088 4235 ⁷⁸
1120 4203 1422 4273 εὐπραξίας
1454 4205 1695 4275 ἐρήμους
1730 4222 1970 4276 μεμενη-

397 4296 572 4360 κέναι,
610 4295 935 4366 μακαρίζειν
960 4294 1017 4347 δὲ
1052 4293 1162 4347 τῶν
1194 4292 1366 4348 ἄλλων
1396 4293 1490 4364 τὴν
1522 4293 1840 4365 εὑκληρίαν.

2070 3204 2236 3258 verba
2260 3211 2467 3266 vestra,
2498 3202 2632 3255 dicit
2667 3200 2930 3255 Dominus
2955 3201 3306 3269 omnipotens
3334 3219 3348 3267 ;
3384 3204 3601 3256 dixistis
3630 3222 3643 3257 :

2071 3296 2129 3347 In
2162 3310 2272 3363 quo
2302 3293 2471 3346 locuti
2521 3307 2713 3346 sumus
2746 3300 2939 3345 contra
2994 3291 3088 3344 te?
3131 3290 3193 3344 Et
3244 3292 3465 3346 dixistis
3500 3311 3512 3346 :
3545 3293 3648 3347 Va-

2070 3401 2175 3439 nus
2210 3391 2292 3439 est
2323 3384 2416 3454 qui
2450 3383 2625 3438 servit
2663 3380 2804 3446 Deo;
2837 3390 2891 3436 et
2934 3381 3064 3451 quid
3097 3382 3366 3452 amplius,
3395 3384 3521 3452 quia
3550 3400 3646 3439 cu-

2072 3476 2401 3532 stodivimus
2445 3473 2699 3528 mandata
2747 3473 2901 3545 ejus.
2953 3480 3008 3527 et
3060 3474 3189 3543 quia
3236 3474 3644 3538 ambulavimus

2072 3566 2350 3637 Supplices
2406 3572 2534 3619 ante
2592 3563 2788 3618 faciem
2850 3563 3066 3618 Domini
3104 3565 3546 3635 omnipotentis?
3582 3567 3648 3621 Et

2074 3673 2215 3711 nunc
2246 3672 2345 3712 nos
2370 3656 2562 3712 beatos
2592 3654 2831 3710 dicimus
2857 3656 3101 3719 alienos,
3138 3656 3353 3727 1690
3384 3667 3440 3712 et
3474 3657 3641 3712 aedili-

2071 3756 2273 3802 cantnr
2309 3763 2500 3804 omnes
2543 3746 2638 3817 qui
2676 3744 2888 3801 faciunt
2911 3745 3254 3816 iniquitatem
3281 3732 3299 3801 ἑ
3327 3749 3647 3803 restiterunt

2072 3836 2204 3904 Deo,
2237 3846 2292 3893 et
2320 3840 2463 3893 salvi
2490 3837 2620 3892 facti
2654 3846 2804 3892 sunt.
2837 3856 2855 3888 ι
2883 3835 3184 3903 Scelerata,
3215 3840 3431 3909 inquit,
3467 3849 3647 3896 mente

2071 3932 2305 4001 praediti,
2355 3931 2788 4001 dominationem
2840 3944 3012 3983 meam
3062 3930 3317 3986 inutilem
3371 3940 3427 3987 et
3469 3932 3648 3989 infru-

2070 4030 2319 4075 ctuosam
2348 4019 2588 4074 duxistis
2620 4035 2633 4072 :
2668 4026 2723 4073 et
2746 4030 2844 4072 eos
2896 4017 2991 4086 qui
3041 4016 3391 4086 iniquitatem
3424 4029 3647 4075 sectan-

2070 4121 2181 4179 tur,
2211 4126 2529 4183 prosperam
2558 4117 2614 4166 et
2638 4122 2891 4165 securam
2926 4109 3095 4163 vitam
3124 4124 3285 4180 agere
3312 4110 3518 4176 dicitis,
3548 4129 3646 4168 vos

2071 4219 2201 4259 vero
2236 4204 2327 4273 qui
2365 4203 2470 4258 sub
2520 4216 2640 4257 mea
2694 4199 3037 4271 providentia
3071 4203 3293 4274 degitis,
3337 4204 3487 4259 omni
3522 4204 3645 4260 feli-

2072 4298 2238 4350 citate
2276 4295 2570 4350 destitulos
2634 4305 2877 4357 manere,
2936 4307 3002 4348 ac
3058 4309 3355 4364 prosperos
3404 4296 3643 4350 aliorum

2075 4399 2370 4441 successus
2401 4383 2722 4452 praedicare.

469 4481 562 4540 ις’.
604 4490 624 4525 ι
663 4472 851 4527 Ταῦτα
883 4471 1256 4544 κατελάλησαν
1284 4474 1330 4525 οἱ
1370 4470 1692 4541 φοϐούμενοι
1731 4472 1821 4525 τὸν
1855 4472 1963 4526 Κύφ-

2137 4475 2305 4530 Vens.
2338 4476 2426 4530 10.
2456 4494 2474 4527 ι
2508 4462 2655 4530 Haec
2702 4476 2950 4530 oblocuti
2995 4485 3124 4530 sunt
3163 4473 3258 4545 qui
3309 4475 3499 4531 timent
3537 4474 3643 4528 Do-

398 4583 545 4639 ριον,
577 4566 805 4630 ἕκαστος
836 4564 973 4636 πρὸς
1012 4563 1105 4618 τὸν
1151 4564 1377 4632 πλησίον
1417 4563 1618 4617 αὐτοῦ’
1666 4564 1758 4617 καὶ⁸
1800 4581 1963 4636 προσ-

2068 4570 2300 4633 minum,
2331 4568 2711 4638 unusquisque
2749 4568 2815 4622 ad
2855 4568 3166 4638 proximum
3209 4582 3370 4623 suum
3406 4585 3421 4622 :
3453 4575 3508 4623 et
3555 4576 3642 4621 at-

397 4660 523 4730 ἑσχε
539 4658 763 4730 Κύριος,
786 4658 881 4711 καὶ
907 4658 1213 4727 είσήκουσε,
1244 4655 1341 4710 καὶ
1365 4655 1570 4725 ἔγραψε
1601 4654 1806 4725 βιϐλίον
1838 4674 1963 4728 μνη·

2068 4657 2241 4712 tendit
2307 4656 2694 4725 Dominus,et
2753 4657 3002 4721 audivit,
3055 4665 3110 4712 et
3164 4656 3393 4726 scripsit
3439 4657 3642 4711 librum

400 4751 632 4821 μοσύνου
660 4748 888 4805 ἐνώπιον
917 4749 1079 4803 αὑτοῦ
1104 4751 1215 4812 τοῖς
1250 4746 1605 4818 φοϐουμένοις
1628 4748 1719 4801 τὸν
1743 4748 1963 4822 Κύριον,

2069 4749 2412 4803 monumenti
2444 4749 2499 4802 in
2524 4756 2820 4819 conspectu
2853 4763 2955 4804 suo
2988 4748 3075 4803 bis
3111 4749 3206 4817 qui
3239 4748 3434 4803 timent
3458 4748 3644 4802 Domi-

397 4841 494 4895 καὶ
525 4840 943 4909 εὐλαϐουμένοις
967 4841 1029 4893 τὸ
1050 4839 1223 4910 ὄνομα
1248 4838 1434 4892 αὑτοῦ.
1474 4857 1492 4889 ι
1539 4837 1745 4902 Ταῦτα,
1782 4840 1963 4910 φησὶν,

2072 4856 2222 4906 num,
2247 4853 2298 4895 et
2319 4839 2414 4912 qui
2447 4847 2770 4896 reverentur
2797 4856 2995 4896 nomen
3026 4841 3167 4910 ejus.
3207 4860 3231 4893 ›
3256 4840 3401 4905 Haec,
3439 4840 3638 4910 inquit.

398 4930 641 4994 ἀκούσας
670 4928 780 4998 ἐγὼ
813 4929 926 4984 τῶν
959 4928 1349 5001 θρυλλιξόντων
1396 4928 1532 5001 πρὸς
1569 4928 1830 5000 ἀλλήλους
1861 4930 1963 4984 τῶν

2065 4944 2186 4983 cum
2231 4930 2356 4984 illos
2388 4930 2533 4986 inter
2555 4946 2615 4986 se
2642 4931 2858 5000 jactare
2897 4931 3178 5007 audissem
3207 4931 3301 5000 qui
3333 4931 3464 4985 milii
3486 4930 3641 4986 dedi-
3712 4938 3719 4943 ’

395 5021 768 5091 ἀνακειμένων
807 5021 951 5092 ἐμοὶ,
1002 5022 1350 5091 ἀνάγραπτον
1405 5016 1698 5091 ὑπόσχεσιν
1748 5021 1963 5091 ἀγαθῶν

2065 5018 2166 5072 cati
2194 5032 2383 5087 erant,
2436 5020 2708 5075 bonorum
2761 5037 3007 5077 meorum
3059 5022 3452 5093 sponsionem‘
3503 5038 3638 5078 con-

395 5111 506 5172 τοῖς
536 5109 890 5178 φοϐουμένοις
917 5127 984 5181 με
1020 5109 1229 5181 δίδωμι.
1267 5109 1436 5164 Τοῦτο
1464 5111 1573 5181 γὰρ
1598 5111 1745 5179 λέγει
1764 5129 1777 5143 ·
1812 5132 1828 5162 ι
1860 5113 1963 5164 Καὶ

2069 5113 2333 5174 scriptam
2371 5115 2441 5169 do
2473 5115 2796 5171 timentibus
2847 5132 2956 5172 me.
3002 5114 3119 5171 Hoc
3163 5116 3309 5170 enim
3353 5115 3433 5169 ait
3470 5136 3483 5171 :
3520 5135 3539 5167 ι
3580 5116 3642 5168 Et

396 5199 599 5272 ἔγραψε
635 5199 836 5271 βιϐλίον
869 5200 1211 5271 μνημοσύνου
1243 5200 1474 5255 ἐνώπιον
1519 5200 1684 5256 αὑτοῦ
1727 5204 1838 5265 τοῖς
1872 5220 1963 5271 φο.

2070 5203 2296 5274 scripsit
2325 5205 2527 5261 librum
2574 5207 2916 5262 monumenti
2977 5206 3031 5261 in
3077 5212 3377 5279 conspectu
3416 5222 3516 5262 suo
3557 5207 3645 5262 bis

398 5290 679 5361 ϐουμένοις
709 5289 800 5343 τὸν
833 5290 1056 5358 Κύριον,
1108 5291 1202 5345 καὶ
1238 5290 1654 5363 εὐλαϐουμένοις
1703 5294 1764 5346 τὸ
1804 5292 1963 5363 ὄνομα

2070 5296 2161 5365 qui
2189 5296 2387 5351 timent
2420 5296 2734 5361 Dominum,
2764 5307 2818 5352 et
2840 5306 3168 5353 reverentur
3198 5314 3399 5354 nomen
3438 5299 3577 5370 ejus.
3620 5318 3638 5350 ι

1698 5465 1930 5519 unus
1967 5465 2368 5523 LECTlONES.
2420 5446 2435 5459 ’

496 5621 538 5652 "
728 5618 917 5696 Monii.
971 5619 1038 5696 _iu
1082 5620 1304 5696 llexupl.
1371 5624 1743 5696 ἀποστερήσῃ.
1820 5625 1863 5656 ⁸⁸
1898 5626 2056 5680 αὑτά.
2114 5626 2155 5679 C
2202 5643 2383 5694 praem.
2440 5628 2541 5691 είς,
2588 5631 2682 5684 sed
2746 5641 3038 5696 utrumque
3089 5633 3205 5685 des.
3262 5632 3314 5684 ill
3358 5630 3418 5683 Α.
3518 5632 3563 5665 ⁸³
3596 5633 3639 5685 εἱ

398 5691 755 5766 ξυνετέλεσεν.
797 5690 880 5766 ﬂ"
897 5690 993 5743 καὶ
1020 5720 1081 5730 -
1111 5707 1201 5766 πτ.
1226 5690 1945 5766 Δ-ξιαὶΙὲστ-ριιήδιαρπαγή.
2019 5697 2061 5727 ⁷¹
2094 5690 2223 5766 ἀρτέ.
2270 5698 2309 5750 (1
2354 5690 2537 5766 przuut.
2572 5701 2623 5765 ἡ.
2704 5701 2749 5730 ’³
2781 5701 2822 5754 C
2856 5690 2980 5766 νειῖὶ.
3054 5702 3100 5732 ⁷³
3124 5717 3279 5753 παντ.
3327 5699 3447 5754 Des.
3484 5700 3537 5753 in
3571 5701 3643 5761 Α.

471 5760 577 5845 είπ.
707 5770 762 5815 ct
790 5759 830 5811 C
861 5766 1046 5844 prtem.
1076 5760 1230 5845 καί.-
1266 5758 1443 5845 "Ini.
1502 5750 1623 5816 Des:
1660 5765 1713 5845 in
1742 5750 1784 5819 Ἀ
1818 5750 1955 5821 ρι’(ξ.
2065 5767 2109 5797 ’⁷⁸
2134 5750 2213 5819 ὅτι
2692 5770 2769 5824 Ex
2792 5750 2844 5823 λ
2868 5750 3014 5843 τίς
3050 5750 3279 5841 suppi."
3306 5750 3350 5803 ﬁ

397 5831 444 5863 "
474 5829 587 5885 ἀντ.
622 5831 660 5884 Λ
697 5845 881 5901 prtem.
923 5829 1033 5885 καί.
1104 5831 1148 5861 ⁷⁹
1169 5830 1286 5901 τῆς.
1314 5828 1357 5884 Λ
1386 5845 1570 5902 przrm.
1606 5834 1722 5903 μέν.
2290 5828 2303 5831 “
2458 5828 2468 5838 ’
2971 5836 2977 5843 ’

3158 6032 3227 6047 κ-μ-
