4090 6332
453 505 597 572 1983·

1404 499 1894 561 THEODORETI
1930 498 2269 560 EPISCOPI
2296 496 2658 559 CYRENSIS

3558 481 3698 551 ιθει

450 619 565 695 [i7]
624 617 692 674 Hi
729 634 881 690 ergo,
941 616 1141 688 inquit,
1187 615 1280 687 qui
1329 590 1543 670 cultum
1599 629 1779 669 meum
1834 613 2017 685 magni

2122 612 2306 670 αὑτοῦ.
2346 633 2366 667 ι
2402 607 2560 668 Οὗτοι
2589 612 2791 681 τοίνυν,
2820 608 3005 682 φησὶν,
3030 607 3080 661 οί
3114 606 3213 695 τὴν
3236 603 3374 678 ἐμὴν
3401 602 3698 695 θεραπείαν

448 710 678 773 faciunt,
710 716 763 763 et
790 709 985 763 timent
1007 706 1287 777 quidpiam
1318 719 1509 762 eorum
1533 720 1696 776 agere
1725 719 1849 774 qua:
1883 704 2018 758 mihi

449 800 762 869 displicent,
805 815 825 849 ι
852 797 1030 852 Erunt
1078 798 1211 851 mibi
1255 797 1343 853 die
1372 812 1457 862 eo,
1500 811 1664 866 quem
1711 811 1813 866 ego
1851 794 2015 860 facio,

450 891 509 944 in
535 888 976 957 acquisitionem.
1015 906 1032 940 ι
1062 887 1191 951 Eos,
1225 888 1442 957 inquit,
1475 887 1605 941 mihi
1641 885 1929 941 vindicabo
1963 887 2019 941 in

449 980 538 1034 die
584 979 774 1049 judicii
809 998 822 1033 :
859 998 879 1030 ι
916 978 978 1032 Et
1028 979 1225 1049 eligam
1289 993 1407 1042 eos,
1455 978 1600 1033 sicut
1647 978 1802 1048 eligit
1854 978 2020 1033 homo

451 1071 620 1124 illium
676 1085 876 1131 suum,
929 1069 1024 1138 qui
1074 1069 1214 1123 bene
1265 1070 1438 1122 servit
1480 1070 1551 1124 ei.
1585 1087 1605 1120 ι
1640 1068 1820 1123 Patris
1872 1068 2017 1121 enim

451 1175 622 1223 more,
659 1160 799 1229 grati
835 1159 1004 1213 animi
1050 1160 1217 1212 ﬁlium
1252 1159 1585 1222 adamantis,
1613 1175 1849 1229 eumque
1876 1173 2015 1229 prae-

455 1251 700 1317 ferentis,
775 1265 875 1321 ego
919 1250 1020 1306 bos
1076 1252 1379 1307 anteferam
1440 1251 1672 1322 ingratis
1734 1250 2019 1306 contraria

451 1343 846 1412 cogitantibus.
893 1342 1187 1408 Caeterum,
1225 1362 1244 1395 ι
1286 1344 1479 1411 eligam
1521 1361 1540 1394 ι
1570 1340 1767 1411 Aquila
1827 1341 2021 1407 vertit,

458 1455 477 1488 ι
505 1432 733 1490 Parcam
761 1434 865 1501 cis,
890 1435 1034 1492 sicut
1070 1435 1248 1506 parcit
1274 1434 1438 1490 homo
1479 1432 1591 1489 [ilio
1624 1449 1748 1489 suo.
1782 1452 1805 1485 »η
1894 1448 1901 1453 ’

523 1695 691 1751 Vens.
728 1697 815 1751 18.
854 1718 893 1771 »ί
916 1700 983 1753 Et
1002 1700 1383 1754 convertimini
1410 1740 1425 1765 ,
1470 1709 1525 1755 et
1554 1701 1813 1758 videbitis
1837 1704 2019 1773 (quale

454 1786 523 1839 sit
553 1784 871 1856 discrimen)
906 1787 1277 1856 interjustum
1315 1796 1370 1843 et
1420 1790 1627 1860 169],
1668 1791 1939 1860 iniquum,
1967 1799 2019 1845 et

454 1876 596 1932 inter
625 1877 953 1934 servientem
987 1877 1119 1945 Deo,
1156 1887 1210 1935 et
1239 1894 1366 1934 eum
1393 1881 1488 1951 qui
1524 1896 1636 1936 non
1666 1884 1840 1938 servit
1873 1884 1946 1938 ei.

1038 2053 1270 2125 QAPUT
1332 2054 1423 2111 ιγ.

525 2140 692 2198 Vsus.
730 2143 781 2197 l.
814 2161 832 2194 ι
876 2143 1014 2210 Quia
1048 2142 1193 2201 ecce
1249 2145 1367 2201 dies
1418 2147 1567 2202 venit
1616 2150 1813 2206 ardens
1878 2153 2022 2206 sicut

454 2229 727 2291 clibanus,
760 2241 812 2285 et
844 2232 1131 2286 comburat
1151 2248 1269 2288 eos.
1310 2254 1328 2285 ›
1367 2235 1542 2301 Tunc,
1579 2238 1780 2307 inquit,
1813 2255 2021 2310 cogno-

451 2323 620 2376 scetis
664 2329 928 2390 quantum
962 2322 1033 2377 sit
1068 2322 1372 2379 discrimen
1408 2326 1549 2381 inter
1589 2328 1803 2397 justum
1839 2341 1889 2384 et
1936 2332 2021 2383 in-

447 2411 680 2480 justum,
706 2421 759 2466 ct
780 2422 1043 2481 quantum
1069 2413 1286 2470 diﬂ‘erat
1324 2416 1433 2472 Deo
1467 2421 1713 2474 serviens
1735 2422 1816 2474 ab-
1832 2436 1897 2473 eo
1927 2421 2018 2490 qui

452 2517 560 2555 non
591 2503 759 2557 servit
790 2502 891 2556 illi.
928 2501 1108 2558 Nolite
1137 2506 1282 2560 enim
1335 2509 1651 2565 existimare
1686 2510 1850 2564 vitam
1884 2518 2021 2581 pne-4

452 2601 662 2647 sentem
711 2594 765 2646 in
828 2601 1264 2667 omnetempus
1319 2597 1639 2654 duraturam
1676 2601 1832 2656 :hazc
1873 2603 2018 2657 enim

450 2684 885 2752 exstinguctur:
935 2702 954 2734 ι
1005 2683 1073 2739 Ει
1131 2686 1315 2742 veniet
1368 2686 1485 2744 dies
1538 2690 1764 2760 quidam
1821 2694 2019 2749 ardens

451 2774 589 2828 sicut
624 2776 899 2839 clibanus,
932 2784 988 2831 et
1020 2777 1310 2832 comburat
1342 2794 1458 2833 eos.
1494 2781 1559 2834 Et
1614 2790 1777 2837 erunt
1828 2798 2031 2840 omnes

450 2865 787 2933 alienigenae,
822 2876 873 2919 et
902 2881 1095 2923 omnes
1129 2870 1222 2936 qui
1255 2869 1464 2924 faciunt
1500 2871 1844 2940 iniquitatem
1870 2913 1885 2936 ,
1908 2876 2022 2929 sti-

451 2953 576 3022 pula
609 2970 623 3005 :
658 2954 954 3009 succcndet
987 2970 1082 3011 eos
1122 2957 1243 3012 dies
1277 2960 1540 3025 veniens,
1589 2961 1721 3015 dicit
1755 2962 2020 3020 Dominus

450 3043 822 3112 omnipotens,
852 3051 908 3096 et
945 3058 1056 3097 non
1109 3045 1452 3116 relinquetur
1484 3048 1639 3103 radix
1686 3065 1897 3115 eorum,
1925 3067 2018 3105 ne-

451 3150 557 3202 que
600 3148 809 3190 ramus.
847 3154 866 3187 ι
913 3135 1249 3206 Alienigena;
1301 3138 1498 3208 Aquila
1536 3141 1699 3195 vertit
1744 3141 2015 3208 superbos.

455 3224 546 3279 Sic
578 3226 745 3280 etiam
795 3225 1020 3283 divinus
1075 3226 1282 3285 Paulus
1339 3230 1460 3284 ait:
1495 3249 1514 3282 ι
1554 3232 1610 3286 Si
1659 3233 1788 3301 quis
1835 3242 2016 3288 autem

453 3318 855 3387 supermdiﬁcat
888 3334 1054 3389 supra
1107 3320 1523 3376 fundamentum
1586 3322 1726 3390 hoc,
1780 3338 2017 3390 aurum,

454 3418 761 3479 argentum,
788 3411 995 3480 lapides
1026 3413 1322 3482 pretiosos,
1364 3414 1535 3484 ligna,
1582 3414 1812 3482 Tenum,
1849 3417 2023 3485 stipu-

454 3503 560 3555 lam
596 3522 611 3558 :
643 3504 1085 3574 uniuscujusque
1144 3520 1284 3575 opus
1334 3506 1682 3561 manifestum
1714 3508 1840 3563 erit.
1893 3508 2021 3564 Dies

452 3595 597 3648 cnim
627 3593 843 3648 Domini
869 3595 1197 3661 declarabit,
1236 3598 1365 3664 quia
1394 3613 1488 3665 per
1509 3599 1687 3668 ignem
1717 3600 2016 3665 rcvelatur,

452 3694 507 3740 et
539 3684 977 3753 uniuscujusque
1010 3700 1168 3752 opus,
1198 3688 1361 3754 quale
1408 3688 1503 3750 sit,
1558 3688 1703 3757 ignis
1744 3690 2019 3756 probabit.

457 3776 515 3830 Si
581 3775 741 3844 cujus
797 3791 940 3844 opus
998 3778 1301 3844 manserit,
1347 3779 1495 3849 quod
1543 3781 2020 3856 supersedilicavit,

454 3865 759 3922 mercedem
807 3866 1037 3935 accipiet
1070 3884 1084 3921 :
1119 3867 1163 3923 si
1197 3868 1357 3936 cujus
1397 3884 1538 3940 opus
1590 3871 1812 3934 arserit,
1849 3871 2024 3927 detri-

454 3965 698 4010 mentum
737 3956 1036 4026 patieturh.
1073 3976 1093 4008 ι
1138 3956 1434 4029 Postquam
1491 3961 1596 4016 hoc
1646 3961 1811 4017 modo
1861 3963 2025 4033 impie

454 4041 752 4103 viventium
803 4049 1030 4103 exitium
1062 4053 1502 4120 praemonstravit
1524 4093 1539 4118 ,
1571 4055 1814 4110 ostendit
1838 4054 2023 4127 qualia

452 4141 666 4212 piorum
697 4140 805 4196 sint
835 4141 1055 4210 praemia
1081 4160 1096 4197 :

530 4230 692 4287 Vens.
721 4231 775 4285 Ξ.
808 4250 827 4283 ι
871 4230 935 4285 Ει
991 4233 1199 4287 orietur
1252 4232 1411 4288 vobis
1438 4235 1530 4303 qui
1576 4235 1784 4291 timetis
1826 4250 2024 4291 nomen

454 4337 660 4385 meum,
691 4323 773 4376 sol
819 4322 1071 4390 justitiaz,
1124 4324 1335 4394 1692
1366 4332 1419 4379 et
1475 4327 1684 4382 sanitas
1720 4326 1773 4381 in
1827 4327 2026 4397 pennis

455 4410 598 4482 ejus.
635 4430 654 4463 ι
695 4410 820 4467 Haec
848 4421 1029 4467 autem
1093 4422 1205 4467 tum
1265 4413 1434 4483 priori
1489 4412 1792 4472 Salvatoris
1850 4417 2027 4473 nostri

456 4502 710 4560 adventui
742 4505 1098 4565 conveniunt,
1140 4513 1253 4558 tum
1284 4505 1582 4560 secundo.‘
1610 4505 1745 4561 Nam
1769 4509 1821 4561 in
1857 4508 2028 4578 priori

455 4596 702 4666 quidem,
727 4595 874 4649 velut
891 4594 973 4649 sol
995 4594 1267 4665 quispiam
1288 4595 1447 4650 nobis
1471 4604 1703 4653 exortus
1725 4605 1832 4659 est,
1861 4598 1915 4653 in
1931 4613 2028 4672 ca-

454 4687 626 4757 ligine
648 4696 700 4740 et
730 4685 925 4740 mnbra
956 4686 1151 4740 mortis
1173 4686 1518 4750 constitutis,
1543 4695 1711 4757 atque
1735 4703 1766 4742 a
1792 4699 2016 4759 peccato

457 4793 559 4834 nos
591 4778 857 4842 liberans,
902 4775 1176 4845 justitiam
1238 4776 1549 4846 impertitus
1595 4786 1679 4834 est
1711 4797 1726 4834 :
1759 4786 1813 4833 et
1862 4779 2025 4849 spiri-

457 4867 693 4921 tualibns
717 4866 877 4921 donis
903 4867 1059 4936 quasi
1083 4866 1414 4935 quibusdam
1448 4867 1551 4922 alis
1574 4883 1678 4923 nos
1705 4877 2021 4938 contegens,

457 4956 802 5009 curationem
857 4955 1147 5010 animabus
1192 4955 1400 5010 nostris
1446 4957 1720 5013 exhibuit.
1752 4956 1816 5010 Et
1855 4958 1909 5013 in
1935 4974 2024 5015 se-

457 5046 639 5100 cundo
666 5062 862 5101 rursus
878 5046 1115 5102 adventu
1139 5046 1226 5100 bis
1245 5046 1339 5113 qui
1367 5045 1422 5100 in
1456 5046 1559 5102 hac
1584 5049 1696 5102 vita
1727 5057 2022 5114 vexantur,

457 5135 540 5191 vel
569 5152 635 5190 ex
670 5151 858 5192 eorum
888 5146 1017 5191 voto
1039 5137 1125 5193 vel
1161 5141 1361 5205 praeter
1389 5151 1581 5191 eorum
1623 5145 1807 5193 votum
1855 5154 2023 5211 appa-

457 5239 610 5289 rens,
652 5223 802 5297 justc
845 5235 1032 5297 utpote
1076 5228 1271 5299 justus
1309 5226 1602 5298 judicabit,
1648 5237 1706 5284 et
1750 5230 2028 5299 promissa

523 5404 550 5445 ιι
591 5406 605 5458 l
641 5404 769 5459 Cor.
805 5420 903 5469 Ill,
943 5403 1129 5460 12—15.

2126 701 2257 773 περὶ
2299 700 2492 755 πολλοῦ
2526 698 2870 770 ποιούμενοι,
2915 697 3012 752 καὶ
3061 693 3291 758 δεδιότες
3332 709 3386 747 τι
3435 691 3546 744 τῶν
3596 689 3697 744 οὐκ

2125 791 2469 864 ἀρεσκόντων
2494 809 2583 863 μοι
2609 790 2837 862 δρᾶσαι·
2881 807 2900 841 ι
2945 783 3198 841 Ἔσονται
3229 800 3316 854 μοι
3346 782 3424 846 είς
3459 779 3694 852 ἡμέραν,

2124 882 2192 953 ἦν
2229 881 2340 951 ἐγὼ
2374 882 2534 946 ποιῶ,
2588 885 2668 945 είς
2716 879 3083 951 περιποίησιν,
3122 895 3141 928 ι
3187 871 3549 942 οἰκειώσομαι
3594 872 3693 923 αύ-

2124 973 2270 1035 τοὺς,
2314 974 2499 1043 φησιν,
2537 974 2595 1024 ἐν
2624 970 2725 1041 τῆς
2756 970 2987 1041 κρίσεως
3018 966 3224 1037 ἡμέρᾳ.
3257 983 3275 1017 ι
3318 962 3427 1015 Kal.
3473 958 3696 1031 αἰρετιῶ

2127 1061 2347 1124 αὐτοὺς,
2375 1061 2435 1115 ὃν
2459 1061 2660 1131 τρόπον
2680 1057 2944 1130 αἱρετίξει
2968 1056 3251 1119 ἄνθρωπος
3277 1052 3369 1105 τὸν
3395 1051 3506 1103 υίδν
3530 1048 3694 1103 αὑτοῦ

2124 1152 2214 1205 τὸν
2242 1147 2301 1205 εὖ
2323 1150 2367 1184 ⁸ο
2393 1150 2710 1205 δουλεύοντα
2731 1148 2900 1218 αὐτῷ.
2938 1166 2956 1198 ι
2989 1145 3201 1216 Πατρδς
3227 1144 3336 1214 γὰρ
3366 1141 3542 1211 δίκην,
3566 1139 3696 1210 περὶ

2125 1242 2239 1296 υἱὸν
2286 1240 2604 1311 εὐγνώμονα
2653 1238 3019 1309 διακειμένου,
3052 1235 3147 1289 καὶ
3194 1230 3567 1303 προτιμῶντος
3598 1229 3697 1281 αύ-

2125 1333 2235 1399 τὺν,
2282 1333 2391 1386 τῶν
2435 1331 2763 1403 ἀγνωμόνων
2817 1328 3135 1400 προτιμήσω
3183 1323 3405 1386 τούτους
3438 1318 3549 1388 ἐγὼ
3584 1318 3695 1377 τῶν

2124 1424 2379 1478 τάναντία
2404 1419 2957 1493 βουλευσαμένων.⁷ι“δ
2973 1419 3029 1472 δὲ
3050 1437 3068 1470 ι
3092 1415 3315 1489 αἱρετιῶ
3340 1432 3359 1467 ι
3386 1415 3434 1466 οἱ
3459 1412 3587 1482 περὶ
3603 1411 3694 1464 τὺν

2138 1514 2387 1581 Ἀκύλαν,
2442 1533 2460 1565 ι
2496 1514 2795 1584 Φείσομαι,
2854 1511 3264 1582 ἡρμηνεύκασιν
3329 1507 3405 1569 ὡς
3456 1502 3692 1574 φείδεται

2125 1606 2407 1677 ἄνθρωπος
2438 1605 2530 1658 τοῦ
2564 1604 2681 1658 υἱοῦ
2713 1602 2900 1657 αὑτοῦ.
2938 1621 2956 1653 ι

2197 1693 2283 1765 ιη’.
2322 1714 2339 1745 ι
2368 1696 2477 1749 Καὶ
2498 1692 2968 1765 ἐπιστραφήσεσθε
2990 1692 3057 1752 ⁸¹,
3081 1691 3172 1743 καὶ
3201 1685 3392 1757 ὄψεσθε
3422 1682 3693 1755 ἅναμέσον

2124 1783 2332 1836 δικαίου
2367 1785 2462 1837 καὶ
2494 1785 2768 1854 ἀναμέσον
2797 1783 2982 1835 ἀδίκου
3002 1781 3071 1845 δ’,
3107 1780 3200 1832 καὶ
3228 1777 3498 1846 ἁναμέσον
3533 1773 3626 1827 τοῦ
3644 1773 3692 1806 ⁸³

2124 1876 2462 1939 δουλεύοντος
2491 1876 2567 1946 τῷ
2598 1875 2738 1946 Θεῷ,
2787 1876 2882 1928 καὶ
2925 1873 3197 1943 ἅναμέσον
3218 1869 3265 1902 ⁸⁸
3316 1867 3409 1920 τοῦ
3466 1866 3540 1936 μὴ
3569 1865 3689 1919 δον-

2052 1960 2097 2016 Β
2123 1967 2366 2032 λεύοντος
2393 1966 2559 2038 αὐτῷ.

2640 2057 2818 2109 ΚΕΦΑ
2830 2055 3036 2108 AAION
3088 2052 3160 2106 A'.

2192 2155 2256 2204 a'.
2299 2168 2317 2200 ι
2353 2149 2472 2201 Ὅτι
2508 2147 2614 2201 ἰδοὺ
2646 2147 2828 2218 ἡμέρα
2853 2145 3070 2218 ἔρχεται
3105 2144 3367 2212 καιομένη
3395 2144 3470 2204 ὼς
3501 2140 3691 2193 κλίϐα-

2120 2255 2229 2302 νος,
2277 2238 2368 2291 καὶ
2418 2229 2601 2305 euge;
2659 2235 2871 2298 αὐτούς.
2907 2253 2924 2285 ι
2964 2234 3119 2297 Τότε,
3174 2235 3329 2301 φησὶ,
3386 2230 3690 2301 μαθήσεσθε

2118 2329 2240 2381 ὅσον
2270 2326 2457 2380 ἀδίκου
2489 2326 2585 2379 καὶ
2617 2324 2823 2378 δικαίου
2867 2323 2926 2376 τὸ
2974 2323 3157 2392 μέσον,
3189 2321 3284 2374 καὶ
3313 2321 3412 2390 ὅση
3460 2318 3691 2388 διαφορᾶι

2119 2415 2212 2470 τοῦ
2268 2415 2607 2477 δουλεύοντος
2650 2412 2726 2482 τῷ
2772 2411 2890 2483 Θεῷ
2939 2411 3074 2482 πρὸς
3103 2410 3192 2463 τὸν
3229 2410 3302 2480 μὴ
3351 2407 3690 2461 δουλεύοντα.

2119 2508 2211 2578 Μὴ
2240 2510 2347 2578 γὰρ
2372 2506 2435 2577 δὴ
2467 2507 2725 2577 νομίσητε
2751 2506 2841 2558 τὸν
2868 2506 3110 2576 παρόντα
3141 2502 3253 2571 βίον
3278 2499 3420 2570 ἔχειν
3454 2499 3515 2551 τὸ
3536 2499 3691 2570 διαρ-

2121 2601 2250 2665 κές’
2301 2601 2594 2671 λυθήσεται
2638 2597 2748 2669 γὰρ
2776 2589 2952 2660 οὗτος,
3004 2616 3022 2648 ι
3063 2594 3174 2647 Kal.
3216 2594 3335 2665 ἥξει
3379 2611 3459 2656 τις
3512 2592 3694 2662 ἡμέρα

2121 2691 2384 2762 καιομένη
2414 2690 2489 2753 ὡς
2503 2689 2773 2749 κλίϐανος,
2804 2688 2896 2740 καὶ
2920 2685 3100 2756 φλέξει
3117 2684 3332 2745 αὐτούς.
3353 2684 3462 2736 Kal.
3484 2681 3691 2734 ἔσονται

2120 2784 2320 2844 πάντες
2336 2784 2383 2834 οἱ
2397 2781 2722 2848 ἀλλογενεῖς,
2738 2778 2832 2831 καὶ
2848 2778 3047 2840 πάντες
3066 2777 3114 2827 οἱ
3134 2774 3409 2836 ποιοῦντες
3426 2774 3494 2827 τὰ
3506 2774 3551 2804 ⁸⁸
3564 2771 3657 2826 avo
3669 2800 3689 2813 -

2124 2892 2218 2946 μα,
2254 2874 2494 2943 καλάμη,
2536 2872 2629 2925 καὶ
2655 2870 2846 2937 ἀνάψει
2874 2869 3068 2930 αὐτοὺς
3090 2869 3121 2937 ἡ
3143 2866 3326 2937 ἡμέρα
3350 2867 3381 2933 ἠ
3401 2863 3688 2933 ἐρχομένη,

2119 2969 2267 3035 λέγει
2295 2966 2493 3035 Κύριος
2521 2961 2933 3032 παντοκράτωρ,
2967 2960 3059 3011 καὶ
3088 2960 3149 3010 ού
3173 2957 3246 3027 μὴ
3267 2954 3564 3025 ὑπολειφθῇ
3597 2955 3692 3007 αύ-

2120 3059 2227 3112 τῶν
2248 3058 2295 3091 “
2315 3056 2459 3126 ῥίζα,
2478 3054 2598 3108 οὐδὲ
2624 3053 2825 3123 κλῆμα.
2840 3069 2857 3101 ι
2884 3050 3020 3112 Τοὺς
3037 3048 3092 3101 δὲ
3120 3047 3472 3117 ἀλλογενεῖς
3486 3047 3535 3101 oi
3565 3045 3694 3115 περὶ

2119 3148 2212 3201 τὸν
2246 3145 2474 3200 Ἀκύλαν
2500 3141 2925 3212 ὑπερηφάνους
2959 3141 3333 3209 ήρμήνευσαν.
3364 3135 3519 3190 Olim
3541 3135 3635 3188 καὶ
3666 3137 3695 3187 ό

2123 3243 2263 3304 θεῖος
2287 3238 2605 3301 Ἀπόστολος
2632 3237 2757 3306 ἔφη’
2781 3255 2799 3288 ι
2844 3236 2905 3288 Εἰ
2929 3234 2985 3287 δέ
3015 3251 3097 3296 τις
3123 3231 3465 3299 ἐποικοδομεῖ
3487 3228 3579 3283 ἐπὶ
3606 3227 3695 3281 τὸν

2124 3331 2589 3403 θεμέλιοντοῦτον,
2601 3328 2820 3400 χρυσὸν,
2834 3326 3090 3399 ἄργυρον,
3107 3324 3283 3386 λίθους
3294 3322 3526 3392 τιμίους,
3543 3319 3691 3387 ξύλα,

2123 3427 2336 3498 χόρτον,
2376 3422 2651 3492 καλάμην,
2679 3420 2908 3474 ἑκάστου
2934 3418 2994 3471 τὸ
3025 3417 3183 3487 ἔργον
3213 3414 3445 3486 φανερὸν
3467 3413 3692 3481 γενήσε-

2122 3531 2247 3569 ται·
2278 3500 2317 3586 ’ἠ
2348 3513 2454 3584 γὰρ
2494 3512 2679 3583 ἡμέρα
2722 3508 2974 3580 δηλώσει,
3009 3508 3090 3560 ὅτι
3125 3509 3182 3559 ἐν
3242 3506 3376 3577 πυρὶ
3425 3501 3696 3556 ἀποκαλύ-

2123 3624 2339 3667 πτεται,
2370 3605 2463 3658 καὶ
2507 3604 2737 3658 ἑκάστου
2768 3602 2828 3653 τὸ
2856 3600 3024 3670 ἔργον,
3055 3598 3237 3652 ὁποῖόν
3285 3597 3423 3663 ἐστι,
3471 3597 3532 3650 τὸ
3585 3594 3697 3667 πῦρ

2122 3698 2254 3751 αὐτὸ
2271 3697 2315 3729 ⁸⁷
2352 3694 2655 3764 δοκιμάσει.
2688 3692 2757 3745 Εἴ
2785 3708 2927 3754 τινος
2954 3690 3013 3743 τὸ
3042 3689 3199 3760 ἔργον
3233 3690 3402 3758 μενεῖ,
3433 3689 3462 3742 δ
3489 3690 3699 3759 ἐπῳκο-

2121 3788 2345 3857 δόμησε,
2385 3784 2574 3856 μισθὸν
2602 3782 2863 3855 λήψεται·
2894 3781 2949 3834 εί
2966 3798 3107 3844 τινος
3133 3781 3192 3833 τὸ
3219 3780 3378 3851 ἔργον
3413 3778 3695 3848 κατακαή-

2124 3896 2296 3944 σεται,
2317 3873 2774 3947 ζημιωθήσεται.»
2802 3871 2956 3926 Οὖτω
2993 3869 3406 3941 προαγορεύσας
3431 3871 3542 3930 τοῖς
3573 3868 3698 3921 ἀσε-

2123 3968 2247 4038 ϐείᾳ
2275 3967 2477 4028 συζῶσι
2499 3965 2590 4018 τὸν
2622 3961 2744 4015 ὅλεο
2755 3978 2866 4033 ρον,
2901 3961 3175 4015 δείκνυσιν
3200 3952 3288 4012 οἶα
3317 3958 3425 4011 τῶν
3459 3956 3701 4010 εὐσεϐῶν

2120 4061 2191 4115 τὰ
2220 4056 2359 4113 ἆθλα
2377 4074 2389 4087 ·

2198 4232 2262 4303 β’.
2300 4250 2317 4282 ι
2356 4230 2465 4284 Καὶ
2512 4226 2759 4283 ἁνατελεῖ
2780 4226 2825 4258 ⁸⁸
2859 4225 2986 4292 ὑμῖν
3007 4224 3051 4281 9⁸
3096 4223 3208 4285 τοῖς
3254 4219 3611 4290 φοϐουμένοις
3640 4218 3704 4274 τὸ

2124 4324 2296 4396 ὄνομά
2323 4340 2423 4393 μου
2454 4322 2602 4392 ἥλιος
2631 4319 2998 4388 δικαιοσύνης,
3028 4315 3120 4369 καὶ
3154 4315 3297 4378 ἴασις
3324 4315 3380 4367 ὲν
3409 4316 3527 4376 ταῖς
3568 4312 3700 4365 πτέ-

2129 4415 2279 4489 ρυξιν
2312 4413 2499 4468 αὐτοῦ,
2516 4432 2534 4464 ι
2554 4410 2743 4465 Ταῦτα
2769 4410 2826 4464 δὲ
2853 4409 2946 4463 καὶ
2961 4409 3027 4478 τῇ
3059 4406 3303 4478 προτέρᾳ
3327 4403 3420 4458 τοῦ
3450 4403 3701 4473 Σωτῆρος

2127 4507 2283 4580 ἡμῶν
2316 4506 2575 4578 ἁρμόττει
2623 4501 2914 4573 παρουσίᾳ,
2963 4501 3056 4552 καὶ
3085 4501 3150 4569 τῇ
3181 4497 3428 4569 δευτέρᾳ.
3457 4497 3564 4549 Καὶ
3591 4494 3706 4566 γὰρ

2060 4600 2187 4673 υὲν
2231 4601 2296 4670 τῇ
2355 4596 2596 4668 προτέρᾳ
2644 4589 2755 4647 οἷόν
2797 4609 2879 4655 τις
2925 4590 3075 4662 ἣλιος
3122 4591 3254 4659 ἡμῖν
3301 4585 3592 4651 ἀνέτειλεν,
3640 4588 3701 4638 έν

2127 4690 2310 4744 σκότει
2335 4689 2428 4742 καὶ
2462 4688 2588 4757 σκιᾷ
2618 4685 2844 4739 θανάτου
2876 4682 3231 4753 καθημέιοις·
3266 4678 3484 4749 καὶτῆς
3517 4678 3699 4748 ἁμαρ-

2124 4783 2248 4845 τίας
2286 4777 2658 4848 ἐλευθερώσας
2714 4772 3061 4843 δικαιοσύνης
3119 4770 3411 4842 μετέδωκε,
3444 4769 3537 4821 καὶ
3588 4770 3702 4830 τοῖς

2128 4870 2518 4939 πνευματικοῖς
2561 4865 2893 4937 χαρίσμασιν
2935 4856 3044 4914 οἷόν
3084 4876 3191 4913 τισι
3231 4861 3450 4929 πτεροῖς
3493 4873 3700 4924 συγκα-

2127 4960 2333 5030 λύψας,
2386 4958 2530 5012 ἴασιν
2559 4957 2678 5018 ταῖς
2714 4953 3008 5023 ἡμετέραις
3057 4950 3299 5020 παρέσχε
3337 4949 3557 5019 ψυχαῖς.
3593 4948 3703 5000 Καὶ

2130 5051 2190 5102 ὲν
2217 5051 2284 5120 τῇ
2328 5045 2556 5116 δευτέρᾳ
2602 5044 2659 5096 δὲ
2704 5041 2973 5112 παρουσίᾳ
3019 5041 3130 5102 τοῖς
3169 5036 3311 5089 κατὰ
3341 5036 3432 5089 τὸν
3463 5035 3703 5106 παρόντα

2135 5140 2246 5211 βίον
2290 5135 2664 5208 τρυχομένοις,
2702 5132 2735 5204 ἦ
2765 5130 2917 5200 παρὰ
2948 5127 3195 5197 γνώμην,
3230 5125 3262 5195 ἢ
3298 5123 3440 5179 κατὰ
3477 5123 3703 5195 γνώμην

2131 5226 2437 5297 ἐπιφανεὶς,
2461 5219 2547 5279 οἷα
2573 5222 2776 5285 δίκαιος
2804 5218 3029 5281 δικαίως
3060 5216 3288 5280 δικάσει,
3313 5214 3406 5268 καὶ
3434 5213 3501 5268 τὰ
3531 5215 3700 5283 ἐπηγ-

1759 5551 1988 5607 νΑΙῖΙᾸΞ
2029 5549 2438 5605 LECTIUNES.

526 5715 573 5747 "
596 5708 676 5768 εὗ.
711 5713 833 5769 Des.
866 5715 920 5769 in
950 5717 1013 5772 Δ.
1091 5716 1134 5748 ⁸¹
1168 5710 1747 5780 Αὲπιστραφήσονται.
1825 5709 1869 5741 ⁸³
1897 5688 1941 5762 Λ
1963 5706 2185 5776 ἀνόμου.
2263 5704 2312 5738 ⁸³
2341 5704 2435 5758 τοῦ
2463 5712 2517 5761 et
2563 5705 2760 5761 deinde
2801 5703 2879 5773 τῷ
2910 5706 3026 5761 des.
3068 5707 3119 5758 in
3179 5707 3239 5759 Α.

526 5782 650 5833 inde
674 5784 822 5833 αὐτῶ
845 5785 962 5833 des.
995 5785 1129 5833 ibid.
1231 5781 1275 5813 ⁸⁵
1310 5780 1398 5832 τά.
1442 5777 1567 5833 Des.
1610 5781 1661 5833 in
1694 5782 1796 5833 Α.-
1832 5780 1932 5832 "A
1969 5777 2130 5833 αὐτῶ.
2208 5778 2253 5808 ⁸⁷
2278 5776 2427 5828 αὑτό.
2486 5773 2603 5827 νίιΙ.
2641 5792 2691 5833 ι).
2754 5775 2910 5833 1686.
2947 5777 3064 5831 Scit.
3107 5778 3137 5829 6
3189 5784 3239 5826 «ξι

1310 5791 1398 5832 τα.
1442 5791 1567 5834 Des.
1610 5791 1661 5834 in
1694 5791 1796 5833 Α.-
1832 5791 1932 5832 "A
1969 5791 2130 5834 αυτω.
2208 5791 2247 5808 ὐ
2278 5791 2427 5828 auro.
2492 5791 2603 5827 νιιι.

456 5781 650 5852 deinde
674 5784 822 5852 αὐτῷ
845 5785 962 5837 des.
995 5785 1129 5840 ibid.

458 5853 501 5898 ι.
1230 5852 1340 5911 τοῖς
1373 5832 1832 5919 φοϐουμένοιςίμε
1863 5851 2017 5902 ἁνατ.
2050 5832 2137 5915 ἥλ.
2161 5847 2266 5899 δικ.

3338 5705 3383 5736 ⁸⁸
3420 5700 3587 5767 ἀναμ.
3648 5708 3702 5753 et

2373 5777 2427 5827 τό.
2486 5774 2603 5827 νίιΙ.
2641 5792 2691 5843 p.
2754 5775 2910 5842 1686,
2947 5777 3064 5831 Sch.
3107 5778 3137 5829 6
3189 5784 3239 5826 et
3291 5775 3336 5825 7.
3413 5776 3458 5806 ⁸⁸³
3502 5774 3705 5842 Supra.

2373 5846 2417 5872 κ’
2451 5844 2492 5895 Α
2537 5845 2687 5912 ἡμῖν.
