4048 6364
267 142 2846 177 MM

990 260 993 263 ’
1079 298 1473 351 EMINENTISS.
1510 300 1589 352 ET
1621 299 2072 354 REVERENDISS.
2106 302 2401 367 PRINCIPI,
2436 303 2518 355 ET
2552 305 2613 356 1).
2649 304 2711 357 D.

634 458 1172 590 FRANCISGb
1227 464 1673 594 ANTON10
1725 464 1859 593 DE
1916 468 2232 595 LOREN

1546 466 1673 592 ilo
1725 464 1859 593 DE
1916 468 2511 597 LORENZANA
2558 471 2689 597 ET
2737 468 3144 597 BUTRON

256 709 410 753 λιι.
446 709 504 751 Ε.
539 710 946 755 PRESBYTERO
991 714 1358 772 CARDINALl,
1396 716 1887 763 ARCHIEPISCOPO
1916 716 2275 774 TOLETANO,
2313 719 2748 761 HISPANIARUM
2784 718 3073 773 PRIMATI,
3110 718 3189 759 ET
3214 718 3531 762 GENERALI

336 812 723 864 INQUISITORI
755 814 1188 861 CANCBLLARIO
1222 820 1449 863 MAJORI
1479 821 1838 878 CASTELLE,
1876 822 2026 865 REGI
2062 824 2099 864 Δ
2130 821 2431 865 οοΝειιιιε
2469 821 2728 879 STATUS,
2765 819 3095 863 PRECLARI
3126 820 3300 862 REGII
3336 819 3534 862 οιωι-

336 914 431 955 Νῑδ
466 915 789 959 ΗιεΡΑΝιοι
820 918 1043 963 CAROLI
1075 921 1173 978 ΙΙΙ,
1205 922 1422 965 MAGNA
1455 922 1660 968 CRUCE
1688 922 2037 979 INSIGNITO,
2070 922 2212 966 ETC.

1427 1071 1863 1133 FAUSTINUS
1904 1070 2349 1133 AREVALUS.

326 1204 477 1281 Quod
507 1208 595 1262 diu
626 1211 937 1283 multumque
990 1213 1273 1268 doctissimi
1320 1208 1502 1286 quique
1548 1231 1866 1286 exoptabant
1891 1256 1907 1281 ,
1963 1215 2017 1269 ut
2057 1214 2251 1270 Isidori
2287 1214 2600 1269 sanctissimi
2628 1212 2961 1282 Hispalensis
2987 1213 3249 1282 pontiﬁcis
3288 1229 3445 1283 opera
3472 1230 3533 1269 eo

251 1300 387 1351 cultu
417 1317 575 1372 eoque
602 1303 803 1369 ordine,
829 1305 914 1374 qui
945 1314 1150 1359 (etatem
1174 1307 1308 1360 hanc
1338 1318 1569 1362 nostram
1619 1308 1852 1375 deceret,
1903 1308 2069 1364 denuo
2098 1309 2154 1361 in
2183 1309 2346 1363 lucem
2373 1308 2631 1378 prodiret,
2663 1307 2719 1359 id
2744 1316 2860 1376 post
2886 1315 2958 1360 tot
2984 1307 3159 1361 irritos
3190 1308 3532 1376 plurimorum

251 1401 461 1444 conatus
490 1394 627 1462 quod
650 1411 742 1464 ego
768 1407 1014 1465 prwsture
1039 1398 1094 1451 in
1123 1414 1203 1451 me
1222 1400 1520 1468 receperint,
1536 1402 1589 1454 in
1615 1401 1787 1454 varias
1811 1402 2036 1471 fortasse
2062 1400 2480 1471 reprehensiones
2502 1399 2788 1452 incurrant.
2815 1397 3004 1451 Verum
3032 1398 3164 1451 nihil
3190 1415 3251 1451 ea
3282 1398 3344 1451 de
3368 1414 3532 1451 causa

251 1482 316 1536 ab
342 1481 546 1554 incepto
576 1486 868 1552 deterritus,
901 1499 949 1543 te
977 1498 1205 1554 auctore,
1236 1499 1284 1543 et
1316 1470 1523 1561 auspice
1546 1532 1562 1559 ,
1611 1491 1863 1560 princeps
1893 1470 2315 1563 eminentissime
2334 1531 2349 1558 ,
2403 1491 2455 1542 in
2487 1506 2585 1561 quo
2612 1499 2729 1543 uno‘
2756 1496 2806 1542 et
2852 1506 2969 1556 spes
2994 1498 3043 1542 et
3082 1491 3215 1543 ratio
3241 1490 3533 1544 studiorum

249 1592 479 1630 meorum
506 1584 583 1629 est
612 1580 778 1632 omnis
809 1582 1056 1648 reposita,
1088 1582 1259 1651 majus
1297 1582 1452 1634 etiam
1478 1581 1743 1652 quiddam,
1776 1598 1929 1654 quam
1958 1590 2206 1653 quantum
2236 1581 2457 1635 aliorum
2487 1580 2617 1634 votis
2649 1582 2778 1633 satis
2805 1596 2916 1634 esse
2942 1588 3132 1651 posset,
3163 1580 3378 1651 aggredi
3414 1596 3531 1633 sum

249 1686 429 1725 ausus.
456 1670 583 1726 Cum
620 1675 755 1727 enim
776 1674 924 1727 multi
950 1676 1205 1745 praeclara
1232 1676 1489 1740 doctrina,
1522 1685 1572 1728 et
1613 1675 1819 1746 ingenio
1859 1676 1954 1730 viri
1999 1691 2113 1728 cum
2140 1682 2346 1745 patrum
2391 1681 2440 1726 et
2482 1673 2740 1743 majorum
2777 1672 3029 1726 memoria
3052 1713 3067 1738 ,
3116 1682 3223 1725 tum
3249 1671 3345 1723 hac
3372 1672 3531 1724 etiam

248 1778 427 1823 nostra
456 1772 559 1825 sive
585 1771 642 1824 in
674 1770 900 1840 Operum
928 1772 1157 1825 omnium
1190 1770 1251 1825 S.
1279 1770 1496 1836 Isidori,
1524 1771 1628 1824 sive
1652 1772 1706 1823 in
1738 1770 1888 1840 hujus
1917 1769 1993 1823 vel
2022 1768 2163 1822 illius
2194 1776 2394 1821 tantum
2418 1767 2695 1821 editionem
2724 1765 3112 1837 perpoliendam
3137 1763 3533 1818 absolvendum-

248 1879 343 1933 que
372 1862 610 1933 diligenti
639 1864 809 1918 studio
839 1863 1182 1927 incubuerint,
1218 1880 1433 1932 quorum
1453 1863 1908 1916 commentationes
1939 1862 2134 1931 partim
2170 1859 2333 1931 prcelo
2356 1859 2461 1912 illa:
2486 1860 2690 1929 quidem
2727 1856 2973 1927 subjecta:
2992 1897 3007 1922 ,
3045 1856 3137 1910 sed
3166 1857 3442 1925 dispersae,
3483 1860 3535 1908 et

248 1972 370 2009 raro
401 1956 560 2011 obvia:
589 1966 740 2024 sunt,
773 1957 965 2027 partim
988 1956 1155 2009 adhuc
1180 1971 1305 2009 mss.
1340 1954 1587 2017 latebant,
1616 1971 1720 2007 non
1749 1954 1877 2007 satis
1907 1968 1987 2005 me
2016 1960 2104 2003 aut
2150 1950 2393 2003 charitati
2421 1949 2700 2020 pietatique
2728 1948 2975 2001 adversus
3015 1945 3293 2017 Hispania:
3335 1955 3531 2000 nostri:

249 2047 557 2117 Doctorem,
615 2058 704 2104 aut
751 2058 900 2121 grato
940 2049 1114 2103 animo
1164 2047 1410 2101 adversus
1451 2063 1538 2101 eos
1578 2046 1665 2117 qui
1712 2062 1791 2100 res
1846 2054 2018 2117 gestas
2066 2041 2176 2112 ejus
2221 2039 2697 2108 lucubrationesque
2742 2038 3095 2103 illustrarunt,
3128 2039 3387 2108 facturum
3415 2051 3532 2089 esse

248 2140 557 2205 existimavi,
589 2140 689 2195 nisi
715 2141 891 2194 omnia
918 2139 1141 2194 aliorum
1171 2138 1482 2209 ejuscemodi
1529 2139 1721 2207 scripta
1748 2178 1763 2204 ,
1815 2137 1924 2190 suis
1951 2150 2165 2207 quceque
2200 2134 2327 2187 locis
2357 2141 2477 2199 apte
2526 2132 2813 2202 disposita,
2866 2131 2923 2184 in
2967 2146 3127 2184 unum
3163 2128 3317 2183 veluti
3347 2143 3534 2198 corpus

248 2232 562 2302 colligerem,
594 2240 665 2299 et,
699 2229 862 2284 sicubi
891 2246 1019 2295 opus
1040 2246 1150 2283 esse
1174 2229 1465 2296 videretur,
1505 2228 1575 2281 ad
1618 2229 1721 2282 veri
1753 2243 1991 2282 normam
2022 2241 2339 2280 revocarem.
2382 2221 2469 2277 Ita
2511 2225 2744 2294 profecto
2794 2222 2918 2292 ﬁet,
2968 2233 3023 2274 ut
3070 2220 3287 2292 adjectis
3319 2220 3382 2273 iis
3419 2234 3533 2284 quin

245 2340 341 2396 pro
368 2342 480 2379 mea
510 2326 644 2379 virili
671 2335 817 2395 parte
847 2325 1148 2397 adjicienda
1173 2342 1284 2379 esse
1308 2324 1511 2389 censui,
1557 2324 1666 2377 hch
1694 2340 1808 2377 mea
1837 2323 1991 2376 unius
2031 2321 2188 2374 editio
2214 2321 2385 2373 instar
2414 2319 2637 2371 aliarum
2679 2323 2907 2371 omnium
2948 2315 3123 2369 haberi
3154 2315 3332 2382 possit.
3377 2312 3531 2377 Quod

244 2432 412 2471 meum
443 2417 720 2471 consilium
741 2419 785 2471 si
811 2416 931 2483 tibi,
977 2417 1224 2487 princeps
1254 2415 1707 2479 eminentissime,
1761 2413 2082 2482 probabitur,
2131 2412 2209 2466 vel
2260 2413 2431 2482 potius
2468 2412 2713 2487 quoniam
2756 2408 2967 2479 probari
2995 2409 3085 2462 tibi
3108 2410 3221 2479 jam
3251 2408 3527 2473 intellexi,

242 2525 350 2563 non
392 2508 570 2562 dubito
606 2509 731 2579 quin
769 2508 901 2562 illud
930 2510 1087 2562 etiam
1117 2511 1289 2563 caeteri
1331 2527 1528 2573 omnes,
1560 2510 1637 2563 vel
1662 2510 1844 2564 iisdem
1872 2525 1987 2579 qua:
2021 2525 2101 2561 me
2130 2518 2396 2563 moverunt
2421 2548 2436 2575 ,
2484 2507 2749 2559 rationum
2796 2505 3066 2558 momentis
3110 2503 3400 2572 compulsi,
3454 2498 3536 2555 vel

239 2602 427 2681 iudicii
470 2602 544 2653 tui
587 2602 937 2672 praerogativa
990 2602 1225 2666 incitati,
1276 2602 1546 2656 libentibus
1594 2603 1782 2656 animis
1813 2601 2084 2673 probaturi
2110 2602 2218 2655 sint
2246 2616 2264 2655 :
2291 2609 2445 2670 atque
2472 2598 2600 2652 adeo
2644 2597 2855 2669 reliquis
2913 2596 3015 2649 tuis
3058 2595 3439 2655 immortalibus
3478 2595 3535 2648 in

240 2696 562 2765 Optimarum
604 2694 796 2746 artium
823 2693 999 2747 studia
1024 2695 1221 2747 meritis
1251 2693 1552 2749 Isidorianu
1580 2710 1712 2747 nova
1734 2694 1916 2760 editio,
1947 2700 2002 2746 ut
2032 2708 2261 2763 auguror
2286 2700 2334 2744 ct
2357 2701 2499 2761 apto,
2524 2692 2679 2744 veluti
2702 2694 2937 2744 cumulus
2967 2691 3176 2743 accedet
3201 2707 3217 2742 :
3250 2703 3537 2758 nomenque

240 2795 421 2850 tuum,
474 2786 555 2839 cui
603 2785 734 2839 nihil
779 2785 850 2839 ad
908 2786 1404 2840 commendationem
1451 2783 1941 2857 amplitudinemque
1987 2788 2124 2854 quod
2158 2782 2282 2836 addi
2312 2783 2509 2851 possit,
2556 2783 2740 2853 fecisse
2781 2781 3035 2852 reliquum
3080 2780 3311 2841 videris.
3360 2788 3535 2832 tamen

238 2874 550 2932 inclarescet
577 2874 708 2928 illud
736 2876 943 2947 quidem
971 2878 1239 2947 aliquanto
1268 2878 1460 2947 magis,
1512 2891 1617 2929 non
1668 2874 1837 2929 minus
1886 2876 2024 2928 inter
2052 2873 2173 2928 illos
2201 2874 2289 2944 qui
2319 2890 2503 2927 sacras
2533 2873 2734 2927 litteras
2776 2874 3067 2943 patrocinio
3112 2889 3205 2926 suo
3260 2878 3494 2941 foverunt
3516 2912 3534 2936 ,

238 2968 554 3043 quique'sui
584 2984 850 3023 memores
878 2969 1013 3024 alios
1040 2967 1217 3023 fecere
1255 2967 1541 3032 merendo,
1597 2983 1752 3039 quam
1802 2967 1937 3019 inter
1984 2982 2071 3020 eos
2098 3006 2113 3031 ,
2144 2967 2229 3035 qui
2273 2963 2572 3017 earumdem
2601 2965 2889 3017 litterarum
2915 2962 3090 3017 studia
3138 2962 3207 3015 ad
3251 2978 3533 3034 perennem

239 3064 467 3117 nominis
496 3062 908 3118 recordationem
947 3065 1244 3133 famamque
1298 3060 1652 3114 excoluerunt.
1685 3058 1826 3113 Deus
1872 3068 1948 3125 te,
1980 3056 2407 3112 eminentissime
2434 3056 2723 3111 cariiinalis
2745 3094 2761 3121 ,
2813 3066 2862 3110 et
2918 3056 3114 3125 praesul
3163 3055 3490 3124 amplissime
3514 3098 3532 3124 ,

239 3156 487 3211 litteratis
518 3156 639 3208 viris
661 3151 975 3211 Christiana:
998 3155 1317 3226 reipublicaa,
1343 3163 1495 3225 atque
1513 3153 1790 3220 Hispaniae
1813 3168 1929 3205 cum
1951 3152 2130 3222 primis
2152 3161 2343 3205 nostra:
2360 3191 2375 3216 ,
2408 3152 2553 3221 cujus
2594 3161 2698 3204 tam
2719 3165 2963 3219 magnum
2994 3149 3163 3205 lumen
3190 3164 3262 3214 es,
3287 3149 3531 3218 sospitent

241 3246 647 3320 incolumemque
668 3258 832 3302 servet
859 3264 1015 3317 quam
1045 3247 1353 3303 diutissime.
1385 3246 1473 3301 Ita
1498 3245 1756 3300 vovebam.
1791 3244 1878 3301 Ex
1910 3245 2068 3311 Urbe,
2107 3242 2333 3298 Kalend.
2362 3243 2585 3300 Januar.
2616 3246 2741 3299 anni
2774 3242 2930 3298 i796.

254 3376 3534 3435 Ε

1246 3519 2441 3671 ISIDORIANA
2484 3625 2525 3675 ι.

1422 3743 1566 3796 SIVE
1599 3744 1660 3803 ιΝ
1696 3742 2046 3795 EDITIONEM
2080 3742 2340 3793 OPERUM

308 3918 512 4131 S.
674 3912 1645 4125 ISIDORI
1797 3904 3549 4122 HISPALENSIS

1357 4214 2381 4383 PBOLEGOMENA.

1444 4434 1825 4657 ﬁeri:
1880 4468 2347 4645 prima.

368 4726 451 4779 DE
472 4726 646 4792 VITA,
668 4727 874 4779 REBUS
898 4726 1137 4789 GESTIS,
1163 4724 1241 4777 ET
1265 4720 1589 4776 DOCTRINA
1610 4720 1661 4770 S.
1695 4690 1948 4848 iSlDOﬁIIS.
1971 4714 2183 4774 DEQUE
2205 4712 2617 4766 EDITIONIBUS
2640 4710 2847 4765 OMNIA
2876 4711 3162 4765 EJUSDEH
3197 4712 3402 4765 OPERA

1569 4797 1860 4848 COMPLEC
1945 4797 2026 4848 ΝΤ
2034 4797 2195 4848 IBUS.

1569 4797 2195 4854 COMPLECTENTIBUS.

1637 4922 2125 4948 _—__n_————

756 5024 985 5082 CAPUT
1024 5022 1315 5079 PRIMUM.
1937 4990 2032 5075 sed
2063 5031 2204 5072 nunc
2241 5024 2391 5073 certe
2414 5017 2752 5087 gravioribus
2788 5019 2953 5078 etiam
2979 5017 3049 5074 de
3077 5019 3255 5076 causis
3281 5019 3529 5090 proﬁteri

244 5146 275 5190 π
351 5124 621 5197 ⁵Δοςιιναιιι
647 5136 856 5191 operum
886 5118 946 5173 S.
977 5115 1171 5171 Isidori
1199 5115 1354 5170 editio
1382 5113 1700 5187 difficillima.
1935 5110 2136 5174 ausim,
2187 5110 2241 5164 in
2296 5110 2399 5165 hoc
2448 5110 2757 5179 studiorum
2806 5124 3004 5190 genere
3047 5110 3169 5179 plus
3216 5110 3417 5166 laboris
3466 5127 3532 5167 ac

444 5213 722 5271 Hethodus
750 5214 807 5267 in
836 5214 914 5266 his
946 5209 1329 5282 Prolegomenis
1361 5207 1617 5261 adhibita.
1932 5202 2267 5289 difﬁcultatis
2329 5202 2535 5269 inesse,
2590 5215 2974 5289 maioremque
3021 5201 3275 5255 doctrinae
3325 5202 3537 5269 c0piam

314 5309 369 5364 1.
400 5268 723 5364 Ρᾶίᾷιιίοεω
746 5306 966 5377 plenum
988 5268 1125 5373 opus
1144 5302 1276 5357 ales:
1304 5298 1605 5368 aggredior.
1638 5295 1826 5352 Liceat.
1930 5294 2154 5365 requiri,
2185 5268 2347 5363 quinm
2377 5268 2535 5361 Vingo
2568 5295 2603 5350 ii
2878 5268 2976 5383 (iui
3013 5300 3106 5349 aut
3129 5305 3400 5387 nunquam
3440 5290 3539 5387 ipsi
3612 5359 3629 5385 ἰ

244 5400 384 5456 enim
414 5399 543 5453 mihi
589 5398 642 5451 id
672 5368 813 5452 nunc
852 5368 1082 5467 prnfari,
1114 5391 1257 5463 quod
1303 5391 1456 5461 potui
1494 5388 1657 5445 etiam
1688 5398 1823 5455 tum,
1927 5386 2134 5458 experti
2163 5393 2325 5452 sunt,
2355 5393 2449 5439 aut
2477 5401 2548 5442 ne
2577 5368 2666 5461 de;
2870 5368 3091 5469 (“idem
3115 5381 3364 5469 doctrinae
3388 5379 3550 5434 \aude
3612 5368 3625 5385 ‘

244 5430 384 5456 cum!
414 5430 543 5453 ιιιιιιι
590 5430 642 5451 ιιι
672 5430 813 5452 num.
854 5430 906 5467 γι
926 5430 1033 5449 nuu-
1047 5430 1082 5457 ι,
1114 5430 1257 5463 ιυινυ
1303 5430 1456 5461 γυναι
1494 5430 1657 5445 νυνι...
1689 5430 1823 5455 ..ι-ιη,
1928 5430 2084 5458 νην...
2098 5430 2134 5441 ..
2164 5430 2289 5441 νυ...-
2309 5430 2325 5452 ,
2355 5430 2449 5439 ...η
2477 5430 2548 5442 ..ν
2578 5430 2666 5461 “‘3
2870 5430 3091 5494 “\“uv...
3124 5430 3360 5479 ..-----:--
3396 5430 3543 5434 γήνν-

244 5507 365 5549 cum
411 5491 479 5546 ad
530 5496 776 5544 veterum
820 5487 1143 5556 scriptorum
1215 5497 1380 5553 opera
1457 5497 1579 5537 cum
1632 5494 1822 5534 mann-
1917 5480 2161 5581 judicare
2174 5486 2430 5580 possunt.
2454 5477 2787 5581 ἔτι-θηρὶὶέ
2826 5562 2843 5581 Ω
2862 5473 3319 5581 ἎΟῸθι-ωᾊιξξιίιυι
3424 5475 3559 5581 syro.

244 5528 365 5549 νυ...
411 5528 479 5546 ..υ
540 5528 776 5544 ..ην-...η
822 5528 1143 5556 ..νηιμνη-η.
1217 5528 1380 5553 ννυη
1460 5528 1579 5537 --.-
1633 5528 1794 5534 mw-
1950 5528 2602 5547 -_--v--,-___----_-“..
2635 5528 2649 5532 -
3020 5528 3098 5548 ,--
3208 5528 3215 5532 .
3253 5528 3267 5535 -
3428 5542 3431 5549 ε

242 5582 457 5651 scriptis
477 5575 1207 5649 exemplaribuscont‘erenda
1226 5575 1456 5646 primum
1474 5588 1560 5630 me
1576 5573 1815 5637 accinxi;
1917 5528 2037 5636 sive
2087 5569 2299 5649 ratione
2347 5528 3135 5667 οοηίεεηέξδῆὓῶῗξῖἒξςυω
3154 5559 3313 5613 “ms
3347 5557 3574 5626 ὒῖεὶκωλέ

530 5610 1207 5649 tun-pla-muauuu-mcuua
1228 5610 1815 5646 νιιωυιιιιιιυαιυιιιω,
1922 5610 2037 5667 orn.
2087 5610 2299 5649 num-tv
2348 5610 2709 5667 υυηημηιῃ,
2768 5610 2845 5628 Vw
2888 5643 2896 5656 .
2978 5610 3135 5669 0““...
3166 5610 3180 5613 -

530 5680 799 5742 PATROL.
845 5673 1137 5734 LXXXI.
1976 5678 1987 5737 χ
2406 5668 2409 5671 ‘
2696 5637 2738 5696 κ
2819 5634 2981 5745 Nu“
3159 5655 3186 5715 ι
