4048 6364
468 356 530 415 ῃ
1206 344 1300 403 AD
1332 342 1561 403 OPERA
1600 342 1659 399 S.
1701 338 1948 400 ISIDORI
1990 335 2434 397 HISPALENSIS
2474 337 3002 399 PROLEGOMENA.
3692 352 3768 407 ις

460 472 669 527 tionem
699 463 891 527 edidit,
924 459 1258 526 Perridicult,
1288 457 1481 528 inquit,
1510 457 1662 511 multi
1690 462 1875 511 nostra
1899 460 2053 508 aetate
2080 453 2135 509 Α
2160 452 2281 507 aliis
2302 452 2525 509 Gallicis
2553 455 2856 511 recensitus
2899 457 2955 511 in
2984 455 3252 527 publicam
3294 458 3469 516 lucem
3516 468 3575 518 et
3609 465 3765 521 utili-

459 560 624 614 videri
652 563 883 628 possunt,
915 555 1019 626 qui,
1074 569 1188 605 cum
1217 551 1406 605 nullius
1434 551 1508 605 rei
1535 549 1769 603 notitiam
1795 546 2050 610 habeant,

467 650 702 723 proﬁteri
731 664 785 701 se
814 646 1061 703 librorum
1107 653 1418 698 correctores
1457 642 1676 701 audent,
1728 655 1842 693 atm
1884 646 2056 692 nam

460 752 789 811 corruptores
827 738 999 808 potius
1039 737 1143 791 sint
1170 734 1489 805 appellandi.
1520 732 1682 801 Atque
1710 730 1912 783 utinam
1941 729 2055 798 lege

464 837 640 909 aliqua
666 842 799 889 esset
828 831 1193 893 interdictum,
1236 844 1300 882 ne
1348 823 1583 881 omnibus
1611 823 1665 877 id
1696 823 1889 887 licetat.
1926 819 2055 923 Pri:

460 943 602 986 mum
632 926 789 997 igitur
817 924 871 979 id
897 932 1185 991 statuamus
1208 961 1222 987 ,
1254 922 1304 973 in
1348 919 1444 975 hac
1488 926 1669 971 nostra
1715 923 1827 971 arte
1866 919 2057 983 requiri

455 1017 727 1089 inﬁnitam
766 1016 1042 1088 quamdam
1081 1014 1418 1066 eruditionem
1471 1014 1521 1080 2
1575 1009 1629 1061 in
1659 1024 1717 1061 eo
1757 1007 1843 1077 qui
1882 1022 2057 1073 emen-

464 1110 699 1163 datorem
728 1125 782 1161 se
802 1108 1051 1161 librorum
1074 1106 1176 1157 dici
1200 1104 1376 1171 cupit:
1410 1100 1571 1153 multa
1600 1098 1779 1169 legerit
1815 1104 2013 1165 oportet
2038 1135 2055 1162 ,

465 1201 626 1255 multa
665 1200 909 1262 audierit,
963 1198 1121 1252 multa
1150 1196 1344 1249 triverit
1375 1210 1501 1255 usu,
1558 1192 1865 1255 recentiores
1900 1192 2058 1245 etiam

468 1292 729 1346 evolverit.

536 1383 592 1436 ‘2.
628 1381 738 1438 Etsi
760 1382 905 1438 enim
938 1379 1280 1449 antiquorum
1312 1377 1512 1447 scripta
1554 1377 1623 1431 ad
1649 1385 1862 1432 veteres
1888 1374 2059 1428 libros

465 1475 720 1545 religiose
748 1474 1011 1543 exigenda
1041 1478 1186 1537 sunt,
1220 1479 1277 1525 ut
1321 1478 1526 1525 temere
1556 1471 1625 1525 ab
1673 1469 1753 1525 eis
1798 1468 2058 1523 recedere

463 1567 617 1625 nefas
644 1567 752 1633 sit,
786 1576 969 1622 tamen
1015 1580 1139 1619 cum
1211 1564 1325 1633 ipsa
1376 1562 1702 1633 exemplaria
1742 1561 2058 1631 plerumque

461 1664 607 1721 inter
627 1676 688 1717 se
717 1660 961 1724 varient,
1005 1671 1147 1725 stupe
1193 1656 1356 1710 etiam
1390 1667 1576 1726 aperte
1622 1656 1731 1710 sint
1758 1654 2014 1708 mendosa
2038 1692 2054 1717 ,

464 1757 554 1813 his
580 1755 659 1810 uti
696 1749 1017 1821 conjiciendi
1043 1748 1364 1815 rationibus,
1394 1756 1449 1802 et
1474 1746 1678 1815 regulis
1701 1760 1929 1800 necesse
1953 1752 2055 1808 est,

2163 554 2328 600 tatem
2354 547 2587 619 prodiit,
2634 550 3075 619 percommodum
3122 552 3252 607 mihi
3301 553 3530 622 accidit,
3576 558 3757 626 quod,

2148 651 2282 694 eam
2320 638 2507 695 multae
2530 648 2797 709 prmterea
2826 642 3057 703 aliorum
3085 644 3405 702 collatioues
3446 647 3513 701 ad
3544 664 3629 704 me
3658 649 3763 705 de-

2162 728 2428 794 venerint,
2460 731 2789 800 praecipuum
2816 748 2996 788 meum
3025 750 3161 788 onus
3201 734 3363 790 fuerit
3393 736 3760 797 bibliothecas

2161 819 2458 891 Romanas,
2482 823 2551 879 ab
2571 824 2691 879 aliis
2720 826 3037 895 praeteritas,
3063 837 3341 895 excutere,
3358 840 3419 886 et
3440 832 3763 893 innumeros

2163 913 2570 983 antiquissimos
2599 931 2731 973 mss.
2755 916 3019 985 Codices,
3068 920 3166 989 qui
3197 922 3247 977 in
3277 924 3359 977 eis
3386 937 3759 995 asseruntur,

2163 1004 2231 1059 ad
2280 1021 2510 1063 examen
2554 1007 2794 1065 studiose
2839 1024 3116 1067 revocare.
3168 1011 3515 1083 Spicilegium
3558 1015 3763 1071 Roma-

2165 1114 2293 1153 num
2334 1099 2385 1154 id
2405 1139 2421 1164 ,
2451 1100 2496 1155 si
2523 1102 2624 1166 vis,
2655 1101 2959 1172 appellabo,
2994 1119 3062 1158 ne
3105 1120 3229 1174 pars
3258 1106 3364 1160 ulla
3409 1108 3594 1175 glorizc
3622 1126 3764 1181 prte-

2156 1191 2322 1248 claris
2370 1192 2476 1248 illis
2506 1193 2633 1248 viris
2660 1195 2752 1264 qui
2784 1196 2937 1264 primi
2970 1197 3023 1251 in
3072 1197 3175 1253 hac
3224 1200 3471 1269 palmstra
3524 1202 3761 1259 desuda-

2164 1291 2292 1336 ruut
2316 1324 2331 1349 ,
2364 1282 2605 1337 detracta
2635 1299 2755 1339 esse
2785 1285 3049 1341 videatur.
3094 1287 3201 1343 Sed
3244 1298 3420 1351 tamen
3452 1292 3519 1346 ad
3543 1294 3758 1363 copiam

2162 1372 2557 1441 exemplarium
2584 1388 2718 1427 mss.
2750 1372 2940 1429 Isidori
2972 1377 3115 1447 quod
3158 1380 3368 1445 attinet,
3405 1388 3481 1435 tot
3503 1382 3632 1437 mihi
3664 1385 3759 1440 uni

2164 1464 2218 1519 in
2246 1464 2506 1519 Vaticana
2551 1465 2777 1535 aliisque
2808 1466 3065 1525 Romanis
3102 1470 3441 1527 bibliothecis
3468 1474 3670 1542 videre,
3702 1484 3758 1533 et

2162 1555 2417 1611 evolvere
2446 1557 2690 1625 contigit,
2729 1558 2873 1627 quod
2920 1562 3102 1615 cuncti
3132 1560 3368 1630 Operum
3404 1563 3595 1621 Isidori
3640 1568 3757 1625 edi-

2162 1652 2312 1700 tores
2364 1662 2472 1701 non
2522 1656 2825 1711 recensent,
2876 1665 2943 1704 ne
2973 1650 3077 1705 illis
3121 1653 3339 1721 quidem
3368 1657 3609 1726 exceptis
3639 1674 3757 1729 qua:

2160 1735 2230 1789 ν.
2261 1735 2324 1792 C.
2350 1737 2672 1795 It‘ranciscus
2698 1740 2963 1797 Antonius
2990 1742 3244 1800 Zaccaria
3290 1746 3345 1801 in
3385 1748 3756 1806 adumbratam

464 1862 601 1918 quas
639 1840 967 1914 eiuscmmdi
1015 1840 1151 1894 anis
1196 1839 1355 1909 periti
1392 1838 1635 1907 magistri
1678 1836 2052 1908 prmscribunt.
2083 1844 2136 1905 Β
2162 1844 2315 1885 suam
2358 1830 2545 1886 lsidori
2575 1831 2867 1887 editionem
2912 1835 3022 1903 jam
3069 1836 3275 1905 pridem
3323 1839 3408 1894 vel
3455 1841 3760 1898 contulerat

465 1940 606 1995 Cum
645 1944 825 1991 autem
854 1932 1178 2003 conjectum
1227 1930 1348 1987 ﬁeri
1397 1932 1607 1987 soleant
1631 1942 1723 1984 aut
1754 1929 2055 1995 additione,

466 2040 561 2086 aut
606 2027 909 2091 ablatione,
958 2036 1050 2080 aut
1076 2024 1531 2094 transpositione,
1583 2032 1678 2077 aut
1699 2021 2057 2083 extensione,

466 2129 561 2177 aut
588 2119 959 2175 contractione
982 2157 998 2183 ,
1041 2125 1133 2171 aut
1155 2115 1501 2171 distinctione
1521 2154 1536 2179 ,
1565 2122 1657 2167 aut
1685 2111 2057 2181 copulatione,

466 2224 563 2269 aut
589 2213 908 2279 mutatione,
936 2212 1056 2280 quis
1090 2210 1163 2264 ita
1193 2224 1366 2263 caicus
1407 2208 1497 2271 sit,
1529 2206 1659 2275 quin
1688 2204 1889 2269 videat,
1923 2218 2059 2257 neu-

466 2308 671 2377 tiquam
720 2305 774 2360 id
813 2300 999 2375 perlici
1026 2317 1189 2373 posse
1232 2302 1351 2355 sine
1390 2307 1588 2355 exacta
1615 2296 1844 2367 quadam
1868 2295 2060 2350 notitia

466 2416 588 2457 cum
619 2396 929 2468 scriptionis
954 2396 1207 2464 antiquae,
1241 2409 1363 2448 cum
1404 2392 1695 2447 verborum
1743 2397 1798 2443 et
1826 2388 2060 2444 locutio-

468 2511 601 2550 num
630 2494 992 2562 antiquarum,
1031 2505 1153 2545 cum
1185 2488 1350 2558 ipsius
1378 2484 1732 2553 antiquitatis,
1759 2498 1882 2538 cum
1911 2481 2061 2537 deni-

466 2600 574 2657 que
621 2586 921 2654 argumenti
965 2582 1109 2653 quod
1159 2581 1391 2650 scriptor
1418 2577 1671 2648 antiquus
1719 2575 2061 2633 tractandum

469 2688 564 2734 aut
592 2676 989 2748 explanandum
1019 2673 1291 2743 suscepit?

539 2774 593 2828 '5.
624 2772 779 2840 Quod
806 2771 853 2826 si
880 2771 934 2824 in
957 2768 1236 2839 quibusvis
1256 2766 1377 2821 aliis
1403 2766 1680 2821 veteribus
1707 2763 2062 2833 scriptoribus

467 2865 814 2923 recensendis
835 2864 992 2917 obvia
1034 2869 1118 2915 est
1148 2858 1450 2915 istiusmodi
1480 2856 1768 2914 dillicultas
1787 2900 1799 2921 ,
1839 2857 1966 2926 quid
1995 2855 2063 2911 de

468 2966 658 3014 nostro
687 2954 987 3026 Hispalensi
1034 2950 1239 3007 Isidoro
1270 2950 1698 3005 existimabimus
1722 2988 1738 3014 ,
1784 2963 1945 3017 quem
1977 2947 2063 3001 vel

469 3049 702 3103 alterum
729 3045 1029 3100 Varronem
1082 3057 1205 3097 cum
1249 3041 1538 3096 Braulione
1585 3039 2062 3105 Cmsaraugustano

470 3138 764 3209 episcopo,
812 3134 899 3189 vel
944 3148 1069 3188 cum
1118 3132 1237 3186 aliis
1275 3129 1505 3183 Plinium
1534 3128 1897 3183 Christianum
1940 3128 2063 3197 jure

2164 1922 2306 1992 ipse,
2338 1924 2425 1977 vel
2455 1924 2522 1977 ab
2553 1924 2671 1978 aliis
2700 1925 2933 1981 conferri
2964 1938 3285 1985 curaverat:
3310 1947 3539 2001 quorum
3572 1935 3640 1990 ad
3672 1953 3759 1993 me

2166 2012 2359 2067 delata:
2378 2023 2504 2069 sunt
2526 2015 2861 2079 collationes,
2894 2028 2952 2073 ut
2980 2020 3140 2088 paulo
3166 2030 3293 2079 ante
3333 2022 3505 2094 innui,
3534 2034 3591 2081 et
3611 2037 3762 2098 post-

2160 2104 2384 2159 modum
2416 2107 2717 2164 distinctius
2746 2111 3048 2181 explicabo.

2232 2198 2290 2251 6.
2324 2197 2535 2255 Laudes
2589 2199 2742 2257 Urbis
2788 2202 2891 2258 hac
2940 2204 2993 2258 in
3039 2213 3193 2274 parte
3240 2206 3432 2265 Petrus
3481 2205 3759 2281 Lazerus,

2167 2292 2456 2348 excellenti
2511 2294 2589 2348 vir
2638 2294 2883 2350 doctrina
2938 2304 2993 2351 et
3042 2297 3257 2368 ingenio
3306 2300 3596 2371 przeditus,
3630 2319 3762 2359 vere

2166 2381 2479 2453 praedicavit
2529 2385 2581 2439 in
2628 2386 2942 2456 praefatione
2988 2388 3055 2442 ad
3096 2388 3156 2444 S.
3201 2390 3465 2447 Brunouis
3513 2392 3761 2449 Astensis

2160 2477 2613 2531 commentarium
2634 2494 2797 2549 super
2811 2490 3040 2551 quatuor
3056 2480 3365 2552 Evangelia.
3388 2484 3579 2541 Urbem
3601 2487 3760 2558 hanc,

2166 2569 2357 2637 inquit,
2386 2573 2614 2626 omnium
2644 2574 2945 2646 principem,
2978 2593 3091 2645 qua:
3118 2580 3290 2631 multis
3314 2581 3759 2649 praeclarissimis-

2169 2683 2264 2737 que
2285 2666 2433 2719 rebus
2455 2670 2709 2721 communi
2733 2670 2994 2722 hominum
3009 2671 3211 2739 judicio
3234 2679 3450 2726 carteras
3474 2677 3757 2743 antecellit,

2168 2756 2267 2808 hac
2294 2773 2386 2827 ego
2411 2758 2542 2811 nulli
2575 2758 2801 2813 arbitror
2840 2762 3162 2831 quantumvis
3214 2765 3549 2834 amplissima:
3602 2785 3759 2821 orna-

2171 2852 2485 2923 tissimeque
2512 2855 2827 2912 concedere:
2852 2858 2987 2927 quod
3014 2859 3263 2927 plurimas
3294 2861 3444 2915 habet
3472 2844 3758 2920 instructis-

2166 2943 2426 3016 simusque
2455 2945 2786 3000 bibliothecas
2810 2988 2823 3011 ,
2867 2946 3111 3002 Codicum
3137 2954 3425 3019 prtvsertitn
3458 2971 3581 3007 mss.
3613 2957 3759 3025 copia

2168 3038 2523 3104 abundantes;
2576 3050 2632 3093 ut
2680 3056 2743 3092 ea:
2785 3041 2877 3094 hoc
2930 3043 3078 3112 quasi
3125 3042 3379 3099 litterario
3417 3064 3553 3117 penu
3600 3051 3760 3104 multa

2166 3126 2504 3192 Graecorum,
2554 3129 2855 3185 Latinorum
2883 3175 2898 3199 ,
2947 3141 3239 3187 exterarum
3290 3138 3518 3207 gentium
3563 3157 3757 3211 opera,

471 3230 649 3303 possis
686 3226 979 3298 appellare,
1009 3224 1184 3277 Plinio
1211 3222 1375 3276 etiam
1405 3235 1599 3291 magna
1628 3234 1695 3274 ex
1726 3228 1881 3290 parte
1912 3220 2060 3273 locu-
2089 3222 2140 3286 ο
2168 3221 2331 3273 multa
2386 3224 2672 3285 pra’sertim
2745 3224 3156 3282 doctissimorum
3235 3227 3484 3285 Ecclesia
3547 3233 3760 3288 Patrum

474 3321 799 3396 pletioreml
826 3318 969 3373 Nihil
995 3317 1139 3373 enim
1168 3314 1402 3370 Isidorus
1432 3313 1757 3369 intentatum
1800 3312 2021 3382 reliquit
2045 3330 2059 3366 :

476 3415 763 3472 facultates
802 3427 991 3468 omnes
1021 3409 1221 3479 attigit,
1249 3408 1506 3463 scientias
1531 3408 1797 3469 humanas
1826 3406 2061 3460 divinas-

476 3522 584 3580 que
614 3503 993 3577 pertractavit,
1043 3502 1339 3573 scriptores
1367 3508 1579 3556 veteres
1606 3498 1865 3570 profanos
1886 3506 1942 3552 et
1968 3512 2064 3553 sa-

477 3616 603 3659 cros
632 3598 860 3661 evolvit,
914 3604 1075 3666 atque
1124 3596 1177 3649 in
1222 3609 1379 3649 suum
1418 3608 1571 3647 usum
1620 3590 1934 3660 descripsit;
1968 3604 2068 3643 nec

479 3701 771 3750 contentus
799 3688 1157 3761 etymologico
1202 3700 1301 3742 suo
1340 3699 1507 3754 opere
1534 3682 1879 3738 scientiarum
1904 3694 2067 3750 ency-

481 3784 797 3856 cIOpaediam
825 3778 1315 3849 comprehendere,
1364 3777 1532 3832 multa
1573 3775 1881 3844 singillatim
1911 3774 1963 3827 in
1990 3787 2071 3827 sa-

483 3896 695 3937 crarum
742 3878 1043 3933 litterarum
1086 3874 1531 3945 interpretatione
1559 3872 1849 3937 disseruit,
1901 3870 2070 3927 multa

482 3972 542 4029 in
570 3970 717 4027 omni
744 3970 849 4024 alio
899 3966 1183 4036 theologia:
1228 3978 1460 4035 genere,
1517 3965 1687 4020 multa
1736 3963 1790 4019 in
1828 3962 2069 4033 philoso-

484 4064 654 4137 phicis
705 4070 868 4131 atque
910 4058 1287 4116 astronomicis
1337 4057 1667 4127 argumentis
1714 4056 1882 4111 multa
1928 4055 1982 4108 iu
2012 4070 2072 4110 re

484 4154 770 4219 Iitteraria,
801 4150 1181 4221 cbronologica
1202 4190 1217 4215 ,
1246 4156 1303 4209 et
1332 4148 1608 4203 historica.

560 4246 612 4301 4.
670 4244 741 4301 Ut
795 4252 975 4299 autem
1025 4242 1258 4297 Isidorus
1302 4255 1370 4294 ex
1419 4238 1810 4309 antiquioribus
1860 4236 2075 4307 egregie

487 4338 758 4411 profecit,
809 4352 872 4392 ac
898 4335 1068 4391 multa
1125 4331 1479 4403 antiquitatis.
1518 4338 1866 4386 monumenta
1892 4371 1908 4399 ,
1957 4344 2076 4399 qua:

488 4431 686 4488 frustra
725 4428 850 4483 alibi
880 4441 1110 4497 quaeras,
1154 4424 1313 4480 nobis
1340 4424 1703 4490 conservavit,
1737 4422 1813 4477 ita
1840 4422 2075 4479 vicissim

489 4522 584 4593 qui
610 4528 734 4592 post
760 4517 1019 4573 Isidorum
1050 4514 1369 4579 ﬂoruerunt,
1397 4514 1695 4585 praesertim
1721 4513 2070 4570 ecclesiastici

2166 3312 2392 3380 scripta,
2436 3314 2517 3365 vel
2546 3311 2609 3364 ab
2636 3313 2844 3368 interitu
2874 3318 3131 3372 vindicata
3162 3323 3213 3374 in
3260 3322 3422 3376 lucem
3468 3336 3757 3395 aspectum-

2170 3420 2268 3474 que
2297 3404 2562 3458 hominum
2600 3408 2909 3477 prodierint,
2947 3411 3025 3464 vel
3047 3413 3263 3467 maculis
3285 3412 3464 3485 quibus
3491 3418 3759 3489 inquinata

2170 3506 2524 3565 apparuerant
2554 3498 2788 3562 detersis,
2817 3502 2887 3553 ad
2906 3518 3022 3556 eum
3048 3520 3196 3573 quem
3226 3506 3291 3558 ab
3330 3511 3626 3565 auctoribus
3651 3515 3759 3568 suis

2171 3588 2498 3655 splendorem
2550 3590 2852 3655 habuerunt,
2903 3601 2953 3645 et
2998 3596 3224 3649 nativam
3269 3600 3421 3653 veluti
3450 3602 3759 3675 elegantiam

2162 3682 2433 3749 potuerint
2476 3682 2793 3737 eruditorum
2841 3686 3065 3740 virorum
3117 3706 3273 3760 opera
3313 3698 3558 3751 revocari.
3612 3698 3760 3763 Quod

2172 3772 2380 3841 quidem
2402 3789 2494 3844 ego
2520 3790 2623 3827 non
2653 3774 2825 3848 colligi
2844 3778 2995 3833 modo
3023 3797 3190 3848 posse,
3219 3794 3341 3855 puto
3362 3804 3427 3841 ea:
3452 3790 3755 3860 majoribus,

2174 3875 2225 3919 et
2272 3867 2560 3939 insignibus
2615 3871 2846 3942 ejusdem
2895 3870 3232 3945 bibliothecis,
3291 3896 3418 3948 quas
3468 3888 3630 3938 exteri
3661 3887 3758 3957 ipsi

2176 3958 2407 4012 homines
2437 3961 2737 4027 peritissimi
2764 3962 2945 4014 harum
2976 3982 3166 4032 rerum,
3200 3968 3556 4040 Mabillonius,
3582 3975 3758 4033 Mont-

2177 4052 2457 4121 [auconitts
2481 4052 2671 4121 aliique
2696 4057 3150 4125 commendarunt,
3183 4071 3232 4116 et
3258 4075 3502 4133 quantum
3536 4073 3641 4124 sint
3684 4074 3758 4128 vel

2176 4141 2393 4211 cdiﬁcii
2420 4146 2811 4216 magniﬁcentia
2837 4148 2915 4221 ε,
2946 4152 3297 4210 aella'brorum
3328 4160 3496 4225 copia,
3554 4163 3631 4217 vel
3660 4164 3759 4221 Co-

2178 4236 2349 4289 dicum
2378 4253 2502 4290 mss.
2534 4242 2840 4304 prwstantia
2865 4244 3093 4312 eximiw,
3143 4264 3290 4302 nemo
3329 4254 3487 4320 paulo
3512 4260 3760 4316 eruditior

2170 4329 2420 4399 ignorat;
2454 4332 2543 4399 sed
2578 4332 2802 4387 maaime
2826 4350 2889 4387 ea:
2918 4336 3200 4393 minoribus
3248 4344 3365 4397 aliis
3412 4347 3715 4417 quibusdam
3739 4394 3755 4420 ,

2176 4422 2399 4493 φωνεῖς
2427 4423 2480 4476 in
2506 4425 2771 4479 hominum
2814 4428 3010 4497 famam
3055 4434 3497 4508 cognitionemque
3524 4460 3760 4511 pervene-

2178 4522 2323 4570 runt.-
2360 4514 2501 4569 Adeo
2541 4515 2685 4568 nulla
2730 4525 2804 4569 est
2845 4535 2958 4587 qua:
2984 4536 3087 4575 non
3134 4540 3310 4579 rarum
3352 4529 3549 4594 aliquid
3568 4549 3759 4602 reprae-

491 4614 782 4682 scriptores
829 4608 1261 4679 frequentissime
1314 4606 1504 4663 [sideri
1556 4606 1794 4663 fontibus
1832 4609 2079 4669 hortulos
2108 4611 2163 4681 Ι)
2185 4613 2391 4675 sentare
2420 4614 2571 4675 atque
2594 4607 2848 4663 excellens
2877 4610 2945 4663 ad
2967 4612 3309 4669 litteratOrum
3339 4618 3598 4681 hominum
3624 4629 3760 4682 utili-

492 4722 620 4766 suos
650 4704 959 4772 irrigaruut.
990 4700 1071 4760 Ex
1097 4716 1205 4771 quo
1231 4714 1363 4755 sane
1406 4699 2077 4773 laboriosioreta'mplica-

495 4798 604 4853 tior
628 4795 868 4851 redditur
908 4806 1133 4862 operum
1181 4790 1299 4859 ejus
1345 4790 1641 4860 recognitio
1669 4808 1681 4844 :
1714 4807 1888 4863 neque
1936 4796 2079 4851 enim

494 4885 669 4942 solum
710 4898 820 4953 prae
872 4880 1127 4939 manibus
1172 4889 1227 4935 et
1260 4880 1445 4935 oculis
1477 4865 1705 4937 'vetusta
1749 4886 2080 4955 exemplaria

496 4975 688 5035 Isidori
735 4972 982 5029 habenda
1038 4979 1197 5038 sunt,
1246 4971 1338 5026 sed
1375 4972 1537 5027 etiam
1567 4974 1853 5033 identidem
1894 4988 1987 5034 aut
2014 4980 2079 5035 ad

499 5068 623 5124 illos
674 5066 966 5133 scriptores
1011 5065 1399 5120 recurrendum
1424 5074 1505 5122 est
1531 5070 1625 5137 qui
1670 5070 1874 5129 Isidoro
1908 5073 2078 5131 facem

499 5155 891 5229 praetulerunt,
933 5161 1027 5209 aut
1067 5153 1133 5211 ad
1162 5154 1261 5213 hos
1296 5157 1489 5225 quibus
1536 5161 1783 5229 praeluxit
1825 5163 2079 5221 Isidorus.

503 5244 599 5301 His
628 5244 876 5303 omnibus
898 5244 1039 5305 inter
1066 5261 1126 5303 se
1151 5246 1361 5306 collatis
1388 5264 1532 5320 saepe
1552 5252 1606 5323 3
1638 5251 1718 5323 tit,
1766 5264 1825 5310 ut
1851 5256 2085 5315 Isidorus

505 5351 576 5391 ex
600 5334 718 5389 aliis
744 5333 1061 5405 illustratur,
1090 5337 1357 5397 interdum
1397 5340 1559 5399 etiam
1589 5349 1648 5398 ut
1676 5343 1765 5400 alii
1782 5361 1854 5401 ex
1878 5346 2084 5405 Isidoro

507 5427 860 5497 corrigantur.

576 5515 630 5570 5.
662 5517 922 5585 Quoniam
952 5534 1083 5577 vero
1120 5522 1376 5579 librorum
1404 5532 1643 5582 veterum
1693 5529 2083 5600 manuscripto-

509 5628 627 5667 rum
649 5615 807 5684 copia
837 5624 893 5671 et
916 5617 1151 5675 delectus
1180 5621 1231 5675 in
1253 5622 1393 5678 hanc
1414 5639 1527 5679 rem
1556 5627 1895 5695 potissimum
1926 5630 2080 5699 facit,

512 5715 569 5762 et
595 5704 720 5761 olim
769 5709 984 5779 quidem
1015 5711 1247 5771 Isidorus
1288 5717 1489 5773 Matriti
1518 5733 1586 5774 ex
1625 5721 1807 5778 multis
1852 5724 2087 5794 antiquis

512 5802 909 5871 exemplaribus
947 5806 1271 5877 Hispanieis,
1326 5809 1522 5868 deinde
1566 5813 1729 5867 etiam
1760 5812 1978 5871 Parisiis
2021 5834 2088 5877 ex

2183 4703 2341 4753 tatem
2362 4704 2413 4750 et
2442 4697 2727 4751 litterarum
2751 4700 3122 4756 incrementum
3148 4708 3329 4774 possit.

2258 4787 2307 4839 7.
2342 4787 2418 4841 Ita
2449 4788 2879 4859 prmloquebatur
2905 4793 3159 4861 Lazerus,
3183 4813 3305 4869 cum
3329 4801 3593 4867 Brunonis
3621 4812 3763 4880 quod

2184 4878 2291 4934 dixi
2346 4881 2788 4936 commentarium
2833 4898 2864 4938 e
2898 4886 3123 4941 vetustis
3172 4888 3511 4951 bibliothecae
3540 4878 3763 4973 Collegii

2187 4973 2416 5029 Romani
2445 4976 2770 5032 membranis
2790 4978 2843 5031 in
2875 4979 3141 5053 publicam
3172 4982 3345 5041 lucem
3372 4989 3662 5051 emitteret.
3688 4996 3764 5054 Ac

2186 5066 2422 5137 portenti
2451 5067 2667 5135 quidem
2695 5068 2867 5124 simile
2892 5078 3003 5136 est,
3054 5082 3187 5141 quot
3226 5077 3356 5132 mihi
3407 5083 3762 5154 antiquissimi

2185 5157 2373 5213 Isidori
2399 5155 2627 5214 Codices
2657 5160 2709 5214 in
2744 5159 2900 5215 Urbis
2920 5160 3292 5233 bibliothecis,
3324 5170 3416 5225 sed
3449 5175 3681 5231 maxime
3710 5178 3765 5233 in

2188 5252 2442 5307 Vaticana
2485 5254 2837 5315 occurreriut.
2892 5254 3103 5313 Utinam
3155 5268 3361 5317 tantum
3409 5264 3538 5321 mihi
3566 5269 3633 5325 de
3678 5278 3803 5328 me’

2188 5362 2407 5418 sperare
2451 5348 2707 5411 licuisset,
2735 5358 2796 5403 ut
2822 5364 2919 5407 eos
2946 5367 3135 5410 omnes
3158 5372 3262 5426 per
3278 5359 3452 5415 otium
3481 5377 3600 5418 cum
3634 5381 3767 5437 ope-

2188 5439 2334 5494 ribus
2374 5438 2486 5509 jam
2514 5441 2726 5499 excusis
2766 5442 3013 5500 conferre
3055 5457 3291 5506 vacaret.
3321 5451 3427 5504 Sed
3476 5456 3763 5524 quoniam,

2186 5538 2248 5585 ut
2273 5530 2451 5585 aiebat
2476 5532 2588 5597 ille,
2610 5532 2755 5587 bona
2781 5533 2920 5589 male
2941 5550 3068 5590 usus
3089 5539 3374 5604 sententia,
3412 5540 3544 5597 Vitw
3565 5562 3767 5600 summa

2189 5626 2353 5680 brevis
2381 5642 2524 5697 spem
2566 5641 2661 5679 nos
2690 5632 2823 5679 vetat
2862 5628 3107 5682 inchoare
3131 5629 3367 5700 longam,
3406 5631 3763 5690 festinandum

2190 5722 2325 5790 fuit,
2353 5740 2424 5779 ne
2449 5766 2465 5791 ,
2493 5723 2635 5793 quod
2667 5723 2786 5778 aliis
2833 5724 2885 5779 in
2934 5722 3137 5779 Isidoro
3168 5726 3484 5781 illustrando
3515 5729 3768 5785 laboran-

2192 5820 2333 5877 tibus
2385 5817 2644 5886 contigit,
2699 5818 2826 5874 mihi
2875 5817 3034 5875 etiam
3089 5821 3466 5893 contingeret:
3499 5824 3591 5897 qui
3641 5822 3769 5883 dum
