4048 6364
244 240 308 295 15
1303 237 1711 298 lSlDORIANA.
1753 273 1821 284 -—-
1859 245 2035 302 PARS
2073 247 2113 303 1.
2152 247 2306 306 CAP.
2342 251 2406 307 11.
3440 268 3507 325 ﬂ,

241 352 416 408 omnia
463 352 764 410 consectari
811 359 866 409 et
919 349 1205 424 complecti
1252 353 1431 409 conati
1481 363 1634 421 sunt,
1686 355 1822 412 nihil
1849 362 1902 423 Α
1928 366 2071 417 tasse
2100 362 2244 418 utilis
2271 379 2390 421 esse
2418 366 2589 436 possit
2627 367 2694 424 ad
2717 369 2998 432 historiam
3023 373 3342 440 litterariam
3379 380 3506 452 qui-

239 444 589 500 extricarttnt.
636 443 822 516 quue
870 444 1031 500 etiam
1076 445 1245 514 magis
1291 445 1666 502 maturandum
1697 448 1820 518 fuit,

235 537 359 607 quia
387 536 683 608 periculum
714 545 832 592 erat
853 576 867 602 ,
911 553 982 592 ne
1005 577 1020 601 ,
1073 538 1117 592 si
1148 552 1248 606 ego
1278 553 1566 605 cessarem,
1597 556 1702 596 non
1731 556 1822 596 so-

237 629 344 686 lum
401 645 535 686 mea:
587 631 641 685 in
686 630 947 687 lsidorum
993 631 1491 702 lucubratiunculae,
1534 636 1630 691 sed
1655 637 1820 694 etiam

235 722 458 778 aliorum
513 724 766 791 labores,
816 740 952 797 quos
979 727 1048 781 ab
1088 727 1308 782 interitu
1336 727 1605 786 vindicare
1633 729 1688 785 in
1731 746 1822 788 me

233 819 462 888 suscepi,
506 819 720 888 penitus
750 828 1157 875 evanescerent.

301 907 353 962 8.
395 908 564 979 igitur
589 925 712 965 cum
746 909 797 964 in
845 911 1070 980 singulis
1107 911 1296 968 lsidori
1344 915 1599 985 operibus
1625 931 1817 988 recog-

230 998 519 1054 noscendis
567 999 941 1068 antiquissima
989 1009 1043 1055 et
1103 1004 1546 1072 praestantissima
1592 1019 1821 1077 qumque

229 1089 553 1160 exemplaria
584 1091 772 1145 sedulo
803 1091 1258 1159 pervolutaverim
1283 1135 1298 1160 ,
1345 1103 1542 1151 ecetera
1595 1097 1647 1150 in
1680 1097 1816 1162 locis

226 1181 469 1238 obscuris
497 1190 552 1238 et
579 1181 891 1239 difﬁcilibus
933 1187 1318 1254 consuluerim,
1366 1205 1488 1244 cum
1534 1190 1818 1260 diligenter

224 1273 422 1344 scripta
450 1275 629 1330 omnia
660 1291 780 1346 quae
823 1276 1061 1331 nondum
1109 1278 1248 1351 typis
1290 1279 1548 1350 impressa
1586 1289 1730 1348 sunt,
1762 1289 1818 1338 et

222 1363 276 1419 in
323 1381 455 1422 mss.
507 1365 796 1422 Codicibus
825 1367 1088 1424 lsidorum
1115 1380 1395 1426 auctorem
1433 1371 1692 1442 referunt,
1741 1375 1818 1429 in-

222 1459 626 1529 vestigaverim,
679 1458 1094 1531 descripserim,
1144 1463 1477 1534 collegerim,
1506 1482 1670 1537 opera
1699 1468 1814 1537 ipsa

219 1550 328 1622 jam
357 1552 502 1608 edita
529 1568 636 1608 non
667 1556 1078 1611 contemnendis
1103 1558 1360 1614 auctariis
1393 1560 1809 1630 compleverim:

220 1659 341 1700 cum
366 1645 681 1701 innumeros
701 1647 920 1702 criticos
944 1649 1403 1717 conjecturarum,
1432 1653 1811 1722 probabilium,

1920 451 2144 510 busdam
2169 456 2224 511 in
2243 457 2484 530 partibus
2510 458 2900 522 illustrandam.
3402 451 3415 452 ί
3491 530 3500 532 ν,

2545 551 2774 611 CAPUT
2789 555 2865 612 ιι.
3476 531 3509 570 ’

1921 634 2138 708 Regula:
2165 638 2228 694 S.
2261 638 2489 696 Leandri
2508 644 2578 697 ad
2605 643 2967 708 Florentium
2985 666 3220 716 morem
3244 664 3399 726 caput
3425 657 3508 714 ut-

1993 728 2192 796 timum,
2216 730 2272 784 in
2296 748 2394 803 quo
2435 733 2497 798 de
2522 737 2714 804 patria,
2743 738 3060 806 parentibus,
3090 752 3139 797 et
3153 746 3407 815 fratribus
3437 747 3503 805 S.

1992 820 2188 879 lsidori
2218 826 2407 893 agitur,
2419 842 2544 880 .cum
2567 829 2943 899 exmplaribus
2957 832 3133 900 editis,
3161 843 3214 890 et
3237 836 3374 894 illa.
3401 837 3507 896 Go-

1989 914 2143 968 thicis
2171 915 2435 971 collatum.

1994 1005 2048 1061 1.
2077 1025 2105 1058 .‹
2137 1005 2258 1062 Jam
2284 1009 2349 1063 ad
2373 1017 2588 1079 portum
2602 1027 2801 1068 navem
2823 1015 3086 1079 orationis
3105 1018 3401 1091 dirigintus,
3427 1030 3503 1090 et,

1921 1112 2142 1156 emenso
2185 1101 2452 1158 dictorum
2482 1106 2694 1174 pelago,
2725 1108 2780 1162 in
2819 1109 3002 1166 liuore
3047 1112 3359 1181 quiescendi
3404 1130 3505 1174 au-

1919 1193 2142 1248 cboram
2170 1196 2425 1264 ponimus
2453 1215 2465 1250 :
2496 1195 2629 1252 ﬂatu
2660 1208 2838 1258 tamen
2869 1203 3150 1262 cbaritatis
3176 1214 3280 1263 ture
3303 1208 3505 1266 iterum

1919 1283 1973 1337 in
2001 1281 2252 1340 ﬂuctibus
2283 1289 2572 1344 verborum
2600 1291 2850 1346 revebor.
2883 1292 2959 1348 Te
3004 1311 3186 1366 quaiso
3215 1300 3308 1369 κε,
3349 1316 3508 1358 soror

1920 1374 2254 1443 Florentino,
2287 1393 2385 1449 per
2409 1381 2734 1454 beatamque
2760 1382 3076 1442 Trinitatem
3105 1387 3274 1444 unica:
3301 1391 3501 1449 divini-

1921 1465 2046 1520 tatis
2074 1467 2336 1535 obtestor,
2363 1479 2441 1538 ut,
2465 1487 2584 1541 quae
2611 1471 2680 1528 de
2710 1482 2852 1530 terra
2882 1484 2993 1544 tua,
3022 1485 3078 1532 et
3093 1479 3163 1534 de
3181 1481 3504 1549 cognatione

1919 1564 2010 1612 tua
2038 1572 2159 1613 cum
2197 1560 2467 1618 Abraham
2497 1577 2712 1632 egressa
2741 1580 2822 1632 es,
2865 1581 2989 1622 cum
3018 1583 3188 1624 uxore
3224 1567 3364 1628 Loth
3388 1587 3502 1633 non

1918 1649 2175 1718 respicias
2211 1659 2358 1708 retro
2401 1653 2610 1726 (Cenes.
2649 1657 2785 1728 xix),
2837 1672 2907 1712 ne
2957 1657 3206 1716 eﬂiciaris
3251 1663 3500 1733 exemplo

218 1736 675 1804 adversariorum,
701 1739 1238 1808 commentariorum,
1260 1742 1670 1796 annotationum
1691 1740 2062 1804 achB‘malo
2092 1742 2473 1800 documentum
2517 1748 2741 1802 aliarum
2770 1750 2836 1803 ad
2865 1751 3102 1818 bonum;
3133 1760 3188 1810 et
3226 1768 3298 1809 ne
3349 1754 3404 1808 in
3445 1762 3502 1812 te

217 1835 406 1895 teres,
466 1828 558 1898 qui
609 1828 663 1882 in
715 1829 951 1897 antiquis
999 1843 1104 1898 qua
1160 1831 1356 1899 sacris,
1413 1847 1517 1900 qua
1568 1832 1812 1902 profanis

215 1919 574 1988 scriptoribus
622 1919 952 1989 explicandis
1000 1935 1123 1975 cum
1169 1921 1327 1976 laude
1375 1924 1598 1990 versati,
1669 1942 1811 1996 smpe

214 2005 481 2087 lsidorum
513 2018 705 2065 testem
736 2012 997 2077 excitant,
1047 2010 1290 2068 studiose
1323 2017 1808 2087 ,perlustraveritn,

215 2084 429 2174 tempus
444 2101 561 2173 jam
588 2103 778 2159 adesse
810 2111 959 2159 ratus
981 2118 1120 2168 sum,
1153 2119 1261 2175 quo
1284 2091 1598 2163 immensam
1629 2124 1813 2178 quam-

212 2193 337 2249 dam
389 2209 570 2250 rerum
621 2194 833 2261 silvam,
875 2211 940 2250 ac
985 2210 1124 2266 pene
1171 2197 1396 2252 dixerim
1446 2197 1805 2268 farraginem,

210 2297 368 2344 certo
391 2288 580 2344 ordine
602 2287 948 2354 collocarem,
977 2303 1041 2343 ac
1068 2304 1188 2344 mea
1215 2290 1500 2362 alienaque
1526 2293 1639 2347 suis
1664 2307 1811 2362 qua:-

210 2397 318 2452 que
363 2382 500 2439 locis
543 2381 943 2438 distribuerem.
997 2381 1076 2436 lta
1117 2383 1261 2438 enim
1314 2393 1516 2454 statuo,
1568 2400 1689 2456 quae
1741 2387 1809 2440 ad

208 2469 405 2530 lsidori
437 2473 874 2543 explanationem
927 2482 983 2528 et
1027 2473 1459 2529 emendationem
1505 2476 1803 2545 pertinent,

208 2582 274 2622 ea
305 2567 489 2622 omnia
516 2568 582 2621 ab
625 2557 733 2621 uno
762 2567 1009 2637 quamvis
1036 2567 1352 2621 doctissimo
1383 2567 1601 2623 homine
1631 2569 1720 2623 vix
1744 2585 1807 2624 ac

207 2675 278 2716 ne
303 2659 400 2714 vix
427 2657 639 2728 quidem
679 2657 860 2726 colligi
911 2672 1068 2727 posse
1099 2676 1112 2709 :
1143 2673 1317 2726 neque
1364 2673 1496 2714 vero
1524 2674 1554 2712 a
1586 2660 1768 2714 multis
1788 2700 1804 2725 ,

205 2754 317 2810 nisi
347 2768 486 2808 unus
509 2751 704 2821 aliquis
731 2749 972 2820 privatas
997 2766 1123 2808 suas
1152 2766 1283 2822 opes
1301 2750 1477 2818 palam
1501 2750 1806 2821 depromat,

156 2892 158 2894 ,
207 2843 418 2914 quibus
449 2841 538 2896 alii
575 2841 737 2908 alias,
768 2849 826 2895 ut
865 2856 986 2896 sese
1013 2840 1162 2896 dabit
1207 2842 1444 2907 occasio,
1490 2842 1804 2913 adjungant.

271 2935 331 2990 9.
366 2933 522 3003 Quod
551 2933 604 3006 5
643 2942 700 2989 ut
725 2932 1060 2989 commodius
1090 2931 1201 3000 ﬁat,
1249 2932 1540 2988 editionem
1565 2934 1805 2989 omnium

204 3042 441 3098 cperum
461 3027 651 3082 lsidori
677 3026 1259 3096 adornareaggredior,
1285 3027 1338 3080 in
1365 3041 1470 3096 qua
1493 3043 1615 3083 cum
1636 3028 1804 3084 multa

206 3119 319 3175 sint
348 3132 514 3186 nova,
543 3125 654 3172 tum
681 3115 814 3172 nihil
837 3131 1034 3172 eorum
1063 3116 1419 3186 desideretur,
1442 3133 1560 3188 quae
1581 3117 1635 3172 in
1665 3133 1804 3187 prze-
1837 3130 1882 3193 ο

206 3210 534 3267 cedentibus
586 3209 910 3265 editionibus
958 3209 1136 3264 locum
1178 3210 1500 3266 habuerunt.
1547 3210 1805 3278 Quisnam

206 3312 396 3358 autem
428 3313 762 3372 opportunus
801 3302 936 3360 ordo
967 3301 1021 3356 in
1052 3310 1197 3357 tanta
1224 3319 1401 3358 rerum
1435 3304 1691 3358 varietate
1712 3304 1807 3358 ad-

206 3393 385 3450 hiberi
420 3392 663 3462 poterit?
692 3389 894 3460 Quibus
923 3392 1146 3449 vinculis
1176 3402 1284 3448 tam
1329 3395 1598 3464 disparata
1639 3411 1806 3450 mem-

207 3484 308 3541 bra
369 3484 816 3554 colligabuntur?
855 3481 1040 3540 Dicam
1091 3486 1143 3539 in
1191 3481 1626 3554 Prolegomenwn
1659 3485 1764 3542 fine
1787 3529 1803 3554 ,

209 3577 339 3648 quid
371 3577 427 3630 in
458 3591 682 3647 operum
711 3575 920 3641 lsidori,
958 3575 1439 3646 adjunctarumque
1467 3577 1808 3632 notationum

210 3666 519 3725 ordinanda
545 3667 783 3724 editione
813 3667 1208 3721 observandum
1239 3668 1340 3722 sit:
1372 3683 1516 3721 nunc
1548 3669 1601 3720 in
1630 3665 1808 3723 Prole-

211 3761 464 3829 gomenis
493 3759 622 3830 quid
654 3757 920 3828 agendum
951 3759 1042 3823 sit,
1075 3759 1258 3829 paucis
1286 3774 1571 3828 exponam.

283 3856 376 3912 10.
412 3856 606 3913 Vetera
639 3863 1005 3921 monumenta,
1036 3869 1156 3924 quae
1200 3853 1265 3908 ad
1293 3854 1554 3908 lsidorum
1584 3853 1809 3925 propius

213 3947 502 4013 accedunt,
552 3946 725 4017 deque
770 3944 887 4015 ejus
913 3944 1044 4011 .vita,
1096 3944 1278 4013 gestis,
1312 3944 1457 3998 obitu
1505 3958 1808 3998 sermonem

213 4037 442 4103 habent,
471 4047 720 4092 accurate
741 4036 1009 4106 descripta
1038 4036 1324 4099 exhibebo,
1350 4035 1415 4090 ad
1438 4036 1655 4091 codices
1679 4052 1804 4098 mss.

214 4130 516 4201 recognita,
542 4139 595 4184 et
621 4129 1089 4184 observationibus
1117 4129 1401 4182 illustrata.
1434 4126 1561 4183 Haac
1590 4124 1809 4182 fundum

214 4223 285 4278 ad
296 4224 491 4279 seriem
507 4223 625 4278 vitae
650 4222 707 4276 S.
731 4220 919 4277 lsidori
943 4222 1222 4286 texendam
1237 4221 1584 4291 praestabunt.
1601 4218 1732 4274 Tum
1745 4219 1813 4276 de

216 4315 404 4372 multis
432 4329 614 4372 rerum
644 4313 930 4386 capitibus,
958 4329 1078 4382 quae
1101 4314 1213 4383 jam
1261 4311 1464 4382 pridem
1497 4313 1549 4366 in
1591 4319 1808 4367 contro-

217 4407 452 4462 versiam
484 4413 674 4462 vocata
702 4413 845 4471 sunt,
877 4405 1180 4476 peculiares
1217 4404 1617 4475 disquisitioncs
1661 4404 1812 4458 insti-

1919 1833 2036 1887 alize
2066 1833 2282 1896 videant
2307 1838 2450 1907 quod
2479 1839 2532 1893 in
2563 1855 2620 1895 se
2646 1852 2872 1897 caveant
2897 1861 2912 1896 :
2944 1844 3033 1900 illa
3062 1858 3192 1900 vero
3212 1845 3332 1900 aliis
3358 1844 3502 1902 facta

1917 1936 1998 1980 est
2035 1929 2447 1994 condimentum
2494 1933 2786 2001 sapientiae,
2829 1936 2930 1992 sibi
2979 1952 3108 1994 vero
3159 1937 3502 1998 simulacrum

1915 2016 2154 2072 stultitiae
2179 2037 2192 2071 :
2217 2019 2317 2075 sibi
2347 2021 2489 2075 enim
2523 2023 2715 2078 nocuit
2744 2025 2884 2082 male
2905 2025 3124 2093 factum,
3151 2028 3268 2082 aliis
3299 2029 3502 2099 profuit

1915 2111 2220 2182 exemplum
2251 2113 2602 2168 contrarium.
2631 2114 2710 2169 Ne
2748 2124 2802 2170 te
2831 2132 3061 2186 unquam
3090 2119 3288 2174 reverti
3317 2120 3385 2175 ad
3398 2135 3502 2192 geu-

1915 2198 2081 2254 uitale
2121 2200 2294 2264 solum
2323 2202 2579 2258 sollicitet
2607 2205 2885 2273 cogitatio,
2919 2207 3033 2277 ubi,
3074 2209 3118 2263 si
3160 2217 3212 2262 te
3242 2209 3386 2267 Deus
3411 2212 3502 2266 ha-

1914 2291 2086 2346 bitare
2112 2292 2390 2360 voluisset,
2445 2311 2552 2376 ngn
2597 2297 2728 2352 inde
2781 2298 3020 2368 ejiceret.
3053 2299 3160 2357 Sed
3203 2304 3330 2372 quia
3369 2304 3499 2364 utile

1915 2383 2194 2452 proposito
2226 2392 2318 2440 tuo
2348 2384 2464 2441 fore
2500 2389 2805 2458 prospexit,
2851 2391 3008 2457 bene,
3039 2393 3179 2449 sicut
3225 2393 3498 2454 Abraham

1915 2487 1946 2526 a
1971 2471 2258 2543 Chaldaeis,
2281 2483 2334 2528 ct
2364 2483 2616 2546 tanquam
2635 2477 2792 2541 Loth,
2817 2487 2870 2535 te
2892 2481 3156 2537 abstraxit
3174 2498 3206 2538 a
3227 2482 3498 2540 Sodomis.

1913 2562 2154 2633 Denique
2184 2579 2423 2628 errorem
2453 2584 2633 2622 meum
2664 2570 2778 2639 ipse
2807 2568 2997 2638 fateor,
3040 2589 3126 2630 me
3156 2589 3497 2632 communem

1914 2662 2142 2708 matrem
2169 2669 2312 2724 saepe
2351 2656 2661 2723 allocutum,
2695 2675 2853 2714 nosse
2881 2661 3122 2730 cupiens,
3153 2663 3199 2717 si
3227 2664 3390 2718 vellet
3419 2680 3498 2720 τε·

1915 2745 2053 2799 verti
2097 2746 2163 2812 ad
2203 2746 2446 2816 patriam.
2481 2747 2576 2801 illa
2625 2757 2824 2815 autem,
2852 2765 2970 2819 quae
3019 2767 3078 2807 se
3127 2765 3354 2809 noverat
3399 2755 3497 2811 Dei

1915 2834 2189 2892 voluntate
2210 2851 2371 2891 causa
2395 2836 2518 2892 inde
2537 2839 2725 2893 salutis
2756 2840 2950 2905 exisse,
2979 2843 3079 2896 sub
3105 2841 3285 2898 divina
3307 2844 3492 2901 obtes-

1911 2927 2116 2984 tatione
2159 2927 2412 2984 dicebat:
2445 2929 2556 2985 Nec
2597 2932 2732 2987 velle
2780 2949 2837 2987 se
2869 2935 3065 3000 videre,
3111 2951 3212 2992 nec
3259 2953 3490 3008 unquam

1911 3019 2149 3072 visuram
2198 3020 2345 3074 illam
2373 3023 2600 3090 patriam
2630 3040 2766 3079 esse.
2801 3023 2868 3078 Et
2897 3042 3018 3080 cum
3048 3027 3255 3097 magnis
3285 3029 3498 3090 dicebat

1912 3106 2164 3165 ﬂetibus:
2226 3109 2592 3183 Peregrinatio
2650 3131 2735 3170 me
2783 3115 2950 3171 Deum
3005 3117 3131 3174 fecit
3181 3135 3496 3195 agnoscere,

1911 3203 2194 3273 peregrina
2223 3204 2444 3269 moriar,
2501 3213 2557 3260 et
2606 3205 2681 3260 ibi
2729 3209 3058 3278 sepulturam
3098 3210 3348 3282 habeam,
3400 3213 3494 3268 ubi

1910 3296 2003 3351 Dei
2034 3297 2394 3366 cognitionem
2441 3298 2648 3368 accepi.
2680 3296 2839 3354 Teste
2866 3298 3012 3367 .Iesu,
3044 3301 3148 3358 hoc
3175 3303 3227 3358 iu
3251 3303 3368 3375 ejus
3399 3321 3495 3361 cx-

1909 3387 2133 3457 periisse
2161 3387 2439 3442 desideriis
2467 3405 2673 3445 memor
2722 3406 2860 3456 sum,
2892 3399 2970 3458 ut,
3003 3393 3211 3448 etiamsi
3237 3394 3328 3449 diu
3358 3396 3497 3452 vive-

1910 3488 2012 3544 ret,
2044 3481 2272 3550 patriam
2304 3480 2448 3534 illam
2495 3497 2601 3536 non
2641 3483 2922 3538 reviseret.
2965 3483 3063 3551 Tu,
3095 3499 3296 3556 quaeso,
3337 3504 3492 3556 cave,

1909 3587 2065 3626 soror
2086 3571 2414 3640 Flurentiua,
2443 3573 2588 3642 quod
2614 3584 2786 3628 mater
2812 3575 3007 3642 timuit,
3039 3587 3092 3632 et
3120 3579 3318 3634 malum
3348 3577 3491 3650 quod

1909 3663 1998 3718 illa
2020 3675 2237 3733 experta
2269 3664 2400 3733 fugit
2429 3675 2484 3720 tu
2511 3667 2802 3735 prudenter
2829 3669 2990 3722 evita.

1984 3757 2038 3810 2.
2080 3776 2097 3808 ι
2127 3757 2378 3812 Miserum
2408 3761 2531 3812 me!
2573 3760 2751 3825 doleo,
2785 3761 2876 3829 qui
2906 3762 3102 3818 ibidem
3147 3779 3489 3822 communem

1910 3847 2133 3902 fratrem
2183 3850 2451 3905 transmisi
2502 3849 2859 3916 Fulgentium,
2915 3853 3066 3921 cujus
3095 3854 3328 3923 pericula
3375 3855 3490 3924 jugi

1911 3936 2195 3995 formidine
2225 3944 2564 4010 pertimesco.
2594 3941 2782 3997 Tutior
2805 3953 2990 4001 tamen
3020 3947 3142 4014 erit,
3172 3948 3215 4001 si
3249 3955 3302 4004 tu
3333 3962 3489 4002 secu-

1912 4031 2043 4096 rior,
2086 4039 2139 4085 et
2165 4031 2356 4086 absens
2407 4049 2505 4104 pro
2549 4033 2640 4088 illo
2667 4036 2924 4092 oraveris.
2956 4025 3032 4090 Ea
3075 4036 3194 4091 inde
3223 4047 3339 4092 arte
3366 4035 3488 4092 abs-

1913 4130 2084 4177 tracta
2114 4139 2194 4192 es,
2240 4131 2299 4178 ut
2321 4124 2364 4178 si
2398 4124 2594 4180 ibidem
2625 4135 2749 4180 nata
2781 4127 2961 4193 fueris,
3016 4143 3123 4182 non
3153 4127 3485 4183 memineris.

1911 4212 2066 4267 Nulla
2090 4224 2171 4270 est
2195 4215 2498 4270 recordatio
2523 4233 2640 4286 quae
2669 4229 2886 4274 moveat
2913 4217 3193 4273 desideriis
3222 4219 3488 4286 animam;

1913 4313 1966 4360 et
1996 4307 2151 4360 beata
2201 4322 2278 4369 es,
2330 4323 2448 4377 quae
2486 4309 2700 4378 ignoras
2728 4309 2868 4382 quod
2917 4307 3122 4374 doleas.
3167 4307 3282 4378 Ego
3311 4316 3492 4365 tamen

1914 4409 2168 4469 expertus
2199 4401 2409 4470 loquor,
2442 4403 2520 4457 sic
2572 4402 2864 4471 perdidisse
2918 4411 3116 4458 statum
3164 4409 3218 4457 et
3253 4401 3488 4471 speciem

219 4503 393 4554 tuam.
424 4497 589 4568 Agam
616 4496 808 4552 deinde
852 4496 920 4551 de
947 4496 1134 4551 lsidori
1166 4495 1430 4565 doctrina,
1463 4495 1807 4564 auctoritate,
1831 4493 1891 4562 ’1)
1917 4493 2060 4548 illam
2091 4495 2341 4566 patriam,
2373 4503 2430 4549 ut
2457 4509 2556 4549 nec
2585 4495 2719 4548 liber
2750 4495 2802 4548 in
2829 4508 2894 4547 ea
2920 4494 3206 4564 quisquam
3235 4494 3487 4564 supersit,

217 4589 489 4647 laudibus.
519 4590 802 4647 Editiones
831 4605 1054 4670 operum
1087 4589 1388 4644 distinctius
1417 4603 1810 4644 commemora-

217 4680 309 4750 bo,
360 4684 622 4752 adjunctis
665 4683 826 4738 etiam
857 4683 1123 4738 editorum
1171 4679 1592 4752 praefationibus,
1647 4690 1810 4751 atque

218 4774 352 4845 ipsis
383 4775 517 4832 adeo
547 4775 788 4844 epistolis
816 4773 1179 4828 dedicatoriis.
1208 4765 1446 4826 Conatus
1477 4772 1704 4827 aliorum
1742 4770 1810 4825 ad

217 4852 417 4922 novam
440 4867 729 4936 editionem
752 4865 1162 4938 procurandum,
1186 4864 1368 4934 copias
1385 4872 1648 4936 praeterea
1673 4879 1811 4932 quas

215 4977 272 5014 in
299 4976 423 5016 eam
442 4976 559 5016 rem
585 4968 977 5031 apparaverant
1005 4958 1309 5029 singillatim
1338 4973 1621 5027 exponam.

293 5051 387 5106 il.
420 5051 552 5114 Tum
593 5051 658 5104 ad
688 5049 878 5105 lsidori
905 5065 1070 5120 opera
1119 5048 1499 5113 enumeranda,
1533 5056 1588 5103 et
1625 5062 1748 5102 vera
1777 5061 1810 5102 a

220 5140 374 5198 falsis
403 5141 768 5210 distinguenda
800 5155 1036 5212 pergam,
1067 5138 1351 5211 praemissis
1401 5139 1635 5208 antiquis
1664 5138 1809 5208 ejus-

221 5234 438 5300 cemodi
469 5249 692 5305 operum
721 5235 998 5305 catalogis.
1030 5234 1102 5289 De
1124 5234 1344 5304 singulis
1367 5249 1612 5289 seorsum
1635 5231 1812 5303 dispu-

225 5329 355 5380 tabo
383 5341 399 5392 ;
423 5334 478 5381 et
496 5340 740 5396 quaenam
766 5327 834 5380 ab
863 5326 978 5380 aliis
1002 5334 1268 5396 separata,
1291 5327 1433 5397 typis
1462 5341 1655 5381 excusa
1679 5341 1808 5396 pro-

225 5415 444 5483 dierint,
463 5417 786 5483 admonebo,
810 5419 1048 5489 nihilque
1069 5421 1230 5474 etiam
1260 5419 1446 5474 harum
1476 5418 1803 5489 peculiarum

227 5509 523 5574 editionum
551 5527 584 5568 a
601 5511 861 5581 .praasenti
887 5520 946 5567 ut
971 5513 1126 5579 absit,
1156 5526 1379 5583 operam
1407 5512 1565 5567 dabo.
1598 5509 1809 5566 Postre-

227 5614 319 5655 mo
345 5608 590 5658 veterum
633 5600 892 5656 librorum
922 5619 1072 5672 mss.,
1104 5604 1296 5674 quibus
1323 5603 1536 5674 adjutus
1562 5619 1702 5667 sum,
1733 5617 1811 5655 re-

231 5693 540 5752 censionem
570 5693 848 5751 adornabo
873 5710 981 5752 non
1004 5695 1441 5773 perfunctoriam,
1475 5703 1529 5753 et
1557 5711 1674 5768 qua:
1697 5695 1833 5750 for-.

1913 4600 2015 4640 nec
2047 4594 2186 4639 terra
2213 4585 2328 4654 ipsa
2355 4585 2510 4640 solita
2539 4585 2609 4640 sit
2636 4584 2881 4638 ubertate
2910 4582 3167 4648 fecunda;
3197 4592 3253 4638 et
3278 4600 3387 4638 non
3414 4583 3490 4639 si-

1913 4692 1980 4732 ne
2012 4677 2103 4732 Dei
2126 4676 2330 4744 judicio
2356 4696 2368 4730 :
2405 4686 2546 4732 terra
2576 4676 2740 4740 enim,
2773 4675 2859 4732 cui
2887 4675 3031 4732 cives
3060 4677 3228 4746 erepti
3260 4686 3405 4742 sunt,
3434 4685 3492 4732 et

1912 4769 2152 4825 concessi
2175 4777 2459 4834 extraneo,
2481 4782 2607 4835 mox
2630 4775 2689 4820 ut
2707 4766 3018 4835 dignitatem
3041 4767 3290 4836 perdidit,
3321 4766 3493 4821 caruit

1915 4871 1970 4917 et
2007 4861 2351 4916 fecunditate.
2393 4860 2549 4929 Vide,
2577 4876 2734 4918 soror
2754 4858 3092 4938 Florentius,
3138 4857 3283 4928 quod
3314 4867 3366 4914 te
3395 4876 3493 4930 pa-

1914 4973 2067 5020 vens,
2100 4971 2446 5026 maerensque
2476 4956 2817 5028 conveniam,
2866 4972 2936 5012 ne
2981 4965 3034 5011 te
3070 4972 3290 5028 serpens
3317 4958 3496 5026 prteri-

1914 5050 2028 5119 piat
2052 5065 2080 5103 a
2112 5050 2359 5118 paradiso
2388 5066 2401 5116 ;
2429 5057 2484 5103 et
2511 5049 2562 5103 in
2587 5065 2710 5106 eam
2733 5059 2902 5126 ponat
2924 5054 3145 5113 terram,
3175 5063 3293 5116 qua:
3319 5047 3498 5114 Spinas

1914 5151 1968 5199 et
1997 5142 2220 5197 tribulos
2249 5143 2536 5210 germinat,
2565 5141 2633 5196 de
2661 5161 2771 5217 qua
2799 5155 3013 5207 rursum
3045 5139 3091 5192 si
3122 5138 3255 5192 velis
3286 5151 3502 5190 manum

1914 5235 2225 5300 extendere,
2257 5243 2311 5289 et
2349 5235 2550 5303 lignum
2592 5237 2729 5306 vita;
2772 5236 3043 5316 edendum
3081 5243 3374 5294 assumere,
3400 5242 3506 5279 non

1913 5327 2240 5399 permittaris
2254 5329 2541 5426 attingere.
2577 5325 2802 5426 Τρειῦἲ
2827 5340 2972 5415 enim
3012 5332 3209 5426 terunt
3231 5316 3512 5426 pret->326?

1912 5427 1984 5482 et,
2012 5420 2226 5474 conscio
2247 5418 2371 5473 Jesu
2402 5417 2657 5498 Clll‘iSlo‘
2716 5405 3004 5520 ξᾷὦὶωο
3041 5412 3253 5520 dicens:
3279 5405 3435 5474 Audi,
3461 5405 3522 5474 β-

1911 5511 2005 5579 lia,
2036 5519 2084 5565 et
2108 5511 2240 5577 vide,
2271 5520 2319 5566 et
2344 5511 2538 5565 inclina
2560 5469 2999 5608 (ιη’νὲἓωῖζί
3020 5521 3070 5577 ει
3088 5498 3357 5596 obliviscere

1911 5571 2018 5658 lunt
2049 5611 2208 5667 tuum,
2229 5571 2287 5656 tet
2315 5602 2522 5656 domum
2573 5571 2999 5686 Nm)"
3019 5607 3135 5686 “uia
3169 5583 3428 5686 concupiuit
3461 5599 3556 5686 rica.

1911 5699 2128 5754 sueciem
2150 5655 2308 5761 gu'am,
2331 5702 2378 5747 et
2399 5695 2506 5764 ipse
2523 5655 2818 5790 98:12“
2831 5737 2866 5790 ἢ
2890 5664 2980 5760 “ft,
3101 5683 3340 5763 θειιιωιιι
3357 5670 3416 5738 \P
3425 5669 3568 5727 solm;

2667 5733 2779 5844 δ
