4048 6364
532 354 599 411 ’δ
1285 342 1375 399 AD
1410 339 1639 398 OPERA
1678 338 1737 395 S.
1779 332 2025 393 ISIDORI
2063 328 2509 392 HISPALENSIS
2550 330 3084 392 PROLEGOMENA.

3746 345 3835 402 16

531 478 675 532 ιιιν,
710 462 796 529 Ii,
837 458 945 531 la).
990 456 1159 513 Nemo
1202 457 1406 511 mittens
1437 470 1646 508 manum
1677 466 1821 507 suam
1848 449 1902 503 in
1933 454 2109 501 aratro
2140 448 2189 505 Α
2219 447 2382 517 regis,
2414 447 2469 504 in
2498 462 2607 518 quo
2628 447 2880 519 quiddam
2909 450 3010 506 sibi
3036 451 3331 525 antiquitas
3358 454 3667 527 vindicavit,
3702 460 3835 519 imo

512 566 580 610 et
605 554 881 625 respiciens
904 559 1064 615 retro,
1090 557 1239 619 aptus
1259 557 1335 601 est
1364 562 1519 616 regno
1538 544 1655 598 Dei.
1680 562 1697 594 ι
1725 540 1873 613 (Luc.
1898 556 1970 605 ιι,
2000 536 2113 607 62.)

506 702 533 735 κ
600 649 655 703 3.
685 665 703 699 ι
739 644 859 700 Noli
887 644 955 698 ab
996 658 1062 697 eo
1092 640 1310 695 avolare
1358 638 1483 692 nido
1512 635 1658 706 quod
1707 632 1912 688 invenit
1942 637 2118 685 turtur

529 724 623 794 ubi
651 743 880 807 reponat
908 732 1083 804 pullos
1110 745 1237 787 suos
1266 729 1491 801 (Psalm.
1525 726 1772 794 Lxxxm).
1796 722 2119 792 Simplicita-

531 834 599 887 tis
648 831 755 885 lilia
784 843 862 895 es,
915 841 1035 898 qua
1082 824 1315 879 Turture
1345 830 1516 876 matre
1548 830 1671 874 nata
1710 833 1790 873 es.
1842 815 1899 870 In
1931 813 2118 868 eadem

531 938 638 978 una
667 934 898 993 persona
925 916 1281 987 complurium
1311 910 1768 968 necessitudinum
1804 909 1971 959 uteris
1994 900 2119 957 ofﬂ-

532 1015 641 1070 cio.
669 1012 956 1068 Turturem
985 1024 1083 1078 pro
1106 1015 1279 1062 matre
1307 1004 1544 1074 respice:
1571 1000 1855 1054 'l‘urturem
1879 1012 1977 1067 pro
2003 1010 2119 1048 ma-

530 1106 699 1173 gistra
727 1102 983 1158 attende:
1016 1107 1092 1167 et,
1139 1114 1257 1169 quas
1306 1106 1359 1150 te
1387 1095 1603 1150 Christo
1634 1088 1877 1161 quotidie
1910 1085 2121 1141 allecti-

533 1198 634 1253 bus
654 1204 898 1265 generat,
915 1192 1242 1255 cbariorem,
1266 1204 1369 1257 qua
1400 1195 1525 1242 nata
1542 1201 1619 1249 es,
1645 1191 1833 1253 reputa
1858 1189 2121 1244 matrem;

532 1293 602 1347 ab
632 1292 777 1348 omni
802 1289 1059 1361 procella,
1091 1288 1157 1342 ab
1185 1285 1333 1342 omni
1373 1282 1647 1337 mundano
1678 1279 1889 1333 turbine
1918 1277 1970 1331 in
2010 1274 2126 1344 ejus

532 1392 592 1438 te
618 1383 819 1438 sinibus
839 1379 1033 1437 conde.
1066 1378 1150 1433 Sit
1176 1376 1272 1432 tibi
1302 1389 1467 1429 suave
1497 1372 1612 1440 ejus
1642 1371 1794 1425 lateri
1819 1368 2123 1423 adhaerere:

530 1474 605 1528 sit
631 1472 723 1527 tibi
752 1471 905 1526 dulce
941 1469 1059 1538 ejus
1094 1467 1357 1537 gremium
1383 1463 1493 1533 jam
1523 1469 1811 1532 provectzn,
1844 1457 1987 1530 quod
2010 1466 2129 1513 erat

535 1565 724 1621 infanti
754 1564 1141 1633 gratissimum.
1181 1579 1199 1612 ι

607 1656 658 1709 4.
693 1673 712 1707 ι
751 1654 1035 1709 Postremo
1065 1649 1434 1706 charissimam
1479 1655 1534 1701 te
1562 1658 1872 1714 germanam
1918 1655 2126 1712 quaeso,

529 1753 595 1802 ut
618 1748 723 1801 mei
751 1744 959 1801 orando
989 1741 1315 1807 memineris,
1343 1754 1441 1794 nec
1465 1737 1695 1807 junioris
1727 1735 1907 1789 fratris
1934 1731 2126 1786 Isidori

2221 551 2464 596 nostrum
2510 551 2721 611 tempus
2765 542 3100 612 antiquitatis
3149 546 3203 601 in
3234 562 3301 603 eo
3346 550 3625 607 scientiam
3681 554 3836 611 ima-

2221 633 2444 702 ginavit,
2489 633 2572 688 vir
2600 634 2654 688 in
2694 635 2841 689 omni
2873 635 3158 692 locutionis
3196 652 3395 707 genere
3425 642 3705 711 formatus,
3756 657 3836 703 ut

2222 723 2473 793 imperito
2520 724 2790 793 doctoque
2836 726 3129 781 secundum
3184 731 3498 798 qualitatem
3549 738 3835 793 sermonis

2224 820 2479 874 existeret
2503 830 2682 889 aptus,
2714 834 2950 890 congrua
2982 838 3109 877 vero
3138 826 3547 895 opportunitate
3574 828 3701 897 loci,
3734 832 3835 886 in-

2224 911 2573 982 comparabili
2622 910 2926 980 eloquentia
2978 914 3174 969 clarus.
3225 914 3343 970 Jam
3400 933 3527 973 vero
3586 930 3837 991 quantus

2225 1005 2484 1075 sapientia
2518 1005 2697 1071 fuerit,
2730 1021 2797 1058 ex
2828 1005 2947 1072 ejus
2975 1006 3202 1062 diversis
3225 1010 3415 1064 studiis
3445 1019 3499 1065 et
3528 1012 3835 1071 elaboratis

2226 1098 2499 1169 opusculis
2520 1098 2773 1169 perfacile
2802 1098 3038 1169 prudens
3066 1100 3238 1156 lector
3264 1101 3564 1172 intelligere
3594 1107 3825 1174 poterit.

2228 1190 2469 1262 Denique
2498 1192 2565 1246 de
2596 1191 2658 1245 iis
2710 1205 2828 1259 qua:
2858 1191 2925 1245 ad
2982 1191 3227 1245 notitiam
3270 1204 3506 1247 nostram
3558 1206 3835 1253 venerunt.

2229 1284 2331 1339 ista
2398 1284 2836 1338 commemoravi.
2915 1282 3094 1337 Edidit
3164 1284 3331 1339 libros
3388 1284 3831 1344 Diﬂerentiarum

2229 1375 2387 1443 duos,
2441 1374 2494 1429 in
2520 1376 2718 1444 quibus
2768 1373 2949 1428 subtili
3001 1374 3323 1431 discretione
3353 1392 3415 1431 ea
3454 1393 3572 1447 qua:
3598 1378 3833 1436 confuse

2230 1484 2329 1523 usu
2346 1467 2709 1539 proferuntur,
2728 1482 2890 1522 sensu
2907 1467 3180 1521 discrevit.
3210 1467 3599 1524 Prommiorum
3623 1470 3827 1527 librum

2231 1576 2415 1625 unum,
2456 1561 2508 1615 in
2536 1575 2665 1629 quo,
2714 1558 2841 1628 quid
2880 1559 3108 1627 quisque
3156 1559 3291 1613 liher
3318 1570 3517 1613 sancta:
3545 1561 3833 1617 contineat

2231 1649 2545 1719 Scriptura),
2574 1649 2723 1704 brevi
2762 1649 3144 1703 subnotatione
3190 1648 3450 1703 distinxit.
3494 1650 3569 1704 De
3599 1660 3722 1705 ortu
3770 1661 3831 1707 et

2234 1742 2383 1797 obitu
2409 1740 2626 1795 Patrum
2658 1742 2848 1795 librum
2876 1756 3060 1806 unum,
3094 1744 3145 1794 in
3184 1757 3292 1811 quo
3331 1757 3519 1796 eorum
3547 1751 3721 1811 gesta,
3744 1744 3835 1799 di-

530 1839 906 1900 obliviscaris,
949 1850 1110 1907 quem
1142 1835 1267 1905 quia
1298 1833 1396 1887 sub
1441 1831 1535 1885 Dei
1582 1830 1828 1895 luitione,
1874 1836 1929 1882 et
1959 1826 2130 1923 tribus
2234 1834 2493 1902 gnitatem
2520 1848 2755 1902 quoque,
2784 1840 2840 1885 et
2892 1840 3117 1885 mortem
3148 1846 3358 1899 eorum,
3392 1841 3554 1903 atque
3585 1836 3833 1905 sepultu-

532 1933 808 2006 germanis
845 1928 1222 2002 superstitibus
1250 1935 1502 1999 parentes
1528 1925 1862 1993 reliquerunt
1887 1916 2133 1977 commu;

536 2042 655 2091 nes,
708 2023 833 2087 laeti,
868 2031 925 2077 et
971 2021 1040 2076 de
1068 2019 1186 2089 ejus
1232 2016 1362 2073 nihil
1397 2014 1750 2072 formidantes
1798 2012 2020 2067 infantia
2066 2009 2135 2064 ad

537 2118 825 2174 Dominum
848 2121 1242 2171 commearunt.
1266 2109 1437 2177 Quem
1462 2124 1585 2164 cum
1599 2120 1700 2175 ego
1730 2114 1791 2160 ut
1816 2119 1943 2159 vere
1964 2102 2133 2157 ﬁlium

539 2210 792 2274 habeam,
827 2222 929 2263 nec
968 2203 1263 2275 temporale
1304 2198 1506 2269 aliquid
1533 2198 1652 2268 ejus
1698 2197 1947 2253 charitati
1994 2208 2133 2265 prie-

538 2316 760 2374 ponam,
792 2307 955 2368 atque
1002 2298 1056 2351 in
1096 2310 1163 2350 eo
1213 2307 1420 2365 pronus
1447 2290 1742 2346 dilectione
1777 2288 2133 2354 recumbam;

539 2407 695 2454 tanto
721 2413 843 2452 eum
873 2394 1087 2453 charius
1113 2391 1296 2461 dilige,
1342 2396 1599 2457 tantoque
1627 2386 1813 2441 Iesum
1842 2397 2007 2439 exora
2036 2396 2136 2451 pro

539 2490 656 2553 illo,
689 2496 892 2558 quanto
934 2484 1072 2541 nosti
1112 2498 1236 2539 eum
1266 2497 1298 2536 a
1346 2478 1659 2551 parentibus
1706 2474 1945 2530 tenerius
1972 2472 2138 2527 fuisse

541 2584 820 2640 dilectum.
852 2578 1047 2636 Certus
1076 2593 1217 2643 sum,
1248 2572 1396 2645 quod
1438 2571 1621 2627 ﬂectat
1653 2584 1753 2639 pro
1784 2567 1938 2622 nobis
1980 2578 2138 2619 aures

541 2677 751 2731 divinas
773 2682 864 2729 tua
886 2671 1159 2740 virginalis
1180 2670 1356 2725 oratio
1385 2675 1493 2733 :et,
1519 2666 1565 2721 si
1586 2672 1825 2736 pactum,
1854 2659 1997 2730 quod
2013 2673 2135 2713 cum

538 2768 759 2825 Christo
784 2765 1034 2838 pepigisti
1068 2762 1387 2827 servaveris,
1428 2760 1567 2815 bene
1588 2756 1766 2827 agenti
1790 2754 1884 2809 tibi
1914 2752 2139 2807 debetur

540 2876 766 2927 corona,
790 2868 849 2915 et
875 2856 1183 2913 exhortanti
1208 2854 1453 2911 Leandre
1476 2850 1816 2923 praestabitur
1845 2846 2032 2909 venia;
2061 2852 2135 2908 et,

537 2954 586 3011 si
609 2951 1042 3025 perseveraveris
1069 2962 1237 3019 usque
1262 2947 1313 3000 in
1344 2944 1526 3009 linem,
1547 2942 1697 3002 salva
1726 2940 1853 2994 eris.
1884 2938 2076 2991 Amen.
2115 2954 2133 2987 ι

612 3047 667 3101 5.
707 3044 899 3099 Varias
944 3042 1042 3096 has
1084 3039 1342 3094 lectiones
1381 3034 1658 3098 Florezius
1711 3040 1843 3085 tom.
1886 3027 1957 3081 IX
1984 3027 2135 3096 Hisp.

539 3151 685 3194 sacr.
718 3175 736 3203 ,
765 3130 997 3204 append.
1032 3127 1094 3195 5,
1138 3126 1336 3196 adjecit
1362 3138 1394 3178 e
1421 3123 1631 3177 duobus
1663 3135 1792 3174 mss.
1818 3118 2140 3187 exemplari-

2239 1939 2355 1978 ram
2401 1923 2709 1991 sententiali
2740 1922 3005 1977 brevitate
3046 1922 3371 1979 subnotavit.
3404 1924 3483 1979 Ad
3511 1939 3832 1995 germanum

2238 2030 2394 2071 suum
2425 2014 2763 2082 Fulgentium
2792 2014 3105 2083 episCOpum
3136 2015 3492 2081 Astigitanum
3524 2015 3831 2073 ofﬁciorum

2237 2106 2406 2163 libros
2421 2105 2577 2171 duos,
2603 2106 2655 2160 in
2678 2105 2871 2173 quibus
2892 2106 3153 2175 originem
3176 2105 3497 2175 ofﬁciorum,
3520 2124 3615 2163 cur
3636 2125 3832 2164 unum-

2236 2200 2491 2272 quodque
2518 2200 2570 2254 in
2592 2197 2837 2255 Ecclesia
2864 2198 2957 2253 Dei
2985 2208 3193 2269 agatur,
3222 2200 3515 2270 interprete
3540 2217 3639 2257 suo
3666 2203 3829 2273 stylo,

2239 2308 2348 2349 non
2378 2292 2497 2347 sine
2526 2290 2790 2359 majorum
2812 2292 3137 2345 auctoritate
3166 2290 3365 2346 elicuit.
3396 2290 3832 2364 Synonymorum

2238 2386 2409 2441 libros
2433 2386 2591 2451 duos,
2632 2384 2824 2455 quibus
2850 2384 2917 2438 ad
2962 2385 3394 2440 consolationem
3440 2386 3653 2455 animm,
3683 2396 3739 2441 et
3765 2387 3833 2445 ad

2238 2494 2390 2549 spem
2438 2476 2795 2548 percipienda:
2829 2477 3015 2540 venire,
3067 2476 3437 2531 intercedente
3476 2479 3701 2532 rationis
3730 2493 3835 2533 ex-

2240 2570 2569 2633 hortatione,
2616 2568 2807 2622 erexit.
2860 2566 2933 2622 De
2964 2576 3154 2621 natura
3203 2582 3381 2621 rerqu
3428 2568 3493 2621 ad
3523 2568 3833 2625 Sisebutum

2240 2676 2422 2732 regem
2447 2664 2639 2717 librum
2681 2677 2867 2726 unum,
2898 2662 2951 2714 in
2970 2676 3077 2729 quo
3110 2670 3219 2713 tam
3247 2660 3316 2714 de
3345 2659 3834 2716 ecclesiasticarum

2242 2756 2546 2821 doctorum,
2576 2770 2735 2824 quam
2764 2755 2927 2809 etiam
2972 2752 3040 2808 de
3090 2751 3533 2823 philosophorum
3584 2753 3836 2821 indagine

2242 2845 2471 2901 obscura
2499 2844 2741 2914 quaedam
2772 2843 2837 2898 de
2867 2842 3146 2897 elementis
3190 2841 3438 2897 absolvit.
3489 2840 3566 2895 De
3595 2845 3836 2899 uulneris

2244 2936 2438 2991 librum
2471 2952 2655 3000 unum,
2685 2936 2734 2988 in
2765 2950 2874 3003 quo
2905 2934 3301 2988 arithmeticam
3333 2936 3553 3002 propter
3579 2948 3837 2989 numeros

2244 3026 2623 3083 ecclesiasticis
2666 3023 2958 3095 Scripturis
3002 3024 3234 3097 insertos
3272 3038 3339 3077 ex
3388 3031 3542 3092 parte
3573 3023 3751 3091 tetigit
3780 3025 3838 3094 9

2246 3119 2602 3188 disciplinam.
2652 3118 2727 3171 De
2772 3116 3077 3171 nominibus
3124 3114 3280 3183 Legis
3309 3123 3365 3169 et
3415 3113 3838 3184 Evangeliorum

538 3230 645 3287 bus
668 3224 929 3288 Gothicis,
980 3224 1151 3276 altero
1204 3216 1545 3273 bibliotheca}
1592 3212 1754 3281 regiae
1794 3210 2137 3273 Matritensis,
2169 3222 2215 3283 α
2246 3216 2439 3269 librum
2470 3230 2653 3278 unum,
2680 3212 2730 3265 in
2762 3227 2869 3281 quo
2896 3210 3129 3265 ostendit
3149 3210 3275 3282 quid
3306 3219 3620 3264 memoratu:
3649 3226 3839 3280 perso.

542 3324 718 3379 altero
767 3320 825 3375 S.
861 3316 1135 3375 Emiliani
1182 3310 1471 3375 Cucullati,
1506 3308 1618 3363 sive
1648 3306 1785 3360 dela
1812 3304 2047 3375 Cogolla,
2084 3312 2141 3357 ut

542 3416 772 3484 dicunt;
812 3422 869 3471 et
920 3427 988 3468 ex
1020 3407 1345 3466 editionibus
1392 3400 1729 3468 Sandovalii,
1788 3398 2028 3469 Tamayi,
2086 3405 2141 3451 et

540 3507 829 3567 Bolstenii.
876 3500 1231 3560 Sandovalius
1260 3508 1316 3553 et
1335 3495 1626 3565 Tamayus,
1672 3502 1719 3547 et
1750 3493 1997 3571 immenso
2030 3489 2141 3542 die-

542 3610 734 3656 torum.
761 3598 939 3664 Tam.,
968 3594 1238 3650 verborum
1260 3598 1507 3644 revertor.
1537 3585 1717 3651 Tam.,
1742 3583 1864 3638 inde
1884 3583 2137 3653 ejecisset.

541 3693 675 3750 Mss.
714 3687 932 3746 Gothici
968 3685 1202 3751 codices,
1247 3682 1366 3736 velit
1413 3678 1617 3734 reverti.
1652 3674 1816 3731 Sand.
1865 3681 1921 3728 et
1962 3672 2138 3736 Tam.,

545 3794 763 3857 experta
791 3780 948 3854 fugit.
1826 3855 1843 3857 A
1912 3852 1951 3857 ᾳ
1988 3756 1989 3759 ¹

617 3852 673 3929 ii.
707 3852 1015 3928 Holstenius
1033 3873 1088 3922 et
1108 3864 1226 3921 Nic.
1257 3861 1524 3918 Antonius
1546 3858 1599 3914 in
1621 3857 1798 3928 elogio
1819 3855 1875 3910 S.
1912 3852 2143 3921 Fulgen-

545 3969 628 4035 tii,
659 3983 808 4024 num.
852 3964 939 4027 η,
971 3960 1224 4017 Biblioth.
1280 3955 1402 4011 Vet.
1439 3953 1613 4024 Hisp.,
1668 3951 1751 4005 Ea
1798 3949 1920 4004 inde
1970 3957 2141 4003 (etate.

543 4060 672 4116 Mss.
702 4076 764 4114 ea
793 4057 913 4111 inde
936 4061 1065 4109 arte.
1100 4048 1290 4113 Sand.,
1320 4048 1365 4103 si
1403 4045 1711 4117 perdidisse.
1742 4041 1930 4105 Sand.,
1958 4038 2141 4103 Tam.,

544 4153 663 4206 vita:
690 4150 760 4202 ad
785 4146 1058 4201 edendum.
1090 4141 1256 4197 Sand.
1287 4147 1344 4195 et
1371 4137 1641 4208 Tamayus
1687 4136 1741 4188 in
1791 4133 1901 4203 ejus
1926 4145 2139 4201 pronus.

547 4240 739 4306 Sand.,
772 4238 950 4302 Tam.,
982 4232 1281 4307 parentibus
1315 4231 1552 4284 terrenis.
1658 4304 1659 4307 η

618 4332 674 4386 7.
706 4329 856 4384 Adde
885 4327 989 4394 his,
1019 4325 1064 4381 si
1091 4324 1290 4395 placet,
1324 4318 1609 4376 nonnullas
1637 4331 1785 4372 meas
1814 4311 2142 4370 observatio-

548 4437 666 4478 nes.
688 4417 997 4475 Holstenius
1019 4430 1169 4471 num.
1194 4413 1219 4466 1
1253 4412 1417 4467 habet
1435 4427 1526 4481 per
1548 4411 1748 4463 beatam
1771 4422 1986 4477 quoque.
2006 4402 2139 4457 Ibid.

548 4514 751 4583 IIolst.,
779 4520 829 4566 te
855 4509 1135 4576 abstraxit,
1179 4522 1277 4578 pro
1306 4520 1416 4576 quo
1443 4503 1725 4559 Florezius
1769 4500 1939 4556 edidit
1969 4509 2015 4551 te
2046 4496 2142 4551 ad-

2245 3326 2327 3364 nze
2379 3307 2756 3381 mysterialiter
2805 3302 3124 3372 signiﬁcent.
3182 3304 3257 3358 De
3312 3304 3605 3359 hzeresibus
3644 3302 3840 3358 librum

2245 3418 2430 3465 unum,
2464 3400 2514 3453 in
2564 3413 2671 3467 quo
2704 3396 2967 3465 majorum
3011 3405 3233 3451 secutus
3262 3394 3532 3464 exempla,
3574 3394 3841 3450 brevitate

2244 3510 2347 3564 qua
2378 3493 2551 3562 potuit
2588 3488 2775 3543 diffusa
2806 3488 3043 3557 collegit.
3075 3486 3476 3542 Sententiarum
3508 3486 3672 3541 libros
3702 3496 3838 3553 tres,

2246 3602 2383 3655 quos
2413 3584 2636 3639 ﬂoribus
2676 3598 2743 3636 ex
2789 3581 2938 3635 libris
2970 3595 3117 3649 papae
3145 3578 3389 3649 Gregorii
3422 3580 3717 3635 moralibus
3743 3580 3841 3634 de-

2246 3676 2471 3732 coravit.
2522 3673 2911 3729 Chronicorum
2943 3687 2973 3725 a
3021 3671 3283 3741 principio
3323 3671 3505 3725 mundi
3556 3687 3725 3739 usque
3768 3671 3839 3727 ad

2248 3779 2459 3838 tempus
2486 3782 2664 3831 suum,
2696 3766 2889 3822 librum
2918 3780 3103 3827 unum,
3144 3764 3308 3819 nimia
3339 3763 3606 3819 brevitate
3635 3764 3841 3819 collec-

2248 3871 2382 3917 tum.
2413 3858 2614 3916 Contra
2645 3857 2879 3923 Iud-mos,
2910 3857 3217 3928 postulante
3245 3856 3556 3912 Florentina
3580 3869 3838 3924 germana

2246 3972 2343 4013 sua
2384 3956 2661 4025 pr0posito
2702 3953 2925 4020 virgine,
2959 3951 3126 4005 libros
3152 3951 3308 4017 duos,
3337 3949 3387 4003 in
3417 3948 3612 4017 quibus
3654 3949 3838 4005 omnia

2247 4062 2367 4115 quae
2409 4046 2541 4099 lides
2585 4043 2849 4098 catholica
2891 4041 3083 4107 credit,
3116 4055 3180 4094 ex
3210 4039 3341 4107 legis
3370 4046 3424 4091 et
3454 4038 3838 4108 prophetarum

2249 4136 2571 4192 testimoniis
2623 4131 2962 4203 approbavit.
2993 4130 3071 4186 De
3109 4129 3250 4184 Viris
3296 4127 3598 4182 Illustribus
3641 4128 3838 4183 librum

2248 4244 2434 4291 unum,
2461 4227 2546 4281 cui
2577 4239 2674 4280 nos
2704 4225 2805 4278 ista
2846 4222 3239 4291 subjunximus.
3283 4221 3591 4276 Monastica:
3636 4221 3837 4290 regulae

2250 4322 2443 4377 librum
2472 4334 2655 4380 unum,
2697 4330 2860 4384 quem
2891 4330 2990 4383 pro
3023 4314 3207 4383 patriae
3238 4328 3354 4374 usu,
3398 4319 3452 4365 et
3481 4310 3836 4365 invalidorum

2250 4412 2442 4467 animis
2471 4408 2847 4465 decentissime
2892 4407 3229 4474 temperavit.
3282 4403 3358 4458 De
3386 4403 3592 4470 origine
3631 4401 3837 4457 Gotho-

2248 4524 2389 4571 rum,
2439 4514 2494 4561 et
2523 4518 2691 4572 regno
2746 4500 3086 4565 Suevorum,
3139 4507 3194 4553 et
3242 4498 3402 4552 etiam
3450 4494 3838 4549 Wandalorum

549 4609 730 4662 traxit.
760 4604 894 4659 Ibid.
926 4601 1098 4657 Holst.
1129 4598 1418 4671 sepulcrum
1435 4596 1671 4650 habeam.
1697 4593 1855 4647 Num.
1877 4591 1913 4643 ‘2.
1947 4592 2135 4655 llolst.,

2250 4598 2496 4663 historia,
2518 4596 2711 4650 librum
2735 4607 2921 4647 unum.
2946 4592 3311 4658 Quaestionum
3336 4589 3499 4641 libros
3525 4586 3680 4650 duos,
3701 4601 3838 4656 quos

548 4706 605 4751 ut
634 4697 710 4751 uel
730 4696 776 4750 si
798 4693 1003 4749 ibidem.
1034 4690 1167 4747 Ibid.
1196 4688 1550 4758 conjiciebam
1581 4687 1644 4739 de
1666 4703 1766 4756 qua
1794 4701 1997 4738 sursum
2024 4684 2069 4736 si
2090 4685 2146 4754 8

549 4788 695 4851 velis,
726 4795 829 4842 etc.
863 4784 995 4839 Ibid.
1018 4782 1214 4847 Holst.,
1245 4781 1302 4835 in
1330 4789 1583 4834 aratrum.
1617 4777 1776 4832 Num.
1803 4776 1837 4829 5
1868 4774 2145 4829 Florezius

550 4890 600 4934 te
626 4876 820 4934 sinibus
849 4875 1070 4932 concede
1091 4891 1111 4931 :
1134 4883 1189 4931 et
1206 4876 1323 4947 jam
1351 4875 1582 4945 profecto
1612 4886 1711 4941 pro
1734 4870 1847 4941 jam
1874 4876 2145 4937 provectis.

549 4971 741 5028 Melius
761 4970 888 5039 hoc,
918 4968 1004 5024 vel
1033 4967 1194 5023 simili
1223 4981 1386 5021 sensu
1399 4966 1513 5036 jam
1537 4964 1804 5032 profectaz.
1832 4958 1984 5013 Mitto
2011 4958 2147 5013 alios

549 5062 915 5136 grammatica:
943 5076 1176 5128 errores,
1200 5060 1291 5130 qui
1317 5059 1419 5114 etsi
1446 5057 1674 5113 fortasse
1704 5054 1757 5109 in
1786 5050 2015 5107 Leandri
2041 5067 2144 5105 sae-

551 5157 735 5213 culum
764 5154 986 5221 cadunt,
1034 5161 1218 5208 tamen
1264 5150 1501 5207 librariis
1530 5147 1721 5203 melius
1750 5144 2058 5199 tribuentur
2087 5151 2146 5198 ut

553 5252 678 5309 nido
704 5250 841 5325 quod
862 5264 961 5321 pro
982 5247 1104 5303 nido
1126 5263 1293 5319 quem,
1325 5254 1434 5300 etc.

667 5351 670 5354 ’
1201 5335 1434 5392 CAPUT
1471 5333 1559 5389 111.

560 5438 627 5495 S.
675 5435 975 5492 Breulionis
1041 5429 1497 5501 Cresaraugustani
1543 5425 1769 5499 episcopi
1824 5422 2144 5479 Praanotatio

1043 5525 1291 5579 librorum
1330 5520 1399 5576 ι).
1442 5519 1655 5575 Isidori.

627 5623 680 5677 1.
729 5639 749 5675 ι
784 5618 1020 5676 Isidorus
1078 5617 1157 5672 vir
1211 5613 1478 5684 egregius,
1529 5610 1861 5683 Hispalensis
1900 5608 2150 5666 Ecclesiae

558 5716 866 5788 episcopus,
899 5707 1129 5766 Leandri
1153 5706 1392 5778 episcopi
1432 5719 1716 5761 successor
1743 5711 1800 5759 et
1840 5716 2148 5772 germanus,

557 5807 741 5879 ﬂoruit
775 5820 807 5860 a
833 5814 1075 5876 tempore
1115 5797 1345 5857 Mauritii
1386 5795 1749 5873 imperatoris,
1778 5802 1833 5851 et
1861 5792 2155 5849 Reccaredi

2251 4695 2343 4764 qui
2372 4692 2501 4761 legit
2527 4698 2766 4743 veterum
2796 4694 3148 4741 tractatorum
3190 4681 3412 4737 multam
3444 4678 3838 4749 supellectilem

2251 4782 2609 4852 recognoscit.
2630 4778 3091 4851 Etymologiarum
3112 4772 3354 4829 codicem
3380 4770 3544 4824 nimia
3569 4770 3840 4837 magnitu-

2251 4879 2396 4943 dine,
2423 4875 2734 4931 distinctum
2765 4872 2833 4927 ab
2863 4886 2929 4926 eo
2946 4868 3137 4932 titulis,
3167 4880 3271 4920 non
3302 4863 3489 4919 libris:
3524 4878 3684 4932 quem
3718 4862 3842 4931 quia

2252 4982 2442 5042 rogatu
2473 4985 2594 5024 meo
2623 4966 2772 5034 fecit,
2797 4963 3042 5036 quamvis
3071 4958 3443 5030 imperfectum
3464 4956 3580 5026 ipse
3604 4955 3845 5023 relique-

2252 5068 2342 5135 rit,
2365 5081 2465 5135 ego
2489 5065 2540 5119 in
2575 5061 2760 5133 viginti
2784 5058 2951 5113 libros
2976 5053 3149 5110 divisi.
3182 5052 3337 5119 Quod
3361 5064 3497 5119 opus
3527 5044 3842 5102 omnimodo

2251 5157 2605 5232 philosophia:
2648 5149 2977 5211 conveniens
3004 5144 3246 5216 quisquis
3272 5141 3461 5198 crebra
3485 5136 3843 5193 meditatione

2251 5249 2563 5324 perlegerit,
2611 5263 2719 5303 non
2770 5243 2986 5312 ignotus
3031 5239 3329 5294 divinarum
3377 5235 3843 5298 humanarumque

2250 5322 2433 5398 rerum
2458 5338 2683 5395 scientia
2714 5332 2908 5389 me'rito
2930 5331 3054 5387 erit.
3084 5330 3157 5385 Ibi
3185 5325 3491 5383 redundans
3507 5322 3839 5377 diversarum

2250 5436 2447 5491 artium
2476 5429 2759 5499 elegantia,
2798 5425 2889 5479 ubi
2917 5434 3246 5493 quaecunque
3270 5416 3383 5470 fere
3399 5416 3522 5470 sciri
3552 5415 3841 5484 debentur,

2254 5528 2503 5585 restricta
2534 5522 2768 5591 collegit.
2800 5517 2938 5572 Sunt
2983 5528 3039 5571 et
3084 5513 3187 5566 alia
3221 5509 3337 5579 ejus
3374 5508 3475 5563 viri
3508 5510 3675 5563 multa
3704 5522 3841 5577 opu-

2254 5618 2423 5683 scula,
2457 5625 2513 5670 et
2549 5614 2602 5667 in
2631 5608 2870 5664 Ecclesia
2901 5606 2994 5661 Dei
3025 5602 3195 5657 multo
3224 5615 3345 5655 cum
3388 5607 3710 5656 ornamento
3750 5597 3839 5652 in-

2254 5712 2472 5780 scripta.
2503 5706 2672 5772 Quem
2701 5702 2843 5757 Deus
2870 5706 2993 5777 post
3021 5703 3102 5753 tot
3138 5692 3379 5750 defectus
3406 5691 3696 5762 Hispaniaz,
3738 5704 3839 5745 no-

2255 5800 2485 5859 vissimis
2512 5793 2847 5873 temporibus
2884 5790 3170 5866 suscitans,
3215 5786 3379 5843 credo
3397 5783 3464 5843 ad
3487 5780 3837 5845 restauranda
