4048 6364
241 219 304 276 t7
380 290 383 291 ί
1294 202 1695 260 IStoomANa.
1734 223 1805 238 --

1941 193 2015 249 BS
2051 193 2093 247 I.
2132 194 2282 249 CAP.
2324 193 2408 251 III.
2742 226 2747 231 -
3450 196 3510 249 ib

244 336 582 405 antiquorum
613 334 981 391 monumenta,
1012 337 1081 379 ne
1109 335 1496 391 usquequaque
1524 317 1823 373 rusticitate
1846 310 1901 369 Δ
1927 324 2069 368 anno
2085 313 2259 383 primo
2273 311 2519 367 Chintilae
2531 320 2823 378 mortuum,
2839 327 2960 369 nam
2984 314 3025 384 ι
3040 316 3081 384 1
3101 312 3388 368 Chintilam
3403 327 3511 367 co:-

246 435 724 485 veterasceremus,
753 416 906 487 quasi
935 412 1218 485 quamdam
1248 409 1501 481 apposuit
1535 408 1823 464 destinam.

244 517 340 573 Cui
369 530 477 570 non
504 510 769 567 immerito
811 505 939 561 illud
972 501 1398 573 philosophicum
1428 515 1459 554 a
1489 498 1644 554 nobis
1676 504 1828 566 apta-

248 620 368 666 tur:
398 606 533 670 Nos,
566 604 754 674 inquit,
782 602 835 654 in
861 608 1037 652 nostra
1066 595 1191 649 urbe
1223 594 1606 665 peregrinantes
1641 604 1827 643 erran-

246 715 416 775 tesque
447 697 685 769 tanquam
710 695 952 765 hospites,
985 691 1057 743 tui
1077 688 1193 743 libri
1214 687 1361 759 quasi
1384 686 1590 739 domum
1611 683 1829 739 reduxe-

248 804 368 849 runt
396 811 413 858 ;
436 802 490 845 ut
511 789 763 860 possimus
782 782 1081 853 aliquando,
1108 781 1191 849 qui
1220 788 1269 834 et
1288 778 1375 831 ubi
1397 794 1638 839 essemus,
1668 790 1830 845 agno-

246 902 404 943 scere.
438 884 510 936 Tu
542 890 741 936 cuiatem
772 878 979 946 patriae,
1020 884 1071 926 tu
1112 872 1479 941 descriptiones
1527 878 1826 937 temporum,

244 987 297 1031 tu
345 990 610 1030 sacrorum
634 973 778 1041 jura,
812 978 862 1021 tu
906 966 1254 1029 sacerdotum,
1287 970 1339 1014 tu
1370 960 1703 1013 domesticam
1731 972 1830 1026 pu—

243 1066 527 1137 blicamque
546 1061 901 1131 disciplinam,
933 1066 983 1108 tu
1015 1053 1233 1118 aedium,
1263 1051 1549 1121 regionum,
1580 1048 1829 1112 locomm,

246 1168 297 1212 tu
326 1164 552 1213 omnium
583 1154 873 1207 divinarum
918 1148 1357 1213 humanarumque
1398 1156 1567 1193 rerum
1600 1138 1829 1204 nomina,

246 1266 452 1321 genera,
515 1244 711 1315 ofﬁcia,
779 1255 962 1293 causas
1010 1235 1253 1302 aperuisti
1307 1232 1542 1298 (Cicero:
1583 1229 1829 1282 Academ.

224 1318 490 1405 θυαμ).
524 1336 639 1401 Quo
671 1348 803 1387 vero
834 1329 1051 1384 ﬂumine
1075 1324 1415 1394 eloquentiae,
1452 1331 1504 1375 et
1526 1330 1658 1389 quot
1684 1318 1834 1388 jacu-

243 1433 310 1488 lis
354 1430 656 1485 divinarum
695 1425 1093 1492 Scripturarum
1128 1434 1219 1473 seu
1261 1416 1477 1470 Patrum
1512 1412 1834 1467 testimoniis

243 1521 680 1592 Acephalitarum
722 1514 946 1589 hmresin
995 1508 1312 1571 confoderit,
1354 1502 1632 1575 synodalia
1678 1510 1832 1569 gesta

244 1591 428 1669 coram
460 1626 526 1667 eo
556 1607 754 1678 Hispali
788 1613 907 1661 acta
939 1602 1238 1658 declarant.
1268 1598 1325 1652 In
1355 1612 1459 1667 qua
1486 1602 1672 1650 contra
1702 1591 1837 1647 Gre-

1932 408 2074 478 pisse
2094 423 2200 463 :era
2211 407 2335 472 674,
2355 409 2407 463 id
2428 407 2715 465 estChristi
2733 406 2856 470 656.
2874 409 3215 478 cognoscitur
3240 423 3307 462 ex
3324 407 3512 462 conci-

1930 505 2003 560 lio
2017 505 2205 575 quinto
2226 504 2508 570 Toletano,
2525 518 2668 558 anno
2693 512 2873 557 autem
2898 501 3135 560 secundo
3161 500 3408 556 Chintilce
3429 500 3514 556 vi-

1928 595 2116 651 demus
2128 596 2364 650 habitum
2380 604 2589 650 sextum
2618 594 2904 651 concilium
2935 592 3276 655 Toletanum,
3306 592 3389 647 cui
3402 592 3515 659 jam

1930 700 2039 741 non
2069 685 2299 741 Isidorus
2336 685 2474 757 (erat
2495 686 2636 740 enim
2663 686 2772 739 vita
2802 682 3061 755 functus),
3083 682 3177 737 sed
3206 681 3516 738 Honoratus

1930 775 2116 831 Isidori
2128 791 2409 832 successor
2433 774 2693 830 interfuit.
2713 774 2903 843 Itaque
2918 788 3045 829 vere
3064 772 3264 828 dictum
3279 771 3347 825 ab
3369 769 3511 825 Iide-

1932 866 2085 921 fonso
2117 866 2512 935 cognoscimus,
2543 864 2788 922 ﬂoruisse
2814 864 3079 919 Isidorum
3122 878 3294 931 usque
3324 862 3390 917 ad
3431 861 3518 917 Si-

1932 959 2225 1015 sanandum
2248 974 2448 1029 regem,
2477 958 2620 1013 nulla
2647 958 2866 1013 omnino
2890 957 3028 1013 facta
3055 940 3330 1012 mentione
3351 955 3517 1010 Chin-

1934 1051 2061 1117 tilze,
2093 1050 2182 1118 qui
2221 1049 2579 1105 Sisenandnm
2607 1060 2824 1107 secutus
2852 1058 2935 1104 est
2960 1066 2972 1102 :
3002 1062 3197 1117 nempe
3225 1045 3369 1117 quod
3398 1046 3520 1116 ipso

1934 1145 2108 1214 primo
2148 1158 2290 1197 anno
2316 1141 2562 1195 Chintilac
2600 1140 2832 1196 Isidorus
2862 1140 3172 1195 decesserit.
3207 1136 3348 1193 Vere
3376 1150 3517 1205 quo-

1934 1250 2040 1305 que
2070 1234 2196 1288 illud
2226 1235 2293 1288 ab
2322 1234 2511 1289 eodem
2545 1233 2812 1288 Ildefonso
2842 1232 3069 1297 dictum,
3113 1230 3388 1300 praefuisse
3416 1227 3517 1282 Isi-

1934 1327 2122 1383 dorum
2153 1326 2393 1381 ecclesim
2434 1324 2733 1395 Hispalensi
2776 1322 2886 1378 fere
2942 1321 3296 1392 quadraginta
3325 1320 3517 1373 annis:

1937 1432 2129 1486 nempe
2156 1418 2299 1485 quod
2322 1416 2543 1470 omnino
2572 1416 2785 1484 triginta
2816 1425 3023 1481 septem
3046 1412 3169 1467 anni
3200 1411 3419 1476 fuerint,
3452 1410 3520 1465 ab

1937 1524 2079 1563 anno
2109 1506 2212 1561 600
2244 1521 2412 1576 usque
2441 1506 2506 1560 ad
2538 1505 2665 1573 636,
2697 1514 2757 1560 ut
2804 1505 2965 1575 paulo
2993 1512 3118 1558 ante
3164 1503 3217 1557 in
3250 1501 3517 1565 Leandro,

1937 1607 1995 1654 et
2024 1614 2163 1653 nunc
2194 1600 2246 1652 in
2273 1598 2481 1653 Isidoro
2507 1596 2936 1666 supputavimus.
2966 1582 2996 1647 ιΔ

243 1703 453 1772 gorium
478 1700 711 1771 praefata;
741 1694 958 1750 haeresis
986 1690 1277 1746 antistitem
1309 1702 1427 1742 eam
1476 1683 1704 1738 asseruit
1728 1697 1826 1737 ve-

2006 1693 2061 1748 5.
2095 1693 2149 1746 In
2180 1694 2438 1763 prmclara
2463 1692 2700 1747 editione
2720 1689 2940 1745 Patrum
2970 1689 3354 1745 Toletanorum
3379 1688 3523 1743 idem

242 1795 477 1851 ritatem.
533 1786 1034 1857 Obiittemporibus
1085 1780 1315 1837 Heraclii
1370 1775 1731 1845 imperatoris,
1772 1782 1828 1829 et

249 1891 352 1960 ιο
396 1882 834 1942 Christianissimi
865 1877 1156 1935 Chintilani
1204 1875 1364 1942 regis,
1407 1887 1538 1926 sana
1583 1867 1829 1924 doctrina

243 1979 583 2053 praestantior
602 1974 831 2038 cunctis,
854 1980 907 2027 et
928 1968 1198 2038 c0piosior
1220 1966 1472 2036 operibus
1492 1960 1790 2017 charitatis.
1805 1977 1823 2010 ι

314 2070 368 2124 2.
397 2069 519 2124 Ητρο
548 2067 867 2138 przenotatio
899 2064 1156 2118 librorum
1184 2059 1370 2115 Isidori
1403 2074 1432 2112 a
1460 2056 1668 2111 Joanne
1691 2055 1831 2124 Bap-

242 2164 371 2219 tista
419 2160 584 2215 Perez
614 2160 750 2215 libro
800 2157 982 2213 Isidori
1014 2156 1081 2209 de
1108 2154 1248 2209 Viris
1291 2151 1592 2207 lllustribus
1645 2148 1831 2203 addita

240 2254 363 2323 fuit,
393 2264 645 2321 tanquam
673 2258 833 2321 caput
860 2249 926 2302 47
957 2248 1073 2318 ejus
1098 2247 1239 2313 libri,
1267 2246 1425 2310 notis,
1452 2257 1585 2313 quas
1609 2240 1831 2311 subjun-

239 2359 333 2417 go,
364 2346 651 2401 illustrata.

240 2434 403 2493 Nota:
463 2436 685 2492 Joannis
754 2433 1004 2503 Baptista:
1069 2432 1234 2485 Perez
1291 2432 1347 2483 in
1406 2426 1831 2498 praenotationem

737 2523 980 2579 librorum
1014 2522 1051 2576 S
1063 2563 1076 2577 .
1108 2521 1323 2576 Isidori.

321 2655 342 2690 ι
378 2635 597 2692 Braulio
635 2634 922 2704 episcopus
943 2632 1471 2698 Caesaraugustanus,
1505 2630 1661 2697 cujus
1688 2628 1828 2683 llde-

239 2728 431 2785 Ionsus
469 2724 732 2789 meminit,
761 2731 949 2777 auctor
978 2731 1061 2776 est
1103 2721 1260 2788 hujus
1287 2721 1408 2772 vitae
1438 2719 1647 2780 Isidori,
1681 2727 1738 2771 ut
1766 2733 1836 2772 ex

239 2818 398 2875 libris
426 2818 652 2872 vetustis
679 2824 910 2881 constat,
934 2822 989 2870 et
1015 2829 1081 2869 ex
1125 2813 1207 2868 his
1236 2812 1480 2882 epistolis
1510 2809 1833 2875 Branlionis,

240 2929 368 2985 qum
396 2911 745 2983 Etymologiis
772 2908 958 2964 Isidori
1002 2907 1180 2961 solent
1211 2904 1465 2973 pra-poni.
1498 2903 1631 2957 Nam
1663 2910 1719 2957 et
1747 2901 1836 2957 hic

242 3014 498 3067 testatur,
529 3010 718 3069 rogatu
745 3014 843 3057 suo
870 2998 1326 3071 Etymologiarum
1352 2996 1542 3051 librum
1571 2995 1638 3050 ab
1667 2994 1837 3051 Isido-

242 3108 309 3151 ro
340 3092 719 3162 compositum.

323 3182 487 3249 Quasi
513 3184 787 3256 quamdam
815 3184 1055 3254 apposuit
1074 3182 1347 3246 destinam,
1378 3189 1485 3235 etc.
1511 3180 1586 3234 Ita
1614 3180 1834 3236 omnino

242 3281 301 3337 in
337 3288 548 3336 vetusto
568 3276 788 3346 Codice,
818 3292 979 3347 quem
1002 3278 1179 3334 locum
1204 3277 1294 3331 alii
1317 3293 1422 3332 non
1452 3276 1833 3347 intelligentes,

244 3388 315 3430 ex
359 3372 572 3441 ingenio
617 3380 1016 3441 reposuerunt:
1068 3368 1359 3434 Quamdam
1389 3369 1628 3440 apposuit
1673 3369 1836 3423 lucem

246 3465 532 3520 destinare.
565 3461 744 3519 Utitur
772 3478 835 3518 ea
881 3477 1017 3519 voce
1046 3461 1307 3532 Corippus
1336 3469 1498 3531 poeta
1542 3460 1669 3515 Afer
1698 3460 1837 3515 libro

248 3558 319 3613 de
350 3557 593 3611 laudibus
611 3554 804 3612 Justini
824 3555 1081 3625 iunioris,
1102 3570 1275 3626 nuper
1301 3554 1448 3610 edito
1470 3568 1501 3607 a
1523 3552 1838 3609 doctissimo

248 3643 459 3717 Ruyzio
484 3645 714 3715 Azagrio
741 3664 753 3699 :

442 3759 500 3808 Et
518 3758 729 3810 Thomas
754 3759 942 3822 Libyca:
967 3762 1181 3809 nutantis
1205 3758 1396 3808 destina
1422 3764 1587 3808 term.

253 3864 515 3923 Isidorum
547 3875 817 3922 mortuum
870 3866 951 3921 sib
978 3864 1211 3921 Chintila
1258 3863 1557 3919 Gothorum
1610 3874 1738 3930 rege
1766 3860 1844 3915 ait

254 3957 492 4012 Braulio.
526 3957 605 4013 Ex
633 3972 741 4027 quo
770 3956 1057 4012 multorum
1100 3955 1421 4011 nostratium
1452 3969 1664 4013 errores
1708 3971 1841 4012 con-

253 4049 546 4103 vincuntur
591 4048 655 4103 de
683 4063 825 4103 anno
854 4048 1043 4102 mortis
1068 4046 1254 4101 Isidori
1287 4047 1337 4100 in
1384 4061 1491 4115 quo
1523 4047 1716 4102 mirum
1760 4056 1844 4103 est

255 4154 418 4209 quam
470 4138 677 4192 varient
707 4138 846 4192 inter
892 4152 952 4192 se
982 4137 1200 4206 Hispani
1237 4136 1493 4191 historici.
1545 4135 1734 4207 Itaque
1788 4137 1842 4191 in

257 4233 485 4302 gratiam
509 4232 676 4288 nostri
705 4231 940 4287 auctoris
958 4229 1166 4294 Isidori,
1199 4245 1359 4300 quem
1390 4230 1440 4283 in
1480 4230 1667 4299 primis
1697 4231 1844 4286 illus-

262 4325 511 4379 trandum
549 4324 900 4393 suscepimus,
942 4323 1084 4377 diem
1127 4332 1180 4376 et
1209 4337 1429 4388 annum,
1461 4338 1568 4391 quo
1599 4330 1844 4378 mortuus

261 4416 442 4483 fuerit,
475 4413 809 4471 definiamus.
868 4414 986 4479 Aio,
1042 4412 1337 4468 certissime
1384 4424 1653 4468 mortuum
1701 4429 1844 4469 anno

1861 3083 1908 3148 C

1929 1787 2065 1843 liber
2091 1788 2275 1842 Isidori
2306 1788 2373 1842 de
2419 1785 2560 1840 Viris
2587 1785 2886 1840 lllustribus
2910 1783 3218 1852 praemissus
3257 1782 3355 1835 fuit
3379 1780 3523 1836 lide-

1933 1880 2072 1936 fonsi
2127 1880 2308 1934 libello
2360 1878 2600 1947 ejusdem
2651 1876 2836 1931 tituli:
2883 1875 2978 1929 sed
3033 1875 3085 1929 in
3135 1873 3526 1943 prsenolatione

1931 1971 2253 2029 Branlionis,
2272 1970 2383 2023 sive
2410 1968 2606 2022 Braulii
2624 1968 2878 2039 (utroque
2899 1967 3040 2021 enim
3064 1965 3223 2019 modo
3252 1964 3301 2017 id
3327 1978 3526 2018 nomen

1932 2060 2173 2129 effertur,
2206 2071 2263 2115 ut
2295 2059 2443 2120 Taio,
2481 2058 2660 2125 Taius,
2709 2066 2763 2111 et
2806 2057 3021 2127 similia)
3052 2056 3119 2110 de
3162 2054 3348 2109 Isidori
3377 2054 3527 2109 libris

1932 2153 2077 2209 nulla
2098 2151 2405 2222 scriptionis
2434 2151 2669 2204 varietas
2698 2157 2952 2203 annotata
2983 2155 3085 2202 est.
3108 2145 3235 2199 Eam
3263 2146 3391 2200 olim
3410 2146 3528 2200 edi-

1933 2246 2012 2300 dit
2032 2243 2417 2300 Constantinus
2441 2241 2730 2310 Cajetauus
2754 2241 2804 2294 in
2832 2255 2996 2310 opere
3026 2258 3039 2292 :
3067 2239 3172 2293 SS.
3209 2240 3361 2292 trium
3390 2238 3529 2307 epis-

1933 2353 2177 2409 coporum
2238 2335 2503 2406 religionis
2560 2333 2903 2387 Benedictinte
2974 2331 3221 2388 luminum
3249 2372 3263 2394 ,
3334 2326 3529 2384 Isidori

1934 2428 2288 2500 Hispalensis.
2344 2424 2599 2497 Ildefonsi
2642 2422 2895 2485 Toletani,
2959 2420 3195 2490 Gregorii
3242 2417 3529 2472 cardinalis

1938 2518 2192 2576 Ostiensis
2242 2518 2378 2573 Vita:
2406 2526 2457 2572 et
2486 2517 2735 2570 actiones.
2769 2513 2950 2569 Roma:
2982 2512 3140 2567 I606.
3185 2510 3314 2582 Ejus
3341 2510 3531 2564 obser‘

1937 2615 2182 2669 vationes
2211 2629 2318 2667 non
2348 2609 2776 2682 praetermittam.

1939 2727 2268 2783 Constantini
2324 2724 2523 2777 abbatis
2577 2721 2817 2791 Cajetani
2882 2720 2937 2773 in
2995 2718 3168 2772 Vitam
3226 2714 3448 2776 Isidori,
3476 2726 3531 2780 ,a

2070 2819 2131 2873 S.
2174 2816 2386 2870 Braulio
2410 2814 2678 2883 scriptam,
2706 2818 2843 2881 nota:
2872 2825 2932 2861 ac
2959 2808 3120 2861 uarice
3147 2806 3411 2860 lectiones.

2010 2932 2064 2987 4.
2103 2950 2122 2984 ‹
2155 2930 2281 2985 Haec
2327 2930 2393 2983 de
2421 2926 2477 2982 S.
2511 2925 2718 2980 Isidoro
2745 2939 2842 2995 per
2869 2921 2926 2976 S.
2960 2919 3230 2975 Braulium
3276 2917 3418 2973 facta
3447 2924 3532 2972 at-

1940 3025 2180 3092 testatio,
2212 3023 2348 3077 Vita:
2388 3019 2740 3088 inscriptione
2788 3015 3075 3083 insignitur
3104 3012 3158 3067 in
3209 3009 3316 3066 line
3353 3009 3534 3081 operis

1940 3118 2178 3187 ejusdem
2209 3115 2397 3172 Isidori
2431 3114 2498 3168 de
2529 3111 2669 3165 Viris
2696 3108 3029 3163 lllustribus:
3063 3112 3227 3175 atque
3266 3110 3323 3158 et
3364 3102 3535 3173 ipsam

1941 3213 2073 3269 Vitae
2104 3208 2259 3263 titulo
2287 3206 2679 3273 inscripserunt
2701 3199 3022 3255 Laurentius
3042 3196 3261 3257 Surius,.
3281 3192 3537 3248 Francis-

1939 3320 2032 3360 cus
2063 3302 2293 3366 Hareus,
2340 3295 2631 3351 Zacharias
2670 3291 2983 3362 Lippelous,
3026 3288 3223 3357 aliique
3249 3285 3359 3341 suis
3386 3283 3440 3339 in
3470 3283 3537 3339 Ii-

1939 3396 2051 3451 bris
2081 3394 2149 3450 de
2187 3400 2501 3447 sanctorum
2552 3385 2707 3439 Vitis.
2740 3382 2897 3453 Apud
2944 3379 3203 3449 quosdam
3235 3386 3413 3431 tamen
3460 3372 3535 3428 ita

1942 3486 2085 3554 legi:
2141 3480 2463 3538 Prwnotatio
2519 3475 2766 3531 librorum
2823 3471 2894 3526 Β.
2941 3469 3135 3525 Isidori
3165 3485 3198 3521 a
3256 3464 3536 3521 Braulions

1941 3579 2409 3649 Caesaraugustam
2437 3573 2675 3643 episcopo
2716 3566 2878 3622 edita.
2911 3562 3183 3618 Braulium
3225 3558 3382 3627 hujus
3411 3557 3536 3611 vita:

1940 3646 2279 3737 scriptorem,
2313 3661 2580 3726 doctrina,
2630 3664 2685 3712 et
2721 3653 3010 3711 sanctitate
3038 3647 3200 3704 fuisse
3248 3646 3535 3710 illustrem,

1942 3768 2208 3816 testantur
2237 3744 2427 3811 omnes
2477 3752 2570 3827 qui
2622 3750 2764 3807 illius
2806 3746 3144 3809 meminere;
3196 3740 3399 3795 addunt
3445 3738 3537 3795 alii

1943 3852 2147 3907 Isidoro
2184 3848 2430 3917 junctum
2461 3843 2741 3910 sanguine.
2772 3838 2933 3893 Certe
2961 3834 3253 3904 gloriosam
3278 3830 3394 3899 ejus
3424 3845 3538 3883 me-

1944 3941 2171 4003 moriam
2202 3935 2423 4003 singulis
2450 3934 2604 3988 annis
2642 3936 2828 3985 sancta
2876 3925 2971 3980 Dei
3004 3923 3243 3979 Ecclesia
3280 3919 3539 3975 solemni-

1947 4042 2028 4087 ter
2070 4036 2360 4084 veneratur
2408 4025 2474 4079 ad
2524 4020 2841 4092 vigesimum
2871 4024 3081 4072 sextum
3129 4012 3329 4069 mensis
3356 4009 3536 4066 Martii

1945 4126 2109 4181 diem.
2153 4123 2229 4177 De
2257 4120 2446 4177 eodem
2485 4118 2544 4174 S.
2588 4113 2884 4170 lldel‘onsus
2936 4126 3056 4181 cap.
3104 4106 3167 4163 11
3200 4107 3296 4163 lib.
3327 4106 3395 4161 de
3415 4101 3530 4158 Vir.

1947 4216 2168 4278 lllustr.,
2185 4222 2348 4281 atque
2370 4210 2551 4266 czeteri
2570 4221 2751 4263 rerum
2776 4202 3188 4273 Hispanicarum
3215 4197 3532 4268 scriptores.

1950 4308 2150 4364 Braulii
2183 4308 2404 4361 hortatu
2455 4302 2688 4357 Isidorus
2722 4294 3178 4369 Etymologiarum
3222 4292 3322 4362 12
3378 4287 3537 4343 volu-

1948 4416 2068 4455 men
2091 4415 2155 4455 ex
2189 4396 2452 4453 indefessa
2473 4394 2705 4450 lectione
2732 4385 3052 4457 conscripsit
3077 4402 3091 4438 :
3124 4397 3260 4453 opus
3284 4379 3534 4435 dill‘usum

260 4469 460 4563 Chrisii
489 4505 610 4561 656.
635 4504 870 4560 Primum
894 4469 1018 4573 quia
1045 4504 1371 4573 Redemptus
1392 4502 1508 4573 ejus
1529 4503 1841 4574 discipulus,
1873 4470 1926 4531 Β
1949 4500 2006 4547 ει
2029 4490 2265 4554 varium»
2318 4495 2480 4556 ωαοε
2516 4488 2590 4539 θα
2617 4488 2776 4537 (male
2804 4473 3226 4574 εοῖξιβετθηάυπξ
3255 4469 3536 4526 miraculo-

262 4601 352 4671 qui
382 4601 587 4656 obitum
634 4598 841 4666 Isidori,
891 4614 1050 4666 quem
1098 4613 1332 4668 praesens
1363 4597 1589 4665 viderat,
1644 4599 1850 4654 descri-

263 4698 416 4764 bens,
448 4698 542 4760 ait,
583 4704 854 4751 mortuum
900 4709 1007 4750 sera
1035 4692 1157 4758 664,
1205 4694 1271 4747 de
1299 4708 1407 4763 quo
1454 4709 1612 4748 nemo
1642 4694 1849 4749 dubitat

265 4789 391 4858 quin
424 4791 493 4842 sit
522 4803 694 4842 annus
722 4786 917 4843 Christi
948 4786 1073 4840 656.
1098 4784 1242 4839 Idem
1272 4798 1487 4853 quoque
1520 4784 1851 4853 Redemptus

265 4877 526 4935 Isidorum
585 4878 787 4933 inducit
836 4876 1091 4947 populum
1154 4874 1510 4941 alloqucntem
1560 4874 1850 4941 quatriduo

268 4978 393 5024 ante
422 4978 649 5023 mortem
692 4968 773 5022 his
802 4967 979 5021 verbis
1006 4983 1019 5021 :
1053 4965 1135 5019 Ita
1161 4964 1377 5036 (inquit)
1401 4966 1535 5018 sacri
1568 4967 1725 5035 fontis
1748 4982 1850 5019 un-

271 5061 358 5127 da,
379 5078 529 5132 quam
546 5060 697 5113 hodie
709 5059 916 5113 devotus
930 5058 1230 5127 estpopulus
1254 5046 1602 5125 percepiurus.
1624 5058 1689 5108 sit
1712 5055 1852 5109 vobis

271 5151 325 5206 in
349 5153 697 5207 remissionem
724 5160 1068 5220 peccatorum.
1103 5147 1234 5203 Cum
1265 5162 1396 5201 vero
1423 5155 1758 5215 compertum
1783 5146 1853 5200 sit

268 5240 343 5299 Cx
364 5245 614 5299 omnibus
639 5242 1052 5312 Martyrologiis,
1084 5240 1343 5294 Isidorum
1374 5246 1641 5291 mortuum
1683 5238 1853 5307 pridie

274 5334 450 5391 Nonas
482 5336 695 5406 Aprilis,
722 5336 765 5390 si
794 5333 1080 5387 Paschales
1109 5332 1290 5402 cyclos
1315 5330 1583 5394 consulas,
1613 5330 1851 5400 reperies

272 5428 449 5499 plane,
500 5429 602 5483 isto
632 5442 772 5481 anno
808 5424 911 5480 656
943 5424 1145 5478 Pascha
1178 5422 1340 5477 fuisse
1386 5420 1557 5491 pridie
1585 5419 1852 5475 Kalendas

278 5520 488 5594 Aprilis,
541 5530 597 5577 et
645 5522 715 5575 ita
746 5521 1067 5588 baptismum
1099 5518 1605 5573 catechumenorum
1656 5512 1856 5569 solem-

277 5627 395 5669 nem
424 5613 711 5684 quatriduo
740 5611 1072 5680 praecessisse
1100 5618 1326 5665 mortem
1350 5608 1556 5662 Isidori.
1589 5606 1853 5660 I’rzcterea

278 5706 325 5762 si
340 5716 579 5763 mortuus
600 5704 791 5762 estsub
808 5700 1054 5770 Chintila,
1088 5710 1146 5758 ut
1168 5700 1493 5768 aitllraulio,
1524 5712 1744 5754 necesse
1772 5703 1857 5750 est

2028 4604 2049 4637 s
2075 4581 2361 4645 Cancrum,
2392 4592 2525 4648 quas
2554 4590 2618 4629 ex
2652 4571 2770 4625 aliis
2799 4567 3108 4631 codicibus,
3133 4563 3221 4619 vel
3249 4577 3401 4628 mss.,
3445 4567 3538 4617 aut

1952 4678 2082 4734 edit.
2126 4674 2302 4728 varias
2350 4668 2611 4725 lectiones
2650 4660 2963 4730 collegimus
3012 4655 3537 4725 adnotavimusque,

1953 4770 2036 4824 hm
2060 4776 2202 4823 sunt.

2032 4880 2051 4912 ‹
2086 4860 2151 4913 In
2196 4874 2294 4929 quo
2330 4854 2573 4927 quiddam
2610 4851 2705 4905 sibi
2753 4848 3056 4920 antiquitas.
3085 4845 3142 4899 In
3174 4859 3283 4914 quo
3323 4841 3539 4912 quidem

1953 4951 2263 5019 antiquitas.
2298 4946 2567 5015 Imperito.
2603 4941 2855 5011 Imperio.
2887 4938 3303 5009 Opportunitate.
3335 4931 3538 5002 Impor-

1951 5045 2198 5100 tunitate.
2238 5034 2661 5093 Commemoravi.
2701 5027 3174 5087 Commemorabo.
3202 5023 3542 5078 Exhortatio-

1950 5155 2035 5192 ne.
2068 5132 2414 5189 Exoratione.
2446 5127 2746 5181 Elementis.
2780 5121 3080 5177 Electione.
3116 5117 3300 5182 Quem.
3342 5112 3536 5180 Quam.

1953 5229 2133 5285 Nimia
2170 5223 2545 5295 magnitudine.
2581 5219 2768 5275 Nimia:
2796 5209 3196 5283 magnitudinis.
3229 5204 3539 5291 Omnimodo

1953 5319 2291 5394 philosophia:
2330 5314 2655 5371 conveniens.
2688 5308 3026 5372 Omnimodaa
3052 5298 3408 5394 philosophizn
3426 5311 3538 5394 Ie-

1956 5386 2178 5487 pletum.
2236 5406 2357 5462 Non
2397 5409 2628 5476 ignotus.
2675 5413 2796 5471 Non
2839 5395 3128 5477 ignorabit.
3178 5386 3543 5487 Merito.AN0n

1957 5474 2169 5561 inerito.
2222 5499 2323 5553 lbi.
2378 5474 2496 5551 Ubi.
2559 5503 2705 5579 cum
2747 5474 3049 5576 ornamento
3073 5482 3340 5579 inscripta.
3384 5474 3546 5579 Quen.

1964 5599 2121 5653 Dens.
2155 5568 3058 5690 Cum‘oruamenm{gﬁumwtm
3082 5587 3197 5645 qua
3219 5570 3308 5626 hic
3328 5568 3517 5642 collegi
3532 5584 3553 5625 ι

1962 5691 2129 5758 Quem
2155 5685 2432 5742 Dominus.
