4048 6364
486 290 551 347 19
1224 281 1315 338 AD
1352 277 1580 336 OPERA
1614 277 1673 335 S.
1716 272 1961 332 ISIDORl
1998 269 2436 332 HISPALENSIS
2474 274 3004 334 PROLEGOMENA.

556 424 573 453 ι
612 400 773 467 Quasi
805 396 1082 470 quamdam
1126 395 1364 465 apposuit
1409 394 1681 447 destinam.
1729 387 1807 443 Ita
1835 386 2053 442 omnino
2081 384 2133 445 Α
2160 386 2331 455 ipsum
2376 386 2476 456 legi
2510 403 2524 441 :
2555 396 2605 441 tu
2635 388 2804 443 sedem
2834 390 3100 458 regionum
3132 403 3152 442 .'
3187 401 3309 458 qua
3346 386 3564 459 quidem
3587 404 3763 461 repo—

478 496 534 551 in
562 498 773 549 vetusto
799 489 1005 544 codice.
1038 486 1206 553 Quem
1252 486 1428 539 locum
1458 483 1544 536 alii
1581 497 1688 536 non
1716 476 2054 533 animadver-

478 590 672 647 tentes,
704 596 771 635 ex
800 579 1014 647 ingenio
1035 582 1392 646 reposuerunt
1422 592 1432 625 :
1468 571 1625 636 Quasi
1652 569 1927 641 quamdam
1957 582 2053 635 ap-

476 678 648 748 posuit
666 676 828 729 lucem
841 672 1111 726 destinari.
1141 670 1241 723 Alii
1262 684 1393 723 vero
1417 688 1429 721 :
1448 666 1608 731 Quasi
1623 665 1872 736 quasdam
1893 677 2057 731 oppo-

478 765 578 820 suit
603 766 889 820 destinans.
920 762 1033 832 Ego
1062 771 1237 817 autem
1267 762 1443 831 potius
1473 772 1749 813 censerem
1774 753 2057 821 legendum

478 871 599 911 esse
628 875 640 909 :
675 855 978 921 Quemdam,
1016 870 1122 909 non
1152 854 1452 923 quamdam,
1498 850 1734 921 apposuit
1764 847 2056 908 destinam;

477 950 521 1005 si
575 950 783 1004 destina
837 948 1135 1017 accipiatur
1164 961 1261 1018 pro
1314 946 1497 1009 misso,
1552 941 1636 994 vel
1677 938 1903 1005 angelo;
1936 949 2058 991 cum

481 1040 621 1096 Deus
650 1039 999 1096 informanda:
1030 1038 1314 1108 Hispania),
1358 1034 1658 1091 rusticitate
1688 1032 1943 1084 hactenus
1969 1040 2064 1081 ve-

481 1132 792 1195 terascenti,
839 1131 1098 1187 lsidorum
1148 1130 1407 1198 legaverit
1447 1133 1849 1197 prmccptorem.
1884 1120 2063 1175 Utitur

484 1238 615 1279 sane
641 1240 705 1280 ea
726 1238 863 1279 voce
891 1222 1156 1293 Corippus
1184 1230 1339 1292 poeta
1369 1219 1494 1273 Afer
1524 1216 1633 1289 (lib.
1677 1218 1739 1269 de
1764 1214 1930 1269 Laud.
1960 1211 2062 1266 Ju-

484 1317 607 1371 stin.
632 1313 818 1387 Jun.):

666 1428 725 1478 Et
750 1426 961 1477 Thomas
986 1427 1177 1488 Libyca:
1204 1424 1417 1471 nutantis
1441 1422 1630 1469 destina
1653 1428 1814 1468 terras.

552 1508 621 1565 Et
658 1517 856 1580 praeter
902 1523 1024 1563 eum
1076 1505 1342 1560 Arnobius
1391 1504 1538 1573 (Adv.
1576 1511 1769 1574 gentes,
1826 1499 1915 1553 lib.
1960 1498 2061 1568 n):

481 1597 607 1655 Non
654 1610 769 1671 post
822 1597 1041 1652 Theutin
1073 1595 1177 1667 [AL
1214 1591 1555 1663 Theutatemj,
1609 1591 1937 1662 .lﬁ‘gyptium,
1978 1597 2068 1642 aut

477 1694 596 1758 post
620 1685 883 1739 Atlantem
906 1684 982 1753 (ut
1008 1681 1215 1754 quidam
1244 1681 1434 1751 ferunt)
1460 1686 1786 1749 gestatorem,
1814 1674 2065 1745 bajulum,

2159 478 2332 532 nenda
2361 478 2610 533 videntur
2642 480 2693 533 in
2736 480 3023 535 Braulione
3060 500 3070 534 :
3104 495 3212 535 non
3259 480 3402 536 enim
3451 480 3557 537 alio
3587 484 3761 538 modo

2159 570 2326 640 probe
2359 572 2622 625 sententia
2654 572 2916 641 procedit.
2944 573 3035 628 Sic
3062 574 3225 627 etiam
3249 573 3530 642 legendum
3561 574 3759 628 huma-

2160 681 2442 735 narumque
2479 681 2649 718 rerum
2702 667 2935 731 nomina,
2966 675 3023 720 ut
3046 666 3207 721 habet
3235 665 3489 733 Grialius,
3516 682 3623 721 non
3660 685 3760 723 no-

2163 758 2376 819 minum,
2408 766 2463 811 ut
2485 758 2623 826 apud
2655 757 2971 825 Cajetanum
3002 766 3197 812 exstat.

2234 846 2286 899 7.
2332 847 2386 900 In
2437 847 2649 902 schedis
2680 847 3040 915 Zaccarianis,
3090 849 3153 902 ad
3210 848 3403 902 librum
3456 846 3647 902 lsidori
3687 849 3762 905 de

2167 936 2305 991 Viris
2337 938 2648 1001 illustribus,
2683 940 3075 1007 spectantibus,
3107 939 3448 993 collationem
3479 937 3763 993 Prtenota-

2169 1029 2327 1081 tionis
2376 1028 2573 1083 Braulii
2621 1046 2743 1083 cum
2792 1030 2962 1083 tribus
3014 1046 3140 1085 mss.
3174 1028 3463 1085 Codicibus
3515 1030 3759 1093 invenio,

2167 1133 2273 1172 uno
2331 1120 2535 1174 scilicet
2582 1118 2827 1175 Romano
2887 1120 3224 1175 bibliotheca:
3285 1120 3765 1178 Excellentissitnm

2166 1211 2358 1266 domus
2390 1211 2642 1277 Albanim,
2667 1215 2758 1283 qui
2790 1212 2917 1267 olim
2949 1212 3047 1266 fuit
3073 1212 3356 1267 cardinalis
3377 1213 3576 1277 Sirleti,
3600 1213 3767 1267 chur-

2170 1317 2322 1360 taceo
2354 1306 2518 1371 iii-4",
2568 1322 2799 1375 quocum
2833 1308 3179 1362 consentiunt
3204 1317 3312 1361 tres
3343 1305 3580 1361 Vaticani
3612 1321 3640 1359 a
3670 1321 3767 1360 me

2168 1398 2371 1463 collati,
2423 1398 2764 1467 Regio-Vat.,
2817 1397 2971 1467 Urb.,
3017 1408 3071 1453 et
3098 1397 3352 1454 Ottobon.
3398 1397 3550 1463 “20,
3586 1397 3765 1452 altero

2170 1486 2495 1542 Bononiensi
2546 1489 2883 1543 bibliotheca:
2926 1488 2983 1542 S.
3036 1488 3349 1554 Salvatoris,
3404 1496 3458 1541 ct
3488 1487 3665 1551 tertio,
3702 1493 3767 1540 ut

2171 1593 2387 1643 censeo,
2416 1582 2497 1633 vel
2524 1595 2586 1633 ex
2614 1581 2713 1634 hac
2740 1583 2852 1651 ipsa
2884 1581 3206 1635 bibliotheca
3233 1579 3290 1634 S.
3324 1578 3641 1643 Salratoris,
3672 1579 3765 1633 vel

2174 1687 2240 1725 ex
2268 1672 2586 1727 bibliotheca
2625 1672 2933 1728 Florentina
2966 1673 3021 1728 S.
3056 1673 3216 1727 Marci
3252 1690 3264 1725 :
3298 1672 3450 1727 deest
3480 1672 3621 1726 enim
3653 1670 3765 1725 hu-

482 1775 741 1831 tibicinem
763 1776 930 1841 illum,
970 1790 1031 1829 ac
1065 1774 1317 1827 destinam
1341 1772 1480 1827 caeli?
1508 1770 1627 1843 Ipse
1653 1769 1866 1827 demum
1890 1766 1947 1825 S.
1976 1766 2072 1822 lsi»
2100 1769 2150 1832 Β
2171 1763 2259 1833 jus
2289 1764 2586 1817 collationis
2620 1765 2823 1819 titulus.
2856 1764 3043 1822 Varias
3090 1765 3280 1820 borum
3312 1762 3472 1817 trium
3516 1777 3645 1817 mss.
3678 1761 3767 1816 le-

482 1866 651 1924 dorus
682 1867 939 1941 (Breviar.
976 1868 1166 1940 Tolet.)

765 1959 912 2009 Urbis
931 1960 1181 2010 Romuleae
1200 1962 1294 2021 jam
1319 1966 1431 2023 toga
1450 1959 1644 2009 candida

764 2023 969 2085 Septem
995 2025 1267 2083 pontiﬁcum
1292 2025 1478 2071 destina
1502 2024 1745 2085 promicat,

767 2083 938 2147 IliiSsos
957 2085 1245 2147 Hesperiam
1270 2099 1388 2147 quos
1410 2085 1469 2131 ab
1493 2083 1720 2146 apostolis

767 2145 993 2209 Assignat
1016 2146 1125 2195 fidei
1152 2145 1309 2208 prisca
1333 2147 1521 2193 relatio.

470 2221 626 2282 .Vide
650 2225 913 2283 Joannem
955 2228 1244 2284 Meursium
1285 2229 1337 2282 in
1367 2227 1568 2283 Critico
1598 2225 1931 2289 Arnobiano,
1977 2222 2068 2277 lib.

2174 1857 2384 1912 ctioncs
2416 1856 2682 1909 indicabo.

2171 1947 2282 2022 ιι
2307 1948 2479 2003 Codex
2508 1948 2779 2016 Albanius,
2812 1947 3182 2003 Ottobonianus
3208 1946 3373 2010 1720,
3414 1944 3767 2018 Regio-Vati-

2244 2055 2403 2091 canus
2456 2037 2579 2104 349,
2612 2050 2659 2092 et
2693 2038 2916 2093 Urbinas
2962 2038 3085 2103 582,
3117 2057 3185 2093 ex
3210 2039 3405 2103 eodem,
3457 2046 3514 2089 ut
3541 2035 3765 2102 videtur,

2246 2132 2479 2200 exemplo
2514 2131 2775 2202 descripti.
2812 2130 2891 2185 De
2920 2130 3124 2186 Isidoro
3151 2133 3408 2201 episcopo.

2245 2222 2299 2276 8.
2349 2220 2415 2276 In
2463 2240 2559 2293 quo
2609 2225 3076 2295 quidquam-immo
3122 2242 3237 2278 vero
3287 2225 3571 2293 tempus-in
3622 2222 3768 2277 omni

486 2330 546 2384 lt,
578 2317 752 2387 capite
774 2318 861 2372 15.
889 2318 984 2373 Cui
1023 2336 1127 2375 non
1148 2320 1401 2373 immerito
1424 2319 1552 2372 illud
1594 2316 2013 2386 Philosophicum
2040 2329 2073 2366 α
2176 2330 2361 2386 genere
2376 2315 2651 2370 locutionis
2678 2328 2726 2369 et
2741 2318 2932 2387 peritus
2959 2318 3232 2386 doctusque
3246 2318 3491 2387 qualitate
3514 2314 3767 2369 sermonis

487 2412 636 2467 nobis
683 2422 929 2483 aptatur:
963 2413 1097 2480 Nos,
1148 2416 1335 2485 inquit,
1368 2422 1471 2468 etc.
1504 2411 1781 2467 Sententia
1836 2409 1948 2463 haac
1990 2413 2077 2461 est
2174 2410 2477 2463 existeretet
2498 2419 2730 2480 apertus.
2755 2409 2874 2463 Alb.
2899 2409 3170 2463 locutionis
3189 2410 3460 2479 formatus,
3480 2418 3528 2461 et
3550 2407 3762 2479 peritus,

484 2500 762 2560 Ciceronis
798 2505 864 2560 de
895 2505 963 2559 Μ.
988 2505 1251 2570 Varrone,
1285 2505 1381 2561 lib.
1433 2521 1449 2559 ι
1500 2504 1664 2560 Acad.
1709 2502 1913 2571 Quzest.
1962 2514 2070 2555 non
2176 2499 2818 2569 etc-incomparabiliter
2846 2501 3202 2572 eloquentia.—
3227 2502 3450 2571 prudens
3480 2499 3765 2571 intelligere

485 2591 653 2663 longe
679 2610 711 2649 a
738 2596 1023 2665 principio.

565 2702 585 2737 α
623 2684 699 2739 Tu
727 2696 932 2742 tetatem
958 2690 1163 2757 patriar,
1187 2696 1292 2744 etc.
1321 2687 1449 2744 Haec
1477 2702 1691 2758 quoque
1720 2700 1789 2741 ex
1814 2685 2077 2741 Cicerone

485 2775 550 2835 S.
581 2776 909 2847 Augustinus
930 2781 1115 2835 retulit
1142 2781 1194 2835 in
1225 2781 1315 2835 lib.
1351 2797 1388 2837 ιι
1411 2780 1478 2836 de
1503 2779 1663 2835 Civit.
1699 2778 1812 2833 Dei.

566 2886 587 2921 ι
622 2867 991 2943 Publiumque
1035 2873 1382 2944 disciplinam,
1426 2881 1481 2926 tu
1517 2873 1733 2936 sedium,
1785 2871 2072 2942 regionum.

487 2955 599 3015 Sed
639 2960 781 3030 apud
825 2962 1145 3017 Ciceronem
1177 2963 1434 3033 legimus:
1470 2963 1547 3017 Tu
1576 2963 1812 3017 bellicam
1840 2959 2075 3029 discipli-

487 3067 631 3118 nam,
663 3060 716 3105 tu
745 3052 915 3108 sedem
943 3056 1231 3126 regionum.
1262 3053 1554 3125 Capiosior.
1602 3053 1868 3122 Copiosis.
1901 3071 1922 3105 ι

2176 2593 2441 2666 potest-ad
2470 2604 2701 2649 nostram
2730 2595 2987 2649 notitiam.

2249 2685 2302 2742 9.
2344 2685 2530 2741 Edidit
2576 2691 2713 2742 enim
2758 2688 3131 2742 libros-sancta!
3160 2687 3445 2757 Scriptum
3482 2686 3765 2741 continent-

2179 2779 2423 2847 Patrum,
2454 2781 2511 2833 in
2537 2795 2637 2854 quo
2663 2782 3257 2852 gesta-dignitatemque,
3305 2788 3353 2833 et
3382 2779 3767 2847 mortem-epis-

2180 2888 2364 2943 copum
2404 2873 2911 2945 officiorum-agatur
2941 2874 2994 2924 in
3040 2881 3265 2941 tempore
3292 2887 3385 2925 suo
3415 2887 3518 2925 non
3566 2870 3767 2925 sine-in

2180 2965 2363 3035 quibus
2396 2968 2465 3018 ad
2491 2966 2893 3021 consolationem
2913 2966 3092 3017 animi.

2256 3055 2342 3110 10.
2391 3055 2559 3121 Quam
2606 3058 2670 3110 de
2714 3054 3398 3126 philosophorum-quaedam
3449 3054 3515 3107 de
3572 3054 3769 3110 electis-

564 3144 665 3215 13
718 3142 771 3199 5o
827 3142 980 3210 QUOd
1021 3145 1310 3215 Cajeunus
1338 3149 1435 3212 ait,
1481 3161 1547 3200 ex
1588 3144 1947 3216 quorumdam
1975 3143 2080 3199 ﬁde
2106 3135 2155 3200 Ο
2185 3152 2405 3205 insertos
2431 3160 2477 3205 et
2506 3167 2569 3204 ea:
2599 3150 3045 3221 parte-Florentia
3066 3148 3524 3220 germana-credit,
3551 3159 3602 3202 et
3625 3149 3769 3217 legit,

490 3230 832 3306 Braulionem
883 3234 1085 3292 Isidoro
1132 3238 1391 3306 sanguine
1431 3236 1679 3305 junctum
1727 3235 1912 3302 luisse,
1950 3235 2082 3293 nulli

490 3327 660 3381 veteri
710 3327 952 3382 innititur
991 3327 1362 3384 fundamento.
1414 3328 1634 3385 Frustra
1663 3329 1828 3385 etiam
1873 3328 2084 3385 laborat

490 3414 630 3472 idem
670 3415 961 3486 Cajetanus
987 3427 1048 3473 ut
1073 3420 1331 3474 destinam
1353 3421 1629 3477 masculini
1654 3423 1867 3493 generis
1896 3422 2081 3478 faciat.

491 3502 624 3563 Eam
646 3524 837 3564 vocem
865 3510 918 3564 in
946 3525 1108 3565 sensu
1130 3512 1349 3581 proprio
1370 3528 1470 3583 pro
1487 3512 1721 3579 vinculo,
1751 3529 1847 3569 seu
1865 3522 2081 3582 catena,

492 3614 596 3671 qua
627 3599 824 3670 aliquid
850 3601 1147 3671 colligatur,
1177 3610 1233 3657 et
1259 3604 1587 3673 continetur,
1618 3621 1646 3660 a
1681 3605 1921 3661 Vitruvio
1948 3621 2085 3676 quo-

490 3705 599 3761 que
618 3692 656 3746 l.
686 3707 737 3757 ν,
766 3707 884 3764 cap.
909 3693 1005 3749 ult.
1032 3703 1342 3766 usurpatam
1363 3696 1551 3764 fuisse,
1573 3698 1727 3753 multi
1747 3698 2039 3769 opinantur
2067 3717 2083 3755 :

494 3798 656 3853 quem
702 3791 881 3840 tamen
934 3784 1110 3841 locum
1164 3789 1256 3842 alii
1300 3789 1456 3845 aliter
1483 3790 1684 3859 legunt.
1730 3791 1929 3847 Confer
1966 3799 2082 3847 not.

493 3873 701 3930 Loaisre
748 3874 815 3931 ad
842 3875 935 3932 lib.
968 3891 1027 3933 ιι.
1072 3876 1318 3936 Seutent.
1363 3879 1421 3937 S.
1463 3880 1648 3937 lsidori
1690 3896 1813 3952 cap.
1842 3881 1930 3938 40.
1963 3883 2082 3939 Nic.

493 3968 760 4027 Antonius
788 3971 827 4028 ι.
858 3987 911 4039 v,
942 3989 991 4030 c.
1024 3974 1081 4043 5,
1105 3991 1160 4031 ιι.
1194 3975 1283 4044 85,
1333 3986 1486 4048 putat
1514 3978 1857 4035 Braulionem
1907 3981 1959 4035 id
1990 3996 2087 4035 ex-

492 4063 752 4133 pressisse
786 4078 855 4119 ex
884 4062 1150 4133 Fulgentii
1176 4068 1334 4134 epist.
1365 4085 1403 4135 ι,
1432 4084 1549 4139 cap.
1598 4085 1668 4136 ll;
1706 4070 2089 4141 interpretatur

496 4159 700 4218 autem,
743 4153 999 4209 destinam
1051 4170 1170 4210 esse
1194 4154 1589 4227 fulcimentum,
1623 4168 1716 4215 aut
1744 4162 2091 4218 substructio-

500 4258 646 4312 nem,
674 4260 783 4299 non
812 4245 1104 4312 vinculum,
1134 4249 1281 4316 quod
1306 4250 1550 4306 voluerat
1568 4251 1875 4321 Philander,
1907 4263 1962 4310 et
1989 4256 2088 4310 im-

497 4333 748 4405 probavit
773 4332 1025 4390 Barthius
1062 4334 1289 4393 Advers.
1320 4339 1357 4394 Ι.
1388 4356 1479 4407 xv,
1509 4358 1559 4397 c.
1590 4342 1676 4398 15.
1710 4342 1870 4399 Plura
1899 4346 1965 4402 de
1987 4346 2090 4406 hac

498 4438 633 4480 voce
681 4423 1066 4481 Dictionarium
1125 4426 1382 4499 Ducangii
1445 4446 1476 4487 a
1542 4432 1798 4489 Maurinis
1849 4446 2085 4494 auctum.

2187 3253 2239 3300 et
2280 3244 2775 3315 praphetarum-eui
2830 3258 2927 3297 nos
2974 3243 3078 3295 ista
3123 3241 3474 3313 subjungimus
3500 3242 3772 3294 -codicem

2187 3339 2363 3392 nimico
2408 3335 2939 3407 magnitudiniszy‘ecit,
2970 3348 3063 3405 ego
3110 3335 3165 3387 in
3210 3333 3389 3403 viginti
3428 3332 3574 3386 libris
3602 3331 3775 3385 diuisi.

2190 3424 2342 3491 Quod
2406 3443 2583 3481 omnes
2648 3425 3097 3481 omnimodo-non
3140 3422 3401 3496 ignorabit
3459 3422 3774 3487 diuinarum,

2189 3518 2634 3590 humanarumque
2684 3532 2853 3572 rerum
2900 3516 3171 3572 scientiam
3200 3556 3216 3584 ,
3273 3516 3455 3570 merito
3519 3516 3777 3585 erit-[em

2188 3608 2345 3665 scribi
2382 3611 2607 3665 debetur.

2261 3703 2349 3758 11.
2376 3704 2511 3759 Sunt
2538 3712 2707 3758 autem
2744 3704 2895 3775 hujus
2921 3702 3016 3758 viri
3041 3701 3286 3772 opuscula
3310 3698 3473 3754 multa
3489 3700 3545 3753 in
3564 3698 3778 3752 ecclesia

2189 3810 2305 3849 cum
2354 3806 2656 3851 ornamento
2705 3796 3248 3866 instrumenta-quasi
3296 3793 3572 3867 quamdam
3618 3792 3777 3845 lucem

2190 3892 2429 3961 apposuit
2449 3890 2768 3943 destinari-a
2796 3887 2941 3943 nobis
2966 3885 3504 3960 appropriatur-quasi
3523 3884 3777 3954 hospites-

2192 3988 2435 4048 tanquam
2466 3979 2780 4034 domum-ibi
2804 3994 3055 4034 essemus.

2266 4070 2350 4123 12.
2387 4070 2462 4123 Tu
2491 4080 2660 4124 autem
2688 4072 2875 4142 patria:
2911 4072 2965 4125 in
3015 4068 3357 4139 descriptione
3386 4074 3692 4133 temporum,
3723 4062 3775 4115 in

2189 4181 2458 4219 sacrorum
2502 4168 2656 4219 vitam
2697 4165 3022 4220 sacerdotum
3051 4195 3074 4205 -
3101 4162 3356 4233 publicam
3402 4159 3775 4229 disciplinam-

2196 4255 2402 4322 Quanto
2436 4275 2551 4312 vero
2579 4259 3057 4327 ﬂumine-hwresim
3094 4252 3625 4327 confuderit—speciali
3661 4256 3775 4304 actu

2195 4350 2481 4404 declarant.
2508 4348 2822 4414 Quam—eam
2852 4358 3103 4403 asserunt.

2704 4440 2876 4495 Codex
2912 4439 3273 4494 Bononiensis.

499 4513 841 4573 Braulionem
880 4516 1120 4575 imitatus
1148 4519 1357 4576 videtur
1379 4521 1607 4579 Alvarus
1636 4525 1997 4585 Cordubensis
2034 4531 2089 4587 in
2121 4525 2176 4587 D
2274 4534 2362 4590 15.
2399 4536 2467 4591 Ut
2494 4534 2678 4606 pefito,
2711 4535 2955 4604 doctoque
2983 4535 3229 4605 qualitate
3262 4530 3513 4585 sermonis
3541 4526 3778 4579 existeret

402 4610 405 4611 '
500 4606 728 4676 epistola
755 4608 951 4665 Abbati
976 4608 1308 4684 Speraindeo
1338 4612 1562 4682 directa,
1604 4623 1741 4674 tom.
1770 4616 1811 4671 ll
1862 4618 2085 4677 Patrum

501 4696 771 4768 Toletan.,
829 4716 952 4772 pag.
1010 4702 1111 4759 657
1146 4722 1161 4759 :
1193 4704 1487 4778 Prmscius,
1525 4717 1575 4763 et
1598 4711 1915 4779 omnipotens
1944 4714 2087 4771 Deus

505 4790 632 4856 lucc,
662 4791 720 4845 in
762 4808 874 4866 qua:
893 4793 1204 4863 devenimus,
1236 4807 1468 4872 tempora
1494 4813 1543 4859 et
1561 4808 1780 4860 esuriem
1811 4807 1944 4861 verbi
1964 4807 2084 4873 Dei,

501 4897 659 4954 quam
702 4885 950 4955 patimur,
991 4887 1220 4944 validam
1253 4906 1344 4946 uos
1370 4894 1517 4950 nobis
1546 4899 1783 4967 opposuit
1809 4900 2083 4955 destinam.

502 4972 762 5045 Legemm
791 4976 1082 5037 Prazsciens
1108 4983 1431 5056 omnipotens
1458 4986 1601 5045 Deus
1626 4990 1751 5060 Itwc,
1782 4994 1839 5047 in
1858 5009 1971 5063 qua:
1996 4993 2089 5048 de-

502 5068 750 5138 uenimus,
777 5078 1028 5142 tempore.

573 5160 628 5216 6.
658 5159 871 5220 Laudat
899 5179 1115 5239 quoque
1164 5166 1456 5241 Cajetanus
1500 5173 1782 5244 lsidorum,
1834 5186 2089 5252 tanquam

503 5264 782 5313 auctorem
824 5258 1007 5327 hymni
1037 5278 1051 5315 :
1084 5259 1241 5318 Urbis
1270 5263 1537 5322 Romulea:
1564 5284 1584 5321 :
1612 5284 1721 5324 non
1770 5271 1893 5338 alia,
1925 5281 1987 5327 ut
2012 5274 2093 5329 vi-

507 5349 662 5405 detur
689 5349 921 5416 ratione,
949 5352 1052 5408 nisi
1079 5355 1205 5425 quia
1228 5356 1281 5410 in
1320 5358 1589 5415 breviario
1615 5359 1910 5419 lsidoriano
1930 5382 2090 5437 repe—

506 5439 642 5495 ritur
682 5457 697 5494 :
741 5455 904 5511 quam
950 5457 1144 5499 vanam
1191 5460 1312 5502 esse
1356 5449 1642 5507 observavi
1693 5452 1746 5506 in
1790 5453 2090 5527 Hymnodia

508 5527 795 5600 Hispanica
822 5534 893 5590 ad
910 5534 1051 5591 diem
1098 5534 1168 5591 15
1191 5540 1336 5605 maii,
1368 5541 1457 5597 ubi
1485 5542 1552 5598 de
1582 5544 1843 5613 ejusmodi
1889 5548 2092 5620 hymno

509 5621 563 5676 in
589 5622 799 5681 laudem
827 5636 1031 5699 septem
1059 5630 1477 5710 apostqlicorum
1508 5634 1755 5691 disserui.
1802 5636 1971 5696 Recte
1991 5642 2092 5696 ob-

509 5722 691 5769 servat
706 5714 1015 5794 Cajetanus,
1054 5722 1109 5780 in
1140 5723 1414 5782 Ciceronis
1442 5726 1619 5786 verbis
1645 5728 1785 5801 apud
1814 5741 2091 5791 auctorem

2193 4638 2663 4699 apertus-nostram
2685 4625 3159 4680 devenerunt-breui
3182 4623 3272 4676 sub
3296 4620 3778 4685 notatione-agatur

2192 4722 2248 4775 in
2276 4730 2497 4789 tempore
2520 4718 2659 4770 stilo.

2270 4813 2358 4865 14.
2391 4812 2565 4865 Etiam
2612 4810 3030 4880 philosophorum
3069 4804 3449 4874 indagine-non
3494 4796 3781 4870 ignorabit-

2196 4908 2483 4960 scientiam.
2563 4903 2752 4958 Merito
2803 4904 2873 4957 ibi
2919 4896 3361 4957 redundans.-in
3412 4893 3782 4960 descriptiones

2201 5008 2508 5066 temporum,
2552 4997 2602 5048 in
2651 5009 2917 5050 sacrorum
2955 4992 3112 5046 vitam
3150 4987 3677 5044 sacerdotum-coram
3721 4997 3783 5035 eo

2198 5086 2459 5156 spirituali
2486 5095 2621 5139 actu.

2518 5175 2693 5232 Codex
2713 5177 2844 5230 alter
2867 5178 3087 5247 fortasse
3113 5170 3476 5227 Bononiensis.

2272 5269 2359 5325 15.
2390 5269 2454 5324 1η
2476 5287 2572 5341 quo
2611 5269 2943 5342 quidquid-ut
2968 5269 3183 5337 peritus,
3226 5263 3502 5328 doctusque
3539 5254 3785 5328 qualitate

2200 5362 2454 5419 sermonis
2478 5362 2717 5415 existeret
2740 5369 2788 5414 et
2817 5356 3265 5425 apertus-Quanto
3294 5368 3412 5405 vero
3444 5350 3655 5421 flumine

2274 5454 2362 5508 16.
2411 5453 2575 5507 Multa
2612 5461 2755 5515 sunt,
2787 5452 2979 5520 quibus
3028 5450 3078 5503 hi
3110 5464 3236 5502 mss.
3290 5442 3516 5498 Codices
3564 5443 3701 5496 inter
3726 5451 3785 5493 se

2201 5546 2550 5609 conveniunt,
2590 5546 2689 5615 15
2720 5551 2773 5597 et
2793 5543 2859 5596 ab
2888 5542 3123 5595 editione
3160 5534 3345 5591 Grialii
3373 5531 3643 5589 differunt.
3674 5528 3785 5584 No—

2202 5638 2425 5693 tandum
2472 5635 2761 5706 praecipue,
2811 5632 2954 5701 quod
3010 5632 3263 5686 omittunt
3292 5628 3633 5698 Astigttanum
3666 5626 3788 5691 post

2209 5732 2541 5804 Fulgentium
2593 5729 2887 5801 episcopum
2938 5742 2957 5783 .'
3013 5741 3139 5782 nam
3211 5722 3489 5783 Florezius
3546 5729 3681 5779 tom.
3741 5709 3786 5776 Ἴ
