4048 6364
182 191 246 247 2!
1222 180 1630 240 lSlDORlANA.
1672 211 1738 220 —
1781 178 1952 237 PARS
1990 176 2037 239 Ι.
2071 179 2224 238 CAP.
2268 183 2353 239 IV.
3390 184 3471 247 ιι

183 308 334 379 Hisp.
358 321 533 372 seen,
553 303 767 362 dissert.
808 303 863 373 4,
884 310 1041 373 urget
1062 301 1349 358 lectionem
1369 300 1620 356 editionis
1649 298 1763 353 Ma-
1794 299 1848 362 Α

184 402 421 458 tritensis
466 384 799 471 Fulgentium
846 399 1139 470 episcopum
1188 390 1535 468 Astigitanum
1581 400 1771 449 contra

182 493 512 551 cardinalem
544 482 785 561 Belluga,
816 489 906 561 qui
936 476 1189 544 Codicum
1211 497 1516 543 nostrorum
1536 486 1771 556 scriptu-

185 601 299 639 ram
328 592 498 650 tenet,
524 592 583 638 ut
606 581 855 637 defendat
886 580 1221 649 Fulgentium
1267 588 1389 651 post
1418 577 1770 647 Astigitanam

185 677 369 733 sedem
402 677 608 731 rexisse
656 676 815 729 etiam
862 670 1359 741 Carthaginiensem
1413 671 1463 725 in
1492 670 1773 741 Hispania.

186 769 462 839 Scriptura
482 784 610 823 vero
632 765 839 834 Grialii,
862 782 1020 835 quam
1044 765 1283 835 plerique
1314 772 1542 828 mutant,
1569 761 1775 817 scilicet

189 879 289 917 non
310 862 512 934 ignotus
540 860 827 915 divinarum
858 860 1299 929 humanarumque
1336 873 1505 911 rerum
1535 854 1772 921 scientia,

189 954 391 1008 cteteris
447 950 778 1021 przclereuda
834 959 958 1007 est:
1004 966 1126 1004 nam
1156 951 1361 1020 ignotus
1416 964 1512 1017 pro
1558 947 1773 1017 ignarus

188 1058 218 1097 a
245 1040 526 1097 Braulione
553 1043 774 1112 aliisque
804 1042 921 1110 ejus
941 1042 1234 1112 :rqualibus
1260 1048 1567 1109 usurpatur,
1602 1047 1659 1091 ut
1684 1054 1773 1091 co—

188 1134 357 1203 gnitus
382 1149 478 1202 pro
511 1151 723 1206 gnarus.
764 1133 896 1187 Vide
935 1133 1217 1202 epistolam
1256 1132 1445 1187 Isidori
1496 1130 1562 1185 ad
1600 1130 1773 1200 ipsum

187 1222 526 1278 Braulionem
576 1223 1013 1281 archidiacouum
1046 1233 1192 1293 tunc,
1222 1238 1340 1293 qum
1369 1220 1558 1292 incipit
1590 1238 1602 1273 :
1639 1217 1773 1284 Quia

186 1331 289 1370 non
328 1317 469 1371 valeo
499 1325 547 1371 te
574 1319 695 1389 frui.

257 1406 341 1460 l7.
374 1406 638 1462 Czeterum
670 1424 791 1463 cum
818 1408 1063 1477 Bignams
1103 1409 1156 1463 in
1193 1424 1289 1463 sua
1321 1406 1506 1463 Isidori
1539 1405 1775 1461 editione

183 1496 636 1555 Prteuotatiouem
658 1484 855 1555 Braulii
889 1501 1090 1571 primus
1115 1500 1360 1565 ediderit,
1396 1499 1682 1554 nonnullas
1707 1513 1777 1553 ex

183 1606 249 1646 eo
272 1592 561 1648 varietates
591 1592 831 1648 iudicare
863 1610 972 1648 non
997 1594 1215 1663 pigebit.
1248 1591 1454 1647 Titulus
1476 1590 1621 1661 apud
1648 1605 1775 1644 eum

1940 297 2030 354 21.
2062 298 2320 371 Bayerius
2347 298 2399 353 iu
2427 308 2539 355 not.
2574 300 2642 356 ad
2670 299 2927 357 Biblioth.
2954 296 3108 371 Bisp.
3154 300 3193 354 Ι.
3233 315 3289 369 v,
3338 316 3462 374 cap.

1875 387 1931 459 4,
1979 406 2033 444 n.
2081 388 2167 454 93,
2202 406 2267 447 ex
2310 390 2534 445 vetustis
2576 390 2973 462 exemplaribus
3017 389 3267 462 producit
3319 392 3463 449 hane

1876 479 2314 551 discrepantiam,
2353 498 2513 552 quam
2558 485 2826 540 sustinere
2853 493 3078 539 conatur
3108 502 3121 539 :
3153 482 3269 556 Ego
3310 486 3366 539 in
3395 501 3468 542 xv

1875 564 2037 623 libros
2064 569 2215 624 divisi
2242 586 2339 641 pro
2368 568 2423 624 in
2453 588 2543 633 xx.
2573 570 2661 627 vel
2687 573 2743 625 in
2771 572 2973 643 viginti,
3005 579 3066 627 ut
3090 572 3290 628 habent
3318 573 3468 629 editi.

1877 658 2004 715 Hmc
2033 663 2403 718 controversia
2432 664 2748 721 discutietur
2778 680 2897 733 cap.
2937 660 3025 717 48.
3059 660 3243 718 Nostri
3285 680 3475 721 omnes

1878 754 2092 811 codices
2120 754 2171 810 in
2197 753 2592 814 Praenotatione
2622 756 2803 843 viginti
2828 757 2993 811 libros
3022 756 3278 812 indicant.

2504 842 2734 906 CAPUT
2766 842 2856 906 IV.

1879 944 2149 1002 Braulioni
2182 949 2430 1002 asseritur
2473 948 2720 1003 librorum
2764 948 2956 1003 Isidori
2988 934 3335 1013 Prwnot'atio,
3362 949 3475 1014 ejus

1950 1040 2159 1094 nomine
2188 1040 2414 1111 vulgata.
2446 1040 2524 1094 De
2554 1042 2657 1093 alia
2679 1041 2901 1095 uberiori
2929 1040 3334 1103 Prcenotatione,
3364 1053 3475 1109 qua

1952 1134 2005 1186 in
2028 1133 2292 1187 nonnullis
2316 1149 2440 1186 mss.
2473 1141 2661 1199 exstat,
2692 1134 3006 1203 disputatur.

1951 1225 2005 1279 l.
2050 1223 2183 1278 Cum
2215 1231 2300 1277 tot
2326 1223 2431 1276 sint
2470 1232 2651 1276 vetera
2680 1222 3010 1292 exemplaria
3048 1236 3168 1291 qua:
3199 1218 3476 1276 Braulioni

1880 1317 2328 1389 prmnotationem
2360 1315 2617 1370 librorum
2644 1314 2832 1369 Isidori
2864 1315 3129 1380 tribuunt,
3153 1310 3279 1382 quid
3298 1326 3476 1367 causa:

1881 1424 2000 1464 esse
2022 1407 2217 1472 dicam,
2256 1422 2354 1463 cur
2380 1414 2435 1461 et
2469 1406 2737 1476 superiori
2766 1406 2947 1461 ethoc
2971 1412 3157 1460 nostro
3188 1403 3384 1458 saeculo
3413 1417 3480 1458 ea.

1881 1502 1947 1556 de
1974 1516 2035 1556 re
2064 1516 2335 1555 nonnemo
2364 1500 2512 1555 litem
2556 1500 2797 1555 excitare
2840 1499 3113 1554 voluerit?
3141 1497 3255 1551 Nic.
3311 1497 3480 1552 Auto-

1882 1592 2002 1646 nius
2028 1592 2080 1645 in
2112 1592 2443 1646 Bibliotheca
2463 1592 2634 1646 veteri
2664 1589 2902 1659 llispana
2928 1606 3048 1644 cum
3078 1588 3271 1645 Isidori
3312 1603 3479 1658 opera

182 1688 263 1737 est
297 1699 309 1733 :
338 1679 496 1767 βεδιί
549 1681 738 1737 Isidori
784 1682 1113 1753 Hispalensis
1151 1683 1386 1753 episcopi
1426 1682 1535 1737 vita
1569 1697 1663 1751 per
1711 1678 1771 1735 Β.
1807 1692 2145 1753 Brecenset,
2199 1686 2315 1739 sine
2372 1683 2482 1738 ulla
2532 1682 2868 1737 dubitatione
2918 1680 3119 1753 passim
3174 1677 3479 1734 Braulioni:

181 1771 526 1832 Braulionem
556 1773 1089 1846 Cmsaraugustanum
1133 1777 1429 1831 antistitem
1480 1775 1770 1845 descripta.

181 1864 317 1922 Nota
355 1867 581 1936 margini
610 1867 823 1937 appicta
854 1869 949 1933 ait,
980 1868 1117 1921 hanc
1160 1866 1350 1922 Isidori
1379 1867 1543 1921 vitam
1588 1866 1776 1921 haberi

182 1955 233 2009 in
260 1957 365 2011 line
394 1957 573 2028 operis
597 1957 837 2027 ejusdem
874 1958 1173 2014 Brauliouis
1207 1958 1441 2031 (corrige
1470 1957 1677 2029 Isidori)
1709 1956 1778 2015 de

188 2043 328 2103 Viris
358 2045 673 2103 Illustribus.

583 2138 756 2194 Varia:
785 2140 1026 2196 lectiones
1054 2158 1120 2196 ex
1151 2141 1383 2213 Bignazo.

252 2222 345 2283 18.
376 2227 713 2301 Imaginavit,
747 2242 801 2286 ut
830 2235 883 2286 in
914 2234 1053 2289 omni
1085 2250 1268 2304 genere
1298 2234 1569 2289 locutionis
1602 2235 1773 2305 fama-

182 2310 286 2387 lus,
315 2329 365 2375 et
398 2324 587 2393 peritus
612 2324 888 2396 doctusque
917 2326 1163 2398 qualitate
1184 2328 1431 2380 sermonis
1471 2328 1697 2381 existens
1727 2335 1777 2382 et

183 2413 547 2486 apertus-Ego
577 2418 629 2468 in
658 2418 836 2487 viginti
858 2416 1003 2471 libris
1028 2417 1198 2471 divisi.
1233 2414 1373 2481 Quos
1405 2435 1581 2472 omnes
1608 2420 1777 2473 omni-

183 2504 353 2557 modae
374 2506 711 2576 philosOp/tia:
742 2507 958 2576 repletos
986 2508 1233 2579 quisquis,
1263 2518 1367 2563 etc.
1394 2526 1497 2563 non
1515 2510 1778 2579 ignorabit

181 2590 477 2649 divinarum
499 2598 941 2669 humanarumque
976 2616 1147 2651 rerum
1167 2600 1454 2653 scientiam.
1484 2599 1550 2653 Et
1572 2603 1773 2655 merito.

181 2682 277 2739 Est
305 2688 443 2742 enim
494 2687 564 2744 ibi
592 2690 911 2757 redundans,
945 2691 1169 2745 elc.-Tu
1195 2702 1368 2745 autent
1392 2694 1578 2760 patria:
1607 2696 1662 2746 in
1689 2694 1780 2747 de-

179 2782 464 2851 scriptione
494 2789 808 2851 temporum,
838 2794 885 2836 et
911 2799 1175 2837 sacrorum
1206 2785 1322 2837 vitis
1351 2785 1697 2876 soceri/ptum,
1725 2794 1778 2837 tu

178 2868 522 2925 domesticam
568 2871 825 2941 publicam
855 2872 1204 2940 disciplinam,
1255 2884 1309 2926 tu
1342 2868 1563 2939 sedium',
1604 2874 1778 2944 regio-

176 2975 326 3025 num,
386 2961 634 3027 locorum,
665 2971 717 3013 tu
754 2964 1001 3028 omnium,
1026 2972 1349 3018 ctc.-coram
1392 2982 1452 3020 eo
1481 2965 1780 3035 specialiter

1880 1778 2327 1848 praeuotatiouem
2356 1776 2557 1831 laudat.
2592 1774 2863 1830 Praiterea
2884 1791 3004 1844 cap.
3036 1772 3148 1839 5,1.
3180 1789 3233 1837 v,
3265 1789 3318 1824 ιι.
3350 1770 3478 1835 235,

1881 1866 2120 1935 ejusdem
2153 1867 2224 1919 ita
2257 1866 2499 1921 meminit
2524 1884 2534 1917 :
2562 1864 2640 1918 De
2668 1864 2843 1920 labore
2866 1865 3017 1935 hujus
3048 1864 3222 1933 magni
3244 1861 3481 1932 prtesulis

1883 1958 2231 2030 (Braulionis)
2262 1960 2313 2011 in
2349 1956 2794 2028 Etgmologiarum
2828 1955 2887 2011 S.
2924 1955 3118 2010 Isidori
3143 1952 3380 2024 magistri
3400 1952 3483 2005 sui

1882 2064 2035 2119 opere
2061 2050 2328 2102 exantlato
2361 2046 2587 2100 diximus
2610 2046 2723 2115 jam
2758 2046 2812 2098 in
2853 2044 3081 2109 Isidoro,
3117 2043 3481 2114 Etgmol0gia-

1881 2159 1995 2195 rum
2038 2141 2157 2211 (ait)
2190 2140 2416 2195 codicem
2467 2140 2627 2193 nimia
2664 2139 3023 2208 magnitudine
3050 2138 3348 2191 distinctum
3380 2135 3481 2204 17

1882 2232 1945 2287 ab
1987 2251 2046 2287 eo
2087 2233 2263 2296 titulis,
2311 2250 2415 2286 non
2443 2231 2586 2285 libris
2611 2248 2627 2284 :
2652 2248 2799 2302 quem
2841 2232 2961 2302 quia
2996 2239 3178 2301 rogatu
3206 2246 3316 2282 meo
3341 2230 3483 2297 fecit,

1882 2326 2113 2396 quamvis
2130 2324 2479 2395 imperfectum
2502 2324 2612 2394 ipse
2637 2322 2920 2392 reliquerit,
2942 2324 3103 2393 egoin
3128 2322 3304 2391 viginti
3329 2318 3485 2373 libros

1883 2417 2054 2469 divisi.
2090 2414 2180 2486 (In
2212 2416 2519 2485 prazfatione
2557 2416 2626 2467 ad
2665 2413 2726 2468 S.
2768 2412 3039 2482 Pontiﬁcis
3074 2410 3295 2482 Opera.)
3331 2410 3485 2464 Prw-

1886 2520 1960 2562 ter
2008 2509 2115 2561 lucc
2167 2507 2435 2576 reliquisse
2464 2504 2799 2561 Braulionem
2848 2516 2897 2559 et
2927 2506 3030 2559 alia
3058 2504 3328 2574 opuscula,
3378 2520 3486 2556 non

1881 2600 2049 2653 solum
2082 2597 2397 2669 Ildefonsus,
2430 2597 2524 2652 sed
2570 2608 2620 2651 et
2650 2595 2889 2652 Isidorus
2917 2597 3183 2662 Pacensis,
3213 2612 3279 2650 ea:
3330 2609 3486 2665 eoque

1889 2688 2177 2743 Rodericus
2206 2687 2485 2742 Toletanus
2510 2691 2761 2761 referunt.

1957 2778 2011 2833 9..
2044 2777 2136 2832 llis
2160 2779 2339 2835 verbis
2370 2780 2423 2832 in
2451 2781 2659 2835 recenti
2684 2779 2987 2834 Matritensi
3018 2779 3261 2834 editione
3294 2776 3487 2831 Biblio-

1888 2870 2056 2923 theca:
2107 2868 2355 2939 Hispana:
2403 2871 2543 2925 hanc
2592 2879 2775 2926 notam
2806 2870 3201 2926 eruditissimus
3230 2870 3488 2940 Bayerius

1884 2963 2158 3032 subjecit:
2189 2962 2599 3019 Prtenotationis
2646 2963 2841 3020 Isidori
2886 2964 3145 3035 Operam,
3187 2980 3339 3035 quant
3384 2980 3487 3017 uno

179 3060 299 3104 acta
326 3051 621 3120 declarant,
650 3069 763 3122 qua:
792 3064 991 3115 contra,
1020 3063 1149 3121 etc.,
1181 3073 1295 3111 eam
1320 3065 1559 3111 asserunt
1586 3058 1779 3130 verita-
1807 3063 1859 3133 ρ
1886 3055 2035 3122 quasi
2057 3071 2143 3108 ore
2172 3053 2519 3126 bibliographi
2550 3055 2823 3111 Braulioni
2853 3056 3137 3122 ascribunt,
3167 3055 3364 3109 videtur
3392 3055 3489 3109 lioc

182 3148 540 3198 tem.-summa
567 3145 803 3200 doctrina
833 3148 1183 3213 praestantior.

254 3231 341 3287 l9.
377 3233 650 3291 Fabricius
678 3237 730 3291 in
773 3236 1102 3294 Bibliotheca
1132 3239 1497 3295 ecclesiastica
1542 3255 1610 3296 ex
1638 3241 1780 3299 Con—

183 3328 323 3384 ciliis
386 3326 833 3399 Hispaniensibus
882 3328 1093 3386 Loaisa:
1142 3331 1278 3387 libro
1320 3332 1511 3388 I~idori
1542 3334 1609 3390 de
1639 3334 1782 3391 Viris

183 3415 490 3475 lllustribus
519 3419 693 3476 locum
724 3418 890 3485 dedit,
942 3423 1498 3492 prmnotatiouemque
1537 3424 1780 3497 Braulio-

184 3506 264 3563 uis
286 3504 536 3579 praeﬁxit.
558 3509 692 3565 Cum
718 3512 835 3567 aliis
854 3511 964 3581 fere
992 3514 1277 3569 consentit.
1312 3514 1435 3570 litec
1460 3525 1638 3573 tamen
1667 3534 1783 3573 ma-

185 3598 263 3666 gis
316 3600 394 3656 illi
452 3604 712 3673 propria:
744 3607 1052 3660 auctoritate
1098 3594 1450 3676 explicuit-De
1491 3610 1781 3666 nominibus

188 3689 309 3762 legis
330 3703 379 3748 et
414 3697 813 3766 evangeliorum,
842 3699 895 3751 in
928 3715 1025 3765 quo
1043 3700 1301 3769 majorum
1321 3712 1523 3755 secutus
1550 3705 1785 3773 exempla

190 3782 433 3839 brevitate
460 3804 559 3858 qua
606 3788 771 3857 potuit
820 3789 1011 3857 diffusa
1049 3792 1435 3861 collegit.-illud
1465 3794 1789 3864 philosophi-

191 3878 498 3941 autisrltem,
555 3879 776 3933 asseruit
816 3880 1100 3935 veritatem.
1154 3880 1405 3939 Fortasse
1449 3884 1785 3955 typographo

192 3962 419 4028 Fabricii
441 3973 757 4029 exciderunt
779 3973 946 4031 verba
974 3977 1029 4029 in
1055 3992 1151 4046 quo
1180 3976 1427 4042 ostendit,
1445 3958 1570 4049 quid
1594 3994 1787 4032 mento-

192 4070 315 4116 rata:
353 4081 593 4135 persona:
629 4065 993 4137 mgsterialiter
1028 4068 1350 4138 signiﬁcent.
1380 4068 1459 4123 De
1482 4070 1783 4127 Iueresibus.

201 4151 300 4223 16
328 4153 507 4211 Facile
561 4156 702 4211 enim
752 4156 849 4211 fuit
890 4172 954 4211 ex
986 4158 1162 4213 verbis
1190 4160 1573 4231 evangeliorum
1599 4161 1784 4218 librum

196 4258 348 4300 unum
378 4246 449 4304 ad
476 4248 581 4302 alia
602 4248 777 4303 delabi
808 4247 888 4301 De
908 4247 1185 4303 hieresibus
1218 4250 1406 4305 librum
1448 4268 1627 4308 unum.
1667 4251 1787 4308 Non

199 4331 370 4398 placet
418 4336 665 4406 explicuit
714 4354 813 4407 pro
849 4340 1076 4393 elicuit:
1119 4356 1241 4394 nam
1297 4341 1510 4397 Braulio
1564 4344 1786 4398 verbum

1889 3143 2002 3199 loco
2034 3142 2229 3200 Noster
2276 3163 2381 3201 non
2426 3149 2741 3203 meminisse.
2799 3150 2953 3221 Atqui
3004 3165 3269 3219 nunquam
3318 3149 3489 3202 minus

1886 3238 2267 3307 pra’tereunda,
2292 3256 2444 3309 quam
2474 3257 2628 3306 nunc,
2658 3249 2754 3308 est,
2785 3257 2900 3295 cunt
2928 3242 3068 3297 litem
3093 3242 3157 3296 de
3196 3260 3256 3297 ea
3286 3247 3491 3297 moneat

1888 3329 1967 3382 vir
1989 3330 2228 3396 eximius,
2261 3330 2408 3400 ciris,
2436 3348 2497 3385 ac
2527 3333 2831 3403 singularis,
2864 3333 2987 3387 dum
3010 3336 3153 3398 vixit,
3185 3336 3401 3399 amicus,
3429 3350 3490 3387 ac

1889 3420 2179 3475 studiorum
2219 3438 2451 3476 meorum
2481 3425 2658 3492 fautor
2706 3421 2984 3496 Gregorius
3016 3425 3323 3497 Mayansius
3376 3427 3493 3478 Sis-

1890 3514 2083 3566 carius.
2138 3510 2310 3568 Eccur
2361 3512 2591 3586 Bayerio
2640 3515 2812 3571 visum
2866 3516 2983 3581 fuit,
3034 3516 3152 3573 Nic.
3198 3517 3491 3571 Antonium

1891 3600 2305 3659 Praenotationis
2336 3622 2443 3660 non
2472 3607 2820 3663 meminisse?
2878 3607 3009 3661 Nam
3045 3617 3095 3662 et
3126 3609 3278 3678 plura
3324 3613 3494 3665 verba

1889 3711 1957 3749 ex
1986 3710 2049 3749 ea
2078 3698 2292 3763 recitat,
2351 3705 2408 3751 et
2449 3712 2571 3753 eam
2601 3706 2758 3753 vocat
2810 3701 3172 3770 praefationem
3204 3700 3274 3753 ad
3314 3699 3491 3770 Opera

1893 3783 1955 3839 8.
2012 3782 2228 3853 Isidori,
2284 3784 2368 3841 vel
2421 3788 2546 3858 quia
2591 3804 2623 3843 a
2653 3788 2857 3844 Grialio
2896 3787 3160 3860 Operibus
3200 3790 3257 3845 S.
3300 3790 3493 3845 Isidori

1893 3874 2111 3944 praeﬁxa
2134 3882 2236 3939 est,
2269 3877 2354 3931 vel
2388 3879 2517 3945 quia
2545 3879 2611 3932 ab
2642 3880 2758 3950 ipso
2788 3876 3075 3936 Braulione
3104 3882 3226 3937 ideo
3260 3881 3493 3936 fortasse

1893 3966 2035 4022 facta
2089 3967 2208 4034 luit,
2257 3975 2317 4023 ut
2347 3968 2674 4037 prtel'ationis
2703 3970 2768 4025 ad
2800 3969 2987 4026 Isidori
3013 3968 3187 4042 Opera
3218 3972 3339 4027 loco
3369 3987 3492 4028 esse

1894 4064 2105 4131 posset:
2124 4058 2267 4129 quod
2292 4061 2684 4129 prwnotationis
2707 4061 2997 4132 appellatio
3026 4060 3216 4117 innuit.
3236 4061 3491 4131 Alioquin

1894 4146 2111 4208 Braulio
2161 4153 2607 4224 prmuotationem
2667 4170 2817 4210 suam
2871 4154 3007 4211 libro
3062 4154 3249 4211 Isidori
3278 4154 3345 4210 de
3375 4152 3491 4210 Vir.

1894 4243 2091 4300 lllustr.
2161 4258 2219 4299 se
2276 4244 2613 4313 subjunxisse
2673 4240 2922 4301 allirmat.
2974 4245 3053 4299 De
3098 4245 3243 4310 viris,
3295 4244 3491 4315 inquit,

1894 4337 2175 4392 illustribus
2202 4334 2388 4391 librum
2411 4353 2590 4404 unum,
2619 4338 2700 4390 cui
2723 4354 2816 4391 nos
2838 4337 2938 4391 ista
2967 4337 3347 4409 subjunximus.

200 4417 380 4480 Isidori
432 4426 585 4484 eliciti
614 4444 681 4482 ex
711 4430 939 4499 epistola
967 4431 1033 4485 ad
1066 4430 1406 4501 Fulgentium
1434 4433 1789 4505 descriptioni
1819 4464 1876 4527 Β
1970 4429 2023 4484 3.
2054 4430 2130 4485 De
2159 4430 2251 4484 lite
2280 4445 2411 4485 vero
2456 4445 2486 4484 a
2518 4429 2795 4501 lllayansio
2825 4438 2971 4484 mota
3003 4429 3129 4501 quid
3183 4428 3395 4483 dicam?
3442 4427 3492 4484 Is

202 4518 374 4583 operis
406 4519 849 4575 accommodavit.
876 4520 1050 4576 Minus
1074 4523 1234 4576 etiam
1269 4524 1441 4594 probo
1460 4524 1590 4577 illud
1615 4526 1790 4594 philo-

203 4601 363 4678 ‘oplti,
390 4627 550 4681 quam
571 4614 699 4667 illud
726 4613 1154 4684 pltilosoplticunt.
1186 4614 1274 4670 Sic
1296 4614 1552 4684 Eulogius
1578 4616 1793 4673 Cardu-

204 4694 379 4757 bensis
408 4704 560 4758 initio
586 4702 909 4760 Memorialis
930 4705 1253 4761 Sanctorum
1283 4707 1348 4762 de
1373 4724 1531 4763 versu
1552 4708 1790 4780 quodam

204 4784 415 4853 Iuvenci
434 4795 501 4850 :U
508 4806 610 4850 test
622 4798 748 4852 illud
760 4798 1194 4868 philosophicum:
1209 4797 1325 4854 Hoc
1337 4817 1484 4871 opus,
1500 4810 1632 4870 etc.,
1644 4802 1791 4873 quod

208 4881 538 4943 observatum
564 4905 593 4944 a
615 4905 703 4945 me
731 4890 828 4945 fuit
848 4892 902 4945 in
922 4899 1038 4946 not.
1063 4889 1129 4945 ad
1150 4888 1468 4961 Iuvencum,
1492 4893 1528 4947 ι.
1560 4910 1598 4961 ι,
1616 4910 1667 4948 v.
1692 4893 1783 4950 30.

275 4973 359 5032 20.
385 4980 775 5037 Ottobonianus
799 4981 937 5036 1720
965 4983 1070 5038 etsi
1098 5000 1219 5039 cum
1248 4983 1476 5042 Albanio
1501 4995 1787 5055 consonat,

212 5075 492 5129 correctior
521 5086 699 5131 tamen
722 5075 920 5132 alicubi
954 5084 1061 5145 est,
1092 5086 1148 5131 ut
1191 5076 1345 5131 initio
1377 5095 1391 5130 :
1424 5078 1477 5131 in
1526 5080 1666 5133 omni
1693 5097 1785 5151 ge-

216 5170 325 5213 nere
347 5162 618 5220 locutionis
650 5169 904 5237 formatus
942 5177 991 5221 et
1014 5168 1228 5237 peritus.
1259 5166 1651 5225 Ottobonianus
1678 5169 1786 5223 849

217 5257 268 5300 et
313 5267 533 5311 numero
573 5264 635 5311 es
674 5257 864 5313 ordine
908 5258 1153 5327 capitum.
1194 5260 1263 5313 ab
1309 5258 1539 5313 Albanio
1583 5258 1780 5315 ditiurt.

219 5335 524 5404 Prin-etalio
579 5348 630 5404 in
679 5364 748 5406 eo
797 5350 1125 5406 inscribitur.
1189 5350 1309 5406 vus
1358 5350 1571 5419 Isidori,
1614 5354 1780 5410 tacito

220 5438 439 5493 auctoris
474 5442 712 5497 nomine.
740 5442 1016 5513 Scriptura
1046 5443 1165 5512 ejus
1184 5441 1297 5499 fere
1327 5443 1547 5500 editioni
1592 5444 1781 5502 Grialii

221 5525 462 5585 eoin-ret.
490 5531 619 5587 Haec
639 5534 957 5603 peculiaria;
976 5544 1035 5587 ut
1055 5536 1239 5604 perito,
1264 5535 1513 5608 doctoque
1536 5537 1786 5608 qualitate

224 5623 459 5679 sermonis
501 5626 745 5678 existeret
794 5633 1021 5693 αμα-ωε.
1054 5656 1081 5667 -
1110 5624 1439 5698 Fulgentium
1489 5631 1783 5702 episcopum

232 5705 867 5781 ofﬁciorum-Peditum:
894 5717 1286 5794 Florentia-ego
1308 5725 1361 5779 in
1383 5742 1451 5780 xx
1474 5725 1641 5796 libris,
1672 5736 1779 5784 etc.
1830 5802 1879 5814 ἡ

1904 4523 1957 4577 in
1980 4519 2095 4577 Nic.
2120 4521 2337 4577 Antonii
2358 4520 2497 4589 Vita,
2523 4520 2776 4576 Censura?
2797 4520 3103 4576 ilclitiarum
3147 4520 3493 4576 historiarum

1903 4613 2140 4683 ejusdem
2174 4612 2375 4669 Nicolai
2422 4612 2662 4683 prmlixa,
2701 4628 2754 4667 n.
2791 4609 2913 4679 125,
2963 4613 3176 4679 asserit,
3206 4610 3342 4667 lalSo
3371 4627 3493 4668 eam

1902 4705 2354 4761 Prtcnntationem
2376 4701 2647 4758 Braulioni
2669 4702 2864 4770 tribui;
2897 4703 3058 4773 idque
3080 4702 3320 4774 pluribus
3349 4720 3377 4758 a
3410 4721 3491 4766 se.

1900 4800 2207 4868 ubicunque
2263 4797 2413 4852 locus
2471 4805 2564 4850 aut
2618 4796 2831 4852 occasio
2883 4794 3037 4862 ferat,
3100 4798 3389 4867 probatum
3430 4796 3493 4851 iri

1903 4894 2206 4966 pollicetur.
2246 4889 2375 4945 Jure
2419 4888 2674 4962 Bayerius
2705 4888 2941 4944 rationes
2980 4889 3270 4957 desiderat,
3302 4889 3497 4959 quibus,

1905 4986 1960 5041 in
1992 4999 2110 5039 eam
2161 4980 2483 5039 sententiam
2538 4978 2843 5053 Mayausius
2882 4990 3184 5053 pertractus
3212 4980 3308 5037 fuit
3339 5000 3352 5034 :
3385 4996 3497 5038 nor:

1901 5078 2044 5134 enim
2091 5076 2275 5147 gratis,
2335 5075 2527 5145 inquit,
2582 5082 2675 5129 aut
2722 5089 2818 5143 pro
2869 5073 3125 5141 lubidine,
3178 5090 3298 5145 quae
3329 5092 3394 5130 ex
3426 5088 3495 5129 en

1898 5169 2201 5233 retulimus,
2244 5167 2451 5238 iactata
2503 5163 2665 5223 fuisse
2712 5166 3122 5222 existimandum
3153 5174 3253 5222 est.
3288 5167 3494 5221 Interea

1898 5278 2017 5318 vero
2048 5262 2270 5334 (pergit)
2301 5262 2424 5315 dum
2470 5276 2559 5315 eas
2588 5260 2643 5313 in
2666 5262 2898 5331 apricum
2927 5269 3057 5314 retas
3087 5262 3304 5332 profert,
3336 5275 3491 5313 unarr

1894 5365 2141 5421 veterum,
2173 5360 2417 5427 quotquot
2442 5352 2677 5421 viderim,
2704 5350 2975 5420 Codicum,
3000 5370 3063 5406 ac
3104 5350 3482 5423 bibliograplio-

1892 5458 2010 5503 rum
2047 5449 2161 5514 {ere
2188 5447 2437 5510 omnium,
2478 5443 2659 5517 quibus
2686 5444 3006 5508 Braulionis,
3036 5460 3135 5514 qua
3165 5442 3226 5495 de
3263 5443 3489 5512 agimus,

1895 5540 2217 5595 Prwnotatio
2244 5539 2315 5593 ad
2351 5541 2751 5599 internoscenda
2798 5550 3045 5616 germana
3094 5534 3285 5589 IsidOri
3318 5530 3493 5605 Opera

1891 5634 2049 5687 veluti
2074 5635 2190 5703 fax,
2223 5641 2272 5686 et
2301 5647 2556 5703 cynosura
2578 5650 2781 5717 semper
2808 5636 2924 5713 fuit,
2957 5628 3340 5684 consensionem
3368 5632 3495 5684 satis

1895 5741 2147 5798 superque
2187 5726 2299 5797 [ore
2325 5724 2584 5793 existimo,
2624 5744 2691 5796 ιιι
2722 5735 2857 5800 ﬂauo
2908 5729 3056 5801 pacto
3100 5735 3130 5771 a
3160 5718 3321 5789 gradu
3351 5734 3503 5792 quem
