4048 6364
540 270 609 330 23
1296 276 1383 331 AD
1422 276 1648 333 orsus
1689 276 1744 333 s.
1790 275 2033 332 Isloom
2075 274 2507 333 msmcsusus
2551 278 3080 336 paoceconcus.
3186 356 3189 357 ν
3666 254 3673 263 ’
3744 290 3819 344 at

542 393 785 446 hactenus
836 390 973 446 aoud
1026 393 1231 446 criticos
1298 394 1517 448 obtinuit
1572 411 1685 447 eam
1753 408 2116 447 removeamus.
2148 396 2198 453 Α
2225 389 2431 448 Joanne
2460 392 2650 449 Vossio
2679 394 2745 448 de
2776 394 2910 449 Hist.
2946 394 3063 449 Lat.
3115 393 3153 450 l.
3201 409 3258 462 ιι,
3286 410 3407 467 cap.
3435 394 3529 462 25,
3577 408 3633 454 et
3677 400 3824 459 inter

558 496 563 500 '
610 483 662 538 4.
695 484 955 553 Equidem
984 484 1241 556 Mayansii
1280 486 1577 542 doctrinam
1609 502 1671 542 ac
1709 487 1964 555 judicium
2004 486 2123 556 plu-

538 575 659 631 rimi
684 577 844 641 lacio,
890 576 981 631 sed
1010 592 1203 631 vereor
1232 593 1301 633 ne
1348 578 1683 633 falsariorum
1714 575 1987 631 fraudibus
2022 576 2121 630 ill-

538 666 748 720 modice
779 666 1036 729 irritatus,
1086 667 1137 721 in
1186 670 1512 723 contrariam
1569 677 1775 738 partem
1834 667 2123 737 aliquando

537 757 911 827 propenderit,
943 767 1018 821 ut,
1044 759 1133 813 ubi
1165 760 1308 814 nulla
1356 771 1437 815 est
1466 760 1626 823 fraus,
1653 759 1895 813 fraudem
1950 760 2123 813 inesse

536 848 903 903 allirtnaverit.
972 849 1046 903 De
1121 852 1429 907 recentibus
1474 850 1686 921 quidem
1746 851 2122 905 chronicorum

535 940 847 995 architectis
885 944 989 1011 18
1036 942 1168 996 nihil
1218 958 1348 997 sane
1377 950 1479 1008 est,
1505 958 1601 997 cur
1620 943 1913 1011 quidquam
1944 942 2123 1012 suspi-

536 1042 708 1096 cetur,
758 1050 881 1088 cum
930 1036 1247 1104 praenotatio
1301 1035 1499 1089 Braulii
1550 1036 1603 1089 in
1658 1034 1983 1089 membranis
2009 1034 2125 1088 sine

536 1126 907 1180 controversia
949 1127 1338 1195 antiquioribus
1366 1127 1688 1197 reperiatur.
1723 1126 1979 1197 Bayerius
2008 1125 2127 1194 qui-

535 1217 657 1271 dem
708 1234 814 1274 non
869 1221 1139 1289 exprimit,
1175 1229 1309 1288 quot
1359 1236 1485 1275 mss.
1536 1220 1762 1273 Codices
1816 1219 2024 1282 viderit,
2072 1218 2123 1271 in

534 1308 730 1374 quibus
774 1309 823 1362 id
848 1325 984 1378 opus
1024 1309 1295 1363 Braulioni
1336 1311 1655 1364 ascribatur.
1711 1309 1873 1363 Paulo
1917 1320 2041 1363 ante
2073 1310 2124 1361 in

536 1408 649 1451 not.
703 1398 772 1451 ad
825 1414 970 1452 num.
1012 1398 1118 1453 245
1162 1400 1351 1462 refert,
1412 1402 1479 1454 in-
1516 1399 1869 1453 Eccurialcusi
1926 1399 2127 1454 Codice

533 1489 735 1542 recenti
793 1489 1030 1557 quidem,
1086 1490 1180 1543 sed
1213 1505 1242 1542 e
1269 1499 1451 1543 vetere
1486 1492 1590 1543 alio
1616 1492 1883 1560 descripto
1913 1501 2127 1544 exstare

531 1577 835 1645 digramm.,
888 1590 941 1632 et
972 1581 1107 1649 plut.
1150 1579 1200 1631 4.
1250 1597 1302 1633 n.
1330 1581 1418 1644 ‘23,
1450 1582 1743 1635 Braulionis
1784 1582 2129 1651 Cwsaraugu-

530 1672 671 1723 staui
692 1671 1013 1725 additionent
1032 1673 1102 1725 ad
1128 1673 1313 1727 librum
1337 1674 1531 1728 Isidori
1549 1676 1610 1728 de
1643 1675 1779 1729 Viris
1806 1675 2125 1741 Illustribus,

2230 486 2332 540 alia
2363 486 2430 541 de
2454 488 2844 556 prmnotatione
2869 506 2882 541 :
2915 484 3151 555 Braulio,
3177 489 3261 543 cui
3285 506 3394 560 pra
3420 489 3659 546 omnibus
3687 495 3823 563 ﬁdes

2227 577 2404 632 haberi
2425 579 2590 633 debet.

2298 670 2350 723 7.
2394 668 2560 733 Quale
2588 680 2758 725 autem
2780 672 2908 726 illud
2933 682 3031 740 est,
3058 672 3231 742 pergit
3260 683 3449 729 contra
3479 672 3825 733 Pellizerium

2226 761 2340 817 Nic.
2394 763 2688 825 Antonius,
2740 766 2873 837 quod
2921 782 2985 819 ex
3036 766 3250 819 adverso
3312 767 3458 820 nobis
3510 769 3828 838 opponitur?

2228 853 2595 923 Braulionem,
2653 859 2696 910 si
2744 868 2920 911 auctor
2958 868 3089 912 esset
3138 860 3563 925 prwnotationis,
3608 862 3828 917 minime

2226 947 2733 1001 accommodaturum
2779 952 2852 1019 (in
2876 967 3015 1003 more
3038 952 3173 1003 enim
3204 950 3295 1003 hoc
3326 967 3428 1003 non
3458 950 3645 1004 habent
3671 952 3826 1006 (Πενία

2226 1038 2383 1090 stiani
2415 1039 2763 1105 euromiastw)
2806 1047 2983 1091 sancto
3015 1038 3221 1093 Isidoro
3248 1041 3503 1094 etlmicum
3533 1041 3681 1105 illud,
3729 1059 3826 1096 seu

2230 1130 2657 1199 philosophicum,
2684 1140 2737 1181 ut
2768 1141 2931 1191 vocat,
2960 1132 3199 1201 elogium,
3232 1133 3367 1203 quod
3398 1148 3576 1202 nempe
3622 1131 3827 1187 Tullius

2232 1220 2293 1272 de
2342 1218 2417 1271 Μ.
2483 1219 2719 1273 Terentio
2775 1218 3007 1273 Varrone
3057 1219 3411 1283 Quwstionum
3468 1225 3637 1291 primo
3690 1224 3826 1278 libro

2230 1310 2652 1362 Arademicarum
2682 1322 2917 1379 usurpat,
2940 1320 2987 1363 et
3009 1314 3263 1379 superiori
3288 1315 3455 1381 capite
3486 1315 3822 1369 adduximus.

2231 1400 2528 1455 Braulionis
2575 1420 2701 1455 sane
2748 1405 2908 1469 ipsius
2962 1405 3150 1463 studia,
3205 1418 3251 1457 et
3292 1408 3469 1475 genius
3519 1409 3827 1461 convincunt

2232 1498 2385 1563 plane
2432 1504 2503 1548 utl
2570 1514 2683 1549 cum
2753 1499 2978 1563 potuisse
3048 1499 3438 1567 disciplinarum
3496 1502 3829 1554 sa’cularium

2235 1587 2559 1645 testimoniis.
2612 1605 2737 1658 quas
2776 1591 2828 1641 iu
2877 1592 3187 1660 pra'fatioue
3215 1593 3331 1644 vita!
3356 1591 3415 1644 S.
3450 1590 3729 1645 λεηιὶιίαηὶ
3760 1608 3827 1646 ea:

2234 1690 2381 1751 parte
2408 1697 2463 1734 se
2486 1682 2719 1749 attigisse
2765 1683 2990 1735 modeste
3026 1684 3258 1751 agnoscit
3287 1700 3299 1733 ;
3332 1699 3423 1735 nec
3457 1686 3627 1736 minus
3656 1685 3708 1736 in
3730 1700 3828 1736 usu

529 1763 672 1830 quod
694 1772 779 1817 est
806 1765 1036 1833 ipsamet
1067 1768 1401 1833 przenotatio,
1433 1768 1524 1822 sed
1555 1784 1583 1821 a
1618 1767 1843 1838 Bayerio
1873 1778 2123 1839 tanquam
2160 1782 2205 1841 Β
2234 1773 2473 1826 habuisse
2510 1790 2527 1826 :
2556 1774 2641 1842 qui
2682 1774 2735 1825 iu
2784 1775 2960 1825 eadem
2992 1775 3106 1826 vitae
3134 1776 3445 1842 prwfatioue
3496 1776 3828 1829 utiturversu

529 1852 732 1921 aliquid
756 1855 823 1909 ab
853 1870 916 1909 ea
946 1856 1217 1911 diversum
1242 1858 1451 1913 videtur
1481 1860 1771 1915 recenseri.

606 1942 659 1998 5.
691 1944 878 2014 Neque
934 1963 1063 2002 vero
1109 1948 1366 2019 Bayerius
1422 1953 1680 2005 memoria
1711 1954 1951 2019 tenebat,
1983 1968 2131 2021 qua:-

528 2039 763 2096 stionem
818 2040 959 2095 hanc
1010 2042 1181 2110 ipsam
1211 2044 1278 2097 de
1324 2046 1716 2113 praznotatione
1768 2046 2069 2100 Braulionis
2098 2062 2129 2100 a

528 2127 649 2184 Nic.
680 2133 919 2186 Antonio
963 2132 1125 2188 fuisse
1155 2134 1433 2202 agitatam,
1469 2142 1818 2204 rationesque
1860 2136 2129 2190 Pellizerii

529 2231 719 2277 contra
746 2239 864 2277 eam
920 2224 1137 2292 dilutas,
1194 2228 1516 2296 astipulante
1556 2228 1609 2281 in
1654 2228 1797 2281 notis
1825 2226 2130 2280 eodemmct

528 2314 777 2387 Bayerio.
804 2318 1097 2373 Audiamus
1122 2318 1238 2374 Nic.
1275 2321 1562 2374 Antonium
1592 2321 1629 2375 l.
1662 2337 1716 2388 ν,
1749 2338 1797 2375 c.
1826 2319 1877 2379 4.
1906 2337 1958 2373 n.
1984 2318 2085 2371 12ΐὶ
2110 2338 2122 2372 :

530 2407 796 2462 Habemus
818 2411 952 2463 enim
978 2410 1330 2475 Braulionem,
1356 2422 1624 2479 utrumque
1652 2430 1776 2481 opus
1805 2414 1938 2465 inter
1961 2413 2127 2465 nostri

530 2498 764 2570 (lsidori)
824 2502 929 2553 alia
969 2510 1335 2555 recensentem.
1374 2503 1472 2567 Qui
1516 2505 1653 2555 enim
1704 2500 2125 2571 approbabimus,

528 2605 634 2643 non
683 2592 953 2661 scripsisse
1005 2592 1139 2645 hunc
1186 2608 1300 2645 eam
1354 2595 1784 2659 prwuotatiouem
1817 2592 1878 2645 S.
1933 2591 2129 2645 Isidori

528 2680 798 2748 librorum,
822 2684 957 2753 quod
978 2686 1031 2737 in
1057 2685 1285 2737 animum
1315 2684 1410 2735 sibi
1434 2684 1574 2752 prius
1597 2684 1882 2747 inductum,
1908 2684 2127 2736 alterunt

529 2773 779 2828 adversus
832 2776 1205 2843 possessionem
1255 2773 1591 2842 Ilispalensis
1634 2776 1785 2828 telunt
1819 2774 2127 2830 Pellizerius

527 2864 783 2919 uibrauit?
825 2864 1057 2919 Printum
1085 2866 1181 2936 (ita
1208 2867 1307 2936 est)
1340 2867 1652 2937 pramotatio
1686 2867 1786 2919 ista
1815 2868 1868 2920 in
1901 2869 2127 2923 editione

526 2953 830 3010 Matritensi
885 2957 1049 3010 lucem
1078 2959 1237 3021 vidit;
1270 2959 1361 3012 sed
1403 2975 1466 3012 ex
1508 2959 1731 3028 antiquis
1784 2960 1949 3025 libris,
2000 2979 2125 3032 quos

529 3048 738 3114 Optima:
760 3057 898 3101 nota:
923 3050 1289 3102 consuluerunt
1312 3051 1365 3103 hi
1388 3052 1473 3118 qui
1503 3052 1642 3119 apud
1669 3068 1761 3104 nos
1785 3068 1964 3105 curam
2010 3054 2127 3106 edi-

530 3140 684 3192 tionis
716 3139 954 3193 habuere.
988 3140 1167 3211 Stylus
1200 3158 1399 3212 quoque
1426 3143 1594 3205 istius,
1615 3161 1714 3212 qua
1738 3145 1861 3197 vixit
1888 3144 2125 3213 Braulio,
2154 3165 2201 3228 α

528 3231 699 3287 (etatis
739 3240 998 3286 auctorem
1048 3234 1220 3303 prodit
1253 3250 1269 3287 :
1301 3250 1392 3287 nec
1423 3235 1689 3289 dissimilis
1720 3245 1794 3289 est
1823 3237 1886 3289 ab
1916 3254 1997 3301 eo,
2028 3254 2126 3307 quo

527 3326 725 3396 scripta
766 3325 829 3380 ab
876 3328 1055 3382 eodem
1101 3328 1386 3382 Braulione
1426 3328 1689 3394 habemus,
1724 3347 1836 3383 cum
1868 3330 2038 3383 Vitam
2063 3332 2124 3387 S.

526 3417 834 3485 Emiliani,
888 3431 993 3476 tum
1046 3423 1292 3494 hymnum
1347 3426 1401 3477 in
1440 3426 1673 3496 ejusdem
1716 3426 1941 3491 laudent,
1992 3428 2131 3498 quod

529 3514 694 3586 (forte
719 3520 827 3589 qui)
860 3518 1114 3576 breviario
1145 3520 1383 3589 Gothico,
1414 3526 1518 3579 sive
1551 3524 1849 3581 Isidoriauo
1881 3530 2129 3583 insertum

531 3608 694 3677 (forte
718 3610 963 3682 insertus)
990 3612 1195 3684 legitur,
1228 3625 1278 3669 et
1296 3617 1569 3685 epistolas,
1593 3634 1707 3689 qua:
1727 3633 1842 3671 cum
1868 3617 2130 3674 Isidoria-

528 3699 613 3752 nis
636 3701 789 3755 editae
816 3713 954 3757 sunt.

604 3791 658 3846 6.
710 3793 921 3849 Nollem
950 3807 1059 3851 tam
1100 3798 1339 3855 liberalis
1373 3801 1562 3856 fuisset
1591 3802 1707 3858 Nic.
1755 3804 2024 3860 Antonius
2070 3816 2132 3862 ut

530 3888 863 3941 concesserit
889 3891 1334 3957 praenotationem
1375 3892 1676 3951 Braulionis
1697 3898 1930 3967 primum
1952 3898 2130 3954 lucem

528 3976 731 4033 vidisse
779 3978 830 4033 in
884 3980 1122 4037 editione
1180 3983 1497 4051 Matritensi,
1532 3986 1637 4044 hoc
1671 3997 1753 4043 est
1788 4005 1937 4045 anno
1970 3988 2128 4046 1599.

529 4070 666 4125 Eam
694 4072 841 4128 enim
870 4073 1206 4142 Margarinus
1240 4076 1307 4131 de
1334 4078 1384 4131 la
1414 4078 1582 4147 Bigne
1614 4096 1724 4135 sua:
1747 4083 1970 4137 editioni
2001 4098 2131 4153 ope-

530 4176 650 4216 rum
680 4162 869 4219 Isidori
913 4167 1188 4235 praemisit,
1221 4166 1441 4224 Parisiis
1472 4186 1613 4225 anno
1646 4171 1782 4228 1580
1806 4184 2127 4243 procurate.

530 4252 673 4320 Quin
721 4263 776 4309 et
820 4256 1002 4312 ltalice
1047 4260 1321 4327 prodierat
1350 4260 1675 4319 Praanotatio
1720 4264 2024 4321 Braulionis
2076 4268 2131 4322 in

529 4351 781 4404 versione
816 4349 1003 4406 Italica
1033 4351 1468 4425 Synonymorum
1515 4371 1658 4410 anno
1712 4356 1867 4427 1570,
1918 4360 1986 4415 de
2024 4376 2130 4430 qua

529 4454 713 4496 sermo
741 4458 860 4513 cap.
896 4445 963 4498 70
991 4456 1254 4501 recurret.
1284 4447 1543 4518 Bayerius
1574 4450 1627 4504 in
1650 4459 1776 4505 nota
1806 4453 2081 4522 subjungit
2112 4472 2126 4508 :

532 4535 597 4589 Si
626 4535 719 4590 alii
765 4536 1003 4591 deessent
1034 4554 1227 4603 omnes,
1279 4556 1412 4593 unus
1442 4539 1824 4597 Escurialensis
1855 4546 2017 4599 codex
2048 4546 2127 4600 lit.

535 4627 581 4692 Q
632 4630 762 4700 plut.
796 4646 856 4698 ιι,
884 4647 1028 4685 num.
1061 4630 1149 4693 24,
1184 4647 1292 4685 (ει-α
1318 4631 1444 4700 781,
1492 4634 1596 4686 sive
1625 4633 1815 4688 Christi
1846 4653 1984 4690 anno
2028 4638 2131 4691 745

533 4721 780 4789 scriptus,
815 4722 870 4774 in
898 4738 998 4793 quo
1029 4721 1326 4777 Braulionis
1360 4728 1691 4793 pra’notatio,
1720 4736 1768 4780 et
1798 4727 1852 4780 in
1876 4744 1937 4781 ea
1965 4726 2131 4784 Chro-

534 4814 661 4878 nici,
719 4813 782 4866 de
818 4829 917 4884 quo
965 4816 1194 4885 agimus,
1254 4814 1462 4872 Isidoro
1512 4817 1824 4888 Hispalensi
1867 4822 2133 4879 attributio

536 4905 751 4960 totidem
801 4916 952 4978 atque
996 4909 1135 4979 apud
1184 4907 1461 4976 Grialium,
1508 4912 1734 4981 ipsisque
1774 4914 1939 4967 verbis
1979 4917 2135 4984 plane

534 5015 647 5052 rem
694 5001 988 5071 conﬁceret.
1038 5000 1226 5057 Plures
1275 5004 1410 5057 alios
1456 5004 1690 5072 codices,
1746 5008 1796 5060 in
1826 5008 2019 5077 quibus
2069 5025 2133 5063 ea

537 5088 866 5147 Praenotatio
914 5092 1127 5160 legitur,
1157 5103 1285 5149 ante
1313 5111 1513 5151 annum
1553 5097 1754 5153 Christi
1794 5099 2137 5156 millesimum

546 5187 649 5257 19
690 5195 942 5242 exaratos
967 5187 1072 5242 alio
1103 5188 1224 5243 loco
1265 5200 1446 5244 narrat
1493 5208 1552 5247 se
1582 5193 1796 5255 vidisse.
1830 5194 2039 5250 scilicet
2084 5197 2139 5250 in

542 5285 659 5332 not.
691 5277 760 5331 ad
803 5293 924 5349 cap.
958 5277 1010 5344 4,
1044 5278 1081 5333 Ι.
1112 5295 1166 5346 v,
1198 5296 1251 5334 η.
1284 5281 1371 5336 95.
1424 5281 1693 5339 Exscribit
1733 5285 1926 5341 deinde
1973 5288 2139 5343 verba

543 5365 740 5422 Oudini
782 5384 849 5424 ex
892 5369 1149 5439 peculiari
1187 5371 1566 5430 dissertatione
1592 5376 1660 5431 de
1689 5376 1917 5447 Scriptis
1947 5379 2005 5433 S.
2036 5379 2139 5435 lsi-

544 5461 664 5515 dori
714 5460 1043 5531 Hispalensis
1080 5465 1275 5519 saeculo
1320 5482 1414 5530 vn,
1457 5476 1591 5521 tom.
1644 5467 1687 5531 Ι,
1728 5471 1833 5525 col.
1866 5471 2024 5526 1585.
2058 5474 2139 5527 Ad

549 5552 887 5608 iudicandum
908 5565 1042 5608 recte
1066 5556 1130 5608 de
1157 5559 1395 5627 operibus
1422 5562 1554 5613 veris
1580 5569 1629 5614 et
1669 5562 1894 5618 indubiis
1937 5564 1997 5621 S.
2030 5564 2108 5621 Isi
2119 5599 2140 5609 -

548 5644 661 5699 dori
710 5644 1040 5717 Hispalensis
1082 5650 1473 5719 archiepiscopi,
1512 5656 1853 5708 necessarium
1890 5658 2017 5711 duri
2061 5660 2143 5713 hic

551 5738 863 5805 prcrmittere
884 5740 1311 5805 pra’uotationem
1338 5742 1584 5795 librorum
1630 5744 1768 5797 illius
1799 5763 1830 5799 α
1861 5746 2143 5803 Braulioue

550 5826 1021 5902 Cwsaraugustauo
1076 5832 1317 5904 episcopo
1372 5832 1584 5887 editam.
1656 5836 1811 5891 Addit
1867 5838 2019 5909 plura
2074 5855 2145 5901 ex

2234 1868 2333 1920 isto
2358 1866 2651 1936 cujusdam,
2676 1874 2730 1917 ut
2760 1866 2853 1929 ait,
2888 1876 3107 1919 ceterum
3131 1876 3398 1931 poetarum
3424 1883 3442 1919 :

2362 1958 2463 2004 lloc
2482 1972 2620 2012 Opus.
2653 1957 2741 2004 hoc
2768 1960 2952 2005 etenim
2978 1956 3136 2004 forsan
3162 1971 3237 2004 me
3261 1958 3525 2008 subtrahet
3550 1961 3664 2021 igni.

2234 2040 2683 2108 Appositissimum
2729 2052 2980 2108 prwterea
3034 2049 3150 2101 est,
3213 2038 3522 2113 Isidoroque
3571 2041 3828 2112 applicari

2235 2134 2564 2185 sanctissimo
2606 2131 3019 2185 Christianorum
3076 2130 3302 2186 Varroni
3346 2151 3559 2202 prorsus
3615 2135 3827 2207 dignum

2233 2232 2373 2274 vetus
2417 2222 2567 2287 illud,
2621 2220 2855 2275 Romano
2904 2222 3027 2275 olim
3082 2222 3271 2275 dictum
3321 2241 3351 2275 a
3404 2222 3699 2278 Cicerone:
3731 2242 3829 2294 par

2232 2315 2496 2385 utriusque
2547 2314 2776 2367 studium
2826 2315 3246 2385 iudagandarum
3298 2315 3592 2385 originum,
3640 2332 3739 2384 par
3781 2323 3828 2369 et

2233 2404 2370 2457 circa
2394 2405 2529 2458 idem
2560 2416 2916 2476 argumentum
2944 2422 3053 2459 sese
3083 2405 3308 2475 prodens
3334 2406 3593 2459 doctrina.

2305 2498 2356 2549 8.
2409 2496 2695 2567 Sapienter
2747 2498 2861 2552 haec
2918 2497 3028 2552 Nic.
3081 2498 3347 2553 Antonius
3397 2500 3644 2555 edisserit
3684 2518 3698 2553 :
3736 2500 3829 2571 qui

2234 2595 2416 2643 tamen
2474 2589 2614 2641 inter
2666 2588 3068 2658 disciplinarum
3118 2591 3457 2644 smcularium
3522 2591 3829 2647 testimonia

2233 2696 2339 2734 non
2371 2680 2554 2735 debuit
2578 2696 2789 2735 versum
2821 2682 2967 2735 illum
2998 2681 3113 2735 Hoc
3136 2700 3282 2751 opus,
3308 2692 3437 2747 etc.,
3469 2680 3673 2737 referre
3703 2701 3715 2735 :
3748 2689 3832 2737 est

2232 2774 2373 2828 enim
2404 2788 2594 2829 versus
2617 2775 2938 2829 sanctissimi
2970 2785 3141 2845 poeta
3170 2774 3392 2830 Iuvenci
3419 2776 3473 2829 in
3499 2776 3727 2844 prologo
3760 2776 3832 2831 ad

2231 2866 2793 2933 carmenevangelica:
2823 2866 3079 2931 historice,
3111 2866 3176 2919 ab
3203 2866 3323 2920 aliis
3347 2864 3540 2920 deinde
3562 2863 3834 2921 Christia-

2233 2956 2315 3010 nis
2337 2956 2689 3026 scriptoribus
2713 2957 2764 3010 in
2794 2971 3013 3011 suorum
3042 2971 3269 3024 operum
3315 2954 3747 3025 praefationibus,
3774 2966 3833 3013 ut

2233 3050 2300 3103 ab
2320 3049 2566 3114 Alcuino,
2586 3060 2641 3105 et
2658 3048 2883 3117 Eulogio
2899 3047 3255 3108 Cordubensi,
3290 3057 3577 3116 usurpatus
3600 3066 3613 3102 :
3631 3049 3698 3104 de
3714 3050 3836 3119 qui-

2234 3142 2333 3195 bus
2362 3140 2471 3196 dixi
2503 3142 2554 3196 in
2578 3149 2691 3195 not.
2723 3139 2787 3193 ad
2812 3155 2862 3193 ν.
2888 3136 2956 3192 30
2991 3137 3026 3191 l.
3060 3154 3074 3191 ι
3103 3135 3347 3200 Iuvenci,
3381 3146 3435 3191 et
3459 3137 3573 3207 jam
3596 3150 3723 3195 ante
3748 3140 3833 3194 in-

2235 3230 2428 3286 dicavi.
2465 3230 2717 3285 Fortasse
2741 3229 2904 3284 etiam
2936 3226 3150 3281 Braulio
3179 3242 3247 3282 ex
3277 3225 3576 3296 Augustino
3628 3231 3833 3300 potius,

2235 3323 2325 3393 qui
2357 3321 2634 3377 Ciceronis
2662 3321 2827 3376 verba
2858 3321 2891 3373 1.
2924 3336 2977 3375 vr
3007 3320 3074 3375 de
3100 3318 3257 3375 Civit.
3290 3318 3405 3385 Dei,
3432 3335 3550 3389 cap.
3596 3320 3651 3383 2,
3686 3320 3837 3377 adhi-

2236 3414 2372 3479 buit,
2399 3429 2559 3483 quam
2599 3429 2667 3467 ex
2707 3414 2825 3483 ipso
2872 3412 3136 3469 Cicerone
3183 3412 3417 3481 elogium
3446 3411 3706 3467 Varronis
3748 3410 3840 3469 de.

2235 3507 2489 3575 sumpsit,
2524 3515 2581 3559 ut
2610 3505 2815 3560 Isidoro
2844 3505 3299 3561 accommodaret.
3330 3504 3407 3561 Ac
3437 3505 3751 3571 notandum,
3784 3507 3842 3565 in

2236 3600 2510 3654 nonnullis
2539 3599 2867 3655 editionibus
2911 3600 3051 3670 apud
3083 3600 3436 3667 Augustinum
3486 3598 3589 3667 legi
3620 3613 3842 3669 quoque

2237 3700 2291 3745 tu
2337 3691 2558 3757 sedium,
2590 3691 2683 3746 sed
2714 3692 2765 3745 in
2799 3693 3067 3762 plerisque
3095 3706 3223 3746 mss.
3274 3702 3327 3745 tu
3378 3691 3567 3755 sedem,
3610 3699 3671 3744 ut
3696 3689 3841 3761 apud

2234 3779 2576 3838 Ciceronem.
2609 3780 2864 3849 Quazdam
2897 3785 3057 3839 etiam
3090 3798 3155 3839 ex
3184 3784 3267 3848 iis,
3293 3798 3412 3853 qua:
3437 3798 3583 3838 num.
3608 3782 3677 3835 10
3698 3781 3841 3837 refe-

2235 3888 2374 3943 ram,
2408 3873 2624 3930 Braulio
2646 3890 2713 3931 ex
2742 3874 2799 3929 S.
2832 3874 3181 3946 Hieronymo,
3211 3882 3273 3928 ut
3300 3874 3552 3939 arbitror,
3584 3874 3837 3944 sumpsit.

2307 3968 2415 4037 20
2443 3967 2496 4021 9.
2554 3970 2623 4021 Ut
2672 3966 3082 4035 responsionem
3116 3966 3230 4019 Nic.
3262 3966 3482 4019 Antonii
3528 3967 3833 4032 conﬁrmet,

2236 4059 2384 4114 addit
2431 4058 2483 4110 in
2534 4066 2661 4111 nota
2712 4056 3012 4125 Bayerius,
3058 4055 3303 4109 Tulliano
3354 4055 3611 4115 Varronis
3659 4060 3837 4129 elogio

2235 4150 2397 4216 longe
2439 4147 2694 4217 superius
2740 4160 2881 4209 esse,
2915 4144 3058 4214 quod
3099 4160 3129 4199 a
3159 4142 3377 4200 centum
3408 4146 3519 4204 fere
3567 4148 3837 4219 Hispanias

2237 4239 2505 4305 Patribus,
2531 4247 2586 4295 et
2606 4239 2922 4309 proceribus
2946 4237 3181 4292 unanimi
3209 4240 3450 4295 omnium
3479 4244 3837 4299 consensione

2235 4332 2289 4387 in
2336 4346 2429 4385 vni
2460 4328 2720 4385 Toletana
2758 4328 2966 4399 synodo
2997 4328 3079 4383 tit.
3110 4327 3165 4396 2,
3197 4345 3251 4384 n.
3304 4329 3392 4398 32,
3429 4330 3603 4387 eidem
3645 4342 3836 4389 sancto

2236 4422 2588 4489 doctorijure
2616 4438 2675 4474 an
2709 4421 2900 4475 merito
2926 4421 3181 4476 tributum
3214 4422 3437 4492 legimus
3469 4439 3481 4475 :
3517 4420 3654 4487 Quid
3673 4425 3830 4495 quod,

2238 4514 2535 4585 subjungit,
2572 4512 2855 4567 Varronem
2882 4511 3062 4567 Cicero
3102 4515 3154 4568 in
3179 4513 3501 4567 Academicis
3529 4524 3836 4583 prementem

2239 4624 2469 4697 praisfns
2511 4605 2827 4676 alloquitur?
2858 4604 3073 4660 Braulio
3118 4608 3428 4661 exstinctum
3467 4622 3628 4675 nuper
3659 4605 3836 4662 Isido-

2238 4716 2353 4753 rum
2381 4696 2538 4761 dolet,
2591 4713 2738 4767 quem
2766 4698 3011 4752 viventem
3057 4699 3207 4750 unice
3235 4697 3510 4750 dilexerat.
3548 4696 3676 4762 Quis
3720 4717 3839 4757 vero

2240 4801 2346 4845 tam
2395 4792 2540 4844 chari
2581 4791 2764 4859 capitis
2796 4791 3050 4845 desiderio
3093 4789 3259 4856 pudor
3288 4799 3439 4849 esset,
3483 4800 3572 4843 aut
3616 4792 3841 4847 modus?

2240 4882 2384 4937 Illud
2417 4892 2604 4947 tamen,
2652 4882 2841 4954 inquis,
2874 4882 2939 4935 ab
2967 4880 3168 4934 ethnico
3198 4882 3504 4949 profectum.
3550 4880 3692 4937 Esto.
3728 4883 3842 4941 Sed

2240 4992 2333 5028 cur
2355 4992 2455 5029 non
2480 4974 2613 5028 idem
2642 4976 2697 5028 in
2732 4974 2951 5038 Basilio,
2980 4970 3337 5039 Nazianzeno,
3368 4969 3712 5045 Hieronymo,
3733 4975 3841 5032 imo

2244 5078 2294 5123 et
2323 5072 2377 5123 in
2400 5066 2571 5124 Paulo
2600 5064 3062 5140 reprehendimus?

2500 5196 2513 5211 .
2537 5198 2550 5211 .
2582 5201 2593 5212 .
2624 5199 2636 5210 .
2665 5196 2677 5208 .
2700 5159 2987 5220 Habitarunt
3008 5155 3074 5206 dii
3097 5168 3293 5219 quoque
3317 5155 3493 5220 silvas,

2496 5226 2865 5282 Dardaniusque
2894 5218 3048 5269 Paris.

2246 5307 2429 5365 Potuit
2457 5324 2581 5365 cum
2630 5306 2749 5361 aliis
2774 5301 3042 5357 nominari
3079 5304 3428 5373 Augustinus.
3476 5304 3586 5373 qui,
3619 5311 3677 5357 ut
3707 5303 3841 5365 dixi.

2247 5410 2374 5456 ante
2402 5401 2742 5455 Braulionem
2772 5394 3129 5451 Ciceroniana
3169 5396 3284 5465 ipsa
3310 5394 3378 5457 de
3406 5394 3646 5452 Varrone
3675 5397 3840 5450 verba

2247 5494 2304 5549 in
2326 5509 2476 5549 suam
2505 5490 2824 5548 sententiam
2858 5487 3101 5544 adduxit.
3150 5486 3332 5543 Potuit
3364 5487 3529 5543 etiam
3554 5504 3620 5544 ex
3642 5488 3829 5543 multo-

2246 5600 2369 5640 rum
2411 5584 2664 5654 opinione
2692 5583 2881 5647 asseri,
2908 5580 3249 5635 Braulionem
3305 5577 3493 5635 lsidori
3518 5580 3837 5649 discipulum

2248 5676 2433 5741 fuisse,
2465 5675 2711 5743 adeoque
2740 5676 2967 5736 libenter
2994 5670 3150 5741 hujus
3171 5671 3354 5727 laudes
3379 5685 3745 5739 exaggerasse.
3774 5672 3836 5725 Et

2254 5768 2448 5822 Riscus
2480 5767 2691 5825 quidem
2723 5780 2856 5833 tom,
2911 5763 3060 5828 ΧιΧΧ
3090 5762 3239 5834 Hisp.
3279 5779 3416 5818 sacr.
3447 5778 3564 5831 cap.
3617 5763 3669 5829 7,
3702 5772 3755 5818 η.
3784 5765 3834 5830 6,

2253 5869 2416 5916 tract.
2447 5857 2533 5925 66,
2582 5874 2652 5917 ex
2703 5865 2893 5937 Isidor]
2922 5858 3117 5933 litteris
3140 5858 3207 5913 ad
3228 5855 3569 5912 Braulionem
3613 5856 3834 5927 colligit,
