4048 6364
189 255 259 311 εδ
1284 223 1697 287 ISIDORIANA.
1735 251 1805 264 —

1921 223 2005 280 BS
2038 223 2075 278 I.
2116 220 2265 278 CAP.
2310 218 2397 275 IV.
3398 211 3469 270 26

191 374 445 434 Isidorum
491 359 793 419 Braulionis
824 356 989 413 fuisse
1017 352 1350 423 magistrum.
1400 349 1469 404 At
1515 364 1695 420 neque
1720 347 1777 401 in
1807 344 1852 402 Α
1881 355 2051 437 item}
2096 339 2174 437 in_
2201 354 2320 437 eat!)
2345 345 2558 437 “tam?!
2612 349 2746 437 fias“
2812 349 2873 437 Si?
2919 333 3169 437 infidi!”
3324 332 3478 437 3'08}?

193 423 427 537 givsiotn
452 454 645 511 Isidori
688 451 755 507 ad
783 446 1146 510 Braulionem,
1188 457 1364 537 neque
1392 442 1449 496 in
1476 441 1594 537 aliis
1618 437 1779 537 hujus
1881 432 2179 537 li-la‘tritensi
2249 429 2449 537 Codice
2499 429 2783 537 Yariarum
2812 423 3474 537 'lectionummllt‘od-erifi

194 531 261 611 ad
290 553 435 607 illum
468 544 676 602 mentio
700 541 806 597 ulla
841 540 900 593 ﬁt
924 538 1040 607 ejus
1069 534 1361 605 magisterii
1394 551 1408 587 :
1441 532 1589 602 quod
1618 531 1775 587 silen-

1885 527 2131 583 Toletani
2160 568 2176 594 ,
2202 542 2231 581 a
2261 523 2469 581 Joanne
2501 523 2679 594 Lopez
2710 521 2781 577 de
2812 520 2960 577 Leon
2987 535 3128 576 anno
3159 517 3300 576 1566
3327 532 3483 573 com-

196 609 324 702 itium
352 643 404 697 in
436 636 761 694 contrariam
791 629 1116 687 sententiam
1162 627 1341 698 potius
1368 641 1468 681 nos
1490 625 1640 680 ducit
1672 640 1685 676 :
1718 637 1782 678 ac
1884 621 2071 692 pilato,
2104 619 2197 673 fol.
2226 618 2351 686 114,
2384 632 2504 687 pag.
2544 616 2579 670 2
2603 657 2617 681 ,
2652 614 2876 671 totidem
2922 622 3084 684 atque
3130 612 3263 683 ipsis
3302 609 3481 666 verbis

198 739 369 796 solum
396 749 461 789 ex
508 732 588 785 his
612 725 851 798 epistolis
878 730 1094 778 constat
1121 720 1489 785 Braulionem,
1534 724 1588 772 et
1615 713 1785 770 Isido-

200 846 316 885 rum
348 822 635 894 aliquando
662 817 819 874 simul
849 816 1015 871 fuisse
1044 822 1415 871 conversatos.
1472 810 1662 866 Melius
1691 808 1784 863 Ri-

203 938 323 978 scus
368 918 647 975 Martinum
678 912 967 969 Carrill-um
1016 910 1215 980 rejicit,
1257 910 1347 978 qui
1396 907 1781 970 aflirmaverat,

204 1012 533 1068 Braulionem
592 1006 860 1061 lldefonso
914 1003 1172 1074 magistro
1221 1016 1380 1057 usum
1435 1000 1643 1055 fuisse:
1678 1012 1785 1052 non

203 1106 339 1161 enim
379 1108 591 1158 constat
634 1109 937 1169 temporum
981 1098 1142 1151 ratio.
1187 1095 1401 1151 Braulio
1432 1096 1545 1165 ipse
1573 1093 1626 1147 in
1669 1090 1786 1161 epi-

201 1197 336 1252 stola
364 1193 690 1249 dedicatoria
719 1192 842 1245 vitae
870 1190 927 1245 S.
957 1188 1233 1244 ,Επιιίιίαηὶ
1273 1187 1535 1244 Joannem
1566 1185 1788 1240 fratrem

201 1304 373 1351 suum,
404 1293 460 1340 et
507 1284 964 1355 prmdecessorem
1006 1289 1205 1337 sanctae
1250 1282 1371 1335 vitae
1422 1277 1790 1344 doctrinaeque

200 1378 560 1433 institutorem
612 1376 714 1431 sibi
766 1373 929 1429 fuisse
960 1372 1190 1427 afﬁrmat
1219 1390 1232 1425 :
1265 1372 1333 1427 de
1362 1370 1481 1426 aliis
1522 1368 1791 1439 magistris

200 1484 464 1538 nusquam
494 1467 760 1521 meminit.
787 1464 987 1521 Confer
1016 1465 1240 1521 dicenda
1268 1479 1389 1534 cap.
1414 1463 1501 1517 20.

208 1602 215 1605 .
270 1561 358 1614 10.
388 1559 578 1614 Fuisse
608 1567 791 1613 autem
823 1559 1166 1613 Braulionem
1197 1557 1545 1613 saecularibus
1565 1554 1795 1625 discipli-

200 1650 283 1704 nis
312 1650 601 1717 imbutum,
635 1648 717 1703 vel
764 1656 911 1703 certe
960 1657 1208 1703 veterum
1257 1648 1474 1718 scriptis
1523 1647 1795 1702 eruditum

1886 724 2048 784 atque
2096 711 2236 782 apud
2287 711 2545 768 Grialium
2590 710 2643 764 in
2693 707 2928 777 Operum
2973 705 3163 762 Isidori
3212 703 3482 774 prologo;

1887 808 1988 864 nisi
2038 806 2182 876 quod
2228 820 2329 877 pro
2370 811 2608 877 quartam
2664 802 2940 856 editionem
2990 798 3263 862 Psalterii,
3317 804 3377 851 ut
3432 795 3488 849 in

1890 897 2074 954 Grialii
2102 896 2269 961 edito,
2297 903 2535 966 quartam
2580 892 2977 946 translationem
3024 890 3078 945 in
3122 888 3275 957 regio
3300 884 3489 940 Matri—

1890 989 2030 1045 tensi
2053 986 2252 1043 Codice
2281 985 2495 1052 legitur.
2525 983 2764 1038 Mariana
2792 982 2956 1038 etiam
2983 988 3223 1053 quartam
3246 975 3492 1032 Psalterii

1893 1083 2287 1139 translationem
2340 1079 2578 1148 legerat,
2629 1086 2689 1131 ut
2742 1076 2796 1131 in
2845 1074 2961 1143 ejus
3007 1072 3188 1127 verbis
3234 1070 3486 1125 vidimus.

1892 1174 2281 1242 Rodrignezius
2333 1170 2401 1226 de
2448 1169 2640 1225 Castro
2698 1176 2834 1223 tom.
2864 1165 2910 1220 ll
2978 1163 3237 1219 Biblioth.
3292 1159 3491 1228 Hisp.,

1893 1281 2017 1339 pag.
2037 1264 2164 1325 294.
2191 1280 2260 1319 ex
2273 1262 2474 1320 Codice
2495 1258 2876 1323 Escurialensi,
2901 1273 3009 1327 quo
3034 1251 3491 1325 Etymologiarum

1894 1359 2072 1415 versio
2145 1355 2381 1426 Hispana
2459 1352 2806 1415 continetur,
2860 1349 3058 1405 sreculo
3107 1363 3179 1401 xv
3230 1351 3494 1405 exarato,

1896 1452 2143 1509 eamdem
2166 1449 2472 1505 uberiorem
2500 1444 2949 1512 praenotationem
2978 1452 3231 1495 sermone
3273 1435 3498 1504 antiquo

1896 1546 2136 1615 Hispano
2176 1541 2443 1599 redditam
2488 1538 2713 1611 protulit
2763 1554 2777 1590 :
2829 1534 3059 1604 incipit:
3115 1529 3291 1586 Isidro
3349 1525 3501 1583 noble

1898 1654 2082 1703 varon,
2114 1644 2221 1691 etc.

201 1714 594 1796 demonstrant,
619 1742 736 1811 ejus
765 1756 953 1811 Opera,
1003 1757 1067 1797 ac
1122 1714 1419 1812 praesertim
1464 1742 1689 1811 epistola
1728 1739 1799 1795 ad
1829 1734 1877 1795 B
1918 1756 1931 1771 ο
1975 1731 2081 1799 22
2124 1725 2213 1782 14-
2246 1724 2327 1780 Ad
2368 1724 2509 1779 hanc
2550 1721 2794 1777 eamdem
2842 1717 3033 1774 Ῑεὶάοτὶ
3061 1717 3239 1771 Vitam
3269 1730 3301 1770 8
3334 1714 3505 1768 Βηιι·

201 1830 904 1904 Tajonempresbyterum,
949 1842 1081 1887 tom.
1140 1832 1287 1888 XXX
1316 1834 1586 1902 Hispania:
1634 1848 1800 1889 sacrae

202 1938 323 1994 pag.
348 1922 448 1978 551
486 1939 601 1993 seq.
633 1924 782 1995 Apud
810 1936 855 1979 te
879 1926 1068 1979 habeas
1098 1927 1284 1997 fixum,
1314 1943 1395 1981 me
1423 1944 1572 1996 posse
1607 1943 1800 1981 remor-

205 2015 344 2079 dere,
379 2015 421 2068 si
444 2015 593 2068 velim
624 2031 641 2067 :
672 2032 823 2083 posse
840 2016 1117 2087 genuinum
1133 2017 1287 2071 laesus
1306 2019 1530 2089 infigere
1559 2034 1577 2071 :
1609 2018 1731 2087 quia
1752 2024 1802 2072 et

206 2122 297 2159 nos
313 2108 470 2177 juxta
497 2105 749 2160 Flaccum
770 2107 1045 2168 didicimus
1067 2108 1342 2175 litterulas,
1365 2119 1413 2164 et
1435 2126 1572 2180 saepe
1593 2126 1805 2163 manum

206 2198 384 2266 ferula:
412 2196 798 2259 subtraximus;
844 2208 893 2251 et
923 2198 987 2252 de
1016 2200 1163 2253 nobis
1209 2200 1333 2254 dici
1361 2208 1525 2271 potest
1554 2217 1571 2255 :
1601 2199 1806 2255 Fenum

208 2286 355 2341 liabet
379 2289 433 2341 in
458 2305 641 2357 cornu,
664 2290 817 2362 longe
840 2293 959 2361 fuge
991 2308 1007 2345 :
1038 2293 1141 2346 imo
1170 2292 1301 2347 illud
1334 2291 1719 2364 Virgilianum.‘

206 2438 209 2443 .
248 2458 249 2461 η
305 2403 361 2467 Et
389 2417 478 2452 nos
508 2404 628 2463 tela,
656 2411 815 2464 pater,
841 2405 1129 2467 ferrumque
1165 2406 1291 2456 haud
1316 2406 1483 2455 debile
1507 2410 1684 2456 dextra

301 2466 611 2528 Spargunus,
639 2473 690 2515 et
714 2476 882 2516 nostro
899 2470 1123 2531 sequitur
1148 2469 1211 2518 de
1234 2470 1442 2519 vulnere
1460 2471 1679 2530 sanguis.

208 2572 311 2640 21
343 2568 413 2624 Et
444 2571 605 2641 paulo
635 2579 793 2643 post.

431 2680 503 2729 Ne
530 2682 710 2730 habeat
735 2683 952 2744 ingratos
973 2682 1133 2733 fabula
1158 2693 1323 2737 nostra
1348 2686 1498 2747 iocos,

206 2775 493 2828 secundum
526 2770 785 2836 Ovidium,
814 2790 876 2826 ac
903 2775 1183 2829 secundum
1211 2778 1431 2847 Appium
1467 2777 1708 2830 caninam
1735 2776 1812 2829 vi-

208 2864 431 2917 deamur
457 2878 695 2917 exercere
724 2864 1043 2935 facundiam.
1087 2864 1156 2920 Et
1191 2876 1318 2922 ante
1347 2868 1680 2937 pmmiserat
1707 2884 1721 2921 :

470 2976 544 3025 Ne
568 2974 707 3025 faciat
730 2976 898 3037 longas
921 2977 1077 3029 fabula
1103 2988 1263 3029 nostra
1291 2994 1463 3030 moras.

283 3064 375 3119 11.
425 3065 808 3121 Difﬁcillimum
839 3083 969 3138 ergo
999 3079 1102 3135 est,
1132 3072 1277 3140 quod
1304 3072 1610 3145 Mayansius
1657 3089 1814 3144 argu-

214 3165 400 3213 menta
450 3157 559 3211 ulla
603 3157 902 3227 probabilia
957 3160 1250 3233 invenerit,
1293 3165 1487 3231 quibus
1538 3165 1811 3222 Braulioni

215 3248 554 3317 ahjudicetur
616 3250 937 3321 prmnotatio
997 3249 1231 3322 Operum
1301 3255 1527 3322 Isidori,
1586 3274 1703 3328 qute
1758 3260 1812 3313 in

214 3339 546 3395 membranis
574 3354 604 3393 a
636 3339 939 3396 Braulionis
961 3351 1121 3399 astate
1149 3361 1254 3400 non
1285 3348 1442 3416 longe
1470 3348 1812 3418 distantibus,

217 3425 529 3485 Braulionis
576 3430 794 3485 nomine
837 3431 1087 3503 inscripta
1118 3437 1406 3505 reperitur.
1441 3437 1570 3504 Qum
1598 3440 1812 3509 quidem

216 3518 284 3574 de
330 3535 395 3576 ea
447 3522 840 3591 praenotatione
886 3520 1125 3593 Operum
1172 3525 1361 3583 Isidori
1410 3529 1551 3584 dicta
1593 3530 1816 3599 intelligi

218 3611 508 3677 volumus,
557 3629 675 3684 quae
721 3614 919 3670 dudum
972 3618 1184 3687 vulgata
1216 3630 1335 3687 est,
1386 3632 1440 3677 et
1493 3624 1817 3680 editionibus

220 3701 405 3761 Isidori
462 3706 702 3777 praeﬁxa.
746 3709 878 3764 Nam
928 3711 982 3765 in
1023 3727 1152 3768 mss.
1177 3713 1465 3771 Codicibus
1513 3717 1817 3774 uberiorem

224 3795 379 3851 aliam
410 3807 633 3853 exstare
661 3808 875 3855 constat
905 3819 920 3856 :
944 3817 1066 3872 quas
1094 3805 1267 3875 qualis
1291 3808 1397 3875 sit,
1428 3823 1571 3864 nunc
1599 3824 1820 3866 accura-

223 3888 329 3945 tius
356 3890 793 3962 investigandum
824 3903 928 3949 est.

297 3978 383 4035 12.
441 3980 680 4039 Grialius
734 3982 788 4039 in
820 3986 1045 4059 prologo
1092 3989 1157 4044 ad
1215 3990 1473 4049 lectorem
1535 3994 1735 4061 refert,
1788 4012 1819 4052 a

227 4069 499 4142 Cypriano
550 4074 790 4145 Suarez,
843 4080 935 4148 qui
987 4083 1241 4138 nonnulla
1302 4100 1463 4156 opera
1513 4085 1699 4143 Isidori
1752 4088 1819 4143 ad

230 4162 522 4248 editionem
548 4164 911 4223 Matritensem
941 4175 1276 4242 recognovit,
1310 4177 1361 4231 in
1394 4177 1560 4233 veteri
1586 4178 1818 4249 quadam

234 4249 535 4311 Braulionis
597 4260 1003 4327 prtenotiatione
1069 4261 1301 4333 Operum
1358 4266 1543 4322 Isidori
1608 4280 1821 4339 reperta

240 4343 349 4398 huic
375 4344 542 4401 fuisse
571 4348 755 4417 verba,
783 4367 903 4421 qua:
919 4354 1079 4423 vulgo
1096 4356 1468 4413 desiderentur
1493 4378 1505 4413 :
1539 4359 1819 4416 Moralium

238 4431 390 4489 libros
420 4435 482 4489 Β.
518 4435 753 4514 Gregorii
781 4460 931 4514 papae
959 4455 1143 4517 rogatu
1173 4452 1529 4519 compendiose
1556 4452 1823 4507 abbrevia-

239 4527 305 4579 vit
329 4545 346 4581 :
370 4528 916 4589 Canticacanticorum
938 4539 1496 4612 facundaexpositione
1511 4545 1783 4599 elucidarit
1808 4563 1827 4603 :

239 4630 472 4687 quartam
499 4624 774 4680 editionem
791 4626 1041 4683 Psalterii
1062 4633 1258 4688 edidit:
1280 4652 1433 4705 super
1457 4636 1615 4691 libros
1632 4636 1827 4710 Moysi,

239 4718 287 4761 et
315 4711 656 4788 Psalterium,
698 4732 748 4775 et
775 4734 995 4795 quatuor
1036 4726 1324 4799 Evangelia
1368 4734 1677 4801 expositioni
1722 4751 1826 4789 non

242 4802 450 4898 minimo
501 4810 758 4866 insudavit
825 4816 1018 4872 studio.
1076 4816 1143 4871 In
1189 4824 1436 4877 canonico
1498 4842 1719 4898 quoque,
1779 4835 1829 4881 et

242 4892 374 4949 civili
395 4898 515 4968 jure
536 4907 857 4973 permaxima
879 4912 1162 4980 composuit
1182 4892 1541 4969 instrumenta.
1570 4892 1825 4973 Evamdem
1916 4928 1919 4931 ⁷

248 4983 544 5047 uberiorem
561 5001 1003 5064 prmnotationem
1027 5017 1057 5057 e
1077 5002 1287 5059 duobus
1298 5007 1522 5062 vetustis
1541 5006 1829 5067 Codicibus

246 5078 441 5161 excitat
481 5081 715 5141 Mariana
748 5090 800 5144 in
841 5101 955 5147 not.
987 5095 1051 5148 ad
1090 5096 1135 5149 -l.
1170 5112 1206 5161 ι,
1238 5112 1287 5152 c.
1316 5097 1351 5150 2
1380 5109 1563 5155 contra
1594 5101 1828 5160 iudceos.

250 5160 311 5217 In
337 5170 445 5239 ejus
479 5174 511 5223 V
541 5186 612 5240 ta,
636 5178 827 5249 inquit,
859 5199 890 5236 a
923 5160 1199 5241 Braulione
1224 5191 1417 5260 scripta
1442 5192 1661 5262 (duobus
1698 5206 1833 5251 certe

236 5262 450 5354 'tietustis
497 5264 790 5341 (Iudicibus)
820 5276 1066 5346 scriptum
1116 5279 1355 5347 invenio,
1418 5294 1654 5354 quartam
1716 5304 1831 5342 eum

205 5341 489 5450 .fsalterii
538 5363 931 5421 translationem
993 5370 1231 5427 edidisse.
1289 5341 1488 5432 Confer
1540 5381 1822 5450 epistolam

254 5432 491 5503 Burrielii
522 5452 659 5509 infra
688 5472 808 5528 cap.
841 5459 929 5515 40.

259 5533 409 5637 Μίδα
447 5541 705 5616 Bayerius
729 5550 782 5606 in
805 5562 932 5609 nota
970 5557 1037 5610 ad
1070 5573 1123 5612 n.
1160 5557 1263 5613 160
1289 5561 1327 5616 l.
1356 5579 1389 5615 v
1418 5562 1672 5623 Biblioth.
1700 5567 1820 5624 Vet.

258 5620 399 5720 [ὕβρι
439 5644 699 5708 testatur,
735 5643 949 5702 incertae
997 5651 1217 5720 originis
1263 5655 1457 5709 dudum
1501 5660 1599 5714 sibi
1656 5661 1822 5716 visain

258 5710 413 5780 fuisse
455 5728 753 5789 istiusmodi
803 5740 1095 5797 auctiorem
1152 5743 1451 5805 Braulionis
1479 5756 1826 5823 prmnotatio-

1905 1823 2052 1878 lione
2107 1819 2360 1889 scriptam
2411 1817 2685 1886 pertinent
2728 1813 2891 1869 verba
2951 1826 3071 1880 qua:
3128 1819 3380 1879 tanquam
3437 1822 3505 1861 ex

1904 1919 2086 1989 aliquo
2152 1914 2455 1973 Braulionis
2523 1926 2773 1968 sermone
2842 1909 3072 1979 repetita
3122 1902 3507 1961 Constantinus

1904 2008 2197 2077 Cajetanus
2224 2006 2332 2061 loc.
2360 2006 2477 2069 eit.,
2514 2018 2634 2073 pag.
2667 2001 2722 2066 4,
2752 2001 2978 2070 protulit
3009 2018 3021 2053 :
3052 1997 3291 2064 Interea,
3321 1997 3509 2066 fratres

1908 2097 2235 2164 charissimi,
2269 2096 2485 2167 dignum
2514 2102 2609 2157 est,
2642 2102 2698 2145 ut
2727 2091 2861 2145 hunc
2889 2090 3274 2144 sanctissimum
3305 2086 3511 2156 confes-

1906 2207 2075 2246 sorem
2101 2187 2367 2244 Isidorum
2397 2187 2565 2241 omnis
2607 2183 2847 2238 laudibus
2876 2182 3079 2237 attollat
3109 2178 3344 2234 Ecclesia
3376 2192 3396 2234 :
3424 2174 3512 2230 sed

1906 2261 2134 2337 maxime
2166 2279 2571 2351 Hispaniarum,
2595 2293 2709 2348 qua:
2737 2293 2845 2346 pra:
2882 2275 3080 2330 caeteris
3105 2274 3213 2344 ejus
3239 2270 3513 2341 specialius

1907 2372 2251 2429 saluberrima
2302 2371 2507 2442 refulsit
2556 2369 2814 2423 doctrina.
2870 2366 3013 2422 Nam
3053 2367 3186 2421 sicut
3238 2361 3513 2435 Gregorius

1911 2469 2092 2524 doctor
2120 2467 2303 2543 ﬁmo:
2328 2466 2572 2520 successit
2606 2464 2761 2519 Petro
2789 2508 2801 2524 .
2831 2465 2907 2518 ita
2942 2462 3003 2517 Β.
3040 2461 3280 2517 Isidorus
3324 2461 3379 2514 in
3410 2457 3514 2512 Hi-

1911 2560 2218 2630 spaniarum
2238 2556 2470 2630 partibus
2498 2557 2736 2610 doctrina
2750 2554 2947 2610 Iacobo
2986 2556 3231 2609 successit
3257 2550 3514 2618 apostolo.

1914 2649 2131 2705 Semina
2158 2664 2379 2716 namque
2409 2648 2526 2701 vita:
2553 2656 2789 2713 teternte,
2811 2662 2925 2717 quae
2947 2644 3270 2699 beatissimus
3290 2640 3516 2696 Jacobus

1915 2742 2206 2803 seminavit,
2233 2740 2312 2792 hic
2342 2739 2670 2793 beatissimus
2692 2739 2871 2792 doctor
2895 2735 3135 2790 Isidorus
3159 2734 3311 2789 verbo
3327 2732 3509 2800 praedi-

1918 2832 2136 2886 cationis
2184 2832 2333 2902 quasi
2377 2847 2509 2883 unus
2548 2847 2612 2884 ea:
2660 2838 2880 2901 quatuor
2943 2829 3178 2898 paradisi
3219 2824 3517 2893 ﬂuminibus

1916 2924 2238 2994 sufﬁcienter
2265 2923 2503 2994 irrigavit
2529 2940 2540 2977 :
2575 2931 2727 2993 atque
2748 2923 3041 2976 universam
3068 2918 3386 2985 Hispaniam
3414 2927 3519 2971 tam

1919 3017 2154 3085 exemplo
2211 3014 2327 3068 boni
2378 3014 2548 3084 operis
2574 3056 2589 3078 ,
2645 3030 2799 3084 quam
2851 3015 2995 3086 fama
3042 3010 3334 3067 sanctitatis
3387 3007 3520 3063 velut

1838 3119 1886 3182 ο
1922 3106 2374 3179 splendidissimus
2394 3108 2518 3162 solis
2541 3108 2718 3163 radius
2741 3108 3070 3163 illuminavit.

1986 3199 2074 3254 l5.
2117 3198 2225 3255 Etsi
2253 3209 2436 3255 autem
2466 3198 2763 3270 Cajetanus
2806 3216 2873 3255 ex
2924 3198 3227 3255 Braulionis
3272 3211 3521 3253 sermone

1916 3291 1969 3346 id
2024 3292 2259 3360 elogium
2316 3292 2539 3359 petitum
2591 3293 2888 3363 praemittit,
2923 3299 3104 3347 tamen
3160 3289 3215 3345 in
3270 3297 3398 3344 nota
3445 3288 3522 3345 sic

1916 3384 2123 3438 refert:
2159 3382 2399 3455 Elogium
2424 3383 2519 3439 Itoc
2552 3385 2614 3440 S.
2649 3382 2858 3439 Isidoro
2880 3383 3188 3453 inscriptum
3209 3398 3240 3434 a
3264 3382 3325 3437 S.
3354 3380 3520 3435 Brau-

1918 3472 1987 3526 lio
2017 3472 2183 3541 potius
2214 3482 2509 3542 excerptum
2536 3490 2649 3527 esse
2687 3488 2948 3527 censerem
2981 3488 3046 3526 ea:
3086 3472 3333 3544 quopiam
3372 3471 3523 3525 istius

1918 3578 2155 3616 sermone
2201 3565 2256 3616 in
2298 3563 2439 3617 illius
2484 3563 2693 3617 laudem
2734 3565 3054 3634 conscripto,
3087 3579 3275 3635 quam,
3317 3570 3375 3614 ut
3429 3561 3523 3614 alii

1921 3654 2212 3723 afﬁrmant,
2237 3669 2302 3707 ex
2329 3670 2411 3718 ea,
2435 3671 2589 3725 quam
2610 3655 2947 3721 elucubravit,
2972 3653 3164 3710 Isidori
3204 3653 3344 3708 Vita.
3373 3648 3525 3715 Quod

1921 3750 2057 3803 enim
2098 3748 2169 3803 ibi
2227 3749 2465 3803 edisserit
2495 3751 2744 3814 Braulio,
2787 3768 2879 3805 nec
2931 3748 3139 3805 verbum
3188 3747 3427 3819 quidem,
3470 3752 3525 3798 ut

1920 3838 2140 3893 vidimus
2167 3878 2180 3899 ,
2212 3838 2348 3891 hunc
2382 3840 2434 3891 in
2466 3839 2634 3893 locum
2666 3842 2858 3893 attulit.
2901 3840 3159 3895 (ueterum
3202 3840 3401 3909 integer
3443 3836 3524 3889 hic

1923 3945 2110 3993 sermo,
2141 3945 2289 3999 quem
2329 3928 2561 3983 nancisci
2605 3928 2774 3982 adhuc
2801 3930 3012 3983 minime
3043 3929 3326 3997 potuimus,
3356 3932 3525 3979 exstat

1921 4022 1977 4076 in
2020 4020 2306 4092 antiquitus
2352 4036 2510 4074 manu
2561 4030 2777 4075 exorato
2833 4019 3028 4075 Isidori
3074 4017 3525 4089 Etymologiarum

1924 4130 2110 4183 opere,
2138 4111 2275 4185 quod
2324 4122 2616 4167 asservatur
2656 4112 2794 4183 apud
2827 4110 3200 4168 Carthusianos
3244 4108 3525 4165 monachos

1923 4202 2141 4256 εαξηοὸἱὶ
2170 4201 2319 4256 Aulte
2347 4201 2443 4255 Dei
2471 4202 2525 4255 in
2557 4218 2683 4272 agro
2711 4200 3182 4273 Ctesaraugustano
3219 4200 3329 4255 siti.
3381 4196 3526 4253 Illud

1924 4306 2096 4350 autem
2120 4312 2185 4350 ea:
2213 4296 2308 4350 hoc
2341 4296 2495 4349 etiam
2525 4296 2638 4351 loco
2667 4295 2878 4366 dignum
2907 4296 3357 4350 animadversione
3395 4310 3526 4347 cen-

1924 4390 2140 4442 sendum
2168 4398 2266 4456 est,
2296 4390 2432 4460 quod
2473 4388 2740 4455 Braulius,
2770 4390 2849 4445 vir
2871 4406 2998 4445 sane
3027 4399 3075 4443 et
3105 4388 3454 4449 doctissimus,
3475 4394 3525 4441 et

1856 4514 1904 4573 υ
1930 4481 2309 4544 sanctissimus,
2339 4490 2459 4534 ante
2485 4482 2626 4536 mille
2648 4483 2806 4552 ferme
2827 4498 2990 4536 annos
3016 4491 3251 4535 testatum
3277 4480 3524 4549 voluerit,

1928 4572 2182 4627 Jacobum
2209 4574 2500 4642 apostolum
2530 4573 2910 4645 Hispaniarum
2937 4574 3203 4628 doctorem
3232 4575 3392 4645 fuisse
3414 4614 3429 4638 ,
3463 4589 3526 4627 ac

1931 4674 2142 4719 azternae
2166 4665 2283 4720 vita:
2307 4667 2527 4730 semina,
2558 4682 2673 4732 quae
2701 4665 2764 4719 B.
2798 4663 3034 4720 Isidorus
3055 4674 3234 4737 postea
3262 4666 3522 4736 irrigavit,

1931 4758 2230 4813 seminasse.
2279 4760 2416 4813 Male
2464 4768 2643 4814 autem
2675 4758 2877 4829 habet,
2907 4760 3051 4831 quod
3101 4758 3525 4816 Pseudo-Dextri

1931 4846 2185 4902 Chronici
2217 4849 2539 4904 auctoritate
2568 4848 2859 4917 Cajetanus
2888 4850 2939 4905 id
2969 4850 3297 4921 persuadere
3334 4850 3521 4906 voluit.

2007 4940 2093 4993 16.
2146 4940 2484 4995 Bullandiani
2559 4942 2741 5013 operis
2797 4942 3204 4999 contiuuatores
3258 4942 3323 4998 ad
3382 4942 3525 4998 diem

1936 5030 1973 5085 4
1992 5031 2189 5101 Aprilis
2208 5031 2580 5100 observarunt,
2612 5034 2765 5089 initio
2790 5035 2913 5090 vita:
2940 5034 2998 5090 S.
3030 5035 3240 5099 Isidori,
3280 5043 3522 5101 auctore,

1939 5132 1999 5177 ut
2026 5122 2178 5177 multi
2206 5132 2415 5193 putant,
2449 5123 2590 5180 Luca
2618 5124 2851 5181 Tudensi
2876 5166 2892 5192 ,
2923 5142 3084 5196 quam
3114 5126 3213 5196 ipsi
3236 5127 3379 5182 notis
3407 5125 3523 5180 Nic.

1935 5212 2173 5283 Antonii,
2198 5215 2373 5271 etsuis
2396 5216 2715 5272 illustratam
2734 5218 3099 5288 publicarunt,
3116 5218 3306 5275 eadem
3328 5216 3521 5273 referri

1937 5322 2057 5372 qua:
2085 5321 2153 5361 ex
2182 5305 2484 5363 Braulionis
2508 5324 2760 5365 sermone
2783 5310 3074 5379 Cajetanus
3104 5311 3360 5381 protulit.’
3379 5308 3526 5364 Inter

1937 5393 2111 5465 Opera
2169 5395 2225 5451 S.
2281 5397 2497 5453 Martini
2550 5398 2940 5469 Legionensis,
2992 5402 3085 5473 qui
3140 5410 3265 5456 ante
3322 5398 3526 5455 Lucam

1933 5482 2234 5541 Tudensem
2282 5484 2505 5555 floruit,
2543 5491 2695 5559 juxta
2749 5493 3027 5563 exemplar
3076 5508 3142 5548 ex
3191 5491 3525 5562 autograpbo

1934 5579 2312 5649 transcriptum
2355 5581 2509 5651 jussu
2558 5582 2977 5643 Eminentissimi
3019 5584 3084 5639 D.
3130 5584 3189 5638 Ι).
3233 5584 3527 5645 cardinalis

1935 5664 2209 5723 Francisci
2234 5669 2451 5724 Antonii
2481 5670 2816 5739 Lorenzaua,
2842 5674 3233 5747 archiepiscopi
3256 5674 3525 5747 Toletani,

1934 5757 2179 5830 Segoviic
2226 5760 2369 5817 edita
2414 5772 2550 5819 tom.
2604 5767 2698 5846 ιγ,
2743 5786 2865 5845 pag.
2916 5766 2969 5837 5,
3018 5765 3197 5825 exstat
3238 5785 3421 5830 sermo
3464 5771 3534 5839 in
