4048 6364
463 314 534 375 τι
1190 320 1281 376 AD
1316 320 1545 377 OPERA
1586 318 1643 373 S.
1685 311 1929 373 lSIDORl
1969 309 2407 371 HlSPALENSlS
2449 314 2981 376 PBOLEGOMENA.

3653 324 3741 377 23

464 433 701 488 Μηδίαν
726 433 783 488 8.
811 432 1000 490 lsidori
1032 452 1043 487 :
1070 435 1121 489 in
1153 448 1262 503 quo
1305 435 1470 489 multa
1496 442 1621 490 sunt
1646 447 1715 487 ex
1741 427 2036 485 Braulionis
2062 426 2111 483 Δ
2138 426 2391 496 Patrum;
2438 431 2630 487 librum
2658 433 3077 492 Lamentationis
3102 478 3118 505 ,
3143 446 3305 504 quem
3336 435 3449 505 ipse
3476 434 3737 508 Synony-

465 526 862 595 pmnotatione
898 526 1008 595 jam
1057 526 1260 593 vulgari
1306 527 1581 594 desumpta
1629 524 1732 595 23
1757 564 1770 587 ,
1802 520 2046 591 quaedam

464 615 627 671 diam
656 629 775 684 qum
801 630 870 671 ex
894 615 1083 671 lsidon'
1116 616 1231 670 Vita
1258 655 1275 683 ,
1304 617 1389 671 vel
1417 614 1715 669 Braulionis
1740 614 1807 668 de
1835 627 1901 667 eo
1929 627 2046 667 ser-

468 723 631 763 mone
651 751 664 772 ,
691 723 852 777 quem
891 709 1182 777 Caietanus
1224 716 1644 772 commemorat,
1679 706 1927 761 videntur
1951 706 2048 760 de-

468 807 675 869 cerpta.
706 798 781 853 Ita
804 800 946 853 enim
978 799 1051 854 ait
1081 798 1338 854 Martinus
1369 817 1381 852 :
1413 797 1559 853 Sicut
1593 800 1731 851 enim
1769 795 2048 867 Gregorius

466 893 643 947 doctor
688 892 828 948 Petri
867 894 1089 963 apostoli
1146 908 1405 947 successor
1471 892 1700 955 exstitit,
1750 896 1826 943 ita
1872 889 2049 943 beatus

466 981 703 1037 Isidorus
728 984 923 1037 Iacobo
963 986 1195 1055 apostolo
1223 986 1466 1039 successit
1496 999 1514 1037 :
1544 985 1667 1053 quia
1702 999 1868 1036 semen
1898 991 2048 1035 reter-

467 1088 552 1126 nar
598 1075 719 1126 vita:
741 1116 755 1139 ,
790 1073 937 1143 quod
971 1073 1288 1127 beatissimus
1324 1072 1551 1126 Iacobus
1604 1072 1907 1131 seminavit,
1967 1070 2049 1123 hic

466 1162 645 1217 doctor
658 1166 891 1235 egregius
915 1166 1063 1220 verba
1091 1166 1479 1235 praedicationis
1495 1166 1643 1234 quasi
1669 1179 1801 1215 unus
1822 1176 1889 1214 ea:
1915 1177 2049 1232 qua-

466 1265 581 1310 tuor
593 1258 825 1324 paradisi
841 1259 1133 1326 ﬂuminibus
1155 1258 1473 1327 sufﬁcienter
1489 1258 1737 1326 irrigavit,
1770 1270 1919 1325 aqua
1943 1255 2054 1309 uni-

466 1364 663 1402 uersam
686 1347 994 1414 Hispaniam
1011 1360 1113 1402 tam
1130 1365 1271 1401 exem
1280 1351 1365 1417 plo
1388 1346 1505 1401 boni
1527 1346 1714 1415 operis,
1732 1361 1885 1417 quam
1909 1347 2051 1416 fama

466 1442 777 1505 sanctitatis,
810 1444 942 1495 velut
969 1442 1390 1511 splendidissima
1429 1441 1695 1509 lampada,
1720 1439 2047 1493 illuminavit.

539 1533 623 1587 17.
665 1533 1057 1588 Animadvertit
1104 1532 1448 1587 doctissimus
1504 1532 1678 1585 editor
1732 1532 1785 1585 in
1817 1539 1940 1585 nota
1983 1530 2051 1584 ad

467 1624 610 1679 hunc
639 1625 814 1680 locum
842 1669 855 1693 ,
887 1626 1028 1694 apud
1060 1624 1441 1680 Bollandianos
1487 1625 1602 1679 hzea
1648 1626 1759 1695 ipsa
1791 1625 1953 1679 verba
1983 1638 2050 1678 ex

468 1732 570 1770 ms.
603 1717 739 1771 Cod.
774 1716 1034 1770 Toletano
1060 1716 1245 1771 haberi
1275 1734 1329 1770 n.
1359 1715 1446 1769 44.
1477 1717 1618 1772 circa
1644 1717 1822 1781 linem,
1852 1717 1927 1771 uti
1948 1716 2050 1770 alia

2151 542 2360 582 morum
2391 531 2605 585 vocavit
2634 548 2648 584 :
2681 531 2887 587 libellos
2919 532 3053 587 duos
3083 531 3148 585 ad
3178 530 3539 586 Florentinam
3572 546 3738 585 soro-

2153 634 2267 677 rem
2295 631 2478 677 contra
2508 623 2797 693 nequitiam
2823 624 3126 679 Judaeorum
3152 642 3163 685 ;
3204 622 3397 677 librum
3424 621 3491 676 de
3526 620 3741 676 Natura

2152 726 2331 766 rerum
2360 712 2425 766 ad
2470 713 2774 768 Sisebutum
2806 714 3129 783 principem;
3159 712 3350 766 librum
3390 708 3743 766 Diﬂerentia-

2154 816 2306 869 rum;
2338 804 2529 858 librum
2560 803 2979 859 Sententiarum.
3011 803 3241 873 Collegit
3265 805 3429 859 etiam
3456 804 3524 858 de
3549 804 3742 859 diver-L

2152 895 2227 949 sis
2270 898 2595 965 auctoribus,
2640 897 2783 967 quod
2838 899 2955 968 ipse
2999 898 3363 967 cognominat,
3396 905 3737 951 secretorum

2153 984 2526 1056 Expositiones
2565 998 3024 1044 sacramentorum
3058 1008 3070 1040 τ
3102 989 3295 1059 quibus
3327 989 3379 1042 in
3409 1001 3569 1041 unum
3599 1001 3744 1040 con-

2154 1080 2359 1147 gestis,
2414 1079 2552 1133 idem
2618 1079 2752 1135 liber
2811 1081 3011 1135 dicitur
3062 1080 3446 1147 Qumstionum.
3505 1078 3741 1147 Scripsit

2154 1183 2368 1239 quoque
2397 1171 2449 1226 in
2481 1171 2667 1225 ultimo
2688 1172 2753 1226 ad
2783 1173 3094 1242 petitionem
3120 1172 3419 1227 Braulionis
3458 1172 3739 1226 Czesarau-

2155 1262 2365 1328 gustani
2398 1262 2637 1331 episcopi
2668 1263 2859 1317 librum
2897 1261 3373 1333 Etymologiarum,
3403 1277 3559 1332 quem
3609 1277 3737 1316 cum

2156 1350 2337 1404 multis
2363 1352 2515 1405 annis
2544 1360 2834 1406 conaretur
2858 1352 3137 1421 perlicere,
3171 1353 3223 1405 in
3254 1355 3371 1421 ejus
3400 1367 3563 1422 opere
3590 1351 3738 1405 diem

2154 1449 2453 1494 extremum
2484 1442 2629 1496 visus
2654 1450 2737 1496 est
2760 1442 3104 1497 conclusisse.
3154 1440 3359 1496 Floruit
3404 1441 3741 1510 temporibus

2158 1530 2469 1594 Reccaredi,
2494 1532 2761 1600 Liuvanis,
2788 1533 3079 1595 Witterici,
3098 1531 3447 1595 Gundemari,
3478 1531 3736 1594 Sisebuti,

2156 1620 2508 1677 Suintbilanis
2533 1666 2546 1687 ,
2590 1633 2643 1679 et
2681 1625 2961 1680 Sisenandi
2990 1638 3219 1693 regum:
3262 1624 3416 1677 annis
3454 1622 3566 1677 fere
3602 1637 3739 1690 qua-

2156 1712 2399 1781 draginta
2449 1722 2639 1770 tenens
2684 1716 3026 1785 pontificatus
3050 1716 3334 1777 honorem,
3369 1713 3740 1780 insignemque

464 1808 706 1878 ejusdem
756 1809 1020 1863 sermonis
1051 1808 1170 1863 aliis
1198 1809 1251 1863 in
1282 1810 1540 1865 numeris.
1573 1808 1680 1863 Etsi
1726 1818 1903 1863 autem
1951 1824 2049 1878 pro
2078 1808 2131 1871 Β
2155 1804 2413 1860 doctrinae
2432 1816 2633 1860 sancte
2660 1807 2884 1875 gloriam
2913 1807 3117 1876 pariter
3143 1813 3198 1859 et
3216 1804 3489 1860 decorem.
3538 1822 3558 1854 ι

462 1900 886 1970 splendidissima
907 1900 1154 1970 lampada
1172 1900 1505 1955 Bollandiani
1523 1900 1809 1956 ediderunt
1827 1899 2058 1969 splendi-

465 1993 709 2046 dissimus
757 1992 883 2046 solis
925 1993 1123 2057 radius,
1166 2001 1313 2048 recte
1364 2000 1547 2048 tamen
1603 2009 1670 2047 ex
1728 1993 2060 2062 autograpbo

473 2082 686 2137 Martini
737 2085 933 2138 retinet
972 2084 1393 2154 splendidissima
1443 2085 1716 2154 lampada;
1763 2099 1897 2138 nam.
1927 2085 2062 2137 lam-

467 2176 609 2247 pada
630 2192 723 2245 pro
743 2176 941 2245 lampas
964 2177 1213 2231 dixerunt
1245 2178 1480 2244 Plautus,
1513 2177 1703 2243 Pollio,
1728 2175 2057 2246 Fulgentius,

470 2279 525 2325 et
553 2271 641 2325 alii
672 2272 725 2325 in
754 2286 881 2327 mss.
916 2271 1236 2336 Codicibus,
1269 2282 1329 2327 ut
1356 2271 1649 2328 Salmasius
1677 2279 1732 2326 et
1760 2270 2062 2340 Ducangius

467 2363 838 2417 observarunt.

538 2451 627 2507 18.
655 2452 930 2509 Florezius
957 2454 1008 2507 in
1042 2454 1193 2523 praef.
1224 2454 1288 2507 ad
1319 2454 1564 2523 Append.
1601 2453 1653 2520 5,
1690 2462 1821 2510 tom.
1855 2454 1922 2521 ν,
1955 2470 2062 2511 non

469 2543 704 2609 dubitat,
734 2546 863 2613 quin
892 2547 1124 2613 genuina
1155 2547 1224 2600 sit
1251 2545 1554 2601 Braulionis
1600 2548 1921 2617 praeno‘atio
1944 2563 2063 2617 quae

469 2637 607 2693 libro
636 2637 826 2693 lsidori
855 2640 922 2694 de
957 2641 1065 2694 Vir.
1096 2640 1292 2694 lllustr.
1325 2640 1665 2709 subjungitur
1697 2658 1709 2694 :
1742 2640 1901 2693 aliam
1932 2654 2061 2696 vero

470 2729 776 2787 uberiorem
815 2748 845 2787 a
888 2731 1030 2787 Luca
1084 2732 1355 2800 Tudensi,
1407 2749 1566 2803 quem
1619 2734 1743 2787 vita:
1793 2731 1981 2788 lsidori
2031 2748 2062 2787 a

470 2817 841 2875 Bollandianis
887 2822 1047 2876 edita:
1102 2830 1378 2876 auctorem
1434 2832 1607 2891 putat,
1660 2822 1891 2877 affirmat
1944 2836 2065 2879 esse

468 2912 870 2982 interpolatae).
891 2913 1079 2969 Riscus
1105 2924 1233 2968 tom.
1258 2911 1405 2967 XXX
1432 2913 1576 2985 Hisp.
1602 2931 1767 2981 suam,
1788 2924 1942 2971 tract.
1971 2915 2059 2981 66,

468 3018 586 3072 cap.
621 3002 674 3070 7,
700 3020 754 3057 n.
785 3002 876 3071 65,
920 3005 1229 3072 existimat,
1283 3006 1599 3062 Sermonem
1646 3008 1947 3065 Braulionis
1995 3011 2063 3064 de

470 3093 701 3158 Isidoro,
733 3112 762 3149 a
790 3095 1051 3164 Caietano
1075 3096 1367 3161 laudatum,
1403 3099 1713 3153 distinctum
1739 3118 1847 3155 non
1879 3118 1998 3157 esse
2028 3120 2057 3157 a

2230 1898 2281 1952 2.
2324 1899 2494 1969 Caput
2522 1899 2556 1954 9
2582 1900 2686 1955 hoc
2714 1907 2796 1955 est
2820 1900 2939 1953 Ιιιπὶ
2977 1897 3227 1953 lldefonsi
3255 1897 3325 1951 de
3351 1895 3463 1950 Vir.
3517 1893 3736 1958 lllustr.,

2161 1990 2306 2058 quod
2352 1991 2513 2045 etiam
2564 2006 2593 2044 a
2642 1991 2995 2046 Constantino
3046 1988 3306 2058 Cajetsno
3360 1988 3501 2042 inter
3555 1984 3738 2041 lsidori

2162 2081 2336 2149 elogia
2364 2081 2655 2151 repositum
2682 2123 2697 2149 ,
2729 2081 2812 2135 bis
2842 2079 3400 2136 animadversionibus
3424 2076 3739 2147 subiunctis.

2555 2193 2711 2249 Nota:
2738 2192 3063 2248 Constantini
3090 2193 3349 2263 Cajetani.

2234 2285 2286 2338 3.
2323 2303 2342 2338 ι
2375 2283 2451 2339 Ex
2472 2285 2536 2340 iis
2564 2300 2681 2355 quae
2714 2300 2809 2340 nos
2842 2284 3002 2355 paulo
3035 2283 3253 2339 inferius
3285 2282 3351 2337 de
3388 2281 3443 2337 S.
3478 2281 3744 2336 lldefonso

2164 2379 2401 2435 notanda
2422 2378 2747 2443 censuimus,
2774 2391 2895 2431 eum
2914 2392 2942 2429 a
2970 2374 3026 2429 8.
3055 2373 3259 2429 lsidoro
3289 2386 3554 2431 summam
3580 2375 3747 2427 virtu-

2168 2482 2274 2529 tem
2302 2488 2366 2529 ac
2391 2488 2654 2528 summam
2696 2471 2997 2527 doctrinam
3024 2469 3287 2534 hausisse,
3306 2468 3416 2537 jam
3442 2468 3748 2523 elucescero

2166 2568 2381 2639 poterit.
2415 2564 2679 2621 Praeterea
2706 2606 2719 2630 ,
2751 2564 2893 2634 quod
2942 2562 3009 2617 ad
3058 2560 3114 2616 S.
3162 2559 3411 2615 lldefonsi
3459 2559 3655 2613 librum
3679 2556 3750 2612 de

2167 2656 2307 2712 Viris
2332 2656 2630 2711 lllustribus
2658 2655 2869 2719 attinet,
2887 2654 3063 2707 editus
3085 2660 3169 2708 est
3193 2652 3237 2706 is
3252 2666 3281 2705 a
3302 2649 3510 2705 Joanne
3537 2646 3745 2712 Griale,

2168 2750 2283 2805 viro
2304 2764 2433 2803 sane
2462 2748 2691 2813 erudito,
2722 2745 2921 2801 Matriti
2960 2742 3129 2812 1599,
3161 2752 3217 2799 et
3246 2758 3274 2797 a
3301 2742 3502 2797 Jacobo
3531 2738 3748 2794 Brculio

2168 2843 2324 2899 Gallo
2364 2842 2714 2897 Benedictino
2771 2838 2901 2894 1601
2966 2838 3205 2904 Parisiis,
3264 2837 3404 2890 inter
3448 2832 3503 2888 S.
3558 2830 3753 2886 lsidori

2167 2938 2379 3008 Opera:
2412 2937 2640 2991 habetur
2682 2936 2844 2989 etiam
2874 2943 3005 2989 tom.
3055 2933 3095 2987 ll
3146 2931 3249 3002 25
3280 2928 3548 2999 Hispanias
3595 2925 3750 2979 illus-

2170 3037 2340 3094 tratm,
2374 3024 2711 3079 Francofnrti
2753 3038 2985 3077 excusus
3031 3020 3188 3075 1605.
3231 3019 3340 3071 Nos
3378 3035 3444 3072 ex
3496 3013 3751 3071 vetustis-

2168 3120 2305 3174 simo
2348 3116 2827 3172 ms.‘bibliotbeca:
2868 3113 3177 3169 Casinensis
3224 3108 3425 3164 Codice
3453 3109 3662 3178 aliquot
3694 3106 3749 3160 in

472 3186 648 3255 capite
677 3186 739 3240 11
773 3185 1013 3254 ejusdem
1038 3187 1171 3242 Vita?
1193 3190 1334 3243 inter
1351 3188 1485 3243 Acta
1517 3188 1883 3257 Bollandiana,
1917 3192 2059 3260 quod

2169 3208 2297 3262 locis
2356 3214 2654 3262 scatentem
2684 3204 2891 3260 mendis
2919 3203 3270 3258 correximus.
3317 3198 3425 3256 Sed
3463 3198 3531 3255 de
3559 3196 3750 3255 eodem

475 3288 637 3345 caput
661 3277 968 3334 inscribitur
994 3298 1008 3334 :
1032 3280 1358 3338 Abbreriatio
1386 3284 1583 3340 Braulii
1600 3285 2057 3356 Cwsaraugustani

475 3370 700 3439 episcopi
754 3370 819 3425 de
864 3372 968 3427 vita
1014 3371 1076 3427 S.
1130 3372 1324 3430 lsidori
1380 3375 1759 3448 Hispaniarum
1814 3378 2057 3432 doctoris.

478 3458 695 3515 Minime
721 3462 938 3531 quidem
969 3467 1278 3533 repugnabo
1314 3484 1325 3519 :
1357 3468 1449 3522 sed
1477 3483 1599 3523 cum
1627 3470 1779 3538 plura
1804 3468 1965 3523 verba
1995 3483 2064 3523 ex

480 3550 584 3606 hac
625 3552 1030 3610 abbreviatione
1058 3556 1336 3627 desumpta
1361 3560 1414 3612 in
1445 3575 1697 3615 sermone
1724 3562 1779 3615 S.
1812 3560 2060 3625 Martini,

482 3643 570 3712 qui
602 3642 802 3700 Lucam
831 3645 1130 3702 Tudensem
1170 3658 1331 3705 mtate
1375 3651 1663 3721 przecessit,
1705 3654 2063 3723 reperiantur,

482 3736 787 3792 necessario
817 3737 1104 3806 colligitur,
1133 3738 1308 3793 Vitam
1339 3738 1394 3794 S.
1422 3741 1609 3795 lsidori
1640 3758 1667 3795 a
1701 3740 2065 3796 Bollandianis

483 3829 707 3896 editam,
746 3831 830 3885 vel
867 3832 1054 3888 saltem
1102 3848 1223 3887 eam
1264 3834 1719 3890 abbreviationem
1765 3835 2067 3890 Braulionis

485 3924 631 3981 Luca
676 3924 911 3982 Tudensi
952 3928 1308 3999 antiquiorem
1337 3943 1455 3984 esse
1488 3946 1501 3982 :
1542 3944 1645 3999 qua
1674 3930 1741 3984 de
1767 3946 1825 3985 re
1854 3945 1973 4000 cap.
2000 3929 2067 3984 15

484 4019 645 4075 latius
670 4020 948 4076 disseram.
977 4019 1187 4078 interea
1229 4022 1360 4077 satis
1404 4024 1474 4077 sit
1520 4024 1965 4088 animadvertere,
2001 4038 2069 4078 ne

485 4110 804 4180 ambiguitas
851 4112 1103 4181 obrepat,
1170 4114 1490 4168 sententiam
1543 4113 1789 4167 eamdem
1846 4128 1964 4167 esse
2015 4113 2069 4166 in

485 4205 877 4273 prmotatione
894 4205 1131 4258 uberiori
1163 4205 1483 4273 Braulionis,
1514 4206 1568 4258 in
1607 4219 1876 4269 sermone,
1904 4218 2066 4271 quem

488 4296 775 4366 Caietanus
804 4298 1068 4368 appellat,
1098 4301 1148 4353 in
1179 4300 1312 4354 Vitae
1357 4300 1541 4356 lsidori
1572 4300 1721 4356 initio
1746 4340 1761 4367 ,
1791 4310 1845 4355 et
1875 4302 1926 4355 in
1953 4314 2069 4355 ser-

488 4407 650 4448 mone
678 4392 736 4449 S.
766 4392 1022 4449 Martini:
1050 4395 1143 4449 sed
1171 4395 1490 4465 praenotatio
1522 4396 1756 4458 uberior,
1781 4403 1836 4451 et
1860 4409 2071 4465 sermo,

2164 3298 2365 3356 Codice
2396 3300 2593 3355 iterum
2622 3297 2865 3354 inferius.

2242 3414 2260 3447 ι
2306 3391 2469 3448 Nam.
2495 3392 2833 3448 Francofurt.
2866 3389 2976 3454 ed.,
3004 3389 3169 3443 illam.
3204 3387 3280 3442 Is.
3302 3386 3383 3441 lta
3410 3400 3509 3440 ms.
3542 3383 3748 3448 Casin.,

2164 3488 2256 3543 sed
2280 3487 2356 3541 bis
2385 3487 2489 3556 leg.
2522 3485 2736 3543 Madrit.
2768 3493 2824 3536 et
2852 3482 3068 3549 Breul.;
3100 3480 3202 3535 His
3233 3478 3480 3534 Francol'.
3514 3477 3589 3531 Et
3613 3478 3749 3532 obitu

2166 3577 2406 3643 Patrum,
2438 3576 2525 3632 vel
2562 3576 2703 3629 obitu
2732 3575 3136 3645 prophetarum,
3178 3569 3429 3626 Francoi.
3476 3578 3529 3624 et
3571 3566 3747 3622 Casio.

2170 3665 2318 3733 Quod
2363 3670 2471 3739 ipse
2521 3668 2848 3737 cognominat
2893 3672 3220 3719 secretorum.
3280 3659 3566 3724 Fraucol.,
3619 3656 3753 3722 Quot

2167 3762 2277 3832 ipse
2302 3763 2534 3815 nominat
2563 3768 2791 3814 secret...
2818 3755 2885 3811 In
2911 3756 3022 3826 ejus
3062 3769 3233 3825 opere.
3277 3750 3550 3816 Francof.,
3592 3748 3754 3806 Im

2168 3853 2303 3922 pleto
2332 3870 2503 3925 apere.
2538 3850 2765 3907 Floruit.
2796 3846 3071 3916 Francof.,
3104 3846 3325 3901 Claruit.
3374 3865 3396 3899 s

2237 3927 2296 4001 ’4.
2340 3945 2530 4001 Loaisa
2558 3945 2610 3999 in
2636 3942 2844 3997 Concil.
2872 3939 3024 4009 Hisp.
3058 3955 3089 3994 e
3116 3954 3214 3993 suo
3243 3936 3445 3992 Codice
3476 3935 3555 3989 sic
3582 3933 3710 4002 legit
3736 3949 3752 3987 :

2176 4039 2301 4091 Post
2352 4035 2665 4093 Leandrum.
2692 4031 3058 4100 Hispalensent
3100 4030 3304 4084 sedis...
3335 4027 3534 4095 pollens
3562 4043 3580 4079 :
3610 4026 3756 4080 illam

2177 4136 2402 4179 tantm...
2432 4141 2496 4178 ea:
2525 4140 2652 4177 ea...
2686 4122 2977 4177 audientes.
3008 4122 3228 4192 Scripsit
3258 4135 3415 4189 opera
3452 4120 3643 4173 eximia
3666 4159 3681 4183 ,
3711 4124 3758 4171 et

2190 4235 2291 4273 non
2318 4234 2505 4287 pauca,
2525 4216 2579 4270 id
2608 4225 2753 4271 est...
2781 4216 2841 4269 de
2875 4213 3116 4283 0rtu,vel
3149 4214 3303 4268 Obitu
3325 4213 3757 4285 prophetarum...

2178 4308 2627 4363 Lamentationum
2667 4324 2815 4380 quem
2858 4308 2969 4377 ipse
2996 4307 3302 4378 Synonyma
3332 4306 3636 4359 vocitavit...
3691 4306 3760 4357 ad

2176 4399 2569 4457 Florentium...
2598 4416 2744 4471 quem
2785 4399 2894 4469 ipse
2919 4398 3217 4452 nominat...
3250 4398 3386 4452 idem
3413 4396 3606 4450 liber...
3636 4410 3764 4465 quo-

489 4500 651 4555 quam
677 4482 966 4555 Cajetanus
996 4496 1172 4549 vocat,
1200 4487 1378 4541 verbis
1408 4488 1569 4543 etiam
1619 4489 1803 4543 iisdem
1852 4490 2073 4543 omnino
2109 4562 2142 4566 _
2180 4512 2275 4566 que
2304 4495 2549 4549 ultimo...
2580 4493 2846 4565 perﬁcere,
2869 4491 3132 4561 inexpleto
3162 4508 3380 4562 opere...
3416 4488 3612 4543 Claruit
3644 4496 3766 4539 tent-

492 4580 835 4636 consentiunt
889 4597 904 4633 :

490 4670 550 4725 S.
583 4671 792 4728 Martini
823 4684 945 4730 cum
978 4677 1117 4730 inter
1143 4691 1221 4744 se,
1254 4683 1367 4731 tum
1412 4692 1443 4730 a
1488 4675 1787 4733 Braulionis
1834 4678 2074 4735 uberiori

497 4766 889 4832 pmnotatione
918 4768 1100 4824 multis
1130 4769 1304 4823 verbis
1332 4767 1599 4824 dilierunt.

1120 4857 1350 4913 CAPUT
1389 4859 1451 4913 V.

498 4944 883 5019 “Bingium
916 4947 1108 5003 lsidori
1138 4966 1202 5003 ea:
1245 4949 1513 5022 Ildefonso
1553 4953 1607 5005 in
1653 4951 1784 5007 libro
1831 4954 1896 5008 de
1937 4954 2077 5011 Viris

625 5039 941 5110 lllustribus,
966 5047 1036 5098 ad
1064 5053 1233 5100 vetera
1258 5049 1574 5118 exemplaria
1603 5053 1944 5122 recognitum.

577 5136 629 5190 1.
666 5153 687 5187 ο
721 5136 953 5192 lsidorus
991 5145 1111 5208 post
1142 5138 1439 5195 Leandrum
1486 5140 1705 5197 fratrem
1754 5142 2084 5215 Hispalensis

504 5226 649 5281 sedis
674 5229 965 5297 provinciae
989 5229 1196 5286 [italicae
1223 5232 1537 5287 cathedram
1563 5236 1762 5290 tenuit:
1786 5236 1864 5291 vir
1885 5236 2085 5292 decore

502 5316 663 5372 simul
714 5327 770 5373 et
821 5321 1033 5389 ingenio
1082 5322 1315 5391 pollens;
1359 5340 1482 5379 nam
1533 5332 1691 5381 tantae
1736 5326 2086 5396 jucunditatis

505 5407 812 5465 alduentem
842 5413 1050 5483 copiam
1080 5414 1131 5467 in
1162 5414 1462 5483 eloquendo
1492 5420 1808 5488 promeruit,
1835 5427 1891 5473 ut
1921 5419 2083 5473 uber-

508 5509 590 5556 tas
618 5503 927 5558 admiranda
952 5505 1164 5561 dicendi
1206 5521 1273 5562 ex
1314 5524 1379 5563 eo
1430 5510 1481 5563 in
1531 5519 1808 5581 stuporem
1850 5520 2087 5567 verteret

508 5596 814 5662 audientes,
857 5612 925 5652 ex
953 5612 1060 5665 quo
1099 5600 1277 5654 audita
1305 5600 1386 5655 bis
1415 5601 1505 5671 qui
1536 5603 1769 5656 audisset
1794 5642 1808 5669 ,
1848 5620 1955 5658 non
1985 5604 2086 5658 nisi

508 5695 738 5763 repetita
766 5696 956 5765 saepius
984 5698 1403 5752 commendaret.
1433 5698 1658 5767 Scripsit
1702 5714 1863 5767 Opera
1888 5708 1942 5753 et
1967 5700 2081 5753 exi-

510 5791 639 5857 mia,
666 5796 723 5846 et
752 5806 855 5846 non
882 5806 1075 5863 parva,
1118 5791 1167 5847 id
1206 5803 1285 5849 est
1303 5834 1322 5864 ,
1370 5793 1559 5849 librum
1591 5793 1657 5849 de
1685 5793 1815 5849 Ortu
1843 5803 1898 5850 et
1926 5792 2086 5849 Obitu

960 4588 1023 4635 at
1062 4581 1272 4636 initium
1320 4581 1453 4636 Vitae
1500 4580 1683 4636 lsidori
1705 4625 1719 4651 ,
1775 4591 1829 4637 et
1882 4582 2073 4639 Sermo
2104 4562 2157 4623 θ
2181 4562 2389 4655 poribus
2421 4562 2723 4647 Reccaredi,
2758 4580 3102 4647 Gundemari,
3140 4579 3383 4643 Sisebuti,
3417 4577 3761 4643 Suintltilam',

2181 4688 2231 4733 et
2260 4678 2539 4735 Sisenandi
2571 4693 2769 4748 regum,
2799 4685 2907 4734 etc.

2254 4770 2309 4825 5.
2348 4767 2407 4824 In
2448 4767 2635 4824 codice
2664 4766 2910 4833 Albania,
2937 4767 3005 4822 de
3033 4780 3142 4835 quo
3158 4763 3268 4831 jam
3289 4761 3515 4831 dictum,
3538 4762 3621 4816 hae
3641 4767 3767 4818 sunt

2182 4864 2345 4918 varia:
2374 4860 2663 4917 lectiones:
2692 4861 2766 4914 vir
2793 4858 3026 4913 doctrina
3047 4854 3403 4909 simulaudita
3425 4854 3470 4906 is
3490 4855 3764 4923 qui-opera

2186 4956 2443 5012 eximia...
2505 4954 2693 5008 librum
2731 4952 2794 5006 de
2844 4950 3000 5003 Obitu
3057 4957 3107 5002 et
3144 4944 3275 5000 Ortu
3311 4944 3591 4999 Patrum...
3655 4945 3766 5013 ipsa

2184 5065 2469 5120 synonyma
2486 5047 2787 5101 vocitavit...
2814 5058 3042 5097 sororem
3070 5056 3217 5094 suam
3240 5036 3751 5107 contra...cognomi~

2187 5143 2325 5195 navit
2346 5139 2710 5209 Expositiones
2728 5143 3189 5191 sacramentorum.
3206 5132 3412 5188 Omittit
3432 5139 3763 5191 secretorum,

2190 5248 2288 5304 pro
2323 5248 2429 5301 quo
2468 5231 2661 5286 alicubi
2691 5230 2919 5284 fortasse
2973 5241 3158 5283 errore
3204 5220 3595 5297 typograpbico
3636 5217 3767 5285 legi-

2192 5333 2275 5379 tur
2299 5334 2639 5379 sacratorum.
2673 5320 3033 5375 Rctinendum
3046 5327 3129 5374 est
3143 5326 3456 5372 secretorum
3480 5312 3767 5368 :dicuntur

2192 5419 2333 5475 enim
2358 5428 2553 5473 secreta
2583 5423 2927 5471 sacramenta
2954 5424 3078 5482 qua:
3098 5412 3153 5466 in
3182 5409 3363 5478 operis
3382 5408 3607 5476 prologo
3619 5419 3762 5474 mys-

2198 5513 2299 5565 tica
2339 5518 2732 5578 nuncupantur.
3794 5498 3799 5501 ⁷

2263 5604 2314 5657 6.
2360 5602 2615 5657 Vaticana
2643 5598 2972 5670 exemplaria
3003 5612 3111 5651 non
3141 5594 3308 5649 multa
3350 5592 3605 5649 exhibent
3630 5588 3768 5645 lide-

2191 5695 2329 5750 fonsi
2378 5694 2570 5747 librum
2620 5691 2690 5747 de
2736 5689 2850 5746 Vir.
2900 5688 3095 5741 lllustr.
3151 5684 3541 5741 Ottobonianus
3593 5677 3730 5733 17%)

2195 5786 2424 5844 Urbinas
2478 5782 2622 5853 δεῇ,
2662 5795 2723 5843 ut
2767 5786 2823 5844 in
2870 5783 3008 5841 libro
3050 5781 3233 5839 lsidori
3285 5781 3351 5835 de
3404 5777 3517 5833 Vir.
3572 5775 3758 5849 lllustt'_
