4048 6364
190 190 258 247 29
1224 177 1629 237 ISIDOBIANA.
1662 209 1727 217 —
1770 177 1942 235 MR5
1979 177 2019 234 1.
2061 176 2211 235 CAP.
2253 180 2340 237 VI.
3397 186 3463 246 30

187 300 496 364 consimiles
523 304 648 354 sunt
691 293 923 351 Albanio
965 291 1189 357 Codici,
1222 293 1296 346 ita
1325 293 1485 348 etiam
1537 300 1589 348 m
1637 292 1777 347 libro
1807 296 1850 353 Α
1876 290 2032 346 lonso
2082 291 2157 347 ita
2202 291 2465 363 describi,
2526 304 2583 350 ut
2634 311 2734 366 per
2786 297 3049 355 incuriam
3105 264 3467 371 praetermissa

188 395 457 457 Ildefonsi.
516 391 622 447 Alii
699 388 964 456 Codices,
1013 387 1103 457 qui
1150 386 1340 440 librum
1396 385 1581 440 Isidori
1635 384 1775 440 refe-

189 505 356 556 runt,
422 488 617 543 librum
672 481 922 539 Ildefonsi
981 481 1251 536 omittunt.
1331 478 1510 533 Codex
1566 479 1777 534 Vatica-

188 602 286 641 nus
316 581 478 647 4877,
517 580 571 634 in
615 593 740 649 quo,
773 572 1132 644 praetermisso
1180 572 1368 627 lsidori
1402 571 1557 635 libro,
1598 580 1776 627 exstat

187 677 324 735 liber
366 672 638 729 lldel‘onsi.
682 685 802 725 cum
854 668 937 723 his
987 666 1157 722 tribus
1208 664 1355 734 facit,
1408 668 1483 720 vir
1536 668 1775 723 doctrina

188 769 414 825 simul...
448 766 491 819 is
518 765 602 835 qui
627 762 874 825 audisset,
899 770 1004 814 etc.

260 859 313 913 7.
346 857 403 911 In
418 856 647 911 editione
661 851 880 906 Patrum
898 850 1281 905 'I'oletanorum
1301 860 1430 905 tom.
1452 851 1489 917 Ι,
1511 867 1630 923 pag.
1646 852 1769 921 288,

189 955 257 1007 ad
297 951 455 1005 verba
486 948 661 1001 auditu
702 947 777 998 bis
807 946 893 1013 qui
925 943 1183 1010 audisset,
1217 944 1329 998 haec
1375 953 1497 997 nota
1548 946 1773 1013 margini

188 1043 488 1115 appingitur
518 1058 530 1092 :
557 1040 643 1093 Bts
670 1038 857 1110 legitur
879 1038 931 1090 in
958 1037 1081 1090 edit.
1107 1053 1246 1091 omn.
1273 1034 1385 1091 Nos
1402 1040 1453 1091 in
1476 1036 1581 1093 Ms.
1606 1039 1769 1096 Tolct.

184 1138 401 1209 legimus
448 1150 549 1201 uts,
604 1132 740 1204 quod
786 1148 891 1185 non
933 1132 1171 1193 cohteret,
1222 1132 1320 1183 nisi
1362 1133 1495 1185 male
1524 1134 1773 1204 scriptum

182 1229 411 1284 dicamus
456 1240 539 1280 ttts
577 1241 670 1295 pro
710 1239 755 1278 ts
796 1224 849 1275 in
888 1220 1188 1277 nominandi
1238 1238 1358 1274 casu
1393 1238 1409 1275 :
1458 1240 1570 1291 qttte
1623 1225 1771 1279 lectio

181 1318 417 1377 omnibus
444 1326 575 1371 esset
606 1314 913 1387 probanda:
944 1314 1042 1367 nisi
1070 1315 1293 1385 placeret
1318 1329 1405 1368 Vtx
1427 1333 1519 1383 pro
1548 1333 1623 1371 ms
1650 1334 1773 1371 con-

179 1413 382 1485 iectari.
427 1404 636 1464 Revera
665 1407 798 1463 satis
827 1405 1078 1473 frequens
1104 1413 1204 1470 est,
1246 1412 1309 1461 ut
1347 1406 1399 1461 in
1449 1408 1772 1465 membranis

180 1505 258 1558 his
285 1519 384 1573 pro
407 1502 455 1555 is
476 1510 754 1555 exaratum
786 1498 1099 1568 reperiatur.
1127 1494 1239 1551 [mo
1257 1495 1546 1566 Cajetanus
1573 1515 1638 1553 ex
1674 1502 1769 1556 llis.

178 1593 457 1650 Casinensi
490 1591 656 1647 edidit
686 1591 728 1644 is
753 1606 771 1644 :
803 1605 921 1659 quae
949 1588 1213 1657 scriptura
1240 1603 1359 1643 sese
1386 1587 1502 1643 Nic.
1535 1590 1771 1646 Antonio

1883 384 2079 439 fuerint
2123 385 2235 441 lucc
2286 386 2451 441 verba
2501 387 2736 443 :librum
2792 391 2856 445 de
2911 388 3108 448 Genera
3159 394 3462 465 oﬁiciorum,

1880 473 2067 529 librum
2101 475 2474 531 Promiorum
2507 495 2519 531 :
2546 480 2686 548 quod
2718 479 2906 535 vitium
2939 486 2991 535 in
3034 482 3199 537 altera
3230 483 3468 539 editione

1879 566 2084 621 recenti
2130 568 2235 638 27
2267 566 2563 622 Malritensi
2608 572 2823 640 pariter
2856 574 3115 627 occurrit;
3144 572 3218 627 Ea
3249 575 3469 629 omissio

1881 658 2197 727 typographi
2216 659 2550 714 occasionem
2576 663 2773 718 erroris
2794 665 3020 734 praebuit
3050 664 3166 721 Nic.
3191 666 3452 734 Antonio,

1877 748 1970 816 qui
2000 748 2249 805 Ildefousi
2280 753 2443 807 verba
2471 753 2539 809 de
2566 754 2769 813 Isidoro
2796 772 2902 813 non
2934 760 2986 814 in
3015 761 3131 829 ipso
3159 759 3297 816 libro
3323 761 3465 816 lide-

1878 842 2013 899 l‘onsi
2060 846 2127 900 de
2176 846 2287 901 Vir.
2338 846 2559 915 lllustr.,
2606 849 2699 905 sed
2752 850 2803 904 in
2852 850 3255 918 Prolegomenis
3283 849 3471 907 Grialii

1877 935 2107 1007 legebat.
2143 938 2349 995 Asserit
2378 940 2416 995 l.
2446 956 2481 995 v
2519 934 2654 998 Bibl.
2695 941 2842 1007 νει,
2879 956 2932 996 ιι.
2974 940 3109 1009 126,
3147 934 3470 997 Illel‘nnsum

1876 1046 1984 1086 non
2031 1048 2485 1089 commemorasse
2538 1034 2727 1089 Isidori
2775 1035 2966 1090 librum
2998 1034 3066 1090 de
3099 1034 3212 1090 Vir.
3243 1035 3469 1103 lliustr.,

1876 1137 2051 1191 neque
2078 1124 2213 1178 duos
2232 1124 2368 1180 alios
2388 1126 2455 1179 de
2469 1122 2623 1181 Olllc.
2651 1124 2880 1191 Eccl“es.,
2909 1143 2973 1183 ac
2996 1142 3183 1183 rursus
3208 1144 3353 1183 num.
3370 1128 3471 1181 Mli

1875 1221 1930 1268 et
1944 1213 2356 1279 147conlirmat,
2370 1215 2692 1272 lldel‘onsum
2715 1219 2895 1288 operis
2905 1216 3317 1284 Prommiorum,
3337 1230 3390 1273 et
3403 1218 3471 1274 de

1874 1306 2082 1363 Eccles.
2114 1307 2266 1365 Olllc.
2302 1310 2500 1364 nullam
2526 1308 2715 1366 fecisse
2747 1311 3096 1367 mentionem.
3124 1311 3315 1365 Mirum
3348 1328 3471 1365 nos-

1877 1408 1953 1452 tro
1982 1400 2257 1467 excidisse,
2294 1402 2509 1472 reponit
2536 1400 2795 1473 Bayerius
2838 1402 2892 1455 in
2940 1411 3087 1469 nota,
3115 1402 3250 1473 quod
3272 1402 3467 1472 ﬁliorum

1877 1490 2071 1547 Isidori
2115 1493 2366 1549 librorum
2417 1494 2720 1565 “defensus
2773 1496 3075 1549 recordatus
3132 1511 3233 1550 non
3288 1496 3465 1567 fuerit.

1875 1586 1999 1652 Sed,
2057 1594 2114 1641 ut
2164 1587 2296 1654 dixi,
2347 1588 2462 1644 Nic.
2514 1588 2780 1643 Antonius
2821 1589 3102 1658 exemplar
3150 1588 3471 1657 negligentia

177 1687 430 1761 probavit
470 1683 725 1740 Biblioth.
759 1679 878 1737 νει.
910 1681 946 1735 l.
988 1698 1038 1745 ν,
1073 1698 1127 1735 ιι.
1158 1676 1255 1747 85,
1284 1697 1334 1735 c.
1367 1681 1419 1735 5.
1454 1682 1561 1755 26
1590 1682 1773 1753 Neque
1806 1694 1848 1752 Β
1879 1679 2197 1747 typograplti
2232 1678 2605 1749 depravatum,
2629 1694 2725 1735 seu
2760 1680 3003 1735 mutilum
3044 1694 3154 1750 prae
3182 1679 3351 1735 oculis
3374 1679 3471 1734 lia-

176 1778 591 1851 praetermittam
622 1786 927 1840 Observare,
952 1772 1068 1829 bzec
1085 1773 1265 1839 verba,
1300 1791 1363 1827 ea:
1384 1792 1481 1845 quo
1500 1775 1678 1828 audita
1701 1774 1799 1829 bis

175 1875 262 1947 qui
289 1873 545 1937 audisset,
576 1886 676 1925 non
707 1869 807 1923 nisi
833 1868 1052 1938 repetita
1080 1867 1266 1937 saepius
1297 1867 1713 1936 commendaret,
1745 1885 1775 1923 a

177 1964 373 2022 Loaisa
428 1966 483 2021 in
537 1961 745 2019 Concil.
802 1958 977 2031 Hisp.,
1037 1959 1117 2013 uti
1172 1959 1335 2013 etiam
1374 1974 1401 2012 a
1445 1957 1692 2014 Fabricio
1724 1960 1777 2013 in

175 2055 435 2113 Biblioth.
469 2054 674 2111 Eccles.
716 2052 938 2108 omnino
982 2051 1252 2122 praeterita
1297 2049 1481 2106 fuisse.
1514 2049 1592 2106 Ita
1628 2060 1776 2108 certe

75 2149 79 2153 ’
174 2145 469 2204 dillicultas
500 2147 678 2202 omnis
708 2143 963 2199 eluditur.

244 2232 297 2287 8.
340 2232 615 2293 Namsive
643 2229 738 2298 bis,
772 2230 884 2285 sive
910 2230 1010 2298 his,
1042 2230 1157 2285 sive
1182 2230 1248 2295 is,
1281 2230 1394 2285 sive
1417 2233 1503 2285 vix
1534 2232 1771 2302 legatur,

172 2338 280 2379 non
329 2327 463 2380 satis
492 2325 637 2380 clara
686 2331 769 2377 est
812 2323 1101 2378 sententia.
1159 2321 1361 2377 Padilla
1415 2322 1637 2379 Centur.
1679 2340 1771 2394 \‘Il,

171 2434 295 2491 cap.
336 2418 426 2472 22.
471 2416 673 2473 Hister.
721 2413 925 2471 Eccles.
958 2415 1107 2486 llisp.
1152 2417 1224 2470 ita
1275 2414 1563 2487 Hispanice
1609 2419 1774 2473 verba

170 2507 427 2566 lldel‘onsi
456 2508 718 2566 reddebat
751 2526 764 2560 :
800 2507 969 2562 Ponia
1002 2517 1217 2577 espanto
1260 2525 1291 2561 ει
1320 2508 1397 2561 los
1420 2525 1515 2579 que
1542 2507 1589 2562 le
1629 2509 1774 2575 oian,

166 2620 198 2673 y
224 2603 483 2658 deseauan
514 2602 592 2656 oir
619 2600 680 2654 de
700 2599 749 2654 el
775 2598 825 2653 lo
852 2617 946 2667 que
976 2618 1041 2670 ya
1063 2610 1207 2653 atras
1231 2616 1374 2653 veces
1396 2601 1548 2653 avian
1572 2599 1712 2663 oido,
1742 2618 1775 2671 ξ]

165 2686 496 2752 bolriendolo
543 2714 573 2747 α
607 2696 688 2748 oir
722 2695 795 2746 les
825 2710 915 2746 era
954 2710 1064 2746 mas
1092 2709 1265 2756 suave,
1296 2711 1327 2762 υ
1354 2700 1560 2764 gustoso
1592 2692 1641 2745 lo
1681 2710 1777 2763 que

164 2789 337 2843 decia.
365 2788 443 2842 Ita
477 2787 588 2841 lere
618 2784 893 2839 Florezius
922 2793 1051 2837 tom.
1079 2781 1169 2843 IX,
1204 2798 1325 2853 pag.
1349 2781 1471 2843 195,
1497 2783 1763 2835 Pasmaba

161 2896 195 2931 α
216 2888 446 2950 quantos
470 2878 516 2931 le
542 2876 685 2939 oian,
718 2874 978 2927 deseando
1020 2873 1167 2928 (atlas
1211 2873 1339 2928 oirle
1370 2873 1776 2942 repetidament'e

163 2986 259 3039 por
285 2969 337 3023 el
368 2968 568 3038 deleyte
598 2970 662 3019 de
690 2981 749 3018 su
789 2964 1043 3031 aﬂuencia
1073 2980 1104 3033 ῃ
1134 2962 1407 3017 suavidad.
1455 2963 1566 3017 Nec
1617 2963 1775 3017 dissi-

163 3060 275 3116 mili
312 3061 479 3115 modo
509 3058 789 3114 Cellierius
814 3065 944 3109 tom.
970 3053 1111 3109 XVII
1143 3056 1384 3124 exponit,
1417 3070 1533 3120 eos,
1568 3056 1659 3124 qui
1691 3054 1772 3110 bis
1802 3081 1849 3143 ρ

164 3151 477 3216 audierant,
526 3149 688 3204 etiam
736 3146 932 3217 saepius
986 3146 1215 3215 repetita
1270 3160 1377 3198 non
1428 3143 1769 3200 fastidivisse.

164 3242 374 3300 Auctor
404 3256 624 3313 quoque
648 3239 780 3295 Vitae
796 3237 1015 3294 Gallicze
1030 3240 1084 3293 S.
1110 3237 1320 3302 lsidOri,
1341 3238 1409 3293 de
1432 3254 1540 3309 quo
1565 3252 1687 3308 cap.
1709 3237 1780 3291 84

171 3329 370 3400 dicam,
425 3330 694 3399 intelligit,
737 3328 999 3383 Isitlorum
1043 3336 1171 3383 tunc
1213 3329 1447 3383 maxime
1484 3328 1773 3398 placuisse,

171 3439 293 3479 cum
340 3441 459 3480 rem
501 3424 749 3480 eamdem
792 3423 988 3493 smpius
1039 3431 1330 3492 repeteret,
1380 3433 1567 3478 contra
1617 3437 1777 3491 quam

170 3516 417 3573 accidere
467 3514 626 3580 solet,
652 3522 711 3569 ut
739 3513 1014 3569 auditores
1040 3527 1221 3569 rerum
1243 3514 1485 3569 novitate
1504 3515 1779 3584 praecipue

171 3606 527 3665 delectentur.
576 3606 748 3674 Quem
802 3621 903 3676 ego
958 3606 1174 3677 quidem
1223 3611 1442 3661 senSum
1492 3607 1546 3661 in
1588 3607 1777 3663 verbis

170 3696 423 3757 lldefonsi
448 3717 556 3757 non
574 3714 852 3768 assequar.
875 3699 1102 3755 Retenta
1130 3701 1395 3769 scriptura
1419 3700 1779 3755 communiori

178 3792 351 3847 audita
382 3793 485 3859 bis,
506 3802 755 3865 putarem
785 3790 1047 3861 explicari
1074 3790 1124 3844 id
1153 3805 1313 3860 posse
1336 3792 1404 3845 de
1436 3790 1665 3845 mirabili
1686 3792 1776 3844 illa

175 3882 447 3941 afﬂuentia
500 3894 555 3940 et
600 3884 845 3938 ubertate
893 3881 1082 3937 lsidori
1136 3882 1190 3937 in
1240 3882 1565 3951 eloquendo,
1616 3895 1777 3950 quam

175 3969 475 4030 lldel‘onsus
499 3974 777 4045 praedicat,
804 3987 909 4041 qua
938 3973 1146 4028 scilicet
1186 3973 1260 4026 ita
1298 3973 1466 4026 multa
1508 3980 1681 4047 atque
1702 3972 1775 4027 ita

175 4065 437 4123 velociter
480 4065 712 4122 Isidorus
757 4065 898 4121 inter
946 4064 1309 4134 eloquendum
1348 4064 1673 4135 explicabat,
1718 4074 1778 4119 ut

178 4158 301 4213 satis
328 4176 443 4216 non
483 4167 644 4222 esset,
684 4173 809 4213 eum
844 4158 911 4212 de
957 4156 1144 4215 iisdem
1187 4158 1350 4212 rebus
1390 4156 1558 4211 semel
1611 4165 1775 4226 atque

180 4248 366 4305 iterum
394 4250 603 4316 audire,
634 4248 725 4304 sed
766 4256 1045 4319 oporteret
1099 4257 1159 4303 ut
1209 4247 1404 4319 saepius
1432 4261 1770 4318 sermonem,

182 4352 333 4409 quem
360 4344 484 4415 quis
514 4341 792 4397 memoriae
819 4341 1203 4396 commendare
1226 4340 1407 4406 vellet,
1438 4347 1729 4410 repeteret.

1880 1768 1995 1822 buit
2042 1787 2055 1822 :
2112 1770 2356 1839 adeoque
2410 1771 2761 1827 excusatione
2810 1772 3001 1840 dignus
3044 1770 3215 1826 videri
3269 1778 3470 1841 potest.

1880 1860 2035 1926 Quod
2061 1870 2238 1915 autem
2274 1863 2413 1917 idem
2454 1863 2561 1932 ait,
2590 1863 2783 1918 librum
2814 1862 3001 1919 Isidori
3032 1862 3099 1918 de
3132 1862 3239 1919 Vir.
3272 1861 3469 1919 lllustr.

1879 1952 1945 2005 ab
1973 1951 2243 2009 ldefonso
2281 1963 2763 2010 commemoratum
2814 1971 2919 2011 non
2966 1955 3148 2023 fuisse,
3199 1970 3383 2010 verum
3413 1954 3468 2011 id

1883 2043 2099 2112 quidem
2129 2053 2231 2113 est,
2262 2045 2307 2101 si
2337 2046 2406 2100 de
2434 2046 2612 2117 elogio
2658 2046 2867 2113 Isidori,
2920 2048 3024 2103 hoc
3053 2056 3136 2104 est
3177 2047 3244 2103 de
3286 2064 3404 2118 cap.
3439 2048 3472 2103 9

1882 2134 2002 2189 libri
2061 2134 2317 2193 Ildel’onsi
2369 2152 2549 2193 sermo
2597 2138 2675 2192 sit
2718 2156 2731 2192 :
2785 2137 3019 2209 alioquin
3076 2136 3372 2194 Ildel'Onsus
3416 2139 3473 2196 in

1878 2226 2198 2295 prmfatione
2246 2230 2313 2283 ad
2371 2228 2563 2285 librum
2616 2242 2770 2286 suum
2827 2230 2894 2286 de
2947 2230 3057 2286 Vir.
3108 2230 3305 2287 Iil’ustr.
3349 2238 3471 2301 post

1878 2318 2264 2393 Hieronymum
2307 2321 2781 2395 Gennadiumque,
2841 2326 2910 2380 de
2966 2325 3117 2381 Viris
3176 2325 3471 2380 illustribus

1877 2416 2191 2487 scriptores,
2245 2418 2323 2472 sic
2368 2417 2633 2474 lsidorum
2682 2419 3027 2475 commendat
3075 2438 3087 2473 :
3142 2417 3343 2474 Deinde
3392 2421 3470 2473 vir

1876 2511 2307 2578 prudentissimus
2346 2511 2676 2584 Hispalensis
2734 2514 2871 2567 sedis
2920 2511 3158 2567 Isidorus
3205 2513 3471 2581 episcopus

1877 2603 2056 2657 eodem
2082 2603 2239 2657 ductu
2268 2620 2493 2676 quosque
2522 2605 2654 2659 viros
2682 2607 2905 2675 Optimos
2929 2605 3140 2675 reperit,
3168 2605 3222 2657 in
3252 2610 3471 2658 annota-

1881 2694 2069 2747 tionem
2106 2694 2398 2767 subjunxit.

2503 2803 2736 2859 CAPUT
2776 2804 2863 2859 Vl.

1953 2891 2136 2946 Obitus
2168 2892 2227 2964 Β.
2264 2893 2458 2948 lsidori
2493 2912 2525 2946 a
2561 2892 2838 2964 Redcinpto
2869 2893 3066 2948 Clerico
3098 2895 3399 2962 recensitus,

2177 2963 2353 3018 Varia!
2373 2965 2616 3019 lectiones
2644 2983 2711 3019 ex
2731 2963 2856 3021 mss.
2889 2964 3181 3020 Codicibus.

1949 3054 2001 3108 1.
2041 3073 2060 3105 ι
2090 3055 2274 3111 Visum
2298 3065 2383 3110 est
2414 3058 2577 3123 milii,
2606 3066 2663 3111 ut
2692 3066 2795 3111 tute
2824 3057 3095 3112 sanctitati
3124 3057 3365 3111 breviter
3381 3072 3470 3111 exs

1882 3158 2161 3214 ponerem,
2194 3147 2427 3215 qualiter
2452 3147 2607 3203 boum
2636 3149 3031 3204 recordationis
3048 3149 3298 3204 dominus
3322 3163 3472 3204 meus

1882 3236 2136 3304 Isidorus,
2163 3237 2493 3308 llispalensis
2524 3239 2777 3296 Ecclesia:
2798 3241 3243 3312 metropolitanus
3266 3241 3475 3312 episco-

1881 3343 2014 3400 pus,
2044 3332 2418 3400 poenitentiam
2452 3334 2757 3403 acceperit,
2791 3347 3052 3402 suamque
3080 3333 3473 3389 confessionem

1882 3434 2010 3491 erga
2049 3422 2215 3477 Deum
2266 3424 2352 3477 vel
2394 3425 2647 3480 homines
2678 3424 2955 3488 habuerit;
2986 3423 3069 3478 vel
3106 3422 3380 3494 quomodo
3407 3422 3474 3478 de

1882 3515 1983 3569 hoc
2026 3515 2224 3570 smculo
2254 3515 2321 3570 ad
2351 3517 2545 3571 castum
2589 3518 2861 3586 migrarit,
2893 3515 3033 3571 ﬁdeli
3065 3516 3474 3586 pmttotationis

1881 3620 2015 3661 mem
2045 3607 2221 3678 stylo,
2259 3615 2362 3662 tua:
2407 3608 2680 3663 dilectioni
2712 3618 3068 3663 notescerent.
3098 3610 3228 3675 Quae
3270 3623 3357 3663 res
3387 3623 3473 3663 me

1880 3699 2109 3769 primum
2154 3699 2419 3768 compulit
2456 3714 2555 3769 pro
2604 3700 2704 3754 hac
2751 3698 3144 3764 sollicitudine,
3196 3713 3358 3768 quam
3404 3712 3473 3756 ex
3568 3756 3569 3763 η

1879 3809 2063 3847 amore
2091 3793 2142 3847 in
2172 3808 2292 3847 eum
2320 3792 2542 3858 ollertis,
2573 3802 2766 3848 vestrae
2787 3794 3035 3848 charitati
3059 3793 3263 3862 gratias
3290 3805 3470 3862 agere:

1880 3882 2098 3947 deinde,
2123 3884 2245 3952 quia
2280 3897 2405 3937 vera
2429 3886 2768 3953 supprimere
2798 3900 3036 3954 nequeo,
3061 3894 3118 3941 et
3138 3884 3285 3954 quod
3315 3885 3383 3940 de
3403 3900 3472 3941 eo

1880 3990 2052 4050 pauca
2078 3980 2144 4034 de
2169 3979 2353 4035 multis
2377 3979 2631 4049 colligere
2660 3980 2833 4051 potui,
2863 3987 2918 4035 te
2946 3988 3157 4047 orante,
3185 3979 3364 4035 dicere
3387 3993 3474 4034 co-

1877 4085 1994 4140 gor.
2030 4071 2162 4125 Dum
2196 4071 2353 4126 linem
2384 4087 2571 4137 suum,
2603 4072 2785 4128 nescio
2814 4086 2916 4142 qua
2966 4078 3146 4134 Sorte,
3201 4070 3313 4142 jam
3341 4084 3471 4141 pro-

1876 4163 2109 4234 spicerct
2143 4205 2158 4229 ,
2205 4172 2260 4218 et
2313 4163 2589 4233 fatigatum
2643 4180 2839 4233 corpus
2895 4163 3212 4236 aegritudine
3263 4164 3474 4223 assidua

1874 4256 2144 4311 subtiliter
2165 4256 2356 4310 animae
2380 4264 2563 4310 natura
2590 4256 2929 4327 pnevidcret,
2959 4265 3105 4311 tanta
3128 4257 3474 4328 eleemosyna

1874 4350 2200 4419 quotidianis
2227 4350 2415 4407 diebus
2440 4366 2537 4421 per
2556 4366 2650 4405 sex
2674 4366 2811 4421 pene
2833 4367 3045 4407 menses
3062 4392 3077 4417 ,
3108 4367 3202 4407 seu
3223 4352 3472 4421 amplius,

247 4432 299 4487 9-
342 4434 420 4490 AC
450 4433 679 4489 l'Ol‘li’lsse
708 4432 813 4487 huc
853 4432 1086 4502 νενιίιιθι
1123 4431 1267 4500 (ἰυοά
1313 4429 1454 4501 aill“i
1480 4430 1772 4500 δθτίρῑοτθε
1802 4470 1848 4530 D
1876 4442 1996 4512 plus
2020 4458 2179 4512 quam
2211 4451 2327 4496 erat
2347 4443 2556 4511 solitus,
2581 4442 2909 4514 pauperibus
2938 4443 3087 4498 abeo
3116 4450 3197 4498 est
3226 4451 3469 4510 erogata,

183 4525 293 4593 ejus
324 4530 423 4583 :cvi
455 4526 816 4582 commendare
858 4525 1200 4595 antiphonam
1239 4531 1355 4578 erat
1398 4523 1569 4593 prima
1620 4522 1763 4577 anti-

185 4619 368 4687 piionie
395 4623 557 4676 verba
587 4619 898 4690 prmcinere,
928 4626 987 4671 ut
1012 4617 1148 4672 alter
1184 4616 1307 4671 inde
1348 4631 1543 4672 canere
1570 4627 1764 4685 perge-

186 4719 279 4762 ret.
315 4710 387 4766 De
414 4712 686 4767 rhetorica
715 4720 831 4765 arte
860 4710 973 4765 huic
999 4706 1235 4765 Isidorus
1258 4710 1293 4763 ι.
1318 4725 1377 4777 ιι,
1406 4724 1456 4764 c.
1484 4707 1537 4773 2,
1573 4707 1769 4761 Trans-

186 4800 284 4854 lata
306 4804 359 4856 in
391 4801 635 4857 Latinum
662 4819 696 4857 a
724 4800 893 4856 Tullio
925 4801 1188 4866 videlicet,
1215 4810 1266 4854 et
1303 4798 1649 4864 Quintiliano,
1679 4798 1769 4852 sed

186 4892 253 4944 ita
276 4898 497 4965 capiose,
517 4897 592 4950 ita
605 4896 763 4961 varie,
779 4902 836 4947 ut
855 4911 970 4949 eam
991 4894 1170 4947 lectori
1188 4893 1508 4946 admirariin
1531 4901 1770 4961 promptu

191 4986 271 5052 sil,
297 4989 724 5059 comprehendere
748 4986 1083 5055 impossibile.
1113 4984 1256 5039 Nam
1278 4967 1589 5039 membranis
1609 4992 1772 5037 reten-

193 5077 269 5143 tis,
308 5085 449 5152 qunsi
479 5081 786 5137 adhwrescit
809 5080 1069 5134 memoria:
1091 5078 1247 5133 series
1277 5076 1540 5141 dictionis,
1566 5091 1627 5129 ac
1650 5090 1770 5128 mox

194 5173 456 5239 repositis,
513 5172 807 5228 recordatio
851 5171 1019 5226 omnis
1083 5169 1323 5225 elabitur.
1386 5167 1521 5221 llinc
1582 5165 1771 5223 Isidori

196 5256 416 5328 elogium
444 5266 781 5336 expressisse
812 5264 1111 5323 Ildefonsus
1134 5265 1363 5331 videtur,
1396 5264 1687 5333 praesertim
1724 5260 1771 5315 si

199 5363 289 5419 pro
337 5359 714 5415 commendaret
778 5358 1020 5429 legamus
1095 5357 1562 5431 comprehenderet.
1620 5354 1767 5412 Idem

200 5454 374 5505 sensus
418 5451 698 5507 commode
736 5452 963 5518 eruitur,
1019 5451 1064 5509 si
1123 5468 1222 5523 pro
1278 5451 1353 5506 bis
1406 5451 1491 5523 qui
1540 5448 1769 5505 audisset

203 5549 477 5608 reponatur
498 5546 548 5600 is
568 5547 654 5619 qui
680 5546 927 5602 audisset.

273 5628 351 5687 I0.
382 5633 776 5693 Advertendum
788 5646 1048 5708 prmterea
1071 5649 1172 5706 est,
1197 5655 1226 5694 a
1243 5639 1446 5695 Grialio
1466 5640 1519 5695 in
1542 5639 1767 5711 prologo

210 5715 442 5786 editionis
462 5727 649 5803 prima
674 5726 999 5789 Matritensis
1022 5730 1271 5808 elogium
1310 5730 1499 5791 Isidori
1530 5750 1597 5790 ex
1618 5732 1765 5791 'llde.

1697 5870 1807 5883 vr‘l“

1874 4541 1935 4587 ut
1964 4534 2030 4587 ab
2071 4542 2194 4587 ortu
2226 4533 2354 4589 solis
2398 4550 2567 4605 usque
2607 4536 2661 4589 in
2695 4544 2980 4604 vesperum
3010 4536 3118 4607 28
3160 4534 3383 4589 multam
3416 4534 3471 4589 in

1870 4626 2230 4696 dispergendo
2278 4636 2575 4697 occupatus
2622 4635 2867 4682 maneret
2911 4627 3309 4701 substantiam.
3336 4624 3472 4681 Post

1872 4717 1985 4773 lucc
2010 4718 2236 4774 vulnere
2259 4732 2547 4788 percussus
2575 4727 2675 4782 est,
2710 4719 2779 4772 ita
2811 4728 2889 4787 ut,
2918 4718 3041 4772 dum
3074 4718 3239 4775 febris
3265 4718 3317 4772 in
3350 4733 3471 4772 cor-

1873 4827 2005 4882 pore
2034 4812 2456 4875 convalesceret,
2478 4821 2531 4865 et.
2551 4812 2729 4866 cibum
2758 4810 3007 4880 rejiceret
3028 4811 3337 4866 debilitatus
3360 4818 3471 4865 sto-

1878 4904 2123 4971 machus,
2165 4902 2233 4957 ad
2263 4903 2633 4971 patnitentiam
2660 4904 2964 4969 convaluit;
2998 4913 3158 4973 atque
3184 4910 3310 4959 suos
3338 4918 3471 4959 coc-

1879 4998 2156 5067 piscopos,
2188 4997 2449 5051 Joannem
2480 4996 2685 5051 scilicet
2712 5002 2767 5051 et
2807 4995 3082 5067 Epartium
3130 4995 3473 5052 beatissimos

1878 5102 2003 5141 nios
2028 5088 2217 5141 adesse
2248 5086 2373 5142 fecit
2401 5093 2714 5156 prwsentes.
2746 5084 2812 5140 Et
2836 5086 2963 5142 dum
3001 5100 3030 5140 a
3060 5086 3251 5142 cellula
3277 5099 3372 5142 sua
3400 5083 3469 5141 ad

1883 5177 2159 5233 basilicam
2180 5178 2238 5233 S.
2264 5178 2529 5234 Vincentii
2552 5180 2802 5250 martyris
2843 5178 3220 5245 adduceretur,
3271 5186 3466 5234 cuncta

1880 5271 2093 5340 agmina
2139 5286 2451 5342 pauperum,
2497 5270 2856 5335 clericorum,
2918 5270 3293 5341 religiosorum
3342 5282 3463 5321 om-

1880 5363 2023 5419 nium
2049 5403 2064 5427 ,
2097 5372 2513 5432 cunctarumque
2562 5362 2720 5430 hujus
2750 5361 2982 5418 civitatis
3030 5361 3265 5433 plebium
3292 5401 3306 5426 ,
3339 5370 3462 5413 cum

1878 5458 2100 5513 vocibus
2147 5464 2202 5513 et
2245 5471 2440 5526 magno
2485 5456 2688 5511 ululatu
2734 5470 2857 5511 eum
2899 5460 3295 5525 susceperunt:
3330 5458 3389 5505 ut
3416 5451 3463 5505 si

1875 5549 2107 5606 ferreum
2140 5550 2439 5620 possideret
2460 5550 2726 5619 quispiam
2756 5557 2943 5621 pectus
2961 5589 2974 5613 ,
3000 5549 3304 5603 solveretur
3331 5556 3461 5598 mox

1877 5645 1928 5699 in
1962 5644 2223 5716 lacrymas
2246 5651 2301 5696 et
2338 5642 2634 5696 lamentum
2666 5652 2830 5700 totus.
2865 5640 2965 5705 Et,
2986 5639 3110 5693 dum
3139 5638 3195 5691 in
3224 5635 3466 5707 praedicti

1876 5736 2126 5809 martyris
2169 5733 2422 5803 basilica,
2448 5731 2606 5804 juxta
2650 5736 2834 5799 altaris
2870 5729 3165 5790 calicellum
3202 5729 3256 5785 in
3284 5728 3521 5843 mediQ\
