4048 6364
585 314 649 375 3i
1320 321 1410 375 ΑΙ)
1448 320 1677 379 ΟΡΕΒΑ
1716 325 1773 379 S.
1816 316 2534 378 ISIDOIlI-lllSPAl.l“.NSIS
2578 318 3109 385 PROLEGUMENA.

3808 334 3887 389 Si

586 450 877 513 poneretur
896 442 1084 507 choro,
1111 442 1394 497 mulierum
1418 442 1601 497 turbas
1624 441 1831 510 longius
1857 448 2000 494 stare
2030 452 2164 508 prze-
2190 435 2243 493 Α
2268 440 2658 495 confessionem
2677 480 2692 505 ,
2740 443 2826 498 vel
2877 445 3204 511 orationem,
3256 446 3521 503 residuam
3562 452 3760 520 egenis
3821 463 3887 508 et

585 535 749 607 cepit,
765 544 822 590 ut
848 534 899 589 in
923 534 1235 604 accipiendo
1263 535 1377 604 ipse
1398 534 1785 603 paenitentiam,
1801 533 2035 586 virorum
2052 540 2169 585 tan-

585 636 729 692 tum,
772 642 881 683 non
910 627 1120 685 illarum
1139 667 1154 691 ,
1188 627 1332 681 circa
1358 641 1480 680 eum
1519 632 1832 680 cerneretur
1858 622 2163 692 praesentia.

584 716 668 785 Et,
713 719 838 773 dum
869 734 899 773 a
936 718 1207 789 pnedictis
1234 717 1621 784 sacerdotibus,
1649 716 1716 770 ab
1748 730 1855 769 uno
1885 714 2118 769 cilicium
2145 754 2165 782 ,

582 810 652 865 ab
681 810 850 864 altero
880 826 1044 879 super
1069 823 1128 865 se
1154 809 1293 863 mitti
1326 815 1642 878 exposceret
1668 807 1932 872 cinerem,
1962 820 2167 875 expan-

582 901 716 957 dens
751 917 945 955 manus
983 901 1046 955 ad
1079 901 1309 967 ctelum,
1355 901 1425 954 ita
1455 914 1683 954 exorsus
1726 908 1809 953 est
1838 898 2058 955 dicens:
2084 896 2165 952 Tu

582 997 746 1067 Deus,
768 1000 859 1069 qui
890 998 1029 1055 nosti
1060 998 1220 1053 corda
1251 997 1525 1052 hominum
1566 1004 1623 1051 et
1674 997 1960 1067 publicano
2008 996 2166 1063 longe

581 1092 781 1162 posito,
812 1092 936 1146 dum
969 1100 1156 1161 pectus
1185 1100 1490 1161 percuteret
1518 1107 1698 1157 suum,
1728 1091 1919 1145 dimitti
1944 1100 2163 1162 peccata

581 1184 828 1251 dignatus
848 1200 906 1237 es
936 1182 1083 1253 (Luc.
1112 1183 1260 1251 xvm)
1279 1202 1289 1235 :
1311 1184 1402 1253 qui
1430 1182 1693 1237 Lazarum
1718 1184 2070 1237 dormientem
2096 1182 2165 1237 de

579 1283 929 1330 monumento
946 1284 1065 1344 post
1078 1276 1465 1329 resolutionem
1480 1275 1658 1329 carnis
1674 1274 1957 1342 diequarta
1979 1274 2133 1342 digna
2146 1304 2162 1316 ο

580 1372 664 1420 tus
703 1381 760 1420 es
786 1366 1107 1421 resuscitare
1139 1365 1319 1436 (Joan.
1353 1366 1453 1435 xi),
1498 1374 1554 1419 et
1583 1366 1807 1420 Abrahae
1849 1366 2164 1435 patriarcha:

576 1457 724 1511 sinus
765 1472 886 1511 eum
931 1458 1229 1528 reciperet,
1262 1458 1514 1523 voluisti;
1561 1459 1776 1527 suscipe
1816 1459 1867 1511 in
1899 1458 2001 1513 hac
2032 1460 2161 1513 hora

574 1546 971 1602 confessionem
1014 1563 1213 1611 meam,
1263 1556 1317 1603 et
1357 1557 1597 1617 peccata,
1642 1565 1761 1618 qum
1797 1550 2165 1606 innumerabi-

571 1636 695 1693 liter
715 1639 998 1705 contraxi,
1027 1638 1095 1692 ab
1118 1638 1289 1693 oculis
1320 1641 1549 1694 transler
1590 1641 1695 1695 tuis
1728 1659 1741 1694 :
1776 1657 1883 1696 non
1912 1643 2162 1699 reminis-

572 1732 714 1786 caris
745 1732 885 1785 mala
917 1747 1060 1799 mea,
1083 1741 1137 1786 et
1179 1733 1476 1801 juventutis
1502 1734 1696 1789 delicta
1734 1751 1801 1790 ne
1829 1736 2158 1791 memineris.

2271 535 2591 604 pauperibus
2613 552 2736 592 mox
2760 538 2872 593 dari
2891 539 3361 610 jussitpecuniatn.
3378 543 3476 599 Cui
3501 554 3685 601 tamen
3720 548 3882 605 ﬁdeli

2269 624 2339 677 sit
2391 626 2636 693 dubium,
2688 638 2745 681 ut
2792 646 2897 684 non
2929 632 3083 686 satim
3124 632 3345 687 dimisso
3390 637 3536 691 omni
3574 638 3879 705 facinore,

2269 714 2627 771 associaretur
2655 718 3006 775 societatibus
3041 722 3389 789 angelorum?
3432 722 3642 781 Interea
3691 743 3757 783 se
3800 730 3878 783 ab

2269 807 2518 862 omnibus
2566 809 2797 864 osculari
2827 811 3049 875 studuit,
3080 814 3264 868 dicens
3296 833 3307 866 :
3341 813 3396 869 Si
3427 832 3491 869 ex
3540 825 3657 872 toto
3692 820 3877 874 corde

2268 898 2575 955 dimiseritis
2603 917 2663 955 ea
2694 912 2828 971 ‘qua:
2877 904 2927 957 in
2970 920 3067 958 vos
3096 906 3317 960 adversa
3350 907 3433 961 vel
3464 922 3628 977 prava
3686 926 3874 979 usque

2269 989 2527 1047 hactenus
2579 993 2765 1055 intuli,
2796 996 3027 1051 dimittet
3069 997 3217 1051 vobis
3247 998 3472 1052 Creator
3509 1000 3871 1069 omnipotens

2269 1082 2445 1136 omnia
2478 1083 2671 1141 delicta
2701 1096 2874 1141 vestra
2910 1105 2921 1139 :
2949 1088 3022 1141 ita
3053 1098 3110 1141 ut
3138 1089 3275 1143 sacri
3306 1088 3467 1143 fontis
3498 1089 3662 1153 unda,
3694 1105 3869 1158 quam

2269 1174 2427 1230 hodie
2473 1176 2698 1232 devotus
2722 1188 2803 1232 est
2835 1180 3063 1249 papulus
3094 1193 3477 1251 percepturus,
3508 1184 3574 1237 sit
3617 1184 3783 1239 vobis
3810 1186 3866 1240 in

2269 1267 2638 1323 remissionem
2686 1280 3023 1339 peccatorum
3052 1290 3063 1323 :
3090 1281 3143 1325 et
3173 1274 3276 1327 hoc
3306 1274 3545 1328 osculum
3580 1276 3729 1329 inter
3754 1291 3864 1341 me,

2268 1369 2323 1413 et
2349 1375 2444 1414 vos
2470 1371 2686 1416 maneat
2715 1363 2767 1416 in
2796 1364 3160 1417 testimonium
3194 1364 3511 1420 luturorum.
3555 1366 3867 1436 Conpletis

2269 1448 2351 1505 his
2379 1452 2645 1519 omnibus,
2674 1454 2741 1507 ad
2770 1455 3014 1509 cellulam
3044 1456 3296 1511 reductus
3318 1467 3401 1511 est
3434 1478 3443 1508 :
3480 1466 3535 1513 et
3562 1467 3687 1528 post
3714 1458 3862 1513 diem

2268 1543 2625 1599 confessionis
2651 1545 2734 1600 vel
2768 1549 3096 1616 pmnitentiar
3119 1558 3391 1620 quartum,
3416 1552 3749 1619 pastoralem
3770 1550 3862 1619 ju-

2266 1636 2405 1704 giter
2428 1653 2632 1703 curam,
2679 1648 2733 1693 et
2776 1640 2932 1694 linem
2977 1657 3133 1697 suum
3180 1642 3567 1697 consummavit
3613 1642 3667 1695 in
3698 1658 3862 1712 pace,

2268 1742 2445 1781 amen.
2478 1727 2590 1783 Sub
2616 1729 2703 1784 die
2740 1730 2911 1800 pridie
2966 1729 3145 1788 Nonas
3194 1733 3353 1804 Apr.,
3401 1720 3708 1796 lunaxxtt,
3755 1747 3861 1786 mra

572 1818 687 1890 Tu,
720 1823 976 1888 Domine,
1018 1840 1123 1879 non
1172 1826 1396 1894 posuisti
1440 1827 1811 1895 paenitentiam
1849 1826 2036 1895 justis,
2066 1827 2158 1897 qui
2194 1822 2236 1879 Β
2264 1833 2510 1873 DCI-xliv.
2544 1839 2563 1871 ι

575 1928 683 1968 non
717 1924 1080 1983 peccaverunt
1108 1916 1239 1983 tibi,
1286 1918 1380 1973 sed
1410 1919 1537 1974 mihi
1569 1920 1842 1989 peccatori
1862 1960 1877 1986 ,
1908 1921 2000 1989 qui
2030 1935 2159 1991 pec~

574 2006 693 2060 cavi
740 2021 903 2077 super
951 2025 1229 2065 numerum
1274 2027 1450 2067 arente
1491 2014 1654 2069 maris
1701 2012 1849 2085 (Luc.
1878 2015 1991 2083 xv).
2044 2013 2161 2069 Non

576 2098 819 2155 inveniat
848 2102 900 2156 in
929 2117 1015 2157 me
1046 2103 1214 2159 hostis
1239 2106 1491 2175 antiquus
1517 2107 1660 2176 quod
1690 2108 1896 2177 puniat.
1922 2106 2000 2161 Tu
2032 2108 2159 2175 scis,

575 2192 699 2262 quia
730 2202 1011 2264 postquam
1043 2194 1229 2252 infelix
1250 2197 1317 2251 ad
1341 2213 1476 2252 onus
1497 2197 1662 2260 istud,
1697 2200 1873 2267 potius
1905 2215 2066 2270 quam
2094 2199 2163 2254 ad

574 2282 864 2353 honorem,
908 2288 961 2342 in
992 2289 1132 2345 hanc
1159 2300 1399 2345 sanctam
1446 2292 1728 2347 ecclesiam
1775 2294 1990 2363 indigne
2035 2310 2161 2366 per-

575 2379 718 2443 veni,
744 2394 966 2449 peccare
987 2397 1257 2450 nunquam
1280 2383 1437 2438 sinivi
1460 2401 1473 2448 ;
1494 2384 1610 2447 sed,
1634 2394 1693 2439 ut
1713 2386 1894 2456 inique
1921 2402 2158 2455 agerem,

572 2466 839 2525 laboravi.
891 2469 982 2537 Et,
1037 2473 1163 2541 quia
1213 2482 1267 2529 tu
1318 2474 1498 2530 dixisti
1534 2494 1545 2529 :
1578 2476 1638 2531 ln
1677 2493 1997 2549 quacunque
2026 2480 2160 2535 hora

576 2571 831 2632 peccator
853 2579 883 2618 a
915 2565 1013 2619 viis
1042 2566 1151 2620 suis
1195 2568 1478 2623 reverterit
1508 2569 1722 2638 (Ezech.
1759 2570 1939 2642 xvtu),
1974 2588 2162 2629 omnes

576 2654 886 2727 iniquitates
914 2672 1039 2712 suas
1086 2658 1323 2714 traderes
1371 2660 1661 2727 oblivioni;
1697 2662 1853 2731 hujus
1908 2665 2161 2735 prtecepti

574 2763 784 2803 memor
811 2764 929 2803 sum
958 2751 1053 2804 tui.
1077 2748 1264 2805 Clamo
1286 2751 1471 2820 utique
1496 2768 1617 2807 cum
1641 2768 1759 2822 spe,
1790 2761 1845 2808 et
1872 2754 2062 2809 liducia
2094 2756 2161 2809 ad

573 2846 647 2903 te,
680 2839 833 2908 cujus
857 2842 1025 2897 caelos
1054 2842 1297 2912 aspicere
1326 2858 1437 2898 non
1466 2860 1583 2898 sum
1613 2845 1807 2914 dignus
1837 2861 1947 2915 pne
1974 2846 2157 2901 multi-

571 2932 759 2989 tudine
786 2946 1133 3005 peccatorum
1160 2951 1278 3005 que:
1304 2948 1695 2994 conversantur
1718 2939 1771 2993 in
1804 2953 1908 2994 me.
1938 2939 2156 3007 Adesto,

558 3037 629 3083 .et
647 3030 861 3099 suscipe
888 3031 1189 3087 orationem
1222 3048 1422 3100 meam,
1468 3044 1523 3090 et
1553 3036 1683 3090 mihi
1714 3037 1987 3105 peccatori
2017 3036 2159 3091 dona

572 3120 786 3175 veniam
822 3122 1165 3189 postulatam.
1190 3123 1341 3191 Quod
1369 3126 1413 3181 si
1440 3126 1563 3182 coeli
1594 3143 1700 3183 non
1740 3137 1866 3183 sunt
1892 3129 2075 3184 mundi
2107 3128 2159 3183 in

2264 1930 2591 1984 Constantini
2630 1930 2866 2002 Cajetani
2910 1934 2965 1987 in
3008 1936 3321 2002 superiorem
3366 1933 3426 1987 S.
3468 1932 3661 1988 Isiduri
3690 1932 3858 1989 obitus

2505 2002 2900 2071 descriptionem
2931 2016 3068 2058 nota:
3096 2022 3155 2058 ac
3185 2007 3337 2058 varice
3363 2004 3626 2059 lectiones.

2335 2093 2389 2147 Ξ.
2439 2112 2456 2145 ι
2494 2092 2817 2149 Ρτιιιειθι-ιιιιι
2846 2097 2948 2151 hoc
2977 2096 3045 2151 de
3071 2097 3125 2150 S.
3159 2094 3349 2150 lsidori
3382 2105 3558 2151 morte
3602 2099 3854 2152 testimo-

2266 2188 2413 2243 nium
2436 2187 2613 2258 primo
2633 2189 2855 2256 legimus
2873 2189 3012 2243 illius
3024 2185 3287 2257 Operibus
3309 2188 3606 2257 prmlixum,
3628 2190 3856 2242 editum-

2264 2298 2370 2353 que
2402 2282 2631 2346 Malriti,
2660 2283 2854 2337 deinde
2897 2282 3131 2337 Parisiis.
3176 2282 3311 2348 Quid
3342 2284 3407 2337 de
3440 2284 3605 2352 ipsius
3634 2268 3857 2339 auctore

2268 2375 2565 2446 Redempto
2594 2377 2791 2442 dicam,
2825 2393 2930 2431 non
2962 2379 3133 2431 habeo
3164 2396 3177 2429 :
3211 2378 3312 2431 nisi
3343 2376 3489 2447 quod
3520 2394 3585 2431 ex
3614 2376 3856 2444 ejusdem

2265 2472 2373 2541 30
2418 2471 2595 2525 verbis
2653 2479 2909 2540 apparet,
2946 2469 3148 2526 Isidoro
3179 2471 3342 2525 fuisse
3386 2470 3741 2535 familiarem,
3774 2470 3857 2527 vel

2265 2571 2412 2617 certe
2438 2562 2760 2630 discipulqu
2794 2581 2806 2615 :
2838 2572 3002 2633 atque
3046 2580 3163 2618 eam
3196 2565 3363 2634 ipsam
3413 2564 3760 2631 scriptionem
3790 2566 3855 2620 ad

2266 2657 2577 2727 episcopum
2620 2657 2849 2726 aliquem
2898 2657 3159 2712 direxisse
3195 2676 3207 2710 :
3241 2659 3412 2725 inquit
3450 2659 3591 2711 enim
3625 2676 3637 2710 :
3681 2658 3855 2711 Visus

2265 2760 2341 2806 est
2370 2753 2517 2816 mihi,
2547 2762 2601 2805 ut
2624 2763 2721 2805 tum
2744 2754 3008 2805 sanctitati
3030 2752 3244 2805 breviter
3269 2768 3601 2820 exponerem,
3636 2755 3855 2820 qualiter

2265 2845 2410 2900 bontv
2438 2845 2810 2899 recordationis
2850 2844 3088 2898 dominus
3127 2860 3267 2898 meus
3301 2842 3557 2909 Isidorus,
3608 2851 3718 2896 etc.
3751 2841 3854 2897 Sed

2268 2939 2629 3008 Redemptum
2686 2938 2828 2993 hunc
2876 2937 3022 2991 illum
3074 2940 3323 2992 eumdem
3373 2951 3529 3001 esse,
3580 2936 3666 2991 cui
3716 2934 3855 2989 idem

2267 3030 2505 3086 Isidorus
2531 3030 2885 3101 respondens,
2909 3045 3090 3085 sacras
3114 3028 3398 3099 quasdam,
3421 3029 3489 3081 ab
3516 3040 3692 3095 eoque
3722 3040 3855 3095 pre-

2268 3124 2471 3192 positas
2490 3122 2651 3178 solvit
2672 3123 2995 3191 qumstiones
3013 3162 3027 3183 ,
3054 3135 3214 3175 nemo
3233 3160 3247 3185 ,
3292 3118 3521 3189 putarim
3544 3158 3558 3182 ,
3588 3115 3855 3172 inliciabi-

572 3221 865 3283 conspectu
916 3223 1031 3278 tuo,
1078 3224 1281 3286 quanto
1330 3218 1499 3285 magis
1541 3232 1641 3287 ego
1673 3218 1857 3283 homo,
1908 3221 1999 3290 qui
2044 3220 2153 3277 bibi
2182 3212 2232 3278 C
2266 3226 2369 3272 tur.
2402 3216 2605 3271 Dilecto
2631 3218 2741 3287 ﬁlio
2772 3218 2825 3270 in
2864 3214 3069 3270 Christo
3102 3213 3416 3281 Redempto,
3455 3210 3857 3277 archidiacons,

571 3305 724 3374 quasi
759 3320 929 3375 aquas
959 3306 1294 3377 iniquitatem
1321 3307 1461 3371 (Job.
1495 3312 1607 3377 xv),
1636 3320 1692 3366 et
1713 3312 1913 3381 sumpsi
1935 3353 1950 3379 ,
1983 3320 2040 3366 ut
2065 3328 2159 3367 co-

570 3395 737 3453 lostra
758 3439 773 3462 ,
807 3402 1127 3469 peccatum?
1154 3401 1247 3456 His
1284 3402 1448 3471 igitur
1475 3406 1858 3460 consummatis
1879 3444 1894 3469 ,
1923 3423 2118 3476 corpus
2140 3447 2155 3471 ,

570 3496 629 3544 et
651 3491 966 3559 sanguinem
1000 3492 1211 3547 Domini
1257 3510 1377 3549 cum
1421 3495 1686 3564 profundo
1713 3498 1913 3565 gemitu
1943 3499 2157 3563 cordis,

572 3578 844 3650 indignum
874 3597 932 3638 se
953 3581 1232 3652 judicans,
1266 3584 1335 3639 ab
1376 3587 1501 3656 ipsis
1530 3588 1765 3659 suscepit
1796 3590 2157 3658 pontilicibus.

574 3672 777 3732 Deinde
802 3676 1115 3732 eorumdem
1145 3680 1253 3750 29
1270 3679 1632 3748 sacerdotum,
1656 3690 1734 3749 et,
1754 3682 2064 3751 quicunque
2092 3682 2161 3738 de

572 3764 720 3821 clero
746 3775 939 3833 erant,
983 3768 1177 3823 civium
1206 3778 1627 3839 cunctarumque
1673 3771 1906 3841 plebium
1948 3773 2157 3826 veniam

574 3855 919 3925 precabatur,
940 3857 1153 3914 dicens:
1180 3858 1450 3929 Deprecor
1476 3876 1594 3927 vos,
1618 3863 1937 3919 sanctissimi
1958 3863 2160 3919 domini

571 3946 676 4002 mei
706 3948 1032 4016 sacerdotes,
1063 3963 1414 4025 sanctamque
1436 3958 1909 4026 congregationem
1934 3959 2162 4014 clerico-

571 4051 690 4093 rum
712 4046 767 4093 et
790 4041 995 4110 p0puli,
1018 4051 1078 4096 ut
1098 4060 1196 4113 pro
1218 4061 1305 4100 me
1328 4046 1524 4103 infelici
1552 4057 1607 4103 et
1631 4049 1793 4118 pleno
1823 4050 1969 4105 omni
2000 4050 2162 4105 sorde

573 4128 812 4196 peccati,
858 4131 925 4185 ad
965 4132 1249 4189 Dominum
1296 4144 1472 4193 vestra
1514 4141 1817 4211 porrigatur
1846 4143 2024 4198 oratio
2058 4160 2072 4196 :
2104 4150 2162 4198 ut

574 4218 667 4287 qui
696 4236 817 4275 meo
847 4224 1039 4277 merito
1082 4224 1176 4280 Dei
1207 4243 1314 4281 non
1355 4244 1474 4283 sum
1510 4230 1701 4300 dignus
1730 4234 2023 4305 impetrare
2048 4236 2161 4291 cle-

575 4314 854 4378 mentiam,
880 4316 1173 4372 intercessu
1199 4328 1381 4374 vestro
1408 4338 1618 4379 merear
1638 4327 1895 4395 consequi
1918 4343 2162 4382 meorum

575 4407 785 4463 veniam
815 4408 1160 4465 delictorum.
1188 4412 1446 4469 Dimittite
1473 4417 1623 4482 mihi,
1655 4418 1900 4485 obsecro,
1923 4420 2159 4489 indigno,

575 4502 718 4570 quod
744 4503 797 4558 in
829 4515 1268 4575 unumquemque
1316 4509 1559 4562 commisi
1603 4520 1839 4566 vestrum
1873 4512 1954 4567 :si
2003 4529 2160 4585 quem

2271 3308 2522 3363 Isidorus.
2567 3306 2757 3362 Exstat
2806 3310 2920 3361 hac
2966 3306 3221 3375 espislola
3254 3306 3392 3358 inter
3438 3302 3624 3357 lsidori
3654 3298 3856 3370 Opera.

2263 3402 2420 3469 Quod
2469 3403 2515 3458 si
2568 3401 2803 3458 Isidorus
2849 3416 2972 3455 eum
3008 3408 3168 3454 vocat
3213 3398 3645 3458 achidiaconum,
3678 3395 3774 3449 ille
3800 3410 3860 3451 se

2265 3499 2440 3569 ipsunt
2471 3514 2580 3553 non
2612 3498 2712 3553 nisi
2742 3496 3021 3564 clericum,
3071 3494 3141 3549 ad
3189 3494 3405 3549 illorum
3464 3501 3769 3561 temporum
3807 3488 3860 3545 id

2263 3587 2466 3644 releras
2489 3589 2957 3644 consuetudinem.

2344 3702 2361 3733 ι
2398 3679 2685 3747 Habuerit,
2738 3680 3014 3746 Breulius;
3058 3678 3269 3744 habuit,
3304 3676 3465 3731 Matr.
3515 3671 3860 3730 Cod.-Tanta

2264 3774 2608 3843 elemosyna.
2633 3771 2772 3827 Male
2794 3787 2923 3827 vero
2949 3771 3185 3835 Madrit.,
3204 3778 3403 3823 tantam
3427 3768 3862 3837 eleemosynans.«-

2265 3867 2341 3921 Ab
2370 3868 2588 3922 oriente.
2613 3866 2805 3928 Madr.,
2823 3868 3037 3920 oriente.
3060 3865 3467 3918 Convalesceret.
3496 3861 3689 3923 Madr.,
3713 3857 3861 3913 Con-

2264 3958 2719 4015 ualuit.oFaceret.
2780 3957 2963 4023 Fecit,
3014 3955 3482 4010 Madr.-Basilica.
3531 3951 3861 4015 Basilicam,

2267 4048 2507 4107 Madrit.-
2535 4052 2786 4115 Ciliciam,
2820 4051 2881 4103 ab
2912 4050 3076 4103 altero
3113 4064 3265 4117 super
3302 4062 3355 4099 se
3382 4046 3517 4098 mitti
3560 4051 3863 4114 exposceret

2266 4146 2510 4199 cinerem.
2544 4142 2756 4197 Madrit.
2790 4143 2982 4195 vitiose
3014 4140 3162 4199 ltab..
3198 4139 3363 4192 cilicio
3386 4178 3399 4201 ,
3435 4136 3500 4189 ab
3530 4138 3625 4188 alt.
3651 4151 3765 4200 sup.
3805 4149 3863 4186 se

2267 4237 2399 4290 mitti
2442 4252 2697 4304 exponere
2738 4232 2942 4287 cin.-Et
2985 4242 3058 4286 ut.
3093 4232 3189 4295 Et,
3234 4229 3619 4298 Madr.-Au[er.
3664 4224 3862 4293 Differ,

2268 4326 2438 4381 Madr.
2456 4326 2688 4380 —Finiri.
2733 4325 2897 4379 δῦθιἱυὶ
2924 4366 2940 4392 ,
2992 4322 3536 4377 Madr.-Susurrones.
3589 4319 3824 4372 Susurro
3847 4360 3865 4385 ,

2268 4420 2685 4475 Madr.-Tameu.
2711 4418 2889 4472 Breul.
2910 4458 2923 4477 .
2962 4417 3429 4470 Tandem-Amen.
3465 4411 3571 4468 Sub
3602 4411 3684 4463 die.
3712 4410 3862 4479 prid.

2269 4510 2415 4567 Non.
2446 4512 2611 4580 April.
2647 4510 2859 4574 Breul.,
2890 4509 3041 4562 Prid.
3069 4507 3190 4561 Non
3221 4508 3387 4577 April.
3415 4504 3540 4560 Sed.
3572 4502 3707 4557 Cod.
3739 4500 3865 4555 Ma-

576 4595 875 4664 contempsi
905 4594 1053 4661 odio,
1084 4594 1128 4649 si
1157 4610 1317 4664 quem
1342 4597 1505 4667 rejeci
1535 4600 1693 4670 impie
1722 4603 1997 4659 charitatis
2026 4620 2159 4659 con-
2191 4601 2247 4663 D
2270 4604 2395 4660 drit.
2429 4604 2622 4658 vitiose
2652 4603 2815 4657 habet
2847 4621 2859 4654 :
2893 4602 3041 4657 Prid.
3076 4600 3303 4655 Kalend.
3330 4599 3495 4668 April.
3548 4616 3566 4649 ι

575 4684 778 4751 sortio,
828 4686 871 4740 si
927 4702 1086 4757 quem
1143 4690 1405 4745 maculavi
1447 4692 1695 4759 consilio,
1747 4694 1792 4749 si
1826 4710 1988 4765 quem
2047 4696 2162 4754 lassi

576 4779 855 4833 irascendo
890 4796 904 4833 :
935 4778 1186 4836 dimittite
1230 4797 1371 4838 nunc
1397 4785 1599 4855 petenti
1630 4786 1738 4841 imo
1769 4796 1824 4841 et
1854 4788 2158 4857 paenitenti.

576 4871 667 4938 Et,
693 4871 817 4925 dum
849 4888 948 4925 una
979 4888 1113 4928 voce
1134 4890 1322 4930 omnes
1346 4892 1441 4945 pro
1464 4893 1529 4933 eo
1559 4879 1943 4947 indulgentiam
1974 4889 2161 4951 postu-

576 4963 813 5030 lassent,
844 4975 897 5019 et
923 4966 1211 5037 unicuique
1240 4967 1405 5022 debiti
1434 4985 1528 5023 sua
1563 4972 1777 5027 vincula
1797 5013 1811 5036 ,
1844 4973 1928 5027 vel
1971 4974 2157 5029 chiro-

575 5055 777 5125 grapha
799 5057 1177 5124 condonasset,
1201 5059 1610 5117 circumstantes
1635 5064 1827 5119 iterum
1858 5065 2159 5131 admonuit,

576 5148 759 5205 dicens
787 5167 798 5202 :
825 5149 1158 5205 Sanctissimi
1200 5152 1403 5208 domini
1448 5155 1552 5209 mei
1592 5156 1863 5225 episcOpi,
1896 5164 1949 5212 et
1977 5171 2165 5211 omnes

576 5238 669 5307 qui
699 5240 909 5304 adsunt,
942 5256 1073 5309 rogo
1102 5249 1157 5296 et
1186 5242 1446 5309 obsecro,
1481 5252 1541 5298 ut
1582 5244 1897 5301 charitatem
1931 5248 2163 5301 invicem

576 5327 731 5383 vobis
771 5329 1101 5395 exhibeatis,
1148 5348 1253 5387 non
1296 5335 1580 5389 reddentes
1609 5337 1806 5391 malum
1838 5354 1935 5408 pro
1981 5339 2162 5405 malo,

580 5435 680 5477 nec
705 5420 881 5476 velitis
906 5437 1024 5477 esse
1044 5440 1364 5480 susurrones
1387 5427 1438 5481 in
1462 5429 1685 5497 populo.
1704 5428 1819 5484 Non
1842 5432 2080 5487 inveniat
2110 5433 2163 5487 in

578 5515 732 5571 vobis
753 5517 923 5573 hostis
941 5520 1190 5589 antiquus
1212 5522 1355 5590 quod
1378 5525 1583 5593 puniat,
1609 5528 1998 5595 nonreperiata
2018 5527 2169 5583 vobis

581 5608 828 5665 relictum
857 5611 1016 5681 lupus
1043 5628 1209 5683 rapax
1239 5630 1398 5683 quem
1433 5616 1673 5683 auferat,
1705 5618 1809 5673 sed
1841 5620 2018 5689 potius
2044 5635 2167 5675 ere-

533 5734 543 5767 ,
582 5706 733 5767 ptatn
761 5702 828 5755 ab
857 5718 955 5757 ore
981 5704 1090 5777 lupi
1117 5721 1273 5761 ovem
1302 5716 1485 5778 pastor
1523 5710 1635 5764 suis
1666 5711 1900 5767 humeris
1930 5726 2168 5781 congau-

584 5789 719 5853 dens
771 5806 1010 5869 reportet
1062 5799 1127 5855 ad
1181 5800 1321 5857 hanc
1375 5802 1817 5883 caulamalgitur
1856 5816 1977 5880 post
2026 5811 2166 5869 hanc

2340 4696 2393 4750 ὅ.
2430 4694 2554 4749 Haec
2582 4703 2843 4765 praeterea
2890 4693 2956 4747 ad
2986 4693 3280 4760 marginem
3310 4690 3601 4758 Cajetanus
3628 4696 3867 4743 annota-

2265 4791 2345 4846 vit
2370 4810 2382 4844 :
2414 4791 2480 4844 ad
2507 4790 2672 4844 verba
2702 4807 2713 4841 :
2739 4804 2954 4842 exorsus
2984 4799 3059 4841 est
3088 4788 3263 4841 dicens
3287 4802 3305 4839 :
3329 4816 3398 4827 —
3424 4783 3607 4836 Oratio
3640 4782 3700 4838 S.
3747 4781 3835 4835 Isi
3854 4813 3867 4824 -

2266 4888 2381 4942 dari
2420 4886 2688 4940 morientis
2728 4883 2797 4935 ad
2830 4882 3014 4935 Deum.
3048 4880 3128 4934 Ad
3157 4880 3319 4933 verba
3351 4876 3651 4947 publicano,
3698 4883 3811 4929 etc.
3850 4920 3867 4943 ,

2266 4981 2397 5036 citat
2448 4994 2567 5047 cap.
2624 4992 2751 5032 xvnt
2800 4974 3004 5037 Luem;
3055 4974 3120 5027 ad
3180 4973 3340 5026 verba
3374 4988 3387 5022 :
3421 4970 3506 5041 qui
3556 4967 3823 5022 Lazarum
3854 5011 3869 5032 ,

2270 5088 2392 5143 cap.
2424 5088 2478 5126 ιι
2503 5069 2729 5136 Joanu.;
2759 5070 2822 5122 ad
2852 5068 3035 5131 verba,
3070 5065 3167 5132 Tu,
3190 5063 3434 5129 Domine,
3466 5079 3570 5115 non
3598 5059 3822 5129 posuisti
3852 5099 3868 5123 ,

2268 5181 2388 5235 cap.
2408 5179 2476 5219 xv
2498 5162 2652 5217 Luca:
2673 5181 2685 5223 ;
2705 5160 2773 5216 ad
2797 5161 2978 5224 verba,
3000 5158 3067 5213 In
3087 5172 3389 5228 quacunque
3410 5156 3557 5217 liora,
3579 5168 3699 5220 cap.
3732 5165 3868 5205 xvtu

2269 5256 2496 5321 Ezech.;
2544 5256 2607 5310 ad
2658 5255 2840 5317 verba,
2894 5252 3043 5317 Quod
3081 5254 3124 5305 si
3146 5249 3293 5314 cwli,
3333 5264 3453 5318 cap.
3508 5264 3576 5300 xv
3620 5245 3745 5299 Job.
3786 5243 3865 5296 Ad

2267 5350 2429 5405 verba
2456 5364 2640 5418 corpus
2667 5355 2716 5400 et
2743 5348 3079 5417 sanguinem,
3110 5376 3181 5387 --
3207 5341 3531 5395 Dominicum
3562 5352 3750 5405 corpus
3776 5336 3865 5388 dc-

2268 5449 2379 5494 vote
2404 5440 2577 5493 sumit.
2618 5438 2831 5491 Veniam
2862 5438 2985 5506 petit
3009 5436 3073 5489 ab
3103 5434 3371 5493 omnibus,
3397 5440 3444 5485 et
3486 5438 3633 5499 rogat
3668 5446 3766 5497 pro
3809 5443 3865 5480 se

2271 5532 2431 5584 arari.
2465 5530 2543 5583 Ad
2574 5530 2736 5581 verba
2763 5569 2778 5594 ,
2810 5528 3079 5582 admonuit
3110 5528 3308 5591 dicens,
3340 5556 3413 5566 ——
3442 5522 3520 5575 Ad
3548 5521 3864 5573 charitatem

2271 5641 2445 5678 omnes
2475 5624 2726 5677 hortatur.
2757 5621 2835 5674 Ad
2867 5622 3045 5683 verba,
3083 5618 3310 5673 osculari
3342 5615 3557 5677 studuit,
3578 5608 3866 5665 ——Osculo

2271 5731 2448 5768 omnes
2471 5714 2682 5783 suscipit
2708 5714 2762 5765 in
2785 5714 2987 5783 signum
3010 5711 3302 5776 charitatis,
3336 5722 3451 5779 qua:
3479 5719 3748 5776 nunquam
3768 5717 3862 5758 ea:-

2271 5808 2413 5863 cidit.
2440 5809 2570 5876 Quae
2595 5808 2745 5864 nolui
2774 5807 2992 5865 omnino
3022 5803 3387 5877 praetermitti.
