4048 6364
182 244 257 302 '53
1267 232 1684 293 lSlDOlllANA.
1723 260 1774 273 -—

1879 230 2005 287 ARS
2046 232 2085 289 ι.
2128 231 2280 289 CAP.
2326 231 2412 288 Vl.
2518 214 2523 225 '
3402 236 3475 299 at

260 362 317 418 4.
358 358 609 417 Narratio
639 358 820 415 obitus
846 353 1037 413 lsidori
1064 359 1381 411 conservata
1430 348 1612 405 fuitin
1637 346 1779 403 llde-
1806 347 1857 407 A
1883 346 2025 401 enim
2055 346 2284 402 colostra
2312 346 2542 417 primum
2572 347 2675 415 lac,
2708 348 2853 419 quod
2883 348 3011 405 olim
3040 350 3277 408 maxime
3299 352 3352 408 in
3380 353 3475 411 de-

187 455 427 512 fonsiani
452 451 668 522 collegii
694 446 1094 520 Complutensis
1124 444 1346 512 Codice,
1378 450 1438 498 ut
1464 441 1581 498 Nic.
1613 439 1786 495 Anto-

187 549 315 605 nius
359 549 399 602 l.
426 562 479 612 v,
528 560 579 600 c.
614 542 667 607 5,
710 540 846 597 Bibl.
889 538 1012 594 Vet.
1059 536 1211 608 Hisp.
1237 553 1293 591 ιι.
1322 533 1451 603 219,
1513 532 1679 588 refert
1716 545 1785 586 ex

190 638 485 695 Ambrosio
513 634 741 689 Morales
768 632 806 687 ι.
836 646 947 701 xn,
975 645 1099 700 cap.
1149 628 1222 694 2;
1273 626 1365 696 qui
1412 623 1598 682 Codex
1653 632 1785 678 tunc

192 734 663 804 septingentorum
693 740 959 781 annorum
981 721 1325 785 credebatur,
1356 726 1413 775 et
1441 733 1584 773 nunc
1604 724 1783 772 exstat

195 824 253 878 in
268 819 626 878 Escurialensi
649 816 979 872 bibliotheca
996 815 1308 887 digramm.,
1331 820 1388 866 et
1405 811 1542 882 plut.
1568 808 1621 876 1,
1648 816 1786 865 teste

194 915 428 986 Bayerio
449 913 501 968 in
530 919 682 977 not.;
718 908 813 982 qui
842 907 1045 980 pariter
1084 904 1277 961 asserit
1306 902 1557 959 eamdem
1597 915 1784 956 narra-

88 1033 95 1039 -
195 1005 401 1060 tionem
432 1002 696 1058 asservari
736 1001 790 1056 in
819 995 1084 1055 Toletana
1127 996 1350 1051 Joannis
1379 992 1634 1063 Baptistae
1678 989 1785 1045 Pe-

191 1094 326 1149 rezii
349 1093 732 1164 opusculorum
754 1088 1097 1146 collectione.
1116 1084 1247 1140 Eam
1260 1083 1540 1139 Florezius
1560 1090 1694 1137 tom.
1714 1078 1784 1133 IX

190 1180 347 1253 Hisp.
382 1198 520 1237 sacr.
572 1194 696 1252 pag.
742 1178 848 1235 566
897 1176 1122 1248 protulit
1171 1190 1240 1231 ex
1288 1173 1435 1243 regio
1484 1170 1785 1226 Matritensi

189 1272 399 1328 Codice
439 1271 697 1344 inscripto
716 1311 731 1335 ,
763 1268 1126 1325 Scintillarum
1150 1267 1253 1336 31
1274 1263 1453 1318 Alvari
1490 1260 1785 1316 Corduben-

186 1364 263 1418 sis
288 1404 303 1430 ,
349 1363 441 1417 ubi
466 1362 656 1417 titulus
691 1362 781 1415 hic
816 1359 1046 1427 legitur:
1075 1354 1267 1426 lncipit
1293 1353 1423 1408 liber
1462 1352 1525 1407 de
1564 1350 1786 1404 transitu

191 1455 483 1511 beatissimi
536 1454 733 1509 Isidori
789 1450 1123 1523 Hispalensis
1180 1446 1407 1516 episcopi
1431 1487 1448 1514 ,
1499 1444 1665 1499 editus
1715 1441 1785 1495 ad

191 1546 535 1601 Braulionem
564 1546 1087 1615 Caesaraugustanum
1108 1541 1400 1610 episcOpum
1429 1555 1462 1591 a
1502 1537 1785 1604 Redempto

187 1638 424 1708 ejusdem
460 1637 784 1708 Hispalensis
808 1634 1058 1689 Ecclesia
1085 1633 1288 1688 clerico.
1320 1629 1631 1686 Succedunt
1650 1627 1785 1685 Acta

192 1732 584 1789 translationis.

260 1826 314 1880 5.
350 1826 638 1880 Diversum
687 1822 754 1878 ab
797 1822 883 1879 his
912 1820 1164 1877 omnibus
1190 1826 1324 1890 puto
1365 1832 1487 1874 esse
1527 1816 1781 1873 Codicem

194 1919 667 1973 membranaceum
690 1915 744 1970 in
767 1913 864 1970 fol.
893 1928 1093 1983 magno
1119 1912 1459 1968 bibliotheca:
1485 1911 1646 1978 regia:
1673 1908 1785 1963 Ma-

196 2010 453 2075 tritensis,
487 2009 642 2079 cujus
669 2008 917 2063 meminit
944 2006 1369 2075 Cbristophorus
1397 2004 1700 2072 Rodriguez
1728 2003 1782 2058 in

193 2101 555 2173 Polygrapbia
584 2100 873 2172 Hispanica
900 2099 968 2155 ad
997 2114 1195 2154 annum
1223 2096 1380 2152 1047.
1408 2096 1638 2153 Exhibet
1662 2096 1785 2151 cha-

193 2192 421 2246 racteris
450 2192 677 2246 formam
706 2206 771 2247 ex
800 2189 858 2246 S.
894 2190 1124 2245 Leandri
1152 2190 1289 2244 libro
1312 2188 1382 2243 ad
1415 2189 1781 2245 Florentinam

187 2297 435 2336 sororem
489 2282 558 2336 de
582 2281 926 2336 Institutione
953 2281 1221 2349 virginum
1256 2297 1269 2333 :
1306 2288 1417 2333 tum
1444 2280 1659 2333 titulum
1684 2279 1781 2333 ad-

183 2368 264 2426 dit
295 2390 308 2424 :
339 2371 498 2426 Liber
542 2374 603 2427 de
641 2373 867 2427 transitu
908 2371 1146 2427 Hisidori
1188 2372 1354 2426 editus
1388 2389 1421 2425 a
1450 2370 1733 2426 Braulione
1761 2388 1779 2425 :
1838 2380 1841 2383 ‘

181 2463 279 2519 sed
315 2464 370 2518 in
403 2465 701 2534 specimine
722 2465 1050 2520 characteris
1078 2466 1169 2519 aeri
1202 2465 1372 2520 inciso
1401 2465 1595 2533 legitur
1615 2466 1781 2519 editus

181 2554 251 2606 ad
274 2554 563 2610 Braulione
584 2556 1105 2627 Cwsaraugustanum
1127 2559 1423 2628 episcoimm
1442 2575 1473 2612 a
1498 2557 1779 2627 Redempto

65 2694 83 2707 ,
176 2643 417 2715 ejusdem
434 2644 481 2697 11
490 2647 762 2715 ispalensis
779 2646 1026 2700 Ecclesia:
1039 2650 1245 2701 clerico.
1265 2649 1321 2702 ln
1338 2648 1619 2703 Braulione
1629 2649 1781 2704 deest

176 2736 384 2793 lineola
418 2738 716 2807 superponi
742 2738 920 2803 solita,
947 2753 1010 2793 ac
1034 2738 1262 2794 fortasse
1291 2747 1557 2795 vetustate
1577 2740 1775 2795 deleta:

175 2828 284 2896 legi
309 2827 457 2882 enim
486 2827 647 2881 debet
683 2826 1035 2883 Braulionem.
1087 2828 1312 2884 Exstant
1350 2831 1453 2885 alia
1486 2831 1538 2886 in
1586 2833 1776 2887 eodem

174 2918 401 2978 Codice,
439 2924 496 2971 ut
522 2916 677 2971 Liber
717 2920 1063 2990 generationis
1092 2920 1216 2974 Jesu
1255 2919 1445 2976 Christi
1472 2923 1550 2993 ﬁli
1578 2922 1769 2988 David,

174 3009 253 3079 ﬁli
308 3007 579 3061 Abraham
611 3023 627 3059 :
658 3006 980 3079 Explanatio
1034 3009 1269 3065 Danielis
1315 3012 1614 3082 prophetas,
1663 3022 1768 3069 etc.

1889 438 2028 495 liciis
2058 448 2194 494 erat.
2220 438 2354 495 Cum
2385 450 2566 496 autem
2588 440 2772 497 Codex
2802 445 3107 501 consentiat
3135 462 3257 502 cum
3283 448 3476 505 editio-

1888 548 1958 588 ne
1984 530 2168 589 Grialii
2194 535 2245 589 in
2270 534 2350 589 his
2378 535 2554 589 verbis
2578 535 2747 604 pridie
2770 531 3043 603 Kalendas
3072 539 3288 610 Aprilis,
3320 555 3476 595 eum-

1888 624 2118 695 demque
2148 626 2291 680 diem
2321 625 2571 698 designet
2597 630 2874 700 exemplar
2901 646 3005 686 ms.
3028 629 3339 701 Gothicum,
3369 647 3478 703 quo

1887 715 2162 791 Florezius
2207 734 2337 776 usus
2384 731 2503 789 est,
2538 721 2675 777 ratio
2705 737 2803 776 cur
2828 721 3073 779 Breulius
3103 732 3158 778 et
3184 722 3475 794 Cajetanus

1887 809 2163 876 mutarint,
2187 810 2619 881 quandoquidem
2641 820 2827 869 vetera
2850 824 3216 878 monumenta,
3241 831 3472 886 quorum

1888 901 2144 956 nommlla
2170 917 2298 955 mox
2327 902 2593 970 indicabo,
2626 904 2725 974 ipsi
2756 920 2864 960 non
2894 906 3146 976 allegant,
3175 907 3375 977 petitur
3402 923 3471 964 ex

1886 992 1974 1049 die
2002 1009 2109 1064 quo
2139 993 2314 1050 obitus
2335 992 2393 1048 S.
2415 993 2607 1051 Isidori
2639 997 2690 1050 in
2722 996 3119 1071 Martyrologiis
3144 999 3473 1069 celebratur,

1886 1086 2091 1141 scilicet
2125 1086 2299 1157 pridie
2328 1085 2510 1142 Nonas
2553 1088 2769 1159 Aprilis.
2802 1091 2966 1145 Addit
3008 1091 3318 1160 Cajetanus,
3364 1093 3470 1148 loc.

1888 1180 2008 1248 cit.,
2039 1194 2163 1252 pag.
2199 1178 2288 1247 58,
2317 1180 2605 1249 rationem,
2635 1182 2777 1251 quod
2808 1198 2951 1239 anno
2977 1184 3080 1238 656
3105 1182 3309 1239 Pascha
3336 1185 3478 1242 cele-

1888 1272 2101 1329 bratum
2150 1271 2247 1327 luit
2276 1273 2447 1344 pridie
2477 1272 2596 1328 Kal.
2628 1275 2853 1345 Aprilis,
2885 1284 2941 1330 et
2987 1291 3111 1330 cum
3141 1275 3376 1331 Isidorus
3406 1292 3475 1332 ex

1889 1363 2176 1434 Redempti
2205 1364 2513 1421 narratione
2563 1375 2684 1436 post
2712 1365 2851 1422 diem
2881 1377 3134 1436 quartum
3180 1383 3211 1421 a
3260 1368 3474 1424 confes-

1888 1455 2041 1510 sione
2066 1456 2185 1527 ipso
2214 1455 2300 1511 die
2330 1454 2609 1511 Paschalis
2638 1466 2858 1527 peracta
2890 1457 3103 1523 obierit,
3134 1473 3476 1529 consequens

1888 1560 1972 1605 est
1998 1558 2056 1604 ut
2099 1550 2279 1605 obitus
2328 1549 2583 1605 acciderit
2612 1550 2784 1620 pridie
2812 1549 2991 1605 Nonas
3019 1549 3236 1620 Aprilis.

1959 1644 2011 1697 9.
2054 1642 2190 1699 Huic
2219 1643 2319 1713 ipsi
2374 1643 2569 1698 rationi
2620 1642 2859 1697 adhzeret
2886 1640 3002 1697 Nic.
3054 1642 3319 1697 Antonius
3349 1643 3383 1696 Ι.
3419 1659 3476 1713 v,

1819 1744 1862 1803 Β
1893 1738 2148 1793 Biblioth.
2185 1737 2305 1792 Vel.
2356 1735 2507 1806 Hisp.
2534 1777 2548 1804 ,
2601 1753 2656 1791 n.
2688 1734 2785 1801 72,
2832 1734 3155 1801 admonens,
3206 1735 3259 1789 id
3306 1735 3478 1791 aviro

1893 1829 2210 1885 doctissimo
2233 1826 2440 1882 Joanne
2457 1825 2657 1882 Grialio
2681 1826 3023 1882 observatum
3053 1825 3106 1879 in
3131 1834 3248 1879 not.
3281 1824 3346 1877 ad
3372 1822 3479 1879 Re«

1894 1921 2099 1991 dempti
2144 1919 2460 1974 relationem
2508 1918 2758 1973 editionis
2792 1916 3149 1982 Matritensis,
3180 1926 3308 1971 ante
3330 1915 3479 1972 Con-

1891 2012 2185 2068 stantinum
2207 2009 2548 2080 Cajetanum,
2578 2008 2719 2064 illius
2742 2023 2919 2079 operae
2944 2009 3338 2063 immemorem.
3370 2006 3478 2064 Sed

1887 2120 2012 2159 cum
2041 2102 2108 2156 ad
2131 2100 2416 2170 Redempti
2449 2100 2766 2155 relationem
2784 2098 2943 2153 nulla:
2966 2098 3075 2155 sint
3094 2097 3283 2153 Grialii
3309 2107 3476 2167 noue,

1885 2197 2137 2252 existimo
2159 2194 2272 2250 Nic.
2304 2194 2599 2251 Antonium
2626 2193 2711 2249 Jo.
2743 2192 2997 2265 Baptista:
3027 2191 3195 2250 Pcrez
3226 2200 3383 2249 notas
3411 2193 3477 2251 ad

1882 2287 2336 2360 prmnotationem
2394 2286 2697 2342 Braulionis
2754 2286 2992 2343 indicare
3045 2287 3303 2343 voluisse.
3367 2286 3476 2343 Eas

1881 2380 2048 2435 habes
2076 2395 2239 2449 supra
2272 2394 2392 2449 cap.
2417 2377 2451 2431 3
2470 2419 2485 2445 ,
2518 2394 2585 2434 ex
2630 2378 2823 2446 quibus
2851 2393 3133 2447 agnosces,
3158 2377 3474 2450 Cajetanum

1883 2472 2100 2543 quidem
2150 2470 2354 2525 Perezii
2387 2481 2543 2525 notas
2574 2486 2680 2525 non
2712 2471 3022 2527 nominasse
3042 2513 3057 2538 ,
3091 2487 3155 2526 ex
3198 2473 3262 2527 iis
3292 2481 3473 2529 tamen

1881 2579 2036 2622 suam
2060 2564 2327 2619 rationem
2356 2562 2671 2633 sumpsisse,
2705 2563 2808 2629 vel,
2834 2563 2878 2617 si
2905 2572 3086 2633 negat,
3119 2564 3472 2635 subripuisse.

1882 2655 2057 2723 Auget
2103 2656 2466 2724 suspicionem
2514 2670 2690 2708 meam
2737 2653 2807 2709 de
2854 2653 2971 2710 Nic.
3014 2657 3234 2710 Antonii
3280 2657 3471 2727 lapsu,

1882 2749 2027 2818 quod
2056 2747 2216 2801 simul
2246 2747 2439 2815 allegat
2465 2746 2738 2801 Breulium
2761 2754 2889 2801 ante
2916 2748 3207 2803 editionem
3232 2746 3471 2817 Operum

1879 2837 2090 2895 lsidori.
2122 2837 2364 2893 Breulius
2385 2846 2568 2892 autem
2594 2838 2666 2891 ita
2682 2837 2959 2906 praemittit
2982 2854 2994 2890 :
3021 2836 3311 2908 Conﬁrmat
3337 2839 3471 2893 hanc

1880 2929 2152 3001 Redempti
2175 2931 2467 2999 opinionem
2488 2929 2553 2983 de
2573 2945 2713 2983 anno
2731 2929 2978 2983 transitus
3004 2927 3068 2985 B.
3094 2928 3288 2985 Isidori
3306 2930 3470 2986 Joan-

1877 3038 1969 3077 nes
2019 3020 2249 3075 Grialius
2295 3022 2389 3074 tali
2437 3030 2561 3075 nota
2606 3019 2674 3073 ad
2718 3022 3145 3090 prwnotationem
3171 3020 3470 3079 Braulionis

175 3099 387 3155 Auctor
417 3099 813 3168 explanationis
842 3116 949 3154 non
996 3103 1321 3157 nominatur.
1350 3102 1526 3170 IEIas,
1553 3114 1607 3159 et
1634 3107 1767 3161 scri-
1794 3124 1839 3185 ο
1874 3115 2106 3183 superius
2130 3115 2436 3169 recensitam
2463 3113 2734 3185 subjuncta
2761 3131 2779 3168 :
2813 3121 2927 3169 tum
2955 3113 3237 3185 subjungit
3258 3124 3469 3186 notam,

173 3198 301 3260 ptor
320 3188 541 3245 Codicis
557 3190 629 3243 ita
651 3190 995 3262 exprimitur:
1015 3189 1298 3248 Facundus
1319 3194 1525 3264 scripsit
1543 3211 1771 3251 :memo-

176 3282 255 3337 ria
275 3284 391 3355 ejus
412 3283 480 3337 sit
501 3299 701 3352 semper
727 3299 745 3338 .'
772 3299 860 3337 era
883 3283 959 3339 bis
980 3285 1288 3357 quadragies
1313 3296 1362 3340 et
1394 3286 1432 3339 V
1458 3298 1573 3357 post
1598 3290 1764 3344 mille-

177 3378 307 3430 sima
354 3387 605 3447 regnante
650 3378 858 3433 domino
906 3387 1083 3434 nostro
1106 3418 1121 3445 ,
1168 3389 1219 3434 et
1261 3381 1487 3452 glorioso
1534 3384 1766 3454 principe

176 3468 385 3523 domino
415 3467 764 3524 Fredenando
792 3470 953 3540 prolis
996 3470 1191 3525 domini
1222 3470 1518 3540 Sanctioni,
1558 3486 1607 3527 et
1637 3490 1764 3527 con-

154 3558 291 3629 iuge
315 3576 411 3613 sua
440 3559 673 3630 gloriosa
710 3560 922 3615 domina
952 3560 1172 3616 Sanctia
1207 3562 1409 3633 Regina
1435 3564 1595 3634 prolis
1623 3563 1763 3618 Ade-

178 3650 313 3720 {onsi
334 3651 626 3721 principis,
653 3666 790 3705 anno
834 3652 983 3722 regni
1016 3653 1094 3706 sui
1116 3654 1213 3724 fuit
1235 3656 1448 3708 scrilum
1476 3655 1571 3708 hoc
1614 3656 1761 3711 liber.

178 3742 359 3798 Annus
388 3743 549 3812 regni
591 3741 914 3799 Ferdinandi
939 3746 1007 3800 ab
1034 3760 1100 3800 eo
1120 3786 1136 3813 ,
1168 3746 1261 3814 qui
1288 3744 1545 3801 Codicem
1574 3761 1765 3801 exara-

179 3834 283 3899 vit,
324 3835 523 3891 saltem
571 3835 624 3889 in
671 3834 773 3891 hac
815 3835 1245 3905 subscriptione,
1275 3844 1335 3890 ut
1380 3835 1577 3891 editam
1624 3837 1762 3904 vidi,

178 3926 403 3981 omissus
429 3927 555 3993 fuit,
585 3927 677 3981 sed
708 3942 881 3983 annus
909 3928 1108 3985 Christi
1139 3937 1256 3984 erat
1286 3928 1446 3984 1047.

245 4019 297 4072 6.
322 4018 548 4074 Invenio
576 4020 630 4074 in
660 4019 873 4074 schedis
902 4018 1240 4075 Zaccarianis
1265 4019 1612 4075 collationem
1634 4036 1763 4076 nar-

180 4111 395 4167 rationis
416 4110 702 4181 Redempti
731 4127 799 4167 ex
824 4111 1060 4167 editione
1082 4111 1367 4193 Bre‘uliana
1399 4111 1556 4176 l602,
1582 4114 1764 4171 nescio

98 4214 107 4277 ξ
182 4216 209 4256 a
234 4218 338 4273 quo
360 4204 558 4261 iactam
584 4219 706 4259 cum
727 4205 1020 4275 exemplari
1044 4222 1145 4260 ms.
1174 4205 1521 4263 Vallicellano
1552 4206 1764 4278 Longo-

104 4252 109 4327 ἒ
183 4252 1765 4367 g.::..‘..‘f.;.;;;.;;;'.;;.;ta;,'ego;ceraunia;

116 4426 126 4439 ι
186 4383 237 4439 in
260 4384 456 4441 Codice
493 4402 505 4439 :
538 4385 720 4440 Obitus
748 4385 813 4439 B.
836 4386 899 4440 Β.
929 4384 1125 4441 Isidori
1166 4387 1437 4456 Spalensis
1475 4390 1700 4461 episcopi
1728 4407 1761 4444 a

1871 3221 2032 3277 quam
2053 3206 2184 3274 dixi,
2207 3205 2293 3261 Jo.
2324 3206 2575 3277 Baptistae
2598 3205 2785 3276 Perez,
2808 3222 2841 3262 a
2868 3200 3085 3265 Breulio
3104 3223 3203 3279 per
3223 3224 3468 3266 errorem

1870 3296 2070 3353 Grialio
2115 3300 2389 3365 tributam,
2425 3301 2476 3354 in
2528 3316 2635 3371 qua
2689 3302 2867 3357 editor
2921 3299 3157 3360 Crialius
3205 3303 3466 3362 mendose

1868 3391 2049 3462 posuit
2071 3401 2329 3446 mortuum
2354 3408 2462 3445 wra
2501 3390 2607 3445 664
2635 3407 2734 3463 pro
2758 3392 2882 3447 674.
3448 3416 3451 3417 ν

1941 3485 2026 3538 10.
2051 3484 2108 3538 In
2139 3487 2288 3539 Actis
2313 3495 2625 3541 sanctorum
2649 3487 2791 3557 apud
2817 3487 3199 3545 Bollandianos
3224 3490 3291 3546 ad
3317 3491 3460 3547 diem

1866 3574 1903 3629 4
1929 3575 2127 3647 Aprilis
2161 3587 2335 3633 exstat
2367 3576 2486 3632 Vita
2517 3577 2739 3647 Isidori,
2770 3586 2996 3636 auctore
3023 3580 3257 3650 quodam
3287 3597 3461 3639 cano:-

1847 3668 1991 3724 ‘nico
2021 3667 2362 3736 Legionensi,
2393 3668 2448 3722 in
2487 3683 2592 3737 qua
2620 3669 2876 3724 inseritur
2903 3670 3144 3727 narratio
3174 3670 3462 3744 Redempti

1866 3761 1936 3815 de
1964 3761 2115 3816 obitu
2155 3760 2375 3827 lsidori,
2416 3762 2512 3817 sed
2557 3763 2912 3833 interpolata,
2943 3766 3031 3821 vel
3068 3766 3136 3821 ab
3179 3766 3298 3837 ipso
3324 3768 3463 3824 Vita

1865 3851 2166 3921 scriptore,
2219 3852 2305 3906 vel
2342 3851 2411 3907 ab
2457 3852 2564 3907 alio
2603 3868 2711 3908 non
2763 3854 2988 3908 multum
3038 3856 3348 3924 antiquiori.
3381 3856 3460 3912 Ea

1865 3944 1975 3999 vita
2004 3945 2056 3999 in
2078 3943 2479 4015 Appendicibus
2502 3945 2804 4016 proferetur
2828 3964 2841 4001 :
2874 3962 2937 4002 ac
2964 3947 3122 4004 facile
3147 3964 3246 4020 per
3263 3964 3344 4015 se,
3366 3952 3461 4021 qui

1864 4036 2017 4104 velit,
2047 4051 2111 4091 ea
2138 4036 2449 4092 discrimina
2476 4037 2769 4094 observare
2797 4039 3016 4109 poterit,
3045 4041 3328 4111 quaeinter
3363 4056 3458 4112 ge-

1867 4129 2084 4183 nuinam
2116 4129 2400 4201 Redempti
2432 4130 2772 4196 relationem,
2797 4142 2853 4188 et
2882 4133 3022 4189 hanc
3060 4135 3219 4190 aliam
3245 4137 3458 4194 auctio-

1864 4234 1980 4275 rem
2002 4230 2311 4276 occurrunt.
2330 4220 2487 4288 Quod
2510 4223 2703 4291 attinet
2729 4222 2796 4277 ad
2819 4239 3021 4278 annum
3043 4225 3225 4281 obitus
3243 4225 3456 4293 lsidori,

1866 4318 2055 4367 auctor
2080 4312 2196 4380 ejus
2223 4312 2347 4367 vita:
2374 4328 2406 4367 a
2436 4312 2736 4383 Rcdempto
2759 4315 2917 4369 valde
2940 4314 3233 4386 discrepat.

1937 4404 2043 4475 33
2091 4405 2180 4459 11.
2232 4404 2521 4477 Exemplar
2567 4405 2853 4463 Gothicam
2903 4409 3067 4477 regiae
3113 4409 3455 4466 bibliotheca;

187 4474 463 4549 Redempto
494 4480 680 4534 clerico
707 4480 1006 4534 recensitus.
1040 4481 1355 4536 PridieKal.
1390 4484 1604 4554 Aprilis.
1640 4485 1762 4541 llaec
1798 4499 1843 4560 ί)
1870 4474 2222 4564 Matritensis,
2263 4512 2330 4550 ex
2358 4474 2489 4563 quo,
2522 4503 2581 4551 ut
2609 4496 2740 4560 dixi,
2772 4474 3143 4553 narrationem
3172 4497 3457 4569 Redempti

186 4578 305 4623 sunt
349 4571 720 4640 discrepantes
762 4572 1023 4630 lectiones
1047 4573 1259 4630 Codicis
1305 4592 1405 4631 ms.
1436 4596 1447 4627 :
1477 4578 1547 4630 ad
1577 4577 1759 4649 cretum

187 4660 554 4731 migrasset-ad
574 4665 923 4735 paenitentiam
961 4667 1446 4722 convaluit-scilicet
1466 4679 1514 4723 et
1548 4669 1763 4742 [lupar-

189 4751 379 4808 cium...
420 4755 602 4809 adesse
635 4758 909 4827 faceret-et
938 4773 1054 4812 cum
1108 4769 1526 4830 magno-tantum
1566 4779 1630 4815 ac
1657 4779 1761 4818 non

190 4841 499 4900 illarum-die
522 4857 725 4918 quarto.

259 4934 308 4990 7.
335 4936 409 4990 Ab
433 4940 595 4995 oculis
617 4941 771 5011 ili/Ter
794 4943 912 4997 tuis.
944 4941 1069 4999 Non
1092 4946 1384 5001 inveniat...
1410 4950 1580 5018 potius
1605 4966 1760 5021 quam

192 5025 423 5084 honorem
465 5035 518 5087 in
568 5045 892 5091 sanctam...
946 5037 1195 5094 laboravi.
1243 5038 1370 5095 Non
1412 5044 1762 5099 reminiscaris

193 5120 320 5171 mala
347 5138 477 5188 mea,
501 5135 549 5178 et
567 5124 851 5193 juventutis
882 5128 1070 5183 delicta
1096 5148 1160 5184 ne
1190 5131 1501 5188 memineris.
1528 5133 1627 5197 Tu,
1657 5137 1763 5191 Do.

195 5209 347 5298 tuine,
389 5230 491 5268 non
538 5219 773 5287 posuisti,
802 5230 931 5286 etc.,
965 5238 1140 5277 arena:
1185 5224 1363 5278 maris.
1415 5223 1486 5279 Et
1536 5229 1658 5298 quia
1708 5239 1761 5282 tu

194 5296 438 5357 dixisti-ut
479 5309 735 5379 claustra,
760 5314 1177 5381 peccatum-dum
1199 5332 1388 5386 magna
1428 5296 1557 5371 voce
1589 5319 1761 5375 indul-

193 5395 401 5460 gentiam
448 5417 561 5456 cum
615 5406 855 5476 lacrymis
900 5409 1446 5477 postulassent-Amen
1480 5428 1500 5466 :
1535 5412 1626 5466 sub
1674 5414 1757 5469 die

196 5486 348 5574 pridie
374 5490 637 5551 Kalendas
668 5502 880 5568 Aprilis.

256 5579 353 5653 32
376 5584 427 5637 8.
451 5586 658 5643 Omittit
679 5589 861 5648 Codex
889 5595 1032 5662 luna,
1058 5603 1189 5667 etc.,
1214 5614 1320 5655 cera
1343 5616 1557 5657 anxIv.
1583 5603 1754 5673 Aper-

196 5669 297 5724 tum
331 5676 576 5735 mendum
624 5690 706 5739 est
743 5694 799 5740 ut
838 5688 1066 5745 claustra
1102 5706 1205 5762 pro
1233 5701 1289 5746 ut
1331 5695 1554 5754 colostra
1582 5711 1601 5753 :
1627 5669 1753 5753 sum
1860 5700 2218 5763 beatusnescio
2232 5669 2478 5773 probum
2491 5703 2578 5775 ﬁn

1872 4587 2149 4644 Florezius
2181 4598 2314 4644 tom.
2345 4588 2418 4643 IX
2454 4589 2609 4660 Hisp.
2640 4604 2778 4645 sacr.
2798 4628 2815 4657 ,
2848 4590 3076 4660 append.
3105 4590 3170 4659 7,
3214 4592 3456 4662 protulit,

1871 4680 2157 4735 nonnullas
2203 4681 2591 4750 discrepantias
2620 4681 2688 4735 ab
2714 4681 2953 4736 editione
2981 4679 3166 4738 Grialii
3191 4684 3454 4753 exhibet,

1870 4785 2005 4839 quas
2025 4771 2113 4826 hic
2141 4771 2433 4826 annotabo.
2462 4771 2509 4824 Η
2518 4769 2717 4826 abuerit
2741 4785 2793 4827 et
2812 4788 2911 4843 pro
2925 4773 3103 4829 habuit
3129 4774 3457 4848 ach-Migra-

1870 4862 1995 4915 verit
2017 4877 2115 4931 pro
2158 4860 2572 4933 migrarit.-Iioc
2598 4879 2714 4916 vero
2742 4863 2966 4933 primum
2994 4866 3275 4937 compellor
3302 4884 3457 4937 agere

1869 4970 1964 5024 pro
1993 4954 2090 5006 hac
2118 4952 2469 5013 sollicitudine
2485 4970 2636 5025 quam
2673 4972 2738 5010 ea:
2764 4972 2938 5011 amore
2982 4958 3255 5012 charitatis
3307 4959 3363 5013 in
3394 4975 3454 5013 eo

1866 5046 2098 5116 offertis:
2124 5046 2332 5113 deinde,
2358 5062 2454 5115 pro
2478 5046 2606 5111 Qua:
2632 5066 2713 5104 res
2742 5066 2821 5104 me
2840 5051 3065 5119 primum
3090 5051 3334 5119 compulit
3360 5068 3455 5122 pro

1866 5140 1962 5191 hac
1983 5137 2328 5192 sollicitudine
2354 5156 2504 5209 quam
2531 5156 2596 5194 ea:
2622 5159 2799 5200 amore
2822 5144 2877 5197 in
2892 5159 3007 5197 eum
3027 5144 3249 5213 offertis,
3273 5152 3455 5201 vestrte

1864 5230 2108 5285 charitati
2135 5230 2374 5301 (gratias)
2401 5248 2555 5303 agere
2573 5248 2591 5286 :
2608 5235 2820 5295 deinde.
2844 5234 3122 5291 Florezius
3150 5242 3455 5305 putaverat,

1863 5319 2123 5377 Grialium
2152 5324 2343 5391 legisse
2365 5324 2639 5385 charitatis
2667 5336 2871 5416 gratias
2895 5344 3071 5398 agere;
3090 5327 3183 5382 sed
3202 5327 3458 5393 deceptus

1866 5414 1963 5469 fuit
1986 5414 2178 5470 uncino
2198 5431 2306 5484 quo
2338 5416 2559 5472 verbum
2594 5414 2811 5500 θγέηίαε
2832 5429 2958 5501 post
2970 5419 3207 5473 εὔιατίιωὶ
3232 5416 3465 5476 Grialius

1863 5510 2097 5578 inclusit,
2128 5520 2186 5566 ut
2209 5512 2261 5568 in
2288 5511 2421 5569 Cod.
2451 5528 2554 5568 ms.
2591 5540 2825 5615 gum”
2852 5522 3036 5583 abesse
3062 5509 3467 5615 demonstraret.

1936 5603 2035 5725 iis.
2049 5604 2583 5725 fl‘f‘fff‘_‘_’i°,.!fi"i‘f'
2607 5600 2902 5725 ξων
2930 5600 3482 5725 δυῗὶῗηὲἐῗῗῖὶίῖ

2775 5665 2893 5743 φιν·
2933 5665 2956 5670 ’⁷
3014 5698 3024 5709 ,
3073 5665 3081 5668 ’
3244 5691 3254 5701 .
3467 5700 3475 5707 .

2775 5758 2889 5820 mm‘
2898 5732 2958 5791 ne
2963 5686 3185 5767 “tm—5'
3193 5698 3374 5761 attgato
3385 5708 3499 5762 cor.

2583 5737 2844 5855 “Ws
