4048 6364
181 366 246 422 ῃ
1232 351 1647 413 lSlDOBlANA.
1690 385 1760 398 —
1795 354 1974 414 PARS
2011 355 2052 412 1.
2094 356 2248 415 CAP.
2291 356 2402 415 VII.
3068 413 3073 418 .
3367 371 3436 427 38

247 483 301 538 4.
339 479 526 549 Magno
553 475 732 534 studio
775 473 885 544 egit
926 467 1352 528 PseudoJuliani
1389 469 1713 526 architectus
1735 510 1750 537 ,
1784 477 1832 539 Α
1856 471 1921 525 ad
1948 487 2047 528 nos
2079 471 2318 528 mendosi
2345 471 2678 529 devenerint.
2717 470 3077 532 Conferantur
3104 490 3227 533 cum
3266 481 3439 536 versi-

184 583 241 632 ut
263 588 447 631 versus
474 586 609 641 quos
629 567 770 640 apud
797 565 1108 636 Cajetanum
1128 565 1214 620 vel
1241 563 1375 619 alios
1401 563 1581 635 potius
1607 562 1755 632 lege-

182 674 284 734 rat,
311 664 378 719 ad
405 662 559 717 metri
589 674 827 716 normam
855 657 1122 726 redigeret
1152 673 1166 709 :
1199 670 1299 710 nec
1323 656 1481 722 male,
1516 663 1574 710 ut
1603 664 1754 725 puto,

182 759 428 829 coniecit,
459 771 576 812 cum
605 754 843 824 reposuit
891 755 962 806 Ac
1006 751 1152 806 reddi
1202 750 1425 806 Domino
1454 767 1600 823 quos.
1638 750 1757 805 Non

182 851 369 907 debuit
397 858 570 904 tamen
598 854 905 918 postremos
945 858 1133 900 versus
1181 843 1516 900 sollicitare:
1568 851 1759 899 auctor

181 944 320 999 enim
345 941 551 1010 antiqui
576 939 831 1010 epitaphii
858 939 1083 994 innuere
1109 936 1320 992 videtur
1348 937 1608 1008 imagines
1629 951 1756 992 san-

81 1099 86 1103 ἱ
178 1041 407 1096 ctorum,
435 1046 558 1101 qua:
599 1030 656 1085 in
705 1032 819 1102 ipso
863 1029 1041 1098 altari,
1081 1029 1180 1085 sub
1208 1043 1316 1098 quo
1344 1043 1571 1100 corpora
1609 1028 1758 1099 jace-

179 1124 324 1188 bant,
358 1124 465 1180 coli
494 1131 905 1180 consueverant.

245 1235 297 1292 5.
336 1236 667 1293 Mentionem
713 1235 983 1306 Fulgentii
1033 1237 1176 1308 quod
1218 1235 1496 1304 instrusit,
1539 1236 1759 1292 omnino

173 1328 357 1399 inepte
379 1325 539 1396 fecit,
567 1329 812 1399 quamvis
848 1328 902 1382 in
931 1328 1071 1391 hanc
1099 1332 1422 1383 sententiam
1460 1325 1623 1382 verba
1653 1326 1760 1380 dis-

169 1419 342 1495 iungit
367 1418 598 1475 membra
619 1421 837 1476 duorum
865 1421 1152 1476 mutaverit
1182 1421 1233 1474 in
1262 1421 1511 1492 disjungit
1536 1417 1763 1474 membra

169 1512 406 1583 priorum
429 1507 456 1578 ;'
482 1520 540 1565 ut
582 1511 766 1568 multis
813 1513 989 1581 arguit
1016 1511 1129 1570 Nic.
1165 1511 1428 1567 Antonius
1471 1511 1508 1565 l.
1541 1527 1574 1565 ν
1622 1509 1758 1564 Bibl.

1858 563 1956 620 bus
1981 581 2118 636 quos
2168 563 2388 636 Eugenii
2432 565 2497 621 ΙΙΙ
2542 565 2788 623 Toletani
2817 577 2968 626 certo
3015 586 3134 627 esse
3183 581 3438 646 constat,

1857 674 2031 730 neque
2059 676 2330 732 magnum,
2362 672 2422 718 ut
2449 679 2550 733 ego
2590 674 2721 737 puto
2743 706 2759 732 ,
2799 665 3085 724 discrimen
3117 671 3437 728 invenietur.

1855 751 1913 807 In
1961 755 2196 810 secundo
2247 772 2405 812 versu
2454 755 2732 828 prteferam
2779 759 3101 830 scripturam
3145 761 3436 832 Cajetani:

1859 841 2085 898 Leandri
2115 841 2420 918 Isidorique,
2452 849 2680 917 priorum
2707 865 2773 903 ea:
2809 849 2990 904 ordine
3018 858 3212 920 vatum,
3245 851 3343 907 nisi
3371 869 3438 908 ex

1858 936 2169 1007 conjectura
2201 937 2372 1007 malis,
2403 937 2648 1008 Leandri,
2686 941 2898 1012 lsidori,
2930 942 3214 1014 primorum
3254 961 3320 1000 ea:
3347 963 3440 1000 or-

1860 1027 1978 1082 dine
2000 1038 2189 1092 vatum,
2217 1029 2542 1100 velprimori
2562 1049 2626 1086 ex
2647 1033 2827 1087 ordine
2846 1041 3038 1090 vatum.
3061 1035 3443 1108 Accipiebatur

1860 1136 1926 1177 eo
1955 1131 2198 1192 tempore
2225 1133 2359 1176 vates
2382 1139 2481 1196 pro
2511 1126 2810 1191 sacerdote,
2842 1127 2928 1182 vel
2953 1129 3208 1200 episcopo
3234 1146 3248 1181 :
3295 1128 3439 1198 quod

1859 1213 2040 1267 multis
2078 1213 2337 1284 exemplis
2364 1214 2415 1268 in
2447 1212 2769 1272 Dictionario
2813 1217 3069 1289 Ducangii
3113 1231 3145 1274 a
3179 1216 3442 1276 Maurinis

1861 1313 2019 1361 aucto
2048 1297 2450 1377 comprObatur.

1931 1395 1983 1452 8.
2025 1394 2082 1450 ln
2104 1397 2347 1453 versibus
2370 1396 2714 1454 Bibliotheca
2750 1395 2941 1455 lsidori
2982 1398 3061 1458 sic
3100 1399 3169 1458 de
3197 1398 3442 1458 Leandro

1862 1488 2092 1544 habetur
2123 1507 2136 1543 :

169 1598 316 1668 Vet.,
350 1617 408 1656 n.
439 1600 544 1668 52;
577 1602 669 1672 qui
695 1601 980 1667 concludit,
1015 1611 1183 1656 totum
1206 1602 1537 1672 epitaphium
1567 1601 1760 1655 barba-

165 1691 333 1758 riora,
367 1706 531 1762 quam
558 1689 933 1746 lldet‘onsinum
962 1692 1077 1760 fuit,
1106 1693 1394 1764 septimum
1418 1691 1642 1755 scilicet,
1677 1706 1764 1744 ie-

164 1781 353 1838 dolere
384 1781 604 1837 saecula.
651 1781 796 1837 Inter
816 1782 916 1836 alia
945 1783 1202 1848 carmina,
1237 1798 1268 1836 a
1313 1777 1762 1838 Pseudo—Juliano

1867 1768 2183 1839 Quanquam
2212 1784 2313 1838 ego
2343 1769 2396 1823 iu
2435 1776 2745 1840 pervetusto
2793 1768 2990 1826 Codice
3033 1769 3269 1825 Archivii
3293 1767 3445 1825 Vati-

166 1872 347 1930 aﬂicta
376 1873 671 1940 l’ldel‘onso,
722 1874 1015 1946 repositum
1056 1874 1156 1928 fuit
1202 1873 1307 1928 hoc
1351 1873 1679 1942 epitaphium
1712 1871 1765 1927 in
1796 1864 1840 1926 Β
1867 1863 1986 1917 cani
2036 1861 2179 1916 hunc
2237 1861 2448 1916 titulum
2495 1862 2674 1917 inveni
2724 1862 2954 1929 Isidoro,
3002 1877 3110 1918 non
3156 1861 3442 1930 Lean-Iro,

167 1965 408 2022 editione
458 1964 681 2020 Patrum
724 1963 1131 2020 Toletanorum.
1161 1962 1422 2018 Observat
1454 1973 1630 2017 tamen
1675 1977 1765 2017 sa-
1869 1954 2181 2024 ascriptum.
2219 1953 2272 2007 in
2299 1967 2407 2023 quo
2429 1953 2654 2025 proinde
2675 1952 2950 2024 legebatur
2979 1953 3181 2010 Isidore
3211 1955 3447 2026 antistes,

167 2057 539 2128 pientissimus
559 2055 746 2112 Editor
771 2057 822 2110 in
846 2066 996 2124 nota,
1021 2056 1073 2109 in
1097 2055 1216 2110 Vita
1247 2055 1301 2108 S.
1331 2052 1543 2123 lsidori,
1568 2069 1599 2108 a
1623 2052 1765 2110 Luca
1868 2061 1977 2102 non
2006 2044 2242 2101 Leander
2269 2056 2427 2102 vates.
3205 2039 3212 2050 '

166 2145 435 2214 Tudensi,
497 2156 555 2204 ut
600 2148 856 2213 creditur,
899 2149 1120 2217 scripta,
1172 2147 1395 2218 reperiri
1443 2147 1548 2200 hoc
1596 2146 1766 2216 epita-

160 2237 356 2308 phium
386 2239 492 2294 sub
539 2237 791 2293 lldefonsi
820 2237 1038 2292 nomine
1072 2255 1084 2290 :
1120 2237 1463 2292 nihilominus
1509 2235 1622 2292 Nic.
1657 2238 1766 2291 Au-

157 2333 315 2388 tonio
344 2333 667 2398 assentitnr,
699 2333 789 2402 qui
818 2347 992 2400 neque
1027 2331 1300 2395 lldcfonsi,
1327 2346 1502 2399 neque
1545 2328 1767 2384 alterius

153 2422 374 2492 antiqui
403 2430 566 2495 putat
588 2437 725 2487 esse,
756 2439 856 2494 qua
887 2424 1078 2492 forma,
1113 2430 1168 2475 ut
1191 2421 1422 2490 explicat
1452 2419 1564 2474 Nic.
1597 2420 1768 2474 Anto-

149 2518 303 2585 nius,
339 2519 494 2590 apud
512 2518 834 2573 collectorem
861 2519 1126 2588 apparuit,
1158 2517 1219 2570 ub
1247 2534 1326 2583 ea,
1355 2533 1468 2584 qua:
1486 2533 1550 2570 ea;
1580 2515 1768 2572 Codice

148 2611 381 2665 Νίσοιαὶ
411 2609 584 2664 Fabri
608 2611 818 2680 propria
849 2612 1020 2681 [arma
1054 2611 1172 2680 fuit,
1204 2627 1306 2663 non
1335 2627 1514 2680 parum
1545 2610 1766 2663 diversa.

143 2699 228 2756 De
258 2701 478 2766 forma,
509 2715 614 2769 qua
645 2700 787 2770 apud
823 2708 1097 2754 auctorem
1127 2700 1249 2754 vitae
1297 2700 1351 2753 S.
1384 2699 1573 2754 lsidori
1603 2715 1770 2770 appa-

139 2793 282 2862 ruit,
316 2791 449 2847 Nic.
484 2794 748 2847 Antonius
775 2792 1113 2846 nihilstatuit
1143 2809 1155 2843 :
1185 2793 1276 2862 qui
1308 2794 1463 2859 forte,
1503 2795 1628 2846 dum
1657 2797 1770 2848 hinc

136 2890 462 2952 scriberet,
501 2887 640 2942 hanc
669 2902 778 2956 pm
808 2886 976 2940 oculis
1009 2902 1115 2939 non
1147 2885 1351 2939 habuit.
1386 2884 1441 2939 lu
1471 2902 1533 2941 ea
1562 2885 1683 2939 Vita
1710 2885 1766 2944 S.

134 2977 357 3033 lsidori
409 2975 634 3044 legitur,
666 2976 740 3030 uti
771 2977 912 3045 apud
939 2974 1462 3043 Pseudc-Julianum,
1497 2976 1576 3031 his
1603 2991 1768 3030 exce-

133 3072 254 3144 ptis
285 3089 299 3124 :
339 3069 610 3134 Leandri,
645 3067 856 3134 lsidori,
889 3070 1193 3140 pariumque
1208 3085 1271 3122 ea;
1292 3070 1469 3122 ordine
1496 3069 1768 3122 vatum-0!
1869 3084 1974 3122 eos.
2009 3067 2234 3124 Alditur
2262 3079 2472 3135 octavo,
2503 3069 2609 3140 Spe
2638 3078 2820 3135 certos,
2854 3067 3270 3141 plcnosqueﬁde,
3300 3082 3454 3137 super

133 3179 307 3236 quam
338 3162 642 3225 compasita
669 3161 912 3215 consors!
943 3159 1024 3212 hic
1055 3160 1211 3230 digna
1231 3161 1461 3228 quiescit.
1494 3160 1769 3215 Oinittitur
1838 3235 1842 3236 ν
1871 3161 2048 3214 omnia
2076 3161 2279 3214 charos.
2331 3159 2389 3213 In
2441 3176 2604 3227 nono,
2655 3158 2994 3232 Dogmatibus
3046 3175 3223 3213 cernes
3271 3159 3454 3214 horum

135 3235 366 3309 mentio
418 3249 712 3319 Fulgentii,
758 3265 852 3304 seu
900 3265 1086 3303 versus
1115 3267 1126 3300 :
1156 3247 1220 3301 In
1250 3248 1428 3320 quibus
1455 3249 1535 3303 hic
1567 3251 1775 3306 recubat
1801 3235 1848 3302 (Ξ
1878 3253 2095 3306 crevisse
2122 3253 2324 3324 ﬁdeles.
2359 3252 2412 3306 ln
2443 3251 2675 3319 decimo,
2718 3256 2787 3305 Ac
2815 3249 2957 3306 rredi
2989 3249 3213 3305 Domino
3253 3265 3353 3322 pro
3378 3253 3455 3304 Ac

132 3343 490 3416 Fulgentius
522 3357 540 3394 :
569 3342 764 3412 inspice
793 3351 893 3395 tres
944 3339 1195 3410 Iios.-Spe
1243 3352 1406 3395 certos
1432 3385 1447 3409 ,
1496 3344 1769 3416 plenosque
1873 3343 2038 3396 reddi.
2083 3343 2462 3398 Desiderantur
2488 3341 2595 3397 duo
2627 3343 2901 3411 postremi,
2938 3339 3103 3412 thue
3132 3341 3289 3408 viros,
3318 3348 3454 3410 διε..

133 3431 651 3505 ﬁde-Dogmatibus
681 3447 862 3486 cernas
893 3432 1104 3487 horum-
1129 3433 1237 3502 37
1261 3431 1334 3484 Ac
1361 3433 1510 3487 reddi
1541 3432 1766 3490 Domino
1870 3434 1964 3489 sed
1995 3435 2170 3488 V8l';-i0
2194 3431 2482 3504 Hispanica
2511 3447 2608 3488 eos
2637 3430 2800 3486 fuisse
2822 3431 3016 3500 arguit.

128 3528 516 3602 quod-thue
537 3528 673 3580 viros
699 3526 878 3580 credas
903 3525 1143 3580 sublimes
1174 3527 1333 3580 vivere
1361 3527 1766 3598 semper,-Aspi-
1943 3525 2026 3578 l0.
2070 3524 2328 3593 Fuerunt,
2350 3525 2441 3594 qui
2465 3525 2741 3594 epitaphio
2761 3523 2950 3578 lsidori
2979 3539 3087 3580 non
3107 3524 3454 3593 lldelonsum,

129 3623 279 3677 ciens
312 3635 548 3676 sursum
573 3618 738 3690 pictos
765 3619 1014 3673 contende
1039 3617 1226 3671 videre.
1771 3639 1777 3646 ι
1869 3616 1961 3672 sed
1989 3617 2150 3671 alium
2180 3626 2454 3670 auctorem
2479 3623 2801 3684 quaererent,
2833 3613 3041 3670 scilicet
3079 3613 3448 3671 Braulionem.

1868 3707 2007 3762 Audi
2052 3706 2167 3762 Nic.
2201 3707 2490 3761 Antonium
2523 3707 2561 3760 Ι.
2598 3723 2647 3772 v,
2678 3721 2794 3776 cap.
2841 3704 2891 3772 5,
2936 3705 3071 3761 Bibl.
3103 3707 3219 3761 Vet.
3264 3706 3455 3779 -Hisp.,
3491 3712 3493 3715 ’

1867 3817 1922 3856 ιι.
1956 3799 2024 3852 67
2058 3817 2070 3852 :
2114 3797 2379 3852 Braulioni
2409 3807 2578 3850 tamen
2605 3796 3072 3868 Cwsaraugustano
3098 3799 3337 3869 episcopo
3372 3806 3453 3850 at-

1867 3894 2110 3948 tributum
2137 3894 2325 3963 alicubi
2357 3893 2569 3962 legimus
2594 3892 2906 3962 epitaphium
2942 3892 3051 3947 SS.
3078 3891 3308 3948 Leandri
3332 3933 3348 3960 ,
3399 3906 3450 3946 et

1869 3986 2082 4052 lsidori,
2114 3985 2248 4058 quod
2279 3985 2526 4054 scriptum
2553 3991 2758 4036 exstare
2789 3969 2932 4035 aiunt
2960 3982 3026 4034 ad
3052 3982 3211 4052 ﬁnem
3237 3981 3450 4054 Etyma-

1867 4081 2121 4153 logiarum
2151 4080 2212 4134 S.
2242 4076 2435 4132 lsidori
2459 4079 2511 4132 in
2533 4076 2663 4131 libro
2693 4074 2908 4130 Gothico
2929 4076 3231 4130 monasterii
3254 4075 3315 4130 S.
3343 4073 3454 4130 Do-

1867 4173 2042 4226 minici
2083 4172 2145 4226 de
2178 4170 2384 4225 Silos...
2414 4168 2567 4242 Atqui
2607 4168 2790 4222 litteris
2821 4166 2884 4234 D.
2915 4167 3127 4222 Antonii
3176 4165 3448 4238 (Lupiam)

1866 4265 2102 4337 Zupataz,
2127 4272 2175 4318 et
2205 4264 2414 4334 Aragon
2445 4261 2512 4315 ad
2539 4259 2664 4316 Rev.
2699 4258 2765 4314 P.
2798 4257 2864 4312 F.
2896 4257 3205 4314 Ludovicum
3227 4258 3290 4312 de
3317 4255 3453 4311 Μίαν

1869 4356 2321 4410 Benedictinorum
2363 4353 2620 4421 Hispana:
2668 4351 3082 4422 congregationis
3128 4348 3304 4404 Roma:
3330 4365 3452 4416 pro-

1847 4443 2154 4502 curatorem
2185 4445 2241 4498 il
2281 4443 2556 4499 Februarii
2587 4443 2670 4498 die
2698 4443 2824 4496 anni
2878 4438 3030 4509 l657,
3078 4457 3142 4500 ex
3173 4439 3234 4494 S.
3273 4437 3452 4506 Emi-

1866 4542 1997 4596 liani
2024 4537 2334 4594 monasterio
2362 4537 2520 4604 datis,
2544 4535 2800 4589 distichon
2827 4532 2958 4587 illud
2987 4549 3004 4586 :
3035 4597 3041 4610 Ι

2048 1603 2154 1669 Non
2179 1606 2296 1669 satis
2319 1605 2527 1666 antiquis
2548 1604 2831 1669 doctoribus
2851 1606 3004 1669 lmpsr
3031 1605 3252 1669 haberis,

2103 1663 2337 1716 'Leander
2363 1663 2528 1716 vates:
2555 1666 2645 1716 hoc
2669 1675 2750 1715 tua
2767 1665 2893 1716 dicta
2919 1663 3116 1716 docent.

1939 2155 1992 2212 9.
2033 2156 2092 2212 In
2121 2157 2306 2212 codice
2344 2155 2705 2212 Escurialensi
2753 2158 2935 2212 saeculi
2982 2174 3050 2214 xv
3094 2157 3364 2226 descripto
3412 2173 3444 2213 a

1869 2247 2226 2318 Rodriguezio
2254 2248 2322 2308 de
2349 2247 2559 2316 Castra,
2609 2256 2650 2303 t.
2677 2247 2731 2320 ,ιι
2779 2247 2915 2306 Bibl.
2963 2247 3140 2320 Hisp.,
3167 2263 3288 2320 pag.
3321 2248 3449 2316 986,

1868 2341 1924 2395 in
1953 2356 2060 2410 quo
2086 2349 2218 2411 sunt
2243 2338 2595 2412 Etymologia:
2622 2341 2674 2395 in
2707 2355 3009 2398 sermonem
3039 2342 3148 2414 38
3176 2341 3451 2411 antiquum

1869 2432 2164 2502 HiSpanum
2193 2448 2483 2499 conversae,
2530 2439 2711 2488 exstat
2761 2433 2900 2487 idem
2947 2431 3291 2504 Epitaphium
3340 2440 3452 2494 tum

1869 2520 2057 2577 Latine
2083 2565 2099 2592 ,
2144 2533 2253 2576 tum
2286 2521 2542 2592 llispane,
2590 2520 2703 2577 fere
2747 2529 2807 2577 ut
2850 2521 2903 2575 in
2952 2521 3136 2577 codice
3164 2520 3344 2577 Fabri.
3395 2522 3454 2580 ιιι

1869 2616 2042 2686 primo
2071 2631 2228 2670 versu
2251 2615 2572 2687 geminorum
2599 2631 2817 2686 corpora
2850 2617 3072 2686 fratrum
3111 2630 3131 2668 :
3178 2613 3233 2674 in
3255 2628 3452 2670 secun-

1870 2706 1962 2769 do,
1992 2705 2266 2771 mendose,
2296 2721 2578 2774 parumque
2606 2720 2669 2757 ea:
2696 2703 2878 2758 ordine
2920 2712 3096 2758 natum
3125 2744 3140 2769 ,
3191 2702 3243 2756 in
3270 2702 3453 2769 tertio,

1872 2809 2019 2846 soror
2049 2794 2229 2848 devota
2257 2810 2272 2845 :
2307 2795 2359 2846 in
2405 2803 2618 2862 quarto,
2653 2794 2697 2845 Ο
2739 2811 2890 2864 quam
2927 2795 3208 2863 composita
3241 2809 3454 2847 concors

1872 2884 1954 2936 hic
1983 2883 2140 2953 digna
2169 2883 2380 2954 quiescit
2409 2898 2426 2935 :
2471 2882 2524 2936 in
2555 2883 2744 2951 quinto
2772 2924 2786 2949 ,
2838 2880 3078 2936 Isidorus
3110 2880 3305 2935 medius
3336 2897 3352 2933 :
3398 2881 3453 2936 in

1870 2983 2045 3041 sexto,
2085 2974 2160 3034 ,ΙΙί
2204 2975 2380 3044 quales
2399 2977 2613 3045 fuerunt
2637 2991 2655 3027 :
2695 2976 2747 3028 in
2787 2975 3039 3044 septi-mo,
3091 2973 3378 3044 Cognosces
3408 2980 3455 3027 et

201 3741 260 3795 6.
309 3737 470 3795 Cum
506 3750 639 3806 ergo
661 3744 848 3791 auctor
872 3735 1007 3790 Vitae
1035 3736 1090 3791 S.
1118 3733 1326 3804 lsidori,
1348 3735 1440 3804 qui
1456 3732 1651 3788 sacculo
1674 3747 1766 3788 xm

128 3833 347 3890 vixisse
383 3830 668 3897 creditur,
699 3828 1027 3899 epitaphium
1075 3811 1260 3881 lsidori
1299 3827 1568 3880 lldefonso
1608 3823 1766 3878 attri-

123 3928 292 3994 buat,
331 3922 711 3996 quaerendum
745 3928 844 3987 est,
877 3935 942 3974 an
972 3909 1298 3988 ejuscemodi
1326 3933 1528 3982 versus,
1554 3915 1765 3970 etiamsi

125 4018 188 4075 S.
224 4017 518 4074 lidefonsi
550 4030 660 4070 non
708 4015 844 4079 sint,
879 4019 1056 4065 tamen
1100 4026 1226 4066 saec.
1278 4027 1402 4076 xui,
1435 4008 1765 4078 antiquiores

124 4113 359 4168 censeri
397 4105 646 4182 possint,
677 4103 821 4176 quod
845 4114 1029 4172 aperte
1048 4111 1206 4172 negat
1233 4100 1508 4155 Florezius
1539 4107 1669 4154 tom.
1695 4095 1761 4151 X.

126 4201 294 4274 Hisp.
328 4217 522 4265 sacr.,
558 4213 678 4252 cum
711 4198 777 4251 de
803 4195 861 4250 S.
891 4193 1175 4263 Fulgentio
1206 4193 1332 4262 agit.
1367 4191 1626 4261 Equidem
1651 4191 1765 4245 ani-

121 4312 286 4352 mum
320 4310 441 4366 ego
474 4307 590 4348 non
623 4289 815 4345 induco
841 4331 855 4355 ,
907 4296 963 4342 ut
991 4289 1229 4353 credam,
1279 4288 1596 4357 scriptorem
1629 4285 1764 4341 Vita:

123 4389 187 4444 S.
217 4388 470 4454 lsidori,
508 4400 576 4440 ac
602 4384 773 4438 multo
800 4383 995 4444 minus,
1027 4381 1071 4435 si
1096 4383 1138 4436 is
1169 4379 1325 4435 fuerit
1357 4379 1525 4434 Lucas
1553 4379 1764 4434 Tudcn-

119 4480 224 4547 sis,
258 4481 352 4535 vir
397 4477 636 4552 probus,
667 4474 996 4546 epitaphium
1026 4473 1212 4528 lsidori
1250 4474 1614 4542 composuisse
1639 4516 1654 4542 ,
1707 4482 1763 4527 ut

121 4565 453 4636 lidefonso,
492 4577 751 4640 tanquam
777 4567 1005 4634 auctori,
1054 4565 1178 4620 illud
1210 4567 1508 4636 aﬂingeret.
1539 4563 1765 4637 Oportet

118 4677 287 4734 ergo,
326 4670 400 4719 ut
433 4675 786 4725 censeamus,
820 4658 1150 4729 epitaphium
1175 4656 1287 4726 jam
1333 4658 1458 4712 olim
1497 4655 1596 4711 sub
1627 4656 1763 4712 [lde-

121 4754 275 4810 fonsi
309 4753 563 4810 nomine
585 4758 710 4804 ante
737 4747 914 4804 Vitam
945 4747 1131 4802 lsidori
1157 4749 1409 4818 scriptam
1435 4749 1761 4818 divulgatum

119 4843 537 4915 fuisse,‘quod
581 4843 814 4912 scriptor
845 4839 978 4894 Vita:
1007 4838 1362 4894 lsidori'bona
1391 4839 1491 4893 ﬁde
1513 4839 1757 4908 arripuit.

121 4937 609 4995 Vetustissimum
635 4934 885 4989 Codicem
905 4931 1190 4988 Gothicam
1221 4931 1760 4999 laudat,utvidimus,

121 5029 482 5102 Cajetanus,
520 5027 570 5080 in
601 5042 709 5095 quo
740 5025 795 5079 hi
817 5035 1008 5079 versus
1036 5035 1226 5093 magna
1255 5037 1317 5078 ex
1349 5031 1500 5092 parte
1526 5024 1762 5078 contine-

119 5123 367 5178 bantur.
421 5117 496 5174 Id
535 5119 580 5173 si
605 5133 788 5174 verum
817 5125 922 5185 est,
950 5115 1209 5185 majorem
1241 5115 1495 5186 epitaphii
1526 5123 1762 5170 vetusta-

122 5225 239 5272 tem
271 5211 518 5284 arguit,
562 5225 872 5282 quamqua:
908 5227 936 5263 a
985 5209 1098 5264 Nic.
1149 5207 1383 5263 Antonio
1427 5208 1758 5279 agnoscitur.

120 5306 237 5362 Sed
259 5303 552 5373 Caje‘tani
582 5303 713 5357 tides
743 5303 796 5356 in
825 5301 1093 5356 veteribus
1116 5298 1444 5355 membranis
1472 5299 1762 5367 allegandis

117 5395 394 5454 Ναυτιωο
431 5408 511 5448 ac
538 5394 804 5449 nonnullis
847 5391 965 5447 al'ris
994 5391 1136 5447 lluxa
1165 5401 1218 5445 et
1267 5393 1470 5447 incerta
1501 5391 1612 5446 visa
1657 5398 1759 5445 est.

195 5492 257 5545 7.
307 5489 592 5556 Alioquin
629 5488 753 5542 dum
783 5502 968 5542 versus
997 5487 1163 5557 ipsos,
1214 5492 1272 5540 ut
1301 5469 1441 5555 apud
1486 5493 1761 5540 auctorem

122 5590 398 5636 veterem
431 5575 580 5632 Vitae
605 5578 662 5633 S.
691 5578 899 5645 lsidori,
941 5589 995 5633 et
1019 5577 1332 5646 Cajetanum
1360 5585 1487 5632 sunt
1513 5621 1528 5645 ,
1559 5585 1764 5633 attente

123 5670 409 5740 inspicio,
463 5665 600 5722 nihil
644 5683 775 5723 sane
817 5667 1054 5736 invenio,
1081 5683 1178 5723 cur
1203 5667 1400 5724 szeculo
1427 5683 1500 5723 vn
1533 5677 1628 5723 aut
1669 5684 1762 5724 Vill

125 5757 405 5831 indignos
435 5756 719 5828 iudicem;
756 5759 1052 5830 praesertim
1085 5776 1206 5816 cum
1239 5759 1392 5816 facile
1420 5761 1508 5830 sit,
1557 5769 1613 5816 ut
1668 5762 1764 5818 de-

125 5856 506 5928 pcriptorum
518 5849 739 5921 incuria,
763 5851 908 5926 quod
928 5852 1039 5910 fere
1065 5855 1117 5910 in
1136 5851 1254 5912 aliis
1273 5854 1520 5912 omnibus
1541 5854 1756 5936 accidit,

1791 4615 1845 4675 Ι)

1990 4661 2117 4710 Crux
2144 4660 2248 4720 haec
2268 4659 2392 4710 alma
2415 4657 2550 4720 gerit
2571 4664 2844 4705 sanctorum
2869 4630 3072 4720 corpora
3097 4651 3316 4710 Mirum,

1905 4721 1908 4724 ⁴
1994 4721 2198 4770 Leandri
2224 4715 2510 4782 lsidoriq'ue,
2541 4719 2752 4780 priorum
2778 4729 2840 4764 ex
2866 4715 3040 4763 ordine
3066 4720 3244 4773 vatum,

1863 4828 1938 4882 ita
1967 4826 2064 4898 legi
2110 4826 2165 4880 in
2196 4823 2408 4880 laudato
2440 4819 2696 4876 Exiliensi
2737 4817 2928 4874 Codice
2968 4816 3303 4892 comprobare
3323 4833 3452 4890 pos-

1863 4933 2037 4972 sumus
2071 4934 2084 4969 ε

1987 5033 2113 5084 Crux
2140 5032 2241 5081 haec
2260 5031 2384 5080 alma
2406 5030 2553 5092 gerit.
2577 5066 2590 5080 .
2617 5065 2629 5078 .
2658 5067 2669 5078 .
2700 5065 2711 5076 .
2736 5041 2936 5092 corpora
2956 5026 3177 5092 fratrum,

1988 5093 2196 5144 Leandri
2227 5087 2489 5155 lsidoriifue
2517 5101 2684 5153 parum
2709 5101 2772 5140 ex
2795 5087 2969 5140 ordine
2991 5087 3235 5139 abbatum.

1869 5199 2009 5268 Quas
2032 5202 2230 5256 litteras
2259 5201 2489 5273 ejusdem
2517 5195 2731 5270 Zapatte
2762 5208 2918 5250 manu
2949 5196 3169 5268 scriptas
3198 5209 3347 5266 penes
3370 5209 3450 5248 me

1867 5295 2045 5351 habeo.
2083 5293 2232 5349 Nihil
2262 5302 2430 5348 tamen
2458 5292 2513 5346 id
2536 5308 2630 5346 nos
2661 5296 2883 5344 removet
2912 5306 2944 5340 a
2980 5288 3188 5340 saniore
3209 5283 3408 5356 judicio
3435 5300 3450 5338 :

1869 5406 1984 5444 cum
2013 5405 2039 5442 e
2077 5403 2232 5440 manu
2273 5387 2373 5439 ista
2414 5391 2488 5438 tot
2517 5383 2650 5436 male
2681 5397 2824 5437 sana:
2851 5380 3084 5452 ﬁctiones
3117 5375 3401 5445 prodierint
3432 5391 3449 5428 :

1867 5481 2092 5554 ordoque
2121 5479 2358 5533 abbatum
2388 5478 2472 5532 vix
2503 5485 2577 5530 est
2603 5519 2618 5544 ,
2667 5485 2723 5530 ut
2751 5471 2994 5550 imputari
3025 5488 3134 5544 pra:
3160 5465 3452 5541 pontiﬁcali

1867 5573 2139 5645 dignitate,
2178 5589 2276 5644 qua
2308 5571 2470 5643 [uncti
2499 5569 2648 5624 ambo
2676 5587 2827 5647 sunt,
2870 5564 3205 5626 sanctissimis
3236 5561 3357 5615 viris
3389 5562 3452 5616 ab

1865 5669 2205 5740 ineptissimo,
2251 5676 2300 5721 et
2352 5667 2693 5722 rusticissimo
2733 5683 2914 5747 poem,
2944 5662 3030 5739 qui
3083 5655 3292 5711 Braulio
3323 5667 3458 5710 certe

1868 5779 1970 5840 non
1995 5770 2091 5826 est,
2123 5769 2397 5815 mereatur.
2433 5758 2661 5812 Breviter
2692 5767 2762 5827 de
2801 5781 2902 5844 his,
2933 5770 3040 5820 etc.

1941 5850 2026 5912 ti.
2069 5852 2481 5928 ineptissimum,
2511 5858 2566 5904 et
2591 5865 3036 5957 rusuﬁsso‘mw,
3056 5845 3272 5919 poetam
3292 5855 3467 5910 vocat,
