4048 6364
598 371 666 429 59
1344 372 1436 430 AD
1472 370 1707 429 OPERA
1746 370 1806 427 S.
1849 366 2089 424 ISIDORI
2130 363 2574 424 IIISPALENSIS
2612 365 3146 428 PROLEGOMENA.
3845 382 3918 438 ω

598 492 811 565 qualem
844 491 1077 545 famosus
1118 486 1383 543 fabulator
1427 487 1627 558 Zapata
1674 490 2061 555 repnesentat:
2094 480 2185 549 qui
2214 481 2260 540 Α
2292 480 2575 535 transitum
2623 482 2992 551 gloriosissimi
3023 487 3265 556 praesulis
3314 486 3501 545 lsidori
3535 493 3722 549 omnis
3770 511 3915 566 gens

600 599 658 647 ut
685 590 782 645 sibi
817 585 1191 643 Benedictinos
1215 583 1480 639 demereri
1528 589 1787 652 pergeret,
1838 577 2041 633 nullum
2073 590 2181 629 non

596 682 764 737 movit
793 678 1045 749 lapidem,
1079 675 1284 731 nullum
1331 689 1437 727 non
1469 671 1621 725 finxit
1648 679 1739 725 aut
1768 668 2010 737 corrupit
2048 666 2180 720 scri-

597 784 767 846 ptum.
802 770 956 837 Quod
1002 768 1047 823 si
1091 766 1211 823 Nic.
1256 765 1519 819 Antonius
1562 764 1614 817 in
1654 777 1719 816 eo
1752 766 1977 831 perstet,
2009 758 2182 827 epita-

596 866 780 934 phium
807 860 1016 921 lsidori.
1049 860 1213 915 etiam
1243 873 1351 912 non
1383 855 1761 922 interpolatum
1786 865 1960 921 neque
1986 849 2180 918 depra-

595 964 800 1021 vatum,
831 960 1005 1023 poetae
1035 948 1350 1020 ineptissimi
1390 956 1444 1001 et
1479 944 1819 1001 rustieissimi
1851 958 1987 1011 opus
2019 955 2136 994 esse
2160 980 2177 1007 ,

596 1047 648 1102 in
681 1048 837 1101 aliam
866 1060 953 1099 me
980 1044 1130 1098 abire
1159 1040 1477 1097 sententiam
1511 1036 1790 1107 proﬁteor.
1841 1031 2179 1087 Mabillonius

596 1150 636 1196 t.
660 1139 701 1194 Ι.
732 1138 929 1193 Annal.
980 1135 1279 1199 Benedict.,
1308 1147 1433 1203 pag.
1464 1130 1594 1195 9.78,
1625 1128 1904 1184 confirmat
1937 1128 2039 1181 hoc
2060 1125 2176 1195 epi-

596 1235 835 1305 taphiuni
859 1234 968 1305 39
989 1230 1209 1285 inveniri
1259 1229 1607 1295 subjnnctum
1638 1225 1835 1293 regulae
1866 1222 2093 1278 Leandri
2124 1222 2176 1277 in

593 1325 825 1398 quodam
855 1323 1068 1379 Codice.
1102 1319 1367 1392 Opinatur
1389 1362 1405 1387 ,
1459 1318 1559 1374 sub
1588 1333 1749 1373 cruce
1795 1314 1975 1370 forsan
2005 1323 2177 1369 trans-

592 1429 745 1471 versa
791 1422 941 1485 parte
978 1411 1138 1467 simul
1183 1409 1417 1480 iacuisse
1464 1414 1774 1462 sanctorum
1820 1404 1919 1458 tria
1948 1418 2175 1475 corpora

590 1520 960 1576 germanorum
994 1522 1008 1558 :
1041 1505 1307 1574 picturam
1332 1502 1383 1555 in
1415 1501 1669 1568 adjuncto
1699 1496 1900 1567 pariete
1924 1510 2177 1565 expressa

586 1612 775 1653 eorum
829 1594 1033 1665 efﬁgies
1075 1602 1130 1649 et
1175 1593 1366 1647 merita
1418 1598 1850 1661 reprtesentasse.
1902 1586 2176 1657 Conjicit,

586 1695 750 1748 verba
772 1691 961 1746 lsidori
990 1690 1057 1745 de
1077 1688 1190 1743 Vir.
1214 1687 1435 1751 Illustr.,
1461 1684 1761 1739 Leandrum
1782 1681 2029 1737 Recaredi
2053 1690 2178 1734 tem-

584 1786 795 1859 poribus
823 1785 1084 1854 ]loruisse,
1116 1796 1177 1834 ac
1203 1780 1477 1834 terminum
1502 1778 1616 1831 vitae
1649 1775 1924 1836 clausisse,
1970 1788 2074 1826 non
2104 1772 2177 1826 ita

2286 570 2588 629 Gothorum
2620 576 2836 631 occulto
2868 578 2961 632 Dei
2980 578 3184 648 judicio
3213 582 3399 649 gentili
3429 583 3610 651 gladio
3648 586 3911 645 ferienda

2283 673 2364 718 est
2398 664 2613 720 tradita.
2639 664 3006 723 Transmarini
3036 686 3268 740 namque
3288 671 3543 729 Saraceni
3563 690 3729 733 mare
3762 679 3906 733 illud

2281 756 2425 825 quod
2455 755 2757 827 Hispalensi
2790 761 2905 815 urbi
2936 762 3125 817 alludit
3155 764 3604 835 translretantes,
3656 772 3907 841 primum

2282 848 2529 903 eamdem
2563 850 2748 905 urbem
2778 864 3074 922 ceperunt;
3106 856 3227 911 dein
3259 856 3511 913 Baeticam
3533 902 3548 927 ,
3579 870 3641 916 et
3671 861 3905 921 Lusita-

2282 942 2422 994 niam
2453 944 2782 1013 provinciam
2816 960 3163 1017 occuparunt,
3193 950 3397 1018 Quibus
3430 953 3741 1013 Rudericus
3776 976 3904 1025 rex,

2280 1044 2569 1103 aggregato
2598 1038 2842 1092 exercitu
2865 1037 3192 1112 Gothorum,
3221 1055 3461 1102 armatus
3488 1052 3762 1107 occurrit.
3792 1053 3903 1110 Sed

2279 1128 2403 1195 quia
2431 1129 2681 1198 przefatus
2697 1146 2814 1199 rex,
2841 1134 3083 1202 neglecta
3112 1137 3370 1205 religione
3389 1139 3589 1207 divina,
3618 1144 3895 1202 vitiorum

2279 1234 2338 1275 se
2365 1220 2606 1277 dominio
2634 1226 3073 1295 mancipaverat,
3124 1230 3370 1296 pratinus
3400 1232 3453 1285 in
3487 1234 3668 1301 fugam
3694 1251 3901 1292 versus

2280 1324 2332 1369 et
2360 1316 2533 1369 omnis
2562 1319 2829 1373 exercitus
2856 1320 2967 1375 fere
2998 1321 3061 1375 ad
3090 1320 3515 1381 internecionem
3548 1344 3725 1399 usque
3760 1334 3897 1399 gla-

2281 1404 2369 1460 dio
2391 1407 2600 1462 deletus
2627 1418 2727 1463 est.
2760 1410 3015 1467 Saraceni
3047 1414 3300 1485 deinceps
3329 1417 3491 1487 longe
3523 1418 3747 1489 lateque
3796 1438 3897 1475 va-

2280 1505 2488 1564 gantes,
2516 1498 2849 1566 innumeras,
2884 1503 3239 1574 horridasque
3281 1509 3453 1562 caedes
3480 1522 3898 1579 perpetrarum.

2281 1587 2381 1653 Qui
2426 1598 2652 1656 quantas
2705 1606 2782 1645 ea:
2800 1592 2877 1645 les
2924 1603 3262 1664 quantasque
3310 1608 3516 1666 strages
3571 1611 3894 1657 nostrorum

2280 1679 2547 1747 dederint,
2579 1691 2844 1738 testantur
2874 1700 3061 1741 eversa
3090 1697 3288 1755 castra,
3324 1699 3379 1744 et
3409 1691 3757 1760 antiquarum
3796 1711 3890 1747 ur—

2280 1771 2427 1827 bium
2456 1774 2631 1828 diruta
2686 1777 2902 1831 manlia.
2939 1777 3013 1832 Ea
3056 1789 3382 1850 tempestate
3413 1784 3588 1838 munis
3631 1783 3893 1854 HiSpania

584 1879 755 1947 rigide
778 1892 898 1930 esse
929 1873 1263 1944 accipienda,
1295 1881 1353 1925 ut
1382 1869 1759 1924 auctoritatem
1787 1864 2045 1935 epitaphii
2068 1864 2183 1919 ele-
2219 1871 2258 1928 Β
2288 1866 2423 1922 luxit
2454 1870 2777 1923 monasteria
2820 1872 2873 1924 in
2904 1887 2962 1926 se
2990 1887 3175 1927 eversa
3202 1915 3215 1939 ,
3268 1874 3541 1945 episcopia
3570 1876 3853 1933 destructa
3875 1919 3892 1942 ,

585 1977 750 2025 vent:
784 1967 1150 2022 Florentinam
1177 1963 1379 2033 Hispali
1416 1960 1772 2016 verosimilius
1802 1958 1963 2013 fuisse
1998 1959 2181 2029 sepul-

590 2072 725 2124 tam,
754 2076 916 2129 quam
948 2057 1137 2127 Astigi,
1171 2056 1315 2127 quod
1341 2056 1429 2111 alii
1462 2056 1700 2110 tradunt.
1734 2055 1807 2108 De
1836 2068 1980 2109 anno
2004 2054 2183 2108 obitus

584 2153 644 2212 S.
694 2153 923 2209 Leandri
978 2152 1302 2209 sententiam
1356 2148 1653 2204 Mabillonii
1708 2148 1929 2202 minime
1988 2146 2179 2217 probo.

585 2245 784 2304 Confer
813 2263 934 2317 cap.
960 2246 1048 2301 2t).

656 2340 743 2395 12.
785 2339 941 2393 Aliud
965 2346 1141 2394 exstat
1160 2336 1347 2392 lsidori
1372 2334 1727 2406 epitaphium,
1747 2337 1893 2405 quod
1914 2332 2182 2388 lldefonso

584 2434 784 2504 pariter
810 2432 863 2486 in
894 2432 1216 2487 collectione
1239 2429 1537 2485 carminum
1568 2426 2001 2482 Pseudo-Juliani
2030 2424 2185 2480 alliu-

583 2526 725 2594 gitur
760 2542 773 2577 :
806 2523 947 2595 quod
978 2524 1138 2593 plane
1166 2524 1532 2592 apocryphum
1574 2530 1657 2575 est
1679 2562 1692 2584 ,
1728 2529 1839 2575 tum
1872 2522 1997 2589 quia
2038 2518 2181 2574 nulla

583 2613 699 2684 ejus
745 2615 1006 2668 memoria
1049 2622 1175 2669 ante
1211 2611 1722 2668 Pseudo-Julianum
1765 2618 2017 2681 apparet,
2070 2620 2180 2665 tum

584 2704 709 2777 quia
746 2704 934 2760 lsidori
972 2704 1219 2759 exsilium
1245 2746 1261 2771 ,
1310 2704 1455 2774 quod
1503 2703 1807 2758 fabulosum
1840 2712 1959 2768 est,
2012 2702 2064 2756 in
2116 2718 2183 2757 eo

584 2806 1057 2855 commemoratur.
1085 2797 1176 2853 Sic
1202 2806 1381 2853 autem
1412 2795 1573 2851 habet
1599 2814 1611 2849 :

707 2910 851 2959 Mens
878 2917 1105 2971 penetrst
1128 2908 1301 2971 ccelos,
1326 2910 1417 2958 hac
1438 2920 1614 2970 corpus
1637 2908 1817 2957 dormit
1841 2907 1889 2956 in
1915 2919 2060 2970 urna,

770 2973 921 3022 Dulce
945 2975 1096 3020 decus
1122 2974 1309 3035 gentis,
1334 2972 1433 3020 dux
1463 2972 1667 3029 lsudore,
1697 2978 1813 3019 tuae.

706 3034 827 3094 Quae
850 3036 937 3085 tibi
961 3034 1225 3097 discipulus
1244 3042 1420 3094 sanat,
1449 3047 1712 3096 praesume,
1734 3037 1989 3095 magister,

775 3099 866 3153 Qui
890 3097 979 3144 fuit
1005 3096 1168 3144 υχδίιίἰ
1195 3110 1425 3157 parsque,
1448 3108 1713 3157 cautesque
1738 3097 1829 3144 tui.

708 3156 933 3207 Carmina
961 3171 1098 3205 sume
1128 3156 1303 3219 libens,
1328 3163 1380 3205 et
1402 3170 1549 3219 quem
1572 3156 1783 3206 tu’vivus
1800 3158 1991 3218 amasti,

778 3220 890 3268 Post
910 3228 991 3269 tua
1010 3233 1212 3269 securus
1237 3218 1351 3276 fata,
1379 3218 1633 3281 magister,
1656 3234 1780 3269 ama.

712 3282 805 3345 Ora
831 3295 918 3345 pro
943 3282 1079 3345 nobis
1105 3283 1317 3344 miseris,
1345 3282 1614 3345 clarissime
1639 3282 1833 3345 doctor,

774 3344 814 3393 Ο
833 3342 996 3393 δρωιε
1019 3344 1280 3406 HiSperiae,
1305 3342 1582 3406 relligionis
1606 3344 1777 3393 honor.

711 3404 805 3463 Da,
832 3419 971 3468 rogo,
999 3414 1049 3455 te
1074 3404 1286 3465 facilem,
1308 3416 1357 3456 te
1380 3404 1577 3467 desine,
1595 3420 1783 3467 quaeso,
1811 3408 1989 3468 rogari.

775 3468 947 3531 Teque
974 3478 1143 3518 vocant
1170 3472 1352 3531 populi,
1377 3470 1745 3531 discipulusque
1767 3479 1923 3519 vocat.

709 3530 866 3593 Quem
888 3533 1031 3579 variae
1056 3530 1258 3593 cingunt
1281 3546 1431 3592 curae,
1458 3530 1607 3593 quem
1625 3533 1775 3581 densa
1802 3530 1982 3593 pericla

773 3592 1027 3655 Infestant,
1050 3594 1161 3643 cceli
1188 3595 1261 3642 t‘ac
1289 3592 1499 3643 statione
1526 3594 1635 3645 frui.

659 3702 747 3756 15.
789 3701 989 3757 Auctor
1016 3700 1151 3756 Vitae
1180 3700 1387 3767 lsidori,
1432 3713 1555 3773 post
1594 3702 1782 3757 lsidori
1813 3701 2180 3773 epitaphium,

591 3794 736 3866 quod
768 3793 835 3847 ab
860 3791 1128 3848 lldefonso
1157 3796 1515 3864 compositum
1547 3794 1747 3849 diserte
1775 3795 1990 3861 asserit,
2029 3794 2179 3849 scili-

592 3893 680 3941 cet
704 3884 844 3939 Crux
874 3884 983 3939 haec
1027 3886 1168 3939 alma
1196 3887 1352 3957 gerit,
1403 3895 1509 3941 etc.
1536 3924 1554 3953 ,
1586 3884 1829 3955 adjungit
1878 3886 2022 3941 aliud
2063 3887 2181 3942 sine

593 3977 813 4033 nomine
842 3981 1075 4033 auctoris
1103 3996 1115 4032 :
1147 3986 1309 4050 atque
1338 3978 1475 4033 adeo
1504 3978 1721 4034 dubium
1753 3979 2009 4034 lectorem
2054 3980 2179 4035 red-

588 4070 688 4139 dit,
717 4087 785 4126 au
832 4071 934 4127 hoc
962 4072 1124 4126 etiam
1170 4072 1399 4127 alterum
1449 4070 1718 4128 Ildefonso
1747 4073 2037 4142 adjudicet.
2070 4072 2181 4127 Sed

588 4174 737 4220 certe
760 4164 827 4218 ad
846 4163 1146 4220 Gothorum
1170 4164 1391 4220 Patrum
1420 4175 1665 4236 tempora
1681 4167 1902 4221 minime
1928 4168 2177 4239 pertinet,

589 4271 711 4311 cum
736 4264 792 4311 et
822 4254 1028 4312 fabulas
1054 4259 1348 4327 permixtas
1377 4257 1575 4313 habeat
1598 4298 1615 4325 ,
1648 4267 1704 4314 et
1730 4259 1968 4314 versibus
2008 4260 2177 4315 leoni-

589 4351 674 4407 nis
711 4351 1068 4420 compositum
1096 4351 1188 4419 sit,
1214 4352 1403 4421 quales
1432 4366 1497 4407 ea
1517 4360 1679 4407 aetate
1709 4353 1761 4407 in
1794 4352 2046 4423 Hispania
2073 4370 2179 4409 non

589 4451 804 4501 constat
828 4445 882 4501 in
912 4461 1010 4500 usu
1042 4444 1235 4513 fuisse;
1267 4456 1417 4503 certe
1445 4448 1586 4504 inter
1612 4449 1844 4518 genuina
1874 4447 2095 4517 Eugenii
2125 4457 2183 4505 et
2226 4496 2231 4501 .

587 4536 873 4607 aequalium
902 4546 1151 4609 poemata
1180 4552 1401 4595 carmen
1442 4539 1831 4609 longiusculum
1874 4541 2180 4611 hujusmodi

2288 1957 2453 2013 libros
2478 1974 2646 2013 sacrae
2688 1960 2819 2028 legis
2860 1962 2981 2030 igne
3012 1964 3351 2030 combustos,
3391 1965 3677 2023 thesauros
3706 1970 3893 2024 eccle-

2285 2051 2487 2107 siarum
2515 2054 2776 2123 direptos,
2822 2070 3011 2109 omnes
3040 2056 3246 2111 incolas
3277 2057 3441 2121 ferro,
3469 2057 3707 2125 flamma,
3749 2060 3890 2117 fama

2286 2156 2654 2217 consumptos.
2696 2145 2933 2201 Tandem
2965 2148 3136 2218 pietas
3168 2150 3280 2213 illa,
3330 2164 3449 2218 quae
3480 2165 3587 2205 noii
3620 2163 3704 2206 est
3732 2152 3891 2206 solita

2286 2253 2414 2305 eos,
2442 2253 2581 2307 quos
2605 2240 2831 2309 corripit
2858 2280 2874 2308 ,
2914 2238 2981 2293 ad
3010 2240 3435 2295 internecionem
3461 2256 3635 2312 usque
3663 2242 3851 2297 delere
3873 2284 3889 2309 ,

2284 2332 2406 2396 sed,
2458 2330 2811 2400 ﬂagellando,
2861 2333 3279 2388 misericorditer
3316 2335 3619 2402 corrigere,
3676 2337 3890 2392 animos

2287 2421 2489 2492 Pelagii
2510 2425 2812 2493 cujusdam,
2836 2426 2925 2493 qui
2951 2426 3098 2494 regia
3127 2416 3350 2481 traduce
3369 2426 3579 2480 exstitit
3601 2429 3889 2496 oriundus,

2286 2518 2674 2583 corroboravit,
2723 2527 2780 2572 et
2807 2528 2995 2572 contra
3026 2518 3330 2573 SaracenOs
3358 2518 3477 2573 loco
3502 2559 3515 2583 ,
3567 2521 3661 2589 qui
3690 2522 3891 2575 dicitur

2286 2609 2428 2665 Cova
2460 2610 2672 2665 Sancta:
2703 2611 2901 2677 Mariae,
2935 2611 3245 2666 rebellando
3266 2653 3280 2678 ,
3314 2612 3393 2666 eis
3432 2612 3634 2667 bellum
3667 2612 3883 2667 indixit.

2285 2700 2527 2769 Qualiter
2557 2713 2737 2758 autem
2787 2704 2838 2757 in
2869 2702 3120 2758 conﬂictu
3166 2704 3259 2758 illo
3311 2703 3493 2759 divina
3542 2720 3740 2759 manus
3784 2722 3885 2775 pro

2286 2794 2485 2850 nostris
2508 2796 2849 2864 pugnaverit,
2886 2811 2951 2849 ex
2982 2796 3085 2850 hoc
3125 2796 3325 2866 poterit
3354 2794 3591 2862 adverti,
3625 2796 3776 2866 quod
3803 2812 3889 2851 ar-

2285 2902 2501 2942 morum
2530 2887 2758 2956 Spicula,
2792 2904 2821 2941 a
2871 2886 3155 2943 Saracenis
3184 2890 3363 2953 missa,
3395 2890 3450 2943 in
3493 2904 3587 2944 eos
3629 2890 3783 2959 ipsos
3812 2893 3891 2947 vis

2284 2979 2464 3035 divina
2494 2981 2749 3047 retorsit;
2800 2988 2855 3036 et
2901 2996 3061 3051 rupes
3086 2981 3364 3050 quaidam,
3418 2981 3510 3035 Dei
3552 2993 3681 3036 nutu
3716 3000 3890 3051 pras-

2285 3074 2447 3141 cissa,
2484 3074 2709 3139 corruit,
2742 3082 2797 3129 et
2834 3089 2901 3128 ex
2932 3073 3217 3129 Saracenis
3247 3089 3353 3128 non
3393 3071 3666 3128 minimam
3698 3077 3889 3129 multi-

2286 3165 2526 3221 tudinem
2558 3167 2911 3236 opprimendo
2942 3165 3233 3220 exstinxit:
3267 3166 3409 3235 quod
3441 3166 3484 3219 si
3514 3166 3631 3235 quis
3662 3168 3731 3219 ad
3768 3171 3887 3237 ple-

2208 3258 2257 3324 c
2286 3274 2412 3313 num
2435 3257 2667 3311 voluerit
2694 3272 2939 3323 noscere,
2975 3257 3250 3325 lugubrem
3276 3256 3552 3311 historiam
3577 3264 3889 3327 temporum

2293 3348 2512 3403 illorum
2541 3349 2755 3403 studeat
2780 3349 2977 3415 legere.
3001 3370 3017 3401 ι

2353 3462 2457 3535 41
2495 3482 2513 3515 i
2543 3461 2717 3519 Lectio
2750 3479 2804 3519 ιι.
2840 3492 2909 3504 -
2930 3463 3024 3520 Illo
3055 3481 3121 3520 ex
3152 3474 3393 3536 tempore
3422 3482 3635 3522 rursum
3664 3467 3884 3538 gloria,

2282 3565 2339 3612 et
2386 3570 2607 3625 regnum
2660 3554 2903 3611 Gothicae
2932 3557 3108 3625 gentis
3155 3559 3355 3613 sensim
3409 3566 3571 3628 atque
3618 3560 3890 3629 paulatim

2283 3649 2468 3719 coepit,
2497 3649 2663 3703 veluti
2689 3648 2976 3716 virgultum
2999 3664 3067 3704 ex
3096 3649 3336 3705 rediviva
3364 3650 3565 3717 radice,
3588 3652 3889 3722 pullulare,

2285 3750 2341 3797 et
2370 3740 2629 3795 industria
2658 3755 2863 3810 regum,
2892 3743 3005 3811 qui,
3040 3742 3202 3809 regali
3234 3752 3523 3797 stemmate
3566 3746 3843 3813 progeniti
3870 3783 3886 3811 ,

2285 3832 2495 3905 apicem
2546 3832 2697 3901 regni
2751 3832 3005 3887 nobiliter
3050 3834 3441 3902 gubernabant,
3492 3834 3716 3904 singulis
3762 3852 3889 3891 moo

2284 3925 2481 3980 mentis
2507 3938 2871 3981 succrescere.
2906 3923 3079 3980 Fuere
3114 3940 3351 3995 namque
3379 3926 3565 3989 armis,
3593 3937 3649 3981 et
3667 3927 3883 3984 viribus

2283 4018 2508 4083 famosi,
2556 4016 2783 4071 consilio
2812 4017 2960 4081 clari,
2996 4018 3359 4073 misericordia
3393 4056 3408 4085 ,
3458 4027 3621 4088 atque
3662 4018 3887 4088 justitia

2286 4108 2567 4181 pnecipui,
2619 4107 2862 4178 religioni
2902 4108 3089 4177 dediti,
3120 4110 3323 4180 quique
3352 4112 3573 4180 antiqua
3600 4112 3889 4183 episcopis

2286 4201 2643 4265 innovaruut,
2693 4202 2941 4256 basilicas
2988 4200 3308 4269 fundarunt,
3351 4212 3405 4258 et
3436 4205 3699 4259 thesauris
3738 4204 3891 4261 dita—

2286 4303 2450 4362 runt,
2495 4309 2648 4359 auro,
2681 4302 2737 4348 et
2764 4295 3008 4364 gemmis,
3058 4295 3315 4366 librisque
3344 4306 3608 4352 ornarunt
3633 4337 3647 4361 ,
3691 4313 3753 4353 ac
3784 4314 3891 4369 pro

2286 4388 2487 4443 viribus
2539 4387 2826 4443 Christiani
2870 4388 3102 4443 nominis
3153 4390 3380 4458 gloriam
3430 4390 3742 4446 dilatarunt.
3803 4392 3889 4449 Ex

2284 4494 2512 4548 quorum
2544 4478 2737 4532 illustri
2770 4478 3019 4549 prosapia
3046 4482 3267 4535 emersit
3294 4482 3373 4536 vir
3398 4480 3727 4537 clarissimus
3747 4481 3890 4539 Fre-

2287 4570 2552 4625 dinandus
2581 4569 2761 4625 Sanci’.
2803 4574 2942 4639 regis
2974 4568 3148 4639 ﬁlius,
3198 4572 3328 4642 qui,
3378 4581 3436 4628 ut
3478 4582 3694 4643 sceptra
3725 4576 3889 4644 regni

589 4628 842 4738 {hy‘hmf’
870 4630 1095 4738 νυξκῗη,
1114 4640 1369 4738 imm“
1394 4648 1507 4738 1³οἿ
1534 4645 1821 4738 Γθβῗτξξυνζ
1851 4634 2017 4738 S"”_"'
2049 4650 2179 4705 ergo
2204 4651 2260 4715 D
2288 4666 2544 4736 possedit,
2574 4682 2681 4721 non
2711 4676 2793 4721 est
2829 4676 3011 4722 nostra
3058 4668 3285 4724 intentio
3312 4669 3583 4735 evolvere,
3615 4678 3886 4738 quantam

589 4720 769 4779 locum
797 4730 922 4779 tunc
941 4724 1180 4793 habebit,
1213 4742 1334 4781 cum
1357 4728 1464 4780 vita
1493 4727 1603 4796 ipsa
1634 4725 1821 4783 lsidori
1851 4728 2177 4799 proferetur.

1182 4835 1412 4893 CAPUT
1450 4838 1581 4897 Vill.

594 4923 703 4997 40
727 4925 856 4980 Acta
898 4928 1255 4986 translationis
1293 4931 1525 4998 corporis
1570 4931 1632 4988 S.
1688 4930 1886 4987 Isidori
1913 4974 1927 4998 ,
1976 4937 2044 4987 ad
2080 4952 2176 4990 ms.

664 5018 901 5073 Codicem
948 5018 1218 5076 Gothicam
1265 5024 1420 5095 regia:
1479 5023 1798 5081 bibliotheca:
1853 5024 2179 5081 Matritensis

664 5116 945 5183 recognita.
996 5114 1153 5168 Aliud
1196 5115 1438 5171 Actorum
1478 5121 1838 5175 translationis
1888 5121 2176 5189 exemplar.

668 5202 1061 5261 Observationes
1086 5208 1141 5261 in
1169 5217 1381 5279 utraque
1408 5210 1558 5265 Acta.
2057 5227 2060 5229 λ

664 5299 718 5355 1.
754 5318 773 5352 ι
805 5298 972 5371 Hujus
1001 5301 1215 5356 beatum
1246 5319 1443 5376 corpus
1488 5305 1667 5360 divina
1716 5308 2068 5376 dispositione
2111 5307 2179 5363 ab

594 5393 894 5465 HiSpaleusi
921 5397 1052 5451 urbe
1072 5407 1194 5467 post
1221 5414 1392 5453 annos
1418 5414 1712 5454 CCCCLXVIII
1741 5397 1927 5471 [Forte
1951 5409 2066 5470 post
2085 5418 2182 5455 an-

593 5504 687 5544 nos
714 5488 1014 5561 ccccxxvnl
1041 5498 1126 5547 est
1156 5491 1491 5558 translatum,
1538 5502 1699 5562 atque
1728 5492 1781 5545 in
1815 5493 1945 5548 urbe
1989 5493 2181 5565 Legio-

595 5582 747 5637 nensi
796 5582 1061 5652 condigna
1111 5584 1316 5638 honore
1358 5583 1647 5653 sepultum.
1676 5583 1915 5650 Qualiter
1954 5602 2082 5642 vero
2128 5588 2179 5643 id

593 5682 772 5730 actum
817 5677 923 5745 sit,
951 5676 1052 5733 etsi
1082 5692 1191 5731 non
1221 5678 1390 5744 claro,
1419 5679 1598 5733 veraci
1626 5687 1805 5736 tamen
1841 5682 2013 5754 stylo,
2055 5682 2183 5740 huic

594 5768 748 5843 operi
776 5770 993 5838 dignum
1023 5770 1276 5827 duximus
1306 5773 1561 5830 inserere.

671 5878 691 5919 ς
718 5856 897 5918 Lectio
923 5877 958 5918 ι.
989 5893 1060 5905 -
1098 5862 1256 5919 Anno
1296 5863 1456 5939 igitur
1501 5868 1895 5941 septuagesimo
1935 5870 2002 5940 ν,
2060 5880 2186 5951 post

2286 4765 2342 4811 et
2369 4773 2531 4826 quam
2560 4758 2802 4813 crebram
2845 4758 3137 4829 perniciem
3167 4758 3453 4815 Saracenis
3484 4760 3740 4815 intulerit.
3786 4759 3889 4818 Hic

2288 4850 2430 4904 inter
2454 4850 2660 4921 reliqua
2690 4852 2902 4922 pietatis
2926 4867 3110 4923 opera,
3137 4868 3257 4923 qua:
3292 4855 3542 4924 religiose
3568 4856 3753 4923 gessit,
3787 4873 3889 4926 pe-

2288 4944 2373 4997 tiit
2399 4960 2429 4997 a
2458 4942 2753 5010 Benabeth,
2786 4945 3117 5017 Hispalensis
3141 4946 3289 5001 urbis
3319 4961 3465 5015 rege,
3490 4956 3759 5018 quatenus
3779 4949 3887 5005 sibi

2286 5052 2485 5108 corpus
2532 5038 2854 5093 beatissima:
2893 5037 3110 5108 virginis
3160 5036 3356 5104 Just-1e,
3389 5039 3532 5110 quod
3577 5040 3630 5093 in
3688 5040 3885 5098 eadem

2289 5130 2422 5185 urbe
2449 5130 2697 5200 quiescit,
2726 5132 3070 5199 concederet,
3117 5141 3175 5187 ut
3210 5146 3333 5186 eum
3365 5134 3430 5185 ad
3464 5132 3647 5187 urbem
3680 5130 3886 5202 Legio-

2288 5234 2413 5275 nem
2445 5220 2776 5275 transferret.
2810 5219 3168 5277 Petitionibus
3188 5220 3363 5290 cujus,
3396 5233 3453 5277 ut
3480 5221 3669 5287 voluit,
3694 5237 3860 5278 assen

2289 5329 2405 5370 sum
2466 5314 2715 5384 praebuit,
2773 5323 2828 5368 et
2874 5314 2924 5369 ei
2976 5329 3036 5370 se
3081 5314 3329 5369 daturum
3378 5313 3703 5384 repromisit.
3760 5312 3883 5380 Qua

2290 5410 2579 5480 sponsione
2607 5418 2850 5479 accepta,
2882 5409 3204 5464 convocavit
3245 5423 3343 5465 rex
3378 5407 3750 5463 Fredinandus
3782 5422 3882 5462 ve-

2291 5504 2581 5559 nerabilem
2612 5502 2844 5556 Alvitum
2876 5500 3223 5572 Legionensis
3251 5502 3396 5556 urbis
3424 5502 3741 5570 episcopum
3765 5542 3782 5566 ,
3823 5510 3880 5557 et

2287 5596 2642 5654 reverenduni
2686 5597 2857 5650 virum
2884 5593 3178 5650 Ordonium
3222 5595 3625 5651 Astoricensem
3666 5596 3871 5666 episco

2289 5706 2435 5762 pum,
2466 5688 2731 5758 simulque
2758 5686 3070 5744 Munionem
3099 5690 3354 5744 comitem
3381 5702 3505 5743 cum
3536 5702 3702 5741 manu
3732 5688 3871 5741 mili-

2289 5792 2436 5849 tum;
2467 5790 2523 5839 et
2548 5797 2643 5837 eos
2671 5781 2739 5836 ad
2766 5781 3117 5837 deferendum
3147 5781 3473 5852 supradictae
3498 5780 3722 5848 virginis
3751 5796 3871 5836 cor-

2288 5889 2389 5945 pus
2413 5871 2673 5947 Hispalim
2700 5872 2864 5929 misit.
2896 5872 3000 5943 Qui
3028 5872 3309 5930 venientes
3330 5887 3550 5928 causam
3582 5888 3695 5927 suae
3728 5874 3865 5943 lega-
