  <div class='ocr_page' id='page_1' title='image "/cluster/home/n/w/nwhite01/storage/ocr_20150623/81/hvd.32044015469430/026.png"; bbox 0 0 4048 6364; ppageno 0'>
   <div class='ocr_carea' id='block_1_1' title="bbox 187 336 3469 408">
    <p class='ocr_par' dir='ltr' id='par_1_1' title="bbox 187 336 3469 408">
     <span class='ocr_line' id='line_1_1' title="bbox 187 336 3469 408; baseline -0.007 0"><span class='ocrx_word' id='word_1_1' title='bbox 187 353 253 408; x_wconf 77' lang='grc' dir='ltr'><strong>ιι</strong></span> <span class='ocrx_word' id='word_1_2' title='bbox 1217 341 1626 402; x_wconf 80' lang='lat' dir='ltr'><strong>lSlDORlANA.</strong></span> <span class='ocrx_word' id='word_1_3' title='bbox 1666 369 1737 381; x_wconf 93' lang='lat'><strong>—</strong></span> <span class='ocrx_word' id='word_1_4' title='bbox 1771 338 1949 396; x_wconf 81' lang='lat' dir='ltr'><strong>PARS</strong></span> <span class='ocrx_word' id='word_1_5' title='bbox 1985 336 2030 396; x_wconf 89' lang='grc' dir='ltr'><strong>Ῑ.</strong></span> <span class='ocrx_word' id='word_1_6' title='bbox 2070 337 2224 396; x_wconf 80' lang='lat' dir='ltr'><strong>CAP.</strong></span> <span class='ocrx_word' id='word_1_7' title='bbox 2269 337 2407 394; x_wconf 75' lang='lat' dir='ltr'><strong>Vlll.</strong></span> <span class='ocrx_word' id='word_1_8' title='bbox 3390 339 3469 398; x_wconf 62' lang='grc' dir='ltr'>ιε</span> 
     </span>
    </p>
   </div>
   <div class='ocr_carea' id='block_1_2' title="bbox 187 454 3463 538">
    <p class='ocr_par' dir='ltr' id='par_1_2' title="bbox 187 454 3463 538">
     <span class='ocr_line' id='line_1_2' title="bbox 187 454 3463 538; baseline -0.002 -13"><span class='ocrx_word' id='word_1_9' title='bbox 187 469 351 525; x_wconf 85' lang='lat' dir='ltr'><strong>tionis</strong></span> <span class='ocrx_word' id='word_1_10' title='bbox 394 467 507 538; x_wconf 87' lang='lat' dir='ltr'><strong>regi</strong></span> <span class='ocrx_word' id='word_1_11' title='bbox 549 465 824 525; x_wconf 88' lang='lat' dir='ltr'><strong>Benabeth</strong></span> <span class='ocrx_word' id='word_1_12' title='bbox 852 465 1240 537; x_wconf 77' lang='lat' dir='ltr'><strong>patefecerunt.</strong></span> <span class='ocrx_word' id='word_1_13' title='bbox 1273 463 1477 530; x_wconf 85' lang='lat' dir='ltr'><strong>Quibus</strong></span> <span class='ocrx_word' id='word_1_14' title='bbox 1524 461 1616 516; x_wconf 91' lang='lat' dir='ltr'><strong>ille</strong></span> <span class='ocrx_word' id='word_1_15' title='bbox 1645 460 1721 514; x_wconf 93' lang='lat' dir='ltr'><strong>ait</strong></span> <span class='ocrx_word' id='word_1_16' title='bbox 1755 477 1767 512; x_wconf 92' lang='lat'>:</span> <span class='ocrx_word' id='word_1_17' title='bbox 1801 463 1852 523; x_wconf 77' lang='grc' dir='ltr'>Α</span> <span class='ocrx_word' id='word_1_18' title='bbox 1880 457 2071 512; x_wconf 81' lang='lat' dir='ltr'><strong>tissimi</strong></span> <span class='ocrx_word' id='word_1_19' title='bbox 2099 457 2306 524; x_wconf 91' lang='lat' dir='ltr'><strong>lsidori,</strong></span> <span class='ocrx_word' id='word_1_20' title='bbox 2331 457 2422 528; x_wconf 85' lang='lat' dir='ltr'><strong>qui</strong></span> <span class='ocrx_word' id='word_1_21' title='bbox 2451 455 2554 512; x_wconf 88' lang='lat' dir='ltr'><strong>hac</strong></span> <span class='ocrx_word' id='word_1_22' title='bbox 2575 455 2648 512; x_wconf 71' lang='lat' dir='ltr'><strong>&#39;in</strong></span> <span class='ocrx_word' id='word_1_23' title='bbox 2675 454 2810 514; x_wconf 83' lang='lat' dir='ltr'><strong>urbe</strong></span> <span class='ocrx_word' id='word_1_24' title='bbox 2837 458 3121 515; x_wconf 80' lang='lat' dir='ltr'><strong>sacerdotii</strong></span> <span class='ocrx_word' id='word_1_25' title='bbox 3143 460 3348 532; x_wconf 76' lang='lat' dir='ltr'><strong>potitus</strong></span> <span class='ocrx_word' id='word_1_26' title='bbox 3377 469 3463 518; x_wconf 83' lang='lat' dir='ltr'><strong>est</strong></span> 
     </span>
    </p>
   </div>
   <div class='ocr_carea' id='block_1_3' title="bbox 187 555 1770 634">
    <p class='ocr_par' dir='ltr' id='par_1_3' title="bbox 187 555 1770 634">
     <span class='ocr_line' id='line_1_3' title="bbox 187 555 1770 634; baseline -0.007 -15"><span class='ocrx_word' id='word_1_27' title='bbox 187 564 314 621; x_wconf 89' lang='lat' dir='ltr'><strong>Scio</strong></span> <span class='ocrx_word' id='word_1_28' title='bbox 344 563 502 634; x_wconf 88' lang='lat' dir='ltr'><strong>plane</strong></span> <span class='ocrx_word' id='word_1_29' title='bbox 525 605 542 630; x_wconf 92' lang='lat'><strong>,</strong></span> <span class='ocrx_word' id='word_1_30' title='bbox 592 577 678 618; x_wconf 89' lang='lat' dir='ltr'><strong>me</strong></span> <span class='ocrx_word' id='word_1_31' title='bbox 722 561 940 617; x_wconf 90' lang='lat' dir='ltr'><strong>domino</strong></span> <span class='ocrx_word' id='word_1_32' title='bbox 966 568 1144 615; x_wconf 92' lang='lat' dir='ltr'><strong>vestro</strong></span> <span class='ocrx_word' id='word_1_33' title='bbox 1170 557 1316 627; x_wconf 89' lang='lat' dir='ltr'><strong>quod</strong></span> <span class='ocrx_word' id='word_1_34' title='bbox 1359 557 1536 612; x_wconf 87' lang='lat' dir='ltr'><strong>dicitis</strong></span> <span class='ocrx_word' id='word_1_35' title='bbox 1565 555 1770 626; x_wconf 88' lang='lat' dir='ltr'><strong>promi-</strong></span> 
     </span>
    </p>
   </div>
   <div class='ocr_carea' id='block_1_4' title="bbox 189 649 1773 723">
    <p class='ocr_par' dir='ltr' id='par_1_4' title="bbox 189 649 1773 723">
     <span class='ocr_line' id='line_1_4' title="bbox 189 649 1773 723; baseline -0.003 -15"><span class='ocrx_word' id='word_1_36' title='bbox 189 655 325 712; x_wconf 90' lang='lat' dir='ltr'><strong>sisse</strong></span> <span class='ocrx_word' id='word_1_37' title='bbox 349 671 364 722; x_wconf 92' lang='lat'><strong>;</strong></span> <span class='ocrx_word' id='word_1_38' title='bbox 395 654 490 710; x_wconf 89' lang='lat' dir='ltr'><strong>sed</strong></span> <span class='ocrx_word' id='word_1_39' title='bbox 517 669 617 709; x_wconf 89' lang='lat' dir='ltr'><strong>nec</strong></span> <span class='ocrx_word' id='word_1_40' title='bbox 642 668 763 723; x_wconf 92' lang='lat' dir='ltr'><strong>ego,</strong></span> <span class='ocrx_word' id='word_1_41' title='bbox 793 669 892 708; x_wconf 87' lang='lat' dir='ltr'><strong>nec</strong></span> <span class='ocrx_word' id='word_1_42' title='bbox 922 653 1113 721; x_wconf 89' lang='lat' dir='ltr'><strong>aliquis</strong></span> <span class='ocrx_word' id='word_1_43' title='bbox 1142 667 1210 706; x_wconf 90' lang='lat' dir='ltr'><strong>ex</strong></span> <span class='ocrx_word' id='word_1_44' title='bbox 1239 650 1374 705; x_wconf 90' lang='lat' dir='ltr'><strong>meis</strong></span> <span class='ocrx_word' id='word_1_45' title='bbox 1403 649 1552 704; x_wconf 92' lang='lat' dir='ltr'><strong>vobis</strong></span> <span class='ocrx_word' id='word_1_46' title='bbox 1578 663 1773 718; x_wconf 88' lang='lat' dir='ltr'><strong>corpus</strong></span> 
     </span>
    </p>
   </div>
   <div class='ocr_carea' id='block_1_5' title="bbox 191 743 1773 817">
    <p class='ocr_par' dir='ltr' id='par_1_5' title="bbox 191 743 1773 817">
     <span class='ocr_line' id='line_1_5' title="bbox 191 743 1773 817; baseline -0.003 -17"><span class='ocrx_word' id='word_1_47' title='bbox 191 748 334 816; x_wconf 90' lang='lat' dir='ltr'><strong>quod</strong></span> <span class='ocrx_word' id='word_1_48' title='bbox 364 748 598 817; x_wconf 68' lang='lat' dir='ltr'><strong>quaeritis</strong></span> <span class='ocrx_word' id='word_1_49' title='bbox 627 748 891 803; x_wconf 85' lang='lat' dir='ltr'><strong>ostendet.</strong></span> <span class='ocrx_word' id='word_1_50' title='bbox 921 745 1034 802; x_wconf 85' lang='lat' dir='ltr'><strong>Vos</strong></span> <span class='ocrx_word' id='word_1_51' title='bbox 1079 746 1179 816; x_wconf 90' lang='lat' dir='ltr'><strong>ipsi</strong></span> <span class='ocrx_word' id='word_1_52' title='bbox 1204 744 1451 815; x_wconf 66' lang='lat' dir='ltr'><strong>quaerite,</strong></span> <span class='ocrx_word' id='word_1_53' title='bbox 1502 754 1556 800; x_wconf 91' lang='lat' dir='ltr'><strong>et</strong></span> <span class='ocrx_word' id='word_1_54' title='bbox 1587 743 1773 798; x_wconf 89' lang='lat' dir='ltr'><strong>inven-</strong></span> 
     </span>
    </p>
   </div>
   <div class='ocr_carea' id='block_1_6' title="bbox 190 840 846 906">
    <p class='ocr_par' dir='ltr' id='par_1_6' title="bbox 190 840 846 906">
     <span class='ocr_line' id='line_1_6' title="bbox 190 840 846 906; baseline 0 -14"><span class='ocrx_word' id='word_1_55' title='bbox 190 847 304 895; x_wconf 90' lang='lat' dir='ltr'><strong>tum</strong></span> <span class='ocrx_word' id='word_1_56' title='bbox 340 842 531 906; x_wconf 85' lang='lat' dir='ltr'><strong>tollite,</strong></span> <span class='ocrx_word' id='word_1_57' title='bbox 571 850 626 895; x_wconf 90' lang='lat' dir='ltr'><strong>et</strong></span> <span class='ocrx_word' id='word_1_58' title='bbox 653 840 846 896; x_wconf 66' lang='lat' dir='ltr'><strong>abite.»</strong></span> 
     </span>
    </p>
   </div>
   <div class='ocr_carea' id='block_1_7' title="bbox 263 926 1776 1002">
    <p class='ocr_par' dir='ltr' id='par_1_7' title="bbox 263 926 1776 1002">
     <span class='ocr_line' id='line_1_7' title="bbox 263 926 1776 1002; baseline -0.001 -19"><span class='ocrx_word' id='word_1_59' title='bbox 263 930 436 985; x_wconf 81' lang='lat' dir='ltr'><strong>Lectio</strong></span> <span class='ocrx_word' id='word_1_60' title='bbox 465 948 540 985; x_wconf 86' lang='grc' dir='ltr'><strong>ιιι.</strong></span> <span class='ocrx_word' id='word_1_61' title='bbox 569 961 643 973; x_wconf 93' lang='grc'><strong>--</strong></span> <span class='ocrx_word' id='word_1_62' title='bbox 675 950 693 982; x_wconf 77' lang='grc' dir='ltr'><strong>ι</strong></span> <span class='ocrx_word' id='word_1_63' title='bbox 729 931 846 996; x_wconf 89' lang='lat' dir='ltr'><strong>Quo</strong></span> <span class='ocrx_word' id='word_1_64' title='bbox 878 944 1140 1002; x_wconf 88' lang='lat' dir='ltr'><strong>responso</strong></span> <span class='ocrx_word' id='word_1_65' title='bbox 1170 937 1422 1000; x_wconf 87' lang='lat' dir='ltr'><strong>accepto,</strong></span> <span class='ocrx_word' id='word_1_66' title='bbox 1454 926 1776 984; x_wconf 85' lang='lat' dir='ltr'><strong>venerabilis</strong></span> 
     </span>
    </p>
   </div>
   <div class='ocr_carea' id='block_1_8' title="bbox 195 1019 1770 1091">
    <p class='ocr_par' dir='ltr' id='par_1_8' title="bbox 195 1019 1770 1091">
     <span class='ocr_line' id='line_1_8' title="bbox 195 1019 1770 1091; baseline -0.001 -17"><span class='ocrx_word' id='word_1_67' title='bbox 195 1021 481 1091; x_wconf 87' lang='lat' dir='ltr'><strong>episcopus</strong></span> <span class='ocrx_word' id='word_1_68' title='bbox 526 1023 732 1077; x_wconf 84' lang='lat' dir='ltr'><strong>Alvitus</strong></span> <span class='ocrx_word' id='word_1_69' title='bbox 769 1030 982 1078; x_wconf 90' lang='lat' dir='ltr'><strong>secreto</strong></span> <span class='ocrx_word' id='word_1_70' title='bbox 1010 1022 1188 1076; x_wconf 92' lang='lat' dir='ltr'><strong>socios</strong></span> <span class='ocrx_word' id='word_1_71' title='bbox 1235 1020 1330 1074; x_wconf 89' lang='lat' dir='ltr'><strong>tali</strong></span> <span class='ocrx_word' id='word_1_72' title='bbox 1372 1034 1508 1075; x_wconf 89' lang='lat' dir='ltr'><strong>voce</strong></span> <span class='ocrx_word' id='word_1_73' title='bbox 1535 1019 1770 1073; x_wconf 75' lang='lat' dir='ltr'><strong>affatur:</strong></span> 
     </span>
    </p>
   </div>
   <div class='ocr_carea' id='block_1_9' title="bbox 196 1111 1776 1183">
    <p class='ocr_par' dir='ltr' id='par_1_9' title="bbox 196 1111 1776 1183">
     <span class='ocr_line' id='line_1_9' title="bbox 196 1111 1776 1183; baseline 0 -17"><span class='ocrx_word' id='word_1_74' title='bbox 196 1111 262 1166; x_wconf 91' lang='lat' dir='ltr'><strong>Ut</strong></span> <span class='ocrx_word' id='word_1_75' title='bbox 290 1116 508 1170; x_wconf 83' lang='lat' dir='ltr'><strong>cernitis</strong></span> <span class='ocrx_word' id='word_1_76' title='bbox 532 1157 547 1180; x_wconf 93' lang='lat'><strong>,</strong></span> <span class='ocrx_word' id='word_1_77' title='bbox 581 1131 613 1171; x_wconf 96' lang='lat' dir='ltr'><strong>o</strong></span> <span class='ocrx_word' id='word_1_78' title='bbox 643 1116 773 1171; x_wconf 90' lang='lat' dir='ltr'><strong>socii</strong></span> <span class='ocrx_word' id='word_1_79' title='bbox 799 1157 814 1183; x_wconf 92' lang='lat'><strong>,</strong></span> <span class='ocrx_word' id='word_1_80' title='bbox 848 1116 1016 1170; x_wconf 91' lang='lat' dir='ltr'><strong>nostri</strong></span> <span class='ocrx_word' id='word_1_81' title='bbox 1057 1114 1260 1170; x_wconf 90' lang='lat' dir='ltr'><strong>itineris</strong></span> <span class='ocrx_word' id='word_1_82' title='bbox 1291 1113 1529 1168; x_wconf 92' lang='lat' dir='ltr'><strong>laborem</strong></span> <span class='ocrx_word' id='word_1_83' title='bbox 1569 1111 1666 1167; x_wconf 90' lang='lat' dir='ltr'><strong>nisi</strong></span> <span class='ocrx_word' id='word_1_84' title='bbox 1696 1111 1776 1166; x_wconf 82' lang='lat' dir='ltr'><strong>di-</strong></span> 
     </span>
    </p>
   </div>
   <div class='ocr_carea' id='block_1_10' title="bbox 188 1204 1775 1274">
    <p class='ocr_par' dir='ltr' id='par_1_10' title="bbox 188 1204 1775 1274">
     <span class='ocr_line' id='line_1_10' title="bbox 188 1204 1775 1274; baseline 0.001 -15"><span class='ocrx_word' id='word_1_85' title='bbox 188 1206 310 1260; x_wconf 91' lang='lat' dir='ltr'><strong>vina</strong></span> <span class='ocrx_word' id='word_1_86' title='bbox 343 1208 615 1264; x_wconf 87' lang='lat' dir='ltr'><strong>miseratio</strong></span> <span class='ocrx_word' id='word_1_87' title='bbox 642 1209 981 1274; x_wconf 87' lang='lat' dir='ltr'><strong>relevaverit,</strong></span> <span class='ocrx_word' id='word_1_88' title='bbox 1023 1208 1263 1264; x_wconf 82' lang='lat' dir='ltr'><strong>frustrati</strong></span> <span class='ocrx_word' id='word_1_89' title='bbox 1291 1206 1624 1262; x_wconf 87' lang='lat' dir='ltr'><strong>recedemus.</strong></span> <span class='ocrx_word' id='word_1_90' title='bbox 1667 1204 1775 1260; x_wconf 87' lang='lat' dir='ltr'><strong>Ne-</strong></span> 
     </span>
    </p>
   </div>
   <div class='ocr_carea' id='block_1_11' title="bbox 188 1299 1775 1369">
    <p class='ocr_par' dir='ltr' id='par_1_11' title="bbox 188 1299 1775 1369">
     <span class='ocr_line' id='line_1_11' title="bbox 188 1299 1775 1369; baseline -0.001 -16"><span class='ocrx_word' id='word_1_91' title='bbox 188 1313 340 1354; x_wconf 83' lang='lat' dir='ltr'><strong>cesse</strong></span> <span class='ocrx_word' id='word_1_92' title='bbox 369 1313 498 1367; x_wconf 90' lang='lat' dir='ltr'><strong>ergo</strong></span> <span class='ocrx_word' id='word_1_93' title='bbox 526 1309 626 1366; x_wconf 90' lang='lat' dir='ltr'><strong>est,</strong></span> <span class='ocrx_word' id='word_1_94' title='bbox 660 1300 1012 1368; x_wconf 89' lang='lat' dir='ltr'><strong>dilectissimi,</strong></span> <span class='ocrx_word' id='word_1_95' title='bbox 1061 1308 1120 1355; x_wconf 90' lang='lat' dir='ltr'><strong>ut</strong></span> <span class='ocrx_word' id='word_1_96' title='bbox 1159 1315 1189 1355; x_wconf 93' lang='lat' dir='ltr'><strong>a</strong></span> <span class='ocrx_word' id='word_1_97' title='bbox 1239 1299 1350 1355; x_wconf 89' lang='lat' dir='ltr'><strong>Deo</strong></span> <span class='ocrx_word' id='word_1_98' title='bbox 1381 1315 1537 1369; x_wconf 92' lang='lat' dir='ltr'><strong>opem</strong></span> <span class='ocrx_word' id='word_1_99' title='bbox 1566 1313 1775 1368; x_wconf 72' lang='lat' dir='ltr'><strong>quaera-</strong></span> 
     </span>
    </p>
   </div>
   <div class='ocr_carea' id='block_1_12' title="bbox 190 1389 1776 1459">
    <p class='ocr_par' dir='ltr' id='par_1_12' title="bbox 190 1389 1776 1459">
     <span class='ocr_line' id='line_1_12' title="bbox 190 1389 1776 1459; baseline 0.001 -17"><span class='ocrx_word' id='word_1_100' title='bbox 190 1403 327 1454; x_wconf 85' lang='lat' dir='ltr'><strong>mus,</strong></span> <span class='ocrx_word' id='word_1_101' title='bbox 361 1397 416 1444; x_wconf 90' lang='lat' dir='ltr'><strong>et</strong></span> <span class='ocrx_word' id='word_1_102' title='bbox 442 1390 544 1444; x_wconf 87' lang='lat' dir='ltr'><strong>hoc</strong></span> <span class='ocrx_word' id='word_1_103' title='bbox 575 1389 749 1445; x_wconf 86' lang='lat' dir='ltr'><strong>triduo</strong></span> <span class='ocrx_word' id='word_1_104' title='bbox 776 1389 992 1459; x_wconf 87' lang='lat' dir='ltr'><strong>jejuniis</strong></span> <span class='ocrx_word' id='word_1_105' title='bbox 1013 1398 1068 1444; x_wconf 91' lang='lat' dir='ltr'><strong>et</strong></span> <span class='ocrx_word' id='word_1_106' title='bbox 1091 1391 1423 1447; x_wconf 90' lang='lat' dir='ltr'><strong>orationibus</strong></span> <span class='ocrx_word' id='word_1_107' title='bbox 1450 1390 1776 1456; x_wconf 81' lang='lat' dir='ltr'><strong>insistamus,</strong></span> 
     </span>
    </p>
   </div>
   <div class='ocr_carea' id='block_1_13' title="bbox 190 1481 1780 1552">
    <p class='ocr_par' dir='ltr' id='par_1_13' title="bbox 190 1481 1780 1552">
     <span class='ocr_line' id='line_1_13' title="bbox 190 1481 1780 1552; baseline 0.002 -20"><span class='ocrx_word' id='word_1_108' title='bbox 190 1488 458 1548; x_wconf 88' lang='lat' dir='ltr'><strong>quatenus</strong></span> <span class='ocrx_word' id='word_1_109' title='bbox 489 1481 665 1536; x_wconf 89' lang='lat' dir='ltr'><strong>divina</strong></span> <span class='ocrx_word' id='word_1_110' title='bbox 695 1481 952 1552; x_wconf 88' lang='lat' dir='ltr'><strong>majestas</strong></span> <span class='ocrx_word' id='word_1_111' title='bbox 981 1483 1252 1538; x_wconf 85' lang='lat' dir='ltr'><strong>occultum</strong></span> <span class='ocrx_word' id='word_1_112' title='bbox 1275 1483 1432 1537; x_wconf 91' lang='lat' dir='ltr'><strong>nobis</strong></span> <span class='ocrx_word' id='word_1_113' title='bbox 1459 1481 1631 1537; x_wconf 87' lang='lat' dir='ltr'><strong>sancti</strong></span> <span class='ocrx_word' id='word_1_114' title='bbox 1659 1497 1780 1536; x_wconf 88' lang='lat' dir='ltr'><strong>cor-</strong></span> 
     </span>
    </p>
   </div>
   <div class='ocr_carea' id='block_1_14' title="bbox 189 1572 1781 1645">
    <p class='ocr_par' dir='ltr' id='par_1_14' title="bbox 189 1572 1781 1645">
     <span class='ocr_line' id='line_1_14' title="bbox 189 1572 1781 1645; baseline 0.001 -18"><span class='ocrx_word' id='word_1_115' title='bbox 189 1572 339 1642; x_wconf 89' lang='lat' dir='ltr'><strong>poris</strong></span> <span class='ocrx_word' id='word_1_116' title='bbox 375 1573 684 1628; x_wconf 80' lang='lat' dir='ltr'><strong>thesaurum</strong></span> <span class='ocrx_word' id='word_1_117' title='bbox 729 1574 971 1629; x_wconf 84' lang='lat' dir='ltr'><strong>revelare</strong></span> <span class='ocrx_word' id='word_1_118' title='bbox 1019 1575 1286 1645; x_wconf 80' lang='lat' dir='ltr'><strong>dignetur.</strong></span> <span class='ocrx_word' id='word_1_119' title='bbox 1327 1573 1538 1628; x_wconf 90' lang='lat' dir='ltr'><strong>Placuit</strong></span> <span class='ocrx_word' id='word_1_120' title='bbox 1574 1574 1781 1628; x_wconf 87' lang='lat' dir='ltr'><strong>cunctis</strong></span> 
     </span>
    </p>
   </div>
   <div class='ocr_carea' id='block_1_15' title="bbox 190 1663 1782 1734">
    <p class='ocr_par' dir='ltr' id='par_1_15' title="bbox 190 1663 1782 1734">
     <span class='ocr_line' id='line_1_15' title="bbox 190 1663 1782 1734; baseline 0.001 -17"><span class='ocrx_word' id='word_1_121' title='bbox 190 1663 500 1720; x_wconf 80' lang='lat' dir='ltr'><strong>exhortatio</strong></span> <span class='ocrx_word' id='word_1_122' title='bbox 527 1665 796 1734; x_wconf 66' lang='lat' dir='ltr'><strong>praesulis;</strong></span> <span class='ocrx_word' id='word_1_123' title='bbox 828 1674 884 1720; x_wconf 92' lang='lat' dir='ltr'><strong>et</strong></span> <span class='ocrx_word' id='word_1_124' title='bbox 914 1665 1146 1720; x_wconf 90' lang='lat' dir='ltr'><strong>triduum</strong></span> <span class='ocrx_word' id='word_1_125' title='bbox 1178 1666 1307 1720; x_wconf 90' lang='lat' dir='ltr'><strong>illud</strong></span> <span class='ocrx_word' id='word_1_126' title='bbox 1330 1665 1550 1734; x_wconf 88' lang='lat' dir='ltr'><strong>jejuniis</strong></span> <span class='ocrx_word' id='word_1_127' title='bbox 1579 1674 1633 1720; x_wconf 92' lang='lat' dir='ltr'><strong>et</strong></span> <span class='ocrx_word' id='word_1_128' title='bbox 1659 1680 1782 1719; x_wconf 88' lang='lat' dir='ltr'><strong>ora-</strong></span> 
     </span>
    </p>
   </div>
   <div class='ocr_carea' id='block_1_16' title="bbox 188 1754 1782 1827">
    <p class='ocr_par' dir='ltr' id='par_1_16' title="bbox 188 1754 1782 1827">
     <span class='ocr_line' id='line_1_16' title="bbox 188 1754 1782 1827; baseline 0.002 -20"><span class='ocrx_word' id='word_1_129' title='bbox 188 1754 426 1810; x_wconf 89' lang='lat' dir='ltr'><strong>tionibus</strong></span> <span class='ocrx_word' id='word_1_130' title='bbox 455 1764 766 1826; x_wconf 81' lang='lat' dir='ltr'><strong>exegerunt.</strong></span> <span class='ocrx_word' id='word_1_131' title='bbox 797 1755 1024 1827; x_wconf 89' lang='lat' dir='ltr'><strong>Jamque</strong></span> <span class='ocrx_word' id='word_1_132' title='bbox 1050 1757 1136 1812; x_wconf 90' lang='lat' dir='ltr'><strong>die</strong></span> <span class='ocrx_word' id='word_1_133' title='bbox 1165 1757 1344 1821; x_wconf 90' lang='lat' dir='ltr'><strong>tertia,</strong></span> <span class='ocrx_word' id='word_1_134' title='bbox 1369 1771 1590 1812; x_wconf 89' lang='lat' dir='ltr'><strong>emenso</strong></span> <span class='ocrx_word' id='word_1_135' title='bbox 1619 1755 1782 1827; x_wconf 92' lang='lat' dir='ltr'><strong>olym-</strong></span> 
     </span>
    </p>
   </div>
   <div class='ocr_carea' id='block_1_17' title="bbox 1873 551 3457 624">
    <p class='ocr_par' dir='ltr' id='par_1_17' title="bbox 1873 551 3457 624">
     <span class='ocr_line' id='line_1_17' title="bbox 1873 551 3457 624; baseline 0.005 -19"><span class='ocrx_word' id='word_1_136' title='bbox 1873 551 2060 616; x_wconf 76' lang='lat' dir='ltr'><strong>infula,</strong></span> <span class='ocrx_word' id='word_1_137' title='bbox 2095 560 2148 607; x_wconf 91' lang='lat' dir='ltr'><strong>et</strong></span> <span class='ocrx_word' id='word_1_138' title='bbox 2176 552 2486 622; x_wconf 83' lang='lat' dir='ltr'><strong>Hispaniam</strong></span> <span class='ocrx_word' id='word_1_139' title='bbox 2516 569 2614 610; x_wconf 92' lang='lat' dir='ltr'><strong>suo</strong></span> <span class='ocrx_word' id='word_1_140' title='bbox 2656 569 2822 624; x_wconf 92' lang='lat' dir='ltr'><strong>opere</strong></span> <span class='ocrx_word' id='word_1_141' title='bbox 2851 555 3146 621; x_wconf 87' lang='lat' dir='ltr'><strong>decoravit,</strong></span> <span class='ocrx_word' id='word_1_142' title='bbox 3176 564 3232 612; x_wconf 90' lang='lat' dir='ltr'><strong>et</strong></span> <span class='ocrx_word' id='word_1_143' title='bbox 3249 557 3417 613; x_wconf 89' lang='lat' dir='ltr'><strong>verbo</strong></span> <span class='ocrx_word' id='word_1_144' title='bbox 3443 600 3457 624; x_wconf 90' lang='lat'><strong>,</strong></span> 
     </span>
    </p>
   </div>
   <div class='ocr_carea' id='block_1_18' title="bbox 1874 643 3462 716">
    <p class='ocr_par' dir='ltr' id='par_1_18' title="bbox 1874 643 3462 716">
     <span class='ocr_line' id='line_1_18' title="bbox 1874 643 3462 716; baseline 0.004 -18"><span class='ocrx_word' id='word_1_145' title='bbox 1874 659 2055 699; x_wconf 92' lang='lat' dir='ltr'><strong>sumus</strong></span> <span class='ocrx_word' id='word_1_146' title='bbox 2082 645 2327 700; x_wconf 89' lang='lat' dir='ltr'><strong>delaturi.</strong></span> <span class='ocrx_word' id='word_1_147' title='bbox 2363 643 2487 701; x_wconf 73' lang='lat' dir='ltr'><strong>llcc</strong></span> <span class='ocrx_word' id='word_1_148' title='bbox 2516 646 2629 716; x_wconf 88' lang='lat' dir='ltr'><strong>ait,</strong></span> <span class='ocrx_word' id='word_1_149' title='bbox 2660 654 2715 702; x_wconf 89' lang='lat' dir='ltr'><strong>et</strong></span> <span class='ocrx_word' id='word_1_150' title='bbox 2745 647 2986 704; x_wconf 90' lang='lat' dir='ltr'><strong>ordinem</strong></span> <span class='ocrx_word' id='word_1_151' title='bbox 3017 649 3241 704; x_wconf 82' lang='lat' dir='ltr'><strong>visionis</strong></span> <span class='ocrx_word' id='word_1_152' title='bbox 3266 649 3345 704; x_wconf 90' lang='lat' dir='ltr'><strong>eis</strong></span> <span class='ocrx_word' id='word_1_153' title='bbox 3375 663 3462 704; x_wconf 89' lang='lat' dir='ltr'><strong>se-</strong></span> 
     </span>
    </p>
   </div>
   <div class='ocr_carea' id='block_1_19' title="bbox 1872 733 2393 803">
    <p class='ocr_par' dir='ltr' id='par_1_19' title="bbox 1872 733 2393 803">
     <span class='ocr_line' id='line_1_19' title="bbox 1872 733 2393 803; baseline -0.002 -16"><span class='ocrx_word' id='word_1_154' title='bbox 1872 733 2050 787; x_wconf 89' lang='lat' dir='ltr'><strong>riatim</strong></span> <span class='ocrx_word' id='word_1_155' title='bbox 2080 734 2348 803; x_wconf 80' lang='lat' dir='ltr'><strong>patefecit.</strong></span> <span class='ocrx_word' id='word_1_156' title='bbox 2375 753 2393 787; x_wconf 76' lang='grc' dir='ltr'><strong>ι</strong></span> 
     </span>
    </p>
   </div>
   <div class='ocr_carea' id='block_1_20' title="bbox 1946 823 3462 897">
    <p class='ocr_par' dir='ltr' id='par_1_20' title="bbox 1946 823 3462 897">
     <span class='ocr_line' id='line_1_20' title="bbox 1946 823 3462 897; baseline 0.003 -18"><span class='ocrx_word' id='word_1_157' title='bbox 1946 823 2122 879; x_wconf 78' lang='lat' dir='ltr'><strong>Lectio</strong></span> <span class='ocrx_word' id='word_1_158' title='bbox 2146 842 2199 880; x_wconf 90' lang='lat' dir='ltr'><strong>v.</strong></span> <span class='ocrx_word' id='word_1_159' title='bbox 2223 857 2294 868; x_wconf 89' lang='lat'><strong><em>—</em></strong></span> <span class='ocrx_word' id='word_1_160' title='bbox 2326 843 2346 879; x_wconf 91' lang='grc'><em>‹</em></span> <span class='ocrx_word' id='word_1_161' title='bbox 2373 824 2528 892; x_wconf 88' lang='lat' dir='ltr'><strong>Quod</strong></span> <span class='ocrx_word' id='word_1_162' title='bbox 2567 827 2883 892; x_wconf 87' lang='lat' dir='ltr'><strong>audientes,</strong></span> <span class='ocrx_word' id='word_1_163' title='bbox 2926 827 3038 883; x_wconf 90' lang='lat' dir='ltr'><strong>Deo</strong></span> <span class='ocrx_word' id='word_1_164' title='bbox 3076 829 3277 897; x_wconf 82' lang='lat' dir='ltr'><strong>gratias</strong></span> <span class='ocrx_word' id='word_1_165' title='bbox 3319 829 3462 886; x_wconf 63' lang='lat' dir='ltr'><strong>refc-</strong></span> 
     </span>
    </p>
   </div>
   <div class='ocr_carea' id='block_1_21' title="bbox 1874 919 3469 992">
    <p class='ocr_par' dir='ltr' id='par_1_21' title="bbox 1874 919 3469 992">
     <span class='ocr_line' id='line_1_21' title="bbox 1874 919 3469 992; baseline 0.003 -18"><span class='ocrx_word' id='word_1_166' title='bbox 1874 927 2034 987; x_wconf 89' lang='lat' dir='ltr'><strong>runt;</strong></span> <span class='ocrx_word' id='word_1_167' title='bbox 2063 927 2117 974; x_wconf 87' lang='lat' dir='ltr'><strong>et</strong></span> <span class='ocrx_word' id='word_1_168' title='bbox 2145 935 2325 990; x_wconf 86' lang='lat' dir='ltr'><strong>regem</strong></span> <span class='ocrx_word' id='word_1_169' title='bbox 2362 919 2753 977; x_wconf 90' lang='lat' dir='ltr'><strong>Saracenorum</strong></span> <span class='ocrx_word' id='word_1_170' title='bbox 2784 921 2939 977; x_wconf 92' lang='lat' dir='ltr'><strong>simul</strong></span> <span class='ocrx_word' id='word_1_171' title='bbox 2969 922 3208 992; x_wconf 89' lang='lat' dir='ltr'><strong>adeunt,</strong></span> <span class='ocrx_word' id='word_1_172' title='bbox 3249 935 3469 979; x_wconf 86' lang='lat' dir='ltr'><strong>cuncta—</strong></span> 
     </span>
    </p>
   </div>
   <div class='ocr_carea' id='block_1_22' title="bbox 1877 1012 3470 1083">
    <p class='ocr_par' dir='ltr' id='par_1_22' title="bbox 1877 1012 3470 1083">
     <span class='ocr_line' id='line_1_22' title="bbox 1877 1012 3470 1083; baseline 0.001 -17"><span class='ocrx_word' id='word_1_173' title='bbox 1877 1027 1982 1080; x_wconf 88' lang='lat' dir='ltr'><strong>que</strong></span> <span class='ocrx_word' id='word_1_174' title='bbox 2004 1012 2053 1066; x_wconf 92' lang='lat' dir='ltr'><strong>ei</strong></span> <span class='ocrx_word' id='word_1_175' title='bbox 2084 1012 2371 1067; x_wconf 89' lang='lat' dir='ltr'><strong>ordinatim</strong></span> <span class='ocrx_word' id='word_1_176' title='bbox 2409 1015 2667 1083; x_wconf 88' lang='lat' dir='ltr'><strong>pandunt.</strong></span> <span class='ocrx_word' id='word_1_177' title='bbox 2699 1012 2902 1080; x_wconf 86' lang='lat' dir='ltr'><strong>Quibus</strong></span> <span class='ocrx_word' id='word_1_178' title='bbox 2934 1015 3160 1081; x_wconf 88' lang='lat' dir='ltr'><strong>auditis,</strong></span> <span class='ocrx_word' id='word_1_179' title='bbox 3194 1015 3319 1071; x_wconf 91' lang='lat' dir='ltr'><strong>licet</strong></span> <span class='ocrx_word' id='word_1_180' title='bbox 3344 1015 3470 1070; x_wconf 62' lang='lat' dir='ltr'><strong>inii-</strong></span> 
     </span>
    </p>
   </div>
   <div class='ocr_carea' id='block_1_23' title="bbox 1877 1103 3470 1176">
    <p class='ocr_par' dir='ltr' id='par_1_23' title="bbox 1877 1103 3470 1176">
     <span class='ocr_line' id='line_1_23' title="bbox 1877 1103 3470 1176; baseline 0.003 -18"><span class='ocrx_word' id='word_1_181' title='bbox 1877 1103 2030 1170; x_wconf 92' lang='lat' dir='ltr'><strong>delis,</strong></span> <span class='ocrx_word' id='word_1_182' title='bbox 2078 1105 2334 1159; x_wconf 89' lang='lat' dir='ltr'><strong>virtutem</strong></span> <span class='ocrx_word' id='word_1_183' title='bbox 2362 1112 2541 1160; x_wconf 89' lang='lat' dir='ltr'><strong>tamen</strong></span> <span class='ocrx_word' id='word_1_184' title='bbox 2574 1105 2664 1159; x_wconf 91' lang='lat' dir='ltr'><strong>Dei</strong></span> <span class='ocrx_word' id='word_1_185' title='bbox 2697 1105 3052 1175; x_wconf 86' lang='lat' dir='ltr'><strong>perpendens,</strong></span> <span class='ocrx_word' id='word_1_186' title='bbox 3083 1108 3330 1176; x_wconf 83' lang='lat' dir='ltr'><strong>expavit,</strong></span> <span class='ocrx_word' id='word_1_187' title='bbox 3361 1108 3470 1162; x_wconf 86' lang='lat' dir='ltr'><strong>eis-</strong></span> 
     </span>
    </p>
   </div>
   <div class='ocr_carea' id='block_1_24' title="bbox 1877 1197 3470 1269">
    <p class='ocr_par' dir='ltr' id='par_1_24' title="bbox 1877 1197 3470 1269">
     <span class='ocr_line' id='line_1_24' title="bbox 1877 1197 3470 1269; baseline 0.003 -17"><span class='ocrx_word' id='word_1_188' title='bbox 1877 1213 1982 1268; x_wconf 91' lang='lat' dir='ltr'><strong>quc</strong></span> <span class='ocrx_word' id='word_1_189' title='bbox 2004 1198 2109 1269; x_wconf 65' lang='grc'><strong>43</strong></span> <span class='ocrx_word' id='word_1_190' title='bbox 2136 1198 2412 1268; x_wconf 90' lang='lat' dir='ltr'><strong>respondit</strong></span> <span class='ocrx_word' id='word_1_191' title='bbox 2437 1217 2451 1252; x_wconf 89' lang='lat'><strong>:</strong></span> <span class='ocrx_word' id='word_1_192' title='bbox 2482 1197 2567 1264; x_wconf 91' lang='lat' dir='ltr'><strong>Et,</strong></span> <span class='ocrx_word' id='word_1_193' title='bbox 2591 1200 2634 1253; x_wconf 91' lang='lat' dir='ltr'><strong>si</strong></span> <span class='ocrx_word' id='word_1_194' title='bbox 2657 1199 2916 1254; x_wconf 85' lang='lat' dir='ltr'><strong>lsidorqu</strong></span> <span class='ocrx_word' id='word_1_195' title='bbox 2945 1200 3096 1255; x_wconf 90' lang='lat' dir='ltr'><strong>vobis</strong></span> <span class='ocrx_word' id='word_1_196' title='bbox 3124 1201 3321 1266; x_wconf 91' lang='lat' dir='ltr'><strong>tribuo,</strong></span> <span class='ocrx_word' id='word_1_197' title='bbox 3349 1215 3470 1257; x_wconf 92' lang='lat' dir='ltr'><strong>cum</strong></span> 
     </span>
    </p>
   </div>
   <div class='ocr_carea' id='block_1_25' title="bbox 1879 1293 3472 1365">
    <p class='ocr_par' dir='ltr' id='par_1_25' title="bbox 1879 1293 3472 1365">
     <span class='ocr_line' id='line_1_25' title="bbox 1879 1293 3472 1365; baseline 0.004 -19"><span class='ocrx_word' id='word_1_198' title='bbox 1879 1308 1986 1362; x_wconf 89' lang='lat' dir='ltr'><strong>quo</strong></span> <span class='ocrx_word' id='word_1_199' title='bbox 2035 1293 2124 1349; x_wconf 85' lang='lat' dir='ltr'><strong>hic</strong></span> <span class='ocrx_word' id='word_1_200' title='bbox 2152 1309 2254 1365; x_wconf 86' lang='lat' dir='ltr'><strong>ego</strong></span> <span class='ocrx_word' id='word_1_201' title='bbox 2280 1295 2577 1350; x_wconf 90' lang='lat' dir='ltr'><strong>remaneo?</strong></span> <span class='ocrx_word' id='word_1_202' title='bbox 2614 1293 2721 1350; x_wconf 87' lang='lat' dir='ltr'><strong>Sed</strong></span> <span class='ocrx_word' id='word_1_203' title='bbox 2763 1294 2889 1364; x_wconf 88' lang='lat' dir='ltr'><strong>quia</strong></span> <span class='ocrx_word' id='word_1_204' title='bbox 2919 1295 3063 1350; x_wconf 92' lang='lat' dir='ltr'><strong>viros</strong></span> <span class='ocrx_word' id='word_1_205' title='bbox 3093 1304 3257 1350; x_wconf 83' lang='lat' dir='ltr'><strong>tantae</strong></span> <span class='ocrx_word' id='word_1_206' title='bbox 3287 1305 3472 1352; x_wconf 79' lang='lat' dir='ltr'><strong>auclo—</strong></span> 
     </span>
    </p>
   </div>
   <div class='ocr_carea' id='block_1_26' title="bbox 1880 1385 3474 1458">
    <p class='ocr_par' dir='ltr' id='par_1_26' title="bbox 1880 1385 3474 1458">
     <span class='ocr_line' id='line_1_26' title="bbox 1880 1385 3474 1458; baseline 0.003 -18"><span class='ocrx_word' id='word_1_207' title='bbox 1880 1386 2058 1441; x_wconf 90' lang='lat' dir='ltr'><strong>ritatis</strong></span> <span class='ocrx_word' id='word_1_208' title='bbox 2109 1385 2189 1442; x_wconf 90' lang='lat' dir='ltr'><strong>fas</strong></span> <span class='ocrx_word' id='word_1_209' title='bbox 2239 1389 2340 1443; x_wconf 91' lang='lat' dir='ltr'><strong>sibi</strong></span> <span class='ocrx_word' id='word_1_210' title='bbox 2394 1403 2502 1442; x_wconf 90' lang='lat' dir='ltr'><strong>non</strong></span> <span class='ocrx_word' id='word_1_211' title='bbox 2557 1396 2673 1442; x_wconf 87' lang='lat' dir='ltr'><strong>erat</strong></span> <span class='ocrx_word' id='word_1_212' title='bbox 2721 1403 3016 1458; x_wconf 84' lang='lat' dir='ltr'><strong>spernere,</strong></span> <span class='ocrx_word' id='word_1_213' title='bbox 3067 1388 3159 1443; x_wconf 90' lang='lat' dir='ltr'><strong>dat</strong></span> <span class='ocrx_word' id='word_1_214' title='bbox 3204 1389 3474 1445; x_wconf 91' lang='lat' dir='ltr'><strong>licentiam</strong></span> 
     </span>
    </p>
   </div>
   <div class='ocr_carea' id='block_1_27' title="bbox 1880 1477 3475 1548">
    <p class='ocr_par' dir='ltr' id='par_1_27' title="bbox 1880 1477 3475 1548">
     <span class='ocr_line' id='line_1_27' title="bbox 1880 1477 3475 1548; baseline 0.003 -18"><span class='ocrx_word' id='word_1_215' title='bbox 1880 1477 2121 1532; x_wconf 88' lang='lat' dir='ltr'><strong>membra</strong></span> <span class='ocrx_word' id='word_1_216' title='bbox 2151 1478 2476 1533; x_wconf 80' lang='lat' dir='ltr'><strong>confessoris</strong></span> <span class='ocrx_word' id='word_1_217' title='bbox 2509 1477 2799 1546; x_wconf 86' lang='lat' dir='ltr'><strong>inquirere.</strong></span> <span class='ocrx_word' id='word_1_218' title='bbox 2844 1478 2976 1533; x_wconf 85' lang='lat' dir='ltr'><strong>Mira</strong></span> <span class='ocrx_word' id='word_1_219' title='bbox 3019 1479 3243 1548; x_wconf 89' lang='lat' dir='ltr'><strong>loquar;</strong></span> <span class='ocrx_word' id='word_1_220' title='bbox 3289 1481 3355 1535; x_wconf 91' lang='lat' dir='ltr'><strong>ab</strong></span> <span class='ocrx_word' id='word_1_221' title='bbox 3395 1481 3475 1536; x_wconf 88' lang='lat' dir='ltr'><strong>his</strong></span> 
     </span>
    </p>
   </div>
   <div class='ocr_carea' id='block_1_28' title="bbox 1883 1567 3475 1642">
    <p class='ocr_par' dir='ltr' id='par_1_28' title="bbox 1883 1567 3475 1642">
     <span class='ocr_line' id='line_1_28' title="bbox 1883 1567 3475 1642; baseline 0.005 -23"><span class='ocrx_word' id='word_1_222' title='bbox 1883 1574 2061 1622; x_wconf 90' lang='lat' dir='ltr'><strong>tamen</strong></span> <span class='ocrx_word' id='word_1_223' title='bbox 2093 1568 2182 1637; x_wconf 92' lang='lat' dir='ltr'><strong>qui</strong></span> <span class='ocrx_word' id='word_1_224' title='bbox 2210 1567 2499 1623; x_wconf 81' lang='lat' dir='ltr'><strong>interfuere</strong></span> <span class='ocrx_word' id='word_1_225' title='bbox 2528 1584 2615 1623; x_wconf 91' lang='lat' dir='ltr'><strong>me</strong></span> <span class='ocrx_word' id='word_1_226' title='bbox 2654 1568 2972 1624; x_wconf 90' lang='lat' dir='ltr'><strong>reminiscor</strong></span> <span class='ocrx_word' id='word_1_227' title='bbox 3005 1571 3247 1638; x_wconf 90' lang='lat' dir='ltr'><strong>audisse;</strong></span> <span class='ocrx_word' id='word_1_228' title='bbox 3292 1573 3475 1642; x_wconf 83' lang='lat' dir='ltr'><strong>sepul-</strong></span> 
     </span>
    </p>
   </div>
   <div class='ocr_carea' id='block_1_29' title="bbox 1884 1659 3469 1731">
    <p class='ocr_par' dir='ltr' id='par_1_29' title="bbox 1884 1659 3469 1731">
     <span class='ocr_line' id='line_1_29' title="bbox 1884 1659 3469 1731; baseline 0.004 -19"><span class='ocrx_word' id='word_1_229' title='bbox 1884 1675 2033 1713; x_wconf 90' lang='lat' dir='ltr'><strong>crum</strong></span> <span class='ocrx_word' id='word_1_230' title='bbox 2061 1660 2312 1715; x_wconf 86' lang='lat' dir='ltr'><strong>videlicet</strong></span> <span class='ocrx_word' id='word_1_231' title='bbox 2332 1660 2575 1730; x_wconf 90' lang='lat' dir='ltr'><strong>corporis</strong></span> <span class='ocrx_word' id='word_1_232' title='bbox 2601 1660 2766 1724; x_wconf 92' lang='lat' dir='ltr'><strong>beati,</strong></span> <span class='ocrx_word' id='word_1_233' title='bbox 2815 1659 2942 1714; x_wconf 91' lang='lat' dir='ltr'><strong>dum</strong></span> <span class='ocrx_word' id='word_1_234' title='bbox 2971 1669 3326 1731; x_wconf 55' lang='lat' dir='ltr'><strong>quaereretur,</strong></span> <span class='ocrx_word' id='word_1_235' title='bbox 3367 1678 3469 1718; x_wconf 83' lang='lat' dir='ltr'><strong>ve-</strong></span> 
     </span>
    </p>
   </div>
   <div class='ocr_carea' id='block_1_30' title="bbox 1885 1752 3476 1826">
    <p class='ocr_par' dir='ltr' id='par_1_30' title="bbox 1885 1752 3476 1826">
     <span class='ocr_line' id='line_1_30' title="bbox 1885 1752 3476 1826; baseline 0.003 -19"><span class='ocrx_word' id='word_1_236' title='bbox 1885 1753 2096 1820; x_wconf 87' lang='lat' dir='ltr'><strong>stigium</strong></span> <span class='ocrx_word' id='word_1_237' title='bbox 2115 1753 2428 1821; x_wconf 66' lang='lat' dir='ltr'><strong>virgae,cum</strong></span> <span class='ocrx_word' id='word_1_238' title='bbox 2453 1769 2558 1824; x_wconf 90' lang='lat' dir='ltr'><strong>qua</strong></span> <span class='ocrx_word' id='word_1_239' title='bbox 2582 1752 2774 1808; x_wconf 92' lang='lat' dir='ltr'><strong>beatus</strong></span> <span class='ocrx_word' id='word_1_240' title='bbox 2795 1752 3073 1808; x_wconf 84' lang='lat' dir='ltr'><strong>confessor</strong></span> <span class='ocrx_word' id='word_1_241' title='bbox 3099 1756 3233 1809; x_wconf 88' lang='lat' dir='ltr'><strong>trina</strong></span> <span class='ocrx_word' id='word_1_242' title='bbox 3259 1771 3476 1826; x_wconf 90' lang='lat' dir='ltr'><strong>percus-</strong></span> 
     </span>
    </p>
   </div>
   <div class='ocr_carea' id='block_1_31' title="bbox 183 1846 3478 1919">
    <p class='ocr_par' dir='ltr' id='par_1_31' title="bbox 183 1846 3478 1919">
     <span class='ocr_line' id='line_1_31' title="bbox 183 1846 3478 1919; baseline 0.001 -19"><span class='ocrx_word' id='word_1_243' title='bbox 183 1862 274 1916; x_wconf 90' lang='lat' dir='ltr'><strong>po,</strong></span> <span class='ocrx_word' id='word_1_244' title='bbox 308 1847 395 1902; x_wconf 87' lang='lat' dir='ltr'><strong>sol</strong></span> <span class='ocrx_word' id='word_1_245' title='bbox 425 1849 765 1916; x_wconf 86' lang='lat' dir='ltr'><strong>occubuerat,</strong></span> <span class='ocrx_word' id='word_1_246' title='bbox 798 1856 852 1903; x_wconf 92' lang='lat' dir='ltr'><strong>et</strong></span> <span class='ocrx_word' id='word_1_247' title='bbox 879 1857 1068 1919; x_wconf 91' lang='lat' dir='ltr'><strong>quarta</strong></span> <span class='ocrx_word' id='word_1_248' title='bbox 1092 1864 1200 1904; x_wconf 86' lang='lat' dir='ltr'><strong>nox</strong></span> <span class='ocrx_word' id='word_1_249' title='bbox 1228 1855 1632 1917; x_wconf 86' lang='lat' dir='ltr'><strong>supervenerat,</strong></span> <span class='ocrx_word' id='word_1_250' title='bbox 1659 1862 1780 1901; x_wconf 91' lang='lat' dir='ltr'><strong>cum</strong></span> <span class='ocrx_word' id='word_1_251' title='bbox 1814 1859 1860 1918; x_wconf 79' lang='grc' dir='ltr'><strong>Β</strong></span> <span class='ocrx_word' id='word_1_252' title='bbox 1886 1846 2039 1901; x_wconf 88' lang='lat' dir='ltr'><strong>sione</strong></span> <span class='ocrx_word' id='word_1_253' title='bbox 2067 1847 2244 1902; x_wconf 89' lang='lat' dir='ltr'><strong>locum</strong></span> <span class='ocrx_word' id='word_1_254' title='bbox 2274 1846 2611 1902; x_wconf 90' lang='lat' dir='ltr'><strong>monumenti</strong></span> <span class='ocrx_word' id='word_1_255' title='bbox 2640 1853 3057 1910; x_wconf 89' lang='lat' dir='ltr'><strong>monstraverat,</strong></span> <span class='ocrx_word' id='word_1_256' title='bbox 3093 1849 3146 1901; x_wconf 89' lang='lat' dir='ltr'><strong>in</strong></span> <span class='ocrx_word' id='word_1_257' title='bbox 3175 1847 3293 1916; x_wconf 88' lang='lat' dir='ltr'><strong>ipso</strong></span> <span class='ocrx_word' id='word_1_258' title='bbox 3323 1856 3478 1903; x_wconf 75' lang='lat' dir='ltr'><strong>terra:</strong></span> 
     </span>
    </p>
   </div>
   <div class='ocr_carea' id='block_1_32' title="bbox 186 1937 1782 2009">
    <p class='ocr_par' dir='ltr' id='par_1_32' title="bbox 186 1937 1782 2009">
     <span class='ocr_line' id='line_1_32' title="bbox 186 1937 1782 2009; baseline 0.001 -19"><span class='ocrx_word' id='word_1_259' title='bbox 186 1938 515 1994; x_wconf 90' lang='lat' dir='ltr'><strong>venerabilis</strong></span> <span class='ocrx_word' id='word_1_260' title='bbox 559 1939 754 2008; x_wconf 64' lang='lat' dir='ltr'><strong>praesul</strong></span> <span class='ocrx_word' id='word_1_261' title='bbox 797 1938 1006 1994; x_wconf 86' lang='lat' dir='ltr'><strong>Alvitus</strong></span> <span class='ocrx_word' id='word_1_262' title='bbox 1036 1938 1261 2009; x_wconf 85' lang='lat' dir='ltr'><strong>pervigil</strong></span> <span class='ocrx_word' id='word_1_263' title='bbox 1299 1937 1531 1992; x_wconf 90' lang='lat' dir='ltr'><strong>orationi</strong></span> <span class='ocrx_word' id='word_1_264' title='bbox 1571 1937 1782 1992; x_wconf 90' lang='lat' dir='ltr'><strong>insiste-</strong></span> 
     </span>
    </p>
   </div>
   <div class='ocr_carea' id='block_1_33' title="bbox 185 2027 1783 2098">
    <p class='ocr_par' dir='ltr' id='par_1_33' title="bbox 185 2027 1783 2098">
     <span class='ocr_line' id='line_1_33' title="bbox 185 2027 1783 2098; baseline 0.001 -17"><span class='ocrx_word' id='word_1_265' title='bbox 185 2027 298 2082; x_wconf 89' lang='lat' dir='ltr'><strong>bat.</strong></span> <span class='ocrx_word' id='word_1_266' title='bbox 327 2027 561 2096; x_wconf 91' lang='lat' dir='ltr'><strong>lnterea,</strong></span> <span class='ocrx_word' id='word_1_267' title='bbox 594 2030 719 2084; x_wconf 89' lang='lat' dir='ltr'><strong>dum</strong></span> <span class='ocrx_word' id='word_1_268' title='bbox 749 2029 936 2085; x_wconf 78' lang='lat' dir='ltr'><strong>sellula</strong></span> <span class='ocrx_word' id='word_1_269' title='bbox 965 2030 1183 2096; x_wconf 86' lang='lat' dir='ltr'><strong>sedens,</strong></span> <span class='ocrx_word' id='word_1_270' title='bbox 1224 2044 1408 2084; x_wconf 91' lang='lat' dir='ltr'><strong>secum</strong></span> <span class='ocrx_word' id='word_1_271' title='bbox 1445 2029 1627 2083; x_wconf 91' lang='lat' dir='ltr'><strong>nescio</strong></span> <span class='ocrx_word' id='word_1_272' title='bbox 1654 2027 1783 2098; x_wconf 90' lang='lat' dir='ltr'><strong>quid</strong></span> 
     </span>
    </p>
   </div>
   <div class='ocr_carea' id='block_1_34' title="bbox 186 2120 1785 2192">
    <p class='ocr_par' dir='ltr' id='par_1_34' title="bbox 186 2120 1785 2192">
     <span class='ocr_line' id='line_1_34' title="bbox 186 2120 1785 2192; baseline -0.001 -17"><span class='ocrx_word' id='word_1_273' title='bbox 186 2120 252 2176; x_wconf 91' lang='lat' dir='ltr'><strong>dc</strong></span> <span class='ocrx_word' id='word_1_274' title='bbox 283 2123 508 2191; x_wconf 87' lang='lat' dir='ltr'><strong>psalmis</strong></span> <span class='ocrx_word' id='word_1_275' title='bbox 539 2123 840 2178; x_wconf 89' lang='lat' dir='ltr'><strong>rumiuaret</strong></span> <span class='ocrx_word' id='word_1_276' title='bbox 861 2164 876 2189; x_wconf 92' lang='lat'><strong>,</strong></span> <span class='ocrx_word' id='word_1_277' title='bbox 918 2137 1110 2178; x_wconf 88' lang='lat' dir='ltr'><strong>somno</strong></span> <span class='ocrx_word' id='word_1_278' title='bbox 1140 2121 1481 2192; x_wconf 90' lang='lat' dir='ltr'><strong>opprimitur,</strong></span> <span class='ocrx_word' id='word_1_279' title='bbox 1511 2121 1785 2191; x_wconf 85' lang='lat' dir='ltr'><strong>apparuit-</strong></span> 
     </span>
    </p>
   </div>
   <div class='ocr_carea' id='block_1_35' title="bbox 195 2215 1786 2286">
    <p class='ocr_par' dir='ltr' id='par_1_35' title="bbox 195 2215 1786 2286">
     <span class='ocr_line' id='line_1_35' title="bbox 195 2215 1786 2286; baseline 0.001 -18"><span class='ocrx_word' id='word_1_280' title='bbox 195 2227 300 2282; x_wconf 91' lang='lat' dir='ltr'><strong>que</strong></span> <span class='ocrx_word' id='word_1_281' title='bbox 329 2215 382 2270; x_wconf 91' lang='lat' dir='ltr'><strong>ei</strong></span> <span class='ocrx_word' id='word_1_282' title='bbox 413 2216 632 2286; x_wconf 88' lang='lat' dir='ltr'><strong>quidam</strong></span> <span class='ocrx_word' id='word_1_283' title='bbox 656 2216 757 2282; x_wconf 91' lang='lat' dir='ltr'><strong>vir,</strong></span> <span class='ocrx_word' id='word_1_284' title='bbox 790 2215 1096 2272; x_wconf 88' lang='lat' dir='ltr'><strong>veneranda</strong></span> <span class='ocrx_word' id='word_1_285' title='bbox 1123 2215 1322 2271; x_wconf 89' lang='lat' dir='ltr'><strong>canitie</strong></span> <span class='ocrx_word' id='word_1_286' title='bbox 1351 2223 1616 2285; x_wconf 89' lang='lat' dir='ltr'><strong>comptus,</strong></span> <span class='ocrx_word' id='word_1_287' title='bbox 1650 2230 1786 2285; x_wconf 89' lang='lat' dir='ltr'><strong>pon-</strong></span> 
     </span>
    </p>
   </div>
   <div class='ocr_carea' id='block_1_36' title="bbox 187 2305 1783 2380">
    <p class='ocr_par' dir='ltr' id='par_1_36' title="bbox 187 2305 1783 2380">
     <span class='ocr_line' id='line_1_36' title="bbox 187 2305 1783 2380; baseline 0.003 -23"><span class='ocrx_word' id='word_1_288' title='bbox 187 2305 374 2361; x_wconf 89' lang='lat' dir='ltr'><strong>tificali</strong></span> <span class='ocrx_word' id='word_1_289' title='bbox 405 2307 571 2363; x_wconf 81' lang='lat' dir='ltr'><strong>infula</strong></span> <span class='ocrx_word' id='word_1_290' title='bbox 599 2310 848 2377; x_wconf 85' lang='lat' dir='ltr'><strong>amictus,</strong></span> <span class='ocrx_word' id='word_1_291' title='bbox 881 2309 1082 2380; x_wconf 89' lang='lat' dir='ltr'><strong>talique</strong></span> <span class='ocrx_word' id='word_1_292' title='bbox 1111 2325 1234 2364; x_wconf 91' lang='lat' dir='ltr'><strong>cum</strong></span> <span class='ocrx_word' id='word_1_293' title='bbox 1260 2324 1397 2364; x_wconf 89' lang='lat' dir='ltr'><strong>voce</strong></span> <span class='ocrx_word' id='word_1_294' title='bbox 1423 2307 1530 2380; x_wconf 71' lang='grc'><strong>42</strong></span> <span class='ocrx_word' id='word_1_295' title='bbox 1554 2308 1783 2377; x_wconf 89' lang='lat' dir='ltr'><strong>alloqui-</strong></span> 
     </span>
    </p>
   </div>
   <div class='ocr_carea' id='block_1_37' title="bbox 187 2398 1784 2470">
    <p class='ocr_par' dir='ltr' id='par_1_37' title="bbox 187 2398 1784 2470">
     <span class='ocr_line' id='line_1_37' title="bbox 187 2398 1784 2470; baseline 0.001 -18"><span class='ocrx_word' id='word_1_296' title='bbox 187 2405 273 2453; x_wconf 91' lang='lat' dir='ltr'><strong>tur</strong></span> <span class='ocrx_word' id='word_1_297' title='bbox 303 2417 317 2453; x_wconf 91' lang='lat'><strong>:</strong></span> <span class='ocrx_word' id='word_1_298' title='bbox 349 2398 487 2454; x_wconf 88' lang='lat' dir='ltr'><strong>Novi</strong></span> <span class='ocrx_word' id='word_1_299' title='bbox 515 2401 731 2470; x_wconf 89' lang='lat' dir='ltr'><strong>quidem</strong></span> <span class='ocrx_word' id='word_1_300' title='bbox 779 2407 833 2456; x_wconf 93' lang='lat' dir='ltr'><strong>te</strong></span> <span class='ocrx_word' id='word_1_301' title='bbox 857 2416 980 2457; x_wconf 77' lang='lat' dir='ltr'><strong>cum</strong></span> <span class='ocrx_word' id='word_1_302' title='bbox 1004 2401 1163 2456; x_wconf 91' lang='lat' dir='ltr'><strong>sociis</strong></span> <span class='ocrx_word' id='word_1_303' title='bbox 1192 2401 1297 2457; x_wconf 91' lang='lat' dir='ltr'><strong>tuis</strong></span> <span class='ocrx_word' id='word_1_304' title='bbox 1324 2401 1390 2455; x_wconf 90' lang='lat' dir='ltr'><strong>ad</strong></span> <span class='ocrx_word' id='word_1_305' title='bbox 1421 2401 1527 2455; x_wconf 90' lang='lat' dir='ltr'><strong>hoc</strong></span> <span class='ocrx_word' id='word_1_306' title='bbox 1549 2400 1784 2467; x_wconf 88' lang='lat' dir='ltr'><strong>venisse,</strong></span> 
     </span>
    </p>
   </div>
   <div class='ocr_carea' id='block_1_38' title="bbox 187 2490 1784 2560">
    <p class='ocr_par' dir='ltr' id='par_1_38' title="bbox 187 2490 1784 2560">
     <span class='ocr_line' id='line_1_38' title="bbox 187 2490 1784 2560; baseline 0.003 -19"><span class='ocrx_word' id='word_1_307' title='bbox 187 2497 247 2542; x_wconf 92' lang='lat' dir='ltr'><strong>ut</strong></span> <span class='ocrx_word' id='word_1_308' title='bbox 276 2505 474 2558; x_wconf 89' lang='lat' dir='ltr'><strong>corpus</strong></span> <span class='ocrx_word' id='word_1_309' title='bbox 503 2491 826 2547; x_wconf 77' lang='lat' dir='ltr'><strong>beatissimae</strong></span> <span class='ocrx_word' id='word_1_310' title='bbox 845 2491 1066 2560; x_wconf 80' lang='lat' dir='ltr'><strong>virginis</strong></span> <span class='ocrx_word' id='word_1_311' title='bbox 1098 2490 1262 2547; x_wconf 73' lang='lat' dir='ltr'><strong>Justre</strong></span> <span class='ocrx_word' id='word_1_312' title='bbox 1298 2493 1425 2546; x_wconf 91' lang='lat' dir='ltr'><strong>hinc</strong></span> <span class='ocrx_word' id='word_1_313' title='bbox 1455 2492 1784 2547; x_wconf 88' lang='lat' dir='ltr'><strong>transferen-</strong></span> 
     </span>
    </p>
   </div>
   <div class='ocr_carea' id='block_1_39' title="bbox 186 2579 1788 2638">
    <p class='ocr_par' dir='ltr' id='par_1_39' title="bbox 186 2579 1788 2638">
     <span class='ocr_line' id='line_1_39' title="bbox 186 2579 1788 2638; baseline 0.003 -7"><span class='ocrx_word' id='word_1_314' title='bbox 186 2585 270 2634; x_wconf 88' lang='lat' dir='ltr'><strong>tes</strong></span> <span class='ocrx_word' id='word_1_315' title='bbox 297 2579 588 2638; x_wconf 88' lang='lat' dir='ltr'><strong>deferatis:</strong></span> <span class='ocrx_word' id='word_1_316' title='bbox 622 2591 678 2636; x_wconf 88' lang='lat' dir='ltr'><strong>et</strong></span> <span class='ocrx_word' id='word_1_317' title='bbox 718 2582 844 2637; x_wconf 86' lang='lat' dir='ltr'><strong>licet</strong></span> <span class='ocrx_word' id='word_1_318' title='bbox 882 2597 991 2637; x_wconf 90' lang='lat' dir='ltr'><strong>non</strong></span> <span class='ocrx_word' id='word_1_319' title='bbox 1038 2581 1105 2638; x_wconf 88' lang='lat' dir='ltr'><strong>sit</strong></span> <span class='ocrx_word' id='word_1_320' title='bbox 1157 2582 1349 2637; x_wconf 83' lang='lat' dir='ltr'><strong>divinae</strong></span> <span class='ocrx_word' id='word_1_321' title='bbox 1389 2582 1680 2636; x_wconf 88' lang='lat' dir='ltr'><strong>voluntatis</strong></span> <span class='ocrx_word' id='word_1_322' title='bbox 1727 2589 1788 2636; x_wconf 90' lang='lat' dir='ltr'><strong>ut</strong></span> 
     </span>
    </p>
   </div>
   <div class='ocr_carea' id='block_1_40' title="bbox 186 2665 1786 2740">
    <p class='ocr_par' dir='ltr' id='par_1_40' title="bbox 186 2665 1786 2740">
     <span class='ocr_line' id='line_1_40' title="bbox 186 2665 1786 2740; baseline 0.003 -20"><span class='ocrx_word' id='word_1_323' title='bbox 186 2665 304 2723; x_wconf 72' lang='lat' dir='ltr'><strong>haec</strong></span> <span class='ocrx_word' id='word_1_324' title='bbox 334 2669 525 2725; x_wconf 89' lang='lat' dir='ltr'><strong>civitas</strong></span> <span class='ocrx_word' id='word_1_325' title='bbox 554 2671 807 2726; x_wconf 92' lang='lat' dir='ltr'><strong>abscessu</strong></span> <span class='ocrx_word' id='word_1_326' title='bbox 834 2671 993 2740; x_wconf 89' lang='lat' dir='ltr'><strong>hujus</strong></span> <span class='ocrx_word' id='word_1_327' title='bbox 1019 2670 1296 2726; x_wconf 89' lang='lat' dir='ltr'><strong>desoletur</strong></span> <span class='ocrx_word' id='word_1_328' title='bbox 1323 2670 1543 2740; x_wconf 84' lang='lat' dir='ltr'><strong>virginis</strong></span> <span class='ocrx_word' id='word_1_329' title='bbox 1562 2711 1575 2733; x_wconf 88' lang='lat'><strong>,</strong></span> <span class='ocrx_word' id='word_1_330' title='bbox 1607 2679 1786 2724; x_wconf 89' lang='lat' dir='ltr'><strong>tamen</strong></span> 
     </span>
    </p>
   </div>
   <div class='ocr_carea' id='block_1_41' title="bbox 183 2763 1789 2833">
    <p class='ocr_par' dir='ltr' id='par_1_41' title="bbox 183 2763 1789 2833">
     <span class='ocr_line' id='line_1_41' title="bbox 183 2763 1789 2833; baseline 0.001 -19"><span class='ocrx_word' id='word_1_331' title='bbox 183 2775 295 2816; x_wconf 86' lang='lat' dir='ltr'><strong>non</strong></span> <span class='ocrx_word' id='word_1_332' title='bbox 318 2777 523 2819; x_wconf 89' lang='lat' dir='ltr'><strong>vacuos</strong></span> <span class='ocrx_word' id='word_1_333' title='bbox 546 2763 726 2819; x_wconf 92' lang='lat' dir='ltr'><strong>divina</strong></span> <span class='ocrx_word' id='word_1_334' title='bbox 752 2765 966 2819; x_wconf 89' lang='lat' dir='ltr'><strong>bonitas</strong></span> <span class='ocrx_word' id='word_1_335' title='bbox 998 2779 1095 2820; x_wconf 89' lang='lat' dir='ltr'><strong>vos</strong></span> <span class='ocrx_word' id='word_1_336' title='bbox 1116 2764 1388 2830; x_wconf 90' lang='lat' dir='ltr'><strong>remittet;</strong></span> <span class='ocrx_word' id='word_1_337' title='bbox 1419 2778 1616 2833; x_wconf 88' lang='lat' dir='ltr'><strong>corpus</strong></span> <span class='ocrx_word' id='word_1_338' title='bbox 1637 2778 1789 2816; x_wconf 90' lang='lat' dir='ltr'><strong>nam-</strong></span> 
     </span>
    </p>
   </div>
   <div class='ocr_carea' id='block_1_42' title="bbox 186 2857 1788 2924">
    <p class='ocr_par' dir='ltr' id='par_1_42' title="bbox 186 2857 1788 2924">
     <span class='ocr_line' id='line_1_42' title="bbox 186 2857 1788 2924; baseline 0 -16"><span class='ocrx_word' id='word_1_339' title='bbox 186 2869 295 2924; x_wconf 90' lang='lat' dir='ltr'><strong>que</strong></span> <span class='ocrx_word' id='word_1_340' title='bbox 327 2871 510 2910; x_wconf 92' lang='lat' dir='ltr'><strong>meum</strong></span> <span class='ocrx_word' id='word_1_341' title='bbox 554 2857 708 2911; x_wconf 91' lang='lat' dir='ltr'><strong>vobis</strong></span> <span class='ocrx_word' id='word_1_342' title='bbox 749 2865 832 2912; x_wconf 91' lang='lat' dir='ltr'><strong>est</strong></span> <span class='ocrx_word' id='word_1_343' title='bbox 860 2858 1159 2922; x_wconf 90' lang='lat' dir='ltr'><strong>donatum;</strong></span> <span class='ocrx_word' id='word_1_344' title='bbox 1205 2857 1348 2924; x_wconf 91' lang='lat' dir='ltr'><strong>quod</strong></span> <span class='ocrx_word' id='word_1_345' title='bbox 1395 2857 1648 2910; x_wconf 90' lang='lat' dir='ltr'><strong>tollentes</strong></span> <span class='ocrx_word' id='word_1_346' title='bbox 1690 2871 1788 2909; x_wconf 89' lang='lat' dir='ltr'><strong>au-</strong></span> 
     </span>
    </p>
   </div>
   <div class='ocr_carea' id='block_1_43' title="bbox 181 2946 1792 3018">
    <p class='ocr_par' dir='ltr' id='par_1_43' title="bbox 181 2946 1792 3018">
     <span class='ocr_line' id='line_1_43' title="bbox 181 2946 1792 3018; baseline 0.002 -21"><span class='ocrx_word' id='word_1_347' title='bbox 181 2946 346 3011; x_wconf 87' lang='lat' dir='ltr'><strong>ferte,</strong></span> <span class='ocrx_word' id='word_1_348' title='bbox 397 2956 454 3002; x_wconf 92' lang='lat' dir='ltr'><strong>et</strong></span> <span class='ocrx_word' id='word_1_349' title='bbox 483 2948 660 3002; x_wconf 91' lang='lat' dir='ltr'><strong>securi</strong></span> <span class='ocrx_word' id='word_1_350' title='bbox 702 2947 768 3001; x_wconf 88' lang='lat' dir='ltr'><strong>ad</strong></span> <span class='ocrx_word' id='word_1_351' title='bbox 799 2947 1016 3018; x_wconf 90' lang='lat' dir='ltr'><strong>propria</strong></span> <span class='ocrx_word' id='word_1_352' title='bbox 1059 2956 1318 3002; x_wconf 91' lang='lat' dir='ltr'><strong>remeate.</strong></span> <span class='ocrx_word' id='word_1_353' title='bbox 1355 2947 1525 3015; x_wconf 86' lang='lat' dir='ltr'><strong>Quem</strong></span> <span class='ocrx_word' id='word_1_354' title='bbox 1556 2962 1676 3002; x_wconf 90' lang='lat' dir='ltr'><strong>cum</strong></span> <span class='ocrx_word' id='word_1_355' title='bbox 1703 2961 1792 3001; x_wconf 84' lang='lat' dir='ltr'><strong>re-</strong></span> 
     </span>
    </p>
   </div>
   <div class='ocr_carea' id='block_1_44' title="bbox 184 3035 1790 3114">
    <p class='ocr_par' dir='ltr' id='par_1_44' title="bbox 184 3035 1790 3114">
     <span class='ocr_line' id='line_1_44' title="bbox 184 3035 1790 3114; baseline 0.002 -26"><span class='ocrx_word' id='word_1_356' title='bbox 184 3035 467 3091; x_wconf 88' lang='lat' dir='ltr'><strong>verendus</strong></span> <span class='ocrx_word' id='word_1_357' title='bbox 526 3036 607 3092; x_wconf 92' lang='lat' dir='ltr'><strong>vir</strong></span> <span class='ocrx_word' id='word_1_358' title='bbox 654 3037 860 3094; x_wconf 82' lang='lat' dir='ltr'><strong>Alvitus</strong></span> <span class='ocrx_word' id='word_1_359' title='bbox 909 3040 1268 3114; x_wconf 81' lang='lat' dir='ltr'><strong>interrogaret</strong></span> <span class='ocrx_word' id='word_1_360' title='bbox 1313 3039 1431 3109; x_wconf 91' lang='lat' dir='ltr'><strong>quis</strong></span> <span class='ocrx_word' id='word_1_361' title='bbox 1469 3047 1649 3106; x_wconf 90' lang='lat' dir='ltr'><strong>esset,</strong></span> <span class='ocrx_word' id='word_1_362' title='bbox 1698 3039 1790 3108; x_wconf 90' lang='lat' dir='ltr'><strong>qui</strong></span> 
     </span>
    </p>
   </div>
   <div class='ocr_carea' id='block_1_45' title="bbox 185 3125 1790 3200">
    <p class='ocr_par' dir='ltr' id='par_1_45' title="bbox 185 3125 1790 3200">
     <span class='ocr_line' id='line_1_45' title="bbox 185 3125 1790 3200; baseline 0.003 -21"><span class='ocrx_word' id='word_1_363' title='bbox 185 3125 313 3179; x_wconf 83' lang='lat' dir='ltr'><strong>talia</strong></span> <span class='ocrx_word' id='word_1_364' title='bbox 345 3126 451 3181; x_wconf 87' lang='lat' dir='ltr'><strong>sibi</strong></span> <span class='ocrx_word' id='word_1_365' title='bbox 483 3128 685 3183; x_wconf 87' lang='lat' dir='ltr'><strong>monita</strong></span> <span class='ocrx_word' id='word_1_366' title='bbox 715 3130 1035 3200; x_wconf 89' lang='lat' dir='ltr'><strong>injungeret,</strong></span> <span class='ocrx_word' id='word_1_367' title='bbox 1071 3131 1144 3185; x_wconf 90' lang='lat' dir='ltr'><strong>ait</strong></span> <span class='ocrx_word' id='word_1_368' title='bbox 1177 3151 1189 3186; x_wconf 94' lang='lat'>:</span> <span class='ocrx_word' id='word_1_369' title='bbox 1221 3130 1332 3200; x_wconf 88' lang='lat' dir='ltr'><strong>Ego</strong></span> <span class='ocrx_word' id='word_1_370' title='bbox 1361 3147 1478 3186; x_wconf 92' lang='lat' dir='ltr'><strong>sum</strong></span> <span class='ocrx_word' id='word_1_371' title='bbox 1508 3129 1790 3200; x_wconf 83' lang='lat' dir='ltr'><strong>Hispania-</strong></span> 
     </span>
    </p>
   </div>
   <div class='ocr_carea' id='block_1_46' title="bbox 186 3217 1788 3289">
    <p class='ocr_par' dir='ltr' id='par_1_46' title="bbox 186 3217 1788 3289">
     <span class='ocr_line' id='line_1_46' title="bbox 186 3217 1788 3289; baseline 0.003 -18"><span class='ocrx_word' id='word_1_372' title='bbox 186 3231 309 3272; x_wconf 89' lang='lat' dir='ltr'><strong>rum</strong></span> <span class='ocrx_word' id='word_1_373' title='bbox 340 3217 552 3284; x_wconf 90' lang='lat' dir='ltr'><strong>doctor,</strong></span> <span class='ocrx_word' id='word_1_374' title='bbox 585 3219 806 3289; x_wconf 88' lang='lat' dir='ltr'><strong>hujusce</strong></span> <span class='ocrx_word' id='word_1_375' title='bbox 836 3221 982 3276; x_wconf 91' lang='lat' dir='ltr'><strong>urbis</strong></span> <span class='ocrx_word' id='word_1_376' title='bbox 1023 3221 1246 3278; x_wconf 87' lang='lat' dir='ltr'><strong>antistes</strong></span> <span class='ocrx_word' id='word_1_377' title='bbox 1273 3221 1524 3277; x_wconf 89' lang='lat' dir='ltr'><strong>Isidorus.</strong></span> <span class='ocrx_word' id='word_1_378' title='bbox 1557 3221 1676 3288; x_wconf 88' lang='lat' dir='ltr'><strong>Quo</strong></span> <span class='ocrx_word' id='word_1_379' title='bbox 1705 3219 1788 3276; x_wconf 91' lang='lat' dir='ltr'><strong>di-</strong></span> 
     </span>
    </p>
   </div>
   <div class='ocr_carea' id='block_1_47' title="bbox 192 3310 1224 3374">
    <p class='ocr_par' dir='ltr' id='par_1_47' title="bbox 192 3310 1224 3374">
     <span class='ocr_line' id='line_1_47' title="bbox 192 3310 1224 3374; baseline 0.005 -13"><span class='ocrx_word' id='word_1_380' title='bbox 192 3316 301 3374; x_wconf 90' lang='lat' dir='ltr'><strong>cto,</strong></span> <span class='ocrx_word' id='word_1_381' title='bbox 334 3323 404 3363; x_wconf 87' lang='lat' dir='ltr'><strong>ex</strong></span> <span class='ocrx_word' id='word_1_382' title='bbox 434 3310 604 3369; x_wconf 90' lang='lat' dir='ltr'><strong>oculis</strong></span> <span class='ocrx_word' id='word_1_383' title='bbox 632 3313 904 3369; x_wconf 88' lang='lat' dir='ltr'><strong>cernentis</strong></span> <span class='ocrx_word' id='word_1_384' title='bbox 933 3313 1175 3369; x_wconf 90' lang='lat' dir='ltr'><strong>evanuit.</strong></span> <span class='ocrx_word' id='word_1_385' title='bbox 1207 3333 1224 3366; x_wconf 79' lang='grc' dir='ltr'><strong>ι</strong></span> 
     </span>
    </p>
   </div>
   <div class='ocr_carea' id='block_1_48' title="bbox 267 3398 1789 3477">
    <p class='ocr_par' dir='ltr' id='par_1_48' title="bbox 267 3398 1789 3477">
     <span class='ocr_line' id='line_1_48' title="bbox 267 3398 1789 3477; baseline 0.005 -24"><span class='ocrx_word' id='word_1_386' title='bbox 267 3398 440 3456; x_wconf 81' lang='lat' dir='ltr'><strong>Lectio</strong></span> <span class='ocrx_word' id='word_1_387' title='bbox 467 3418 538 3458; x_wconf 81' lang='lat' dir='ltr'><strong>tv.</strong></span> <span class='ocrx_word' id='word_1_388' title='bbox 568 3435 639 3447; x_wconf 88' lang='lat'><strong><em>—</em></strong></span> <span class='ocrx_word' id='word_1_389' title='bbox 667 3422 685 3456; x_wconf 87' lang='grc'><strong>‹</strong></span> <span class='ocrx_word' id='word_1_390' title='bbox 718 3403 918 3460; x_wconf 81' lang='lat' dir='ltr'><strong>Praesul</strong></span> <span class='ocrx_word' id='word_1_391' title='bbox 949 3421 1078 3461; x_wconf 89' lang='lat' dir='ltr'><strong>vero</strong></span> <span class='ocrx_word' id='word_1_392' title='bbox 1108 3403 1367 3474; x_wconf 88' lang='lat' dir='ltr'><strong>evigilans</strong></span> <span class='ocrx_word' id='word_1_393' title='bbox 1404 3405 1596 3462; x_wconf 92' lang='lat' dir='ltr'><strong>visioni</strong></span> <span class='ocrx_word' id='word_1_394' title='bbox 1624 3405 1789 3477; x_wconf 78' lang='lat' dir='ltr'><strong>occpit</strong></span> 
     </span>
    </p>
   </div>
   <div class='ocr_carea' id='block_1_49' title="bbox 192 3497 1784 3568">
    <p class='ocr_par' dir='ltr' id='par_1_49' title="bbox 192 3497 1784 3568">
     <span class='ocr_line' id='line_1_49' title="bbox 192 3497 1784 3568; baseline 0.001 -16"><span class='ocrx_word' id='word_1_395' title='bbox 192 3498 576 3566; x_wconf 89' lang='lat' dir='ltr'><strong>congratulari,</strong></span> <span class='ocrx_word' id='word_1_396' title='bbox 609 3507 664 3554; x_wconf 89' lang='lat' dir='ltr'><strong>et</strong></span> <span class='ocrx_word' id='word_1_397' title='bbox 692 3498 859 3553; x_wconf 90' lang='lat' dir='ltr'><strong>Deum</strong></span> <span class='ocrx_word' id='word_1_398' title='bbox 895 3499 1152 3555; x_wconf 91' lang='lat' dir='ltr'><strong>attentius</strong></span> <span class='ocrx_word' id='word_1_399' title='bbox 1183 3513 1435 3568; x_wconf 87' lang='lat' dir='ltr'><strong>exorare,</strong></span> <span class='ocrx_word' id='word_1_400' title='bbox 1468 3497 1784 3568; x_wconf 73' lang='lat' dir='ltr'><strong>efflagitans,</strong></span> 
     </span>
    </p>
   </div>
   <div class='ocr_carea' id='block_1_50' title="bbox 194 3583 1785 3658">
    <p class='ocr_par' dir='ltr' id='par_1_50' title="bbox 194 3583 1785 3658">
     <span class='ocr_line' id='line_1_50' title="bbox 194 3583 1785 3658; baseline 0.004 -20"><span class='ocrx_word' id='word_1_401' title='bbox 194 3591 268 3652; x_wconf 91' lang='lat' dir='ltr'><strong>ut,</strong></span> <span class='ocrx_word' id='word_1_402' title='bbox 300 3583 345 3640; x_wconf 88' lang='lat' dir='ltr'><strong>si</strong></span> <span class='ocrx_word' id='word_1_403' title='bbox 374 3601 444 3641; x_wconf 91' lang='lat' dir='ltr'><strong>ex</strong></span> <span class='ocrx_word' id='word_1_404' title='bbox 486 3585 597 3642; x_wconf 92' lang='lat' dir='ltr'><strong>Deo</strong></span> <span class='ocrx_word' id='word_1_405' title='bbox 625 3597 768 3643; x_wconf 89' lang='lat' dir='ltr'><strong>esset</strong></span> <span class='ocrx_word' id='word_1_406' title='bbox 795 3589 908 3644; x_wconf 84' lang='lat' dir='ltr'><strong>haec</strong></span> <span class='ocrx_word' id='word_1_407' title='bbox 935 3588 1090 3655; x_wconf 90' lang='lat' dir='ltr'><strong>visio,</strong></span> <span class='ocrx_word' id='word_1_408' title='bbox 1125 3589 1314 3642; x_wconf 89' lang='lat' dir='ltr'><strong>iterum</strong></span> <span class='ocrx_word' id='word_1_409' title='bbox 1343 3631 1357 3656; x_wconf 94' lang='lat'><strong>,</strong></span> <span class='ocrx_word' id='word_1_410' title='bbox 1404 3597 1459 3643; x_wconf 92' lang='lat' dir='ltr'><strong>et</strong></span> <span class='ocrx_word' id='word_1_411' title='bbox 1487 3589 1643 3643; x_wconf 92' lang='lat' dir='ltr'><strong>tertio</strong></span> <span class='ocrx_word' id='word_1_412' title='bbox 1671 3589 1785 3658; x_wconf 92' lang='lat' dir='ltr'><strong>ple-</strong></span> 
     </span>
    </p>
   </div>
   <div class='ocr_carea' id='block_1_51' title="bbox 195 3675 1788 3746">
    <p class='ocr_par' dir='ltr' id='par_1_51' title="bbox 195 3675 1788 3746">
     <span class='ocr_line' id='line_1_51' title="bbox 195 3675 1788 3746; baseline 0.006 -18"><span class='ocrx_word' id='word_1_413' title='bbox 195 3675 310 3730; x_wconf 87' lang='lat' dir='ltr'><strong>nius</strong></span> <span class='ocrx_word' id='word_1_414' title='bbox 359 3677 764 3746; x_wconf 89' lang='lat' dir='ltr'><strong>innotesceret;</strong></span> <span class='ocrx_word' id='word_1_415' title='bbox 819 3680 901 3734; x_wconf 92' lang='lat' dir='ltr'><strong>sin</strong></span> <span class='ocrx_word' id='word_1_416' title='bbox 947 3689 1160 3746; x_wconf 91' lang='lat' dir='ltr'><strong>autem,</strong></span> <span class='ocrx_word' id='word_1_417' title='bbox 1217 3680 1534 3737; x_wconf 90' lang='lat' dir='ltr'><strong>discederet.</strong></span> <span class='ocrx_word' id='word_1_418' title='bbox 1585 3679 1788 3737; x_wconf 86' lang='lat' dir='ltr'><strong>Taliter</strong></span> 
     </span>
    </p>
   </div>
   <div class='ocr_carea' id='block_1_52' title="bbox 197 3773 1788 3846">
    <p class='ocr_par' dir='ltr' id='par_1_52' title="bbox 197 3773 1788 3846">
     <span class='ocr_line' id='line_1_52' title="bbox 197 3773 1788 3846; baseline 0.001 -20"><span class='ocrx_word' id='word_1_419' title='bbox 197 3787 374 3840; x_wconf 89' lang='lat' dir='ltr'><strong>orans,</strong></span> <span class='ocrx_word' id='word_1_420' title='bbox 406 3789 625 3829; x_wconf 89' lang='lat' dir='ltr'><strong>rursum</strong></span> <span class='ocrx_word' id='word_1_421' title='bbox 656 3774 1000 3831; x_wconf 91' lang='lat' dir='ltr'><strong>obdormivit.</strong></span> <span class='ocrx_word' id='word_1_422' title='bbox 1035 3773 1104 3829; x_wconf 86' lang='lat' dir='ltr'><strong>Et</strong></span> <span class='ocrx_word' id='word_1_423' title='bbox 1126 3790 1252 3830; x_wconf 90' lang='lat' dir='ltr'><strong>ecce</strong></span> <span class='ocrx_word' id='word_1_424' title='bbox 1283 3776 1422 3830; x_wconf 91' lang='lat' dir='ltr'><strong>idem</strong></span> <span class='ocrx_word' id='word_1_425' title='bbox 1450 3777 1566 3846; x_wconf 89' lang='lat' dir='ltr'><strong>ipse</strong></span> <span class='ocrx_word' id='word_1_426' title='bbox 1590 3775 1672 3829; x_wconf 93' lang='lat' dir='ltr'><strong>vir</strong></span> <span class='ocrx_word' id='word_1_427' title='bbox 1692 3789 1788 3845; x_wconf 81' lang='lat' dir='ltr'><strong>ap-</strong></span> 
     </span>
    </p>
   </div>
   <div class='ocr_carea' id='block_1_53' title="bbox 197 3865 1784 3937">
    <p class='ocr_par' dir='ltr' id='par_1_53' title="bbox 197 3865 1784 3937">
     <span class='ocr_line' id='line_1_53' title="bbox 197 3865 1784 3937; baseline 0.002 -21"><span class='ocrx_word' id='word_1_428' title='bbox 197 3877 385 3931; x_wconf 90' lang='lat' dir='ltr'><strong>parens</strong></span> <span class='ocrx_word' id='word_1_429' title='bbox 421 3880 531 3920; x_wconf 88' lang='lat' dir='ltr'><strong>non</strong></span> <span class='ocrx_word' id='word_1_430' title='bbox 561 3865 862 3930; x_wconf 87' lang='lat' dir='ltr'><strong>dissimilia,</strong></span> <span class='ocrx_word' id='word_1_431' title='bbox 896 3881 1055 3934; x_wconf 88' lang='lat' dir='ltr'><strong>quam</strong></span> <span class='ocrx_word' id='word_1_432' title='bbox 1086 3867 1254 3935; x_wconf 91' lang='lat' dir='ltr'><strong>prius,</strong></span> <span class='ocrx_word' id='word_1_433' title='bbox 1285 3865 1449 3920; x_wconf 88' lang='lat' dir='ltr'><strong>verba</strong></span> <span class='ocrx_word' id='word_1_434' title='bbox 1479 3866 1784 3937; x_wconf 88' lang='lat' dir='ltr'><strong>peroravit,</strong></span> 
     </span>
    </p>
   </div>
   <div class='ocr_carea' id='block_1_54' title="bbox 196 3953 1783 4026">
    <p class='ocr_par' dir='ltr' id='par_1_54' title="bbox 196 3953 1783 4026">
     <span class='ocr_line' id='line_1_54' title="bbox 196 3953 1783 4026; baseline 0.001 -20"><span class='ocrx_word' id='word_1_435' title='bbox 196 3967 518 4025; x_wconf 88' lang='lat' dir='ltr'><strong>rursumque</strong></span> <span class='ocrx_word' id='word_1_436' title='bbox 547 3955 783 4010; x_wconf 90' lang='lat' dir='ltr'><strong>evanuit.</strong></span> <span class='ocrx_word' id='word_1_437' title='bbox 816 3953 1237 4026; x_wconf 87' lang='lat' dir='ltr'><strong>Expergefactus</strong></span> <span class='ocrx_word' id='word_1_438' title='bbox 1278 3955 1470 4009; x_wconf 90' lang='lat' dir='ltr'><strong>iterum</strong></span> <span class='ocrx_word' id='word_1_439' title='bbox 1503 3953 1745 4024; x_wconf 83' lang='lat' dir='ltr'><strong>pontifex</strong></span> <span class='ocrx_word' id='word_1_440' title='bbox 1767 3993 1783 4021; x_wconf 94' lang='lat'><strong>,</strong></span> 
     </span>
    </p>
   </div>
   <div class='ocr_carea' id='block_1_55' title="bbox 199 4042 1786 4101">
    <p class='ocr_par' dir='ltr' id='par_1_55' title="bbox 199 4042 1786 4101">
     <span class='ocr_line' id='line_1_55' title="bbox 199 4042 1786 4101; baseline 0.003 -5"><span class='ocrx_word' id='word_1_441' title='bbox 199 4042 424 4100; x_wconf 88' lang='lat' dir='ltr'><strong>alacrius</strong></span> <span class='ocrx_word' id='word_1_442' title='bbox 482 4047 675 4101; x_wconf 91' lang='lat' dir='ltr'><strong>trinam</strong></span> <span class='ocrx_word' id='word_1_443' title='bbox 725 4045 948 4101; x_wconf 91' lang='lat' dir='ltr'><strong>visionis</strong></span> <span class='ocrx_word' id='word_1_444' title='bbox 998 4045 1420 4100; x_wconf 90' lang='lat' dir='ltr'><strong>admonitionem</strong></span> <span class='ocrx_word' id='word_1_445' title='bbox 1468 4061 1499 4100; x_wconf 95' lang='lat' dir='ltr'><strong>a</strong></span> <span class='ocrx_word' id='word_1_446' title='bbox 1557 4044 1786 4100; x_wconf 91' lang='lat' dir='ltr'><strong>Domino</strong></span> 
     </span>
    </p>
   </div>
   <div class='ocr_carea' id='block_1_56' title="bbox 199 4135 1787 4208">
    <p class='ocr_par' dir='ltr' id='par_1_56' title="bbox 199 4135 1787 4208">
     <span class='ocr_line' id='line_1_56' title="bbox 199 4135 1787 4208; baseline 0.001 -18"><span class='ocrx_word' id='word_1_447' title='bbox 199 4135 540 4208; x_wconf 87' lang='lat' dir='ltr'><strong>implorabat.</strong></span> <span class='ocrx_word' id='word_1_448' title='bbox 570 4140 691 4206; x_wconf 92' lang='lat' dir='ltr'><strong>Qui,</strong></span> <span class='ocrx_word' id='word_1_449' title='bbox 727 4140 852 4194; x_wconf 90' lang='lat' dir='ltr'><strong>dum</strong></span> <span class='ocrx_word' id='word_1_450' title='bbox 883 4139 1132 4195; x_wconf 81' lang='lat' dir='ltr'><strong>obnixius</strong></span> <span class='ocrx_word' id='word_1_451' title='bbox 1166 4139 1335 4193; x_wconf 89' lang='lat' dir='ltr'><strong>Deum</strong></span> <span class='ocrx_word' id='word_1_452' title='bbox 1364 4147 1586 4206; x_wconf 88' lang='lat' dir='ltr'><strong>oraret,</strong></span> <span class='ocrx_word' id='word_1_453' title='bbox 1627 4137 1787 4192; x_wconf 92' lang='lat' dir='ltr'><strong>tertio</strong></span> 
     </span>
    </p>
   </div>
   <div class='ocr_carea' id='block_1_57' title="bbox 201 4230 1786 4303">
    <p class='ocr_par' dir='ltr' id='par_1_57' title="bbox 201 4230 1786 4303">
     <span class='ocr_line' id='line_1_57' title="bbox 201 4230 1786 4303; baseline 0.002 -20"><span class='ocrx_word' id='word_1_454' title='bbox 201 4243 381 4286; x_wconf 90' lang='lat' dir='ltr'><strong>somno</strong></span> <span class='ocrx_word' id='word_1_455' title='bbox 400 4232 720 4301; x_wconf 87' lang='lat' dir='ltr'><strong>corripitur.</strong></span> <span class='ocrx_word' id='word_1_456' title='bbox 753 4231 951 4303; x_wconf 83' lang='lat' dir='ltr'><strong>Virque</strong></span> <span class='ocrx_word' id='word_1_457' title='bbox 972 4247 1132 4302; x_wconf 91' lang='lat' dir='ltr'><strong>supra</strong></span> <span class='ocrx_word' id='word_1_458' title='bbox 1161 4231 1352 4296; x_wconf 89' lang='lat' dir='ltr'><strong>dictus,</strong></span> <span class='ocrx_word' id='word_1_459' title='bbox 1386 4232 1552 4286; x_wconf 90' lang='lat' dir='ltr'><strong>veluti</strong></span> <span class='ocrx_word' id='word_1_460' title='bbox 1583 4230 1786 4301; x_wconf 89' lang='lat' dir='ltr'><strong>semel,</strong></span> 
     </span>
    </p>
   </div>
   <div class='ocr_carea' id='block_1_58' title="bbox 202 4327 1783 4399">
    <p class='ocr_par' dir='ltr' id='par_1_58' title="bbox 202 4327 1783 4399">
     <span class='ocr_line' id='line_1_58' title="bbox 202 4327 1783 4399; baseline -0.001 -19"><span class='ocrx_word' id='word_1_461' title='bbox 202 4335 352 4397; x_wconf 90' lang='lat' dir='ltr'><strong>atque</strong></span> <span class='ocrx_word' id='word_1_462' title='bbox 380 4328 654 4394; x_wconf 88' lang='lat' dir='ltr'><strong>secundo,</strong></span> <span class='ocrx_word' id='word_1_463' title='bbox 699 4329 749 4384; x_wconf 91' lang='lat' dir='ltr'><strong>ei</strong></span> <span class='ocrx_word' id='word_1_464' title='bbox 776 4329 1065 4399; x_wconf 88' lang='lat' dir='ltr'><strong>apparuit,</strong></span> <span class='ocrx_word' id='word_1_465' title='bbox 1115 4335 1169 4384; x_wconf 92' lang='lat' dir='ltr'><strong>et</strong></span> <span class='ocrx_word' id='word_1_466' title='bbox 1198 4343 1316 4396; x_wconf 77' lang='lat' dir='ltr'><strong>quae</strong></span> <span class='ocrx_word' id='word_1_467' title='bbox 1347 4335 1504 4382; x_wconf 89' lang='lat' dir='ltr'><strong>antea</strong></span> <span class='ocrx_word' id='word_1_468' title='bbox 1535 4327 1783 4392; x_wconf 90' lang='lat' dir='ltr'><strong>dixerat,</strong></span> 
     </span>
    </p>
   </div>
   <div class='ocr_carea' id='block_1_59' title="bbox 205 4420 1787 4492">
    <p class='ocr_par' dir='ltr' id='par_1_59' title="bbox 205 4420 1787 4492">
     <span class='ocr_line' id='line_1_59' title="bbox 205 4420 1787 4492; baseline -0.001 -19"><span class='ocrx_word' id='word_1_469' title='bbox 205 4421 354 4476; x_wconf 87' lang='lat' dir='ltr'><strong>tertio</strong></span> <span class='ocrx_word' id='word_1_470' title='bbox 383 4420 702 4490; x_wconf 88' lang='lat' dir='ltr'><strong>replicavit;</strong></span> <span class='ocrx_word' id='word_1_471' title='bbox 737 4428 793 4475; x_wconf 90' lang='lat' dir='ltr'><strong>et</strong></span> <span class='ocrx_word' id='word_1_472' title='bbox 821 4421 968 4492; x_wconf 88' lang='lat' dir='ltr'><strong>virga</strong></span> <span class='ocrx_word' id='word_1_473' title='bbox 997 4421 1281 4491; x_wconf 89' lang='lat' dir='ltr'><strong>pastorali,</strong></span> <span class='ocrx_word' id='word_1_474' title='bbox 1315 4435 1478 4490; x_wconf 88' lang='lat' dir='ltr'><strong>quam</strong></span> <span class='ocrx_word' id='word_1_475' title='bbox 1515 4434 1676 4473; x_wconf 90' lang='lat' dir='ltr'><strong>manu</strong></span> <span class='ocrx_word' id='word_1_476' title='bbox 1708 4428 1787 4472; x_wconf 85' lang='lat' dir='ltr'><strong>te-</strong></span> 
     </span>
    </p>
   </div>
   <div class='ocr_carea' id='block_1_60' title="bbox 206 4510 1785 4582">
    <p class='ocr_par' dir='ltr' id='par_1_60' title="bbox 206 4510 1785 4582">
     <span class='ocr_line' id='line_1_60' title="bbox 206 4510 1785 4582; baseline 0.002 -20"><span class='ocrx_word' id='word_1_477' title='bbox 206 4510 374 4579; x_wconf 83' lang='lat' dir='ltr'><strong>nebat,</strong></span> <span class='ocrx_word' id='word_1_478' title='bbox 409 4521 570 4566; x_wconf 82' lang='lat' dir='ltr'><strong>teme</strong></span> <span class='ocrx_word' id='word_1_479' title='bbox 599 4512 769 4567; x_wconf 92' lang='lat' dir='ltr'><strong>solum</strong></span> <span class='ocrx_word' id='word_1_480' title='bbox 799 4513 1106 4582; x_wconf 90' lang='lat' dir='ltr'><strong>percutiens</strong></span> <span class='ocrx_word' id='word_1_481' title='bbox 1138 4513 1316 4578; x_wconf 90' lang='lat' dir='ltr'><strong>tertio,</strong></span> <span class='ocrx_word' id='word_1_482' title='bbox 1349 4512 1528 4566; x_wconf 89' lang='lat' dir='ltr'><strong>locum</strong></span> <span class='ocrx_word' id='word_1_483' title='bbox 1549 4552 1563 4576; x_wconf 95' lang='lat'><strong>,</strong></span> <span class='ocrx_word' id='word_1_484' title='bbox 1597 4512 1649 4564; x_wconf 91' lang='lat' dir='ltr'><strong>in</strong></span> <span class='ocrx_word' id='word_1_485' title='bbox 1678 4525 1785 4580; x_wconf 89' lang='lat' dir='ltr'><strong>quo</strong></span> 
     </span>
    </p>
   </div>
   <div class='ocr_carea' id='block_1_61' title="bbox 209 4601 1781 4674">
    <p class='ocr_par' dir='ltr' id='par_1_61' title="bbox 209 4601 1781 4674">
     <span class='ocr_line' id='line_1_61' title="bbox 209 4601 1781 4674; baseline 0.001 -18"><span class='ocrx_word' id='word_1_486' title='bbox 209 4617 390 4674; x_wconf 88' lang='lat' dir='ltr'><strong>corpus</strong></span> <span class='ocrx_word' id='word_1_487' title='bbox 415 4614 664 4662; x_wconf 90' lang='lat' dir='ltr'><strong>sanctum</strong></span> <span class='ocrx_word' id='word_1_488' title='bbox 694 4605 1077 4671; x_wconf 90' lang='lat' dir='ltr'><strong>delitescebat,</strong></span> <span class='ocrx_word' id='word_1_489' title='bbox 1108 4605 1360 4670; x_wconf 88' lang='lat' dir='ltr'><strong>ostendit,</strong></span> <span class='ocrx_word' id='word_1_490' title='bbox 1394 4605 1576 4659; x_wconf 91' lang='lat' dir='ltr'><strong>dicens</strong></span> <span class='ocrx_word' id='word_1_491' title='bbox 1603 4622 1614 4656; x_wconf 91' lang='lat'>:</span> <span class='ocrx_word' id='word_1_492' title='bbox 1664 4601 1781 4670; x_wconf 84' lang='lat' dir='ltr'><strong>Hic,</strong></span> 
     </span>
    </p>
   </div>
   <div class='ocr_carea' id='block_1_62' title="bbox 209 4683 1788 4767">
    <p class='ocr_par' dir='ltr' id='par_1_62' title="bbox 209 4683 1788 4767">
     <span class='ocr_line' id='line_1_62' title="bbox 209 4683 1788 4767; baseline 0 -21"><span class='ocrx_word' id='word_1_493' title='bbox 209 4691 308 4761; x_wconf 90' lang='lat' dir='ltr'><strong>bic,</strong></span> <span class='ocrx_word' id='word_1_494' title='bbox 338 4697 424 4752; x_wconf 91' lang='lat' dir='ltr'><strong>bic</strong></span> <span class='ocrx_word' id='word_1_495' title='bbox 447 4712 628 4752; x_wconf 90' lang='lat' dir='ltr'><strong>meum</strong></span> <span class='ocrx_word' id='word_1_496' title='bbox 651 4697 890 4752; x_wconf 91' lang='lat' dir='ltr'><strong>invenies</strong></span> <span class='ocrx_word' id='word_1_497' title='bbox 911 4712 1124 4766; x_wconf 90' lang='lat' dir='ltr'><strong>corpus.</strong></span> <span class='ocrx_word' id='word_1_498' title='bbox 1157 4683 1225 4750; x_wconf 85' lang='lat' dir='ltr'><strong>Et</strong></span> <span class='ocrx_word' id='word_1_499' title='bbox 1265 4712 1333 4752; x_wconf 91' lang='lat' dir='ltr'><strong>ne</strong></span> <span class='ocrx_word' id='word_1_500' title='bbox 1359 4704 1515 4767; x_wconf 90' lang='lat' dir='ltr'><strong>putes</strong></span> <span class='ocrx_word' id='word_1_501' title='bbox 1539 4704 1589 4749; x_wconf 91' lang='lat' dir='ltr'><strong>te</strong></span> <span class='ocrx_word' id='word_1_502' title='bbox 1617 4695 1788 4764; x_wconf 87' lang='lat' dir='ltr'><strong>phan-</strong></span> 
     </span>
    </p>
   </div>
   <div class='ocr_carea' id='block_1_63' title="bbox 216 4784 1786 4856">
    <p class='ocr_par' dir='ltr' id='par_1_63' title="bbox 216 4784 1786 4856">
     <span class='ocr_line' id='line_1_63' title="bbox 216 4784 1786 4856; baseline 0.001 -19"><span class='ocrx_word' id='word_1_503' title='bbox 216 4787 390 4841; x_wconf 87' lang='lat' dir='ltr'><strong>tastica</strong></span> <span class='ocrx_word' id='word_1_504' title='bbox 437 4787 646 4844; x_wconf 88' lang='lat' dir='ltr'><strong>visione</strong></span> <span class='ocrx_word' id='word_1_505' title='bbox 682 4787 896 4854; x_wconf 91' lang='lat' dir='ltr'><strong>deludi,</strong></span> <span class='ocrx_word' id='word_1_506' title='bbox 944 4787 1048 4843; x_wconf 89' lang='lat' dir='ltr'><strong>hoc</strong></span> <span class='ocrx_word' id='word_1_507' title='bbox 1089 4788 1189 4842; x_wconf 89' lang='lat' dir='ltr'><strong>erit</strong></span> <span class='ocrx_word' id='word_1_508' title='bbox 1239 4787 1336 4841; x_wconf 91' lang='lat' dir='ltr'><strong>tibi</strong></span> <span class='ocrx_word' id='word_1_509' title='bbox 1382 4788 1591 4856; x_wconf 85' lang='lat' dir='ltr'><strong>signum</strong></span> <span class='ocrx_word' id='word_1_510' title='bbox 1636 4784 1786 4838; x_wconf 81' lang='lat' dir='ltr'><strong>veri:</strong></span> 
     </span>
    </p>
   </div>
   <div class='ocr_carea' id='block_1_64' title="bbox 213 4869 1789 4950">
    <p class='ocr_par' dir='ltr' id='par_1_64' title="bbox 213 4869 1789 4950">
     <span class='ocr_line' id='line_1_64' title="bbox 213 4869 1789 4950; baseline 0 -21"><span class='ocrx_word' id='word_1_511' title='bbox 213 4869 348 4944; x_wconf 82' lang='lat' dir='ltr'><strong>Mox,</strong></span> <span class='ocrx_word' id='word_1_512' title='bbox 381 4887 438 4933; x_wconf 92' lang='lat' dir='ltr'><strong>ut</strong></span> <span class='ocrx_word' id='word_1_513' title='bbox 470 4894 650 4936; x_wconf 90' lang='lat' dir='ltr'><strong>meum</strong></span> <span class='ocrx_word' id='word_1_514' title='bbox 680 4895 878 4941; x_wconf 87' lang='lat' dir='ltr'><strong>corpus</strong></span> <span class='ocrx_word' id='word_1_515' title='bbox 912 4894 1072 4950; x_wconf 83' lang='lat' dir='ltr'><strong>super</strong></span> <span class='ocrx_word' id='word_1_516' title='bbox 1102 4889 1301 4933; x_wconf 90' lang='lat' dir='ltr'><strong>terram</strong></span> <span class='ocrx_word' id='word_1_517' title='bbox 1333 4878 1582 4933; x_wconf 81' lang='lat' dir='ltr'><strong>eduxeris</strong></span> <span class='ocrx_word' id='word_1_518' title='bbox 1604 4917 1618 4942; x_wconf 90' lang='lat'><strong>,</strong></span> <span class='ocrx_word' id='word_1_519' title='bbox 1669 4891 1789 4930; x_wconf 85' lang='lat' dir='ltr'><strong>mo-</strong></span> 
     </span>
    </p>
   </div>
   <div class='ocr_carea' id='block_1_65' title="bbox 213 4963 1794 5042">
    <p class='ocr_par' dir='ltr' id='par_1_65' title="bbox 213 4963 1794 5042">
     <span class='ocr_line' id='line_1_65' title="bbox 213 4963 1794 5042; baseline 0.002 -23"><span class='ocrx_word' id='word_1_520' title='bbox 213 4963 356 5022; x_wconf 87' lang='lat' dir='ltr'><strong>lestia</strong></span> <span class='ocrx_word' id='word_1_521' title='bbox 378 4973 620 5042; x_wconf 90' lang='lat' dir='ltr'><strong>corporis</strong></span> <span class='ocrx_word' id='word_1_522' title='bbox 641 4971 968 5040; x_wconf 91' lang='lat' dir='ltr'><strong>corripieris,</strong></span> <span class='ocrx_word' id='word_1_523' title='bbox 992 4986 1152 5040; x_wconf 89' lang='lat' dir='ltr'><strong>quam</strong></span> <span class='ocrx_word' id='word_1_524' title='bbox 1177 4971 1298 5025; x_wconf 84' lang='lat' dir='ltr'><strong>finis</strong></span> <span class='ocrx_word' id='word_1_525' title='bbox 1319 4971 1443 5024; x_wconf 78' lang='lat' dir='ltr'><strong>vitzc</strong></span> <span class='ocrx_word' id='word_1_526' title='bbox 1465 4971 1645 5024; x_wconf 90' lang='lat' dir='ltr'><strong>statim</strong></span> <span class='ocrx_word' id='word_1_527' title='bbox 1673 4967 1794 5022; x_wconf 83' lang='lat' dir='ltr'><strong>sub-</strong></span> 
     </span>
    </p>
   </div>
   <div class='ocr_carea' id='block_1_66' title="bbox 215 5059 1792 5134">
    <p class='ocr_par' dir='ltr' id='par_1_66' title="bbox 215 5059 1792 5134">
     <span class='ocr_line' id='line_1_66' title="bbox 215 5059 1792 5134; baseline 0.003 -24"><span class='ocrx_word' id='word_1_528' title='bbox 215 5069 489 5128; x_wconf 87' lang='lat' dir='ltr'><strong>sequetur;</strong></span> <span class='ocrx_word' id='word_1_529' title='bbox 541 5063 725 5134; x_wconf 88' lang='lat' dir='ltr'><strong>sicque</strong></span> <span class='ocrx_word' id='word_1_530' title='bbox 754 5071 946 5118; x_wconf 88' lang='lat' dir='ltr'><strong>exutus</strong></span> <span class='ocrx_word' id='word_1_531' title='bbox 987 5063 1090 5118; x_wconf 91' lang='lat' dir='ltr'><strong>hoc</strong></span> <span class='ocrx_word' id='word_1_532' title='bbox 1138 5063 1353 5118; x_wconf 87' lang='lat' dir='ltr'><strong>mortali</strong></span> <span class='ocrx_word' id='word_1_533' title='bbox 1405 5076 1674 5134; x_wconf 89' lang='lat' dir='ltr'><strong>corpore,</strong></span> <span class='ocrx_word' id='word_1_534' title='bbox 1725 5059 1792 5115; x_wconf 89' lang='lat' dir='ltr'><strong>ad</strong></span> 
     </span>
    </p>
   </div>
   <div class='ocr_carea' id='block_1_67' title="bbox 217 5152 1789 5222">
    <p class='ocr_par' dir='ltr' id='par_1_67' title="bbox 217 5152 1789 5222">
     <span class='ocr_line' id='line_1_67' title="bbox 217 5152 1789 5222; baseline 0.003 -20"><span class='ocrx_word' id='word_1_535' title='bbox 217 5163 308 5204; x_wconf 90' lang='lat' dir='ltr'><strong>nos</strong></span> <span class='ocrx_word' id='word_1_536' title='bbox 333 5155 530 5210; x_wconf 89' lang='lat' dir='ltr'><strong>venies.</strong></span> <span class='ocrx_word' id='word_1_537' title='bbox 567 5153 686 5222; x_wconf 88' lang='lat' dir='ltr'><strong>Quo</strong></span> <span class='ocrx_word' id='word_1_538' title='bbox 714 5155 879 5222; x_wconf 91' lang='lat' dir='ltr'><strong>dicto,</strong></span> <span class='ocrx_word' id='word_1_539' title='bbox 915 5155 1044 5209; x_wconf 87' lang='lat' dir='ltr'><strong>visio</strong></span> <span class='ocrx_word' id='word_1_540' title='bbox 1071 5154 1252 5208; x_wconf 90' lang='lat' dir='ltr'><strong>ablata</strong></span> <span class='ocrx_word' id='word_1_541' title='bbox 1282 5163 1383 5210; x_wconf 88' lang='lat' dir='ltr'><strong>est.</strong></span> <span class='ocrx_word' id='word_1_542' title='bbox 1407 5152 1632 5221; x_wconf 87' lang='lat' dir='ltr'><strong>Evigilat</strong></span> <span class='ocrx_word' id='word_1_543' title='bbox 1655 5170 1789 5222; x_wconf 83' lang='lat' dir='ltr'><strong>prac-</strong></span> 
     </span>
    </p>
   </div>
   <div class='ocr_carea' id='block_1_68' title="bbox 219 5242 1791 5312">
    <p class='ocr_par' dir='ltr' id='par_1_68' title="bbox 219 5242 1791 5312">
     <span class='ocr_line' id='line_1_68' title="bbox 219 5242 1791 5312; baseline 0.003 -19"><span class='ocrx_word' id='word_1_544' title='bbox 219 5242 311 5309; x_wconf 88' lang='lat' dir='ltr'><strong>sul,</strong></span> <span class='ocrx_word' id='word_1_545' title='bbox 343 5254 516 5301; x_wconf 87' lang='lat' dir='ltr'><strong>certus</strong></span> <span class='ocrx_word' id='word_1_546' title='bbox 564 5246 632 5301; x_wconf 91' lang='lat' dir='ltr'><strong>de</strong></span> <span class='ocrx_word' id='word_1_547' title='bbox 669 5255 817 5301; x_wconf 89' lang='lat' dir='ltr'><strong>tanta</strong></span> <span class='ocrx_word' id='word_1_548' title='bbox 866 5246 1091 5312; x_wconf 90' lang='lat' dir='ltr'><strong>visione,</strong></span> <span class='ocrx_word' id='word_1_549' title='bbox 1125 5255 1179 5300; x_wconf 91' lang='lat' dir='ltr'><strong>et</strong></span> <span class='ocrx_word' id='word_1_550' title='bbox 1223 5246 1373 5300; x_wconf 75' lang='lat' dir='ltr'><strong>lzetus</strong></span> <span class='ocrx_word' id='word_1_551' title='bbox 1412 5245 1479 5300; x_wconf 91' lang='lat' dir='ltr'><strong>de</strong></span> <span class='ocrx_word' id='word_1_552' title='bbox 1507 5259 1601 5299; x_wconf 92' lang='lat' dir='ltr'><strong>sua</strong></span> <span class='ocrx_word' id='word_1_553' title='bbox 1630 5259 1791 5299; x_wconf 81' lang='lat' dir='ltr'><strong>voca-</strong></span> 
     </span>
    </p>
   </div>
   <div class='ocr_carea' id='block_1_69' title="bbox 223 5335 1787 5410">
    <p class='ocr_par' dir='ltr' id='par_1_69' title="bbox 223 5335 1787 5410">
     <span class='ocr_line' id='line_1_69' title="bbox 223 5335 1787 5410; baseline 0.003 -23"><span class='ocrx_word' id='word_1_554' title='bbox 223 5335 384 5406; x_wconf 90' lang='lat' dir='ltr'><strong>tione;</strong></span> <span class='ocrx_word' id='word_1_555' title='bbox 412 5341 660 5410; x_wconf 90' lang='lat' dir='ltr'><strong>factoque</strong></span> <span class='ocrx_word' id='word_1_556' title='bbox 689 5356 867 5408; x_wconf 88' lang='lat' dir='ltr'><strong>mane,</strong></span> <span class='ocrx_word' id='word_1_557' title='bbox 902 5341 966 5394; x_wconf 90' lang='lat' dir='ltr'><strong>ad</strong></span> <span class='ocrx_word' id='word_1_558' title='bbox 996 5341 1175 5396; x_wconf 90' lang='lat' dir='ltr'><strong>socios</strong></span> <span class='ocrx_word' id='word_1_559' title='bbox 1205 5340 1378 5394; x_wconf 83' lang='lat' dir='ltr'><strong>dixit:</strong></span> <span class='ocrx_word' id='word_1_560' title='bbox 1412 5337 1639 5409; x_wconf 90' lang='lat' dir='ltr'><strong>Oportet</strong></span> <span class='ocrx_word' id='word_1_561' title='bbox 1668 5352 1787 5404; x_wconf 85' lang='lat' dir='ltr'><strong>nos,</strong></span> 
     </span>
    </p>
   </div>
   <div class='ocr_carea' id='block_1_70' title="bbox 221 5423 1794 5504">
    <p class='ocr_par' dir='ltr' id='par_1_70' title="bbox 221 5423 1794 5504">
     <span class='ocr_line' id='line_1_70' title="bbox 221 5423 1794 5504; baseline 0.004 -26"><span class='ocrx_word' id='word_1_562' title='bbox 221 5423 557 5500; x_wconf 85' lang='lat' dir='ltr'><strong>dilectissimi,</strong></span> <span class='ocrx_word' id='word_1_563' title='bbox 586 5434 823 5489; x_wconf 88' lang='lat' dir='ltr'><strong>divinam</strong></span> <span class='ocrx_word' id='word_1_564' title='bbox 849 5434 1294 5504; x_wconf 89' lang='lat' dir='ltr'><strong>omnipotentiam</strong></span> <span class='ocrx_word' id='word_1_565' title='bbox 1322 5433 1602 5488; x_wconf 90' lang='lat' dir='ltr'><strong>submissis</strong></span> <span class='ocrx_word' id='word_1_566' title='bbox 1631 5431 1794 5487; x_wconf 87' lang='lat' dir='ltr'><strong>vulti-</strong></span> 
     </span>
    </p>
   </div>
   <div class='ocr_carea' id='block_1_71' title="bbox 222 5516 1794 5597">
    <p class='ocr_par' dir='ltr' id='par_1_71' title="bbox 222 5516 1794 5597">
     <span class='ocr_line' id='line_1_71' title="bbox 222 5516 1794 5597; baseline 0.004 -26"><span class='ocrx_word' id='word_1_567' title='bbox 222 5516 313 5575; x_wconf 89' lang='lat' dir='ltr'><strong>bus</strong></span> <span class='ocrx_word' id='word_1_568' title='bbox 337 5522 578 5594; x_wconf 89' lang='lat' dir='ltr'><strong>adorare,</strong></span> <span class='ocrx_word' id='word_1_569' title='bbox 611 5528 701 5597; x_wconf 91' lang='lat' dir='ltr'><strong>qui</strong></span> <span class='ocrx_word' id='word_1_570' title='bbox 727 5543 826 5584; x_wconf 92' lang='lat' dir='ltr'><strong>nos</strong></span> <span class='ocrx_word' id='word_1_571' title='bbox 853 5542 950 5582; x_wconf 90' lang='lat' dir='ltr'><strong>sua</strong></span> <span class='ocrx_word' id='word_1_572' title='bbox 978 5528 1149 5596; x_wconf 88' lang='lat' dir='ltr'><strong>gratia</strong></span> <span class='ocrx_word' id='word_1_573' title='bbox 1180 5527 1484 5597; x_wconf 68' lang='lat' dir='ltr'><strong>praecedere</strong></span> <span class='ocrx_word' id='word_1_574' title='bbox 1502 5534 1583 5581; x_wconf 91' lang='lat' dir='ltr'><strong>est</strong></span> <span class='ocrx_word' id='word_1_575' title='bbox 1609 5525 1794 5594; x_wconf 86' lang='lat' dir='ltr'><strong>digna-</strong></span> 
     </span>
    </p>
   </div>
   <div class='ocr_carea' id='block_1_72' title="bbox 223 5615 1795 5680">
    <p class='ocr_par' dir='ltr' id='par_1_72' title="bbox 223 5615 1795 5680">
     <span class='ocr_line' id='line_1_72' title="bbox 223 5615 1795 5680; baseline 0.005 -17"><span class='ocrx_word' id='word_1_576' title='bbox 223 5615 318 5680; x_wconf 88' lang='lat' dir='ltr'><strong>tus,</strong></span> <span class='ocrx_word' id='word_1_577' title='bbox 359 5626 413 5670; x_wconf 92' lang='lat' dir='ltr'><strong>et</strong></span> <span class='ocrx_word' id='word_1_578' title='bbox 443 5621 744 5674; x_wconf 85' lang='lat' dir='ltr'><strong>mercedem</strong></span> <span class='ocrx_word' id='word_1_579' title='bbox 800 5621 969 5676; x_wconf 91' lang='lat' dir='ltr'><strong>nostri</strong></span> <span class='ocrx_word' id='word_1_580' title='bbox 1020 5619 1226 5675; x_wconf 89' lang='lat' dir='ltr'><strong>itineris</strong></span> <span class='ocrx_word' id='word_1_581' title='bbox 1264 5619 1509 5675; x_wconf 89' lang='lat' dir='ltr'><strong>frustrari</strong></span> <span class='ocrx_word' id='word_1_582' title='bbox 1559 5634 1665 5672; x_wconf 93' lang='lat' dir='ltr'><strong>non</strong></span> <span class='ocrx_word' id='word_1_583' title='bbox 1710 5625 1795 5672; x_wconf 90' lang='lat' dir='ltr'><strong>est</strong></span> 
     </span>
    </p>
   </div>
   <div class='ocr_carea' id='block_1_73' title="bbox 224 5708 1793 5780">
    <p class='ocr_par' dir='ltr' id='par_1_73' title="bbox 224 5708 1793 5780">
     <span class='ocr_line' id='line_1_73' title="bbox 224 5708 1793 5780; baseline -0.003 -13"><span class='ocrx_word' id='word_1_584' title='bbox 224 5713 400 5767; x_wconf 72' lang='lat' dir='ltr'><strong>Passus</strong></span> <span class='ocrx_word' id='word_1_585' title='bbox 424 5722 440 5774; x_wconf 89' lang='lat'><strong>;</strong></span> <span class='ocrx_word' id='word_1_586' title='bbox 471 5708 648 5763; x_wconf 86' lang='lat' dir='ltr'><strong>divino</strong></span> <span class='ocrx_word' id='word_1_587' title='bbox 674 5709 816 5764; x_wconf 91' lang='lat' dir='ltr'><strong>enim</strong></span> <span class='ocrx_word' id='word_1_588' title='bbox 844 5718 975 5764; x_wconf 91' lang='lat' dir='ltr'><strong>nutu</strong></span> <span class='ocrx_word' id='word_1_589' title='bbox 1006 5710 1356 5780; x_wconf 86' lang='lat' dir='ltr'><strong>prohibemur</strong></span> <span class='ocrx_word' id='word_1_590' title='bbox 1391 5709 1634 5764; x_wconf 89' lang='lat' dir='ltr'><strong>membra</strong></span> <span class='ocrx_word' id='word_1_591' title='bbox 1663 5709 1793 5764; x_wconf 88' lang='lat' dir='ltr'><strong>bea-</strong></span> 
     </span>
    </p>
   </div>
   <div class='ocr_carea' id='block_1_74' title="bbox 227 5794 1786 5868">
    <p class='ocr_par' dir='ltr' id='par_1_74' title="bbox 227 5794 1786 5868">
     <span class='ocr_line' id='line_1_74' title="bbox 227 5794 1786 5868; baseline 0.003 -16"><span class='ocrx_word' id='word_1_592' title='bbox 227 5794 287 5842; x_wconf 66' lang='grc' dir='ltr'>ιω</span> <span class='ocrx_word' id='word_1_593' title='bbox 326 5807 386 5852; x_wconf 80' lang='lat' dir='ltr'><strong>ac</strong></span> <span class='ocrx_word' id='word_1_594' title='bbox 431 5796 539 5854; x_wconf 89' lang='lat' dir='ltr'><strong>Deo</strong></span> <span class='ocrx_word' id='word_1_595' title='bbox 567 5799 755 5854; x_wconf 76' lang='lat' dir='ltr'><strong>dicatae</strong></span> <span class='ocrx_word' id='word_1_596' title='bbox 801 5800 1018 5868; x_wconf 85' lang='lat' dir='ltr'><strong>virginis</strong></span> <span class='ocrx_word' id='word_1_597' title='bbox 1067 5800 1230 5856; x_wconf 80' lang='lat' dir='ltr'><strong>Justae</strong></span> <span class='ocrx_word' id='word_1_598' title='bbox 1277 5802 1403 5857; x_wconf 90' lang='lat' dir='ltr'><strong>hinc</strong></span> <span class='ocrx_word' id='word_1_599' title='bbox 1439 5801 1786 5866; x_wconf 86' lang='lat' dir='ltr'><strong>abstrahere;</strong></span> 
     </span>
    </p>
   </div>
   <div class='ocr_carea' id='block_1_75' title="bbox 227 5884 1790 5969">
    <p class='ocr_par' dir='ltr' id='par_1_75' title="bbox 227 5884 1790 5969">
     <span class='ocr_line' id='line_1_75' title="bbox 227 5884 1790 5969; baseline 0.008 -31"><span class='ocrx_word' id='word_1_600' title='bbox 227 5884 312 5937; x_wconf 78' lang='lat' dir='ltr'><strong>sed</strong></span> <span class='ocrx_word' id='word_1_601' title='bbox 336 5903 438 5943; x_wconf 88' lang='lat' dir='ltr'><strong>non</strong></span> <span class='ocrx_word' id='word_1_602' title='bbox 460 5891 665 5948; x_wconf 90' lang='lat' dir='ltr'><strong>minora</strong></span> <span class='ocrx_word' id='word_1_603' title='bbox 686 5893 985 5951; x_wconf 87' lang='lat' dir='ltr'><strong>deferemus</strong></span> <span class='ocrx_word' id='word_1_604' title='bbox 1009 5895 1259 5968; x_wconf 85' lang='lat' dir='ltr'><strong>pignora,</strong></span> <span class='ocrx_word' id='word_1_605' title='bbox 1291 5894 1420 5953; x_wconf 86' lang='lat' dir='ltr'><strong>dum</strong></span> <span class='ocrx_word' id='word_1_606' title='bbox 1448 5911 1644 5969; x_wconf 90' lang='lat' dir='ltr'><strong>corpus</strong></span> <span class='ocrx_word' id='word_1_607' title='bbox 1669 5895 1790 5952; x_wconf 81' lang='lat' dir='ltr'><strong>bea-</strong></span> 
     </span>
    </p>
   </div>
   <div class='ocr_carea' id='block_1_76' title="bbox 380 5999 990 6066">
    <p class='ocr_par' dir='ltr' id='par_1_76' title="bbox 380 5999 990 6066">
     <span class='ocr_line' id='line_1_76' title="bbox 380 5999 990 6066; baseline 0.005 -5"><span class='ocrx_word' id='word_1_608' title='bbox 380 5999 649 6065; x_wconf 76' lang='grc' dir='ltr'><strong>ΡΑτιιοι.</strong></span> <span class='ocrx_word' id='word_1_609' title='bbox 696 6003 990 6066; x_wconf 81' lang='lat' dir='ltr'><strong>LXXXI.</strong></span> 
     </span>
    </p>
   </div>
   <div class='ocr_carea' id='block_1_77' title="bbox 1886 1936 3468 2005">
    <p class='ocr_par' dir='ltr' id='par_1_77' title="bbox 1886 1936 3468 2005">
     <span class='ocr_line' id='line_1_77' title="bbox 1886 1936 3468 2005; baseline 0 -14"><span class='ocrx_word' id='word_1_610' title='bbox 1886 1936 2002 1991; x_wconf 89' lang='lat' dir='ltr'><strong>solo</strong></span> <span class='ocrx_word' id='word_1_611' title='bbox 2032 1937 2306 1991; x_wconf 89' lang='lat' dir='ltr'><strong>inventum</strong></span> <span class='ocrx_word' id='word_1_612' title='bbox 2353 1944 2453 1992; x_wconf 80' lang='lat' dir='ltr'><strong>est.</strong></span> <span class='ocrx_word' id='word_1_613' title='bbox 2497 1937 2616 2003; x_wconf 89' lang='lat' dir='ltr'><strong>Quo</strong></span> <span class='ocrx_word' id='word_1_614' title='bbox 2661 1936 2875 1992; x_wconf 91' lang='lat' dir='ltr'><strong>detecto</strong></span> <span class='ocrx_word' id='word_1_615' title='bbox 2901 1980 2916 2005; x_wconf 93' lang='lat'><strong>,</strong></span> <span class='ocrx_word' id='word_1_616' title='bbox 2965 1944 3112 1990; x_wconf 90' lang='lat' dir='ltr'><strong>tanta</strong></span> <span class='ocrx_word' id='word_1_617' title='bbox 3143 1937 3324 1992; x_wconf 91' lang='lat' dir='ltr'><strong>odoris</strong></span> <span class='ocrx_word' id='word_1_618' title='bbox 3373 1939 3468 1992; x_wconf 58' lang='lat' dir='ltr'><strong>fra.</strong></span> 
     </span>
    </p>
   </div>
   <div class='ocr_carea' id='block_1_78' title="bbox 1887 2029 3478 2100">
    <p class='ocr_par' dir='ltr' id='par_1_78' title="bbox 1887 2029 3478 2100">
     <span class='ocr_line' id='line_1_78' title="bbox 1887 2029 3478 2100; baseline 0.001 -16"><span class='ocrx_word' id='word_1_619' title='bbox 1887 2031 2095 2100; x_wconf 90' lang='lat' dir='ltr'><strong>grantia</strong></span> <span class='ocrx_word' id='word_1_620' title='bbox 2119 2032 2410 2093; x_wconf 90' lang='lat' dir='ltr'><strong>emanavit,</strong></span> <span class='ocrx_word' id='word_1_621' title='bbox 2429 2039 2491 2086; x_wconf 93' lang='lat' dir='ltr'><strong>ut</strong></span> <span class='ocrx_word' id='word_1_622' title='bbox 2510 2030 2735 2100; x_wconf 91' lang='lat' dir='ltr'><strong>capillos</strong></span> <span class='ocrx_word' id='word_1_623' title='bbox 2756 2030 2947 2100; x_wconf 88' lang='lat' dir='ltr'><strong>capitis</strong></span> <span class='ocrx_word' id='word_1_624' title='bbox 2969 2037 3022 2084; x_wconf 90' lang='lat' dir='ltr'><strong>et</strong></span> <span class='ocrx_word' id='word_1_625' title='bbox 3042 2029 3221 2085; x_wconf 64' lang='lat' dir='ltr'><strong>barbae</strong></span> <span class='ocrx_word' id='word_1_626' title='bbox 3241 2031 3478 2086; x_wconf 91' lang='lat' dir='ltr'><strong>omnium</strong></span> 
     </span>
    </p>
   </div>
   <div class='ocr_carea' id='block_1_79' title="bbox 1886 2122 3481 2194">
    <p class='ocr_par' dir='ltr' id='par_1_79' title="bbox 1886 2122 3481 2194">
     <span class='ocr_line' id='line_1_79' title="bbox 1886 2122 3481 2194; baseline 0 -17"><span class='ocrx_word' id='word_1_627' title='bbox 1886 2125 1978 2192; x_wconf 89' lang='lat' dir='ltr'><strong>qui</strong></span> <span class='ocrx_word' id='word_1_628' title='bbox 2006 2123 2229 2179; x_wconf 89' lang='lat' dir='ltr'><strong>aderant</strong></span> <span class='ocrx_word' id='word_1_629' title='bbox 2258 2124 2424 2179; x_wconf 89' lang='lat' dir='ltr'><strong>veluti</strong></span> <span class='ocrx_word' id='word_1_630' title='bbox 2470 2122 2667 2179; x_wconf 89' lang='lat' dir='ltr'><strong>nebula</strong></span> <span class='ocrx_word' id='word_1_631' title='bbox 2716 2130 2771 2178; x_wconf 92' lang='lat' dir='ltr'><strong>et</strong></span> <span class='ocrx_word' id='word_1_632' title='bbox 2822 2122 3047 2177; x_wconf 86' lang='lat' dir='ltr'><strong>balsami</strong></span> <span class='ocrx_word' id='word_1_633' title='bbox 3095 2138 3220 2179; x_wconf 91' lang='lat' dir='ltr'><strong>rore</strong></span> <span class='ocrx_word' id='word_1_634' title='bbox 3259 2123 3481 2194; x_wconf 89' lang='lat' dir='ltr'><strong>perfun-</strong></span> 
     </span>
    </p>
   </div>
   <div class='ocr_carea' id='block_1_80' title="bbox 1886 2216 2090 2272">
    <p class='ocr_par' dir='ltr' id='par_1_80' title="bbox 1886 2216 2090 2272">
     <span class='ocr_line' id='line_1_80' title="bbox 1886 2216 2090 2272; baseline -0.015 0"><span class='ocrx_word' id='word_1_635' title='bbox 1886 2216 2056 2272; x_wconf 83' lang='lat' dir='ltr'><strong>deret.</strong></span> <span class='ocrx_word' id='word_1_636' title='bbox 2072 2236 2090 2269; x_wconf 67' lang='grc' dir='ltr'><strong>ι</strong></span> 
     </span>
    </p>
   </div>
   <div class='ocr_carea' id='block_1_81' title="bbox 1961 2305 3482 2376">
    <p class='ocr_par' dir='ltr' id='par_1_81' title="bbox 1961 2305 3482 2376">
     <span class='ocr_line' id='line_1_81' title="bbox 1961 2305 3482 2376; baseline 0.001 -15"><span class='ocrx_word' id='word_1_637' title='bbox 1961 2306 2137 2363; x_wconf 82' lang='lat' dir='ltr'><strong>Lectio</strong></span> <span class='ocrx_word' id='word_1_638' title='bbox 2161 2324 2232 2362; x_wconf 86' lang='lat' dir='ltr'><strong>vr.</strong></span> <span class='ocrx_word' id='word_1_639' title='bbox 2261 2340 2334 2351; x_wconf 88' lang='lat'>—</span> <span class='ocrx_word' id='word_1_640' title='bbox 2368 2326 2387 2359; x_wconf 87' lang='grc'><strong><em>‹</em></strong></span> <span class='ocrx_word' id='word_1_641' title='bbox 2413 2305 2624 2376; x_wconf 88' lang='lat' dir='ltr'><strong>Corpus</strong></span> <span class='ocrx_word' id='word_1_642' title='bbox 2658 2312 2838 2360; x_wconf 89' lang='lat' dir='ltr'><strong>autem</strong></span> <span class='ocrx_word' id='word_1_643' title='bbox 2882 2305 3098 2360; x_wconf 92' lang='lat' dir='ltr'><strong>beatum</strong></span> <span class='ocrx_word' id='word_1_644' title='bbox 3148 2305 3328 2374; x_wconf 89' lang='lat' dir='ltr'><strong>ligneo</strong></span> <span class='ocrx_word' id='word_1_645' title='bbox 3357 2320 3482 2362; x_wconf 87' lang='lat' dir='ltr'><strong>vas-</strong></span> 
     </span>
    </p>
   </div>
   <div class='ocr_carea' id='block_1_82' title="bbox 1888 2395 3481 2467">
    <p class='ocr_par' dir='ltr' id='par_1_82' title="bbox 1888 2395 3481 2467">
     <span class='ocr_line' id='line_1_82' title="bbox 1888 2395 3481 2467; baseline 0.001 -15"><span class='ocrx_word' id='word_1_646' title='bbox 1888 2397 2030 2465; x_wconf 90' lang='lat' dir='ltr'><strong>culo,</strong></span> <span class='ocrx_word' id='word_1_647' title='bbox 2071 2413 2138 2452; x_wconf 89' lang='lat' dir='ltr'><strong>ex</strong></span> <span class='ocrx_word' id='word_1_648' title='bbox 2157 2397 2408 2467; x_wconf 89' lang='lat' dir='ltr'><strong>junipero</strong></span> <span class='ocrx_word' id='word_1_649' title='bbox 2439 2395 2608 2464; x_wconf 88' lang='lat' dir='ltr'><strong>facto,</strong></span> <span class='ocrx_word' id='word_1_650' title='bbox 2639 2404 2755 2450; x_wconf 91' lang='lat' dir='ltr'><strong>erat</strong></span> <span class='ocrx_word' id='word_1_651' title='bbox 2784 2396 3056 2450; x_wconf 89' lang='lat' dir='ltr'><strong>obtectum</strong></span> <span class='ocrx_word' id='word_1_652' title='bbox 3086 2414 3098 2448; x_wconf 91' lang='lat'><strong>:</strong></span> <span class='ocrx_word' id='word_1_653' title='bbox 3139 2397 3318 2451; x_wconf 90' lang='lat' dir='ltr'><strong>statim</strong></span> <span class='ocrx_word' id='word_1_654' title='bbox 3349 2413 3481 2453; x_wconf 92' lang='lat' dir='ltr'><strong>vero</strong></span> 
     </span>
    </p>
   </div>
   <div class='ocr_carea' id='block_1_83' title="bbox 1889 2488 3483 2562">
    <p class='ocr_par' dir='ltr' id='par_1_83' title="bbox 1889 2488 3483 2562">
     <span class='ocr_line' id='line_1_83' title="bbox 1889 2488 3483 2562; baseline 0.001 -18"><span class='ocrx_word' id='word_1_655' title='bbox 1889 2499 1947 2545; x_wconf 94' lang='lat' dir='ltr'><strong>ut</strong></span> <span class='ocrx_word' id='word_1_656' title='bbox 1975 2497 2269 2545; x_wconf 89' lang='lat' dir='ltr'><strong>reseratum</strong></span> <span class='ocrx_word' id='word_1_657' title='bbox 2291 2497 2393 2556; x_wconf 90' lang='lat' dir='ltr'><strong>est,</strong></span> <span class='ocrx_word' id='word_1_658' title='bbox 2421 2488 2775 2544; x_wconf 89' lang='lat' dir='ltr'><strong>reverendum</strong></span> <span class='ocrx_word' id='word_1_659' title='bbox 2802 2489 2978 2543; x_wconf 90' lang='lat' dir='ltr'><strong>virum</strong></span> <span class='ocrx_word' id='word_1_660' title='bbox 3007 2488 3242 2544; x_wconf 81' lang='lat' dir='ltr'><strong>Alvitum</strong></span> <span class='ocrx_word' id='word_1_661' title='bbox 3275 2490 3483 2562; x_wconf 87' lang='lat' dir='ltr'><strong>episco-</strong></span> 
     </span>
    </p>
   </div>
   <div class='ocr_carea' id='block_1_84' title="bbox 1889 2579 3483 2654">
    <p class='ocr_par' dir='ltr' id='par_1_84' title="bbox 1889 2579 3483 2654">
     <span class='ocr_line' id='line_1_84' title="bbox 1889 2579 3483 2654; baseline -0.001 -17"><span class='ocrx_word' id='word_1_662' title='bbox 1889 2599 2016 2654; x_wconf 92' lang='lat' dir='ltr'><strong>pum</strong></span> <span class='ocrx_word' id='word_1_663' title='bbox 2047 2580 2307 2653; x_wconf 77' lang='lat' dir='ltr'><strong>acgritudo</strong></span> <span class='ocrx_word' id='word_1_664' title='bbox 2335 2579 2614 2650; x_wconf 81' lang='lat' dir='ltr'><strong>corripuit,</strong></span> <span class='ocrx_word' id='word_1_665' title='bbox 2644 2587 2699 2633; x_wconf 91' lang='lat' dir='ltr'><strong>et</strong></span> <span class='ocrx_word' id='word_1_666' title='bbox 2729 2579 2955 2648; x_wconf 89' lang='lat' dir='ltr'><strong>septima</strong></span> <span class='ocrx_word' id='word_1_667' title='bbox 2982 2579 3091 2645; x_wconf 90' lang='lat' dir='ltr'><strong>die,</strong></span> <span class='ocrx_word' id='word_1_668' title='bbox 3122 2589 3342 2651; x_wconf 90' lang='lat' dir='ltr'><strong>accepta</strong></span> <span class='ocrx_word' id='word_1_669' title='bbox 3370 2597 3483 2651; x_wconf 71' lang='lat' dir='ltr'><strong>po:-</strong></span> 
     </span>
    </p>
   </div>
   <div class='ocr_carea' id='block_1_85' title="bbox 1891 2670 3477 2742">
    <p class='ocr_par' dir='ltr' id='par_1_85' title="bbox 1891 2670 3477 2742">
     <span class='ocr_line' id='line_1_85' title="bbox 1891 2670 3477 2742; baseline 0 -14"><span class='ocrx_word' id='word_1_670' title='bbox 1891 2675 2137 2738; x_wconf 90' lang='lat' dir='ltr'><strong>nitentia,</strong></span> <span class='ocrx_word' id='word_1_671' title='bbox 2160 2673 2314 2742; x_wconf 87' lang='lat' dir='ltr'><strong>juxta</strong></span> <span class='ocrx_word' id='word_1_672' title='bbox 2345 2671 2580 2727; x_wconf 91' lang='lat' dir='ltr'><strong>edictum</strong></span> <span class='ocrx_word' id='word_1_673' title='bbox 2610 2671 2830 2725; x_wconf 90' lang='lat' dir='ltr'><strong>visionis</strong></span> <span class='ocrx_word' id='word_1_674' title='bbox 2859 2670 3082 2737; x_wconf 87' lang='lat' dir='ltr'><strong>angelis,</strong></span> <span class='ocrx_word' id='word_1_675' title='bbox 3111 2677 3170 2725; x_wconf 89' lang='lat' dir='ltr'><strong>ut</strong></span> <span class='ocrx_word' id='word_1_676' title='bbox 3189 2671 3477 2739; x_wconf 91' lang='lat' dir='ltr'><strong>credimus,</strong></span> 
     </span>
    </p>
   </div>
   <div class='ocr_carea' id='block_1_86' title="bbox 1889 2764 3482 2837">
    <p class='ocr_par' dir='ltr' id='par_1_86' title="bbox 1889 2764 3482 2837">
     <span class='ocr_line' id='line_1_86' title="bbox 1889 2764 3482 2837; baseline -0.002 -15"><span class='ocrx_word' id='word_1_677' title='bbox 1889 2768 2136 2837; x_wconf 91' lang='lat' dir='ltr'><strong>spiritum</strong></span> <span class='ocrx_word' id='word_1_678' title='bbox 2179 2765 2416 2819; x_wconf 92' lang='lat' dir='ltr'><strong>tradidit.</strong></span> <span class='ocrx_word' id='word_1_679' title='bbox 2454 2764 2810 2820; x_wconf 84' lang='lat' dir='ltr'><strong>Asturicensis</strong></span> <span class='ocrx_word' id='word_1_680' title='bbox 2841 2773 3019 2818; x_wconf 91' lang='lat' dir='ltr'><strong>autem</strong></span> <span class='ocrx_word' id='word_1_681' title='bbox 3069 2764 3354 2833; x_wconf 85' lang='lat' dir='ltr'><strong>episcopus</strong></span> <span class='ocrx_word' id='word_1_682' title='bbox 3383 2765 3482 2819; x_wconf 92' lang='lat' dir='ltr'><strong>0r-</strong></span> 
     </span>
    </p>
   </div>
   <div class='ocr_carea' id='block_1_87' title="bbox 1891 2856 3483 2924">
    <p class='ocr_par' dir='ltr' id='par_1_87' title="bbox 1891 2856 3483 2924">
     <span class='ocr_line' id='line_1_87' title="bbox 1891 2856 3483 2924; baseline -0.001 -12"><span class='ocrx_word' id='word_1_683' title='bbox 1891 2859 2101 2920; x_wconf 90' lang='lat' dir='ltr'><strong>donius,</strong></span> <span class='ocrx_word' id='word_1_684' title='bbox 2133 2857 2388 2912; x_wconf 63' lang='lat' dir='ltr'><strong>et&#39;omnis</strong></span> <span class='ocrx_word' id='word_1_685' title='bbox 2415 2856 2706 2922; x_wconf 84' lang='lat' dir='ltr'><strong>exercitus,</strong></span> <span class='ocrx_word' id='word_1_686' title='bbox 2746 2864 2967 2924; x_wconf 90' lang='lat' dir='ltr'><strong>accepta</strong></span> <span class='ocrx_word' id='word_1_687' title='bbox 2998 2856 3152 2923; x_wconf 89' lang='lat' dir='ltr'><strong>gleba</strong></span> <span class='ocrx_word' id='word_1_688' title='bbox 3193 2857 3337 2910; x_wconf 90' lang='lat' dir='ltr'><strong>beati</strong></span> <span class='ocrx_word' id='word_1_689' title='bbox 3385 2856 3483 2911; x_wconf 88' lang='lat' dir='ltr'><strong>lsi-</strong></span> 
     </span>
    </p>
   </div>
   <div class='ocr_carea' id='block_1_88' title="bbox 1892 2944 3483 3015">
    <p class='ocr_par' dir='ltr' id='par_1_88' title="bbox 1892 2944 3483 3015">
     <span class='ocr_line' id='line_1_88' title="bbox 1892 2944 3483 3015; baseline -0.001 -13"><span class='ocrx_word' id='word_1_690' title='bbox 1892 2947 2032 3014; x_wconf 92' lang='lat' dir='ltr'><strong>dori,</strong></span> <span class='ocrx_word' id='word_1_691' title='bbox 2061 2955 2115 3002; x_wconf 92' lang='lat' dir='ltr'><strong>et</strong></span> <span class='ocrx_word' id='word_1_692' title='bbox 2141 2960 2368 3015; x_wconf 93' lang='lat' dir='ltr'><strong>corpore</strong></span> <span class='ocrx_word' id='word_1_693' title='bbox 2414 2945 2656 3014; x_wconf 68' lang='lat' dir='ltr'><strong>prmsulis</strong></span> <span class='ocrx_word' id='word_1_694' title='bbox 2687 2945 3035 3011; x_wconf 88' lang='lat' dir='ltr'><strong>Legionensis</strong></span> <span class='ocrx_word' id='word_1_695' title='bbox 3063 2944 3243 3008; x_wconf 84' lang='lat' dir='ltr'><strong>Alviti,</strong></span> <span class='ocrx_word' id='word_1_696' title='bbox 3287 2945 3356 2999; x_wconf 91' lang='lat' dir='ltr'><strong>ad</strong></span> <span class='ocrx_word' id='word_1_697' title='bbox 3395 2962 3483 3000; x_wconf 90' lang='lat' dir='ltr'><strong>rc-</strong></span> 
     </span>
    </p>
   </div>
   <div class='ocr_carea' id='block_1_89' title="bbox 1892 3035 3484 3110">
    <p class='ocr_par' dir='ltr' id='par_1_89' title="bbox 1892 3035 3484 3110">
     <span class='ocr_line' id='line_1_89' title="bbox 1892 3035 3484 3110; baseline -0.001 -16"><span class='ocrx_word' id='word_1_698' title='bbox 1892 3053 2012 3110; x_wconf 90' lang='lat' dir='ltr'><strong>gem</strong></span> <span class='ocrx_word' id='word_1_699' title='bbox 2042 3036 2432 3094; x_wconf 85' lang='lat' dir='ltr'><strong>Ferdinandum</strong></span> <span class='ocrx_word' id='word_1_700' title='bbox 2479 3035 2805 3090; x_wconf 87' lang='lat' dir='ltr'><strong>festinabant</strong></span> <span class='ocrx_word' id='word_1_701' title='bbox 2859 3035 3138 3104; x_wconf 89' lang='lat' dir='ltr'><strong>repedare.</strong></span> <span class='ocrx_word' id='word_1_702' title='bbox 3190 3035 3324 3091; x_wconf 92' lang='lat' dir='ltr'><strong>Dum</strong></span> <span class='ocrx_word' id='word_1_703' title='bbox 3354 3053 3484 3093; x_wconf 90' lang='lat' dir='ltr'><strong>vero</strong></span> 
     </span>
    </p>
   </div>
   <div class='ocr_carea' id='block_1_90' title="bbox 1893 3128 3484 3203">
    <p class='ocr_par' dir='ltr' id='par_1_90' title="bbox 1893 3128 3484 3203">
     <span class='ocr_line' id='line_1_90' title="bbox 1893 3128 3484 3203; baseline 0 -15"><span class='ocrx_word' id='word_1_704' title='bbox 1893 3149 2088 3203; x_wconf 89' lang='lat' dir='ltr'><strong>corpus</strong></span> <span class='ocrx_word' id='word_1_705' title='bbox 2126 3130 2423 3188; x_wconf 87' lang='lat' dir='ltr'><strong>beatissimi</strong></span> <span class='ocrx_word' id='word_1_706' title='bbox 2453 3129 2641 3184; x_wconf 91' lang='lat' dir='ltr'><strong>lsidori</strong></span> <span class='ocrx_word' id='word_1_707' title='bbox 2683 3130 2735 3184; x_wconf 90' lang='lat' dir='ltr'><strong>in</strong></span> <span class='ocrx_word' id='word_1_708' title='bbox 2765 3128 2964 3197; x_wconf 87' lang='lat' dir='ltr'><strong>lignum</strong></span> <span class='ocrx_word' id='word_1_709' title='bbox 3004 3130 3352 3198; x_wconf 87' lang='lat' dir='ltr'><strong>gestatorium</strong></span> <span class='ocrx_word' id='word_1_710' title='bbox 3385 3149 3484 3202; x_wconf 84' lang='lat' dir='ltr'><strong>po-</strong></span> 
     </span>
    </p>
   </div>
   <div class='ocr_carea' id='block_1_91' title="bbox 1816 3220 3480 3314">
    <p class='ocr_par' dir='ltr' id='par_1_91' title="bbox 1816 3220 3480 3314">
     <span class='ocr_line' id='line_1_91' title="bbox 1816 3220 3480 3314; baseline 0.002 -38"><span class='ocrx_word' id='word_1_711' title='bbox 1816 3251 1862 3314; x_wconf 61' lang='grc' dir='ltr'><em>ς</em></span> <span class='ocrx_word' id='word_1_712' title='bbox 1894 3231 2144 3288; x_wconf 90' lang='lat' dir='ltr'><strong>neretur,</strong></span> <span class='ocrx_word' id='word_1_713' title='bbox 2195 3237 2291 3277; x_wconf 87' lang='lat' dir='ltr'><strong>rex</strong></span> <span class='ocrx_word' id='word_1_714' title='bbox 2347 3220 2736 3276; x_wconf 89' lang='lat' dir='ltr'><strong>Saracenorum</strong></span> <span class='ocrx_word' id='word_1_715' title='bbox 2784 3220 3141 3291; x_wconf 89' lang='lat' dir='ltr'><strong>supradictus,</strong></span> <span class='ocrx_word' id='word_1_716' title='bbox 3183 3222 3480 3292; x_wconf 88' lang='lat' dir='ltr'><strong>Benabetb,</strong></span> 
     </span>
    </p>
   </div>
   <div class='ocr_carea' id='block_1_92' title="bbox 1891 3313 3479 3389">
    <p class='ocr_par' dir='ltr' id='par_1_92' title="bbox 1891 3313 3479 3389">
     <span class='ocr_line' id='line_1_92' title="bbox 1891 3313 3479 3389; baseline 0.003 -19"><span class='ocrx_word' id='word_1_717' title='bbox 1891 3317 2154 3370; x_wconf 89' lang='lat' dir='ltr'><strong>cortinam</strong></span> <span class='ocrx_word' id='word_1_718' title='bbox 2186 3313 2565 3381; x_wconf 89' lang='lat' dir='ltr'><strong>holosericam,</strong></span> <span class='ocrx_word' id='word_1_719' title='bbox 2606 3315 2743 3369; x_wconf 88' lang='lat' dir='ltr'><strong>miro</strong></span> <span class='ocrx_word' id='word_1_720' title='bbox 2767 3329 2932 3384; x_wconf 82' lang='lat' dir='ltr'><strong>opere</strong></span> <span class='ocrx_word' id='word_1_721' title='bbox 2961 3324 3291 3384; x_wconf 88' lang='lat' dir='ltr'><strong>contextam,</strong></span> <span class='ocrx_word' id='word_1_722' title='bbox 3316 3335 3479 3389; x_wconf 91' lang='lat' dir='ltr'><strong>supra</strong></span> 
     </span>
    </p>
   </div>
   <div class='ocr_carea' id='block_1_93' title="bbox 1889 3406 3485 3480">
    <p class='ocr_par' dir='ltr' id='par_1_93' title="bbox 1889 3406 3485 3480">
     <span class='ocr_line' id='line_1_93' title="bbox 1889 3406 3485 3480; baseline 0.003 -17"><span class='ocrx_word' id='word_1_723' title='bbox 1889 3423 2084 3477; x_wconf 92' lang='lat' dir='ltr'><strong>corpus</strong></span> <span class='ocrx_word' id='word_1_724' title='bbox 2132 3406 2248 3475; x_wconf 91' lang='lat' dir='ltr'><strong>ejus</strong></span> <span class='ocrx_word' id='word_1_725' title='bbox 2273 3406 2515 3476; x_wconf 87' lang='lat' dir='ltr'><strong>jactavit,</strong></span> <span class='ocrx_word' id='word_1_726' title='bbox 2564 3417 2620 3461; x_wconf 91' lang='lat' dir='ltr'><strong>et</strong></span> <span class='ocrx_word' id='word_1_727' title='bbox 2665 3421 2858 3475; x_wconf 89' lang='lat' dir='ltr'><strong>magna</strong></span> <span class='ocrx_word' id='word_1_728' title='bbox 2907 3422 2976 3461; x_wconf 87' lang='lat' dir='ltr'><strong>ex</strong></span> <span class='ocrx_word' id='word_1_729' title='bbox 3027 3407 3214 3463; x_wconf 92' lang='lat' dir='ltr'><strong>intimo</strong></span> <span class='ocrx_word' id='word_1_730' title='bbox 3263 3420 3485 3480; x_wconf 89' lang='lat' dir='ltr'><strong>pectore</strong></span> 
     </span>
    </p>
   </div>
   <div class='ocr_carea' id='block_1_94' title="bbox 1890 3497 3480 3572">
    <p class='ocr_par' dir='ltr' id='par_1_94' title="bbox 1890 3497 3480 3572">
     <span class='ocr_line' id='line_1_94' title="bbox 1890 3497 3480 3572; baseline 0.004 -19"><span class='ocrx_word' id='word_1_731' title='bbox 1890 3499 2109 3553; x_wconf 91' lang='lat' dir='ltr'><strong>trahens</strong></span> <span class='ocrx_word' id='word_1_732' title='bbox 2132 3498 2381 3568; x_wconf 90' lang='lat' dir='ltr'><strong>suspiria,</strong></span> <span class='ocrx_word' id='word_1_733' title='bbox 2410 3497 2580 3553; x_wconf 81' lang='lat' dir='ltr'><strong>dixit:</strong></span> <span class='ocrx_word' id='word_1_734' title='bbox 2613 3497 2749 3554; x_wconf 90' lang='lat' dir='ltr'><strong>Ecce</strong></span> <span class='ocrx_word' id='word_1_735' title='bbox 2767 3497 2974 3554; x_wconf 90' lang='lat' dir='ltr'><strong>recedis</strong></span> <span class='ocrx_word' id='word_1_736' title='bbox 3001 3500 3068 3554; x_wconf 90' lang='lat' dir='ltr'><strong>ab</strong></span> <span class='ocrx_word' id='word_1_737' title='bbox 3089 3501 3235 3569; x_wconf 88' lang='lat' dir='ltr'><strong>hinc,</strong></span> <span class='ocrx_word' id='word_1_738' title='bbox 3259 3501 3480 3572; x_wconf 89' lang='lat' dir='ltr'><strong>lsidore,</strong></span> 
     </span>
    </p>
   </div>
   <div class='ocr_carea' id='block_1_95' title="bbox 1887 3588 3485 3663">
    <p class='ocr_par' dir='ltr' id='par_1_95' title="bbox 1887 3588 3485 3663">
     <span class='ocr_line' id='line_1_95' title="bbox 1887 3588 3485 3663; baseline 0.003 -16"><span class='ocrx_word' id='word_1_739' title='bbox 1887 3591 1970 3647; x_wconf 90' lang='lat' dir='ltr'><strong>vir</strong></span> <span class='ocrx_word' id='word_1_740' title='bbox 1995 3588 2338 3658; x_wconf 89' lang='lat' dir='ltr'><strong>venerande;</strong></span> <span class='ocrx_word' id='word_1_741' title='bbox 2389 3590 2504 3660; x_wconf 89' lang='lat' dir='ltr'><strong>ipse</strong></span> <span class='ocrx_word' id='word_1_742' title='bbox 2546 3597 2723 3645; x_wconf 91' lang='lat' dir='ltr'><strong>tamen</strong></span> <span class='ocrx_word' id='word_1_743' title='bbox 2774 3591 2954 3659; x_wconf 91' lang='lat' dir='ltr'><strong>nosti,</strong></span> <span class='ocrx_word' id='word_1_744' title='bbox 3003 3599 3092 3646; x_wconf 91' lang='lat' dir='ltr'><strong>tua</strong></span> <span class='ocrx_word' id='word_1_745' title='bbox 3136 3593 3386 3663; x_wconf 89' lang='lat' dir='ltr'><strong>qualiter,</strong></span> <span class='ocrx_word' id='word_1_746' title='bbox 3429 3604 3485 3652; x_wconf 89' lang='lat' dir='ltr'><strong>et</strong></span> 
     </span>
    </p>
   </div>
   <div class='ocr_carea' id='block_1_96' title="bbox 1889 3684 3481 3759">
    <p class='ocr_par' dir='ltr' id='par_1_96' title="bbox 1889 3684 3481 3759">
     <span class='ocr_line' id='line_1_96' title="bbox 1889 3684 3481 3759; baseline 0.001 -16"><span class='ocrx_word' id='word_1_747' title='bbox 1889 3701 2008 3742; x_wconf 91' lang='lat' dir='ltr'><strong>mea</strong></span> <span class='ocrx_word' id='word_1_748' title='bbox 2035 3703 2122 3742; x_wconf 91' lang='lat' dir='ltr'><strong>res</strong></span> <span class='ocrx_word' id='word_1_749' title='bbox 2149 3694 2234 3741; x_wconf 88' lang='lat' dir='ltr'><strong>est</strong></span> <span class='ocrx_word' id='word_1_750' title='bbox 2261 3703 2275 3740; x_wconf 89' lang='lat'><strong>:</strong></span> <span class='ocrx_word' id='word_1_751' title='bbox 2309 3684 2450 3740; x_wconf 92' lang='lat' dir='ltr'><strong>unde</strong></span> <span class='ocrx_word' id='word_1_752' title='bbox 2491 3685 2598 3740; x_wconf 92' lang='lat' dir='ltr'><strong>mei</strong></span> <span class='ocrx_word' id='word_1_753' title='bbox 2624 3700 2921 3741; x_wconf 88' lang='lat' dir='ltr'><strong>memorem</strong></span> <span class='ocrx_word' id='word_1_754' title='bbox 2951 3694 3002 3740; x_wconf 91' lang='lat' dir='ltr'><strong>te</strong></span> <span class='ocrx_word' id='word_1_755' title='bbox 3041 3701 3258 3758; x_wconf 90' lang='lat' dir='ltr'><strong>semper</strong></span> <span class='ocrx_word' id='word_1_756' title='bbox 3287 3689 3481 3759; x_wconf 90' lang='lat' dir='ltr'><strong>depre-</strong></span> 
     </span>
    </p>
   </div>
   <div class='ocr_carea' id='block_1_97' title="bbox 1887 3777 3483 3848">
    <p class='ocr_par' dir='ltr' id='par_1_97' title="bbox 1887 3777 3483 3848">
     <span class='ocr_line' id='line_1_97' title="bbox 1887 3777 3483 3848; baseline 0 -12"><span class='ocrx_word' id='word_1_757' title='bbox 1887 3797 1982 3836; x_wconf 91' lang='lat' dir='ltr'><strong>cor</strong></span> <span class='ocrx_word' id='word_1_758' title='bbox 2011 3795 2148 3836; x_wconf 90' lang='lat' dir='ltr'><strong>esse.</strong></span> <span class='ocrx_word' id='word_1_759' title='bbox 2191 3778 2319 3836; x_wconf 64' lang='lat' dir='ltr'><strong>Haec</strong></span> <span class='ocrx_word' id='word_1_760' title='bbox 2346 3778 2414 3835; x_wconf 91' lang='lat' dir='ltr'><strong>ab</strong></span> <span class='ocrx_word' id='word_1_761' title='bbox 2456 3777 2560 3834; x_wconf 90' lang='lat' dir='ltr'><strong>illis</strong></span> <span class='ocrx_word' id='word_1_762' title='bbox 2592 3779 2684 3848; x_wconf 91' lang='lat' dir='ltr'><strong>qui</strong></span> <span class='ocrx_word' id='word_1_763' title='bbox 2712 3777 2933 3834; x_wconf 89' lang='lat' dir='ltr'><strong>audiere</strong></span> <span class='ocrx_word' id='word_1_764' title='bbox 2977 3793 3062 3834; x_wconf 91' lang='lat' dir='ltr'><strong>me</strong></span> <span class='ocrx_word' id='word_1_765' title='bbox 3103 3780 3288 3836; x_wconf 86' lang='lat' dir='ltr'><strong>recolo</strong></span> <span class='ocrx_word' id='word_1_766' title='bbox 3329 3781 3483 3836; x_wconf 90' lang='lat' dir='ltr'><strong>audi-</strong></span> 
     </span>
    </p>
   </div>
   <div class='ocr_carea' id='block_1_98' title="bbox 1888 3875 2080 3928">
    <p class='ocr_par' dir='ltr' id='par_1_98' title="bbox 1888 3875 2080 3928">
     <span class='ocr_line' id='line_1_98' title="bbox 1888 3875 2080 3928; baseline -0.005 -1"><span class='ocrx_word' id='word_1_767' title='bbox 1888 3875 2047 3928; x_wconf 88' lang='lat' dir='ltr'><strong>visse.</strong></span> <span class='ocrx_word' id='word_1_768' title='bbox 2063 3894 2080 3926; x_wconf 79' lang='grc' dir='ltr'><strong>ι</strong></span> 
     </span>
    </p>
   </div>
   <div class='ocr_carea' id='block_1_99' title="bbox 1960 3964 3480 4035">
    <p class='ocr_par' dir='ltr' id='par_1_99' title="bbox 1960 3964 3480 4035">
     <span class='ocr_line' id='line_1_99' title="bbox 1960 3964 3480 4035; baseline 0.002 -16"><span class='ocrx_word' id='word_1_769' title='bbox 1960 3966 2131 4020; x_wconf 87' lang='lat' dir='ltr'><strong>Lectio</strong></span> <span class='ocrx_word' id='word_1_770' title='bbox 2160 3982 2251 4020; x_wconf 86' lang='lat' dir='ltr'><strong>vn.</strong></span> <span class='ocrx_word' id='word_1_771' title='bbox 2280 3993 2352 4006; x_wconf 86' lang='lat'><em>--</em></span> <span class='ocrx_word' id='word_1_772' title='bbox 2377 3984 2396 4017; x_wconf 73' lang='grc' dir='ltr'><strong>ι</strong></span> <span class='ocrx_word' id='word_1_773' title='bbox 2425 3964 2628 4031; x_wconf 90' lang='lat' dir='ltr'><strong>Quibus</strong></span> <span class='ocrx_word' id='word_1_774' title='bbox 2650 3965 2723 4018; x_wconf 89' lang='lat' dir='ltr'><strong>ita</strong></span> <span class='ocrx_word' id='word_1_775' title='bbox 2748 3964 3002 4033; x_wconf 90' lang='lat' dir='ltr'><strong>peractis,</strong></span> <span class='ocrx_word' id='word_1_776' title='bbox 3031 3965 3098 4018; x_wconf 90' lang='lat' dir='ltr'><strong>ad</strong></span> <span class='ocrx_word' id='word_1_777' title='bbox 3119 3966 3334 4035; x_wconf 91' lang='lat' dir='ltr'><strong>propria</strong></span> <span class='ocrx_word' id='word_1_778' title='bbox 3357 3982 3480 4023; x_wconf 92' lang='lat' dir='ltr'><strong>cum</strong></span> 
     </span>
    </p>
   </div>
   <div class='ocr_carea' id='block_1_100' title="bbox 1888 4054 3481 4125">
    <p class='ocr_par' dir='ltr' id='par_1_100' title="bbox 1888 4054 3481 4125">
     <span class='ocr_line' id='line_1_100' title="bbox 1888 4054 3481 4125; baseline 0.001 -12"><span class='ocrx_word' id='word_1_779' title='bbox 1888 4073 2094 4114; x_wconf 89' lang='lat' dir='ltr'><strong>summa</strong></span> <span class='ocrx_word' id='word_1_780' title='bbox 2123 4057 2304 4111; x_wconf 69' lang='lat' dir='ltr'><strong>lzetitia</strong></span> <span class='ocrx_word' id='word_1_781' title='bbox 2333 4063 2459 4111; x_wconf 92' lang='lat' dir='ltr'><strong>sunt</strong></span> <span class='ocrx_word' id='word_1_782' title='bbox 2489 4055 2738 4123; x_wconf 89' lang='lat' dir='ltr'><strong>regressi.</strong></span> <span class='ocrx_word' id='word_1_783' title='bbox 2770 4054 2829 4109; x_wconf 93' lang='lat' dir='ltr'><strong>ln</strong></span> <span class='ocrx_word' id='word_1_784' title='bbox 2864 4056 3095 4110; x_wconf 88' lang='lat' dir='ltr'><strong>adventu</strong></span> <span class='ocrx_word' id='word_1_785' title='bbox 3126 4073 3353 4125; x_wconf 91' lang='lat' dir='ltr'><strong>quorum</strong></span> <span class='ocrx_word' id='word_1_786' title='bbox 3383 4075 3481 4115; x_wconf 87' lang='lat' dir='ltr'><strong>rex</strong></span> 
     </span>
    </p>
   </div>
   <div class='ocr_carea' id='block_1_101' title="bbox 1887 4146 3480 4222">
    <p class='ocr_par' dir='ltr' id='par_1_101' title="bbox 1887 4146 3480 4222">
     <span class='ocr_line' id='line_1_101' title="bbox 1887 4146 3480 4222; baseline 0.002 -19"><span class='ocrx_word' id='word_1_787' title='bbox 1887 4149 2304 4218; x_wconf 86' lang='lat' dir='ltr'><strong>gloriosissimus</strong></span> <span class='ocrx_word' id='word_1_788' title='bbox 2336 4146 2706 4203; x_wconf 86' lang='lat' dir='ltr'><strong>Ferdinandus</strong></span> <span class='ocrx_word' id='word_1_789' title='bbox 2753 4161 3004 4216; x_wconf 88' lang='lat' dir='ltr'><strong>magnum</strong></span> <span class='ocrx_word' id='word_1_790' title='bbox 3031 4148 3276 4203; x_wconf 88' lang='lat' dir='ltr'><strong>exhibuit</strong></span> <span class='ocrx_word' id='word_1_791' title='bbox 3318 4166 3480 4222; x_wconf 85' lang='lat' dir='ltr'><strong>appa-</strong></span> 
     </span>
    </p>
   </div>
   <div class='ocr_carea' id='block_1_102' title="bbox 1886 4241 3480 4311">
    <p class='ocr_par' dir='ltr' id='par_1_102' title="bbox 1886 4241 3480 4311">
     <span class='ocr_line' id='line_1_102' title="bbox 1886 4241 3480 4311; baseline 0.003 -15"><span class='ocrx_word' id='word_1_792' title='bbox 1886 4249 2064 4296; x_wconf 89' lang='lat' dir='ltr'><strong>ratum</strong></span> <span class='ocrx_word' id='word_1_793' title='bbox 2090 4260 2102 4295; x_wconf 92' lang='lat'><strong>:</strong></span> <span class='ocrx_word' id='word_1_794' title='bbox 2146 4249 2218 4307; x_wconf 89' lang='lat' dir='ltr'><strong>et,</strong></span> <span class='ocrx_word' id='word_1_795' title='bbox 2253 4241 2379 4297; x_wconf 88' lang='lat' dir='ltr'><strong>licet</strong></span> <span class='ocrx_word' id='word_1_796' title='bbox 2407 4241 2821 4296; x_wconf 89' lang='lat' dir='ltr'><strong>contristaretur</strong></span> <span class='ocrx_word' id='word_1_797' title='bbox 2853 4241 2920 4296; x_wconf 89' lang='lat' dir='ltr'><strong>de</strong></span> <span class='ocrx_word' id='word_1_798' title='bbox 2950 4241 3097 4295; x_wconf 91' lang='lat' dir='ltr'><strong>obitu</strong></span> <span class='ocrx_word' id='word_1_799' title='bbox 3130 4242 3480 4311; x_wconf 85' lang='lat' dir='ltr'><strong>Legionensis</strong></span> 
     </span>
    </p>
   </div>
   <div class='ocr_carea' id='block_1_103' title="bbox 1886 4333 3482 4404">
    <p class='ocr_par' dir='ltr' id='par_1_103' title="bbox 1886 4333 3482 4404">
     <span class='ocr_line' id='line_1_103' title="bbox 1886 4333 3482 4404; baseline 0.003 -16"><span class='ocrx_word' id='word_1_800' title='bbox 1886 4335 2127 4404; x_wconf 62' lang='lat' dir='ltr'><strong>praesulis</strong></span> <span class='ocrx_word' id='word_1_801' title='bbox 2163 4333 2346 4398; x_wconf 81' lang='lat' dir='ltr'><strong>Alviti,</strong></span> <span class='ocrx_word' id='word_1_802' title='bbox 2375 4348 2536 4403; x_wconf 91' lang='lat' dir='ltr'><strong>quem</strong></span> <span class='ocrx_word' id='word_1_803' title='bbox 2569 4334 2702 4387; x_wconf 92' lang='lat' dir='ltr'><strong>mira</strong></span> <span class='ocrx_word' id='word_1_804' title='bbox 2743 4349 2956 4403; x_wconf 89' lang='lat' dir='ltr'><strong>semper</strong></span> <span class='ocrx_word' id='word_1_805' title='bbox 2992 4342 3281 4390; x_wconf 82' lang='lat' dir='ltr'><strong>veneratus</strong></span> <span class='ocrx_word' id='word_1_806' title='bbox 3309 4336 3482 4392; x_wconf 90' lang='lat' dir='ltr'><strong>fuerat</strong></span> 
     </span>
    </p>
   </div>
   <div class='ocr_carea' id='block_1_104' title="bbox 1886 4424 3478 4493">
    <p class='ocr_par' dir='ltr' id='par_1_104' title="bbox 1886 4424 3478 4493">
     <span class='ocr_line' id='line_1_104' title="bbox 1886 4424 3478 4493; baseline 0.002 -13"><span class='ocrx_word' id='word_1_807' title='bbox 1886 4424 2192 4490; x_wconf 89' lang='lat' dir='ltr'><strong>dilectione,</strong></span> <span class='ocrx_word' id='word_1_808' title='bbox 2229 4433 2408 4479; x_wconf 92' lang='lat' dir='ltr'><strong>tamen</strong></span> <span class='ocrx_word' id='word_1_809' title='bbox 2451 4425 2696 4480; x_wconf 91' lang='lat' dir='ltr'><strong>occursui</strong></span> <span class='ocrx_word' id='word_1_810' title='bbox 2743 4425 3113 4493; x_wconf 81' lang='lat' dir='ltr'><strong>gloriOsissimi</strong></span> <span class='ocrx_word' id='word_1_811' title='bbox 3153 4426 3478 4484; x_wconf 84' lang='lat' dir='ltr'><strong>confessoris</strong></span> 
     </span>
    </p>
   </div>
   <div class='ocr_carea' id='block_1_105' title="bbox 1885 4514 3480 4586">
    <p class='ocr_par' dir='ltr' id='par_1_105' title="bbox 1885 4514 3480 4586">
     <span class='ocr_line' id='line_1_105' title="bbox 1885 4514 3480 4586; baseline 0.003 -17"><span class='ocrx_word' id='word_1_812' title='bbox 1885 4514 2072 4570; x_wconf 90' lang='lat' dir='ltr'><strong>lsidori</strong></span> <span class='ocrx_word' id='word_1_813' title='bbox 2103 4517 2439 4572; x_wconf 90' lang='lat' dir='ltr'><strong>ambitiosam</strong></span> <span class='ocrx_word' id='word_1_814' title='bbox 2466 4516 2697 4586; x_wconf 82' lang='lat' dir='ltr'><strong>praebuit</strong></span> <span class='ocrx_word' id='word_1_815' title='bbox 2724 4530 3004 4585; x_wconf 89' lang='lat' dir='ltr'><strong>pompam;</strong></span> <span class='ocrx_word' id='word_1_816' title='bbox 3037 4531 3338 4585; x_wconf 84' lang='lat' dir='ltr'><strong>corpusque</strong></span> <span class='ocrx_word' id='word_1_817' title='bbox 3361 4518 3480 4584; x_wconf 85' lang='lat' dir='ltr'><strong>ejus</strong></span> 
     </span>
    </p>
   </div>
   <div class='ocr_carea' id='block_1_106' title="bbox 1891 4606 3476 4676">
    <p class='ocr_par' dir='ltr' id='par_1_106' title="bbox 1891 4606 3476 4676">
     <span class='ocr_line' id='line_1_106' title="bbox 1891 4606 3476 4676; baseline 0.002 -14"><span class='ocrx_word' id='word_1_818' title='bbox 1891 4607 2106 4663; x_wconf 89' lang='lat' dir='ltr'><strong>beatum</strong></span> <span class='ocrx_word' id='word_1_819' title='bbox 2131 4609 2181 4662; x_wconf 92' lang='lat' dir='ltr'><strong>in</strong></span> <span class='ocrx_word' id='word_1_820' title='bbox 2211 4608 2487 4663; x_wconf 90' lang='lat' dir='ltr'><strong>basilicam</strong></span> <span class='ocrx_word' id='word_1_821' title='bbox 2511 4608 2570 4660; x_wconf 92' lang='lat' dir='ltr'><strong>B.</strong></span> <span class='ocrx_word' id='word_1_822' title='bbox 2595 4606 2815 4662; x_wconf 87' lang='lat' dir='ltr'><strong>Joannis</strong></span> <span class='ocrx_word' id='word_1_823' title='bbox 2845 4607 3114 4676; x_wconf 61' lang='lat' dir='ltr'><strong>Baptistae,</strong></span> <span class='ocrx_word' id='word_1_824' title='bbox 3145 4623 3304 4676; x_wconf 91' lang='lat' dir='ltr'><strong>quam</strong></span> <span class='ocrx_word' id='word_1_825' title='bbox 3336 4609 3476 4664; x_wconf 93' lang='lat' dir='ltr'><strong>idem</strong></span> 
     </span>
    </p>
   </div>
   <div class='ocr_carea' id='block_1_107' title="bbox 1892 4700 3479 4772">
    <p class='ocr_par' dir='ltr' id='par_1_107' title="bbox 1892 4700 3479 4772">
     <span class='ocr_line' id='line_1_107' title="bbox 1892 4700 3479 4772; baseline 0.002 -18"><span class='ocrx_word' id='word_1_826' title='bbox 1892 4716 1987 4756; x_wconf 88' lang='lat' dir='ltr'><strong>rex</strong></span> <span class='ocrx_word' id='word_1_827' title='bbox 2035 4702 2244 4755; x_wconf 85' lang='lat' dir='ltr'><strong>noviter</strong></span> <span class='ocrx_word' id='word_1_828' title='bbox 2283 4701 2674 4765; x_wconf 88' lang='lat' dir='ltr'><strong>fabricaverat,</strong></span> <span class='ocrx_word' id='word_1_829' title='bbox 2727 4700 3020 4770; x_wconf 89' lang='lat' dir='ltr'><strong>deposuit:</strong></span> <span class='ocrx_word' id='word_1_830' title='bbox 3072 4701 3479 4772; x_wconf 85' lang='lat' dir='ltr'><strong>aggregatisque</strong></span> 
     </span>
    </p>
   </div>
   <div class='ocr_carea' id='block_1_108' title="bbox 1893 4791 3477 4864">
    <p class='ocr_par' dir='ltr' id='par_1_108' title="bbox 1893 4791 3477 4864">
     <span class='ocr_line' id='line_1_108' title="bbox 1893 4791 3477 4864; baseline 0.003 -18"><span class='ocrx_word' id='word_1_831' title='bbox 1893 4791 2156 4846; x_wconf 88' lang='lat' dir='ltr'><strong>universis</strong></span> <span class='ocrx_word' id='word_1_832' title='bbox 2203 4793 2353 4860; x_wconf 90' lang='lat' dir='ltr'><strong>regni</strong></span> <span class='ocrx_word' id='word_1_833' title='bbox 2399 4792 2481 4846; x_wconf 92' lang='lat' dir='ltr'><strong>sui</strong></span> <span class='ocrx_word' id='word_1_834' title='bbox 2524 4791 2792 4846; x_wconf 85' lang='lat' dir='ltr'><strong>nobilibus</strong></span> <span class='ocrx_word' id='word_1_835' title='bbox 2820 4791 2949 4846; x_wconf 91' lang='lat' dir='ltr'><strong>viris</strong></span> <span class='ocrx_word' id='word_1_836' title='bbox 2997 4798 3159 4862; x_wconf 90' lang='lat' dir='ltr'><strong>atque</strong></span> <span class='ocrx_word' id='word_1_837' title='bbox 3188 4795 3477 4864; x_wconf 90' lang='lat' dir='ltr'><strong>episcopis,</strong></span> 
     </span>
    </p>
   </div>
   <div class='ocr_carea' id='block_1_109' title="bbox 1895 4881 3483 4952">
    <p class='ocr_par' dir='ltr' id='par_1_109' title="bbox 1895 4881 3483 4952">
     <span class='ocr_line' id='line_1_109' title="bbox 1895 4881 3483 4952; baseline 0.001 -12"><span class='ocrx_word' id='word_1_838' title='bbox 1895 4900 2014 4940; x_wconf 91' lang='lat' dir='ltr'><strong>eam</strong></span> <span class='ocrx_word' id='word_1_839' title='bbox 2053 4885 2104 4939; x_wconf 91' lang='lat' dir='ltr'><strong>in</strong></span> <span class='ocrx_word' id='word_1_840' title='bbox 2154 4885 2361 4940; x_wconf 89' lang='lat' dir='ltr'><strong>honore</strong></span> <span class='ocrx_word' id='word_1_841' title='bbox 2389 4882 2710 4940; x_wconf 89' lang='lat' dir='ltr'><strong>confessoris</strong></span> <span class='ocrx_word' id='word_1_842' title='bbox 2749 4884 3054 4939; x_wconf 85' lang='lat' dir='ltr'><strong>consecrari</strong></span> <span class='ocrx_word' id='word_1_843' title='bbox 3105 4881 3267 4952; x_wconf 90' lang='lat' dir='ltr'><strong>fecit;</strong></span> <span class='ocrx_word' id='word_1_844' title='bbox 3318 4887 3483 4942; x_wconf 90' lang='lat' dir='ltr'><strong>hodie</strong></span> 
     </span>
    </p>
   </div>
   <div class='ocr_carea' id='block_1_110' title="bbox 1895 4973 3483 5046">
    <p class='ocr_par' dir='ltr' id='par_1_110' title="bbox 1895 4973 3483 5046">
     <span class='ocr_line' id='line_1_110' title="bbox 1895 4973 3483 5046; baseline 0.001 -16"><span class='ocrx_word' id='word_1_845' title='bbox 1895 4992 1999 5046; x_wconf 89' lang='lat' dir='ltr'><strong>que</strong></span> <span class='ocrx_word' id='word_1_846' title='bbox 2028 4993 2062 5030; x_wconf 89' lang='lat' dir='ltr'><strong>x</strong></span> <span class='ocrx_word' id='word_1_847' title='bbox 2095 4975 2453 5030; x_wconf 87' lang='lat' dir='ltr'><strong>Kalendarum</strong></span> <span class='ocrx_word' id='word_1_848' title='bbox 2478 4973 2710 5044; x_wconf 87' lang='lat' dir='ltr'><strong>januarii</strong></span> <span class='ocrx_word' id='word_1_849' title='bbox 2751 4974 2866 5030; x_wconf 89' lang='lat' dir='ltr'><strong>dies</strong></span> <span class='ocrx_word' id='word_1_850' title='bbox 2911 4974 3264 5030; x_wconf 89' lang='lat' dir='ltr'><strong>dedicationis</strong></span> <span class='ocrx_word' id='word_1_851' title='bbox 3305 4977 3483 5033; x_wconf 85' lang='lat' dir='ltr'><strong>eccle-</strong></span> 
     </span>
    </p>
   </div>
   <div class='ocr_carea' id='block_1_111' title="bbox 1896 5064 3476 5134">
    <p class='ocr_par' dir='ltr' id='par_1_111' title="bbox 1896 5064 3476 5134">
     <span class='ocr_line' id='line_1_111' title="bbox 1896 5064 3476 5134; baseline 0.001 -12"><span class='ocrx_word' id='word_1_852' title='bbox 1896 5069 2008 5134; x_wconf 65' lang='grc' dir='ltr'>βίαι,</span> <span class='ocrx_word' id='word_1_853' title='bbox 2038 5077 2091 5121; x_wconf 89' lang='lat' dir='ltr'><strong>et</strong></span> <span class='ocrx_word' id='word_1_854' title='bbox 2120 5065 2481 5120; x_wconf 88' lang='lat' dir='ltr'><strong>translationis</strong></span> <span class='ocrx_word' id='word_1_855' title='bbox 2507 5066 2650 5121; x_wconf 91' lang='lat' dir='ltr'><strong>beati</strong></span> <span class='ocrx_word' id='word_1_856' title='bbox 2681 5065 2936 5120; x_wconf 89' lang='lat' dir='ltr'><strong>antistitis</strong></span> <span class='ocrx_word' id='word_1_857' title='bbox 2968 5064 3158 5120; x_wconf 87' lang='lat' dir='ltr'><strong>festive</strong></span> <span class='ocrx_word' id='word_1_858' title='bbox 3198 5070 3476 5123; x_wconf 91' lang='lat' dir='ltr'><strong>annuatim</strong></span> 
     </span>
    </p>
   </div>
   <div class='ocr_carea' id='block_1_112' title="bbox 1893 5162 3479 5221">
    <p class='ocr_par' dir='ltr' id='par_1_112' title="bbox 1893 5162 3479 5221">
     <span class='ocr_line' id='line_1_112' title="bbox 1893 5162 3479 5221; baseline 0.002 -3"><span class='ocrx_word' id='word_1_859' title='bbox 1893 5164 2219 5218; x_wconf 89' lang='lat' dir='ltr'><strong>celebratur.</strong></span> <span class='ocrx_word' id='word_1_860' title='bbox 2247 5162 2416 5217; x_wconf 84' lang='lat' dir='ltr'><strong>Tanta</strong></span> <span class='ocrx_word' id='word_1_861' title='bbox 2455 5172 2630 5218; x_wconf 91' lang='lat' dir='ltr'><strong>autem</strong></span> <span class='ocrx_word' id='word_1_862' title='bbox 2655 5162 2942 5217; x_wconf 91' lang='lat' dir='ltr'><strong>devotione</strong></span> <span class='ocrx_word' id='word_1_863' title='bbox 2977 5163 3031 5217; x_wconf 90' lang='lat' dir='ltr'><strong>in</strong></span> <span class='ocrx_word' id='word_1_864' title='bbox 3071 5162 3359 5221; x_wconf 90' lang='lat' dir='ltr'><strong>festivitate</strong></span> <span class='ocrx_word' id='word_1_865' title='bbox 3391 5167 3479 5221; x_wconf 90' lang='lat' dir='ltr'><strong>illa</strong></span> 
     </span>
    </p>
   </div>
   <div class='ocr_carea' id='block_1_113' title="bbox 1893 5253 3478 5312">
    <p class='ocr_par' dir='ltr' id='par_1_113' title="bbox 1893 5253 3478 5312">
     <span class='ocr_line' id='line_1_113' title="bbox 1893 5253 3478 5312; baseline 0.001 -4"><span class='ocrx_word' id='word_1_866' title='bbox 1893 5269 1988 5309; x_wconf 85' lang='lat' dir='ltr'><strong>rex</strong></span> <span class='ocrx_word' id='word_1_867' title='bbox 2016 5253 2345 5308; x_wconf 87' lang='lat' dir='ltr'><strong>clarissimus</strong></span> <span class='ocrx_word' id='word_1_868' title='bbox 2385 5269 2505 5308; x_wconf 92' lang='lat' dir='ltr'><strong>cum</strong></span> <span class='ocrx_word' id='word_1_869' title='bbox 2540 5253 2687 5307; x_wconf 92' lang='lat' dir='ltr'><strong>omni</strong></span> <span class='ocrx_word' id='word_1_870' title='bbox 2716 5253 2876 5309; x_wconf 92' lang='lat' dir='ltr'><strong>domo</strong></span> <span class='ocrx_word' id='word_1_871' title='bbox 2904 5270 2997 5308; x_wconf 93' lang='lat' dir='ltr'><strong>sua</strong></span> <span class='ocrx_word' id='word_1_872' title='bbox 3026 5255 3096 5308; x_wconf 90' lang='lat' dir='ltr'><strong>ob</strong></span> <span class='ocrx_word' id='word_1_873' title='bbox 3123 5258 3478 5312; x_wconf 90' lang='lat' dir='ltr'><strong>reverentiam</strong></span> 
     </span>
    </p>
   </div>
   <div class='ocr_carea' id='block_1_114' title="bbox 1895 5344 3473 5419">
    <p class='ocr_par' dir='ltr' id='par_1_114' title="bbox 1895 5344 3473 5419">
     <span class='ocr_line' id='line_1_114' title="bbox 1895 5344 3473 5419; baseline 0.003 -19"><span class='ocrx_word' id='word_1_874' title='bbox 1895 5345 2039 5400; x_wconf 90' lang='lat' dir='ltr'><strong>beati</strong></span> <span class='ocrx_word' id='word_1_875' title='bbox 2061 5344 2384 5400; x_wconf 89' lang='lat' dir='ltr'><strong>confessoris</strong></span> <span class='ocrx_word' id='word_1_876' title='bbox 2405 5345 2691 5400; x_wconf 88' lang='lat' dir='ltr'><strong>humilitati</strong></span> <span class='ocrx_word' id='word_1_877' title='bbox 2715 5346 2926 5401; x_wconf 90' lang='lat' dir='ltr'><strong>deditus</strong></span> <span class='ocrx_word' id='word_1_878' title='bbox 2958 5348 3118 5403; x_wconf 90' lang='lat' dir='ltr'><strong>fuisse</strong></span> <span class='ocrx_word' id='word_1_879' title='bbox 3143 5351 3473 5419; x_wconf 88' lang='lat' dir='ltr'><strong>perhibetur,</strong></span> 
     </span>
    </p>
   </div>
   <div class='ocr_carea' id='block_1_115' title="bbox 1897 5435 3476 5510">
    <p class='ocr_par' dir='ltr' id='par_1_115' title="bbox 1897 5435 3476 5510">
     <span class='ocr_line' id='line_1_115' title="bbox 1897 5435 3476 5510; baseline 0.004 -21"><span class='ocrx_word' id='word_1_880' title='bbox 1897 5443 1975 5504; x_wconf 89' lang='lat' dir='ltr'><strong>ut,</strong></span> <span class='ocrx_word' id='word_1_881' title='bbox 2007 5451 2129 5490; x_wconf 90' lang='lat' dir='ltr'><strong>cum</strong></span> <span class='ocrx_word' id='word_1_882' title='bbox 2156 5444 2374 5490; x_wconf 90' lang='lat' dir='ltr'><strong>ventum</strong></span> <span class='ocrx_word' id='word_1_883' title='bbox 2406 5435 2596 5492; x_wconf 85' lang='lat' dir='ltr'><strong>fuisset</strong></span> <span class='ocrx_word' id='word_1_884' title='bbox 2622 5437 2689 5491; x_wconf 88' lang='lat' dir='ltr'><strong>ad</strong></span> <span class='ocrx_word' id='word_1_885' title='bbox 2710 5437 3037 5506; x_wconf 90' lang='lat' dir='ltr'><strong>convivium,</strong></span> <span class='ocrx_word' id='word_1_886' title='bbox 3068 5439 3329 5510; x_wconf 84' lang='lat' dir='ltr'><strong>religiosis</strong></span> <span class='ocrx_word' id='word_1_887' title='bbox 3354 5443 3476 5510; x_wconf 87' lang='lat' dir='ltr'><strong>qui-</strong></span> 
     </span>
    </p>
   </div>
   <div class='ocr_carea' id='block_1_116' title="bbox 1897 5526 3477 5600">
    <p class='ocr_par' dir='ltr' id='par_1_116' title="bbox 1897 5526 3477 5600">
     <span class='ocr_line' id='line_1_116' title="bbox 1897 5526 3477 5600; baseline 0.004 -19"><span class='ocrx_word' id='word_1_888' title='bbox 1897 5526 2102 5596; x_wconf 91' lang='lat' dir='ltr'><strong>busque</strong></span> <span class='ocrx_word' id='word_1_889' title='bbox 2131 5527 2264 5581; x_wconf 87' lang='lat' dir='ltr'><strong>viris</strong></span> <span class='ocrx_word' id='word_1_890' title='bbox 2285 5527 2545 5582; x_wconf 87' lang='lat' dir='ltr'><strong>delicatos</strong></span> <span class='ocrx_word' id='word_1_891' title='bbox 2565 5528 2732 5592; x_wconf 89' lang='lat' dir='ltr'><strong>cibos,</strong></span> <span class='ocrx_word' id='word_1_892' title='bbox 2782 5527 3032 5598; x_wconf 90' lang='lat' dir='ltr'><strong>deposito</strong></span> <span class='ocrx_word' id='word_1_893' title='bbox 3058 5532 3208 5598; x_wconf 89' lang='lat' dir='ltr'><strong>regni</strong></span> <span class='ocrx_word' id='word_1_894' title='bbox 3232 5535 3477 5600; x_wconf 87' lang='lat' dir='ltr'><strong>superci-</strong></span> 
     </span>
    </p>
   </div>
   <div class='ocr_carea' id='block_1_117' title="bbox 1897 5616 3479 5692">
    <p class='ocr_par' dir='ltr' id='par_1_117' title="bbox 1897 5616 3479 5692">
     <span class='ocr_line' id='line_1_117' title="bbox 1897 5616 3479 5692; baseline 0.006 -20"><span class='ocrx_word' id='word_1_895' title='bbox 1897 5617 1986 5683; x_wconf 93' lang='lat' dir='ltr'><strong>lio,</strong></span> <span class='ocrx_word' id='word_1_896' title='bbox 2019 5617 2126 5688; x_wconf 64' lang='lat' dir='ltr'><em>M</em></span> <span class='ocrx_word' id='word_1_897' title='bbox 2153 5627 2439 5674; x_wconf 92' lang='lat' dir='ltr'><strong>contentus</strong></span> <span class='ocrx_word' id='word_1_898' title='bbox 2467 5619 2586 5674; x_wconf 90' lang='lat' dir='ltr'><strong>vice</strong></span> <span class='ocrx_word' id='word_1_899' title='bbox 2615 5616 2938 5674; x_wconf 84' lang='lat' dir='ltr'><strong>famulorum</strong></span> <span class='ocrx_word' id='word_1_900' title='bbox 2963 5621 3207 5674; x_wconf 89' lang='lat' dir='ltr'><strong>manibus</strong></span> <span class='ocrx_word' id='word_1_901' title='bbox 3244 5624 3479 5692; x_wconf 87' lang='lat' dir='ltr'><strong>propriis</strong></span> 
     </span>
    </p>
   </div>
   <div class='ocr_carea' id='block_1_118' title="bbox 1895 5709 3481 5781">
    <p class='ocr_par' dir='ltr' id='par_1_118' title="bbox 1895 5709 3481 5781">
     <span class='ocr_line' id='line_1_118' title="bbox 1895 5709 3481 5781; baseline 0.006 -17"><span class='ocrx_word' id='word_1_902' title='bbox 1895 5719 2210 5780; x_wconf 92' lang='lat' dir='ltr'><strong>apponeret.</strong></span> <span class='ocrx_word' id='word_1_903' title='bbox 2247 5711 2449 5780; x_wconf 88' lang='lat' dir='ltr'><strong>Regina</strong></span> <span class='ocrx_word' id='word_1_904' title='bbox 2479 5726 2695 5781; x_wconf 90' lang='lat' dir='ltr'><strong>quoque</strong></span> <span class='ocrx_word' id='word_1_905' title='bbox 2721 5727 2843 5766; x_wconf 91' lang='lat' dir='ltr'><strong>cum</strong></span> <span class='ocrx_word' id='word_1_906' title='bbox 2889 5711 3010 5765; x_wconf 81' lang='lat' dir='ltr'><strong>filiis</strong></span> <span class='ocrx_word' id='word_1_907' title='bbox 3049 5719 3105 5764; x_wconf 89' lang='lat' dir='ltr'><strong>et</strong></span> <span class='ocrx_word' id='word_1_908' title='bbox 3130 5709 3338 5769; x_wconf 85' lang='lat' dir='ltr'><strong>filiabus</strong></span> <span class='ocrx_word' id='word_1_909' title='bbox 3365 5718 3481 5774; x_wconf 84' lang='lat' dir='ltr'><strong>suis</strong></span> 
     </span>
    </p>
   </div>
   <div class='ocr_carea' id='block_1_119' title="bbox 1893 5803 3482 5870">
    <p class='ocr_par' dir='ltr' id='par_1_119' title="bbox 1893 5803 3482 5870">
     <span class='ocr_line' id='line_1_119' title="bbox 1893 5803 3482 5870; baseline 0.004 -13"><span class='ocrx_word' id='word_1_910' title='bbox 1893 5803 2111 5870; x_wconf 75' lang='lat' dir='ltr'><strong>reliquae</strong></span> <span class='ocrx_word' id='word_1_911' title='bbox 2160 5803 2484 5857; x_wconf 91' lang='lat' dir='ltr'><strong>multitudini</strong></span> <span class='ocrx_word' id='word_1_912' title='bbox 2533 5818 2682 5857; x_wconf 90' lang='lat' dir='ltr'><strong>more</strong></span> <span class='ocrx_word' id='word_1_913' title='bbox 2729 5803 3065 5859; x_wconf 87' lang='lat' dir='ltr'><strong>servulorum</strong></span> <span class='ocrx_word' id='word_1_914' title='bbox 3112 5817 3275 5862; x_wconf 88' lang='lat' dir='ltr'><strong>omne</strong></span> <span class='ocrx_word' id='word_1_915' title='bbox 3321 5807 3482 5868; x_wconf 85' lang='lat' dir='ltr'><strong>obse-</strong></span> 
     </span>
    </p>
   </div>
   <div class='ocr_carea' id='block_1_120' title="bbox 1891 5896 2798 5967">
    <p class='ocr_par' dir='ltr' id='par_1_120' title="bbox 1891 5896 2798 5967">
     <span class='ocr_line' id='line_1_120' title="bbox 1891 5896 2798 5967; baseline 0.002 -18"><span class='ocrx_word' id='word_1_916' title='bbox 1891 5896 2079 5966; x_wconf 86' lang='lat' dir='ltr'><strong>quium</strong></span> <span class='ocrx_word' id='word_1_917' title='bbox 2109 5897 2380 5954; x_wconf 86' lang='lat' dir='ltr'><strong>bumiliter</strong></span> <span class='ocrx_word' id='word_1_918' title='bbox 2406 5896 2752 5967; x_wconf 88' lang='lat' dir='ltr'><strong>dependeret.</strong></span> <span class='ocrx_word' id='word_1_919' title='bbox 2780 5919 2798 5951; x_wconf 76' lang='grc' dir='ltr'><strong>ι</strong></span> 
     </span>
    </p>
   </div>
   <div class='ocr_carea' id='block_1_121' title="bbox 2827 6011 2866 6070">
    <p class='ocr_par' dir='ltr' id='par_1_121' title="bbox 2827 6011 2866 6070">
     <span class='ocr_line' id='line_1_121' title="bbox 2827 6011 2866 6070; baseline 0 0"><span class='ocrx_word' id='word_1_920' title='bbox 2827 6011 2866 6070; x_wconf 82' lang='grc'>2</span> 
     </span>
    </p>
   </div>
  </div>
