4048 6364
513 636 543 730 ξ,

591 291 658 348 45

1335 297 1427 353 ΑΒ
1463 295 1693 353 OPERA
1734 298 1789 355 S.
1835 295 2080 355 ISIDORI
2129 294 2574 357 HISPALENSIS
2615 297 3149 359 PROLEGOMENA.

3816 311 3894 365 ιι

658 413 834 471 Lectio
855 429 967 471 vm.
990 444 1063 457 —-
1087 433 1106 468 ς
1134 407 1192 470 In
1222 429 1290 470 eo
1319 425 1497 471 autem
1525 415 1666 486 loco,
1695 432 1804 489 quo
1831 416 2002 473 sancti
2043 433 2171 473 cor-
2198 415 2253 477 Δ
2347 413 2398 470 ὀ.
2447 433 2466 468 t
2498 418 2648 471 Anno
2675 418 2852 488 igitur.
2913 416 3139 472 Videtur
3191 411 3424 472 adfuisse
3475 418 3753 487 prologtn
3790 420 3898 474 aii-

588 507 734 576 poris
759 505 951 577 rrliqni
971 527 999 560 ιε
1020 524 1049 561 a
1083 505 1226 564 fideli
1249 509 1404 580 plebe
1429 520 1772 576 venerantur,
1801 519 1944 564 tanta
1969 519 2024 565 et
2047 511 2174 567 talia

587 599 842 654 miracula
875 599 1132 656 Dominus
1161 610 1346 656 noster
1373 600 1526 657 Jesus
1551 603 1787 658 Christus
1801 603 1878 664 ad
1907 602 2174 658 honorem

584 701 638 746 et
663 693 887 762 gloriam
918 695 1000 748 sui
1025 696 1256 751 nominis
1284 704 1369 752 est
1396 696 1639 764 dignatus
1667 697 1984 764 ostendere,
2016 699 2176 753 caecis

583 784 785 839 lumina
836 787 1212 854 restituendo,
1279 789 1452 843 surdis
1498 789 1733 842 auditum
1783 788 2171 855 reformando,

585 879 888 933 immttndOs
931 881 1153 950 spiritus
1184 897 1248 936 es
1283 881 1512 938 obsessis
1542 881 1862 951 corporibus
1890 881 2174 935 eiiminan-

585 968 676 1038 do,
705 971 910 1026 claudis
930 985 1169 1039 gressum
1193 971 1628 1040 redintegrando,
1656 981 1736 1038 ut,
1775 973 1818 1025 si
1853 973 2045 1042 aliquis
2075 987 2172 1043 pe-

585 1059 718 1116 titus
747 1062 939 1116 litteris
968 1077 1031 1118 ea
1060 1063 1309 1127 traderet,
1343 1080 1448 1117 non
1477 1065 1696 1117 minima
1722 1063 1981 1118 librorum
2012 1064 2173 1118 volu-

585 1154 728 1206 mina
753 1153 1079 1223 conficeret;
1109 1156 1202 1211 sed
1226 1155 1420 1225 partim
1452 1155 1742 1226 imperitia,
1779 1158 1968 1228 partim
2007 1158 2175 1226 negli-

583 1247 761 1314 gentia
788 1247 1000 1302 silentio
1027 1257 1152 1302 sunt
1181 1248 1418 1303 obtecta.
1471 1247 1626 1314 Quod
1675 1249 1718 1302 si
1774 1248 1993 1304 indubia
2042 1249 2172 1305 fides

575 1346 849 1406 petentum
877 1340 1074 1410 exigat,
1115 1355 1223 1394 non
1254 1339 1532 1393 dissimilia
1561 1336 1821 1393 Dominus
1861 1348 2046 1394 noster
2076 1338 2170 1394 Je-

575 1443 667 1483 sus
718 1429 957 1485 Christus
1014 1447 1110 1503 per
1161 1429 1530 1485 confessorem
1579 1447 1736 1485 suum
1784 1447 1956 1500 usque
2011 1432 2172 1487 hodie

569 1520 815 1588 dignatur
842 1525 1080 1593 operari.
1112 1521 1371 1594 Reliquim
1401 1539 1528 1579 vero
1557 1524 1697 1578 beati
1737 1525 2062 1579 confessoris
2088 1525 2155 1580 ab

571 1610 872 1684 llispalensi
899 1617 1034 1671 urbe
1064 1616 1353 1682 translatre,
1382 1625 1543 1686 atque
1566 1614 1856 1685 Legionem
1880 1627 2003 1672 sunt
2031 1618 2173 1673 dela-

569 1717 635 1763 tae
657 1725 800 1764 anno
827 1709 892 1764 ah
924 1711 1294 1765 incarnatione
1327 1711 1536 1765 Domini
1585 1712 1753 1766 nostri
1804 1711 1929 1766 Jesu
1971 1711 2171 1767 Christi

565 1816 604 1854 ι.
631 1817 722 1856 1.x.
748 1799 828 1856 ul.
863 1797 1067 1870 (l065),
1098 1801 1446 1865 lndictionet,
1480 1811 1835 1858 concurrente
1867 1801 1980 1858 nl.»

638 1891 816 1948 Lectio
842 1908 918 1949 lx.
949 1925 1021 1936 —
1047 1913 1067 1946 t
1095 1891 1176 1948 Ad
1225 1895 1437 1951 laudem
1480 1911 1696 1966 quoque
1729 1896 1994 1969 pontificis
2038 1897 2166 1954 almi

567 1984 781 2041 videtur
804 1987 1072 2056 pertinere
1099 1985 1250 2054 illud,
1283 1987 1445 2057 quod,
1469 2005 1590 2044 cum
1617 1986 1948 2060 lltspalensis
1972 1989 2164 2046 civitas

568 2088 790 2148 prapter
817 2080 1051 2150 aequoris
1077 2080 1307 2135 calidum
1331 2097 1588 2152 vaporem
1618 2098 1890 2151 nunquam
1913 2085 1982 2139 sit
2007 2083 2166 2139 solita

571 2173 848 2229 uredinem
878 2175 1067 2241 gluciei
1099 2176 1330 2246 perpeti,
1355 2191 1422 2230 eo
1447 2187 1626 2234 tamen
1649 2192 1812 2246 anno,
1837 2195 1946 2248 quo
1970 2181 2164 2237 exinde

565 2264 722 2320 beata
751 2267 993 2322 membra
1022 2277 1149 2321 sunt
1178 2268 1471 2336 abstracta,
1501 2269 1638 2324 adeo
1663 2281 1852 2326 urente
1881 2274 2050 2342 glacie
2079 2282 2164 2329 est

565 2366 773 2425 exusta,
805 2359 950 2428 quod
979 2374 1156 2430 neque
1185 2361 1237 2415 in
1267 2361 1488 2429 vinetis,
1519 2377 1692 2431 neque
1722 2363 1774 2418 in
1804 2365 2040 2431 olivetis,
2064 2383 2161 2422 seu

563 2449 736 2506 ﬁcetis
784 2451 984 2520 aliquid
1032 2450 1242 2508 fructus
1289 2455 1630 2509 remanserit.
1691 2453 1843 2511 Dicat
1889 2457 2158 2526 quisque,

561 2552 726 2615 prout
768 2544 953 2599 sentit.
1000 2541 1116 2616 Ego
1146 2551 1330 2600 autem
1377 2559 1562 2602 assero
1589 2587 1604 2613 ,
1650 2547 1764 2618 ipsa
1805 2566 2021 2622 qunque
2049 2552 2161 2606 ele-

564 2643 745 2690 menta
764 2635 1061 2692 discessum
1089 2638 1264 2693 sancti
1293 2639 1542 2709 corporis
1569 2641 1839 2710 sensisse;
1870 2643 2158 2700 sentiendo

563 2725 832 2797 doluisse;
864 2728 1176 2800 incolasque
1208 2730 1375 2800 urbis,
1425 2739 1575 2787 tanto
1601 2742 1829 2803 patrono
1850 2735 2156 2803 destitutos,

560 2821 864 2890 privatione
909 2822 1177 2879 fructuum
1209 2822 1305 2878 Dei
1341 2834 1476 2880 nutu
1504 2827 1859 2898 percussisse.
1901 2825 1996 2883 llis
2025 2843 2155 2883 vero

558 2921 614 2970 et
661 2916 970 2986 hujusmodi
1016 2917 1275 2988 operibus
1322 2919 1528 2975 electos
1575 2935 1703 2976 suos
1753 2921 1803 2976 in
1859 2930 2156 2991 conspectu

555 3010 862 3065 mortalium
890 3009 1178 3079 glorificat,
1206 3012 1296 3081 qui
1321 3013 1374 3066 in
1415 3013 1698 3082 prinsentia
1733 3013 1826 3068 Dei
1870 3011 2065 3078 Patris,
2098 3022 2154 3068 et

561 3111 874 3160 sanctorum
910 3105 1229 3174 angelorum
1284 3120 1377 3159 sua
1423 3106 1545 3159 illos
1589 3105 1798 3160 visione
1841 3115 2151 3162 remunerat

2279 508 2418 577 quis,
2447 508 2538 577 qui
2568 507 2654 563 hic
2683 509 3036 563 desideratur.
3088 507 3238 562 Lect.
3268 506 3321 561 Ξ.
3375 506 3476 563 Illo
3523 525 3593 562 ex
3626 518 3894 579 tempore.

2281 599 2642 670 lntcrponitur
2678 601 2763 656 hic
2787 601 2839 655 itt
2868 617 2966 655 ms.
2999 602 3119 672 quia
3158 607 3238 666 et;
3269 616 3388 668 qua:
3428 603 3496 655 ab
3539 602 3732 670 aliqua
3791 620 3894 672 pa-

2278 695 2516 749 renthesi
2571 696 2712 750 inter
2745 695 3157 751 describendum
3205 696 3565 764 prtetermissa
3623 697 3895 752 videntur

2278 788 2531 843 residua:
2590 789 2678 844 hic
2705 805 2836 843 vero
2862 791 2973 858 jam
3018 789 3307 842 turbabant
3345 804 3587 855 sensum,
3650 790 3892 858 ideoque

2279 881 2475 936 omissa
2522 889 2664 935 sunt.
2698 879 2845 936 Lect.
2883 881 2934 937 7.
2985 880 3048 934 Β.
3092 879 3317 936 Joannis
3360 879 3636 950 Baptistae,
3702 899 3885 950 quam.

2278 971 2591 1035 Sandoval.,
2616 987 2738 1043 pag.
2766 973 2847 1038 10,
2877 973 2926 1026 in
2957 973 3196 1041 margine
3227 981 3408 1040 notat,
3433 973 3483 1027 in
3517 974 3529 1024 i
3567 983 3620 1026 ta
3646 975 3885 1027 ecclesia

2278 1066 2542 1119 asservari
2591 1067 2859 1119 maxillam
2903 1065 2960 1118 S.
3017 1063 3241 1118 Joannis
3292 1063 3593 1135 Baptistae:
3641 1073 3701 1117 et
3757 1066 3884 1132 quia

2278 1156 2516 1213 inventio
2540 1158 2731 1226 capitis
2760 1173 2788 1211 a
2815 1156 3041 1210 Baronio
3071 1164 3291 1210 notatur
3328 1157 3397 1210 ab
3427 1172 3573 1211 anno
3609 1155 3780 1218 1025,
3807 1158 3884 1209 di-

2277 1249 2509 1306 vinanda
2537 1251 2746 1314 asserit,
2775 1249 3048 1319 Alphonso
3075 1248 3109 1302 ν
3138 1249 3395 1304 donatam
3421 1264 3452 1304 a
3475 1251 3680 1305 comite
3706 1251 3876 1320 Aqui-

2283 1343 2444 1396 taniae
2471 1341 2778 1398 Guilielmo.

2347 1433 2398 1489 5.
2432 1454 2449 1487 t
2483 1433 2631 1491 Lect.
2648 1435 2767 1490 ead.
2794 1434 2846 1488 7.
2865 1433 3149 1490 Annuatim
3170 1435 3479 1489 celebratur.
3503 1434 3648 1491 Hinc
3671 1436 3874 1501 discas,

2273 1529 2412 1584 hanc
2441 1529 2718 1584 historiam
2748 1530 3002 1599 scriptam
3026 1544 3143 1584 esse
3176 1543 3271 1598 pro
3303 1528 3627 1584 lectionibus
3649 1538 3787 1583 octo
3813 1530 3876 1584 ad

2274 1619 2592 1675 Matutinum
2625 1620 2932 1674 recitandis.
2988 1618 3092 1674 Sed
3120 1618 3392 1689 quomodo
3423 1635 3454 1674 ι
3501 1616 3741 1674 Kalend.
3778 1620 3876 1674 Ja-

2277 1716 2446 1768 nuarii
2479 1724 2722 1784 notatur,
2775 1713 3209 1784 quandoquidem
3231 1713 3423 1769 festum
3447 1723 3642 1781 agatur
3673 1727 3754 1767 xu
3787 1713 3877 1766 ka-

2203 1807 2248 1867 B
2278 1805 2495 1862 lendas?
2543 1803 2710 1861 Error
2730 1817 2830 1870 est,
2877 1804 2969 1860 sed
3019 1804 3162 1860 haud
3189 1804 3348 1859 dubie
3378 1805 3655 1874 antiquus,
3704 1819 3873 1874 quem

2270 1900 2525 1956 Actorum
2572 1898 2927 1971 prolixiorum
2958 1907 3149 1956 auctor
3200 1898 3554 1968 transcripsit.
3612 1895 3874 1952 Errorem

2272 2001 2447 2046 tamen
2483 2009 2589 2048 non
2618 2001 2821 2048 tantum
2851 1991 3046 2064 probat
3074 1991 3368 2046 hodiernus
3392 2005 3539 2052 usus.
3594 1990 3692 2044 sed
3723 1991 3870 2043 anti-

2268 2085 2539 2154 quissima:
2569 2094 2621 2139 et
2664 2085 2805 2140 illius
2833 2085 2992 2156 plane
3022 2086 3201 2140 smculi
3232 2084 3639 2154 inscriptiones,
3670 2085 3867 2139 litteris

2269 2175 2513 2233 Gothicis
2565 2177 2823 2247 legendae,
2890 2195 3048 2248 supra
3103 2179 3234 2250 pilas
3281 2179 3437 2246 duas,
3489 2178 3694 2246 quibus
3717 2175 3868 2248 parvi

2266 2268 2481 2338 quidam
2522 2268 2755 2325 fornices
2800 2272 3150 2336 sustinentur,
3210 2269 3390 2326 lumen
3421 2271 3730 2340 praebentes
3781 2272 3863 2326 in-

2265 2361 2532 2414 trantibus
2562 2377 2590 2414 a
2622 2362 2858 2418 claustro
2881 2363 2947 2418 ad
2974 2363 3234 2433 capellam
3265 2382 3278 2415 :
3312 2377 3448 2431 quas
3479 2361 3864 2432 inscriptiones

2269 2452 2461 2514 recitat
2487 2453 2779 2508 Sandoval.
2806 2471 2860 2525 p.
2895 2452 2982 2518 l6,
3009 2464 3062 2509 et
3091 2454 3176 2509 hic
3216 2454 3418 2509 referre
3456 2453 3655 2524 placet,
3692 2465 3753 2511 ut
3781 2463 3863 2510 to-

2263 2550 2371 2597 tam
2419 2554 2737 2615 prmst-ntem
2787 2545 3070 2601 historiam
3120 2546 3405 2602 illustrent.
3461 2544 3636 2601 Prima
3696 2555 3781 2603 est
3844 2564 3859 2599 :

2263 2635 2437 2703 Hanc,
2478 2656 2630 2709 quant
2675 2640 2862 2706 cernis,
2917 2640 3114 2710 aulam,
3167 2649 3272 2695 etc.
3333 2638 3487 2710 (Vide
3542 2639 3682 2695 infra
3734 2656 3856 2710 cap.

2261 2727 2371 2799 28).
2419 2728 2637 2785 Altera:
2667 2729 2866 2785 Deinde
2910 2731 2964 2785 in
2994 2748 3102 2787 arra
3148 2747 3295 2796 lClli,
3343 2739 3486 2786 sexto
3538 2729 3667 2784 Idus
3700 2729 3855 2797 Maii,

2259 2823 2585 2878 adduxerunt
2612 2824 2683 2879 ibi
2709 2824 2771 2878 de
2794 2825 2914 2878 urbe
2941 2824 3092 2880 Abila
3114 2842 3297 2896 corpus
3322 2822 3385 2879 S.
3419 2823 3698 2886 Vitteentii.
3739 2827 3854 2896 fra-

2257 2925 2333 2970 ter
2363 2917 2422 2970 S.
2457 2914 2685 2984 Sabina,
2741 2913 3122 2988 Christetisque.
3179 2914 3352 2987 Ipsius
3408 2933 3545 2970 anno
3594 2920 3853 2987 prafatsts

2256 3024 2369 3071 rex,
2399 3018 2656 3061 revertens
2696 3008 2760 3062 de
2795 3007 2941 3061 hoste
2976 3006 3040 3061 ab
3070 3007 3193 3062 urbe
3237 3006 3496 3070 Valentia,
3520 3010 3636 3062 hinc
3661 3010 3744 3063 ibi
3775 3011 3854 3063 the

2253 3098 2488 3169 sabbato,
2535 3101 2659 3156 obiit
2683 3101 2766 3156 die
2789 3101 2942 3156 tertia
2964 3103 3119 3174 feria,
3149 3109 3292 3156 sexto
3327 3099 3592 3156 Kalendas
3638 3101 3853 3157 Janua-

558 3194 715 3253 Jesus
766 3195 1051 3264 Christus,
1105 3197 1198 3268 qui
1241 3213 1361 3252 cum
1400 3197 1593 3252 eodem
1636 3197 1795 3253 Patre
1842 3209 1898 3254 et
1950 3185 2224 3269 SpirituC
2254 3195 2344 3261 rii,
2375 3210 2479 3248 arra
2509 3210 2657 3250 Item.
2701 3196 2925 3248 Sanctia
2960 3193 3157 3265 Regina
3204 3191 3315 3248 Deo
3347 3191 3583 3247 dedicata
3627 3196 3852 3265 peregit.

559 3300 753 3348 sancto
797 3307 934 3348 unus
965 3291 1109 3348 Deus
1141 3292 1290 3360 vivit,
1331 3298 1387 3345 et
1425 3302 1616 3362 regnat
1646 3309 1744 3364 per
1785 3309 2055 3363 nunquam
2088 3295 2153 3349 li-

561 3382 755 3440 nienda
782 3383 998 3438 saecula.
1021 3383 1214 3438 Amen.
1241 3400 1260 3434 ι

630 3477 682 3530 2.
728 3475 989 3530 Nonnulla
1019 3475 1185 3530 verba
1233 3474 1302 3529 ad
1338 3484 1545 3532 rectam
1574 3476 1841 3532 scribendi
1887 3478 2153 3536 rationem

561 3565 831 3634 revocavi,
867 3571 923 3619 ut
963 3563 1140 3619 urbem
1177 3577 1422 3636 ceperunt
1449 3581 1550 3636 pro
1579 3577 1834 3636 ceperunt
1857 3611 1874 3637 ,
1925 3570 2154 3628 interne-

559 3658 759 3713 cionem
791 3673 888 3728 pro
916 3659 1335 3724 internicionem,
1367 3658 1507 3713 idem
1547 3674 1646 3728 pro
1685 3661 1902 3730 hisdem,
1935 3673 2040 3718 etc.
2074 3666 2153 3722 Si-

560 3752 702 3806 milia
735 3752 786 3806 in
822 3752 1087 3821 sequioris
1114 3752 1215 3807 aevi
1246 3753 1608 3807 monumentis
1632 3755 1827 3822 passim
1870 3760 2150 3827 reperiun-

555 3853 662 3907 tur,
689 3842 802 3898 sive
819 3842 1158 3898 librariorum
1181 3845 1335 3911 vitio,
1365 3845 1478 3900 sive
1499 3853 1776 3902 auctorum
1798 3848 1958 3904 etiam
1983 3849 2153 3906 abusu

555 3935 788 3990 invecta.
823 3931 929 3989 Pro
968 3935 1219 4009 religione
1247 3937 1407 3992 dediti
1459 3937 1730 4004 substitui,
1772 3938 1899 3993 lect.
1950 3937 2002 4006 2,
2034 3941 2152 3994 reli-

557 4031 700 4101 gioni
730 4029 896 4084 dediti
922 4046 942 4084 :
973 4047 1097 4085 nam
1129 4033 1145 4086 i
1177 4031 1229 4086 in
1257 4049 1286 4085 e
1315 4033 1475 4087 facile
1509 4033 1562 4088 in
1591 4049 1720 4088 mss.
1763 4042 2144 4089 commutatur.

561 4125 813 4180 Mendum
836 4135 991 4195 puto,
1021 4125 1183 4196 quod,
1217 4126 1344 4181 lect.
1370 4127 1424 4191 5,
1450 4127 1726 4183 Florezius
1749 4128 1916 4182 edidit
1951 4144 1981 4180 a
2021 4127 2149 4181 socii

556 4231 656 4286 pro
683 4233 713 4270 o
743 4217 889 4271 socii.
937 4215 1224 4271 Praestaret
1251 4217 1414 4271 etiam
1455 4218 1634 4285 legere
1667 4219 1853 4284 talique
1888 4235 1999 4272 eum
2031 4235 2147 4272 voce

555 4327 654 4380 pro
684 4311 878 4380 talique
895 4325 1008 4364 cum
1031 4326 1169 4364 race.
1201 4309 1315 4364 Non
1345 4327 1475 4366 casu
1506 4313 1717 4367 videtur
1739 4313 1958 4377 lactmn,
1978 4314 2142 4382 quod,

552 4401 677 4456 lect.
703 4400 754 4464 6,
773 4399 878 4454 duo
897 4399 1002 4470 45
1025 4415 1211 4454 versus
1234 4402 1530 4456 hexametri
1553 4402 1707 4456 simul
1727 4403 2141 4472 conjunguntur:

555 4493 678 4564 Ipse
707 4502 876 4546 tamen
906 4495 1065 4562 nosti,
1092 4503 1176 4546 tua
1203 4495 1444 4566 qualiter,
1461 4504 1511 4549 et
1540 4513 1652 4549 mea
1681 4515 1761 4550 res
1788 4506 1882 4551 est.
1900 4529 1970 4540 ——
1995 4497 2144 4551 Unde

2259 3285 2463 3342 Eodem
2511 3287 2699 3342 referri
2735 3295 2915 3357 potest
2961 3285 3284 3342 Ferdinandi
3324 3286 3464 3356 regis
3491 3286 3851 3358 epitaphium,

2256 3378 2367 3452 46
2389 3375 2694 3450 hujusmodi
2725 3378 2916 3434 litteris
2944 3379 3191 3435 similiter
3221 3376 3461 3434 Gothicis
3490 3379 3686 3433 tumbae
3733 3378 3853 3449 ejus

2257 3471 2604 3542 insculptum,
2642 3487 2672 3526 a
2714 3469 3038 3527 Santiovalio
3092 3481 3488 3543 consequenter
3538 3469 3601 3524 ad
3631 3471 3853 3540 priores

2256 3566 2630 3637 inscriptiones
2659 3567 2738 3623 sic
2763 3569 2994 3623 relatum
3045 3585 3058 3620 :
3097 3565 3199 3622 llic
3225 3577 3300 3622 est
3329 3568 3603 3622 tumulatus
3643 3565 3850 3622 Perdi-

2255 3664 2458 3715 nandus
2503 3657 2747 3732 Magnus,
2798 3676 2890 3713 rea:
2925 3660 3082 3714 totius
3127 3657 3421 3729 Hispaniae,
3469 3659 3606 3729 ﬁlius
3632 3659 3851 3712 Sanctii

2254 3754 2388 3825 regis
2441 3753 2821 3826 Pyrina’orum,
2853 3762 2902 3806 et
2935 3751 3151 3808 Tolosae.
3205 3751 3314 3807 Iste
3335 3752 3597 3807 transtulit
3617 3766 3848 3820 corpora

2254 3859 2546 3904 sanctorum
2599 3847 2654 3902 in
2679 3845 2941 3918 Legione,
2998 3845 3061 3902 B.
3119 3843 3317 3901 Isidori
3355 3845 3726 3914 archiepiscopi
3779 3844 3844 3897 ab

2253 3937 2481 4009 Hispali,
2526 3938 2778 3993 Vincentii
2800 3940 3044 4010 martyris
3073 3938 3134 3991 ab
3164 3937 3332 4002 ΑυίΙα,
3356 3946 3406 3991 et
3425 3937 3541 4008 fecit
3569 3935 3844 3990 ecclesiam

2250 4030 2384 4086 hanc
2413 4030 2689 4098 lapideam,
2721 4047 2834 4104 quia
2856 4031 2978 4085 olim
3009 4031 3175 4100 [uerat
3200 4029 3358 4083 lutea.
3408 4027 3511 4084 IIic
3548 4027 3842 4097 prtrliando

2250 4125 2371 4195 fecit
2397 4122 2496 4178 sibi
2535 4123 2826 4179 tributarios
2849 4141 3024 4177 omnes
3053 4122 3346 4196 Saracenos
3375 4116 3427 4174 II
3433 4120 3665 4188 ispaniaz,
3698 4122 3842 4188 cepit

2249 4216 2602 4283 Colimbriom,
2663 4215 2872 4284 Lenaeo,
2929 4215 3111 4280 Vaseo,
3164 4227 3213 4270 et
3266 4215 3419 4268 alias.
3467 4210 3573 4266 Iste
3615 4212 3660 4263 vi
3701 4211 3846 4279 cepit

2247 4327 2409 4382 regna
2439 4308 2660 4375 Garciw,
2701 4319 2748 4362 et
2785 4307 3079 4362 Veremudi.
3142 4303 3283 4361 Obiit
3332 4322 3383 4360 Vt
3423 4301 3692 4358 Kalendas
3735 4300 3841 4356 Ia-

2248 4403 2438 4467 nuari,
2463 4418 2569 4456 tera
2598 4416 2745 4456 uettt.

2318 4494 2370 4548 6.
2421 4513 2439 4546 t
2475 4494 2554 4547 Ad
2585 4495 2707 4547 lect.
2740 4491 2791 4545 8.
2825 4489 3020 4546 Christi
3041 4489 3331 4554 millesimo,
3361 4499 3466 4544 etc.
3499 4486 3684 4543 Annos
3707 4501 3842 4544 suos

550 4587 650 4639 ntei
686 4602 961 4640 memorent
1000 4597 1045 4641 te
1073 4603 1274 4657 semper
1323 4588 1570 4657 deprecor
1604 4607 1732 4643 esse.
1789 4589 1866 4643 At:
1915 4590 2142 4643 fortasse
2175 4576 2225 4637 1)
2250 4584 2468 4656 llispaui
2498 4587 2546 4639 in
2581 4585 2803 4653 publicis
2848 4583 3174 4654 privatisque
3217 4583 3350 4636 actis
3377 4582 3566 4635 usitata
3595 4579 3695 4633 sibi
3720 4595 3836 4633 :era

553 4690 744 4734 aut-tor
770 4680 931 4733 alium
963 4682 1288 4750 praemittere
1315 4683 1487 4738 voluit
1532 4683 1616 4737 his
1639 4682 1814 4736 verbis
1839 4699 1851 4736 :
1894 4682 2029 4736 Ecce
2058 4699 2140 4736 re-

552 4773 690 4826 cedis
745 4772 950 4840 abhinc,
983 4772 1206 4843 Isidore,
1249 4779 1326 4831 vir
1369 4776 1658 4831 venerande
1685 4792 1703 4830 :
1729 4777 1890 4831 verba
1931 4778 2092 4832 etiam
2120 4814 2136 4841 ,

558 4879 627 4930 qn
648 4884 672 4914 ετ
704 4865 1028 4933 praecedunt,
1059 4865 1267 4935 disjecti
1295 4870 1536 4924 membra
1561 4877 1734 4940 poeta:
1759 4869 2027 4925 videntur.

623 4956 679 5010 5.
721 4956 781 5012 1η
831 4957 1102 5014 Addendis
1154 4959 1224 5015 ad
1252 4960 1398 5016 diem
1447 4961 1477 5016 4
1529 4963 1726 5033 Aprilis
1776 4961 2134 5032 Bollandiani,

552 5063 671 5116 pag.
703 5047 826 5113 901,
851 5048 967 5105 hinc
991 5049 1179 5105 eadem
1210 5050 1365 5116 Acta,
1407 5067 1527 5121 qum
1580 5055 1814 5120 genuina
1848 5071 2023 5124 neque
2053 5056 2137 5108 iu-

552 5141 816 5209 tcrpolata
843 5142 1052 5212 dicunt,
1100 5143 1390 5199 ediderunt
1413 5162 1480 5199 ea:
1506 5145 1610 5199 Ms.
1642 5145 1711 5200 Β.
1741 5146 1963 5202 Joannis
1987 5146 2141 5202 Luca:

549 5231 724 5288 Cortes
756 5232 993 5304 Hispal.,
1058 5235 1153 5292 sed
1209 5237 1423 5292 omissis
1475 5238 1662 5308 primis
1710 5240 1909 5308 verbis,
1967 5239 2138 5311 Hujus

548 5321 751 5380 beatum
799 5341 1000 5394 corpus,
1059 5335 1190 5394 etc.,
1235 5337 1290 5383 et
1345 5329 1499 5384 initio
1555 5329 1736 5396 ducto,
1783 5331 1935 5387 Anno
1981 5333 2139 5404 igitur

543 5415 924 5487 septuagesimo
952 5417 1148 5487 quinto.
1201 5418 1453 5474 Codicem
1501 5435 1602 5474 ms.
1644 5420 1827 5476 dicunt
1856 5424 2134 5492 antiquum

546 5522 812 5562 annorum
835 5506 1114 5578 plusquam
1143 5510 1578 5581 quingentorum,
1611 5522 1705 5567 aut
1732 5524 2135 5586 sexcmtorum,

544 5597 735 5653 litteris
759 5595 871 5668 jam
895 5613 1033 5669 pene
1059 5601 1404 5669 fugientibus,
1443 5603 1546 5658 hoc
1575 5604 1733 5660 titulo
1763 5623 1775 5657 :
1807 5606 1934 5660 Acta
1963 5616 2136 5663 trans-

541 5686 755 5743 lationis
779 5691 1012 5759 corporis
1041 5691 1176 5747 beati
1207 5691 1403 5749 Isidori
1429 5694 1701 5766 Spalensis
1731 5698 1977 5771 episcopi.
2023 5699 2134 5759 Eo-

546 5789 668 5832 rum
695 5788 838 5838 noue
882 5782 964 5838 hae
992 5793 1149 5841 sunt:

951 6042 961 6072 1

2249 4678 2658 4731 numerabant:
2709 4676 2800 4746 qui
2883 4690 3001 4731 mos
3053 4675 3139 4728 vix
3200 4673 3414 4729 demum
3480 4687 3622 4726 anno
3693 4669 3837 4725 1583

2248 4783 2277 4821 a
2307 4765 2514 4822 Joanne
2542 4765 2561 4820 1
2585 4767 2829 4822 Castella:
2860 4782 2984 4837 rege
3031 4766 3278 4822 sublatus
3309 4774 3412 4833 est,
3445 4772 3583 4819 teste
3608 4763 3831 4819 Loaisa.

2248 4860 2529 4927 Quomodo
2551 4874 2678 4930 ergo
2708 4862 2794 4917 hic
2832 4871 3183 4916 numerantur
3205 4862 3330 4915 anni
3359 4861 3427 4915 ab
3457 4849 3840 4915 incarnatione

2247 4953 2495 5008 Domini?
2526 4953 2660 5009 Hinc
2687 4954 2983 5023 colligimus
3012 4963 3288 5009 auctorem
3320 4970 3425 5008 non
3445 4954 3609 5009 fuisse
3637 4952 3838 5024 Hispa-

2246 5063 2394 5116 num,
2440 5047 2535 5102 sed
2585 5048 2963 5103 verosimiliter
3001 5045 3219 5115 .Gallum
3270 5062 3338 5102 ex
3385 5045 3835 5103 Cluniacensibus

2242 5142 2607 5196 monachum:
2671 5144 2757 5199 his
2788 5143 2930 5198 enim
2955 5143 3097 5198 inter
3141 5142 3247 5196 alia
3291 5140 3693 5196 reformationis
3735 5155 3834 5209 per

2241 5235 2387 5306 ipsos
2412 5235 2640 5293 inducite
2669 5245 2866 5306 puncta
2908 5235 3070 5290 etiam
3119 5248 3260 5290 cura:
3289 5232 3449 5286 fuisse
3478 5230 3721 5298 videtur,
3771 5242 3832 5284 ut

2242 5329 2462 5384 modum
2489 5328 2947 5385 numeraudorum
2975 5342 3242 5382 annorum
3280 5323 3502 5392 Christi,
3540 5321 3650 5392 jam
3698 5321 3829 5376 alibi

2239 5421 2440 5490 passim
2465 5427 2805 5500 usurpatum,
2854 5419 3017 5473 etiam
3070 5417 3214 5489 apud
3246 5414 3513 5487 Hispanos
3542 5427 3829 5469 commen-

2237 5513 2431 5569 darent
2458 5522 2513 5568 et
2541 5521 2921 5585 propagarent.
2950 5530 2972 5564 ι

2311 5606 2362 5662 7.
2385 5605 2738 5677 Suspicantur
2767 5603 3121 5670 Bollandiani,
3155 5610 3430 5664 auctorem
3460 5597 3624 5668 hujus
3651 5605 3830 5653 trans-

2234 5700 2452 5758 lationis
2475 5701 2642 5760 fuisse
2670 5701 3016 5758 Hebrelmum
3033 5697 3356 5754 monachum
3391 5691 3826 5758 Cluniacensem,

2235 5793 2325 5863 qui
2375 5791 2567 5850 eodem
2619 5804 2859 5866 tempore
2911 5791 3248 5850 consimilem
3301 5784 3710 5842 translationem
3765 5783 3824 5840 S.
