  <div class='ocr_page' id='page_1' title='image "/cluster/home/n/w/nwhite01/storage/ocr_20150623/81/hvd.32044015469430/028.png"; bbox 0 0 4048 6364; ppageno 0'>
   <div class='ocr_carea' id='block_1_1' title="bbox 168 385 3429 463">
    <p class='ocr_par' dir='ltr' id='par_1_1' title="bbox 168 385 3429 463">
     <span class='ocr_line' id='line_1_1' title="bbox 168 385 3429 463; baseline 0.006 -22"><span class='ocrx_word' id='word_1_1' title='bbox 168 406 229 463; x_wconf 59' lang='grc' dir='ltr'><strong>υς</strong></span> <span class='ocrx_word' id='word_1_2' title='bbox 1204 390 1617 453; x_wconf 76' lang='lat' dir='ltr'><strong>lSlDORlANA.</strong></span> <span class='ocrx_word' id='word_1_3' title='bbox 1660 416 1731 431; x_wconf 90' lang='lat'><strong>-—</strong></span> <span class='ocrx_word' id='word_1_4' title='bbox 1768 389 1945 449; x_wconf 77' lang='lat' dir='ltr'><strong>PARS</strong></span> <span class='ocrx_word' id='word_1_5' title='bbox 1983 388 2022 453; x_wconf 73' lang='grc' dir='ltr'><strong>ι.</strong></span> <span class='ocrx_word' id='word_1_6' title='bbox 2062 388 2215 453; x_wconf 80' lang='lat' dir='ltr'><strong>CAP.</strong></span> <span class='ocrx_word' id='word_1_7' title='bbox 2256 386 2392 446; x_wconf 82' lang='lat' dir='ltr'><strong>vui.</strong></span> <span class='ocrx_word' id='word_1_8' title='bbox 3349 385 3429 459; x_wconf 76' lang='lat' dir='ltr'><strong>to.</strong></span> 
     </span>
    </p>
   </div>
   <div class='ocr_carea' id='block_1_2' title="bbox 171 504 3421 586">
    <p class='ocr_par' dir='ltr' id='par_1_2' title="bbox 171 504 3421 586">
     <span class='ocr_line' id='line_1_2' title="bbox 171 504 3421 586; baseline -0.01 -7"><span class='ocrx_word' id='word_1_9' title='bbox 171 517 393 579; x_wconf 86' lang='lat' dir='ltr'><strong>lndaletii</strong></span> <span class='ocrx_word' id='word_1_10' title='bbox 417 532 450 573; x_wconf 78' lang='grc' dir='ltr'><strong>ο</strong></span> <span class='ocrx_word' id='word_1_11' title='bbox 480 530 648 586; x_wconf 75' lang='lat' dir='ltr'><strong>regno</strong></span> <span class='ocrx_word' id='word_1_12' title='bbox 694 510 1012 570; x_wconf 77' lang='lat' dir='ltr'><strong>Cranntensi</strong></span> <span class='ocrx_word' id='word_1_13' title='bbox 1051 510 1104 567; x_wconf 86' lang='lat' dir='ltr'><strong>in</strong></span> <span class='ocrx_word' id='word_1_14' title='bbox 1130 508 1462 578; x_wconf 78' lang='lat' dir='ltr'><strong>Aragoniam</strong></span> <span class='ocrx_word' id='word_1_15' title='bbox 1491 504 1731 563; x_wconf 86' lang='lat' dir='ltr'><strong>conscri-</strong></span> <span class='ocrx_word' id='word_1_16' title='bbox 1762 507 1810 571; x_wconf 73' lang='grc' dir='ltr'><strong>Δ</strong></span> <span class='ocrx_word' id='word_1_17' title='bbox 1838 505 1980 573; x_wconf 78' lang='lat' dir='ltr'><strong>regis</strong></span> <span class='ocrx_word' id='word_1_18' title='bbox 2006 505 2334 577; x_wconf 81' lang='lat' dir='ltr'><strong>Hispalensis</strong></span> <span class='ocrx_word' id='word_1_19' title='bbox 2361 505 2775 579; x_wconf 68' lang='lat' dir='ltr'><strong>Saracenorum,</strong></span> <span class='ocrx_word' id='word_1_20' title='bbox 2831 523 2953 579; x_wconf 59' lang='lat' dir='ltr'><strong>cum</strong></span> <span class='ocrx_word' id='word_1_21' title='bbox 2988 524 3189 581; x_wconf 56' lang='grc' dir='ltr'><strong>φοι-μη</strong></span> <span class='ocrx_word' id='word_1_22' title='bbox 3230 508 3421 586; x_wconf 49' lang='lat' dir='ltr'><strong>“iam,</strong></span> 
     </span>
    </p>
   </div>
   <div class='ocr_carea' id='block_1_3' title="bbox 111 590 123 617">
    <p class='ocr_par' dir='ltr' id='par_1_3' title="bbox 111 590 123 617">
     <span class='ocr_line' id='line_1_3' title="bbox 111 590 123 617; baseline 0 0"><span class='ocrx_word' id='word_1_23' title='bbox 111 590 123 617; x_wconf 64' lang='grc' dir='ltr'><em>ἓ</em></span> 
     </span>
    </p>
   </div>
   <div class='ocr_carea' id='block_1_4' title="bbox 110 598 1734 692">
    <p class='ocr_par' dir='ltr' id='par_1_4' title="bbox 110 598 1734 692">
     <span class='ocr_line' id='line_1_4' title="bbox 110 598 1734 692; baseline -0.016 -15"><span class='ocrx_word' id='word_1_24' title='bbox 110 598 123 692; x_wconf 72' lang='grc' dir='ltr'><strong><em>ἱ</em></strong></span> <span class='ocrx_word' id='word_1_25' title='bbox 174 616 278 689; x_wconf 47' lang='grc' dir='ltr'><strong>δὴ,</strong></span> <span class='ocrx_word' id='word_1_26' title='bbox 326 613 524 670; x_wconf 87' lang='lat' dir='ltr'><strong>editam</strong></span> <span class='ocrx_word' id='word_1_27' title='bbox 582 610 724 665; x_wconf 85' lang='lat' dir='ltr'><strong>inter</strong></span> <span class='ocrx_word' id='word_1_28' title='bbox 760 608 894 663; x_wconf 85' lang='lat' dir='ltr'><strong>Acta</strong></span> <span class='ocrx_word' id='word_1_29' title='bbox 948 604 1299 660; x_wconf 86' lang='lat' dir='ltr'><strong>Bollandiana</strong></span> <span class='ocrx_word' id='word_1_30' title='bbox 1354 601 1423 658; x_wconf 91' lang='lat' dir='ltr'><strong>ad</strong></span> <span class='ocrx_word' id='word_1_31' title='bbox 1472 601 1615 659; x_wconf 87' lang='lat' dir='ltr'><strong>diem</strong></span> <span class='ocrx_word' id='word_1_32' title='bbox 1662 598 1734 655; x_wconf 75' lang='lat' dir='ltr'><strong>so</strong></span> 
     </span>
    </p>
   </div>
   <div class='ocr_carea' id='block_1_5' title="bbox 110 684 1738 781">
    <p class='ocr_par' dir='ltr' id='par_1_5' title="bbox 110 684 1738 781">
     <span class='ocr_line' id='line_1_5' title="bbox 110 684 1738 781; baseline -0.011 -14"><span class='ocrx_word' id='word_1_33' title='bbox 110 684 122 735; x_wconf 36' lang='grc' dir='ltr'><strong><em>ἦ</em></strong></span> <span class='ocrx_word' id='word_1_34' title='bbox 166 684 371 781; x_wconf 82' lang='lat' dir='ltr'><strong>Aprilis.</strong></span> <span class='ocrx_word' id='word_1_35' title='bbox 430 706 508 761; x_wconf 88' lang='lat' dir='ltr'><strong>De</strong></span> <span class='ocrx_word' id='word_1_36' title='bbox 534 720 641 776; x_wconf 90' lang='lat' dir='ltr'><strong>quo</strong></span> <span class='ocrx_word' id='word_1_37' title='bbox 671 703 829 774; x_wconf 76' lang='lat' dir='ltr'><strong>paulo</strong></span> <span class='ocrx_word' id='word_1_38' title='bbox 850 709 973 772; x_wconf 86' lang='lat' dir='ltr'><strong>post</strong></span> <span class='ocrx_word' id='word_1_39' title='bbox 997 700 1191 755; x_wconf 91' lang='lat' dir='ltr'><strong>dicam.</strong></span> <span class='ocrx_word' id='word_1_40' title='bbox 1222 697 1402 753; x_wconf 80' lang='lat' dir='ltr'><strong>Mirari</strong></span> <span class='ocrx_word' id='word_1_41' title='bbox 1437 705 1615 751; x_wconf 87' lang='lat' dir='ltr'><strong>tamen</strong></span> <span class='ocrx_word' id='word_1_42' title='bbox 1644 709 1738 749; x_wconf 83' lang='lat' dir='ltr'><strong>su—</strong></span> 
     </span>
    </p>
   </div>
   <div class='ocr_carea' id='block_1_6' title="bbox 166 788 1740 869">
    <p class='ocr_par' dir='ltr' id='par_1_6' title="bbox 166 788 1740 869">
     <span class='ocr_line' id='line_1_6' title="bbox 166 788 1740 869; baseline -0.012 -11"><span class='ocrx_word' id='word_1_43' title='bbox 166 802 258 867; x_wconf 89' lang='lat' dir='ltr'><strong>bit,</strong></span> <span class='ocrx_word' id='word_1_44' title='bbox 312 814 419 869; x_wconf 89' lang='lat' dir='ltr'><strong>quo</strong></span> <span class='ocrx_word' id='word_1_45' title='bbox 450 803 613 868; x_wconf 90' lang='lat' dir='ltr'><strong>pacto</strong></span> <span class='ocrx_word' id='word_1_46' title='bbox 666 795 720 849; x_wconf 91' lang='lat' dir='ltr'><strong>in</strong></span> <span class='ocrx_word' id='word_1_47' title='bbox 752 802 859 847; x_wconf 89' lang='lat' dir='ltr'><strong>tam</strong></span> <span class='ocrx_word' id='word_1_48' title='bbox 884 792 1123 861; x_wconf 78' lang='lat' dir='ltr'><strong>antiquis</strong></span> <span class='ocrx_word' id='word_1_49' title='bbox 1176 788 1570 855; x_wconf 70' lang='lat' dir='ltr'><strong>monumentis,</strong></span> <span class='ocrx_word' id='word_1_50' title='bbox 1621 799 1740 856; x_wconf 74' lang='lat' dir='ltr'><strong>qua:</strong></span> 
     </span>
    </p>
   </div>
   <div class='ocr_carea' id='block_1_7' title="bbox 166 883 1740 966">
    <p class='ocr_par' dir='ltr' id='par_1_7' title="bbox 166 883 1740 966">
     <span class='ocr_line' id='line_1_7' title="bbox 166 883 1740 966; baseline -0.012 -17"><span class='ocrx_word' id='word_1_51' title='bbox 166 894 373 966; x_wconf 87' lang='lat' dir='ltr'><strong>quidem</strong></span> <span class='ocrx_word' id='word_1_52' title='bbox 431 891 607 960; x_wconf 82' lang='lat' dir='ltr'><strong>palam</strong></span> <span class='ocrx_word' id='word_1_53' title='bbox 662 887 716 942; x_wconf 91' lang='lat' dir='ltr'><strong>in</strong></span> <span class='ocrx_word' id='word_1_54' title='bbox 777 885 1017 942; x_wconf 80' lang='lat' dir='ltr'><strong>Ecclesia</strong></span> <span class='ocrx_word' id='word_1_55' title='bbox 1089 883 1453 940; x_wconf 70' lang='lat' dir='ltr'><strong>recitabantur</strong></span> <span class='ocrx_word' id='word_1_56' title='bbox 1484 918 1499 945; x_wconf 88' lang='lat'><strong>,</strong></span> <span class='ocrx_word' id='word_1_57' title='bbox 1568 892 1740 937; x_wconf 85' lang='lat' dir='ltr'><strong>annus</strong></span> 
     </span>
    </p>
   </div>
   <div class='ocr_carea' id='block_1_8' title="bbox 167 971 1741 1049">
    <p class='ocr_par' dir='ltr' id='par_1_8' title="bbox 167 971 1741 1049">
     <span class='ocr_line' id='line_1_8' title="bbox 167 971 1741 1049; baseline -0.011 -7"><span class='ocrx_word' id='word_1_58' title='bbox 167 984 544 1042; x_wconf 90' lang='lat' dir='ltr'><strong>incarnationis</strong></span> <span class='ocrx_word' id='word_1_59' title='bbox 590 979 872 1037; x_wconf 62' lang='lat' dir='ltr'><strong>dominicas</strong></span> <span class='ocrx_word' id='word_1_60' title='bbox 900 994 1000 1049; x_wconf 89' lang='lat' dir='ltr'><strong>pro</strong></span> <span class='ocrx_word' id='word_1_61' title='bbox 1032 991 1141 1031; x_wconf 73' lang='lat' dir='ltr'><strong>mra</strong></span> <span class='ocrx_word' id='word_1_62' title='bbox 1169 974 1457 1046; x_wconf 82' lang='lat' dir='ltr'><strong>Hispanica</strong></span> <span class='ocrx_word' id='word_1_63' title='bbox 1501 971 1741 1035; x_wconf 74' lang='lat' dir='ltr'><strong>introsus</strong></span> 
     </span>
    </p>
   </div>
   <div class='ocr_carea' id='block_1_9' title="bbox 167 1080 339 1134">
    <p class='ocr_par' dir='ltr' id='par_1_9' title="bbox 167 1080 339 1134">
     <span class='ocr_line' id='line_1_9' title="bbox 167 1080 339 1134; baseline 0 0"><span class='ocrx_word' id='word_1_64' title='bbox 167 1080 339 1134; x_wconf 78' lang='lat' dir='ltr'><strong>fuerit.</strong></span> 
     </span>
    </p>
   </div>
   <div class='ocr_carea' id='block_1_10' title="bbox 233 1154 1737 1234">
    <p class='ocr_par' dir='ltr' id='par_1_10' title="bbox 233 1154 1737 1234">
     <span class='ocr_line' id='line_1_10' title="bbox 233 1154 1737 1234; baseline -0.011 -10"><span class='ocrx_word' id='word_1_65' title='bbox 233 1171 281 1223; x_wconf 92' lang='lat'><strong>8.</strong></span> <span class='ocrx_word' id='word_1_66' title='bbox 342 1165 643 1232; x_wconf 75' lang='lat' dir='ltr'><strong>Florezius,</strong></span> <span class='ocrx_word' id='word_1_67' title='bbox 664 1163 756 1234; x_wconf 86' lang='lat' dir='ltr'><strong>qui</strong></span> <span class='ocrx_word' id='word_1_68' title='bbox 782 1164 898 1221; x_wconf 86' lang='lat' dir='ltr'><strong>haec</strong></span> <span class='ocrx_word' id='word_1_69' title='bbox 924 1160 1113 1219; x_wconf 88' lang='lat' dir='ltr'><strong>eadem</strong></span> <span class='ocrx_word' id='word_1_70' title='bbox 1137 1158 1271 1215; x_wconf 85' lang='lat' dir='ltr'><strong>Acta</strong></span> <span class='ocrx_word' id='word_1_71' title='bbox 1304 1167 1435 1214; x_wconf 88' lang='lat' dir='ltr'><strong>tom.</strong></span> <span class='ocrx_word' id='word_1_72' title='bbox 1477 1155 1551 1211; x_wconf 81' lang='lat' dir='ltr'><strong>IX</strong></span> <span class='ocrx_word' id='word_1_73' title='bbox 1586 1154 1737 1227; x_wconf 86' lang='lat' dir='ltr'><strong>llisp.</strong></span> 
     </span>
    </p>
   </div>
   <div class='ocr_carea' id='block_1_11' title="bbox 166 1250 1741 1331">
    <p class='ocr_par' dir='ltr' id='par_1_11' title="bbox 166 1250 1741 1331">
     <span class='ocr_line' id='line_1_11' title="bbox 166 1250 1741 1331; baseline -0.008 -14"><span class='ocrx_word' id='word_1_74' title='bbox 166 1263 308 1318; x_wconf 91' lang='lat' dir='ltr'><strong>Sacr.</strong></span> <span class='ocrx_word' id='word_1_75' title='bbox 345 1260 589 1331; x_wconf 73' lang='lat' dir='ltr'><strong>protulit,</strong></span> <span class='ocrx_word' id='word_1_76' title='bbox 611 1268 742 1313; x_wconf 90' lang='lat' dir='ltr'><strong>tom.</strong></span> <span class='ocrx_word' id='word_1_77' title='bbox 771 1253 986 1322; x_wconf 78' lang='lat' dir='ltr'><strong>XXVII,</strong></span> <span class='ocrx_word' id='word_1_78' title='bbox 1013 1271 1066 1325; x_wconf 95' lang='lat' dir='ltr'><strong>p.</strong></span> <span class='ocrx_word' id='word_1_79' title='bbox 1092 1251 1216 1317; x_wconf 69' lang='grc'><strong>155,</strong></span> <span class='ocrx_word' id='word_1_80' title='bbox 1240 1253 1309 1307; x_wconf 84' lang='lat' dir='ltr'><strong>de</strong></span> <span class='ocrx_word' id='word_1_81' title='bbox 1329 1250 1554 1307; x_wconf 86' lang='lat' dir='ltr'><strong>historia</strong></span> <span class='ocrx_word' id='word_1_82' title='bbox 1569 1259 1741 1304; x_wconf 88' lang='lat' dir='ltr'><strong>trans-</strong></span> 
     </span>
    </p>
   </div>
   <div class='ocr_carea' id='block_1_12' title="bbox 166 1338 1740 1418">
    <p class='ocr_par' dir='ltr' id='par_1_12' title="bbox 166 1338 1740 1418">
     <span class='ocr_line' id='line_1_12' title="bbox 166 1338 1740 1418; baseline -0.011 -9"><span class='ocrx_word' id='word_1_83' title='bbox 166 1352 377 1409; x_wconf 89' lang='lat' dir='ltr'><strong>latiouis</strong></span> <span class='ocrx_word' id='word_1_84' title='bbox 397 1349 452 1405; x_wconf 82' lang='lat'><strong>8.</strong></span> <span class='ocrx_word' id='word_1_85' title='bbox 482 1348 672 1403; x_wconf 87' lang='lat' dir='ltr'><strong>Isidori</strong></span> <span class='ocrx_word' id='word_1_86' title='bbox 699 1347 829 1418; x_wconf 69' lang='lat' dir='ltr'><strong>agit,</strong></span> <span class='ocrx_word' id='word_1_87' title='bbox 876 1361 1036 1415; x_wconf 90' lang='lat' dir='ltr'><strong>quam</strong></span> <span class='ocrx_word' id='word_1_88' title='bbox 1066 1341 1221 1398; x_wconf 72' lang='lat' dir='ltr'><strong>Luca:</strong></span> <span class='ocrx_word' id='word_1_89' title='bbox 1270 1340 1504 1397; x_wconf 81' lang='lat' dir='ltr'><strong>Tudensi</strong></span> <span class='ocrx_word' id='word_1_90' title='bbox 1531 1338 1740 1409; x_wconf 84' lang='lat' dir='ltr'><strong>adjudi-</strong></span> 
     </span>
    </p>
   </div>
   <div class='ocr_carea' id='block_1_13' title="bbox 164 1435 1736 1511">
    <p class='ocr_par' dir='ltr' id='par_1_13' title="bbox 164 1435 1736 1511">
     <span class='ocr_line' id='line_1_13' title="bbox 164 1435 1736 1511; baseline -0.011 -9"><span class='ocrx_word' id='word_1_91' title='bbox 164 1446 385 1502; x_wconf 80' lang='lat' dir='ltr'><strong>caudam</strong></span> <span class='ocrx_word' id='word_1_92' title='bbox 415 1451 620 1508; x_wconf 82' lang='lat' dir='ltr'><strong>censet,</strong></span> <span class='ocrx_word' id='word_1_93' title='bbox 648 1449 980 1511; x_wconf 73' lang='lat' dir='ltr'><strong>repugnante</strong></span> <span class='ocrx_word' id='word_1_94' title='bbox 1005 1438 1167 1497; x_wconf 82' lang='lat' dir='ltr'><strong>Risco</strong></span> <span class='ocrx_word' id='word_1_95' title='bbox 1192 1435 1586 1497; x_wconf 87' lang='lat' dir='ltr'><strong>continuatore,</strong></span> <span class='ocrx_word' id='word_1_96' title='bbox 1604 1441 1736 1487; x_wconf 93' lang='lat' dir='ltr'><strong>tom.</strong></span> 
     </span>
    </p>
   </div>
   <div class='ocr_carea' id='block_1_14' title="bbox 163 1525 1739 1609">
    <p class='ocr_par' dir='ltr' id='par_1_14' title="bbox 163 1525 1739 1609">
     <span class='ocr_line' id='line_1_14' title="bbox 163 1525 1739 1609; baseline -0.011 -14"><span class='ocrx_word' id='word_1_97' title='bbox 163 1539 395 1603; x_wconf 74' lang='lat' dir='ltr'><strong>XXXIV,</strong></span> <span class='ocrx_word' id='word_1_98' title='bbox 430 1550 552 1609; x_wconf 76' lang='lat' dir='ltr'><strong>pag.</strong></span> <span class='ocrx_word' id='word_1_99' title='bbox 574 1534 698 1601; x_wconf 86' lang='grc'><strong>198,</strong></span> <span class='ocrx_word' id='word_1_100' title='bbox 722 1534 847 1604; x_wconf 89' lang='lat' dir='ltr'><strong>quia</strong></span> <span class='ocrx_word' id='word_1_101' title='bbox 871 1547 933 1589; x_wconf 89' lang='lat' dir='ltr'><strong>ea</strong></span> <span class='ocrx_word' id='word_1_102' title='bbox 951 1531 1172 1588; x_wconf 82' lang='lat' dir='ltr'><strong>historia</strong></span> <span class='ocrx_word' id='word_1_103' title='bbox 1199 1529 1338 1584; x_wconf 91' lang='lat' dir='ltr'><strong>libro</strong></span> <span class='ocrx_word' id='word_1_104' title='bbox 1358 1525 1739 1585; x_wconf 85' lang='lat' dir='ltr'><strong>miraculorum</strong></span> 
     </span>
    </p>
   </div>
   <div class='ocr_carea' id='block_1_15' title="bbox 160 1620 1738 1695">
    <p class='ocr_par' dir='ltr' id='par_1_15' title="bbox 160 1620 1738 1695">
     <span class='ocr_line' id='line_1_15' title="bbox 160 1620 1738 1695; baseline -0.011 -7"><span class='ocrx_word' id='word_1_105' title='bbox 160 1633 218 1688; x_wconf 15' lang='lat' dir='ltr'><strong>VS.</strong></span> <span class='ocrx_word' id='word_1_106' title='bbox 239 1630 452 1695; x_wconf 87' lang='lat' dir='ltr'><strong>Isidori,</strong></span> <span class='ocrx_word' id='word_1_107' title='bbox 483 1645 513 1683; x_wconf 85' lang='lat' dir='ltr'><strong>a</strong></span> <span class='ocrx_word' id='word_1_108' title='bbox 544 1627 690 1683; x_wconf 82' lang='lat' dir='ltr'><strong>Luca</strong></span> <span class='ocrx_word' id='word_1_109' title='bbox 716 1625 951 1682; x_wconf 88' lang='lat' dir='ltr'><strong>Tudensi</strong></span> <span class='ocrx_word' id='word_1_110' title='bbox 974 1632 1123 1683; x_wconf 87' lang='lat' dir='ltr'><strong>certe</strong></span> <span class='ocrx_word' id='word_1_111' title='bbox 1160 1620 1488 1688; x_wconf 76' lang='lat' dir='ltr'><strong>conscripto,</strong></span> <span class='ocrx_word' id='word_1_112' title='bbox 1518 1625 1738 1675; x_wconf 85' lang='lat' dir='ltr'><strong>eontra-</strong></span> 
     </span>
    </p>
   </div>
   <div class='ocr_carea' id='block_1_16' title="bbox 164 1708 1741 1786">
    <p class='ocr_par' dir='ltr' id='par_1_16' title="bbox 164 1708 1741 1786">
     <span class='ocr_line' id='line_1_16' title="bbox 164 1708 1741 1786; baseline -0.011 -7"><span class='ocrx_word' id='word_1_113' title='bbox 164 1726 235 1779; x_wconf 88' lang='lat' dir='ltr'><strong>ria</strong></span> <span class='ocrx_word' id='word_1_114' title='bbox 286 1724 338 1777; x_wconf 91' lang='lat' dir='ltr'><strong>in</strong></span> <span class='ocrx_word' id='word_1_115' title='bbox 373 1720 644 1777; x_wconf 90' lang='lat' dir='ltr'><strong>nonnullis</strong></span> <span class='ocrx_word' id='word_1_116' title='bbox 669 1727 798 1775; x_wconf 89' lang='lat' dir='ltr'><strong>est:</strong></span> <span class='ocrx_word' id='word_1_117' title='bbox 846 1717 1089 1786; x_wconf 84' lang='lat' dir='ltr'><strong>adeoque</strong></span> <span class='ocrx_word' id='word_1_118' title='bbox 1141 1712 1412 1785; x_wconf 81' lang='lat' dir='ltr'><strong>posterior</strong></span> <span class='ocrx_word' id='word_1_119' title='bbox 1458 1710 1603 1766; x_wconf 86' lang='lat' dir='ltr'><strong>Luca</strong></span> <span class='ocrx_word' id='word_1_120' title='bbox 1633 1708 1741 1763; x_wconf 88' lang='lat' dir='ltr'><strong>Tu-</strong></span> 
     </span>
    </p>
   </div>
   <div class='ocr_carea' id='block_1_17' title="bbox 160 1803 1740 1883">
    <p class='ocr_par' dir='ltr' id='par_1_17' title="bbox 160 1803 1740 1883">
     <span class='ocr_line' id='line_1_17' title="bbox 160 1803 1740 1883; baseline -0.01 -12"><span class='ocrx_word' id='word_1_121' title='bbox 160 1816 325 1881; x_wconf 86' lang='lat' dir='ltr'><strong>densi,</strong></span> <span class='ocrx_word' id='word_1_122' title='bbox 387 1828 561 1883; x_wconf 86' lang='lat' dir='ltr'><strong>neque</strong></span> <span class='ocrx_word' id='word_1_123' title='bbox 597 1814 666 1867; x_wconf 89' lang='lat' dir='ltr'><strong>ita</strong></span> <span class='ocrx_word' id='word_1_124' title='bbox 693 1810 799 1866; x_wconf 78' lang='lat' dir='ltr'><strong>fide</strong></span> <span class='ocrx_word' id='word_1_125' title='bbox 828 1810 986 1879; x_wconf 78' lang='lat' dir='ltr'><strong>digna</strong></span> <span class='ocrx_word' id='word_1_126' title='bbox 1015 1808 1116 1878; x_wconf 85' lang='lat' dir='ltr'><strong>ipsi</strong></span> <span class='ocrx_word' id='word_1_127' title='bbox 1146 1806 1375 1862; x_wconf 89' lang='lat' dir='ltr'><strong>videtur.</strong></span> <span class='ocrx_word' id='word_1_128' title='bbox 1402 1803 1740 1871; x_wconf 77' lang='lat' dir='ltr'><strong>Distinguere</strong></span> 
     </span>
    </p>
   </div>
   <div class='ocr_carea' id='block_1_18' title="bbox 1841 598 3422 672">
    <p class='ocr_par' dir='ltr' id='par_1_18' title="bbox 1841 598 3422 672">
     <span class='ocr_line' id='line_1_18' title="bbox 1841 598 3422 672; baseline 0.008 -21"><span class='ocrx_word' id='word_1_129' title='bbox 1841 598 2059 653; x_wconf 85' lang='lat' dir='ltr'><strong>tradidit</strong></span> <span class='ocrx_word' id='word_1_130' title='bbox 2085 616 2097 652; x_wconf 88' lang='lat'><strong>:</strong></span> <span class='ocrx_word' id='word_1_131' title='bbox 2133 598 2264 663; x_wconf 71' lang='lat' dir='ltr'><strong>licet:</strong></span> <span class='ocrx_word' id='word_1_132' title='bbox 2289 600 2352 654; x_wconf 79' lang='lat' dir='ltr'><strong>ab</strong></span> <span class='ocrx_word' id='word_1_133' title='bbox 2382 600 2487 657; x_wconf 87' lang='lat' dir='ltr'><strong>illis</strong></span> <span class='ocrx_word' id='word_1_134' title='bbox 2513 602 2597 672; x_wconf 86' lang='lat' dir='ltr'><strong>qui</strong></span> <span class='ocrx_word' id='word_1_135' title='bbox 2621 602 2828 665; x_wconf 79' lang='lat' dir='ltr'><strong>audiere</strong></span> <span class='ocrx_word' id='word_1_136' title='bbox 2848 618 2929 657; x_wconf 87' lang='lat' dir='ltr'><strong>me</strong></span> <span class='ocrx_word' id='word_1_137' title='bbox 2946 606 3119 662; x_wconf 76' lang='lat' dir='ltr'><strong>recolo</strong></span> <span class='ocrx_word' id='word_1_138' title='bbox 3143 606 3422 664; x_wconf 71' lang='lat' dir='ltr'><strong>audivisse.</strong></span> 
     </span>
    </p>
   </div>
   <div class='ocr_carea' id='block_1_19' title="bbox 1840 690 3420 763">
    <p class='ocr_par' dir='ltr' id='par_1_19' title="bbox 1840 690 3420 763">
     <span class='ocr_line' id='line_1_19' title="bbox 1840 690 3420 763; baseline 0.007 -19"><span class='ocrx_word' id='word_1_139' title='bbox 1840 690 2041 745; x_wconf 85' lang='lat' dir='ltr'><strong>Auctor</strong></span> <span class='ocrx_word' id='word_1_140' title='bbox 2065 706 2194 761; x_wconf 76' lang='lat' dir='ltr'><strong>ergo</strong></span> <span class='ocrx_word' id='word_1_141' title='bbox 2223 693 2557 763; x_wconf 86' lang='lat' dir='ltr'><strong>syncbronus</strong></span> <span class='ocrx_word' id='word_1_142' title='bbox 2585 696 2885 751; x_wconf 81' lang='lat' dir='ltr'><strong>censendus</strong></span> <span class='ocrx_word' id='word_1_143' title='bbox 2904 703 3006 751; x_wconf 90' lang='lat' dir='ltr'><strong>est.</strong></span> <span class='ocrx_word' id='word_1_144' title='bbox 3051 696 3157 753; x_wconf 86' lang='lat' dir='ltr'><strong>Sed</strong></span> <span class='ocrx_word' id='word_1_145' title='bbox 3181 698 3328 755; x_wconf 81' lang='lat' dir='ltr'><strong>itane</strong></span> <span class='ocrx_word' id='word_1_146' title='bbox 3358 714 3420 755; x_wconf 82' lang='lat' dir='ltr'><strong>ea</strong></span> 
     </span>
    </p>
   </div>
   <div class='ocr_carea' id='block_1_20' title="bbox 1841 783 3420 856">
    <p class='ocr_par' dir='ltr' id='par_1_20' title="bbox 1841 783 3420 856">
     <span class='ocr_line' id='line_1_20' title="bbox 1841 783 3420 856; baseline 0.009 -19"><span class='ocrx_word' id='word_1_147' title='bbox 1841 783 1972 838; x_wconf 84' lang='lat' dir='ltr'><strong>Acta</strong></span> <span class='ocrx_word' id='word_1_148' title='bbox 1996 786 2202 841; x_wconf 87' lang='lat' dir='ltr'><strong>sincera</strong></span> <span class='ocrx_word' id='word_1_149' title='bbox 2230 788 2675 856; x_wconf 81' lang='lat' dir='ltr'><strong>existimabimus,</strong></span> <span class='ocrx_word' id='word_1_150' title='bbox 2705 799 2763 844; x_wconf 91' lang='lat' dir='ltr'><strong>ut</strong></span> <span class='ocrx_word' id='word_1_151' title='bbox 2805 790 2936 851; x_wconf 88' lang='lat' dir='ltr'><strong>nihil</strong></span> <span class='ocrx_word' id='word_1_152' title='bbox 2959 794 3180 849; x_wconf 83' lang='lat' dir='ltr'><strong>omnino</strong></span> <span class='ocrx_word' id='word_1_153' title='bbox 3206 793 3420 851; x_wconf 82' lang='lat' dir='ltr'><strong>aliunde</strong></span> 
     </span>
    </p>
   </div>
   <div class='ocr_carea' id='block_1_21' title="bbox 1841 875 3421 958">
    <p class='ocr_par' dir='ltr' id='par_1_21' title="bbox 1841 875 3421 958">
     <span class='ocr_line' id='line_1_21' title="bbox 1841 875 3421 958; baseline 0.01 -29"><span class='ocrx_word' id='word_1_154' title='bbox 1841 875 2106 932; x_wconf 89' lang='lat' dir='ltr'><strong>intrusutn</strong></span> <span class='ocrx_word' id='word_1_155' title='bbox 2135 878 2330 936; x_wconf 79' lang='lat' dir='ltr'><strong>fuerit?</strong></span> <span class='ocrx_word' id='word_1_156' title='bbox 2375 880 2536 937; x_wconf 74' lang='lat' dir='ltr'><strong>Certe</strong></span> <span class='ocrx_word' id='word_1_157' title='bbox 2564 898 2683 939; x_wconf 89' lang='lat' dir='ltr'><strong>cum</strong></span> <span class='ocrx_word' id='word_1_158' title='bbox 2713 885 2781 937; x_wconf 90' lang='lat' dir='ltr'><strong>ad</strong></span> <span class='ocrx_word' id='word_1_159' title='bbox 2825 900 2979 947; x_wconf 84' lang='lat' dir='ltr'><strong>usum</strong></span> <span class='ocrx_word' id='word_1_160' title='bbox 3010 884 3327 958; x_wconf 86' lang='lat' dir='ltr'><strong>lectionum,</strong></span> <span class='ocrx_word' id='word_1_161' title='bbox 3368 901 3421 945; x_wconf 90' lang='lat' dir='ltr'><strong>ut</strong></span> 
     </span>
    </p>
   </div>
   <div class='ocr_carea' id='block_1_22' title="bbox 1842 968 3421 1048">
    <p class='ocr_par' dir='ltr' id='par_1_22' title="bbox 1842 968 3421 1048">
     <span class='ocr_line' id='line_1_22' title="bbox 1842 968 3421 1048; baseline 0.009 -25"><span class='ocrx_word' id='word_1_162' title='bbox 1842 968 1968 1035; x_wconf 78' lang='lat' dir='ltr'><strong>dixi,</strong></span> <span class='ocrx_word' id='word_1_163' title='bbox 2001 974 2407 1029; x_wconf 88' lang='lat' dir='ltr'><strong>accommodata</strong></span> <span class='ocrx_word' id='word_1_164' title='bbox 2430 975 2645 1044; x_wconf 81' lang='lat' dir='ltr'><strong>iuerint,</strong></span> <span class='ocrx_word' id='word_1_165' title='bbox 2680 992 2789 1037; x_wconf 86' lang='lat' dir='ltr'><strong>non</strong></span> <span class='ocrx_word' id='word_1_166' title='bbox 2818 979 3012 1035; x_wconf 90' lang='lat' dir='ltr'><strong>mirum</strong></span> <span class='ocrx_word' id='word_1_167' title='bbox 3046 980 3214 1035; x_wconf 86' lang='lat' dir='ltr'><strong>videri</strong></span> <span class='ocrx_word' id='word_1_168' title='bbox 3238 981 3421 1048; x_wconf 76' lang='lat' dir='ltr'><strong>debet,</strong></span> 
     </span>
    </p>
   </div>
   <div class='ocr_carea' id='block_1_23' title="bbox 1842 1064 3421 1140">
    <p class='ocr_par' dir='ltr' id='par_1_23' title="bbox 1842 1064 3421 1140">
     <span class='ocr_line' id='line_1_23' title="bbox 1842 1064 3421 1140; baseline 0.004 -21"><span class='ocrx_word' id='word_1_169' title='bbox 1842 1064 1886 1119; x_wconf 89' lang='lat' dir='ltr'><strong>si</strong></span> <span class='ocrx_word' id='word_1_170' title='bbox 1911 1065 2089 1133; x_wconf 87' lang='lat' dir='ltr'><strong>aliqua</strong></span> <span class='ocrx_word' id='word_1_171' title='bbox 2116 1072 2209 1119; x_wconf 87' lang='lat' dir='ltr'><strong>aut</strong></span> <span class='ocrx_word' id='word_1_172' title='bbox 2230 1067 2499 1135; x_wconf 71' lang='lat' dir='ltr'><strong>prmterita</strong></span> <span class='ocrx_word' id='word_1_173' title='bbox 2531 1068 2747 1133; x_wconf 81' lang='lat' dir='ltr'><strong>fuerint,</strong></span> <span class='ocrx_word' id='word_1_174' title='bbox 2778 1078 2871 1125; x_wconf 90' lang='lat' dir='ltr'><strong>aut</strong></span> <span class='ocrx_word' id='word_1_175' title='bbox 2897 1070 3129 1140; x_wconf 86' lang='lat' dir='ltr'><strong>adjecta.</strong></span> <span class='ocrx_word' id='word_1_176' title='bbox 3180 1071 3250 1126; x_wconf 88' lang='lat' dir='ltr'><strong>Et</strong></span> <span class='ocrx_word' id='word_1_177' title='bbox 3295 1071 3421 1128; x_wconf 87' lang='lat' dir='ltr'><strong>Bol-</strong></span> 
     </span>
    </p>
   </div>
   <div class='ocr_carea' id='block_1_24' title="bbox 1843 1157 3423 1232">
    <p class='ocr_par' dir='ltr' id='par_1_24' title="bbox 1843 1157 3423 1232">
     <span class='ocr_line' id='line_1_24' title="bbox 1843 1157 3423 1232; baseline 0.005 -21"><span class='ocrx_word' id='word_1_178' title='bbox 1843 1157 2078 1212; x_wconf 87' lang='lat' dir='ltr'><strong>landiatti</strong></span> <span class='ocrx_word' id='word_1_179' title='bbox 2121 1158 2338 1228; x_wconf 86' lang='lat' dir='ltr'><strong>quidem</strong></span> <span class='ocrx_word' id='word_1_180' title='bbox 2370 1159 2612 1215; x_wconf 84' lang='lat' dir='ltr'><strong>nonnihil</strong></span> <span class='ocrx_word' id='word_1_181' title='bbox 2660 1162 2989 1232; x_wconf 70' lang='lat' dir='ltr'><strong>praeteritum</strong></span> <span class='ocrx_word' id='word_1_182' title='bbox 3030 1164 3297 1221; x_wconf 82' lang='lat' dir='ltr'><strong>innnuntt</strong></span> <span class='ocrx_word' id='word_1_183' title='bbox 3330 1164 3423 1222; x_wconf 75' lang='lat' dir='ltr'><strong>sed</strong></span> 
     </span>
    </p>
   </div>
   <div class='ocr_carea' id='block_1_25' title="bbox 1844 1249 3423 1323">
    <p class='ocr_par' dir='ltr' id='par_1_25' title="bbox 1844 1249 3423 1323">
     <span class='ocr_line' id='line_1_25' title="bbox 1844 1249 3423 1323; baseline 0.008 -21"><span class='ocrx_word' id='word_1_184' title='bbox 1844 1249 1910 1303; x_wconf 92' lang='lat' dir='ltr'><strong>ab</strong></span> <span class='ocrx_word' id='word_1_185' title='bbox 1940 1250 2370 1319; x_wconf 85' lang='lat' dir='ltr'><strong>interpolationis</strong></span> <span class='ocrx_word' id='word_1_186' title='bbox 2423 1250 2689 1308; x_wconf 82' lang='lat' dir='ltr'><strong>fermento</strong></span> <span class='ocrx_word' id='word_1_187' title='bbox 2754 1270 2885 1323; x_wconf 90' lang='lat' dir='ltr'><strong>pura</strong></span> <span class='ocrx_word' id='word_1_188' title='bbox 2939 1254 3071 1311; x_wconf 82' lang='lat' dir='ltr'><strong>Acta</strong></span> <span class='ocrx_word' id='word_1_189' title='bbox 3125 1256 3423 1317; x_wconf 75' lang='lat' dir='ltr'><strong>declarant.</strong></span> 
     </span>
    </p>
   </div>
   <div class='ocr_carea' id='block_1_26' title="bbox 1843 1339 3423 1416">
    <p class='ocr_par' dir='ltr' id='par_1_26' title="bbox 1843 1339 3423 1416">
     <span class='ocr_line' id='line_1_26' title="bbox 1843 1339 3423 1416; baseline 0.004 -21"><span class='ocrx_word' id='word_1_190' title='bbox 1843 1339 2175 1399; x_wconf 83' lang='lat' dir='ltr'><strong>Crediderim</strong></span> <span class='ocrx_word' id='word_1_191' title='bbox 2216 1351 2417 1409; x_wconf 87' lang='lat' dir='ltr'><strong>tamen,</strong></span> <span class='ocrx_word' id='word_1_192' title='bbox 2447 1344 2734 1413; x_wconf 86' lang='lat' dir='ltr'><strong>posteriori</strong></span> <span class='ocrx_word' id='word_1_193' title='bbox 2758 1354 2919 1402; x_wconf 60' lang='lat' dir='ltr'><strong>astate</strong></span> <span class='ocrx_word' id='word_1_194' title='bbox 2944 1347 3178 1414; x_wconf 82' lang='lat' dir='ltr'><strong>adjecta,</strong></span> <span class='ocrx_word' id='word_1_195' title='bbox 3209 1362 3331 1416; x_wconf 69' lang='lat' dir='ltr'><strong>qua:</strong></span> <span class='ocrx_word' id='word_1_196' title='bbox 3358 1347 3423 1402; x_wconf 84' lang='lat' dir='ltr'><strong>de</strong></span> 
     </span>
    </p>
   </div>
   <div class='ocr_carea' id='block_1_27' title="bbox 1843 1433 3425 1508">
    <p class='ocr_par' dir='ltr' id='par_1_27' title="bbox 1843 1433 3425 1508">
     <span class='ocr_line' id='line_1_27' title="bbox 1843 1433 3425 1508; baseline 0.003 -20"><span class='ocrx_word' id='word_1_197' title='bbox 1843 1433 2136 1499; x_wconf 86' lang='lat' dir='ltr'><strong>miraculis,</strong></span> <span class='ocrx_word' id='word_1_198' title='bbox 2172 1434 2405 1497; x_wconf 72' lang='lat' dir='ltr'><strong>lectione</strong></span> <span class='ocrx_word' id='word_1_199' title='bbox 2442 1434 2496 1503; x_wconf 82' lang='lat'><strong>8,</strong></span> <span class='ocrx_word' id='word_1_200' title='bbox 2530 1436 2803 1505; x_wconf 87' lang='lat' dir='ltr'><strong>dicuntur,</strong></span> <span class='ocrx_word' id='word_1_201' title='bbox 2830 1438 3034 1493; x_wconf 84' lang='lat' dir='ltr'><strong>silentio</strong></span> <span class='ocrx_word' id='word_1_202' title='bbox 3065 1440 3275 1501; x_wconf 82' lang='lat' dir='ltr'><strong>obtectis</strong></span> <span class='ocrx_word' id='word_1_203' title='bbox 3303 1454 3425 1508; x_wconf 76' lang='lat' dir='ltr'><strong>par-</strong></span> 
     </span>
    </p>
   </div>
   <div class='ocr_carea' id='block_1_28' title="bbox 1844 1527 3426 1601">
    <p class='ocr_par' dir='ltr' id='par_1_28' title="bbox 1844 1527 3426 1601">
     <span class='ocr_line' id='line_1_28' title="bbox 1844 1527 3426 1601; baseline 0.008 -22"><span class='ocrx_word' id='word_1_204' title='bbox 1844 1527 1936 1579; x_wconf 88' lang='lat' dir='ltr'><strong>tim</strong></span> <span class='ocrx_word' id='word_1_205' title='bbox 1982 1527 2257 1597; x_wconf 78' lang='lat' dir='ltr'><strong>imperitia,</strong></span> <span class='ocrx_word' id='word_1_206' title='bbox 2289 1528 2481 1597; x_wconf 78' lang='lat' dir='ltr'><strong>partim</strong></span> <span class='ocrx_word' id='word_1_207' title='bbox 2521 1528 2854 1600; x_wconf 80' lang='lat' dir='ltr'><strong>negligentia.</strong></span> <span class='ocrx_word' id='word_1_208' title='bbox 2913 1529 3024 1601; x_wconf 54' lang='lat'><strong>‘3</strong></span> <span class='ocrx_word' id='word_1_209' title='bbox 3077 1530 3146 1584; x_wconf 83' lang='lat' dir='ltr'><strong>Et</strong></span> <span class='ocrx_word' id='word_1_210' title='bbox 3182 1546 3303 1600; x_wconf 66' lang='lat' dir='ltr'><strong>quae</strong></span> <span class='ocrx_word' id='word_1_211' title='bbox 3346 1547 3426 1597; x_wconf 61' lang='lat'><strong>8.8-</strong></span> 
     </span>
    </p>
   </div>
   <div class='ocr_carea' id='block_1_29' title="bbox 1844 1616 3429 1695">
    <p class='ocr_par' dir='ltr' id='par_1_29' title="bbox 1844 1616 3429 1695">
     <span class='ocr_line' id='line_1_29' title="bbox 1844 1616 3429 1695; baseline 0.004 -22"><span class='ocrx_word' id='word_1_212' title='bbox 1844 1627 2078 1688; x_wconf 90' lang='lat' dir='ltr'><strong>quuntur</strong></span> <span class='ocrx_word' id='word_1_213' title='bbox 2113 1636 2126 1671; x_wconf 86' lang='lat'><strong>:</strong></span> <span class='ocrx_word' id='word_1_214' title='bbox 2162 1616 2311 1684; x_wconf 80' lang='lat' dir='ltr'><strong>Quod</strong></span> <span class='ocrx_word' id='word_1_215' title='bbox 2339 1622 2384 1674; x_wconf 89' lang='lat' dir='ltr'><strong>si</strong></span> <span class='ocrx_word' id='word_1_216' title='bbox 2410 1621 2622 1676; x_wconf 83' lang='lat' dir='ltr'><strong>indubia</strong></span> <span class='ocrx_word' id='word_1_217' title='bbox 2650 1622 2778 1689; x_wconf 80' lang='lat' dir='ltr'><strong>ﬁdes</strong></span> <span class='ocrx_word' id='word_1_218' title='bbox 2797 1631 3057 1693; x_wconf 82' lang='lat' dir='ltr'><strong>petentum</strong></span> <span class='ocrx_word' id='word_1_219' title='bbox 3082 1625 3257 1695; x_wconf 66' lang='lat' dir='ltr'><strong>exigat</strong></span> <span class='ocrx_word' id='word_1_220' title='bbox 3281 1664 3295 1690; x_wconf 95' lang='lat'><strong>,</strong></span> <span class='ocrx_word' id='word_1_221' title='bbox 3329 1641 3429 1679; x_wconf 83' lang='lat' dir='ltr'><strong>non</strong></span> 
     </span>
    </p>
   </div>
   <div class='ocr_carea' id='block_1_30' title="bbox 1848 1709 3418 1787">
    <p class='ocr_par' dir='ltr' id='par_1_30' title="bbox 1848 1709 3418 1787">
     <span class='ocr_line' id='line_1_30' title="bbox 1848 1709 3418 1787; baseline 0.006 -24"><span class='ocrx_word' id='word_1_222' title='bbox 1848 1710 2121 1765; x_wconf 83' lang='lat' dir='ltr'><strong>dissimilia</strong></span> <span class='ocrx_word' id='word_1_223' title='bbox 2138 1709 2390 1769; x_wconf 85' lang='lat' dir='ltr'><strong>Dominus</strong></span> <span class='ocrx_word' id='word_1_224' title='bbox 2419 1721 2595 1767; x_wconf 86' lang='lat' dir='ltr'><strong>noster</strong></span> <span class='ocrx_word' id='word_1_225' title='bbox 2622 1711 2774 1775; x_wconf 77' lang='lat' dir='ltr'><strong>Jesus</strong></span> <span class='ocrx_word' id='word_1_226' title='bbox 2803 1713 3036 1770; x_wconf 77' lang='lat' dir='ltr'><strong>Christus</strong></span> <span class='ocrx_word' id='word_1_227' title='bbox 3060 1732 3153 1786; x_wconf 85' lang='lat' dir='ltr'><strong>per</strong></span> <span class='ocrx_word' id='word_1_228' title='bbox 3180 1717 3418 1787; x_wconf 80' lang='lat' dir='ltr'><strong>confesso</strong></span> 
     </span>
    </p>
   </div>
   <div class='ocr_carea' id='block_1_31' title="bbox 1845 1803 3011 1875">
    <p class='ocr_par' dir='ltr' id='par_1_31' title="bbox 1845 1803 3011 1875">
     <span class='ocr_line' id='line_1_31' title="bbox 1845 1803 3011 1875; baseline 0.003 -19"><span class='ocrx_word' id='word_1_229' title='bbox 1845 1818 1954 1856; x_wconf 88' lang='lat' dir='ltr'><strong>rem</strong></span> <span class='ocrx_word' id='word_1_230' title='bbox 1978 1818 2125 1856; x_wconf 86' lang='lat' dir='ltr'><strong>suum</strong></span> <span class='ocrx_word' id='word_1_231' title='bbox 2153 1818 2312 1873; x_wconf 82' lang='lat' dir='ltr'><strong>usque</strong></span> <span class='ocrx_word' id='word_1_232' title='bbox 2337 1803 2488 1859; x_wconf 81' lang='lat' dir='ltr'><strong>hodie</strong></span> <span class='ocrx_word' id='word_1_233' title='bbox 2515 1804 2761 1875; x_wconf 71' lang='lat' dir='ltr'><strong>dignatur</strong></span> <span class='ocrx_word' id='word_1_234' title='bbox 2788 1806 3011 1875; x_wconf 79' lang='lat' dir='ltr'><strong>operari.</strong></span> 
     </span>
    </p>
   </div>
   <div class='ocr_carea' id='block_1_32' title="bbox 158 1892 3491 1978">
    <p class='ocr_par' dir='ltr' id='par_1_32' title="bbox 158 1892 3491 1978">
     <span class='ocr_line' id='line_1_32' title="bbox 158 1892 3491 1978; baseline -0.002 -15"><span class='ocrx_word' id='word_1_235' title='bbox 158 1917 331 1963; x_wconf 84' lang='lat' dir='ltr'><strong>autem</strong></span> <span class='ocrx_word' id='word_1_236' title='bbox 393 1914 609 1978; x_wconf 85' lang='lat' dir='ltr'><strong>oportet</strong></span> <span class='ocrx_word' id='word_1_237' title='bbox 655 1904 936 1961; x_wconf 88' lang='lat' dir='ltr'><strong>historiam</strong></span> <span class='ocrx_word' id='word_1_238' title='bbox 999 1900 1399 1966; x_wconf 85' lang='lat' dir='ltr'><strong>translationis,</strong></span> <span class='ocrx_word' id='word_1_239' title='bbox 1450 1898 1565 1955; x_wconf 88' lang='lat' dir='ltr'><strong>sive</strong></span> <span class='ocrx_word' id='word_1_240' title='bbox 1608 1896 1740 1951; x_wconf 83' lang='lat' dir='ltr'><strong>Acta</strong></span> <span class='ocrx_word' id='word_1_241' title='bbox 1770 1895 1821 1967; x_wconf 66' lang='grc' dir='ltr'><strong><em>Β</em></strong></span> <span class='ocrx_word' id='word_1_242' title='bbox 1919 1892 2003 1947; x_wconf 67' lang='grc'><strong>12.</strong></span> <span class='ocrx_word' id='word_1_243' title='bbox 2061 1893 2193 1947; x_wconf 76' lang='lat' dir='ltr'><strong>Nam</strong></span> <span class='ocrx_word' id='word_1_244' title='bbox 2223 1905 2582 1965; x_wconf 73' lang='lat' dir='ltr'><strong>pratterquam</strong></span> <span class='ocrx_word' id='word_1_245' title='bbox 2608 1897 2751 1966; x_wconf 87' lang='lat' dir='ltr'><strong>quod</strong></span> <span class='ocrx_word' id='word_1_246' title='bbox 2801 1898 3066 1967; x_wconf 77' lang='lat' dir='ltr'><strong>sequioris</strong></span> <span class='ocrx_word' id='word_1_247' title='bbox 3101 1898 3201 1959; x_wconf 80' lang='lat' dir='ltr'><strong>aevi</strong></span> <span class='ocrx_word' id='word_1_248' title='bbox 3228 1913 3293 1959; x_wconf 81' lang='lat' dir='ltr'><strong>ea</strong></span> <span class='ocrx_word' id='word_1_249' title='bbox 3340 1899 3432 1965; x_wconf 78' lang='lat' dir='ltr'><strong>luit</strong></span> <span class='ocrx_word' id='word_1_250' title='bbox 3482 1922 3491 1930; x_wconf 53' lang='grc' dir='ltr'><strong>ι</strong></span> 
     </span>
    </p>
   </div>
   <div class='ocr_carea' id='block_1_33' title="bbox 158 1988 1745 2067">
    <p class='ocr_par' dir='ltr' id='par_1_33' title="bbox 158 1988 1745 2067">
     <span class='ocr_line' id='line_1_33' title="bbox 158 1988 1745 2067; baseline -0.007 -13"><span class='ocrx_word' id='word_1_251' title='bbox 158 1999 429 2063; x_wconf 85' lang='lat' dir='ltr'><strong>uberiora,</strong></span> <span class='ocrx_word' id='word_1_252' title='bbox 486 2010 607 2067; x_wconf 73' lang='lat' dir='ltr'><strong>quae</strong></span> <span class='ocrx_word' id='word_1_253' title='bbox 654 1993 989 2050; x_wconf 88' lang='lat' dir='ltr'><strong>Bollandiani</strong></span> <span class='ocrx_word' id='word_1_254' title='bbox 1014 1992 1082 2049; x_wconf 91' lang='lat' dir='ltr'><strong>ad</strong></span> <span class='ocrx_word' id='word_1_255' title='bbox 1112 1992 1254 2047; x_wconf 88' lang='lat' dir='ltr'><strong>diem</strong></span> <span class='ocrx_word' id='word_1_256' title='bbox 1278 1991 1312 2043; x_wconf 70' lang='grc' dir='ltr'><strong><em>ι</em></strong></span> <span class='ocrx_word' id='word_1_257' title='bbox 1338 1990 1535 2060; x_wconf 83' lang='lat' dir='ltr'><strong>Aprilis</strong></span> <span class='ocrx_word' id='word_1_258' title='bbox 1565 1988 1745 2044; x_wconf 87' lang='lat' dir='ltr'><strong>edide-</strong></span> 
     </span>
    </p>
   </div>
   <div class='ocr_carea' id='block_1_34' title="bbox 158 2082 1747 2158">
    <p class='ocr_par' dir='ltr' id='par_1_34' title="bbox 158 2082 1747 2158">
     <span class='ocr_line' id='line_1_34' title="bbox 158 2082 1747 2158; baseline -0.005 -14"><span class='ocrx_word' id='word_1_259' title='bbox 158 2098 296 2158; x_wconf 86' lang='lat' dir='ltr'><strong>runt,</strong></span> <span class='ocrx_word' id='word_1_260' title='bbox 342 2089 416 2144; x_wconf 83' lang='lat' dir='ltr'><strong>ab</strong></span> <span class='ocrx_word' id='word_1_261' title='bbox 466 2086 615 2143; x_wconf 83' lang='lat' dir='ltr'><strong>Actis</strong></span> <span class='ocrx_word' id='word_1_262' title='bbox 662 2085 1000 2142; x_wconf 80' lang='lat' dir='ltr'><strong>brevioribus</strong></span> <span class='ocrx_word' id='word_1_263' title='bbox 1043 2084 1325 2152; x_wconf 81' lang='lat' dir='ltr'><strong>magisque</strong></span> <span class='ocrx_word' id='word_1_264' title='bbox 1371 2082 1600 2138; x_wconf 88' lang='lat' dir='ltr'><strong>sinceris</strong></span> <span class='ocrx_word' id='word_1_265' title='bbox 1626 2096 1747 2151; x_wconf 76' lang='lat' dir='ltr'><strong>quae</strong></span> 
     </span>
    </p>
   </div>
   <div class='ocr_carea' id='block_1_35' title="bbox 162 2174 1751 2247">
    <p class='ocr_par' dir='ltr' id='par_1_35' title="bbox 162 2174 1751 2247">
     <span class='ocr_line' id='line_1_35' title="bbox 162 2174 1751 2247; baseline -0.003 -13"><span class='ocrx_word' id='word_1_266' title='bbox 162 2180 318 2236; x_wconf 89' lang='lat' dir='ltr'><strong>iidem</strong></span> <span class='ocrx_word' id='word_1_267' title='bbox 351 2178 695 2235; x_wconf 90' lang='lat' dir='ltr'><strong>Bollandiani</strong></span> <span class='ocrx_word' id='word_1_268' title='bbox 723 2177 778 2232; x_wconf 90' lang='lat' dir='ltr'><strong>in</strong></span> <span class='ocrx_word' id='word_1_269' title='bbox 801 2175 1100 2247; x_wconf 82' lang='lat' dir='ltr'><strong>appendiee</strong></span> <span class='ocrx_word' id='word_1_270' title='bbox 1118 2177 1186 2231; x_wconf 88' lang='lat' dir='ltr'><strong>ad</strong></span> <span class='ocrx_word' id='word_1_271' title='bbox 1209 2176 1351 2232; x_wconf 87' lang='lat' dir='ltr'><strong>diem</strong></span> <span class='ocrx_word' id='word_1_272' title='bbox 1376 2174 1411 2228; x_wconf 71' lang='grc'><strong>4</strong></span> <span class='ocrx_word' id='word_1_273' title='bbox 1437 2174 1654 2245; x_wconf 84' lang='lat' dir='ltr'><strong>Aprilis,</strong></span> <span class='ocrx_word' id='word_1_274' title='bbox 1693 2181 1751 2230; x_wconf 90' lang='lat' dir='ltr'><strong>et</strong></span> 
     </span>
    </p>
   </div>
   <div class='ocr_carea' id='block_1_36' title="bbox 156 2268 1745 2340">
    <p class='ocr_par' dir='ltr' id='par_1_36' title="bbox 156 2268 1745 2340">
     <span class='ocr_line' id='line_1_36' title="bbox 156 2268 1745 2340; baseline -0.003 -14"><span class='ocrx_word' id='word_1_275' title='bbox 156 2272 345 2327; x_wconf 82' lang='lat' dir='ltr'><strong>deinde</strong></span> <span class='ocrx_word' id='word_1_276' title='bbox 386 2271 664 2328; x_wconf 84' lang='lat' dir='ltr'><strong>Florezius</strong></span> <span class='ocrx_word' id='word_1_277' title='bbox 714 2280 843 2325; x_wconf 92' lang='lat' dir='ltr'><strong>tom.</strong></span> <span class='ocrx_word' id='word_1_278' title='bbox 878 2268 971 2338; x_wconf 82' lang='lat' dir='ltr'><strong>IX,</strong></span> <span class='ocrx_word' id='word_1_279' title='bbox 1002 2269 1235 2340; x_wconf 90' lang='lat' dir='ltr'><strong>append.</strong></span> <span class='ocrx_word' id='word_1_280' title='bbox 1284 2268 1338 2335; x_wconf 90' lang='lat'><strong>7,</strong></span> <span class='ocrx_word' id='word_1_281' title='bbox 1385 2268 1745 2337; x_wconf 78' lang='lat' dir='ltr'><strong>divulgarunt.</strong></span> 
     </span>
    </p>
   </div>
   <div class='ocr_carea' id='block_1_37' title="bbox 154 2360 1748 2433">
    <p class='ocr_par' dir='ltr' id='par_1_37' title="bbox 154 2360 1748 2433">
     <span class='ocr_line' id='line_1_37' title="bbox 154 2360 1748 2433; baseline -0.003 -12"><span class='ocrx_word' id='word_1_282' title='bbox 154 2365 432 2423; x_wconf 76' lang='lat' dir='ltr'><strong>Florezius</strong></span> <span class='ocrx_word' id='word_1_283' title='bbox 484 2382 516 2422; x_wconf 89' lang='lat' dir='ltr'><strong>e</strong></span> <span class='ocrx_word' id='word_1_284' title='bbox 568 2381 670 2423; x_wconf 85' lang='lat' dir='ltr'><strong>ms.</strong></span> <span class='ocrx_word' id='word_1_285' title='bbox 727 2364 927 2420; x_wconf 82' lang='lat' dir='ltr'><strong>Codice</strong></span> <span class='ocrx_word' id='word_1_286' title='bbox 956 2360 1205 2429; x_wconf 84' lang='lat' dir='ltr'><strong>Gothico,</strong></span> <span class='ocrx_word' id='word_1_287' title='bbox 1264 2360 1318 2416; x_wconf 91' lang='lat' dir='ltr'><strong>in</strong></span> <span class='ocrx_word' id='word_1_288' title='bbox 1359 2377 1466 2433; x_wconf 90' lang='lat' dir='ltr'><strong>quo</strong></span> <span class='ocrx_word' id='word_1_289' title='bbox 1509 2361 1748 2416; x_wconf 86' lang='lat' dir='ltr'><strong>narratio</strong></span> 
     </span>
    </p>
   </div>
   <div class='ocr_carea' id='block_1_38' title="bbox 154 2454 1746 2530">
    <p class='ocr_par' dir='ltr' id='par_1_38' title="bbox 154 2454 1746 2530">
     <span class='ocr_line' id='line_1_38' title="bbox 154 2454 1746 2530; baseline -0.004 -15"><span class='ocrx_word' id='word_1_290' title='bbox 154 2475 370 2530; x_wconf 85' lang='lat' dir='ltr'><strong>quoque</strong></span> <span class='ocrx_word' id='word_1_291' title='bbox 396 2459 677 2529; x_wconf 79' lang='lat' dir='ltr'><strong>Redempti</strong></span> <span class='ocrx_word' id='word_1_292' title='bbox 700 2459 766 2513; x_wconf 90' lang='lat' dir='ltr'><strong>de</strong></span> <span class='ocrx_word' id='word_1_293' title='bbox 796 2457 946 2513; x_wconf 90' lang='lat' dir='ltr'><strong>obitu</strong></span> <span class='ocrx_word' id='word_1_294' title='bbox 990 2455 1200 2523; x_wconf 90' lang='lat' dir='ltr'><strong>Isidori,</strong></span> <span class='ocrx_word' id='word_1_295' title='bbox 1249 2454 1466 2513; x_wconf 86' lang='lat' dir='ltr'><strong>diverso</strong></span> <span class='ocrx_word' id='word_1_296' title='bbox 1495 2454 1746 2523; x_wconf 86' lang='lat' dir='ltr'><strong>quamvis</strong></span> 
     </span>
    </p>
   </div>
   <div class='ocr_carea' id='block_1_39' title="bbox 155 2545 1748 2619">
    <p class='ocr_par' dir='ltr' id='par_1_39' title="bbox 155 2545 1748 2619">
     <span class='ocr_line' id='line_1_39' title="bbox 155 2545 1748 2619; baseline -0.003 -14"><span class='ocrx_word' id='word_1_297' title='bbox 155 2551 491 2618; x_wconf 86' lang='lat' dir='ltr'><strong>charactere,</strong></span> <span class='ocrx_word' id='word_1_298' title='bbox 535 2560 684 2617; x_wconf 89' lang='lat' dir='ltr'><strong>erat,</strong></span> <span class='ocrx_word' id='word_1_299' title='bbox 741 2550 873 2606; x_wconf 85' lang='lat' dir='ltr'><strong>Acta</strong></span> <span class='ocrx_word' id='word_1_300' title='bbox 926 2549 1031 2619; x_wconf 52' lang='lat'><strong>[‘7</strong></span> <span class='ocrx_word' id='word_1_301' title='bbox 1079 2546 1355 2614; x_wconf 83' lang='lat' dir='ltr'><strong>correxit,</strong></span> <span class='ocrx_word' id='word_1_302' title='bbox 1416 2554 1472 2602; x_wconf 90' lang='lat' dir='ltr'><strong>et</strong></span> <span class='ocrx_word' id='word_1_303' title='bbox 1519 2545 1748 2616; x_wconf 78' lang='lat' dir='ltr'><strong>prologo</strong></span> 
     </span>
    </p>
   </div>
   <div class='ocr_carea' id='block_1_40' title="bbox 153 2634 1750 2713">
    <p class='ocr_par' dir='ltr' id='par_1_40' title="bbox 153 2634 1750 2713">
     <span class='ocr_line' id='line_1_40' title="bbox 153 2634 1750 2713; baseline -0.005 -16"><span class='ocrx_word' id='word_1_304' title='bbox 153 2642 301 2697; x_wconf 86' lang='lat' dir='ltr'><strong>brevi</strong></span> <span class='ocrx_word' id='word_1_305' title='bbox 331 2644 504 2708; x_wconf 70' lang='lat' dir='ltr'><strong>auxit,</strong></span> <span class='ocrx_word' id='word_1_306' title='bbox 531 2658 692 2713; x_wconf 86' lang='lat' dir='ltr'><strong>quem</strong></span> <span class='ocrx_word' id='word_1_307' title='bbox 720 2642 773 2697; x_wconf 91' lang='lat' dir='ltr'><strong>in</strong></span> <span class='ocrx_word' id='word_1_308' title='bbox 793 2656 892 2699; x_wconf 87' lang='lat' dir='ltr'><strong>suo</strong></span> <span class='ocrx_word' id='word_1_309' title='bbox 918 2638 1218 2710; x_wconf 78' lang='lat' dir='ltr'><strong>exemplari</strong></span> <span class='ocrx_word' id='word_1_310' title='bbox 1272 2636 1573 2695; x_wconf 84' lang='lat' dir='ltr'><strong>desiderari</strong></span> <span class='ocrx_word' id='word_1_311' title='bbox 1623 2634 1750 2690; x_wconf 86' lang='lat' dir='ltr'><strong>Bol-</strong></span> 
     </span>
    </p>
   </div>
   <div class='ocr_carea' id='block_1_41' title="bbox 152 2731 789 2790">
    <p class='ocr_par' dir='ltr' id='par_1_41' title="bbox 152 2731 789 2790">
     <span class='ocr_line' id='line_1_41' title="bbox 152 2731 789 2790; baseline 0.002 -4"><span class='ocrx_word' id='word_1_312' title='bbox 152 2731 393 2790; x_wconf 89' lang='lat' dir='ltr'><strong>landiani</strong></span> <span class='ocrx_word' id='word_1_313' title='bbox 425 2735 789 2790; x_wconf 88' lang='lat' dir='ltr'><strong>adverterant.</strong></span> 
     </span>
    </p>
   </div>
   <div class='ocr_carea' id='block_1_42' title="bbox 224 2816 1745 2893">
    <p class='ocr_par' dir='ltr' id='par_1_42' title="bbox 224 2816 1745 2893">
     <span class='ocr_line' id='line_1_42' title="bbox 224 2816 1745 2893; baseline -0.007 -12"><span class='ocrx_word' id='word_1_314' title='bbox 224 2825 281 2882; x_wconf 82' lang='lat'><strong>9.</strong></span> <span class='ocrx_word' id='word_1_315' title='bbox 326 2824 455 2881; x_wconf 75' lang='lat' dir='ltr'><strong>Haec</strong></span> <span class='ocrx_word' id='word_1_316' title='bbox 477 2839 692 2893; x_wconf 87' lang='lat' dir='ltr'><strong>quoque</strong></span> <span class='ocrx_word' id='word_1_317' title='bbox 730 2822 866 2878; x_wconf 86' lang='lat' dir='ltr'><strong>Acta</strong></span> <span class='ocrx_word' id='word_1_318' title='bbox 907 2822 959 2877; x_wconf 91' lang='lat' dir='ltr'><strong>in</strong></span> <span class='ocrx_word' id='word_1_319' title='bbox 987 2821 1224 2877; x_wconf 88' lang='lat' dir='ltr'><strong>editione</strong></span> <span class='ocrx_word' id='word_1_320' title='bbox 1270 2834 1411 2875; x_wconf 87' lang='lat' dir='ltr'><strong>nova</strong></span> <span class='ocrx_word' id='word_1_321' title='bbox 1439 2816 1745 2873; x_wconf 83' lang='lat' dir='ltr'><strong>Matritensi</strong></span> 
     </span>
    </p>
   </div>
   <div class='ocr_carea' id='block_1_43' title="bbox 149 2910 1753 2985">
    <p class='ocr_par' dir='ltr' id='par_1_43' title="bbox 149 2910 1753 2985">
     <span class='ocr_line' id='line_1_43' title="bbox 149 2910 1753 2985; baseline -0.006 -12"><span class='ocrx_word' id='word_1_322' title='bbox 149 2928 287 2975; x_wconf 90' lang='lat' dir='ltr'><strong>tom.</strong></span> <span class='ocrx_word' id='word_1_323' title='bbox 318 2915 369 2972; x_wconf 93' lang='lat' dir='ltr'><strong>II</strong></span> <span class='ocrx_word' id='word_1_324' title='bbox 390 2917 531 2970; x_wconf 87' lang='lat' dir='ltr'><strong>inter</strong></span> <span class='ocrx_word' id='word_1_325' title='bbox 567 2914 913 2985; x_wconf 86' lang='lat' dir='ltr'><strong>appendices,</strong></span> <span class='ocrx_word' id='word_1_326' title='bbox 962 2929 1016 2984; x_wconf 91' lang='lat' dir='ltr'><strong>p.</strong></span> <span class='ocrx_word' id='word_1_327' title='bbox 1043 2911 1132 2977; x_wconf 82' lang='grc'><strong>61,</strong></span> <span class='ocrx_word' id='word_1_328' title='bbox 1190 2928 1260 2968; x_wconf 79' lang='lat' dir='ltr'><strong>ex</strong></span> <span class='ocrx_word' id='word_1_329' title='bbox 1308 2910 1416 2967; x_wconf 89' lang='lat' dir='ltr'><strong>alio</strong></span> <span class='ocrx_word' id='word_1_330' title='bbox 1455 2910 1753 2980; x_wconf 83' lang='lat' dir='ltr'><strong>exemplari</strong></span> 
     </span>
    </p>
   </div>
   <div class='ocr_carea' id='block_1_44' title="bbox 144 3004 1748 3076">
    <p class='ocr_par' dir='ltr' id='par_1_44' title="bbox 144 3004 1748 3076">
     <span class='ocr_line' id='line_1_44' title="bbox 144 3004 1748 3076; baseline -0.004 -10"><span class='ocrx_word' id='word_1_331' title='bbox 144 3026 253 3067; x_wconf 84' lang='lat' dir='ltr'><strong>ms.</strong></span> <span class='ocrx_word' id='word_1_332' title='bbox 289 3010 492 3065; x_wconf 77' lang='lat' dir='ltr'><strong>inserta</strong></span> <span class='ocrx_word' id='word_1_333' title='bbox 514 3015 659 3076; x_wconf 89' lang='lat' dir='ltr'><strong>sunt,</strong></span> <span class='ocrx_word' id='word_1_334' title='bbox 703 3009 755 3062; x_wconf 90' lang='lat' dir='ltr'><strong>in</strong></span> <span class='ocrx_word' id='word_1_335' title='bbox 778 3022 974 3064; x_wconf 88' lang='lat' dir='ltr'><strong>novem</strong></span> <span class='ocrx_word' id='word_1_336' title='bbox 1030 3006 1287 3062; x_wconf 87' lang='lat' dir='ltr'><strong>lectiones</strong></span> <span class='ocrx_word' id='word_1_337' title='bbox 1316 3022 1416 3076; x_wconf 89' lang='lat' dir='ltr'><strong>pro</strong></span> <span class='ocrx_word' id='word_1_338' title='bbox 1458 3021 1557 3063; x_wconf 85' lang='lat' dir='ltr'><strong>usu</strong></span> <span class='ocrx_word' id='word_1_339' title='bbox 1588 3004 1748 3061; x_wconf 77' lang='lat' dir='ltr'><strong>ofﬁcii</strong></span> 
     </span>
    </p>
   </div>
   <div class='ocr_carea' id='block_1_45' title="bbox 148 3098 1748 3170">
    <p class='ocr_par' dir='ltr' id='par_1_45' title="bbox 148 3098 1748 3170">
     <span class='ocr_line' id='line_1_45' title="bbox 148 3098 1748 3170; baseline -0.005 -11"><span class='ocrx_word' id='word_1_340' title='bbox 148 3102 508 3160; x_wconf 88' lang='lat' dir='ltr'><strong>ecclesiastici</strong></span> <span class='ocrx_word' id='word_1_341' title='bbox 538 3101 841 3157; x_wconf 86' lang='lat' dir='ltr'><strong>distributa.</strong></span> <span class='ocrx_word' id='word_1_342' title='bbox 865 3099 971 3157; x_wconf 88' lang='lat' dir='ltr'><strong>Sed</strong></span> <span class='ocrx_word' id='word_1_343' title='bbox 996 3100 1244 3170; x_wconf 87' lang='lat' dir='ltr'><strong>quamvis</strong></span> <span class='ocrx_word' id='word_1_344' title='bbox 1264 3098 1507 3155; x_wconf 90' lang='lat' dir='ltr'><strong>editorin</strong></span> <span class='ocrx_word' id='word_1_345' title='bbox 1523 3098 1626 3152; x_wconf 88' lang='lat' dir='ltr'><strong>ima</strong></span> <span class='ocrx_word' id='word_1_346' title='bbox 1648 3112 1748 3167; x_wconf 88' lang='lat' dir='ltr'><strong>pa-</strong></span> 
     </span>
    </p>
   </div>
   <div class='ocr_carea' id='block_1_46' title="bbox 151 3190 1748 3263">
    <p class='ocr_par' dir='ltr' id='par_1_46' title="bbox 151 3190 1748 3263">
     <span class='ocr_line' id='line_1_46' title="bbox 151 3190 1748 3263; baseline -0.004 -15"><span class='ocrx_word' id='word_1_347' title='bbox 151 3195 273 3263; x_wconf 76' lang='lat' dir='ltr'><strong>gina</strong></span> <span class='ocrx_word' id='word_1_348' title='bbox 326 3201 550 3249; x_wconf 88' lang='lat' dir='ltr'><strong>moneat</strong></span> <span class='ocrx_word' id='word_1_349' title='bbox 598 3208 696 3248; x_wconf 86' lang='lat' dir='ltr'><strong>eas</strong></span> <span class='ocrx_word' id='word_1_350' title='bbox 743 3192 1005 3250; x_wconf 87' lang='lat' dir='ltr'><strong>lectiones</strong></span> <span class='ocrx_word' id='word_1_351' title='bbox 1055 3192 1125 3247; x_wconf 88' lang='lat' dir='ltr'><strong>ad</strong></span> <span class='ocrx_word' id='word_1_352' title='bbox 1163 3191 1393 3246; x_wconf 80' lang='lat' dir='ltr'><strong>litteram</strong></span> <span class='ocrx_word' id='word_1_353' title='bbox 1437 3190 1748 3260; x_wconf 89' lang='lat' dir='ltr'><strong>desumptas</strong></span> 
     </span>
    </p>
   </div>
   <div class='ocr_carea' id='block_1_47' title="bbox 1849 1988 3433 2061">
    <p class='ocr_par' dir='ltr' id='par_1_47' title="bbox 1849 1988 3433 2061">
     <span class='ocr_line' id='line_1_47' title="bbox 1849 1988 3433 2061; baseline 0.004 -19"><span class='ocrx_word' id='word_1_354' title='bbox 1849 1988 2205 2055; x_wconf 84' lang='lat' dir='ltr'><strong>consuetudo,</strong></span> <span class='ocrx_word' id='word_1_355' title='bbox 2233 1996 2292 2043; x_wconf 91' lang='lat' dir='ltr'><strong>ut</strong></span> <span class='ocrx_word' id='word_1_356' title='bbox 2316 1990 2549 2057; x_wconf 71' lang='lat' dir='ltr'><strong>genuina</strong></span> <span class='ocrx_word' id='word_1_357' title='bbox 2578 1999 2924 2053; x_wconf 88' lang='lat' dir='ltr'><strong>monumenta</strong></span> <span class='ocrx_word' id='word_1_358' title='bbox 2962 1990 3433 2061; x_wconf 76' lang='lat' dir='ltr'><strong>interpolarentur.</strong></span> 
     </span>
    </p>
   </div>
   <div class='ocr_carea' id='block_1_48' title="bbox 1849 2079 3433 2153">
    <p class='ocr_par' dir='ltr' id='par_1_48' title="bbox 1849 2079 3433 2153">
     <span class='ocr_line' id='line_1_48' title="bbox 1849 2079 3433 2153; baseline 0.004 -18"><span class='ocrx_word' id='word_1_359' title='bbox 1849 2079 1904 2135; x_wconf 90' lang='lat' dir='ltr'><strong>in</strong></span> <span class='ocrx_word' id='word_1_360' title='bbox 1936 2079 2127 2135; x_wconf 86' lang='lat' dir='ltr'><strong>ofliciis</strong></span> <span class='ocrx_word' id='word_1_361' title='bbox 2157 2080 2541 2143; x_wconf 72' lang='lat' dir='ltr'><strong>ecclesiasticis</strong></span> <span class='ocrx_word' id='word_1_362' title='bbox 2586 2083 2717 2139; x_wconf 85' lang='lat' dir='ltr'><strong>satis</strong></span> <span class='ocrx_word' id='word_1_363' title='bbox 2744 2081 3055 2151; x_wconf 75' lang='lat' dir='ltr'><strong>frequentes</strong></span> <span class='ocrx_word' id='word_1_364' title='bbox 3100 2093 3257 2149; x_wconf 83' lang='lat' dir='ltr'><strong>erant</strong></span> <span class='ocrx_word' id='word_1_365' title='bbox 3299 2085 3433 2153; x_wconf 86' lang='lat' dir='ltr'><strong>ejus-</strong></span> 
     </span>
    </p>
   </div>
   <div class='ocr_carea' id='block_1_49' title="bbox 1850 2170 3435 2243">
    <p class='ocr_par' dir='ltr' id='par_1_49' title="bbox 1850 2170 3435 2243">
     <span class='ocr_line' id='line_1_49' title="bbox 1850 2170 3435 2243; baseline 0.003 -16"><span class='ocrx_word' id='word_1_366' title='bbox 1850 2170 1998 2227; x_wconf 88' lang='lat' dir='ltr'><strong>modi</strong></span> <span class='ocrx_word' id='word_1_367' title='bbox 2022 2171 2368 2239; x_wconf 85' lang='lat' dir='ltr'><strong>mutationes,</strong></span> <span class='ocrx_word' id='word_1_368' title='bbox 2409 2173 2703 2243; x_wconf 70' lang='lat' dir='ltr'><strong>pratsertitn</strong></span> <span class='ocrx_word' id='word_1_369' title='bbox 2745 2189 2869 2229; x_wconf 90' lang='lat' dir='ltr'><strong>cum</strong></span> <span class='ocrx_word' id='word_1_370' title='bbox 2927 2174 3106 2230; x_wconf 89' lang='lat' dir='ltr'><strong>nullus</strong></span> <span class='ocrx_word' id='word_1_371' title='bbox 3138 2184 3318 2232; x_wconf 86' lang='lat' dir='ltr'><strong>certus</strong></span> <span class='ocrx_word' id='word_1_372' title='bbox 3345 2191 3435 2231; x_wconf 83' lang='lat' dir='ltr'><strong>au-</strong></span> 
     </span>
    </p>
   </div>
   <div class='ocr_carea' id='block_1_50' title="bbox 1851 2262 3439 2336">
    <p class='ocr_par' dir='ltr' id='par_1_50' title="bbox 1851 2262 3439 2336">
     <span class='ocr_line' id='line_1_50' title="bbox 1851 2262 3439 2336; baseline 0.004 -19"><span class='ocrx_word' id='word_1_373' title='bbox 1851 2270 1971 2318; x_wconf 83' lang='lat' dir='ltr'><strong>ctor</strong></span> <span class='ocrx_word' id='word_1_374' title='bbox 2024 2262 2319 2325; x_wconf 83' lang='lat' dir='ltr'><strong>lectionum</strong></span> <span class='ocrx_word' id='word_1_375' title='bbox 2370 2263 2719 2327; x_wconf 83' lang='lat' dir='ltr'><strong>indicaretur.</strong></span> <span class='ocrx_word' id='word_1_376' title='bbox 2772 2264 2959 2336; x_wconf 84' lang='lat' dir='ltr'><strong>Neque</strong></span> <span class='ocrx_word' id='word_1_377' title='bbox 3009 2266 3118 2323; x_wconf 91' lang='lat' dir='ltr'><strong>alia</strong></span> <span class='ocrx_word' id='word_1_378' title='bbox 3160 2266 3229 2322; x_wconf 90' lang='lat' dir='ltr'><strong>de</strong></span> <span class='ocrx_word' id='word_1_379' title='bbox 3282 2281 3439 2323; x_wconf 82' lang='lat' dir='ltr'><strong>causa</strong></span> 
     </span>
    </p>
   </div>
   <div class='ocr_carea' id='block_1_51' title="bbox 1851 2357 3441 2427">
    <p class='ocr_par' dir='ltr' id='par_1_51' title="bbox 1851 2357 3441 2427">
     <span class='ocr_line' id='line_1_51' title="bbox 1851 2357 3441 2427; baseline 0.007 -15"><span class='ocrx_word' id='word_1_380' title='bbox 1851 2357 2117 2414; x_wconf 89' lang='lat' dir='ltr'><strong>lectiones</strong></span> <span class='ocrx_word' id='word_1_381' title='bbox 2143 2360 2397 2416; x_wconf 86' lang='lat' dir='ltr'><strong>editionis</strong></span> <span class='ocrx_word' id='word_1_382' title='bbox 2429 2377 2584 2417; x_wconf 80' lang='lat' dir='ltr'><strong>nova:</strong></span> <span class='ocrx_word' id='word_1_383' title='bbox 2609 2361 2940 2427; x_wconf 79' lang='lat' dir='ltr'><strong>Matritensis</strong></span> <span class='ocrx_word' id='word_1_384' title='bbox 2972 2380 3000 2418; x_wconf 88' lang='lat' dir='ltr'><strong>a</strong></span> <span class='ocrx_word' id='word_1_385' title='bbox 3030 2363 3261 2425; x_wconf 74' lang='lat' dir='ltr'><strong>Floreaii</strong></span> <span class='ocrx_word' id='word_1_386' title='bbox 3296 2365 3441 2424; x_wconf 81' lang='lat' dir='ltr'><strong>Actis</strong></span> 
     </span>
    </p>
   </div>
   <div class='ocr_carea' id='block_1_52' title="bbox 1852 2451 3443 2525">
    <p class='ocr_par' dir='ltr' id='par_1_52' title="bbox 1852 2451 3443 2525">
     <span class='ocr_line' id='line_1_52' title="bbox 1852 2451 3443 2525; baseline 0.006 -18"><span class='ocrx_word' id='word_1_387' title='bbox 1852 2451 1907 2507; x_wconf 92' lang='lat' dir='ltr'><strong>in</strong></span> <span class='ocrx_word' id='word_1_388' title='bbox 1939 2452 2142 2517; x_wconf 89' lang='lat' dir='ltr'><strong>multis,</strong></span> <span class='ocrx_word' id='word_1_389' title='bbox 2193 2461 2253 2507; x_wconf 89' lang='lat' dir='ltr'><strong>ut</strong></span> <span class='ocrx_word' id='word_1_390' title='bbox 2288 2453 2405 2521; x_wconf 86' lang='lat' dir='ltr'><strong>jam</strong></span> <span class='ocrx_word' id='word_1_391' title='bbox 2440 2455 2649 2521; x_wconf 89' lang='lat' dir='ltr'><strong>monui,</strong></span> <span class='ocrx_word' id='word_1_392' title='bbox 2698 2453 3026 2525; x_wconf 82' lang='lat' dir='ltr'><strong>discrepant.</strong></span> <span class='ocrx_word' id='word_1_393' title='bbox 3055 2455 3308 2517; x_wconf 68' lang='lat' dir='ltr'><strong>ﬂendum</strong></span> <span class='ocrx_word' id='word_1_394' title='bbox 3336 2458 3443 2519; x_wconf 80' lang='lat' dir='ltr'><strong>lor-</strong></span> 
     </span>
    </p>
   </div>
   <div class='ocr_carea' id='block_1_53' title="bbox 1853 2544 3442 2616">
    <p class='ocr_par' dir='ltr' id='par_1_53' title="bbox 1853 2544 3442 2616">
     <span class='ocr_line' id='line_1_53' title="bbox 1853 2544 3442 2616; baseline 0.005 -19"><span class='ocrx_word' id='word_1_395' title='bbox 1853 2551 2003 2601; x_wconf 89' lang='lat' dir='ltr'><strong>tasse</strong></span> <span class='ocrx_word' id='word_1_396' title='bbox 2032 2545 2085 2601; x_wconf 89' lang='lat' dir='ltr'><strong>in</strong></span> <span class='ocrx_word' id='word_1_397' title='bbox 2112 2544 2218 2600; x_wconf 89' lang='lat' dir='ltr'><strong>illis</strong></span> <span class='ocrx_word' id='word_1_398' title='bbox 2245 2551 2356 2613; x_wconf 82' lang='lat' dir='ltr'><strong>est,</strong></span> <span class='ocrx_word' id='word_1_399' title='bbox 2385 2546 2530 2615; x_wconf 90' lang='lat' dir='ltr'><strong>quod</strong></span> <span class='ocrx_word' id='word_1_400' title='bbox 2546 2560 2720 2602; x_wconf 90' lang='lat' dir='ltr'><strong>annus</strong></span> <span class='ocrx_word' id='word_1_401' title='bbox 2742 2548 3166 2611; x_wconf 75' lang='lat' dir='ltr'><strong>consecrationis</strong></span> <span class='ocrx_word' id='word_1_402' title='bbox 3177 2548 3442 2616; x_wconf 65' lang='lat' dir='ltr'><strong>ecclesias,</strong></span> 
     </span>
    </p>
   </div>
   <div class='ocr_carea' id='block_1_54' title="bbox 1850 2634 3446 2705">
    <p class='ocr_par' dir='ltr' id='par_1_54' title="bbox 1850 2634 3446 2705">
     <span class='ocr_line' id='line_1_54' title="bbox 1850 2634 3446 2705; baseline 0.004 -16"><span class='ocrx_word' id='word_1_403' title='bbox 1850 2634 1978 2692; x_wconf 89' lang='lat' dir='ltr'><strong>lect.</strong></span> <span class='ocrx_word' id='word_1_404' title='bbox 2012 2636 2065 2699; x_wconf 85' lang='lat'><strong>9.</strong></span> <span class='ocrx_word' id='word_1_405' title='bbox 2097 2636 2409 2705; x_wconf 75' lang='lat' dir='ltr'><strong>designatur</strong></span> <span class='ocrx_word' id='word_1_406' title='bbox 2438 2636 2596 2705; x_wconf 83' lang='grc'><strong>1081,</strong></span> <span class='ocrx_word' id='word_1_407' title='bbox 2621 2636 2740 2692; x_wconf 81' lang='lat' dir='ltr'><strong>Kal.</strong></span> <span class='ocrx_word' id='word_1_408' title='bbox 2764 2638 3026 2696; x_wconf 81' lang='lat' dir='ltr'><strong>Januarii.</strong></span> <span class='ocrx_word' id='word_1_409' title='bbox 3055 2639 3191 2696; x_wconf 83' lang='lat' dir='ltr'><strong>Acta</strong></span> <span class='ocrx_word' id='word_1_410' title='bbox 3215 2639 3446 2697; x_wconf 78' lang='lat' dir='ltr'><strong>Florczii</strong></span> 
     </span>
    </p>
   </div>
   <div class='ocr_carea' id='block_1_55' title="bbox 1855 2726 3449 2793">
    <p class='ocr_par' dir='ltr' id='par_1_55' title="bbox 1855 2726 3449 2793">
     <span class='ocr_line' id='line_1_55' title="bbox 1855 2726 3449 2793; baseline 0.004 -12"><span class='ocrx_word' id='word_1_411' title='bbox 1855 2734 1913 2781; x_wconf 91' lang='lat' dir='ltr'><strong>et</strong></span> <span class='ocrx_word' id='word_1_412' title='bbox 1960 2726 2438 2784; x_wconf 89' lang='lat' dir='ltr'><strong>Bollandianorum</strong></span> <span class='ocrx_word' id='word_1_413' title='bbox 2483 2730 2851 2787; x_wconf 88' lang='lat' dir='ltr'><strong>translationis</strong></span> <span class='ocrx_word' id='word_1_414' title='bbox 2910 2740 2967 2786; x_wconf 88' lang='lat' dir='ltr'><strong>et</strong></span> <span class='ocrx_word' id='word_1_415' title='bbox 3023 2732 3449 2793; x_wconf 88' lang='lat' dir='ltr'><strong>consecrationis</strong></span> 
     </span>
    </p>
   </div>
   <div class='ocr_carea' id='block_1_56' title="bbox 1857 2821 3446 2892">
    <p class='ocr_par' dir='ltr' id='par_1_56' title="bbox 1857 2821 3446 2892">
     <span class='ocr_line' id='line_1_56' title="bbox 1857 2821 3446 2892; baseline 0.003 -18"><span class='ocrx_word' id='word_1_416' title='bbox 1857 2836 2055 2874; x_wconf 87' lang='lat' dir='ltr'><strong>annum</strong></span> <span class='ocrx_word' id='word_1_417' title='bbox 2084 2821 2394 2888; x_wconf 83' lang='lat' dir='ltr'><strong>exprimunt</strong></span> <span class='ocrx_word' id='word_1_418' title='bbox 2436 2821 2595 2890; x_wconf 74' lang='grc'><strong>1065,</strong></span> <span class='ocrx_word' id='word_1_419' title='bbox 2650 2823 2947 2885; x_wconf 85' lang='lat' dir='ltr'><strong>indictione</strong></span> <span class='ocrx_word' id='word_1_420' title='bbox 2994 2840 3033 2892; x_wconf 77' lang='grc' dir='ltr'><strong>ι,</strong></span> <span class='ocrx_word' id='word_1_421' title='bbox 3082 2834 3446 2885; x_wconf 83' lang='lat' dir='ltr'><strong>concurrente</strong></span> 
     </span>
    </p>
   </div>
   <div class='ocr_carea' id='block_1_57' title="bbox 1853 2911 3448 2984">
    <p class='ocr_par' dir='ltr' id='par_1_57' title="bbox 1853 2911 3448 2984">
     <span class='ocr_line' id='line_1_57' title="bbox 1853 2911 3448 2984; baseline 0.001 -13"><span class='ocrx_word' id='word_1_422' title='bbox 1853 2927 1931 2983; x_wconf 69' lang='lat' dir='ltr'><strong>tu,</strong></span> <span class='ocrx_word' id='word_1_423' title='bbox 1964 2929 1999 2971; x_wconf 78' lang='grc' dir='ltr'><strong><em>ι</em></strong></span> <span class='ocrx_word' id='word_1_424' title='bbox 2036 2911 2156 2968; x_wconf 80' lang='lat' dir='ltr'><strong>Kal.</strong></span> <span class='ocrx_word' id='word_1_425' title='bbox 2188 2911 2408 2971; x_wconf 86' lang='lat' dir='ltr'><strong>Januar.</strong></span> <span class='ocrx_word' id='word_1_426' title='bbox 2440 2912 2580 2975; x_wconf 86' lang='lat' dir='ltr'><strong>llinc</strong></span> <span class='ocrx_word' id='word_1_427' title='bbox 2634 2913 2947 2984; x_wconf 76' lang='lat' dir='ltr'><strong>Fiorezius,</strong></span> <span class='ocrx_word' id='word_1_428' title='bbox 2994 2926 3051 2974; x_wconf 89' lang='lat' dir='ltr'><strong>et</strong></span> <span class='ocrx_word' id='word_1_429' title='bbox 3104 2916 3448 2980; x_wconf 84' lang='lat' dir='ltr'><strong>Bollandiani</strong></span> 
     </span>
    </p>
   </div>
   <div class='ocr_carea' id='block_1_58' title="bbox 1855 3005 3449 3074">
    <p class='ocr_par' dir='ltr' id='par_1_58' title="bbox 1855 3005 3449 3074">
     <span class='ocr_line' id='line_1_58' title="bbox 1855 3005 3449 3074; baseline 0.002 -13"><span class='ocrx_word' id='word_1_430' title='bbox 1855 3014 2086 3074; x_wconf 69' lang='lat' dir='ltr'><strong>arguunt</strong></span> <span class='ocrx_word' id='word_1_431' title='bbox 2132 3016 2409 3062; x_wconf 89' lang='lat' dir='ltr'><strong>auctorem</strong></span> <span class='ocrx_word' id='word_1_432' title='bbox 2461 3006 2722 3073; x_wconf 80' lang='lat' dir='ltr'><strong>Actorum</strong></span> <span class='ocrx_word' id='word_1_433' title='bbox 2768 3005 2934 3065; x_wconf 83' lang='lat' dir='ltr'><strong>fuisse</strong></span> <span class='ocrx_word' id='word_1_434' title='bbox 2974 3009 3301 3073; x_wconf 78' lang='lat' dir='ltr'><strong>monachum</strong></span> <span class='ocrx_word' id='word_1_435' title='bbox 3355 3009 3449 3064; x_wconf 54' lang='lat' dir='ltr'><strong>alio</strong></span> 
     </span>
    </p>
   </div>
   <div class='ocr_carea' id='block_1_59' title="bbox 1852 3097 3445 3174">
    <p class='ocr_par' dir='ltr' id='par_1_59' title="bbox 1852 3097 3445 3174">
     <span class='ocr_line' id='line_1_59' title="bbox 1852 3097 3445 3174; baseline 0.003 -20"><span class='ocrx_word' id='word_1_436' title='bbox 1852 3113 2015 3167; x_wconf 84' lang='lat' dir='ltr'><strong>quem</strong></span> <span class='ocrx_word' id='word_1_437' title='bbox 2061 3097 2495 3163; x_wconf 79' lang='lat' dir='ltr'><strong>Cluniacensem,</strong></span> <span class='ocrx_word' id='word_1_438' title='bbox 2546 3100 2692 3168; x_wconf 84' lang='lat' dir='ltr'><strong>quod</strong></span> <span class='ocrx_word' id='word_1_439' title='bbox 2723 3115 2887 3156; x_wconf 69' lang='lat' dir='ltr'><strong>atram</strong></span> <span class='ocrx_word' id='word_1_440' title='bbox 2940 3118 3051 3163; x_wconf 88' lang='lat' dir='ltr'><strong>non</strong></span> <span class='ocrx_word' id='word_1_441' title='bbox 3095 3103 3445 3174; x_wconf 75' lang='lat' dir='ltr'><strong>expresserit.</strong></span> 
     </span>
    </p>
   </div>
   <div class='ocr_carea' id='block_1_60' title="bbox 1852 3190 3451 3265">
    <p class='ocr_par' dir='ltr' id='par_1_60' title="bbox 1852 3190 3451 3265">
     <span class='ocr_line' id='line_1_60' title="bbox 1852 3190 3451 3265; baseline 0.001 -16"><span class='ocrx_word' id='word_1_442' title='bbox 1852 3190 2109 3249; x_wconf 87' lang='lat' dir='ltr'><strong>Fortasse</strong></span> <span class='ocrx_word' id='word_1_443' title='bbox 2162 3192 2215 3247; x_wconf 89' lang='lat' dir='ltr'><strong>id</strong></span> <span class='ocrx_word' id='word_1_444' title='bbox 2244 3193 2408 3248; x_wconf 89' lang='lat' dir='ltr'><strong>etiam</strong></span> <span class='ocrx_word' id='word_1_445' title='bbox 2454 3194 2523 3247; x_wconf 87' lang='lat' dir='ltr'><strong>ad</strong></span> <span class='ocrx_word' id='word_1_446' title='bbox 2580 3194 3028 3264; x_wconf 88' lang='lat' dir='ltr'><strong>interpolationes</strong></span> <span class='ocrx_word' id='word_1_447' title='bbox 3080 3196 3334 3265; x_wconf 80' lang='lat' dir='ltr'><strong>pertinet.</strong></span> <span class='ocrx_word' id='word_1_448' title='bbox 3389 3194 3451 3252; x_wconf 90' lang='lat' dir='ltr'><strong>In</strong></span> 
     </span>
    </p>
   </div>
   <div class='ocr_carea' id='block_1_61' title="bbox 153 3277 3451 3359">
    <p class='ocr_par' dir='ltr' id='par_1_61' title="bbox 153 3277 3451 3359">
     <span class='ocr_line' id='line_1_61' title="bbox 153 3277 3451 3359; baseline 0 -17"><span class='ocrx_word' id='word_1_449' title='bbox 153 3302 273 3344; x_wconf 88' lang='lat' dir='ltr'><strong>esse</strong></span> <span class='ocrx_word' id='word_1_450' title='bbox 302 3303 372 3344; x_wconf 83' lang='lat' dir='ltr'><strong>ex</strong></span> <span class='ocrx_word' id='word_1_451' title='bbox 415 3286 565 3343; x_wconf 85' lang='lat' dir='ltr'><strong>Actis</strong></span> <span class='ocrx_word' id='word_1_452' title='bbox 595 3285 960 3343; x_wconf 89' lang='lat' dir='ltr'><strong>translationis</strong></span> <span class='ocrx_word' id='word_1_453' title='bbox 984 3284 1045 3341; x_wconf 89' lang='lat' dir='ltr'><strong>S.</strong></span> <span class='ocrx_word' id='word_1_454' title='bbox 1072 3284 1262 3341; x_wconf 76' lang='lat' dir='ltr'><strong>Isidori</strong></span> <span class='ocrx_word' id='word_1_455' title='bbox 1297 3300 1330 3340; x_wconf 88' lang='lat' dir='ltr'><strong>a</strong></span> <span class='ocrx_word' id='word_1_456' title='bbox 1358 3283 1605 3339; x_wconf 84' lang='lat' dir='ltr'><strong>Florezio</strong></span> <span class='ocrx_word' id='word_1_457' title='bbox 1634 3283 1748 3339; x_wconf 89' lang='lat' dir='ltr'><strong>edi-</strong></span> <span class='ocrx_word' id='word_1_458' title='bbox 1768 3277 1824 3359; x_wconf 65' lang='lat' dir='ltr'><strong>ﬁ</strong></span> <span class='ocrx_word' id='word_1_459' title='bbox 1854 3285 1953 3341; x_wconf 79' lang='lat' dir='ltr'><strong>Ms.</strong></span> <span class='ocrx_word' id='word_1_460' title='bbox 1984 3284 2215 3341; x_wconf 83' lang='lat' dir='ltr'><strong>Gothico</strong></span> <span class='ocrx_word' id='word_1_461' title='bbox 2241 3286 2589 3349; x_wconf 72' lang='lat' dir='ltr'><strong>bibliothecas</strong></span> <span class='ocrx_word' id='word_1_462' title='bbox 2635 3288 2800 3356; x_wconf 64' lang='lat' dir='ltr'><strong>regia</strong></span> <span class='ocrx_word' id='word_1_463' title='bbox 2844 3287 3171 3351; x_wconf 74' lang='lat' dir='ltr'><strong>Matritensis</strong></span> <span class='ocrx_word' id='word_1_464' title='bbox 3219 3289 3451 3357; x_wconf 75' lang='lat' dir='ltr'><strong>margini</strong></span> 
     </span>
    </p>
   </div>
   <div class='ocr_carea' id='block_1_62' title="bbox 157 3379 1742 3447">
    <p class='ocr_par' dir='ltr' id='par_1_62' title="bbox 157 3379 1742 3447">
     <span class='ocr_line' id='line_1_62' title="bbox 157 3379 1742 3447; baseline -0.001 -12"><span class='ocrx_word' id='word_1_465' title='bbox 157 3384 240 3447; x_wconf 90' lang='lat' dir='ltr'><strong>tis,</strong></span> <span class='ocrx_word' id='word_1_466' title='bbox 272 3390 458 3438; x_wconf 85' lang='lat' dir='ltr'><strong>tamen</strong></span> <span class='ocrx_word' id='word_1_467' title='bbox 483 3396 591 3437; x_wconf 90' lang='lat' dir='ltr'><strong>non</strong></span> <span class='ocrx_word' id='word_1_468' title='bbox 621 3381 758 3437; x_wconf 90' lang='lat' dir='ltr'><strong>levis</strong></span> <span class='ocrx_word' id='word_1_469' title='bbox 787 3389 871 3443; x_wconf 83' lang='lat' dir='ltr'><strong>est</strong></span> <span class='ocrx_word' id='word_1_470' title='bbox 900 3380 1084 3436; x_wconf 89' lang='lat' dir='ltr'><strong>multis</strong></span> <span class='ocrx_word' id='word_1_471' title='bbox 1114 3380 1168 3436; x_wconf 93' lang='lat' dir='ltr'><strong>in</strong></span> <span class='ocrx_word' id='word_1_472' title='bbox 1200 3379 1334 3435; x_wconf 91' lang='lat' dir='ltr'><strong>locis</strong></span> <span class='ocrx_word' id='word_1_473' title='bbox 1370 3380 1512 3435; x_wconf 87' lang='lat' dir='ltr'><strong>inter</strong></span> <span class='ocrx_word' id='word_1_474' title='bbox 1542 3387 1742 3434; x_wconf 89' lang='lat' dir='ltr'><strong>utrum-</strong></span> 
     </span>
    </p>
   </div>
   <div class='ocr_carea' id='block_1_63' title="bbox 156 3473 1743 3547">
    <p class='ocr_par' dir='ltr' id='par_1_63' title="bbox 156 3473 1743 3547">
     <span class='ocr_line' id='line_1_63' title="bbox 156 3473 1743 3547; baseline -0.004 -14"><span class='ocrx_word' id='word_1_475' title='bbox 156 3493 258 3547; x_wconf 85' lang='lat' dir='ltr'><strong>que</strong></span> <span class='ocrx_word' id='word_1_476' title='bbox 284 3477 568 3546; x_wconf 69' lang='lat' dir='ltr'><strong>exemplar</strong></span> <span class='ocrx_word' id='word_1_477' title='bbox 594 3475 846 3543; x_wconf 79' lang='lat' dir='ltr'><strong>varietas,</strong></span> <span class='ocrx_word' id='word_1_478' title='bbox 900 3482 960 3532; x_wconf 92' lang='lat' dir='ltr'><strong>ut</strong></span> <span class='ocrx_word' id='word_1_479' title='bbox 1009 3474 1379 3531; x_wconf 87' lang='lat' dir='ltr'><strong>necessarium</strong></span> <span class='ocrx_word' id='word_1_480' title='bbox 1407 3488 1625 3544; x_wconf 89' lang='lat' dir='ltr'><strong>quoque</strong></span> <span class='ocrx_word' id='word_1_481' title='bbox 1670 3473 1743 3529; x_wconf 88' lang='lat' dir='ltr'><strong>sit</strong></span> 
     </span>
    </p>
   </div>
   <div class='ocr_carea' id='block_1_64' title="bbox 158 3569 782 3639">
    <p class='ocr_par' dir='ltr' id='par_1_64' title="bbox 158 3569 782 3639">
     <span class='ocr_line' id='line_1_64' title="bbox 158 3569 782 3639; baseline 0 -17"><span class='ocrx_word' id='word_1_482' title='bbox 158 3583 218 3623; x_wconf 89' lang='lat' dir='ltr'><strong>ea</strong></span> <span class='ocrx_word' id='word_1_483' title='bbox 247 3569 336 3625; x_wconf 86' lang='lat' dir='ltr'><strong>hic</strong></span> <span class='ocrx_word' id='word_1_484' title='bbox 368 3575 782 3639; x_wconf 87' lang='lat' dir='ltr'><strong>repraesentare.</strong></span> 
     </span>
    </p>
   </div>
   <div class='ocr_carea' id='block_1_65' title="bbox 223 3658 1741 3730">
    <p class='ocr_par' dir='ltr' id='par_1_65' title="bbox 223 3658 1741 3730">
     <span class='ocr_line' id='line_1_65' title="bbox 223 3658 1741 3730; baseline -0.001 -16"><span class='ocrx_word' id='word_1_485' title='bbox 223 3660 308 3714; x_wconf 92' lang='grc'><strong>10.</strong></span> <span class='ocrx_word' id='word_1_486' title='bbox 351 3661 463 3718; x_wconf 88' lang='lat' dir='ltr'><strong>Sed</strong></span> <span class='ocrx_word' id='word_1_487' title='bbox 523 3660 669 3730; x_wconf 90' lang='lat' dir='ltr'><strong>prius</strong></span> <span class='ocrx_word' id='word_1_488' title='bbox 712 3658 1109 3719; x_wconf 82' lang='lat' dir='ltr'><strong>observandum</strong></span> <span class='ocrx_word' id='word_1_489' title='bbox 1156 3667 1273 3729; x_wconf 88' lang='lat' dir='ltr'><strong>est,</strong></span> <span class='ocrx_word' id='word_1_490' title='bbox 1332 3659 1386 3715; x_wconf 93' lang='lat' dir='ltr'><strong>in</strong></span> <span class='ocrx_word' id='word_1_491' title='bbox 1443 3658 1741 3729; x_wconf 82' lang='lat' dir='ltr'><strong>exemplari</strong></span> 
     </span>
    </p>
   </div>
   <div class='ocr_carea' id='block_1_66' title="bbox 157 3751 1742 3809">
    <p class='ocr_par' dir='ltr' id='par_1_66' title="bbox 157 3751 1742 3809">
     <span class='ocr_line' id='line_1_66' title="bbox 157 3751 1742 3809; baseline -0.001 -3"><span class='ocrx_word' id='word_1_492' title='bbox 157 3752 313 3806; x_wconf 88' lang='lat' dir='ltr'><strong>etiam</strong></span> <span class='ocrx_word' id='word_1_493' title='bbox 359 3751 595 3809; x_wconf 85' lang='lat' dir='ltr'><strong>Florezii</strong></span> <span class='ocrx_word' id='word_1_494' title='bbox 640 3751 850 3807; x_wconf 91' lang='lat' dir='ltr'><strong>initium</strong></span> <span class='ocrx_word' id='word_1_495' title='bbox 898 3752 1156 3807; x_wconf 87' lang='lat' dir='ltr'><strong>Actorum</strong></span> <span class='ocrx_word' id='word_1_496' title='bbox 1212 3751 1459 3806; x_wconf 88' lang='lat' dir='ltr'><strong>mutilum</strong></span> <span class='ocrx_word' id='word_1_497' title='bbox 1508 3751 1678 3806; x_wconf 90' lang='lat' dir='ltr'><strong>videri</strong></span> <span class='ocrx_word' id='word_1_498' title='bbox 1726 3766 1742 3804; x_wconf 86' lang='lat'>:</span> 
     </span>
    </p>
   </div>
   <div class='ocr_carea' id='block_1_67' title="bbox 160 3838 1744 3912">
    <p class='ocr_par' dir='ltr' id='par_1_67' title="bbox 160 3838 1744 3912">
     <span class='ocr_line' id='line_1_67' title="bbox 160 3838 1744 3912; baseline 0.001 -19"><span class='ocrx_word' id='word_1_499' title='bbox 160 3838 327 3912; x_wconf 83' lang='lat' dir='ltr'><strong>Hujus</strong></span> <span class='ocrx_word' id='word_1_500' title='bbox 355 3840 566 3899; x_wconf 84' lang='lat' dir='ltr'><strong>beatum</strong></span> <span class='ocrx_word' id='word_1_501' title='bbox 588 3858 797 3912; x_wconf 87' lang='lat' dir='ltr'><strong>corpus,</strong></span> <span class='ocrx_word' id='word_1_502' title='bbox 850 3849 955 3898; x_wconf 89' lang='lat' dir='ltr'><strong>etc.</strong></span> <span class='ocrx_word' id='word_1_503' title='bbox 1015 3839 1127 3896; x_wconf 86' lang='lat' dir='ltr'><strong>Etsi</strong></span> <span class='ocrx_word' id='word_1_504' title='bbox 1174 3842 1317 3896; x_wconf 91' lang='lat' dir='ltr'><strong>enim</strong></span> <span class='ocrx_word' id='word_1_505' title='bbox 1363 3842 1605 3903; x_wconf 85' lang='lat' dir='ltr'><strong>narratio</strong></span> <span class='ocrx_word' id='word_1_506' title='bbox 1635 3839 1744 3895; x_wconf 84' lang='lat' dir='ltr'><strong>Re—</strong></span> 
     </span>
    </p>
   </div>
   <div class='ocr_carea' id='block_1_68' title="bbox 160 3929 1749 4003">
    <p class='ocr_par' dir='ltr' id='par_1_68' title="bbox 160 3929 1749 4003">
     <span class='ocr_line' id='line_1_68' title="bbox 160 3929 1749 4003; baseline -0.001 -18"><span class='ocrx_word' id='word_1_507' title='bbox 160 3929 352 4002; x_wconf 90' lang='lat' dir='ltr'><strong>dempti</strong></span> <span class='ocrx_word' id='word_1_508' title='bbox 381 3932 665 4003; x_wconf 63' lang='lat' dir='ltr'><strong>praecedit,</strong></span> <span class='ocrx_word' id='word_1_509' title='bbox 700 3940 878 3986; x_wconf 87' lang='lat' dir='ltr'><strong>tamen</strong></span> <span class='ocrx_word' id='word_1_510' title='bbox 908 3930 1044 3986; x_wconf 86' lang='lat' dir='ltr'><strong>Acta</strong></span> <span class='ocrx_word' id='word_1_511' title='bbox 1074 3931 1181 3986; x_wconf 87' lang='lat' dir='ltr'><strong>alio</strong></span> <span class='ocrx_word' id='word_1_512' title='bbox 1210 3930 1526 3986; x_wconf 86' lang='lat' dir='ltr'><strong>charactere</strong></span> <span class='ocrx_word' id='word_1_513' title='bbox 1548 3930 1749 4000; x_wconf 82' lang='lat' dir='ltr'><strong>scripta</strong></span> 
     </span>
    </p>
   </div>
   <div class='ocr_carea' id='block_1_69' title="bbox 160 4022 1749 4096">
    <p class='ocr_par' dir='ltr' id='par_1_69' title="bbox 160 4022 1749 4096">
     <span class='ocr_line' id='line_1_69' title="bbox 160 4022 1749 4096; baseline -0.001 -18"><span class='ocrx_word' id='word_1_514' title='bbox 160 4034 295 4092; x_wconf 84' lang='lat' dir='ltr'><strong>sunt,</strong></span> <span class='ocrx_word' id='word_1_515' title='bbox 320 4036 377 4083; x_wconf 88' lang='lat' dir='ltr'><strong>et</strong></span> <span class='ocrx_word' id='word_1_516' title='bbox 404 4026 652 4083; x_wconf 89' lang='lat' dir='ltr'><strong>auctoris</strong></span> <span class='ocrx_word' id='word_1_517' title='bbox 681 4025 837 4094; x_wconf 79' lang='lat' dir='ltr'><strong>longe</strong></span> <span class='ocrx_word' id='word_1_518' title='bbox 854 4025 1171 4096; x_wconf 87' lang='lat' dir='ltr'><strong>posterioris</strong></span> <span class='ocrx_word' id='word_1_519' title='bbox 1196 4039 1316 4079; x_wconf 88' lang='lat' dir='ltr'><strong>esse</strong></span> <span class='ocrx_word' id='word_1_520' title='bbox 1335 4022 1553 4091; x_wconf 76' lang='lat' dir='ltr'><strong>debent.</strong></span> <span class='ocrx_word' id='word_1_521' title='bbox 1585 4022 1749 4093; x_wconf 83' lang='lat' dir='ltr'><strong>Equi—</strong></span> 
     </span>
    </p>
   </div>
   <div class='ocr_carea' id='block_1_70' title="bbox 164 4115 1749 4188">
    <p class='ocr_par' dir='ltr' id='par_1_70' title="bbox 164 4115 1749 4188">
     <span class='ocr_line' id='line_1_70' title="bbox 164 4115 1749 4188; baseline -0.001 -18"><span class='ocrx_word' id='word_1_522' title='bbox 164 4116 274 4171; x_wconf 88' lang='lat' dir='ltr'><strong>dem</strong></span> <span class='ocrx_word' id='word_1_523' title='bbox 326 4134 531 4175; x_wconf 71' lang='lat' dir='ltr'><strong>censeo</strong></span> <span class='ocrx_word' id='word_1_524' title='bbox 579 4117 713 4172; x_wconf 88' lang='lat' dir='ltr'><strong>Acta</strong></span> <span class='ocrx_word' id='word_1_525' title='bbox 766 4120 898 4188; x_wconf 89' lang='lat' dir='ltr'><strong>ipsa,</strong></span> <span class='ocrx_word' id='word_1_526' title='bbox 924 4132 1044 4188; x_wconf 76' lang='lat' dir='ltr'><strong>qua:</strong></span> <span class='ocrx_word' id='word_1_527' title='bbox 1072 4115 1348 4171; x_wconf 86' lang='lat' dir='ltr'><strong>Florezius</strong></span> <span class='ocrx_word' id='word_1_528' title='bbox 1386 4115 1624 4179; x_wconf 79' lang='lat' dir='ltr'><strong>exhibet,</strong></span> <span class='ocrx_word' id='word_1_529' title='bbox 1680 4130 1749 4169; x_wconf 83' lang='lat' dir='ltr'><strong>ex</strong></span> 
     </span>
    </p>
   </div>
   <div class='ocr_carea' id='block_1_71' title="bbox 164 4204 1749 4265">
    <p class='ocr_par' dir='ltr' id='par_1_71' title="bbox 164 4204 1749 4265">
     <span class='ocr_line' id='line_1_71' title="bbox 164 4204 1749 4265; baseline 0.003 -8"><span class='ocrx_word' id='word_1_530' title='bbox 164 4204 480 4265; x_wconf 87' lang='lat' dir='ltr'><strong>lectionibus</strong></span> <span class='ocrx_word' id='word_1_531' title='bbox 534 4208 700 4263; x_wconf 72' lang='lat' dir='ltr'><strong>cilicii</strong></span> <span class='ocrx_word' id='word_1_532' title='bbox 751 4207 1100 4264; x_wconf 75' lang='lat' dir='ltr'><strong>ecclesiastici</strong></span> <span class='ocrx_word' id='word_1_533' title='bbox 1163 4207 1220 4262; x_wconf 90' lang='lat' dir='ltr'><strong>in</strong></span> <span class='ocrx_word' id='word_1_534' title='bbox 1260 4206 1347 4262; x_wconf 90' lang='lat' dir='ltr'><strong>die</strong></span> <span class='ocrx_word' id='word_1_535' title='bbox 1378 4206 1749 4261; x_wconf 88' lang='lat' dir='ltr'><strong>translationis</strong></span> 
     </span>
    </p>
   </div>
   <div class='ocr_carea' id='block_1_72' title="bbox 162 4298 1750 4372">
    <p class='ocr_par' dir='ltr' id='par_1_72' title="bbox 162 4298 1750 4372">
     <span class='ocr_line' id='line_1_72' title="bbox 162 4298 1750 4372; baseline 0.003 -23"><span class='ocrx_word' id='word_1_536' title='bbox 162 4311 272 4354; x_wconf 87' lang='lat' dir='ltr'><strong>esse</strong></span> <span class='ocrx_word' id='word_1_537' title='bbox 294 4302 622 4372; x_wconf 87' lang='lat' dir='ltr'><strong>desumpta:</strong></span> <span class='ocrx_word' id='word_1_538' title='bbox 679 4315 849 4371; x_wconf 84' lang='lat' dir='ltr'><strong>quare</strong></span> <span class='ocrx_word' id='word_1_539' title='bbox 898 4316 1020 4355; x_wconf 90' lang='lat' dir='ltr'><strong>cum</strong></span> <span class='ocrx_word' id='word_1_540' title='bbox 1062 4299 1172 4369; x_wconf 89' lang='lat' dir='ltr'><strong>jam</strong></span> <span class='ocrx_word' id='word_1_541' title='bbox 1235 4300 1288 4354; x_wconf 90' lang='lat' dir='ltr'><strong>in</strong></span> <span class='ocrx_word' id='word_1_542' title='bbox 1336 4298 1517 4355; x_wconf 81' lang='lat' dir='ltr'><strong>ofﬁcio</strong></span> <span class='ocrx_word' id='word_1_543' title='bbox 1546 4300 1750 4354; x_wconf 89' lang='lat' dir='ltr'><strong>mentio</strong></span> 
     </span>
    </p>
   </div>
   <div class='ocr_carea' id='block_1_73' title="bbox 163 4382 1751 4463">
    <p class='ocr_par' dir='ltr' id='par_1_73' title="bbox 163 4382 1751 4463">
     <span class='ocr_line' id='line_1_73' title="bbox 163 4382 1751 4463; baseline 0.004 -25"><span class='ocrx_word' id='word_1_544' title='bbox 163 4382 340 4445; x_wconf 84' lang='lat' dir='ltr'><strong>Isidori</strong></span> <span class='ocrx_word' id='word_1_545' title='bbox 399 4393 767 4463; x_wconf 63' lang='lat' dir='ltr'><strong>praecesserit,</strong></span> <span class='ocrx_word' id='word_1_546' title='bbox 810 4408 915 4446; x_wconf 91' lang='lat' dir='ltr'><strong>non</strong></span> <span class='ocrx_word' id='word_1_547' title='bbox 955 4391 1185 4447; x_wconf 86' lang='lat' dir='ltr'><strong>absurde</strong></span> <span class='ocrx_word' id='word_1_548' title='bbox 1216 4391 1427 4445; x_wconf 79' lang='lat' dir='ltr'><strong>initium</strong></span> <span class='ocrx_word' id='word_1_549' title='bbox 1459 4391 1751 4447; x_wconf 89' lang='lat' dir='ltr'><strong>lectionum</strong></span> 
     </span>
    </p>
   </div>
   <div class='ocr_carea' id='block_1_74' title="bbox 164 4482 1749 4555">
    <p class='ocr_par' dir='ltr' id='par_1_74' title="bbox 164 4482 1749 4555">
     <span class='ocr_line' id='line_1_74' title="bbox 164 4482 1749 4555; baseline 0.003 -22"><span class='ocrx_word' id='word_1_550' title='bbox 164 4483 401 4547; x_wconf 89' lang='lat' dir='ltr'><strong>sumitur,</strong></span> <span class='ocrx_word' id='word_1_551' title='bbox 435 4487 556 4540; x_wconf 85' lang='lat' dir='ltr'><strong>sive</strong></span> <span class='ocrx_word' id='word_1_552' title='bbox 600 4500 720 4540; x_wconf 89' lang='lat' dir='ltr'><strong>cum</strong></span> <span class='ocrx_word' id='word_1_553' title='bbox 778 4482 1021 4539; x_wconf 84' lang='lat' dir='ltr'><strong>Florezio</strong></span> <span class='ocrx_word' id='word_1_554' title='bbox 1051 4502 1063 4537; x_wconf 91' lang='lat'><strong>:</strong></span> <span class='ocrx_word' id='word_1_555' title='bbox 1112 4482 1288 4555; x_wconf 80' lang='lat' dir='ltr'><strong>Hujus</strong></span> <span class='ocrx_word' id='word_1_556' title='bbox 1318 4483 1520 4538; x_wconf 89' lang='lat' dir='ltr'><strong>beatum</strong></span> <span class='ocrx_word' id='word_1_557' title='bbox 1542 4500 1749 4554; x_wconf 85' lang='lat' dir='ltr'><strong>corpus,</strong></span> 
     </span>
    </p>
   </div>
   <div class='ocr_carea' id='block_1_75' title="bbox 164 4576 1747 4646">
    <p class='ocr_par' dir='ltr' id='par_1_75' title="bbox 164 4576 1747 4646">
     <span class='ocr_line' id='line_1_75' title="bbox 164 4576 1747 4646; baseline 0.004 -18"><span class='ocrx_word' id='word_1_558' title='bbox 164 4576 268 4632; x_wconf 84' lang='lat' dir='ltr'><strong>sive</strong></span> <span class='ocrx_word' id='word_1_559' title='bbox 293 4595 411 4634; x_wconf 89' lang='lat' dir='ltr'><strong>cum</strong></span> <span class='ocrx_word' id='word_1_560' title='bbox 450 4580 841 4646; x_wconf 84' lang='lat' dir='ltr'><strong>Bollandianis,</strong></span> <span class='ocrx_word' id='word_1_561' title='bbox 894 4590 949 4635; x_wconf 89' lang='lat' dir='ltr'><strong>et</strong></span> <span class='ocrx_word' id='word_1_562' title='bbox 970 4581 1208 4636; x_wconf 88' lang='lat' dir='ltr'><strong>editione</strong></span> <span class='ocrx_word' id='word_1_563' title='bbox 1237 4598 1373 4636; x_wconf 90' lang='lat' dir='ltr'><strong>nova</strong></span> <span class='ocrx_word' id='word_1_564' title='bbox 1404 4582 1701 4636; x_wconf 80' lang='lat' dir='ltr'><strong>Matriteusi</strong></span> <span class='ocrx_word' id='word_1_565' title='bbox 1735 4601 1747 4635; x_wconf 91' lang='lat'><strong>:</strong></span> 
     </span>
    </p>
   </div>
   <div class='ocr_carea' id='block_1_76' title="bbox 1847 3379 3449 3449">
    <p class='ocr_par' dir='ltr' id='par_1_76' title="bbox 1847 3379 3449 3449">
     <span class='ocr_line' id='line_1_76' title="bbox 1847 3379 3449 3449; baseline 0.002 -17"><span class='ocrx_word' id='word_1_566' title='bbox 1847 3379 2081 3446; x_wconf 80' lang='lat' dir='ltr'><strong>ascripta</strong></span> <span class='ocrx_word' id='word_1_567' title='bbox 2109 3386 2227 3433; x_wconf 88' lang='lat' dir='ltr'><strong>erat</strong></span> <span class='ocrx_word' id='word_1_568' title='bbox 2255 3393 2363 3433; x_wconf 77' lang='lat' dir='ltr'><strong>tera</strong></span> <span class='ocrx_word' id='word_1_569' title='bbox 2387 3394 2498 3445; x_wconf 68' lang='grc' dir='ltr'><strong>ιω,</strong></span> <span class='ocrx_word' id='word_1_570' title='bbox 2546 3379 2637 3449; x_wconf 90' lang='lat' dir='ltr'><strong>qui</strong></span> <span class='ocrx_word' id='word_1_571' title='bbox 2679 3389 2763 3434; x_wconf 92' lang='lat' dir='ltr'><strong>est</strong></span> <span class='ocrx_word' id='word_1_572' title='bbox 2802 3395 2978 3437; x_wconf 87' lang='lat' dir='ltr'><strong>annos</strong></span> <span class='ocrx_word' id='word_1_573' title='bbox 3008 3380 3165 3443; x_wconf 76' lang='grc'><strong>1065.</strong></span> <span class='ocrx_word' id='word_1_574' title='bbox 3196 3380 3254 3445; x_wconf 80' lang='lat' dir='ltr'><strong>In</strong></span> <span class='ocrx_word' id='word_1_575' title='bbox 3278 3382 3449 3445; x_wconf 87' lang='lat' dir='ltr'><strong>veteri</strong></span> 
     </span>
    </p>
   </div>
   <div class='ocr_carea' id='block_1_77' title="bbox 1846 3469 3446 3541">
    <p class='ocr_par' dir='ltr' id='par_1_77' title="bbox 1846 3469 3446 3541">
     <span class='ocr_line' id='line_1_77' title="bbox 1846 3469 3446 3541; baseline 0.004 -17"><span class='ocrx_word' id='word_1_576' title='bbox 1846 3470 2224 3538; x_wconf 66' lang='lat' dir='ltr'><strong>inscriptione,</strong></span> <span class='ocrx_word' id='word_1_577' title='bbox 2257 3485 2418 3539; x_wconf 87' lang='lat' dir='ltr'><strong>quam</strong></span> <span class='ocrx_word' id='word_1_578' title='bbox 2449 3487 2568 3540; x_wconf 83' lang='lat' dir='ltr'><strong>cap.</strong></span> <span class='ocrx_word' id='word_1_579' title='bbox 2598 3469 2667 3527; x_wconf 61' lang='lat'><strong>38</strong></span> <span class='ocrx_word' id='word_1_580' title='bbox 2698 3474 2945 3541; x_wconf 75' lang='lat' dir='ltr'><strong>aderam,</strong></span> <span class='ocrx_word' id='word_1_581' title='bbox 2972 3473 3089 3533; x_wconf 64' lang='lat' dir='ltr'><strong>haec</strong></span> <span class='ocrx_word' id='word_1_582' title='bbox 3116 3474 3304 3537; x_wconf 85' lang='lat' dir='ltr'><strong>eadem</strong></span> <span class='ocrx_word' id='word_1_583' title='bbox 3338 3489 3446 3539; x_wconf 70' lang='lat' dir='ltr'><strong>tera</strong></span> 
     </span>
    </p>
   </div>
   <div class='ocr_carea' id='block_1_78' title="bbox 1846 3560 3449 3634">
    <p class='ocr_par' dir='ltr' id='par_1_78' title="bbox 1846 3560 3449 3634">
     <span class='ocr_line' id='line_1_78' title="bbox 1846 3560 3449 3634; baseline 0.004 -17"><span class='ocrx_word' id='word_1_584' title='bbox 1846 3569 2087 3627; x_wconf 88' lang='lat' dir='ltr'><strong>notatur,</strong></span> <span class='ocrx_word' id='word_1_585' title='bbox 2152 3570 2207 3618; x_wconf 91' lang='lat' dir='ltr'><strong>et</strong></span> <span class='ocrx_word' id='word_1_586' title='bbox 2237 3560 2353 3617; x_wconf 89' lang='lat' dir='ltr'><strong>dies</strong></span> <span class='ocrx_word' id='word_1_587' title='bbox 2384 3561 2454 3618; x_wconf 72' lang='lat' dir='ltr'><strong>I2</strong></span> <span class='ocrx_word' id='word_1_588' title='bbox 2480 3561 2600 3618; x_wconf 84' lang='lat' dir='ltr'><strong>Kal.</strong></span> <span class='ocrx_word' id='word_1_589' title='bbox 2628 3561 2906 3632; x_wconf 84' lang='lat' dir='ltr'><strong>Januarii;</strong></span> <span class='ocrx_word' id='word_1_590' title='bbox 2949 3580 3110 3634; x_wconf 84' lang='lat' dir='ltr'><strong>quem</strong></span> <span class='ocrx_word' id='word_1_591' title='bbox 3136 3564 3281 3631; x_wconf 80' lang='lat' dir='ltr'><strong>diem</strong></span> <span class='ocrx_word' id='word_1_592' title='bbox 3308 3579 3449 3634; x_wconf 64' lang='lat' dir='ltr'><strong>prm-</strong></span> 
     </span>
    </p>
   </div>
   <div class='ocr_carea' id='block_1_79' title="bbox 1849 3650 3453 3725">
    <p class='ocr_par' dir='ltr' id='par_1_79' title="bbox 1849 3650 3453 3725">
     <span class='ocr_line' id='line_1_79' title="bbox 1849 3650 3453 3725; baseline 0.002 -18"><span class='ocrx_word' id='word_1_593' title='bbox 1849 3650 2128 3708; x_wconf 81' lang='lat' dir='ltr'><strong>lerendum</strong></span> <span class='ocrx_word' id='word_1_594' title='bbox 2154 3652 2433 3709; x_wconf 83' lang='lat' dir='ltr'><strong>Florezius</strong></span> <span class='ocrx_word' id='word_1_595' title='bbox 2462 3657 2676 3724; x_wconf 90' lang='lat' dir='ltr'><strong>prohat,</strong></span> <span class='ocrx_word' id='word_1_596' title='bbox 2732 3655 2859 3724; x_wconf 86' lang='lat' dir='ltr'><strong>quia</strong></span> <span class='ocrx_word' id='word_1_597' title='bbox 2894 3655 2948 3710; x_wconf 89' lang='lat' dir='ltr'><strong>in</strong></span> <span class='ocrx_word' id='word_1_598' title='bbox 2972 3653 3229 3725; x_wconf 70' lang='lat' dir='ltr'><strong>Kalendas</strong></span> <span class='ocrx_word' id='word_1_599' title='bbox 3247 3656 3297 3710; x_wconf 89' lang='lat' dir='ltr'><strong>io</strong></span> <span class='ocrx_word' id='word_1_600' title='bbox 3324 3671 3453 3725; x_wconf 78' lang='lat' dir='ltr'><strong>per-</strong></span> 
     </span>
    </p>
   </div>
   <div class='ocr_carea' id='block_1_80' title="bbox 1851 3743 3446 3817">
    <p class='ocr_par' dir='ltr' id='par_1_80' title="bbox 1851 3743 3446 3817">
     <span class='ocr_line' id='line_1_80' title="bbox 1851 3743 3446 3817; baseline 0.003 -18"><span class='ocrx_word' id='word_1_601' title='bbox 1851 3751 2039 3814; x_wconf 89' lang='lat' dir='ltr'><strong>petuo,</strong></span> <span class='ocrx_word' id='word_1_602' title='bbox 2070 3744 2217 3801; x_wconf 89' lang='lat' dir='ltr'><strong>edito</strong></span> <span class='ocrx_word' id='word_1_603' title='bbox 2244 3743 2399 3811; x_wconf 83' lang='grc'><strong>1578,</strong></span> <span class='ocrx_word' id='word_1_604' title='bbox 2423 3746 2734 3816; x_wconf 65' lang='lat' dir='ltr'><strong>designatur</strong></span> <span class='ocrx_word' id='word_1_605' title='bbox 2768 3747 2882 3803; x_wconf 86' lang='lat' dir='ltr'><strong>dies</strong></span> <span class='ocrx_word' id='word_1_606' title='bbox 2904 3745 2964 3805; x_wconf 70' lang='grc'><strong>21</strong></span> <span class='ocrx_word' id='word_1_607' title='bbox 3010 3747 3317 3813; x_wconf 72' lang='lat' dir='ltr'><strong>Decembris</strong></span> <span class='ocrx_word' id='word_1_608' title='bbox 3344 3762 3446 3817; x_wconf 90' lang='lat' dir='ltr'><strong>pro</strong></span> 
     </span>
    </p>
   </div>
   <div class='ocr_carea' id='block_1_81' title="bbox 1854 3836 3446 3913">
    <p class='ocr_par' dir='ltr' id='par_1_81' title="bbox 1854 3836 3446 3913">
     <span class='ocr_line' id='line_1_81' title="bbox 1854 3836 3446 3913; baseline 0.001 -23"><span class='ocrx_word' id='word_1_609' title='bbox 1854 3836 2040 3905; x_wconf 90' lang='lat' dir='ltr'><strong>templi</strong></span> <span class='ocrx_word' id='word_1_610' title='bbox 2062 3836 2426 3905; x_wconf 87' lang='lat' dir='ltr'><strong>dedicatione,</strong></span> <span class='ocrx_word' id='word_1_611' title='bbox 2450 3848 2507 3894; x_wconf 91' lang='lat' dir='ltr'><strong>et</strong></span> <span class='ocrx_word' id='word_1_612' title='bbox 2535 3838 2784 3908; x_wconf 91' lang='lat' dir='ltr'><strong>corporis</strong></span> <span class='ocrx_word' id='word_1_613' title='bbox 2822 3836 3015 3895; x_wconf 87' lang='lat' dir='ltr'><strong>Isidori</strong></span> <span class='ocrx_word' id='word_1_614' title='bbox 3044 3838 3401 3913; x_wconf 69' lang='lat' dir='ltr'><strong>translatione</strong></span> <span class='ocrx_word' id='word_1_615' title='bbox 3430 3855 3446 3905; x_wconf 94' lang='lat'><strong>;</strong></span> 
     </span>
    </p>
   </div>
   <div class='ocr_carea' id='block_1_82' title="bbox 1853 3930 3453 4002">
    <p class='ocr_par' dir='ltr' id='par_1_82' title="bbox 1853 3930 3453 4002">
     <span class='ocr_line' id='line_1_82' title="bbox 1853 3930 3453 4002; baseline 0.001 -17"><span class='ocrx_word' id='word_1_616' title='bbox 1853 3932 2097 4001; x_wconf 89' lang='lat' dir='ltr'><strong>quamvis</strong></span> <span class='ocrx_word' id='word_1_617' title='bbox 2126 3931 2357 3988; x_wconf 90' lang='lat' dir='ltr'><strong>ecclesia</strong></span> <span class='ocrx_word' id='word_1_618' title='bbox 2396 3932 2765 4001; x_wconf 78' lang='lat' dir='ltr'><strong>Legionensis,</strong></span> <span class='ocrx_word' id='word_1_619' title='bbox 2826 3940 2885 3987; x_wconf 93' lang='lat' dir='ltr'><strong>ut</strong></span> <span class='ocrx_word' id='word_1_620' title='bbox 2909 3932 3162 3987; x_wconf 86' lang='lat' dir='ltr'><strong>observat</strong></span> <span class='ocrx_word' id='word_1_621' title='bbox 3182 3930 3453 4002; x_wconf 71' lang='lat' dir='ltr'><strong>Tamayus</strong></span> 
     </span>
    </p>
   </div>
   <div class='ocr_carea' id='block_1_83' title="bbox 1853 4023 3452 4100">
    <p class='ocr_par' dir='ltr' id='par_1_83' title="bbox 1853 4023 3452 4100">
     <span class='ocr_line' id='line_1_83' title="bbox 1853 4023 3452 4100; baseline -0.003 -15"><span class='ocrx_word' id='word_1_622' title='bbox 1853 4031 1907 4085; x_wconf 94' lang='lat' dir='ltr'><strong>in</strong></span> <span class='ocrx_word' id='word_1_623' title='bbox 1933 4028 2339 4100; x_wconf 80' lang='lat' dir='ltr'><strong>Martyrologio,</strong></span> <span class='ocrx_word' id='word_1_624' title='bbox 2367 4028 2508 4084; x_wconf 89' lang='lat' dir='ltr'><strong>diem</strong></span> <span class='ocrx_word' id='word_1_625' title='bbox 2531 4027 2602 4082; x_wconf 77' lang='lat'><strong>20</strong></span> <span class='ocrx_word' id='word_1_626' title='bbox 2630 4026 2852 4095; x_wconf 71' lang='lat' dir='ltr'><strong>elegerit</strong></span> <span class='ocrx_word' id='word_1_627' title='bbox 2866 4025 2930 4083; x_wconf 90' lang='lat' dir='ltr'><strong>ad</strong></span> <span class='ocrx_word' id='word_1_628' title='bbox 2961 4040 3282 4082; x_wconf 88' lang='lat' dir='ltr'><strong>concursum</strong></span> <span class='ocrx_word' id='word_1_629' title='bbox 3326 4023 3452 4081; x_wconf 85' lang='lat' dir='ltr'><strong>festi</strong></span> 
     </span>
    </p>
   </div>
   <div class='ocr_carea' id='block_1_84' title="bbox 1854 4119 3448 4193">
    <p class='ocr_par' dir='ltr' id='par_1_84' title="bbox 1854 4119 3448 4193">
     <span class='ocr_line' id='line_1_84' title="bbox 1854 4119 3448 4193; baseline -0.002 -15"><span class='ocrx_word' id='word_1_630' title='bbox 1854 4122 1913 4179; x_wconf 91' lang='lat' dir='ltr'><strong>S.</strong></span> <span class='ocrx_word' id='word_1_631' title='bbox 1938 4122 2159 4178; x_wconf 65' lang='lat' dir='ltr'><strong>Thomas</strong></span> <span class='ocrx_word' id='word_1_632' title='bbox 2180 4122 2409 4193; x_wconf 87' lang='lat' dir='ltr'><strong>apostoli</strong></span> <span class='ocrx_word' id='word_1_633' title='bbox 2435 4120 2766 4178; x_wconf 89' lang='lat' dir='ltr'><strong>evitandum.</strong></span> <span class='ocrx_word' id='word_1_634' title='bbox 2792 4120 2955 4177; x_wconf 89' lang='lat' dir='ltr'><strong>Addit</strong></span> <span class='ocrx_word' id='word_1_635' title='bbox 2974 4119 3273 4189; x_wconf 81' lang='lat' dir='ltr'><strong>Florezius,</strong></span> <span class='ocrx_word' id='word_1_636' title='bbox 3303 4134 3448 4175; x_wconf 88' lang='lat' dir='ltr'><strong>anno</strong></span> 
     </span>
    </p>
   </div>
   <div class='ocr_carea' id='block_1_85' title="bbox 1856 4212 3456 4287">
    <p class='ocr_par' dir='ltr' id='par_1_85' title="bbox 1856 4212 3456 4287">
     <span class='ocr_line' id='line_1_85' title="bbox 1856 4212 3456 4287; baseline 0 -18"><span class='ocrx_word' id='word_1_637' title='bbox 1856 4214 1996 4270; x_wconf 74' lang='grc'><strong>1065</strong></span> <span class='ocrx_word' id='word_1_638' title='bbox 2015 4216 2157 4271; x_wconf 92' lang='lat' dir='ltr'><strong>diem</strong></span> <span class='ocrx_word' id='word_1_639' title='bbox 2188 4214 2251 4270; x_wconf 67' lang='lat' dir='ltr'><strong>Ql</strong></span> <span class='ocrx_word' id='word_1_640' title='bbox 2300 4213 2614 4271; x_wconf 84' lang='lat' dir='ltr'><strong>Decembris</strong></span> <span class='ocrx_word' id='word_1_641' title='bbox 2643 4212 2893 4287; x_wconf 78' lang='lat' dir='ltr'><strong>incidisse</strong></span> <span class='ocrx_word' id='word_1_642' title='bbox 2938 4214 2993 4269; x_wconf 90' lang='lat' dir='ltr'><strong>in</strong></span> <span class='ocrx_word' id='word_1_643' title='bbox 3044 4213 3184 4273; x_wconf 89' lang='lat' dir='ltr'><strong>diem</strong></span> <span class='ocrx_word' id='word_1_644' title='bbox 3217 4213 3456 4273; x_wconf 88' lang='lat' dir='ltr'><strong>Domini-</strong></span> 
     </span>
    </p>
   </div>
   <div class='ocr_carea' id='block_1_86' title="bbox 1850 4306 3452 4378">
    <p class='ocr_par' dir='ltr' id='par_1_86' title="bbox 1850 4306 3452 4378">
     <span class='ocr_line' id='line_1_86' title="bbox 1850 4306 3452 4378; baseline -0.002 -13"><span class='ocrx_word' id='word_1_645' title='bbox 1850 4326 1974 4365; x_wconf 83' lang='lat' dir='ltr'><strong>cam</strong></span> <span class='ocrx_word' id='word_1_646' title='bbox 1995 4327 2012 4377; x_wconf 89' lang='lat'><strong>;</strong></span> <span class='ocrx_word' id='word_1_647' title='bbox 2034 4325 2141 4378; x_wconf 90' lang='lat' dir='ltr'><strong>qua</strong></span> <span class='ocrx_word' id='word_1_648' title='bbox 2167 4309 2273 4376; x_wconf 90' lang='lat' dir='ltr'><strong>die,</strong></span> <span class='ocrx_word' id='word_1_649' title='bbox 2298 4324 2366 4364; x_wconf 79' lang='lat' dir='ltr'><strong>ex</strong></span> <span class='ocrx_word' id='word_1_650' title='bbox 2394 4324 2661 4364; x_wconf 87' lang='lat' dir='ltr'><strong>canonum</strong></span> <span class='ocrx_word' id='word_1_651' title='bbox 2684 4307 3017 4378; x_wconf 82' lang='lat' dir='ltr'><strong>praescripto,</strong></span> <span class='ocrx_word' id='word_1_652' title='bbox 3044 4306 3287 4362; x_wconf 74' lang='lat' dir='ltr'><strong>ecclesia:</strong></span> <span class='ocrx_word' id='word_1_653' title='bbox 3315 4322 3452 4361; x_wconf 91' lang='lat' dir='ltr'><strong>con-</strong></span> 
     </span>
    </p>
   </div>
   <div class='ocr_carea' id='block_1_87' title="bbox 1857 4397 3454 4470">
    <p class='ocr_par' dir='ltr' id='par_1_87' title="bbox 1857 4397 3454 4470">
     <span class='ocr_line' id='line_1_87' title="bbox 1857 4397 3454 4470; baseline -0.003 -14"><span class='ocrx_word' id='word_1_654' title='bbox 1857 4402 2058 4457; x_wconf 90' lang='lat' dir='ltr'><strong>secrari</strong></span> <span class='ocrx_word' id='word_1_655' title='bbox 2081 4402 2369 4455; x_wconf 88' lang='lat' dir='ltr'><strong>debebant.</strong></span> <span class='ocrx_word' id='word_1_656' title='bbox 2392 4400 2684 4470; x_wconf 90' lang='lat' dir='ltr'><strong>Propterea</strong></span> <span class='ocrx_word' id='word_1_657' title='bbox 2711 4399 3087 4468; x_wconf 70' lang='lat' dir='ltr'><strong>corrigendum</strong></span> <span class='ocrx_word' id='word_1_658' title='bbox 3118 4399 3194 4452; x_wconf 89' lang='lat' dir='ltr'><strong>ait</strong></span> <span class='ocrx_word' id='word_1_659' title='bbox 3219 4399 3271 4453; x_wconf 92' lang='lat' dir='ltr'><strong>in</strong></span> <span class='ocrx_word' id='word_1_660' title='bbox 3302 4397 3454 4453; x_wconf 85' lang='lat' dir='ltr'><strong>Actis</strong></span> 
     </span>
    </p>
   </div>
   <div class='ocr_carea' id='block_1_88' title="bbox 1859 4490 3453 4563">
    <p class='ocr_par' dir='ltr' id='par_1_88' title="bbox 1859 4490 3453 4563">
     <span class='ocr_line' id='line_1_88' title="bbox 1859 4490 3453 4563; baseline -0.002 -16"><span class='ocrx_word' id='word_1_661' title='bbox 1859 4503 2193 4549; x_wconf 74' lang='lat' dir='ltr'><strong>concurrente</strong></span> <span class='ocrx_word' id='word_1_662' title='bbox 2222 4493 2260 4550; x_wconf 88' lang='lat' dir='ltr'><strong>tl</strong></span> <span class='ocrx_word' id='word_1_663' title='bbox 2289 4509 2387 4563; x_wconf 91' lang='lat' dir='ltr'><strong>pro</strong></span> <span class='ocrx_word' id='word_1_664' title='bbox 2410 4500 2743 4548; x_wconf 81' lang='lat' dir='ltr'><strong>concurrente</strong></span> <span class='ocrx_word' id='word_1_665' title='bbox 2768 4491 2847 4557; x_wconf 87' lang='lat' dir='ltr'><strong>ul,</strong></span> <span class='ocrx_word' id='word_1_666' title='bbox 2874 4501 2929 4546; x_wconf 90' lang='lat' dir='ltr'><strong>et</strong></span> <span class='ocrx_word' id='word_1_667' title='bbox 2959 4490 3112 4547; x_wconf 88' lang='lat' dir='ltr'><strong>initio</strong></span> <span class='ocrx_word' id='word_1_668' title='bbox 3138 4498 3256 4560; x_wconf 82' lang='lat' dir='ltr'><strong>post</strong></span> <span class='ocrx_word' id='word_1_669' title='bbox 3283 4505 3453 4545; x_wconf 89' lang='lat' dir='ltr'><strong>annos</strong></span> 
     </span>
    </p>
   </div>
   <div class='ocr_carea' id='block_1_89' title="bbox 1860 4602 2602 4658">
    <p class='ocr_par' dir='ltr' id='par_1_89' title="bbox 1860 4602 2602 4658">
     <span class='ocr_line' id='line_1_89' title="bbox 1860 4602 2602 4658; baseline -0.004 -15"><span class='ocrx_word' id='word_1_670' title='bbox 1860 4603 2137 4643; x_wconf 80' lang='lat' dir='ltr'><strong>ccccxxvu</strong></span> <span class='ocrx_word' id='word_1_671' title='bbox 2168 4603 2265 4658; x_wconf 91' lang='lat' dir='ltr'><strong>pro</strong></span> <span class='ocrx_word' id='word_1_672' title='bbox 2289 4602 2602 4642; x_wconf 78' lang='lat' dir='ltr'><strong>ccccuvut.</strong></span> 
     </span>
    </p>
   </div>
   <div class='ocr_carea' id='block_1_90' title="bbox 164 4655 3454 4745">
    <p class='ocr_par' dir='ltr' id='par_1_90' title="bbox 164 4655 3454 4745">
     <span class='ocr_line' id='line_1_90' title="bbox 164 4655 3454 4745; baseline 0.002 -24"><span class='ocrx_word' id='word_1_673' title='bbox 164 4669 304 4725; x_wconf 83' lang='lat' dir='ltr'><strong>Anno</strong></span> <span class='ocrx_word' id='word_1_674' title='bbox 327 4674 508 4744; x_wconf 82' lang='lat' dir='ltr'><strong>igitur,</strong></span> <span class='ocrx_word' id='word_1_675' title='bbox 540 4683 649 4728; x_wconf 90' lang='lat' dir='ltr'><strong>etc.</strong></span> <span class='ocrx_word' id='word_1_676' title='bbox 693 4670 1039 4728; x_wconf 83' lang='lat' dir='ltr'><strong>Couformata</strong></span> <span class='ocrx_word' id='word_1_677' title='bbox 1072 4681 1251 4727; x_wconf 89' lang='lat' dir='ltr'><strong>autem</strong></span> <span class='ocrx_word' id='word_1_678' title='bbox 1284 4674 1446 4728; x_wconf 82' lang='lat' dir='ltr'><strong>fuisse</strong></span> <span class='ocrx_word' id='word_1_679' title='bbox 1477 4674 1590 4727; x_wconf 67' lang='lat' dir='ltr'><strong>huic</strong></span> <span class='ocrx_word' id='word_1_680' title='bbox 1619 4672 1751 4727; x_wconf 91' lang='lat' dir='ltr'><strong>Acta</strong></span> <span class='ocrx_word' id='word_1_681' title='bbox 1936 4679 2023 4733; x_wconf 78' lang='grc'><strong>15,</strong></span> <span class='ocrx_word' id='word_1_682' title='bbox 2068 4655 2370 4734; x_wconf 69' lang='lat' dir='ltr'><strong>varietates</strong></span> <span class='ocrx_word' id='word_1_683' title='bbox 2412 4687 2592 4732; x_wconf 82' lang='lat' dir='ltr'><strong>autem</strong></span> <span class='ocrx_word' id='word_1_684' title='bbox 2620 4674 2949 4745; x_wconf 81' lang='lat' dir='ltr'><strong>exemplaris</strong></span> <span class='ocrx_word' id='word_1_685' title='bbox 2975 4673 3454 4731; x_wconf 88' lang='lat' dir='ltr'><strong>Bollandianorum</strong></span> 
     </span>
    </p>
   </div>
   <div class='ocr_carea' id='block_1_91' title="bbox 165 4756 1751 4831">
    <p class='ocr_par' dir='ltr' id='par_1_91' title="bbox 165 4756 1751 4831">
     <span class='ocr_line' id='line_1_91' title="bbox 165 4756 1751 4831; baseline 0.005 -18"><span class='ocrx_word' id='word_1_686' title='bbox 165 4756 215 4813; x_wconf 90' lang='lat' dir='ltr'><strong>in</strong></span> <span class='ocrx_word' id='word_1_687' title='bbox 258 4779 462 4821; x_wconf 75' lang='lat' dir='ltr'><strong>[110me</strong></span> <span class='ocrx_word' id='word_1_688' title='bbox 508 4766 802 4822; x_wconf 85' lang='lat' dir='ltr'><strong>lectionum</strong></span> <span class='ocrx_word' id='word_1_689' title='bbox 856 4764 1208 4819; x_wconf 74' lang='lat' dir='ltr'><strong>ecclesiastici</strong></span> <span class='ocrx_word' id='word_1_690' title='bbox 1240 4766 1420 4831; x_wconf 85' lang='lat' dir='ltr'><strong>ollicii,</strong></span> <span class='ocrx_word' id='word_1_691' title='bbox 1481 4766 1625 4821; x_wconf 84' lang='lat' dir='ltr'><strong>clare</strong></span> <span class='ocrx_word' id='word_1_692' title='bbox 1654 4766 1751 4822; x_wconf 89' lang='lat' dir='ltr'><strong>de-</strong></span> 
     </span>
    </p>
   </div>
   <div class='ocr_carea' id='block_1_92' title="bbox 166 4855 1749 4927">
    <p class='ocr_par' dir='ltr' id='par_1_92' title="bbox 166 4855 1749 4927">
     <span class='ocr_line' id='line_1_92' title="bbox 166 4855 1749 4927; baseline 0.007 -27"><span class='ocrx_word' id='word_1_693' title='bbox 166 4864 436 4922; x_wconf 50' lang='lat' dir='ltr'><strong>monstrat,</strong></span> <span class='ocrx_word' id='word_1_694' title='bbox 493 4856 641 4927; x_wconf 89' lang='lat' dir='ltr'><strong>quod</strong></span> <span class='ocrx_word' id='word_1_695' title='bbox 696 4871 939 4921; x_wconf 85' lang='lat' dir='ltr'><strong>numero,</strong></span> <span class='ocrx_word' id='word_1_696' title='bbox 992 4855 1105 4911; x_wconf 90' lang='lat' dir='ltr'><strong>sive</strong></span> <span class='ocrx_word' id='word_1_697' title='bbox 1164 4855 1396 4911; x_wconf 75' lang='lat' dir='ltr'><strong>lectione</strong></span> <span class='ocrx_word' id='word_1_698' title='bbox 1445 4857 1474 4909; x_wconf 87' lang='lat'><strong>7</strong></span> <span class='ocrx_word' id='word_1_699' title='bbox 1508 4857 1749 4925; x_wconf 80' lang='lat' dir='ltr'><strong>legitur:</strong></span> 
     </span>
    </p>
   </div>
   <div class='ocr_carea' id='block_1_93' title="bbox 170 4936 1751 5015">
    <p class='ocr_par' dir='ltr' id='par_1_93' title="bbox 170 4936 1751 5015">
     <span class='ocr_line' id='line_1_93' title="bbox 170 4936 1751 5015; baseline 0.008 -25"><span class='ocrx_word' id='word_1_700' title='bbox 170 4936 423 5015; x_wconf 81' lang='lat' dir='ltr'><strong>Hodieque</strong></span> <span class='ocrx_word' id='word_1_701' title='bbox 464 4964 497 5002; x_wconf 83' lang='lat' dir='ltr'><strong>x</strong></span> <span class='ocrx_word' id='word_1_702' title='bbox 548 4944 909 5001; x_wconf 75' lang='lat' dir='ltr'><strong>Kalendarum</strong></span> <span class='ocrx_word' id='word_1_703' title='bbox 956 4946 1199 5001; x_wconf 82' lang='lat' dir='ltr'><strong>Januarii</strong></span> <span class='ocrx_word' id='word_1_704' title='bbox 1248 4949 1375 5010; x_wconf 25' lang='lat' dir='ltr'><strong>dies.</strong></span> <span class='ocrx_word' id='word_1_705' title='bbox 1411 4948 1751 5003; x_wconf 62' lang='lat' dir='ltr'><strong>dedicationis</strong></span> 
     </span>
    </p>
   </div>
   <div class='ocr_carea' id='block_1_94' title="bbox 169 5032 1750 5110">
    <p class='ocr_par' dir='ltr' id='par_1_94' title="bbox 169 5032 1750 5110">
     <span class='ocr_line' id='line_1_94' title="bbox 169 5032 1750 5110; baseline 0.008 -27"><span class='ocrx_word' id='word_1_706' title='bbox 169 5032 401 5102; x_wconf 66' lang='lat' dir='ltr'><strong>ecclesiis,</strong></span> <span class='ocrx_word' id='word_1_707' title='bbox 433 5048 483 5093; x_wconf 87' lang='lat' dir='ltr'><strong>et</strong></span> <span class='ocrx_word' id='word_1_708' title='bbox 507 5039 869 5099; x_wconf 76' lang='lat' dir='ltr'><strong>translationis</strong></span> <span class='ocrx_word' id='word_1_709' title='bbox 899 5038 1034 5093; x_wconf 81' lang='lat' dir='ltr'><strong>beati</strong></span> <span class='ocrx_word' id='word_1_710' title='bbox 1065 5040 1311 5094; x_wconf 84' lang='lat' dir='ltr'><strong>antistitis</strong></span> <span class='ocrx_word' id='word_1_711' title='bbox 1338 5041 1512 5110; x_wconf 78' lang='lat' dir='ltr'><strong>festive</strong></span> <span class='ocrx_word' id='word_1_712' title='bbox 1543 5058 1750 5095; x_wconf 88' lang='lat' dir='ltr'><strong>annua-</strong></span> 
     </span>
    </p>
   </div>
   <div class='ocr_carea' id='block_1_95' title="bbox 172 5126 1752 5205">
    <p class='ocr_par' dir='ltr' id='par_1_95' title="bbox 172 5126 1752 5205">
     <span class='ocr_line' id='line_1_95' title="bbox 172 5126 1752 5205; baseline 0.008 -26"><span class='ocrx_word' id='word_1_713' title='bbox 172 5126 253 5181; x_wconf 85' lang='lat' dir='ltr'><strong>tim</strong></span> <span class='ocrx_word' id='word_1_714' title='bbox 299 5131 588 5195; x_wconf 73' lang='lat' dir='ltr'><strong>celebratur</strong></span> <span class='ocrx_word' id='word_1_715' title='bbox 636 5151 653 5190; x_wconf 90' lang='lat'><strong><em>:</em></strong></span> <span class='ocrx_word' id='word_1_716' title='bbox 710 5150 831 5205; x_wconf 71' lang='lat' dir='ltr'><strong>qua:</strong></span> <span class='ocrx_word' id='word_1_717' title='bbox 879 5136 1038 5190; x_wconf 88' lang='lat' dir='ltr'><strong>verba</strong></span> <span class='ocrx_word' id='word_1_718' title='bbox 1090 5136 1285 5199; x_wconf 87' lang='lat' dir='ltr'><strong>desunt</strong></span> <span class='ocrx_word' id='word_1_719' title='bbox 1340 5136 1393 5190; x_wconf 91' lang='lat' dir='ltr'><strong>in</strong></span> <span class='ocrx_word' id='word_1_720' title='bbox 1456 5137 1752 5205; x_wconf 77' lang='lat' dir='ltr'><strong>exemplari</strong></span> 
     </span>
    </p>
   </div>
   <div class='ocr_carea' id='block_1_96' title="bbox 173 5218 1753 5298">
    <p class='ocr_par' dir='ltr' id='par_1_96' title="bbox 173 5218 1753 5298">
     <span class='ocr_line' id='line_1_96' title="bbox 173 5218 1753 5298; baseline 0.009 -29"><span class='ocrx_word' id='word_1_721' title='bbox 173 5218 409 5280; x_wconf 89' lang='lat' dir='ltr'><strong>editionis</strong></span> <span class='ocrx_word' id='word_1_722' title='bbox 436 5243 593 5282; x_wconf 67' lang='lat' dir='ltr'><strong>novre</strong></span> <span class='ocrx_word' id='word_1_723' title='bbox 617 5226 964 5296; x_wconf 68' lang='lat' dir='ltr'><strong>Matritensis,</strong></span> <span class='ocrx_word' id='word_1_724' title='bbox 1006 5228 1057 5282; x_wconf 91' lang='lat' dir='ltr'><strong>in</strong></span> <span class='ocrx_word' id='word_1_725' title='bbox 1113 5242 1221 5298; x_wconf 89' lang='lat' dir='ltr'><strong>quo</strong></span> <span class='ocrx_word' id='word_1_726' title='bbox 1272 5228 1510 5297; x_wconf 86' lang='lat' dir='ltr'><strong>alioquin</strong></span> <span class='ocrx_word' id='word_1_727' title='bbox 1556 5243 1753 5284; x_wconf 87' lang='lat' dir='ltr'><strong>novem</strong></span> 
     </span>
    </p>
   </div>
   <div class='ocr_carea' id='block_1_97' title="bbox 177 5304 1753 5389">
    <p class='ocr_par' dir='ltr' id='par_1_97' title="bbox 177 5304 1753 5389">
     <span class='ocr_line' id='line_1_97' title="bbox 177 5304 1753 5389; baseline 0.008 -29"><span class='ocrx_word' id='word_1_728' title='bbox 177 5304 418 5373; x_wconf 82' lang='lat' dir='ltr'><strong>lectiOues</strong></span> <span class='ocrx_word' id='word_1_729' title='bbox 467 5318 819 5384; x_wconf 79' lang='lat' dir='ltr'><strong>nominantur</strong></span> <span class='ocrx_word' id='word_1_730' title='bbox 862 5326 917 5373; x_wconf 88' lang='lat' dir='ltr'><strong>et</strong></span> <span class='ocrx_word' id='word_1_731' title='bbox 968 5318 1385 5387; x_wconf 81' lang='lat' dir='ltr'><strong>distinguuntur,</strong></span> <span class='ocrx_word' id='word_1_732' title='bbox 1416 5326 1472 5372; x_wconf 90' lang='lat' dir='ltr'><strong>ut</strong></span> <span class='ocrx_word' id='word_1_733' title='bbox 1501 5334 1627 5373; x_wconf 82' lang='lat' dir='ltr'><strong>mox</strong></span> <span class='ocrx_word' id='word_1_734' title='bbox 1657 5334 1753 5389; x_wconf 86' lang='lat' dir='ltr'><strong>pa-</strong></span> 
     </span>
    </p>
   </div>
   <div class='ocr_carea' id='block_1_98' title="bbox 180 5399 1754 5466">
    <p class='ocr_par' dir='ltr' id='par_1_98' title="bbox 180 5399 1754 5466">
     <span class='ocr_line' id='line_1_98' title="bbox 180 5399 1754 5466; baseline 0.008 -14"><span class='ocrx_word' id='word_1_735' title='bbox 180 5399 316 5458; x_wconf 84' lang='lat' dir='ltr'><strong>tebit.</strong></span> <span class='ocrx_word' id='word_1_736' title='bbox 348 5404 683 5465; x_wconf 81' lang='lat' dir='ltr'><strong>Bollandiani</strong></span> <span class='ocrx_word' id='word_1_737' title='bbox 722 5411 777 5466; x_wconf 89' lang='lat' dir='ltr'><strong>in</strong></span> <span class='ocrx_word' id='word_1_738' title='bbox 824 5418 949 5466; x_wconf 92' lang='lat' dir='ltr'><strong>octo</strong></span> <span class='ocrx_word' id='word_1_739' title='bbox 981 5418 1186 5464; x_wconf 88' lang='lat' dir='ltr'><strong>tantum</strong></span> <span class='ocrx_word' id='word_1_740' title='bbox 1209 5410 1470 5465; x_wconf 83' lang='lat' dir='ltr'><strong>leCtioues</strong></span> <span class='ocrx_word' id='word_1_741' title='bbox 1510 5406 1644 5464; x_wconf 85' lang='lat' dir='ltr'><strong>Acta</strong></span> <span class='ocrx_word' id='word_1_742' title='bbox 1670 5408 1754 5464; x_wconf 86' lang='lat' dir='ltr'><strong>di—</strong></span> 
     </span>
    </p>
   </div>
   <div class='ocr_carea' id='block_1_99' title="bbox 182 5491 372 5553">
    <p class='ocr_par' dir='ltr' id='par_1_99' title="bbox 182 5491 372 5553">
     <span class='ocr_line' id='line_1_99' title="bbox 182 5491 372 5553; baseline 0.053 -10"><span class='ocrx_word' id='word_1_743' title='bbox 182 5491 372 5553; x_wconf 82' lang='lat' dir='ltr'><strong>vidunt.</strong></span> 
     </span>
    </p>
   </div>
   <div class='ocr_carea' id='block_1_100' title="bbox 244 5584 1753 5665">
    <p class='ocr_par' dir='ltr' id='par_1_100' title="bbox 244 5584 1753 5665">
     <span class='ocr_line' id='line_1_100' title="bbox 244 5584 1753 5665; baseline 0.007 -26"><span class='ocrx_word' id='word_1_744' title='bbox 244 5584 323 5642; x_wconf 88' lang='lat' dir='ltr'><strong>ll.</strong></span> <span class='ocrx_word' id='word_1_745' title='bbox 366 5590 442 5647; x_wconf 89' lang='lat' dir='ltr'><strong>De</strong></span> <span class='ocrx_word' id='word_1_746' title='bbox 496 5602 720 5652; x_wconf 89' lang='lat' dir='ltr'><strong>auctore</strong></span> <span class='ocrx_word' id='word_1_747' title='bbox 767 5597 1024 5651; x_wconf 87' lang='lat' dir='ltr'><strong>Actorum</strong></span> <span class='ocrx_word' id='word_1_748' title='bbox 1061 5594 1112 5649; x_wconf 91' lang='lat' dir='ltr'><strong>id</strong></span> <span class='ocrx_word' id='word_1_749' title='bbox 1145 5602 1350 5649; x_wconf 87' lang='lat' dir='ltr'><strong>tantum</strong></span> <span class='ocrx_word' id='word_1_750' title='bbox 1386 5596 1554 5665; x_wconf 88' lang='lat' dir='ltr'><strong>liquet</strong></span> <span class='ocrx_word' id='word_1_751' title='bbox 1609 5592 1753 5664; x_wconf 91' lang='lat' dir='ltr'><strong>quod</strong></span> 
     </span>
    </p>
   </div>
   <div class='ocr_carea' id='block_1_101' title="bbox 184 5674 1754 5761">
    <p class='ocr_par' dir='ltr' id='par_1_101' title="bbox 184 5674 1754 5761">
     <span class='ocr_line' id='line_1_101' title="bbox 184 5674 1754 5761; baseline 0.001 -20"><span class='ocrx_word' id='word_1_752' title='bbox 184 5674 283 5741; x_wconf 54' lang='lat' dir='ltr'><strong>ipse</strong></span> <span class='ocrx_word' id='word_1_753' title='bbox 305 5693 480 5741; x_wconf 85' lang='lat' dir='ltr'><strong>narrat</strong></span> <span class='ocrx_word' id='word_1_754' title='bbox 509 5687 638 5742; x_wconf 87' lang='lat' dir='ltr'><strong>lect.</strong></span> <span class='ocrx_word' id='word_1_755' title='bbox 662 5688 715 5754; x_wconf 79' lang='grc'><strong>5,</strong></span> <span class='ocrx_word' id='word_1_756' title='bbox 771 5687 911 5745; x_wconf 81' lang='lat' dir='ltr'><strong>Mira</strong></span> <span class='ocrx_word' id='word_1_757' title='bbox 937 5689 1121 5760; x_wconf 87' lang='lat' dir='ltr'><strong>loquar</strong></span> <span class='ocrx_word' id='word_1_758' title='bbox 1150 5705 1170 5744; x_wconf 91' lang='lat'><strong><em>:</em></strong></span> <span class='ocrx_word' id='word_1_759' title='bbox 1224 5689 1288 5743; x_wconf 84' lang='lat' dir='ltr'><strong>ab</strong></span> <span class='ocrx_word' id='word_1_760' title='bbox 1318 5690 1398 5744; x_wconf 82' lang='lat' dir='ltr'><strong>Itis</strong></span> <span class='ocrx_word' id='word_1_761' title='bbox 1448 5698 1620 5744; x_wconf 85' lang='lat' dir='ltr'><strong>tamen</strong></span> <span class='ocrx_word' id='word_1_762' title='bbox 1669 5690 1754 5761; x_wconf 79' lang='lat' dir='ltr'><strong>qui</strong></span> 
     </span>
    </p>
   </div>
   <div class='ocr_carea' id='block_1_102' title="bbox 185 5767 1753 5856">
    <p class='ocr_par' dir='ltr' id='par_1_102' title="bbox 185 5767 1753 5856">
     <span class='ocr_line' id='line_1_102' title="bbox 185 5767 1753 5856; baseline 0.011 -35"><span class='ocrx_word' id='word_1_763' title='bbox 185 5767 444 5845; x_wconf 70' lang='lat' dir='ltr'><strong>interlitere</strong></span> <span class='ocrx_word' id='word_1_764' title='bbox 496 5781 748 5852; x_wconf 80' lang='lat' dir='ltr'><strong>(Hispali,</strong></span> <span class='ocrx_word' id='word_1_765' title='bbox 803 5782 931 5838; x_wconf 86' lang='lat' dir='ltr'><strong>dum</strong></span> <span class='ocrx_word' id='word_1_766' title='bbox 959 5794 1289 5853; x_wconf 70' lang='lat' dir='ltr'><strong>quaereretur</strong></span> <span class='ocrx_word' id='word_1_767' title='bbox 1314 5800 1513 5855; x_wconf 86' lang='lat' dir='ltr'><strong>corpus</strong></span> <span class='ocrx_word' id='word_1_768' title='bbox 1541 5784 1753 5856; x_wconf 87' lang='lat' dir='ltr'><strong>lsidori)</strong></span> 
     </span>
    </p>
   </div>
   <div class='ocr_carea' id='block_1_103' title="bbox 185 5869 1755 5949">
    <p class='ocr_par' dir='ltr' id='par_1_103' title="bbox 185 5869 1755 5949">
     <span class='ocr_line' id='line_1_103' title="bbox 185 5869 1755 5949; baseline 0.01 -32"><span class='ocrx_word' id='word_1_769' title='bbox 185 5869 257 5917; x_wconf 76' lang='lat' dir='ltr'><strong>tlte</strong></span> <span class='ocrx_word' id='word_1_770' title='bbox 278 5869 578 5929; x_wconf 85' lang='lat' dir='ltr'><strong>reminiscor</strong></span> <span class='ocrx_word' id='word_1_771' title='bbox 602 5875 831 5931; x_wconf 83' lang='lat' dir='ltr'><strong>audisse.</strong></span> <span class='ocrx_word' id='word_1_772' title='bbox 879 5872 948 5930; x_wconf 85' lang='lat' dir='ltr'><strong>Et</strong></span> <span class='ocrx_word' id='word_1_773' title='bbox 966 5875 1091 5932; x_wconf 86' lang='lat' dir='ltr'><strong>lect.</strong></span> <span class='ocrx_word' id='word_1_774' title='bbox 1117 5874 1171 5944; x_wconf 86' lang='lat'><strong>6,</strong></span> <span class='ocrx_word' id='word_1_775' title='bbox 1225 5887 1351 5949; x_wconf 88' lang='lat' dir='ltr'><strong>post</strong></span> <span class='ocrx_word' id='word_1_776' title='bbox 1389 5877 1557 5933; x_wconf 88' lang='lat' dir='ltr'><strong>relata</strong></span> <span class='ocrx_word' id='word_1_777' title='bbox 1588 5876 1755 5934; x_wconf 82' lang='lat' dir='ltr'><strong>verba</strong></span> 
     </span>
    </p>
   </div>
   <div class='ocr_carea' id='block_1_104' title="bbox 1863 4762 3455 4835">
    <p class='ocr_par' dir='ltr' id='par_1_104' title="bbox 1863 4762 3455 4835">
     <span class='ocr_line' id='line_1_104' title="bbox 1863 4762 3455 4835; baseline -0.002 -11"><span class='ocrx_word' id='word_1_778' title='bbox 1863 4786 1893 4824; x_wconf 87' lang='lat' dir='ltr'><strong>a</strong></span> <span class='ocrx_word' id='word_1_779' title='bbox 1940 4785 2038 4823; x_wconf 89' lang='lat' dir='ltr'><strong>suo</strong></span> <span class='ocrx_word' id='word_1_780' title='bbox 2093 4770 2191 4825; x_wconf 88' lang='lat' dir='ltr'><strong>bas</strong></span> <span class='ocrx_word' id='word_1_781' title='bbox 2244 4768 2519 4824; x_wconf 81' lang='lat' dir='ltr'><strong>Florezius</strong></span> <span class='ocrx_word' id='word_1_782' title='bbox 2557 4767 2883 4821; x_wconf 85' lang='lat' dir='ltr'><strong>observavit.</strong></span> <span class='ocrx_word' id='word_1_783' title='bbox 2935 4764 3088 4821; x_wconf 83' lang='lat' dir='ltr'><strong>Lect.</strong></span> <span class='ocrx_word' id='word_1_784' title='bbox 3124 4765 3179 4835; x_wconf 88' lang='grc'><strong>1,</strong></span> <span class='ocrx_word' id='word_1_785' title='bbox 3213 4762 3455 4830; x_wconf 82' lang='lat' dir='ltr'><strong>Qualiter</strong></span> 
     </span>
    </p>
   </div>
   <div class='ocr_carea' id='block_1_105' title="bbox 1863 4857 3451 4930">
    <p class='ocr_par' dir='ltr' id='par_1_105' title="bbox 1863 4857 3451 4930">
     <span class='ocr_line' id='line_1_105' title="bbox 1863 4857 3451 4930; baseline -0.002 -14"><span class='ocrx_word' id='word_1_786' title='bbox 1863 4860 1999 4916; x_wconf 87' lang='lat' dir='ltr'><strong>enim</strong></span> <span class='ocrx_word' id='word_1_787' title='bbox 2028 4862 2101 4914; x_wconf 89' lang='lat' dir='ltr'><strong>in.</strong></span> <span class='ocrx_word' id='word_1_788' title='bbox 2158 4859 2308 4915; x_wconf 84' lang='lat' dir='ltr'><strong>Lcct.</strong></span> <span class='ocrx_word' id='word_1_789' title='bbox 2342 4859 2394 4925; x_wconf 77' lang='lat'><strong>2,</strong></span> <span class='ocrx_word' id='word_1_790' title='bbox 2452 4857 2633 4914; x_wconf 82' lang='lat' dir='ltr'><strong>Gloria</strong></span> <span class='ocrx_word' id='word_1_791' title='bbox 2656 4874 2983 4930; x_wconf 83' lang='lat' dir='ltr'><strong>regnum.-</strong></span> <span class='ocrx_word' id='word_1_792' title='bbox 3012 4875 3171 4926; x_wconf 84' lang='lat' dir='ltr'><strong>auro,</strong></span> <span class='ocrx_word' id='word_1_793' title='bbox 3212 4859 3451 4929; x_wconf 79' lang='lat' dir='ltr'><strong>gemmis.</strong></span> 
     </span>
    </p>
   </div>
   <div class='ocr_carea' id='block_1_106' title="bbox 1859 4952 3454 5031">
    <p class='ocr_par' dir='ltr' id='par_1_106' title="bbox 1859 4952 3454 5031">
     <span class='ocr_line' id='line_1_106' title="bbox 1859 4952 3454 5031; baseline -0.001 -22"><span class='ocrx_word' id='word_1_794' title='bbox 1859 4985 1932 4995; x_wconf 89' lang='lat'><strong>—</strong></span> <span class='ocrx_word' id='word_1_795' title='bbox 1960 4961 2234 5019; x_wconf 84' lang='lat' dir='ltr'><strong>amarunt,</strong></span> <span class='ocrx_word' id='word_1_796' title='bbox 2279 4969 2373 5023; x_wconf 82' lang='lat' dir='ltr'><strong>pro</strong></span> <span class='ocrx_word' id='word_1_797' title='bbox 2400 4952 2613 5009; x_wconf 82' lang='lat' dir='ltr'><strong>uiribus.</strong></span> <span class='ocrx_word' id='word_1_798' title='bbox 2644 4985 2715 5014; x_wconf 60' lang='lat'><strong>-,-</strong></span> <span class='ocrx_word' id='word_1_799' title='bbox 2740 4953 2989 5031; x_wconf 78' lang='lat' dir='ltr'><strong>prosapia</strong></span> <span class='ocrx_word' id='word_1_800' title='bbox 3036 4953 3232 5007; x_wconf 68' lang='lat' dir='ltr'><strong>exstitit</strong></span> <span class='ocrx_word' id='word_1_801' title='bbox 3257 4952 3356 5007; x_wconf 79' lang='lat' dir='ltr'><strong>vir.</strong></span> <span class='ocrx_word' id='word_1_802' title='bbox 3380 4982 3454 4998; x_wconf 91' lang='lat'><strong>-</strong></span> 
     </span>
    </p>
   </div>
   <div class='ocr_carea' id='block_1_107' title="bbox 1862 5042 3453 5116">
    <p class='ocr_par' dir='ltr' id='par_1_107' title="bbox 1862 5042 3453 5116">
     <span class='ocr_line' id='line_1_107' title="bbox 1862 5042 3453 5116; baseline -0.002 -15"><span class='ocrx_word' id='word_1_803' title='bbox 1862 5055 2120 5116; x_wconf 84' lang='lat' dir='ltr'><strong>sceptrum</strong></span> <span class='ocrx_word' id='word_1_804' title='bbox 2162 5046 2329 5116; x_wconf 86' lang='lat' dir='ltr'><strong>regni.</strong></span> <span class='ocrx_word' id='word_1_805' title='bbox 2396 5075 2467 5085; x_wconf 91' lang='lat'><strong><em>—</em></strong></span> <span class='ocrx_word' id='word_1_806' title='bbox 2507 5053 2563 5100; x_wconf 86' lang='lat' dir='ltr'><strong>ut</strong></span> <span class='ocrx_word' id='word_1_807' title='bbox 2616 5060 2730 5101; x_wconf 83' lang='lat' dir='ltr'><strong>eam</strong></span> <span class='ocrx_word' id='word_1_808' title='bbox 2774 5043 2846 5099; x_wconf 84' lang='lat' dir='ltr'><strong>ad</strong></span> <span class='ocrx_word' id='word_1_809' title='bbox 2909 5042 3320 5115; x_wconf 75' lang='lat' dir='ltr'><strong>urbem—neque</strong></span> <span class='ocrx_word' id='word_1_810' title='bbox 3348 5043 3453 5098; x_wconf 86' lang='lat' dir='ltr'><strong>ali-</strong></span> 
     </span>
    </p>
   </div>
   <div class='ocr_carea' id='block_1_108' title="bbox 1860 5135 3455 5210">
    <p class='ocr_par' dir='ltr' id='par_1_108' title="bbox 1860 5135 3455 5210">
     <span class='ocr_line' id='line_1_108' title="bbox 1860 5135 3455 5210; baseline -0.001 -19"><span class='ocrx_word' id='word_1_811' title='bbox 1860 5140 1993 5210; x_wconf 84' lang='lat' dir='ltr'><strong>quis.</strong></span> <span class='ocrx_word' id='word_1_812' title='bbox 2024 5137 2174 5193; x_wconf 81' lang='lat' dir='ltr'><strong>Lect.</strong></span> <span class='ocrx_word' id='word_1_813' title='bbox 2201 5136 2255 5203; x_wconf 77' lang='lat'><strong>5,</strong></span> <span class='ocrx_word' id='word_1_814' title='bbox 2289 5135 2523 5201; x_wconf 86' lang='lat' dir='ltr'><strong>Itineris,</strong></span> <span class='ocrx_word' id='word_1_815' title='bbox 2550 5146 2601 5193; x_wconf 90' lang='lat' dir='ltr'><strong>et</strong></span> <span class='ocrx_word' id='word_1_816' title='bbox 2621 5135 2875 5193; x_wconf 80' lang='lat' dir='ltr'><strong>laborum.</strong></span> <span class='ocrx_word' id='word_1_817' title='bbox 2903 5165 2975 5175; x_wconf 89' lang='lat'>—</span> <span class='ocrx_word' id='word_1_818' title='bbox 3015 5137 3281 5190; x_wconf 88' lang='lat' dir='ltr'><strong>miseratio</strong></span> <span class='ocrx_word' id='word_1_819' title='bbox 3312 5152 3455 5191; x_wconf 78' lang='lat' dir='ltr'><strong>reve-</strong></span> 
     </span>
    </p>
   </div>
   <div class='ocr_carea' id='block_1_109' title="bbox 1856 5225 3453 5299">
    <p class='ocr_par' dir='ltr' id='par_1_109' title="bbox 1856 5225 3453 5299">
     <span class='ocr_line' id='line_1_109' title="bbox 1856 5225 3453 5299; baseline -0.003 -14"><span class='ocrx_word' id='word_1_820' title='bbox 1856 5231 2061 5285; x_wconf 84' lang='lat' dir='ltr'><strong>laverit.</strong></span> <span class='ocrx_word' id='word_1_821' title='bbox 2091 5260 2154 5269; x_wconf 85' lang='lat'><strong>--</strong></span> <span class='ocrx_word' id='word_1_822' title='bbox 2185 5230 2349 5284; x_wconf 85' lang='lat' dir='ltr'><strong>oratio</strong></span> <span class='ocrx_word' id='word_1_823' title='bbox 2402 5230 2659 5299; x_wconf 78' lang='lat' dir='ltr'><strong>prtesulis.</strong></span> <span class='ocrx_word' id='word_1_824' title='bbox 2703 5226 2856 5285; x_wconf 86' lang='lat' dir='ltr'><strong>Lect.</strong></span> <span class='ocrx_word' id='word_1_825' title='bbox 2878 5225 2937 5296; x_wconf 59' lang='grc' dir='ltr'><strong>ὁ,</strong></span> <span class='ocrx_word' id='word_1_826' title='bbox 2969 5226 3140 5282; x_wconf 73' lang='lat' dir='ltr'><strong>Enixe</strong></span> <span class='ocrx_word' id='word_1_827' title='bbox 3166 5242 3341 5282; x_wconf 88' lang='lat' dir='ltr'><strong>orare.</strong></span> <span class='ocrx_word' id='word_1_828' title='bbox 3381 5256 3453 5267; x_wconf 93' lang='lat'><strong>—</strong></span> 
     </span>
    </p>
   </div>
   <div class='ocr_carea' id='block_1_110' title="bbox 1856 5317 3451 5392">
    <p class='ocr_par' dir='ltr' id='par_1_110' title="bbox 1856 5317 3451 5392">
     <span class='ocr_line' id='line_1_110' title="bbox 1856 5317 3451 5392; baseline -0.003 -16"><span class='ocrx_word' id='word_1_829' title='bbox 1856 5322 1993 5376; x_wconf 87' lang='lat' dir='ltr'><strong>idem</strong></span> <span class='ocrx_word' id='word_1_830' title='bbox 2016 5324 2109 5376; x_wconf 86' lang='lat' dir='ltr'><strong>vir.</strong></span> <span class='ocrx_word' id='word_1_831' title='bbox 2142 5354 2213 5363; x_wconf 91' lang='lat'><strong>—</strong></span> <span class='ocrx_word' id='word_1_832' title='bbox 2234 5322 2313 5375; x_wconf 82' lang='lat' dir='ltr'><strong>hic</strong></span> <span class='ocrx_word' id='word_1_833' title='bbox 2340 5322 2587 5377; x_wconf 70' lang='lat' dir='ltr'><strong>inuenies.</strong></span> <span class='ocrx_word' id='word_1_834' title='bbox 2621 5353 2693 5363; x_wconf 99' lang='lat'><strong>—</strong></span> <span class='ocrx_word' id='word_1_835' title='bbox 2732 5320 3085 5392; x_wconf 79' lang='lat' dir='ltr'><strong>subsequetur.</strong></span> <span class='ocrx_word' id='word_1_836' title='bbox 3146 5317 3260 5383; x_wconf 85' lang='lat' dir='ltr'><strong>Quo</strong></span> <span class='ocrx_word' id='word_1_837' title='bbox 3288 5318 3451 5372; x_wconf 88' lang='lat' dir='ltr'><strong>dicto.</strong></span> 
     </span>
    </p>
   </div>
   <div class='ocr_carea' id='block_1_111' title="bbox 1856 5409 3454 5485">
    <p class='ocr_par' dir='ltr' id='par_1_111' title="bbox 1856 5409 3454 5485">
     <span class='ocr_line' id='line_1_111' title="bbox 1856 5409 3454 5485; baseline -0.003 -17"><span class='ocrx_word' id='word_1_838' title='bbox 1856 5447 1929 5457; x_wconf 90' lang='lat'><strong><em>—</em></strong></span> <span class='ocrx_word' id='word_1_839' title='bbox 1979 5414 2193 5485; x_wconf 82' lang='lat' dir='ltr'><strong>Oportet</strong></span> <span class='ocrx_word' id='word_1_840' title='bbox 2242 5414 2583 5469; x_wconf 78' lang='lat' dir='ltr'><strong>dilectissimi.</strong></span> <span class='ocrx_word' id='word_1_841' title='bbox 2634 5412 2783 5468; x_wconf 85' lang='lat' dir='ltr'><strong>Lect.</strong></span> <span class='ocrx_word' id='word_1_842' title='bbox 2827 5409 2882 5479; x_wconf 84' lang='lat'><strong>5,</strong></span> <span class='ocrx_word' id='word_1_843' title='bbox 2932 5410 3059 5469; x_wconf 79' lang='lat' dir='ltr'><strong>Cum</strong></span> <span class='ocrx_word' id='word_1_844' title='bbox 3106 5427 3207 5481; x_wconf 84' lang='lat' dir='ltr'><strong>quo</strong></span> <span class='ocrx_word' id='word_1_845' title='bbox 3233 5428 3349 5481; x_wconf 84' lang='lat' dir='ltr'><strong>ego.</strong></span> <span class='ocrx_word' id='word_1_846' title='bbox 3382 5439 3454 5453; x_wconf 89' lang='lat'>—</span> 
     </span>
    </p>
   </div>
   <div class='ocr_carea' id='block_1_112' title="bbox 1861 5498 3452 5576">
    <p class='ocr_par' dir='ltr' id='par_1_112' title="bbox 1861 5498 3452 5576">
     <span class='ocr_line' id='line_1_112' title="bbox 1861 5498 3452 5576; baseline -0.003 -15"><span class='ocrx_word' id='word_1_847' title='bbox 1861 5506 2003 5561; x_wconf 80' lang='lat' dir='ltr'><strong>Mira</strong></span> <span class='ocrx_word' id='word_1_848' title='bbox 2030 5506 2229 5576; x_wconf 87' lang='lat' dir='ltr'><strong>loquar.</strong></span> <span class='ocrx_word' id='word_1_849' title='bbox 2251 5536 2324 5547; x_wconf 92' lang='lat'><strong>——</strong></span> <span class='ocrx_word' id='word_1_850' title='bbox 2348 5506 2626 5576; x_wconf 72' lang='lat' dir='ltr'><strong>interfuere</strong></span> <span class='ocrx_word' id='word_1_851' title='bbox 2649 5504 2952 5559; x_wconf 82' lang='lat' dir='ltr'><strong>reminiscor</strong></span> <span class='ocrx_word' id='word_1_852' title='bbox 2971 5501 3172 5558; x_wconf 86' lang='lat' dir='ltr'><strong>audire.</strong></span> <span class='ocrx_word' id='word_1_853' title='bbox 3205 5532 3274 5544; x_wconf 91' lang='lat'><strong>—</strong></span> <span class='ocrx_word' id='word_1_854' title='bbox 3298 5498 3452 5556; x_wconf 83' lang='lat' dir='ltr'><strong>Lect.</strong></span> 
     </span>
    </p>
   </div>
   <div class='ocr_carea' id='block_1_113' title="bbox 1863 5588 3451 5664">
    <p class='ocr_par' dir='ltr' id='par_1_113' title="bbox 1863 5588 3451 5664">
     <span class='ocr_line' id='line_1_113' title="bbox 1863 5588 3451 5664; baseline -0.004 -12"><span class='ocrx_word' id='word_1_855' title='bbox 1863 5599 1913 5664; x_wconf 85' lang='grc'><strong>0,</strong></span> <span class='ocrx_word' id='word_1_856' title='bbox 1940 5598 2190 5653; x_wconf 64' lang='lat' dir='ltr'><strong>Praesit/is</strong></span> <span class='ocrx_word' id='word_1_857' title='bbox 2217 5598 2393 5651; x_wconf 80' lang='lat' dir='ltr'><strong>Alriti.</strong></span> <span class='ocrx_word' id='word_1_858' title='bbox 2440 5629 2513 5640; x_wconf 92' lang='lat'>—</span> <span class='ocrx_word' id='word_1_859' title='bbox 2538 5615 2603 5655; x_wconf 64' lang='lat' dir='ltr'><strong>ex</strong></span> <span class='ocrx_word' id='word_1_860' title='bbox 2642 5597 2825 5651; x_wconf 87' lang='lat' dir='ltr'><strong>intimo</strong></span> <span class='ocrx_word' id='word_1_861' title='bbox 2850 5611 3083 5661; x_wconf 80' lang='lat' dir='ltr'><strong>corpore.</strong></span> <span class='ocrx_word' id='word_1_862' title='bbox 3114 5624 3184 5637; x_wconf 72' lang='lat'><strong>-</strong></span> <span class='ocrx_word' id='word_1_863' title='bbox 3213 5592 3362 5647; x_wconf 88' lang='lat' dir='ltr'><strong>Lect.</strong></span> <span class='ocrx_word' id='word_1_864' title='bbox 3391 5588 3451 5657; x_wconf 87' lang='lat'><strong>8,</strong></span> 
     </span>
    </p>
   </div>
   <div class='ocr_carea' id='block_1_114' title="bbox 1862 5683 3452 5763">
    <p class='ocr_par' dir='ltr' id='par_1_114' title="bbox 1862 5683 3452 5763">
     <span class='ocr_line' id='line_1_114' title="bbox 1862 5683 3452 5763; baseline -0.003 -19"><span class='ocrx_word' id='word_1_865' title='bbox 1862 5691 1991 5763; x_wconf 78' lang='lat' dir='ltr'><strong>ﬁdes</strong></span> <span class='ocrx_word' id='word_1_866' title='bbox 2021 5692 2318 5761; x_wconf 84' lang='lat' dir='ltr'><strong>petentium.</strong></span> <span class='ocrx_word' id='word_1_867' title='bbox 2362 5688 2420 5744; x_wconf 90' lang='lat' dir='ltr'><strong>In</strong></span> <span class='ocrx_word' id='word_1_868' title='bbox 2450 5689 2557 5745; x_wconf 92' lang='lat' dir='ltr'><strong>line</strong></span> <span class='ocrx_word' id='word_1_869' title='bbox 2584 5707 2598 5743; x_wconf 88' lang='lat'><strong>:</strong></span> <span class='ocrx_word' id='word_1_870' title='bbox 2651 5688 2885 5761; x_wconf 76' lang='lat' dir='ltr'><strong>ﬁnienda</strong></span> <span class='ocrx_word' id='word_1_871' title='bbox 2911 5685 3217 5744; x_wconf 68' lang='lat' dir='ltr'><strong>necatorum</strong></span> <span class='ocrx_word' id='word_1_872' title='bbox 3236 5683 3452 5740; x_wconf 66' lang='lat' dir='ltr'><strong>secula.</strong></span> 
     </span>
    </p>
   </div>
   <div class='ocr_carea' id='block_1_115' title="bbox 1934 5778 3453 5852">
    <p class='ocr_par' dir='ltr' id='par_1_115' title="bbox 1934 5778 3453 5852">
     <span class='ocr_line' id='line_1_115' title="bbox 1934 5778 3453 5852; baseline -0.003 -16"><span class='ocrx_word' id='word_1_873' title='bbox 1934 5781 2021 5836; x_wconf 74' lang='grc'><strong>14.</strong></span> <span class='ocrx_word' id='word_1_874' title='bbox 2091 5782 2165 5837; x_wconf 90' lang='lat' dir='ltr'><strong>De</strong></span> <span class='ocrx_word' id='word_1_875' title='bbox 2196 5782 2412 5837; x_wconf 87' lang='lat' dir='ltr'><strong>nomine</strong></span> <span class='ocrx_word' id='word_1_876' title='bbox 2457 5781 2600 5851; x_wconf 77' lang='lat' dir='ltr'><strong>regis</strong></span> <span class='ocrx_word' id='word_1_877' title='bbox 2638 5779 2968 5852; x_wconf 72' lang='lat' dir='ltr'><strong>Hispalensis</strong></span> <span class='ocrx_word' id='word_1_878' title='bbox 3019 5778 3453 5844; x_wconf 86' lang='lat' dir='ltr'><strong>Saracenorum,</strong></span> 
     </span>
    </p>
   </div>
   <div class='ocr_carea' id='block_1_116' title="bbox 1862 5864 3458 5947">
    <p class='ocr_par' dir='ltr' id='par_1_116' title="bbox 1862 5864 3458 5947">
     <span class='ocr_line' id='line_1_116' title="bbox 1862 5864 3458 5947; baseline -0.005 -16"><span class='ocrx_word' id='word_1_879' title='bbox 1862 5874 1956 5947; x_wconf 90' lang='lat' dir='ltr'><strong>qui</strong></span> <span class='ocrx_word' id='word_1_880' title='bbox 2003 5873 2061 5931; x_wconf 93' lang='lat' dir='ltr'><strong>S.</strong></span> <span class='ocrx_word' id='word_1_881' title='bbox 2115 5872 2305 5931; x_wconf 87' lang='lat' dir='ltr'><strong>Isidori</strong></span> <span class='ocrx_word' id='word_1_882' title='bbox 2352 5888 2546 5945; x_wconf 88' lang='lat' dir='ltr'><strong>corpus</strong></span> <span class='ocrx_word' id='word_1_883' title='bbox 2596 5870 2892 5941; x_wconf 72' lang='lat' dir='ltr'><strong>concessit,</strong></span> <span class='ocrx_word' id='word_1_884' title='bbox 2960 5866 3220 5927; x_wconf 86' lang='lat' dir='ltr'><strong>nonnulla</strong></span> <span class='ocrx_word' id='word_1_885' title='bbox 3263 5874 3347 5925; x_wconf 89' lang='lat' dir='ltr'><strong>est</strong></span> <span class='ocrx_word' id='word_1_886' title='bbox 3397 5864 3458 5923; x_wconf 74' lang='lat' dir='ltr'><strong>in</strong></span> 
     </span>
    </p>
   </div>
  </div>
