4048 6364
593 400 663 467 1⁵1
1336 402 1426 462 AD
1464 400 1693 460 OPERA
1733 400 1791 457 S.
1833 391 2077 455 lSlDORl
2116 388 2552 450 HISPALENSIS
2592 390 3125 450 PROLEGOMENA.
3810 394 3883 449 ις

594 521 993 595 exemplaribus
1017 518 1301 577 dissensio.
1336 518 1395 573 In
1416 513 1857 585 lectionibus”
1876 506 2176 566 breviario-
2205 507 2254 565 Α
2283 505 2528 575 religiose
2575 507 2760 577 gessit,
2808 508 2965 578 petiit
3018 522 3048 561 a
3078 504 3330 561 Benadab
3366 504 3700 576 Hispalensis
3724 506 3887 563 urbis

592 632 715 673 rum
763 616 1119 687 quorumdam
1174 625 1396 670 vocatur
1437 613 1649 668 Enetus.
1693 608 1750 663 In
1786 607 1931 662 Actis
1965 603 2177 659 Bollan-

594 711 901 775 dianorum,
954 708 1205 776 Florezii,
1255 716 1310 763 et
1338 708 1454 762 aliis
1501 703 1840 761 uberioribus
1870 699 2009 770 apud
2033 698 2181 765 ipsos

593 801 979 857 Bollandianos
1027 800 1289 855 Benabetlt
1343 818 1360 855 :
1420 801 1469 854 in
1516 798 1662 853 Actis
1720 810 1870 850 nova:
1928 790 2181 847 editionis

592 891 922 948 Matritensis
964 893 1208 959 Benabet,
1268 900 1323 947 et
1368 888 1628 945 Benadab.
1680 887 1758 940 Ex
1791 885 2017 940 historia
2045 881 2180 935 Ara-

593 983 722 1038 bum
772 978 1022 1039 Roderici
1054 982 1301 1038 Toletani
1326 997 1446 1050 cap.
1480 979 1569 1045 48,
1628 977 1916 1044 colligitur,
1947 973 2180 1028 transla-

594 1075 800 1130 tionem
830 1084 1098 1145 peractam
1130 1083 1386 1144 regnante
1418 1073 1619 1143 HiSpali
1650 1069 1877 1123 ﬂabeth.
1906 1066 2021 1121 Jam
2046 1066 2182 1120 Acta

596 1179 716 1235 qua:
735 1164 844 1218 dixi
877 1181 1028 1220 novre
1057 1164 1307 1219 editionis
1353 1161 1700 1225 Matritensis,
1730 1158 1937 1215 mendis
1962 1157 2184 1228 quibus-

596 1258 721 1313 dam
751 1258 1063 1322 emendatis,
1093 1258 1207 1313 haac
1231 1267 1358 1311 sunt
1391 1274 1405 1309 :

668 1350 757 1405 15.
777 1349 953 1405 Lectio
978 1365 1014 1406 ι.
1042 1377 1113 1388 -
1136 1368 1154 1401 ι
1192 1350 1352 1403 Anno
1380 1348 1539 1416 igitur
1569 1345 1966 1417 septuagesimo
1994 1342 2184 1412 quinto

594 1456 720 1518 post
756 1446 1039 1501 transitum
1073 1444 1447 1514 gloriosissimi
1484 1444 1725 1513 praesulis
1760 1441 1968 1507 lsidori,
2010 1439 2186 1495 omnis

594 1550 727 1607 gens
753 1534 1055 1591 Gothorum
1086 1535 1299 1590 occulto
1336 1535 1426 1589 Dei
1455 1534 1657 1604 judicio
1688 1534 1873 1602 gentili
1901 1532 2077 1601 gladio
2104 1529 2187 1585 fe—

594 1627 781 1683 rienda
794 1634 876 1682 est
896 1624 1492 1682 tradita.’l‘ransmarini
1517 1641 1748 1696 namque
1760 1624 2014 1680 Saraceni
2036 1637 2186 1677 mare

591 1720 725 1775 illud
751 1719 897 1790 quod
926 1718 1230 1790 Hispalensi
1259 1719 1377 1774 urbi
1403 1718 1591 1773 alludit
1619 1717 2046 1782 transfretantes,
2077 1715 2188 1786 pri-

591 1827 686 1868 mo
710 1810 957 1867 eamdem
980 1820 1261 1882 ceperunt.
1285 1811 1485 1867 Deinde
1506 1810 1757 1866 Baeticam
1782 1819 1836 1865 et
1858 1808 2187 1865 Lusitaniam

2282 616 2431 672 rege,
2457 613 2721 673 quatenus
2747 603 2845 656 sibi
2867 618 3059 672 corpus
3091 602 3413 657 beatissima:
3436 598 3603 655 Justte
3628 600 3882 669 virginis,

2283 695 2426 764 quod
2475 696 2530 749 in
2582 695 2770 748 eadem
2821 694 2952 747 urbe
2995 692 3240 763 quiescit,
3282 690 3629 755 concederet,
3664 699 3724 743 ut
3753 705 3883 744 eam

2284 788 2352 842 ad
2374 786 2763 857 Legionensem
2808 786 2994 841 urbem
3024 785 3359 840 transferret.
3387 782 3746 839 Petitionibus
3778 798 3883 838 cu-

2279 894 2387 949 Jus,
2420 888 2479 934 ut
2526 880 2715 945 voluit,
2768 893 3044 935 assensum
3076 877 3322 949 praebuit,
3351 886 3408 932 et
3437 877 3491 930 ei
3527 891 3587 932 se
3623 875 3881 931 daturum

2284 974 2610 1043 repromisit.
2643 995 2662 1027 ι

2360 1068 2449 1125 l8.
2493 1068 2671 1125 Lectio
2698 1086 2769 1125 tv.
2819 1101 2887 1113 —
2946 1089 2965 1122 ι
2999 1072 3115 1137 Qua
3146 1068 3440 1140 sponsione
3468 1077 3712 1139 accepta,
3752 1084 3887 1123 cono

2288 1162 2500 1217 vocavit
2544 1179 2641 1217 rex
2671 1160 3037 1217 Ferdinandus
3090 1161 3453 1217 venerabilem
3485 1161 3724 1215 Albitum
3776 1159 3884 1213 Le-

2286 1251 2556 1321 gionensis
2570 1253 2716 1308 urbis
2728 1254 3064 1322 episc0pum,
3078 1252 3494 1307 etreverendum
3520 1252 3691 1305 virum
3708 1248 3887 1305 Ordo-

2288 1346 2433 1399 nium
2472 1345 2868 1403 Asturicensem
2896 1345 3229 1417 episcopum,
3266 1343 3529 1413 simulque
3566 1342 3884 1398 Munionern

2289 1437 2544 1492 comitem
2573 1453 2695 1492 cum
2723 1454 2887 1493 manu
2914 1438 3163 1502 militum,
3198 1446 3254 1492 et
3282 1452 3377 1492 eos
3423 1436 3492 1490 ad
3522 1434 3885 1491 deferendum

2290 1530 2605 1598 supradicta:
2634 1531 2854 1600 virginis
2890 1548 3083 1603 corpus
3134 1530 3393 1602 Hispalim
3442 1530 3604 1585 misit.
3654 1528 3759 1595 Qui
3791 1544 3890 1584 ve-

2290 1622 2524 1693 nientes,
2550 1639 2766 1679 causam
2789 1640 2898 1679 sua:
2947 1624 3229 1694 legationis
3252 1623 3363 1692 regi
3392 1621 3644 1678 Benadab
3673 1622 3889 1692 patefe—

2292 1722 2499 1770 cerunt.
2549 1714 2753 1783 Quibus
2781 1717 2871 1773 ille
2894 1718 2971 1772 ait
3003 1735 3016 1770 :
3045 1716 3174 1772 Scio
3202 1717 3361 1787 plane
3401 1731 3489 1771 me
3527 1714 3752 1771 domino
3788 1729 3891 1771 ve-

2291 1816 2426 1874 stro,
2454 1810 2598 1877 quod
2623 1810 2819 1877 dicitis,
2856 1810 3167 1881 promisisse
3200 1827 3213 1862 :
3264 1807 3360 1864 sed
3390 1822 3491 1863 nec
3518 1822 3642 1877 ego,
3710 1822 3891 1878 neque

593 1903 929 1975 provinciam
975 1913 1394 1975 occupaverunt.
1460 1904 1665 1972 Quibus
1713 1902 2011 1959 Rudericus
2058 1917 2152 1957 rex
2171 1944 2188 1967 ,
2226 1900 2273 1962 B
2299 1907 2491 1977 aliquis
2511 1921 2581 1961 ex
2608 1904 2807 1959 nostris
2834 1902 2941 1958 tale
2970 1916 3166 1972 corpus
3193 1900 3337 1970 quod
3362 1900 3603 1970 quaeritis
3622 1896 3888 1954 ostendit.

597 2004 888 2067 aggregato
908 1997 1150 2053 exercitu
1178 1996 1500 2065 Gothorum,
1530 2006 1766 2052 armatus
1796 1996 2048 2051 occurrit.
2078 1993 2187 2049 Sed

600 2091 723 2161 quia
749 2088 1001 2160 praefatus
1024 2106 1143 2157 rex,
1173 2091 1417 2161 neglecta
1430 2089 1692 2159 religione
1720 2089 2189 2155 divina,vitiorum

598 2198 657 2239 se
678 2184 919 2240 dominio
944 2186 1367 2255 mancipaverat,
1396 2184 1645 2255 protinus
1672 2184 1726 2236 in
1757 2182 1933 2251 fugam
1979 2196 2189 2248 versus,

596 2284 652 2330 et
674 2277 849 2332 omnis
879 2278 1152 2333 exercitus
1192 2276 1307 2331 fere
1336 2276 1402 2331 ad
1432 2276 1859 2331 internecionem
1883 2288 2053 2342 usque
2072 2271 2189 2341 gla-

596 2368 687 2424 dio
735 2368 942 2424 deletus
996 2377 1096 2423 est.
1154 2368 1411 2424 Saraceni
1458 2368 1712 2438 deinceps
1768 2367 1927 2436 longe
1974 2365 2190 2434 lateque

594 2468 854 2529 vagantes
874 2461 1183 2516 innumeras
1208 2460 1561 2529 horridasque
1586 2459 1761 2514 caedes
1786 2462 2187 2529 perpetrarunt.

596 2553 701 2621 Qui
728 2562 956 2623 quantas
1012 2554 1188 2610 caedes
1235 2563 1571 2623 quantasque
1618 2560 1825 2620 strages
1879 2556 2189 2605 nostrorum

596 2644 864 2712 dederint,
924 2652 1189 2701 testantur
1212 2660 1401 2701 eversa
1422 2652 1623 2709 castra,
1656 2653 1711 2699 et
1731 2642 2075 2712 antiquarum
2100 2654 2191 2695 ur—

591 2738 742 2794 bium
770 2739 945 2793 diruta
974 2738 1193 2795 muenia.
1227 2755 1247 2790 ι

670 2830 759 2884 16.
795 2827 974 2885 Lectio
1002 2845 1061 2884 ιι.
1091 2861 1163 2872 --
1196 2848 1215 2881 ε
1251 2826 1327 2884 Ea
1361 2836 1682 2901 tempestate
1709 2826 1886 2883 omnis
1930 2822 2187 2895 Hispania

594 2922 732 2978 luxit
777 2923 1109 2977 monasteria
1152 2922 1206 2976 in
1236 2937 1295 2976 se
1335 2936 1547 2990 eversa,
1578 2920 1855 2992 episcopia
1886 2919 2185 2983 destructa,

593 3016 763 3070 libros
783 3030 950 3069 sacrm
982 3014 1115 3081 legis
1144 3014 1478 3081 combustos,
1520 3013 1804 3067 thesauros
1834 3010 2187 3065 ecclesiarum

596 3107 864 3177 direptos,
922 3121 1111 3162 omnes
1165 3106 1370 3161 incolas
1418 3105 1583 3171 ferro,
1612 3104 1849 3170 flamma,
1894 3103 2036 3158 fame
2062 3116 2188 3159 con-

597 3210 863 3274 sumptos.
907 3200 1146 3256 Tandem
1174 3201 1347 3271 pietas
1370 3200 1479 3267 illa,
1512 3216 1630 3270 qua:
1664 3216 1770 3255 non
1797 3208 1880 3255 est
1908 3199 2062 3255 solita
2091 3213 2189 3255 eos

2294 1998 2403 2054 Vos
2436 2000 2534 2069 ipsi
2564 1998 2807 2068 quaerite,
2840 2003 2896 2051 et
2914 1996 3189 2051 inventum
3217 1992 3408 2059 tollite,
3465 1991 3736 2061 abiteque.
3762 1990 3889 2046 Ca-

2294 2100 2490 2157 terum,
2525 2089 2913 2151 delitescendo,
2967 2103 3035 2143 an
3058 2102 3185 2143 vere
3204 2087 3465 2141 barbarus
3492 2094 3693 2140 nostrae
3735 2084 3889 2151 lega-

2295 2182 2429 2237 tioni
2454 2182 2556 2237 ista
2584 2182 2802 2247 dixerit,
2834 2195 3025 2251 parum
3054 2178 3437 2249 comperimus.
3496 2175 3605 2231 Sed
3645 2175 3889 2246 plerum-

2294 2291 2401 2345 que
2427 2276 2673 2330 humanaa
2712 2274 3038 2338 voluntates,
3068 2282 3127 2326 ut
3153 2280 3277 2326 sunt
3302 2270 3675 2337 vehementes,
3726 2269 3800 2322 ita
3834 2275 3892 2323 et

2295 2369 2542 2424 mobiles.
2591 2366 2744 2433 Quod
2775 2366 3001 2421 audiens
3048 2364 3292 2434 egregius
3332 2363 3545 2419 Albitus
3573 2362 3885 2432 episcopus,

2296 2462 2475 2517 socios
2504 2469 2715 2516 secreto
2738 2459 2950 2525 aﬁatur,
2974 2460 3053 2515 sic
3073 2459 3256 2513 dicens
3283 2475 3298 2512 :
3341 2454 3411 2512 Ut
3438 2456 3728 2523 cernimus,
3771 2455 3889 2511 fra-

2297 2562 2427 2620 tres,
2455 2554 2555 2608 nisi
2578 2552 2756 2607 divina
2778 2551 3050 2607 miseratio
3071 2549 3241 2605 labori
3268 2549 3437 2604 nostri
3459 2548 3666 2604 itineris
3685 2548 3890 2603 subve-

2299 2649 2432 2714 niat,
2465 2645 2705 2701 frustrati
2728 2644 3057 2701 recedemus.
3113 2642 3484 2699 Necessarium
3516 2642 3695 2712 itaque
3732 2642 3890 2698 vide-

2300 2747 2403 2805 tur,
2437 2747 2545 2793 uta
2570 2739 2701 2805 Deo,
2756 2742 2843 2794 cui
2895 2736 3029 2792 nihil
3059 2735 3389 2808 impossibile
3409 2745 3513 2804 est,
3560 2750 3714 2807 opem
3744 2749 3891 2806 quat-

2295 2840 2499 2901 rentes,
2530 2832 2633 2886 hoc
2660 2830 2832 2885 triduo
2857 2830 3072 2899 jejuniis
3101 2836 3156 2885 et
3189 2829 3522 2885 orationibus
3545 2828 3887 2895 insistamus,

2296 2934 2561 2994 quatenus
2587 2924 2764 2979 divina
2799 2924 3053 2992 majestas
3077 2922 3349 2979 occultum
3376 2922 3530 2977 nobis
3555 2921 3726 2976 sancti
3759 2936 3889 2977 cor-

2298 3020 2447 3089 poris
2498 3018 2806 3073 thesaurum
2848 3018 3093 3073 revelare
3121 3017 3390 3087 dignetur.
3439 3015 3644 3071 Placuit
3667 3016 3891 3071 cunctis

2298 3110 2604 3165 exhortatio
2632 3109 2896 3180 praesulis,
2915 3117 2974 3164 ut
3004 3108 3309 3164 triduanum
3338 3107 3465 3163 illud
3494 3107 3740 3179 precibus
3760 3122 3891 3178 per-

2298 3210 2569 3271 ageretur.
2614 3200 2733 3256 .lam
2786 3202 2874 3258 die
2903 3202 3062 3257 tertia
3088 3216 3310 3258 emenso
3354 3202 3570 3274 olympo
3597 3200 3677 3256 sol
3708 3216 3893 3257 occu-

601 3311 741 3365 quos
789 3293 1016 3364 corripit
1046 3293 1113 3347 ad
1164 3293 1591 3350 internecionem
1642 3308 1812 3362 usque
1840 3292 2041 3358 delere,
2092 3290 2188 3347 sed
2211 3289 2266 3358 c
2296 3296 2507 3360 buerat,
2559 3311 2682 3351 cum
2700 3294 2845 3365 justa
2876 3295 3297 3365 superveniente
3326 3304 3508 3362 nocte,
3558 3292 3896 3352 venerabilis

600 3388 923 3459 ﬂagellanth
954 3388 1375 3443 misericorditer
1404 3390 1694 3456 corrigere,
1750 3388 1959 3441 animos
1989 3384 2193 3454 Pelagii

598 3481 904 3551 cujusdam,
927 3481 1020 3550 qui
1047 3481 1192 3550 regia
1225 3481 1444 3536 traduce
1472 3480 1676 3535 exstitit
1696 3481 1973 3546 oriundus,
2007 3495 2193 3535 corro-

598 3574 833 3640 boravit,
888 3583 945 3629 et
997 3584 1189 3629 contra
1218 3572 1517 3629 Saracenos
1549 3573 1669 3628 loco
1711 3573 1801 3642 qui
1831 3572 2030 3627 dicitur
2056 3572 2193 3628 Cava

602 3666 816 3722 Sancta:
843 3665 1054 3732 Maria,
1086 3666 1419 3733 rebellando,
1473 3667 1552 3722 eis
1580 3666 1779 3721 bellum
1812 3667 2023 3721 indixit.
2051 3666 2195 3733 Qua-

600 3758 724 3814 liter
749 3766 929 3814 autem
956 3759 1009 3813 in
1031 3755 1286 3813 conﬂictu
1316 3758 1408 3813 illo
1430 3757 1609 3813 divina
1640 3773 1831 3815 manus
1864 3773 1962 3827 pro
1993 3758 2192 3812 nostris

597 3852 938 3923 pugnaverit,
952 3851 1056 3905 hoc
1076 3859 1254 3921 potest
1282 3850 1664 3920 adverti,quod
1693 3865 1964 3905 armorum
1986 3849 2191 3920 spicula

597 3960 629 4000 a
651 3944 937 4000 Saracenis
955 3942 1118 4000 missa
1161 3943 1215 3998 in
1245 3958 1340 3998 eos
1392 3943 1538 4013 ipsos
1566 3943 1649 3997 vis
1678 3943 1857 3998 divina
1886 3942 2187 3997 retorserit.

595 4036 774 4104 Quare
795 4052 956 4108 rupes
984 4035 1230 4105 quaedam
1259 4034 1353 4089 Dei
1382 4042 1517 4089 nutu
1540 4036 1761 4103 praecisa
1788 4036 2011 4097 corruit,
2041 4042 2096 4087 et
2123 4048 2191 4088 ex

598 4127 881 4182 Saracenis
932 4142 1043 4181 non
1096 4126 1374 4181 minimam
1407 4125 1803 4179 multitudinem
1833 4124 2188 4195 opprimendo

597 4219 877 4273 exstinxit.
926 4217 1082 4283 Quod
1111 4217 1155 4271 si
1188 4217 1307 4287 quis
1337 4217 1400 4269 ad
1430 4217 1641 4286 plenius
1666 4217 1898 4272 voluerit
1938 4232 2185 4285 noscere,

597 4310 878 4380 lugubrem
926 4307 1209 4364 historiam
1259 4315 1565 4377 temporum
1595 4308 1807 4364 illorum
1862 4308 2081 4367 studeat
2106 4310 2187 4367 le-

596 4419 745 4474 gere.
790 4425 807 4456 ι

662 4498 747 4551 17.
793 4496 971 4551 Lectio
1000 4510 1083 4551 ιιι.
1107 4526 1181 4539 —-
1216 4514 1235 4549 ι
1270 4494 1365 4551 lllo
1393 4510 1461 4551 ex
1492 4503 1735 4565 tempore
1763 4512 1947 4555 rursus
1992 4498 2183 4567 gloria,

598 4597 654 4643 et
681 4604 907 4659 regnum
956 4587 1202 4644 Gothica:
1253 4589 1429 4658 gentis
1477 4588 1695 4656 sensim,
1736 4598 1898 4659 atque
1928 4590 2185 4659 paulatim

2296 3391 2490 3461 prmsul
2521 3390 2732 3445 Albitus
2759 3390 2981 3461 pervigil
3011 3389 3242 3445 orationi
3266 3388 3565 3445 insistebat.
3604 3407 3623 3439 ι

2368 3481 2457 3538 19.
2483 3481 2662 3538 Lectio
2690 3499 2741 3537 v.
2771 3513 2844 3525 —-
2877 3501 2896 3535 ι
2931 3480 3142 3537 Interea
3164 3482 3291 3537 dum
3317 3482 3447 3538 sella
3472 3481 3709 3537 residens
3736 3480 3892 3538 fessa

2296 3575 2537 3630 membra
2566 3575 2839 3647 paulisper
2858 3582 3208 3642 sustentaret,
3251 3585 3414 3647 atque
3441 3590 3641 3641 secum,
3673 3577 3894 3645 nescio,

2294 3666 2422 3736 quid
2450 3667 2517 3722 de
2548 3666 2769 3735 psalmis
2788 3667 3020 3722 recitans
3048 3682 3157 3736 prze
3186 3666 3351 3722 nimio
3373 3666 3670 3735 vigiliarum
3694 3665 3893 3723 labore

2294 3775 2484 3815 somno
2514 3760 2930 3829 opprimeretur,
2984 3761 3235 3830 apparuit
3261 3761 3311 3815 ei
3350 3760 3562 3831 quidam
3606 3758 3688 3812 vir
3716 3774 3893 3815 vene-

2292 3853 2459 3909 randa
2477 3856 2579 3928 51
2605 3854 2803 3909 canitie
2832 3861 3099 3924 comptus,
3124 3852 3420 3926 pontificali
3450 3853 3613 3908 infula
3632 3851 3891 3920 amictus,

2294 3946 2644 4016 eumquetali
2689 3961 2824 4002 voce
2873 3946 3173 4015 alloquens,
3207 3948 3316 4000 ait:
3372 3944 3497 4000 Scio
3549 3945 3790 4016 quidem,
3837 3957 3893 4003 te

2294 4054 2413 4092 cum
2435 4038 2597 4093 sociis
2626 4038 2730 4093 tuis
2757 4038 2822 4093 ad
2852 4040 2955 4095 hoc
2975 4040 3203 4103 venisse,
3244 4046 3301 4093 ut
3329 4052 3530 4107 corpus
3562 4038 3894 4094 beatissima

2292 4132 2515 4201 virginis
2541 4130 2705 4189 Justa:
2732 4133 2857 4189 hinc
2893 4134 3281 4188 transferentes
3315 4129 3598 4187 vobiscum
3650 4131 3888 4187 ducatis.

2293 4223 2397 4280 Sed
2420 4225 2675 4295 quoniam
2704 4241 2813 4281 non
2844 4234 2927 4280 est
2973 4226 3169 4280 divina:
3198 4225 3514 4293 voluntatis,
3572 4233 3632 4279 ut
3660 4225 3777 4278 haec
3809 4225 3894 4280 ci-

2291 4317 2428 4371 vitas
2451 4318 2703 4372 abscessu
2736 4317 2893 4387 hujus
2922 4318 3142 4386 virginis
3171 4316 3464 4383 desoletur,
3498 4317 3755 4370 immensa
3790 4314 3893 4371 Dei

2294 4412 2464 4483 pietas
2515 4428 2611 4466 vos
2655 4414 2929 4468 remittere
2969 4426 3170 4468 vacuos
3222 4427 3331 4466 non
3378 4410 3589 4481 patiens
3620 4453 3633 4476 ,
3684 4422 3894 4478 corpus

2290 4520 2471 4559 meum
2500 4506 2760 4561 donatum
2784 4515 2864 4561 est
2894 4504 3070 4574 vobis,
3128 4504 3270 4573 quod
3294 4503 3540 4559 tollentes
3570 4500 3636 4555 ad
3662 4500 3893 4570 propria

2292 4607 2553 4653 remeate.
2607 4599 2797 4665 Quem,
2852 4615 2974 4653 cum
3016 4595 3344 4652 reverendus
3390 4596 3473 4649 vir
3503 4594 3891 4661 interrogaret,

597 4680 765 4748 rvmpit
790 4679 955 4735 veluti
984 4681 1273 4751 virgultum
1304 4697 1370 4735 ex
1401 4679 1641 4736 rediviva
1683 4680 1862 4736 radice
1892 4681 2174 4751 pullulare,
2204 4690 2261 4752 D
2286 4689 2404 4759 quis
2435 4697 2600 4756 esset,
2651 4689 2740 4758 qui
2786 4688 2911 4743 talia
2942 4688 3043 4743 sibi
3065 4688 3401 4757 injungeret,
3445 4684 3519 4739 ait
3550 4701 3564 4738 :
3620 4681 3734 4752 Ego
3762 4697 3894 4738 sum

595 4783 650 4826 et
681 4771 942 4828 industria
972 4788 1179 4843 regum,
1225 4774 1317 4843 qui
1367 4774 1532 4844 regali
1582 4781 1869 4829 stemmate
1919 4776 2185 4845 progeniti

597 4866 808 4935 apicem
859 4867 1010 4936 regni
1059 4866 1313 4922 nobiliter
1356 4867 1750 4935 gubernabant,
1800 4868 2021 4936 singulis
2075 4884 2187 4925 mo-

594 4960 793 5016 mentis
844 4974 1202 5017 succrescere.
1264 4962 1373 5032 50
1414 4960 1588 5015 Fuere
1640 4976 1871 5030 namque
1900 4961 2081 5028 armis,
2131 4971 2187 5017 et

600 5051 804 5105 viribus
859 5050 1071 5117 famosi,
1119 5051 1347 5107 consilio
1391 5050 1542 5118 clari,
1601 5052 1967 5107 misericordia
2022 5062 2185 5121 atque

591 5143 797 5213 justitia
828 5146 1098 5215 praecipui,
1148 5146 1396 5217 religioni
1424 5147 1613 5207 dediti.
1642 5151 1745 5217 Qui
1770 5151 1932 5206 etiam
1963 5151 2176 5221 episco-

589 5237 682 5306 pia
704 5236 1044 5306 innovaruut,
1092 5238 1342 5296 basilicas
1394 5240 1773 5310 fundaverunt,
1819 5252 1874 5298 et
1916 5244 2183 5300 thesauris

589 5333 851 5399 ditarunt,
903 5350 1054 5401 auro,
1111 5342 1167 5390 et
1208 5336 1455 5404 gemmis,
1510 5336 1767 5407 librisque
1814 5346 2092 5406 ornarunt,
2118 5352 2184 5393 ac

594 5440 696 5495 pro
726 5424 929 5481 viribus
955 5425 1248 5482 Christiani
1279 5428 1512 5483 nominis
1546 5428 1771 5498 gloriam
1802 5429 2180 5486 dilataverunt.

598 5516 677 5573 Ex
707 5534 934 5588 quorum
963 5519 1155 5575 illustri
1203 5522 1453 5592 prosapia
1482 5521 1703 5577 emersit
1744 5523 1828 5577 vir
1859 5523 2188 5579 clarissimus

595 5610 965 5669 Ferdinandus
985 5612 1166 5670 Sancii
1194 5616 1335 5683 regis
1358 5614 1497 5670 filius
1532 5634 1543 5669 :
1573 5615 1684 5685 qui,
1716 5625 1774 5670 ut
1793 5626 2005 5687 sceptra
2035 5618 2186 5687 regni

596 5702 854 5771 possedit,
874 5720 982 5760 non
1005 5711 1087 5760 est
1106 5712 1291 5759 nostra
1316 5706 1540 5762 intentio
1565 5708 1838 5775 evolvere,
1865 5709 1959 5766 sed
1988 5722 2187 5781 quanta

601 5792 787 5869 [Forte
805 5797 1107 5870 quantam],
1156 5808 1212 5856 et
1235 5817 1394 5872 quam
1423 5803 1666 5861 crebram
1702 5811 1997 5880 perniciem
2026 5813 2188 5870 Sara-

596 5891 748 5948 cenis
772 5892 1029 5950 intulerit.
1057 5893 1156 5953 Hic
1184 5896 1326 5955 inter
1355 5898 1563 5972 reliqua
1602 5902 1821 5973 pietatis
1846 5919 2035 5977 opera,
2066 5920 2187 5978 quae

2293 4783 2671 4853 Hispaniarum
2700 4782 2911 4848 doctor,
2969 4780 3237 4851 huiusque
3258 4779 3409 4834 urbis
3456 4777 3681 4831 antistes
3710 4773 3892 4831 Isido—

2290 4894 2402 4933 rus.
2460 4877 2639 4944 Quare
2693 4876 2810 4932 haec
2852 4876 3054 4943 dicens,
3104 4874 3173 4929 ab
3217 4872 3389 4929 oculis
3433 4870 3703 4927 cernentis
3750 4882 3893 4924 eva-

2370 4980 2379 4983 “
2415 5012 2427 5026 .
2467 4992 2486 5024 ι

2292 4980 2449 5117 nugo.
2483 5062 2660 5117 Lectio
2715 5079 2787 5118 vr.
2818 5093 2887 5103 —
2939 5080 2957 5113 ι
2990 5060 3227 5129 Vigilaus
3281 5066 3460 5114 autem
3492 5054 3690 5128 praesul
3718 5053 3896 5126 coepit

2287 5156 2481 5212 visioni
2503 5155 2888 5225 cougratulari,
2919 5168 2985 5207 ac
3010 5152 3297 5208 Dominum
3328 5149 3583 5205 attentius
3629 5159 3889 5203 exorare.

2285 5250 2603 5320 deprecans,
2634 5258 2696 5303 nt
2721 5249 2765 5304 si
2796 5264 2863 5304 ex
2893 5247 3005 5304 Deo
3031 5255 3178 5303 esset
3206 5246 3320 5301 haec
3358 5244 3527 5309 visio,
3559 5243 3780 5309 iterum,
3817 5259 3891 5300 ac

2290 5347 2449 5402 tertio
2479 5346 2691 5418 plenius
2715 5346 3098 5401 innotesceret.
3157 5343 3360 5398 Taliter
3389 5358 3551 5399 orans
3579 5356 3765 5396 rursus
3787 5342 3893 5396 ob.

2292 5440 2562 5506 dormivit,
2595 5448 2649 5495 et
2671 5454 2794 5495 ecce
2819 5438 2962 5495 idem
3009 5441 3091 5494 vir
3118 5440 3170 5493 in
3200 5439 3392 5493 eodem
3422 5434 3611 5492 habitu
3634 5450 3745 5490 non
3771 5434 3893 5490 dis-

2293 5530 2508 5599 similia,
2556 5545 2717 5598 quam
2767 5530 2915 5601 prius
2964 5530 3125 5585 verba
3166 5543 3451 5599 perorans,
3492 5540 3712 5581 rursum
3754 5540 3891 5581 eva-

2292 5626 2429 5679 nuit.
2482 5623 2902 5696 Expergetactus
2930 5624 3124 5679 iterum
3174 5622 3417 5692 pontifex
3460 5620 3691 5674 alacrius
3722 5617 3891 5673 etiam

2293 5717 2512 5772 visionis
2534 5716 2957 5772 admonitionem
3002 5731 3032 5769 a
3080 5714 3308 5770 Domino
3361 5710 3708 5783 implorabat.
3759 5708 3892 5778 Qui,

2294 5810 2423 5867 dum
2452 5811 2661 5867 enixius
2716 5812 2879 5866 Deum
2918 5818 3191 5876 exoraret,
3249 5808 3409 5865 tertio
3433 5821 3628 5863 somno
3660 5801 3892 5873 corripi-

2295 5917 2401 5963 tur.
2434 5904 2584 5963 Tunc
2604 5906 2687 5961 vir
2710 5904 3050 5976 supradictus
3074 5904 3241 5962 veluti
3269 5902 3441 5960 semel
3469 5912 3527 5959 et
3566 5898 3808 5958 secundo
3836 5894 3890 5952 ei
