4048 6364
177 372 245 426 49
1254 371 1665 432 ISIDORIANA.
1698 404 1770 418 —
1806 374 1984 437 PARS
2018 380 2062 437 1.
2101 380 2255 440 CAP.
2298 383 2396 441 IX.
2736 330 2737 333 Ν
3387 401 3458 461 so

179 500 463 585 apparens,
510 500 631 558 quat
657 494 786 546 ante
802 486 1034 585 dixerat,
1067 488 1227 546 tertio
1248 492 1553 563 replicavit,
1586 501 1754 565 atque
1783 496 1840 558 Α
1861 499 2103 558 exhibuit
2126 518 2402 575 pompam.
2454 505 2621 578 Cujus
2659 517 2906 567 sanctum
2933 527 3130 585 corpus
3156 515 3210 571 in
3233 516 3461 579 basilica

181 584 325 651 virga
351 596 514 652 quam
566 598 730 638 manu
777 583 995 640 tenebat
1039 591 1197 639 terrae
1233 586 1410 640 solum
1440 595 1522 641 ter
1568 602 1764 657 percu-

182 674 358 738 tiens,
413 672 593 729 locum
634 673 689 729 in
733 688 843 743 quo
888 682 1105 730 sanctus
1155 675 1438 732 thesaurus
1492 676 1761 743 latitabat,

181 763 440 832 ostendit,
470 765 657 822 dicens
681 784 696 819 :
729 764 856 835 Hic,
878 766 980 834 hic,
1008 769 1088 821 hic
1108 784 1275 823 meum
1296 770 1526 824 invenies
1553 786 1761 841 corpus.

181 859 359 927 Quare
410 873 504 931 ne,
533 868 691 929 putes
732 866 788 914 te
825 859 1208 929 phantasmate
1253 861 1453 927 deludi,
1514 862 1619 917 hoc
1663 863 1767 917 erit

182 954 278 1008 tibi
303 953 513 1024 signum
561 953 669 1009 mei
722 953 945 1009 veridici
992 954 1292 1021 sermonis,
1335 954 1480 1024 quod
1523 970 1652 1011 mox
1706 962 1766 1010 ut

180 1065 353 1106 meum
375 1065 573 1120 corpus
601 1064 764 1120 super
791 1057 987 1105 terram
1012 1048 1265 1105 eductum
1295 1049 1479 1113 fuerit,
1517 1050 1767 1106 molestia

179 1142 420 1212 corporis
439 1142 763 1214 corripieris,
786 1158 947 1213 quam
974 1141 1094 1199 finis
1118 1142 1241 1198 vitae
1287 1143 1617 1212 subsequens
1647 1142 1765 1215 (sic)

179 1243 368 1290 exutus
392 1235 500 1290 hoc
518 1234 735 1291 mortali
760 1250 991 1305 corpore
1019 1234 1087 1290 ad
1115 1250 1216 1291 nos
1244 1250 1365 1291 cum
1392 1250 1592 1290 corona
1614 1235 1768 1305 justi-

178 1328 261 1383 tiaa
284 1329 589 1399 pervenies.
640 1328 743 1395 Qui
792 1337 1082 1399 postquam
1129 1327 1386 1398 loquendi
1409 1325 1570 1384 ﬁnem
1617 1326 1763 1395 fecit,

177 1421 307 1475 visio
330 1421 508 1477 ablata
534 1428 669 1478 est.»

245 1512 333 1567 2t.
363 1511 548 1569 Lectio
568 1529 755 1570 vn.—
786 1534 809 1568 ‹
842 1514 1083 1585 Surgens
1110 1530 1240 1587 ergo
1270 1516 1465 1587 praesul
1491 1531 1522 1571 a
1550 1531 1763 1585 somno,

176 1614 350 1664 certus
376 1606 447 1662 de
476 1615 627 1664 tanta
647 1608 874 1677 visione,
919 1608 1015 1665 sed
1042 1609 1216 1665 laetior
1242 1609 1312 1666 de
1338 1626 1436 1666 sua
1458 1611 1766 1679 vocatione,

175 1699 314 1755 facto
334 1698 451 1769 jam
481 1715 659 1769 mane,
684 1702 763 1759 sic
787 1701 965 1758 socios
990 1703 1258 1769 hortatur,
1288 1702 1475 1759 dicens
1504 1720 1517 1756 :
1543 1700 1768 1774 Oportet

175 1806 290 1858 nos,
318 1793 673 1862 dilectissimi,
728 1795 1178 1867 omnipotentiam
1204 1795 1380 1851 sumni
1425 1795 1599 1851 Patris
1628 1795 1765 1850 divi-

1867 592 2012 648 beati
2063 592 2285 652 Joannis
2326 597 2579 670 Baptistae
2611 643 2627 669 ,
2689 618 2850 672 quam
2897 604 3039 659 idem
3080 608 3461 671 serenissimus

1868 699 1983 752 rex,
2011 694 2070 741 ut
2088 689 2250 757 paulo
2274 690 2443 761 (ante)
2489 695 2732 763 memini,
2784 694 3017 765 Legione
3044 699 3260 755 noviter
3288 701 3456 759 fabri-

1868 787 2107 845 caverat,
2134 782 2394 851 reposuit.
2427 783 2638 839 Albitus
2664 792 2843 840 autem
2870 789 3215 846 venerandus
3234 792 3462 850 antistes

1867 869 1923 926 in
1978 872 2201 927 ecclesia
2253 875 2424 931 beatae
2473 875 2672 943 Mariae,
2729 879 2817 934 cui
2863 881 3172 951 praefuerat,
3214 883 3329 941 Deo
3359 900 3461 941 an-

1868 973 2088 1030 nuente,
2117 966 2280 1021 habet
2307 969 2666 1040 sepulcrum.»

1938 1054 2027 1110 25.
2070 1053 2247 1112 Lectio
2287 1074 2363 1114 rx.
2409 1093 2483 1103 —
2534 1080 2553 1112 ‹
2588 1061 2752 1131 lgitur
2775 1072 2897 1135 post
2922 1080 3094 1122 annos
3140 1065 3247 1124 400
3284 1070 3464 1128 obitus

1868 1146 1951 1202 sui
1981 1146 2049 1202 ab
2092 1147 2487 1219 Hispalensium
2532 1152 2751 1211 civitate
2807 1159 3125 1215 translatum
3151 1169 3235 1219 est
3262 1179 3464 1235 corpus
3524 1150 3530 1162 ’

1867 1237 2165 1293 beatissimi
2213 1238 2402 1295 [sideri
2431 1243 2755 1301 confessoris
2781 1246 2979 1304 Christi
3002 1293 3016 1317 ,
3034 1256 3214 1323 atque
3241 1253 3297 1309 in
3329 1256 3465 1312 urbe

1869 1326 2187 1397 Legionensi
2216 1346 2337 1386 cum
2368 1332 2529 1404 digno
2552 1334 2758 1392 honore
2785 1340 3062 1395 conditum
3107 1352 3222 1411 est;
3267 1359 3464 1415 aggre-

1869 1422 2007 1491 galis
2048 1424 2248 1478 etenim
2280 1425 2447 1480 totius
2508 1430 2657 1495 regni
2705 1431 2790 1484 sui
2844 1432 3114 1489 nobilibus
3169 1437 3461 1509 episcopis,

1870 1524 1925 1570 et
1948 1516 2233 1574 abbatibus
2253 1519 2527 1589 prafatam
2551 1522 2833 1578 ecclesiam
2864 1542 2961 1581 rex
3004 1529 3059 1583 in
3082 1528 3289 1585 honore
3315 1532 3465 1589 beati

1871 1607 2197 1666 confessoris
2225 1613 2533 1669 consecrari
2560 1612 2687 1669 fecit
2718 1615 2822 1686 53
2863 1632 3004 1673 anno
3050 1620 3333 1677 dominicae
3370 1623 3463 1678 ln-

1871 1702 2200 1758 carnationis
2254 1704 2542 1759 millesimo
2592 1708 2925 1777 octogesimo
2987 1710 3163 1779 primo
3208 1712 3465 1771 Kalendis

1870 1789 2129 1849 Januarii.
2159 1794 2426 1851 Caeterum
2456 1812 2578 1853 cum
2606 1805 2755 1853 tanta
2779 1799 3067 1856 devotione
3088 1803 3144 1857 in
3174 1804 3466 1863 festivitate

173 1898 293 1939 nam
336 1885 526 1955 pronis
568 1886 839 1943 mentibus
885 1886 1117 1943 adorare
1141 1904 1156 1954 ;
1215 1887 1307 1957 qui
1338 1902 1437 1942 nos
1465 1902 1561 1942 sua
1590 1887 1762 1955 gratia
1797 1909 1843 1968 Β
1872 1882 1963 1938 illa
1985 1899 2083 1939 rex
2108 1885 2525 1953 gloriosissimus
2553 1889 2623 1945 ob
2651 1892 3007 1947 reverentiam
3034 1896 3207 1951 sancti
3247 1898 3464 1954 antisti-

175 1979 477 2048 praecedere
500 1987 581 2035 est
609 1980 882 2052 dignatus,
932 1989 991 2036 et
1016 1980 1324 2037 mercedem
1366 1980 1535 2036 nostri
1561 1980 1769 2037 itineris

173 2071 415 2128 frustrari
442 2088 551 2128 non
600 2082 683 2129 est
710 2090 921 2144 passus.
977 2073 1168 2129 Divino
1189 2074 1389 2129 etenim
1417 2081 1548 2128 nutu
1578 2072 1768 2143 probi.

174 2163 363 2220 bemur
415 2166 659 2221 membra
691 2167 863 2221 beatae
896 2181 961 2222 ac
987 2165 1100 2222 Deo
1123 2166 1317 2223 dicatae
1343 2165 1566 2235 virginis
1601 2163 1767 2220 Justaa

174 2253 295 2309 hinc
320 2255 658 2322 abstrahere,
711 2255 807 2311 sed
836 2272 944 2312 non
994 2256 1205 2313 minora
1265 2255 1573 2312 deferemus
1599 2255 1763 2322 dona,

172 2348 295 2405 dum
322 2366 521 2421 corpus
561 2350 858 2407 beatissimi
888 2351 1099 2417 Isidori,
1148 2351 1239 2421 qui
1288 2351 1345 2407 in
1365 2351 1468 2405 hac
1491 2350 1627 2405 urbe
1672 2364 1764 2404 sa-

172 2441 394 2499 cerdotii
419 2444 620 2514 potitus
647 2453 732 2500 est
751 2444 937 2510 infula,
967 2454 1023 2509 et
1054 2452 1220 2500 totam
1256 2440 1569 2514 Hispaniam
1599 2458 1765 2514 opere

171 2548 267 2590 suo
289 2534 569 2592 decoravit
596 2544 648 2591 et
676 2537 864 2605 verbo,
906 2536 1136 2592 delaturi
1192 2550 1396 2591 sumus.
1442 2534 1620 2602 Quare
1647 2535 1764 2591 haec

171 2623 391 2693 dicens,
443 2627 690 2683 ordinem
747 2627 972 2683 visionis
1018 2627 1136 2697 ejus
1198 2628 1435 2683 seriatim
1484 2626 1756 2697 patefecit.

168 2714 322 2783 Quod
348 2717 653 2787 audientes,
694 2719 989 2775 immensas
1037 2719 1148 2777 Deo
1192 2718 1394 2787 gratias
1438 2718 1760 2788 referendo,

166 2821 351 2877 regem
377 2807 774 2864 Saracenorum
794 2810 898 2880 52
919 2809 1079 2863 simul
1100 2808 1317 2872 adeunt,
1340 2809 1498 2876 eique
1514 2792 1760 2864 universa

165 2899 361 2954 ordine
382 2897 645 2967 pandunt.
691 2896 919 2968 Expavit
947 2896 1234 2964 barbarus,
1282 2902 1338 2951 et
1359 2895 1486 2950 licet
1506 2895 1758 2960 infidelis,

162 2991 427 3045 virtutem
468 2997 649 3044 tamen
672 2987 886 3045 Domini
915 2987 1208 3054 admirans,
1252 2986 1390 3041 dixit
1416 2986 1491 3041 eis
1525 3003 1538 3039 :
1582 2984 1760 3053 Quare

162 3082 209 3140 si
236 3081 505 3138 lsidorum
533 3079 685 3135 vobis
715 3079 916 3145 tribuo,
966 3094 1086 3134 cum
1135 3093 1241 3149 quo
1288 3077 1376 3131 hic
1423 3077 1759 3132 remanebo?

164 3174 432 3230 Caeterum
451 3182 611 3229 tantm
628 3173 966 3229 auctoritatis
980 3171 1126 3227 viros
1137 3186 1396 3242 spernere
1408 3186 1516 3226 non
1530 3170 1753 3236 audens,

1874 1975 1943 2030 tis
1992 1976 2282 2033 humilitati
2308 1978 2521 2035 deditus
2570 1982 2733 2038 fuisse
2761 1985 3093 2053 perhibetur,
3139 1995 3202 2042 ut
3243 2004 3365 2044 cum
3395 1991 3468 2046 ad

1868 2068 2175 2124 convivium
2202 2079 2421 2125 ventum
2466 2070 2657 2138 fuerat,
2707 2075 2973 2144 religiosis
3010 2077 3313 2149 quibusque
3335 2080 3469 2135 viris

1867 2158 2128 2215 delicatos
2149 2160 2318 2237 cibos,
2376 2162 2627 2233 deposito
2654 2167 2821 2235 regali
2863 2170 3151 2239 supercilio
3189 2173 3286 2227 viae
3313 2173 3467 2247 (vice)

1865 2252 2189 2308 famulorum
2220 2255 2452 2326 propriis
2479 2258 2730 2313 manibus
2752 2269 3069 2330 apponeret.
3099 2262 3305 2333 Regina
3327 2279 3468 2335 quo-

1865 2360 1972 2415 que
2000 2344 2215 2413 Saucia,
2271 2363 2394 2403 cum
2439 2346 2562 2404 ﬁliis
2591 2360 2645 2405 et
2666 2350 2877 2406 filiabus
2899 2352 3029 2419 suis,
3080 2353 3303 2423 reliquae
3328 2356 3468 2411 mul-

1867 2436 2086 2492 titudini
2113 2454 2275 2494 omne
2326 2439 2645 2510 obsequium
2700 2444 2975 2499 humiliter
3022 2446 3262 2502 exhibet.
3309 2447 3369 2503 ln
3398 2464 3468 2506 eo

1865 2539 2044 2586 autem
2072 2531 2213 2597 loco,
2246 2545 2357 2600 quo
2378 2531 2523 2588 beati
2550 2536 2793 2605 corporis
2830 2536 3072 2607 reliquiae
3112 2553 3143 2592 a
3174 2538 3315 2594 ﬁdeli
3368 2557 3469 2611 po-

1866 2625 1995 2696 pulo
2042 2634 2392 2693 venerantur,
2436 2635 2582 2683 tanta
2622 2639 2677 2685 et
2718 2631 2848 2685 talia
2897 2632 3154 2688 miracula
3208 2632 3470 2693 Dominus

1864 2727 2050 2774 noster
2070 2719 2137 2773 ad
2160 2719 2445 2787 honorem,
2475 2728 2531 2776 et
2573 2722 2799 2791 gloriam
2827 2723 3062 2780 nominis
3105 2726 3189 2781 sui
3219 2728 3470 2797 dignatus

1863 2818 1948 2864 est
1973 2809 2283 2877 ostendere,
2324 2813 2469 2880 quod
2491 2814 2538 2868 si
2559 2814 2759 2883 aliquis
2788 2818 2995 2885 peritus
3043 2832 3108 2873 ea
3138 2819 3469 2875 membranis

1866 2902 2145 2968 traderet,
2222 2919 2333 2959 non
2382 2906 2604 2960 minima
2648 2907 2906 2964 librorum
2964 2909 3236 2965 volumina
3296 2911 3470 2967 conﬁ-

1863 3003 2031 3047 ceret.
2072 3012 2091 3044 ι

1932 3086 2020 3140 24.
2064 3085 2253 3143 Editor
2301 3086 2651 3156 Matritensis,
2704 3088 2833 3145 lect.
2882 3090 2935 3156 4,
2979 3090 3035 3145 in
3076 3090 3195 3157 fin.,
3254 3090 3471 3161 legebat

1860 3196 2057 3234 emesso
2081 3181 2306 3251 olympo,
2325 3188 2381 3235 et
2403 3180 2723 3249 conjiclebat
2740 3198 2768 3235 e
2790 3181 2959 3237 medio
2984 3182 3211 3255 olympo.
3233 3180 3469 3240 Restitui

165 3263 1825 3353 datlicentiamconfessorismembrainquirere.StupendaC
1858 3288 2062 3327 emenso
2108 3273 2333 3344 olympo.
2384 3271 2572 3329 Plures
2622 3273 2755 3329 alios
2805 3275 3200 3345 orthographia:
3253 3292 3469 3335 errores

165 3356 470 3429 loquuntur,
491 3358 559 3413 ab
581 3358 645 3414 iis
661 3366 859 3425 tamen,
878 3358 967 3428 qui
989 3356 1298 3423 interfuere,
1321 3357 1558 3427 prolata;
1579 3356 1749 3426 siqui-

166 3447 282 3505 dem
300 3447 606 3519 sepulcrum
623 3449 769 3504 beati
786 3447 1034 3519 corporis
1050 3447 1177 3503 dum
1214 3455 1569 3518 quaereretur,
1585 3446 1753 3502 vesti-

166 3548 307 3617 gium
319 3548 508 3618 virgea,
520 3562 642 3603 cum
658 3562 765 3617 qua
779 3546 1290 3617 sanctusconfessor
1302 3544 1440 3600 trina
1453 3543 1755 3616 percussio-

171 3654 235 3695 ne
256 3640 430 3696 locum
454 3639 792 3695 monumenti
808 3646 1225 3702 monstraverat,
1251 3638 1302 3690 in
1320 3637 1437 3706 ipso
1454 3644 1610 3691 terra:
1632 3634 1752 3690 solo

169 3727 434 3785 inventum
456 3738 562 3785 est.
624 3727 743 3796 Quo
772 3727 1010 3792 detecto,
1045 3735 1195 3782 tanta
1242 3725 1430 3781 odoris
1459 3723 1751 3795 fragrantia

170 3820 447 3889 emanavit,
481 3827 545 3873 ut
574 3818 801 3888 capillos
821 3817 1019 3888 capitis
1058 3826 1114 3872 et
1136 3815 1321 3871 barba:
1380 3814 1618 3870 omnium
1659 3814 1752 3885 qui

169 3909 380 3967 aderant
408 3911 581 3969 veluti
606 3910 800 3966 nebula
830 3916 1193 3977 nectareoque
1220 3907 1444 3963 balsami
1476 3922 1598 3962 rore
1623 3922 1750 3975 per-

170 4002 422 4062 funderet.
469 3995 687 4076 Corpus
727 4012 909 4059 autem
948 4003 1167 4058 beatum
1226 4001 1404 4069 ligneo
1433 3998 1653 4055 vasculo
1683 4013 1752 4053 ex

167 4095 401 4171 junipero
430 4100 603 4165 facto,
644 4107 764 4154 erat
803 4097 1081 4154 obtectum
1116 4114 1129 4149 :
1162 4094 1473 4161 statimque,
1506 4101 1565 4147 ut
1604 4107 1750 4147 rese-

171 4200 331 4247 ratum
370 4201 474 4261 est,
536 4190 903 4247 venerabilem
944 4188 1120 4243 virum
1152 4186 1390 4241 Albitum
1437 4184 1750 4255 episcopum

171 4284 413 4353 :egritudo
442 4282 693 4354 corripit,
750 4296 814 4337 ac
832 4280 1065 4351 septimo
1093 4278 1199 4341 die,
1232 4286 1454 4346 accepta
1482 4276 1753 4346 poeniten-

175 4374 258 4445 tia,
283 4378 538 4448 angelicis
568 4375 837 4443 manibus,
864 4383 924 4429 ut
949 4387 1070 4429 vera
1109 4371 1242 4429 fides
1262 4370 1453 4438 credit,
1503 4369 1749 4441 spiritum

174 4470 391 4528 tradidit.
427 4493 446 4525 ι

236 4559 318 4616 22.
349 4562 531 4619 Lectio
563 4577 674 4617 vni.
708 4591 778 4601 —
827 4578 845 4612 ι
883 4558 1155 4614 Ordonius
1181 4564 1364 4613 autem
1390 4553 1749 4611 Astoricensis

176 4653 453 4726 episcopus,
512 4662 570 4709 et
598 4654 772 4709 omnis
796 4652 1087 4718 exercitus,
1136 4656 1356 4720 accepta
1404 4649 1560 4717 gleba
1603 4646 1749 4702 beati

176 4735 365 4813 lsidori,
414 4756 469 4803 et
518 4761 750 4817 corpore
789 4741 1140 4813 Legionensis
1195 4741 1459 4812 praesulis,
1512 4739 1625 4809 jam
1679 4736 1747 4793 ad

178 4850 340 4905 regem
407 4838 806 4896 Ferdinandum
853 4850 1100 4892 remeare
1163 4834 1505 4890 festinabant.
1568 4832 1748 4899 Quare

179 4938 292 4988 eCce
316 4950 406 4990 rex
435 4934 829 4991 Saracenorum
857 4930 1197 5001 supradictus
1218 4928 1459 4984 Benabet
1486 4941 1743 4983 coronam

181 5024 302 5080 miro
328 5041 486 5097 opere
511 5036 825 5084 contextam
854 5039 1017 5096 super
1036 5022 1427 5092 sarcophagum
1450 5021 1594 5076 beati
1615 5035 1747 5075 con-

181 5112 378 5173 fessoris
398 5118 641 5190 jactavit,
693 5127 858 5189 atque
885 5132 953 5177 ex
979 5116 1085 5171 imo
1107 5122 1330 5185 pectore
1365 5127 1557 5181 magna
1589 5111 1746 5165 emit-

183 5214 284 5264 tens
306 5214 548 5283 suspiria,
572 5212 742 5269 dixit:
770 5209 850 5265 En
886 5209 1081 5266 abhinc
1108 5206 1309 5263 lsidore
1324 5206 1408 5260 vir
1439 5203 1742 5260 venerande

183 5304 397 5372 recedis;
429 5307 544 5377 ipse
571 5314 751 5361 tamen
772 5304 936 5371 nosti,
990 5312 1080 5358 tua
1102 5301 1330 5372 qualiter
1352 5340 1368 5366 ,
1426 5306 1480 5354 et
1506 5313 1625 5353 mea
1653 5312 1743 5353 res

184 5400 270 5446 est.
303 5393 421 5451 Haec
444 5398 511 5453 ab
533 5398 635 5452 illis
662 5404 787 5452 sunt
814 5403 965 5461 nota,
996 5394 1088 5465 qui
1117 5391 1526 5465 prasentialiter
1554 5405 1613 5446 se
1641 5405 1739 5444 au-

183 5480 308 5540 disse
328 5492 499 5544 testati
524 5498 669 5545 sunt.
699 5488 884 5561 Legati
907 5503 1038 5543 vero
1068 5502 1189 5542 cum
1220 5493 1372 5540 tanto
1402 5484 1546 5539 dono
1586 5483 1739 5539 coali-

184 5580 259 5631 tus
280 5580 433 5638 misso
456 5584 557 5643 iter
581 5583 914 5654 arripientes,
973 5582 1041 5636 ad
1089 5580 1305 5651 propria
1347 5586 1472 5634 sunt
1514 5577 1736 5634 reversi.

185 5664 234 5724 lu
282 5674 446 5733 reditu
486 5694 714 5750 quorum
764 5676 1180 5747 gloriosissimus
1233 5689 1329 5729 rex
1370 5670 1741 5727 Ferdinandus

186 5774 410 5831 magnum
450 5752 691 5827 exhibuit
742 5778 1077 5840 apparatum.
1137 5766 1241 5835 Qui
1290 5766 1415 5822 licet
1466 5764 1534 5820 de
1587 5764 1738 5820 obitu

188 5851 502 5923 Iegionensis
550 5866 791 5938 episcopi
844 5865 1275 5932 contristaretur,
1321 5871 1500 5918 tamen
1548 5862 1603 5916 in
1644 5860 1739 5915 ad-

190 5956 334 6007 ventu
382 5954 671 6015 beatissimi
739 5955 1064 6014 confessoris
1129 5954 1320 6014 lsidori
1391 5953 1734 6012 ambitiosam

1856 3366 2087 3433 correxi,
2138 3382 2274 3437 quos
2324 3366 2567 3424 indicare
2614 3368 2747 3422 nihil
2792 3366 2978 3424 refert.
3028 3368 3307 3426 Undenam
3337 3387 3466 3429 vero

1855 3458 1971 3514 hrec
1999 3458 2364 3513 translationis
2410 3458 2543 3514 Acta
2590 3459 2853 3530 originem
2880 3461 3118 3531 trahant,
3172 3478 3241 3519 ex
3289 3464 3468 3535 capite

1856 3552 2104 3621 sequenti
2134 3551 2359 3623 patebit.

2474 3643 2706 3700 CAPUT
2743 3643 2830 3699 lX.

1854 3734 1934 3791 De
1974 3737 2315 3812 translatione
2353 3738 2583 3812 corporis
2614 3736 2903 3812 S_._Isidori
2942 3740 3178 3812 narratio
3220 3750 3464 3812 excerpta

2079 3824 2144 3861 ea:
2172 3807 2425 3862 Chronico
2454 3809 2693 3862 monachi
2718 3812 2962 3880 anonymi
2992 3810 3234 3865 Silensis.

1926 3919 1978 3972 l.
2027 3936 2045 3970 ‹
2078 3916 2346 3973 Caeterum
2390 3918 2705 3973 Femandus
2729 3934 2847 3987 rex,
2880 3920 3142 3985 ordinatis
3172 3937 3267 3991 per
3292 3924 3463 3979 conli-

1853 4009 1942 4063 nia
1989 4010 2168 4075 rebus,
2220 4025 2339 4064 cum
2386 4010 2617 4080 primum
2665 4010 3040 4079 opportunitas
3068 4013 3326 4081 temporis
3365 4014 3463 4069 ad-

1856 4104 2038 4169 venit,
2095 4110 2421 4172 congregato
2483 4117 2667 4158 rursus
2715 4103 2976 4170 exercitu,
3029 4104 3083 4158 in
3127 4103 3377 4161 Baeticam
3404 4116 3485 4164 et'

1856 4196 2185 4252 Lusitaniam
2228 4196 2533 4267 provincias
2578 4196 2847 4253 hostiliter
2881 4196 3155 4267 profectus
3204 4206 3315 4265 est;
3359 4200 3460 4256 de-

1854 4289 2228 4361 populatisque
2274 4288 2627 4345 barbarorum
2679 4288 2861 4358 agris,
2910 4302 2974 4343 ac
2998 4289 3272 4361 plerisque
3318 4290 3462 4347 villis

1852 4380 2125 4445 incensis,
2188 4378 2362 4433 eidem
2419 4378 2739 4433 Ahenhabet
2797 4377 3130 4448 HiSpalensis
3183 4394 3281 4434 rex
3336 4394 3459 4435 cum

1851 4473 2061 4542 magnis
2104 4472 2418 4527 muneribus
2462 4472 2718 4538 occurrit,
2765 4485 2996 4540 eumque
3023 4486 3120 4541 per
3144 4470 3458 4538 amicitiam,

1851 4580 2054 4639 perque
2076 4564 2240 4621 decus
2268 4564 2417 4634 regni
2449 4565 2716 4628 obsecrat,
2740 4580 2806 4618 ne
2832 4564 3006 4634 ipsum
3035 4562 3221 4637 [Forte
3238 4561 3457 4636 neipse}

1852 4673 2079 4730 regnum
2115 4672 2269 4713 suum
2316 4655 2571 4727 persequi
2626 4654 2770 4710 velit.
2818 4653 3133 4709 Fernandus
3179 4667 3309 4707 vero
3358 4667 3458 4709 rex

1853 4768 2006 4809 more
2055 4752 2321 4807 humanas
2349 4750 2524 4823 [more
2551 4745 2810 4818 humano]
2841 4747 3129 4803 miseratus
3156 4746 3455 4817 angustias,

1850 4845 1979 4900 dum
2042 4844 2291 4915 precibus
2347 4841 2614 4912 grandaevi
2658 4841 2874 4897 barbari
2943 4840 3205 4909 flectitur,
3264 4856 3457 4899 omnes

1850 4934 2078 4991 idoneos
2119 4935 2261 4989 viros
2308 4950 2377 4989 ex
2409 4932 2660 4988 Hibernis
2710 4932 2961 4988 accersiri
2994 4931 3165 5002 jubet,
3222 4949 3455 5005 quorum

1848 5028 2076 5084 consilio
2122 5026 2373 5095 disponat
2414 5039 2571 5095 quem
2603 5025 2766 5080 tinem
2794 5022 3273 5095 supplicationibus
3314 5027 3457 5099 regis

1848 5116 2158 5174 Maurorum
2185 5124 2373 5185 ponat.
2406 5120 2493 5179 At,
2536 5115 2627 5170 ubi
2662 5114 2947 5171 consilium
2977 5123 3114 5180 erat,
3146 5130 3213 5171 ex
3242 5118 3454 5172 consilii

1847 5210 2064 5267 decreto
2095 5217 2149 5264 et
2180 5222 2403 5263 munera
2428 5208 2641 5277 recipit,
2672 5214 2729 5262 et
2756 5221 2955 5277 corpus
2983 5207 3234 5277 martyris
3280 5207 3453 5263 beata:

1846 5300 2027 5368 Juslaa,
2059 5316 2180 5371 quae
2210 5300 2338 5355 olim
2366 5298 2568 5370 lliSpali
2599 5312 2719 5353 cum
2750 5312 2951 5353 corona
2980 5297 3223 5368 martyrii
3266 5312 3457 5367 perre-

1845 5394 1924 5449 xit
1970 5394 2038 5448 ad
2088 5390 2398 5455 Christum,
2453 5396 2723 5460 quatenus
2769 5403 2888 5444 eam
2940 5388 3006 5442 ad
3060 5388 3450 5457 Legionenscm

1845 5487 2033 5541 urbem
2081 5483 2386 5545 transferat,
2439 5480 2590 5537 reddi
2624 5480 2725 5535 sibi
2774 5480 3038 5551 imperat;
3083 5475 3453 5547 imperialibus

1845 5578 1995 5648 cujus
2020 5576 2183 5647 jussis
2208 5576 2350 5630 illico
2378 5574 2638 5629 barbarus
2666 5587 2943 5629 assensum
2973 5570 3080 5642 54
3105 5569 3375 5641 prabens,
3400 5579 3453 5623 et
3500 5642 3503 5643 ν

1843 5687 1913 5741 se,
1931 5672 2179 5727 daturum
2208 5668 2530 5725 beatissima:
2554 5665 2775 5735 virginis
2804 5679 3001 5733 corpus
3023 5654 3335 5732 spopondit.
3500 5662 3507 5741 ξ

1911 5736 1965 5816 2.
2014 5781 2031 5813 ‹
2053 5762 2168 5828 Qua
2211 5759 2505 5831 sponsione
2533 5764 2779 5823 accepta,
2810 5760 3092 5823 postquam
3118 5750 3187 5806 de
3215 5750 3443 5823 expedio
3505 5736 3511 5751 ’

1844 5855 1992 5911 tione
2035 5855 2124 5909 illa
2174 5861 2393 5909 ventum
2450 5850 2643 5913 fuerat,
2695 5845 2930 5915 Legione
2981 5858 3079 5897 rex
3127 5841 3441 5898 Fernandus

1841 5956 2104 6005 convocat
2150 5946 2216 6002 ad
2265 5961 2327 6001 se
2371 5942 2607 6001 Alvitum
2634 5980 2650 6006 ,
2700 5938 3071 6012 hujuscemodi
3106 5938 3267 6010 regia:
3290 5934 3440 5994 urbis
