4048 6364
544 375 609 433 5|
1299 368 1388 426 AD
1426 368 1656 426 OPERA
1695 368 1753 423 S.
1794 361 2038 423 ISIDORI
2079 358 2520 419 HISPALENSIS
2558 360 3087 419 PROLEGOMENA.

3775 365 3874 425 53

566 487 910 550 Viterabilem
936 488 1268 559 episcopum,
1297 495 1353 541 et
1376 483 1691 549 Ordoninm,
1738 480 2134 536 Astorieensem
2162 476 2215 538 Δ
2238 477 2571 548 subsequens
2601 477 2740 552 (sic),
2770 486 2964 534 exutus
2993 478 3097 534 hoc
3127 478 3339 533 mortali
3368 484 3615 551 corpore,
3640 482 3708 537 ad
3739 497 3871 541 nos

570 582 899 641 «urendum
938 580 1253 644 antistitem,
1306 578 1572 646 simulque
1618 575 1922 630 Munionem
1965 572 2139 628 comi-

545 683 676 740 tem,
707 682 763 729 et
787 689 881 730 eos
907 691 1029 730 cum
1059 689 1220 729 manu
1261 671 1488 726 militum
1513 670 1579 725 ad
1607 664 1957 724 deferendum
1999 680 2138 734 prae-

540 767 663 824 fata!
689 767 915 837 virginis
942 782 1141 839 corpus
1171 764 1428 836 Hispalim
1475 764 1656 817 mittit.
1709 762 1810 829 Qui
1860 760 2141 815 venientes

540 860 792 915 mandata
818 859 959 929 regis
983 858 1299 914 Abenbabet
1320 855 1574 911 referunt.
1603 851 1807 921 Quibus
1833 851 1921 907 ille
1946 868 1959 904 :
1980 851 2135 917 Novi,

540 951 733 1017 inquit,
766 966 854 1005 me
888 950 1108 1005 domino
1140 956 1318 1003 vestro
1346 945 1675 1017 promisisse,
1706 942 1850 1013 quod
1879 943 2135 1013 quaeritis.

540 1043 646 1098 Sed
678 1058 777 1097 nec
804 1054 927 1113 ego,
961 1058 1061 1097 nec
1086 1041 1277 1111 aliquis
1306 1054 1546 1094 meorum
1574 1037 1729 1092 vobis
1759 1050 1955 1102 corpus
1993 1034 2139 1105 quod

539 1133 859 1188 tlesileratis
906 1132 1193 1188 ostendere
1240 1130 1455 1199 poterit.
1512 1128 1621 1183 Vos
1666 1128 1765 1200 ipsi
1809 1127 2052 1197 quaerite,
2082 1133 2140 1182 et

540 1224 813 1279 inventum
844 1225 1033 1289 tollite,
1065 1224 1325 1279 abeuntes
1348 1238 1471 1277 cum
1505 1236 1658 1291 pace.
1690 1220 1953 1276 Cmtvrum
1977 1259 1993 1287 ,
2043 1221 2139 1275 de-

535 1315 851 1381 litescemlo,
902 1333 969 1371 au
1018 1332 1146 1371 vero
1191 1318 1453 1371 babarus
1502 1322 1699 1369 nostra:
1752 1315 2005 1383 legationi
2036 1316 2137 1371 ista

534 1407 753 1473 dixerit,
783 1424 966 1479 parum
994 1411 1375 1479 comperimus.
1409 1408 1514 1463 Sed
1547 1409 1859 1477 plerumque
1890 1410 2138 1463 humanm

530 1500 860 1569 voluntates,
891 1509 949 1554 ut
973 1510 1098 1555 sunt
1123 1502 1489 1561 vehementes,
1523 1499 1595 1553 ita
1625 1508 1680 1553 et
1707 1499 1951 1555 mobiles.
1981 1499 2138 1565 Quod

529 1591 753 1647 audiens
776 1593 1021 1661 egregius
1051 1590 1256 1645 Alvitus
1287 1592 1593 1663 episcopus,
1618 1592 1796 1646 socios
1819 1607 1945 1646 suos
1976 1591 2135 1661 (allo-

526 1683 720 1755 quitur)
769 1684 850 1740 sic
876 1685 1061 1740 dicens
1090 1702 1103 1738 :
1130 1682 1201 1738 Ut
1228 1685 1515 1749 cernimus,
1548 1682 1760 1749 fratres,
1809 1685 1908 1738 nisi
1954 1684 2133 1738 divina

526 1778 804 1833 miseratio
838 1778 1006 1833 labori
1039 1780 1205 1833 nostri
1257 1778 1465 1833 itineris
1512 1778 1845 1843 subvenerit,
1892 1776 2130 1834 frustrati

2242 586 2363 627 eum
2414 586 2612 628 corona
2665 572 2883 641 justitizc
2927 573 3226 641 pervenies.
3276 571 3378 639 Qui
3426 582 3713 647 postquam
3760 575 3871 633 lo-

2242 664 2438 735 quendi
2466 665 2624 719 finem
2656 664 2801 732 fecit,
2828 665 2965 719 visio
2996 664 3172 719 ablata
3204 672 3304 719 est.

2314 757 2366 813 Β.
2406 776 2424 810 ι
2450 758 2686 827 Surgens
2707 768 2837 827 ergo
2864 757 3057 829 passu!
3086 771 3115 811 a
3143 772 3357 827 somno,
3387 764 3567 813 ‘certus
3592 758 3663 813 de
3691 768 3864 815 tanta

2241 853 2470 920 visione,
2501 852 2595 907 sed
2623 852 2795 907 laetior
2820 851 2888 907 de
2916 851 2999 907 sui
3021 852 3331 920 vocatione,
3362 848 3507 908 facto
3533 851 3647 922 jam
3678 868 3865 909 mane

2239 948 2419 1003 socios
2468 946 2732 1012 hortatur,
2783 945 3259 1015 dicens20portet
3308 960 3437 1012 nos,
3485 945 3861 1011 dilectissimi,

2238 1039 2685 1110 omnipotentiam
2716 1038 2910 1093 summi
2942 1035 3117 1092 Patris
3147 1036 3381 1091 divinam
3426 1038 3612 1107 pronis
3642 1038 3860 1091 menti-

2238 1131 2339 1187 bus
2389 1131 2638 1198 adorare,
2685 1131 2776 1200 qui
2828 1145 2946 1195 nos,
2998 1144 3095 1183 sua
3144 1130 3313 1199 gratia
3363 1129 3723 1200 praecedente,
3758 1140 3856 1186 est

2239 1220 2503 1290 dignatus,
2558 1229 2615 1277 et
2643 1220 2946 1276 mercedem
2976 1220 3145 1274 nostri
3175 1220 3423 1290 (itineris)
3456 1218 3699 1275 frustrari
3730 1234 3853 1273 non

2239 1323 2321 1369 est
2348 1330 2555 1384 passus.
2587 1312 2777 1367 Divino
2806 1313 3003 1367 etenim
3031 1322 3162 1368 nutu
3204 1312 3554 1382 prohibemur
3598 1314 3853 1367 membra

2238 1408 2429 1475 beatas,
2486 1407 2596 1461 Deo
2644 1406 2858 1469 dicatas,
2890 1406 3111 1475 virginis
3138 1404 3300 1459 Justu'.
3326 1405 3451 1460 hinc
3494 1405 3851 1473 abstrahere;

2238 1500 2331 1556 sed
2361 1515 2467 1553 non
2499 1500 2709 1553 minora
2737 1498 3029 1552 deferimus
3065 1494 3251 1571 [Ferte
3296 1496 3625 1567 deferamus}
3674 1498 3851 1566 dona,

2238 1594 2364 1648 dum
2416 1608 2614 1664 corpus
2651 1592 2944 1648 beatissimi
2992 1589 3196 1656 lsidori,
3247 1593 3337 1661 qui
3379 1592 3476 1646 hac
3509 1591 3561 1645 in
3593 1591 3727 1646 urbe
3755 1606 3837 1645 sa-

2235 1686 2462 1744 cerdotii
2508 1687 2709 1757 potitus
2742 1695 2826 1743 est
2854 1685 3040 1754 infula,
3076 1693 3132 1740 et
3170 1692 3339 1740 totam
3383 1684 3695 1754 Hispaniam
3740 1698 3841 1741 snt:

2236 1798 2402 1852 opere
2447 1782 2743 1847 decoravit,
2791 1789 2845 1836 et
2886 1780 3076 1846 verbo,
3126 1779 3357 1835 delaturi
3394 1794 3596 1834 sumus.
3631 1776 3699 1832 Et
3726 1779 3849 1833 haec

527 1870 863 1925 recedemus.
894 1869 1266 1925 Necessarium
1296 1872 1479 1941 itaque
1506 1870 1735 1935 videtur,
1778 1871 2131 1931 dilectissimi,
2166 1864 2213 1924 Β
2241 1874 2444 1942 dicens,
2475 1874 2720 1929 ordinem
2747 1872 2967 1927 visiOnis
2992 1871 3071 1925 eis
3098 1872 3335 1926 seriatim
3367 1869 3655 1939 pateiecit;
3697 1866 3848 1937 quod

526 1971 643 2017 uta
672 1963 805 2031 Deo,
836 1965 920 2017 cui
954 1964 1084 2017 nihil
1116 1965 1444 2034 impossibile
1473 1974 1574 2031 est,
1607 1980 1765 2035 opem
1798 1974 2122 2034 qumrentes,

527 2052 705 2107 triduo
730 2052 949 2123 jejuniis
989 2064 1043 2109 et
1078 2056 1415 2111 orationibus
1459 2056 1806 2121 insistamus,
1858 2064 2126 2126 quatenus

525 2145 704 2200 divina
735 2148 986 2217 maiestas
1014 2151 1284 2204 occultum
1315 2149 1469 2204 nobls
1499 2148 1671 2203 sancti
1716 2149 1960 2217 corporis
2002 2147 2124 2201 the-

522 2255 744 2297 saurum
774 2243 1014 2298 revelare
1040 2242 1310 2313 dignetur.

594 2332 649 2387 5.
690 2352 710 2387 ι
738 2333 944 2391 Placuit
990 2339 1198 2391 cunctis
1245 2336 1553 2390 exhortatio
1605 2334 1865 2406 pnesulis,
1919 2342 1978 2388 ut
2024 2334 2124 2388 tri-

522 2426 691 2482 duum
742 2427 871 2483 illud
898 2429 1148 2499 precibus
1177 2435 1517 2498 peragerent.
1549 2425 1779 2498 Jamque
1821 2426 1911 2482 die
1944 2428 2121 2493 tertia,

520 2535 743 2576 emenso
773 2518 1014 2592 olympo,
1043 2520 1124 2576 sol
1155 2520 1507 2585 occubuerat,
1538 2534 1685 2585 cum,
1712 2526 1905 2588 quarta
1936 2533 2127 2587 perve-

520 2613 703 2668 niente
730 2621 910 2679 nocte,
945 2613 1267 2668 venerabilis
1295 2614 1486 2683 praesul
1522 2612 1725 2667 Alvitua
1747 2611 1969 2683 pervigil
2000 2626 2125 2666 ora-

520 2704 655 2760 tioui
702 2705 1005 2763 insistebat.
1051 2705 1282 2769 Interea,
1334 2706 1460 2761 dum
1508 2706 1639 2760 sella
1688 2705 1953 2769 residens,
1986 2705 2127 2758 fessa

520 2798 761 2853 membra
793 2799 1066 2870 paulisper
1094 2803 1445 2867 su~tcntaret,
1498 2805 1663 2867 atque
1714 2811 1898 2852 secum
1949 2795 2129 2851 nescio

520 2889 649 2961 quid
702 2890 773 2946 de
812 2891 1033 2962 psalmis
1080 2893 1334 2957 recitans,
1386 2906 1494 2961 pra:
1523 2892 1689 2946 nimio
1720 2890 2018 2957 vigiliarum
2048 2888 2129 2942 la-

519 2983 653 3039 bore
699 3000 889 3041 somno
936 2986 1367 3055 opprimeretur,
1416 2985 1664 3055 apparuit
1693 2986 1743 3039 ei
1774 2984 1991 3053 quidam
2023 2983 2126 3053 vir,

520 3076 827 3131 veneranda
849 3078 1048 3132 canitie
1068 3085 1339 3146 comptus,
1364 3075 1663 3145 pentilicali
1685 3073 1850 3129 infula
1879 3074 2124 3141 amictus,

518 3178 751 3235 eumque
800 3165 891 3220 tali
940 3180 1075 3219 voee
1120 3165 1422 3233 alloquens,
1466 3167 1543 3219 ait
1589 3163 1761 3219 :Scio
1808 3164 2024 3234 quidem
2077 3171 2132 3219 te

2232 1968 2533 2033 audientes,
2587 1967 2877 2021 immensas
2928 1965 3040 2021 Deo
3087 1964 3286 2035 gratias
3315 1961 3628 2028 referendo,
3657 1974 3847 2028 regem

2230 2062 2622 2119 Saracenorum
2673 2061 2831 2115 simul
2880 2059 3098 2123 adeunt,
3150 2059 3306 2127 eique
3357 2057 3608 2111 universa
3650 2054 3846 2109 ordine

2229 2154 2492 2226 pandunt.
2518 2150 2747 2221 Expavit
2767 2152 3049 2216 barbarus,
3073 2157 3129 2205 et
3152 2151 3275 2204 licet
3304 2147 3553 2212 infidelis,
3580 2147 3845 2200 virtutem

2230 2256 2413 2301 tamen
2464 2245 2673 2300 Domini
2717 2244 3008 2309 admirans,
3043 2242 3177 2297 dixit
3204 2239 3432 2303 eis:Et,
3484 2239 3530 2294 si
3579 2237 3846 2293 lsidorum

2229 2342 2386 2396 vobis
2433 2340 2651 2405 tribuo,
2708 2353 2831 2394 cum
2884 2353 2991 2407 quo
3044 2337 3131 2391 hic
3182 2334 3523 2389 remanebat
3571 2330 3843 2389 Cteterum

2231 2446 2396 2492 tanta!
2440 2433 2780 2491 auctoritatis
2823 2434 2971 2488 viros
3016 2444 3274 2502 spernere
3317 2440 3425 2483 non
3473 2428 3697 2491 audens,
3750 2418 3849 2479 da‘

2232 2530 2502 2586 licentiam
2557 2527 2883 2583 confessoris
2932 2526 3173 2580 membra
3222 2524 3515 2595 inquirere.
3566 2518 3846 2590 Stupenda

2232 2626 2447 2693 loquor,
2503 2622 2570 2675 ab
2600 2620 2682 2675 his
2714 2626 2895 2673 tamen
2926 2619 3017 2689 qui
3048 2616 3344 2672 interfuere
3386 2613 3618 2685 prolata.
3663 2608 3848 2680 Siqui-

2233 2716 2357 2771 dem
2416 2713 2723 2785 sepulcrum
2777 2711 2922 2767 beati
2978 2711 3223 2781 corporis
3276 2708 3401 2763 dum
3461 2712 3842 2776 qumreremr,

2232 2807 2516 2878 vestigium
2566 2807 2727 2876 virgae
2774 2820 2896 2860 cum
2946 2814 3051 2875 qua
3109 2810 3329 2859 sanctus
3373 2798 3648 2855 confessor
3699 2797 3845 2851 trina

2234 2898 2583 2969 percussione
2614 2896 2791 2951 locum
2825 2893 3161 2950 monumenti
3191 2894 3605 2953 monstraverat,
3637 2888 3689 2941 in
3723 2889 3845 2957 ipso

2236 2999 2394 3047 terra:
2439 2992 2556 3046 solo
2607 2991 2880 3045 inventum
2911 2996 3013 3044 est.
3046 2987 3163 3055 Quo
3192 2985 3430 3049 detecto,
3473 2990 3623 3038 tanta
3655 2982 3843 3038 odoris

2237 3082 2531 3152 fragrantia
2563 3082 2853 3147 emanavit,
2886 3089 2944 3135 ut
2970 3079 3195 3150 capillos
3222 3078 3411 3148 capitis
3437 3085 3491 3131 et
3518 3076 3700 3131 barba:
3722 3089 3843 3130 om-

2237 3178 2383 3233 nium
2432 3176 2525 3246 qui
2573 3176 2799 3231 aderant
2846 3173 3013 3229 veluti
3066 3172 3264 3228 nebula
3314 3179 3681 3238 nectareoque
3735 3162 3843 3240 58

520 3272 644 3313 cum
672 3256 833 3313 sociis
863 3257 969 3311 tu's
998 3256 1065 3311 ad
1096 3256 1201 3312 hoc
1228 3258 1458 3321 venisse,
1489 3264 1550 3311 ut
1576 3271 1773 3326 corpus
1800 3255 2125 3310 beatissimus

2236 3272 2460 3328 balsami
2503 3287 2625 3327 rore
2657 3268 3020 3342 perfunderet.
3063 3268 3271 3337 Corpus
3297 3273 3475 3321 autem
3516 3266 3734 3321 beatum
3779 3263 3842 3318 li-

518 3350 740 3417 virginis
781 3346 969 3417 Justaa,
997 3348 1121 3402 hinc
1148 3346 1553 3411 transferentes,
1586 3347 1862 3401 vobiscum
1895 3344 2126 3401 ducatis.

523 3440 631 3497 Sed
660 3442 915 3512 quoniam
958 3457 1064 3496 non
1095 3450 1180 3496 est
1205 3441 1400 3495 divinae
1426 3441 1721 3497 voluntatis
1768 3448 1825 3496 ut
1854 3440 1970 3495 haec
1994 3440 2130 3495 civi-

520 3541 608 3589 tas
659 3534 912 3590 abscessu
962 3534 1121 3603 hujus
1150 3534 1368 3603 virginis
1398 3534 1691 3599 desoletur,
1741 3534 2001 3588 immensa
2031 3531 2129 3587 Dei

517 3627 695 3697 pietas
742 3642 837 3683 vos
883 3630 1161 3683 remittere
1202 3643 1403 3681 vacuos
1457 3642 1563 3682 non
1596 3629 1803 3697 patiens
1838 3627 1975 3699 (sic),
2008 3643 2131 3682 cor-

520 3734 626 3791 pus
668 3734 848 3775 meum
892 3719 1147 3774 donatum
1178 3730 1255 3775 est
1288 3719 1441 3774 vobis
1467 3762 1482 3789 ,
1528 3720 1671 3790 quod
1720 3720 2007 3785 tollentes,
2059 3717 2129 3773 ad

519 3810 740 3881 propria
783 3818 1038 3865 remeate.
1074 3810 1243 3876 Quem
1275 3826 1396 3864 cum
1426 3811 1755 3865 reverendus
1783 3812 1865 3864 vir
1892 3810 2126 3865 inte:ro-

518 3911 673 3972 garet
719 3904 840 3973 quis
873 3912 1052 3971 esset,
1103 3905 1193 3972 qui
1226 3904 1350 3958 talia
1379 3904 1479 3959 sibi
1514 3903 1838 3973 injnngeret,
1868 3906 1941 3959 ait
1969 3923 1981 3958 :
2012 3904 2126 3974 Ego

518 4011 636 4050 sum
685 3994 1062 4068 Hispaniarum
1114 3999 1327 4065 doctor,
1380 3996 1753 4067 hujuscemodi
1783 3998 1930 4052 urbis
1959 3998 2127 4051 antis-

518 4097 601 4146 tes
647 4090 905 4148 Isidorus.
961 4091 1089 4149 Hmc
1119 4092 1323 4155 dicens,
1378 4092 1447 4147 ab
1500 4092 1674 4147 oculis
1704 4092 1972 4145 cernentis
2000 4105 2127 4145 eva-

516 4184 653 4239 nuit.
1313 4190 1321 4199 '

593 4275 698 4348 55
736 4274 791 4331 4.
848 4292 870 4328 ι
896 4273 1170 4343 Evigilans
1209 4282 1393 4329 autem
1438 4273 1675 4343 praesul,
1722 4277 1888 4346 cmpit
1933 4280 2125 4338 visioni

519 4367 907 4437 congratulari,
940 4381 1004 4423 ac
1032 4365 1198 4421 Deum
1230 4366 1485 4421 attentius
1512 4380 1758 4433 emrare,
1804 4369 2121 4443 deprecans,

520 4472 602 4527 ut,
634 4464 679 4515 si
720 4474 786 4515 ex
818 4460 863 4513 Ι)
884 4473 931 4514 ·ο
960 4468 1102 4515 esset
1145 4460 1259 4514 hate
1285 4459 1442 4527 visio,
1475 4461 1667 4515 iterum
1719 4469 1776 4518 et
1818 4466 1979 4521 tertio
2008 4468 2124 4535 ple-

520 4555 644 4609 nius
674 4552 1057 4609 innotesceret.
1089 4551 1293 4608 Taliter
1317 4566 1499 4615 orans,
1532 4570 1719 4612 rursus
1759 4558 2119 4628 obdormivit;

2234 3378 2373 3433 gneo
2417 3362 2678 3428 vasculo,
2734 3376 2798 3415 ex
2843 3359 3094 3429 junipero
3143 3358 3323 3420 facto,
3376 3364 3493 3413 erat
3538 3356 3835 3422 obtectum,

2233 3458 2565 3525 statimque,
2617 3462 2675 3510 ut
2721 3462 3020 3510 reseratum
3073 3460 3193 3519 est,
3248 3450 3613 3508 venerabilem
3665 3450 3838 3503 virum

2232 3550 2468 3605 Aivitum
2500 3549 2810 3621 episcopum
2839 3548 3099 3617 :cgritudo
3147 3546 3446 3618 corripuit,
3498 3560 3561 3602 ac
3605 3544 3842 3617 septimo

2231 3645 2338 3712 die,
2372 3652 2593 3714 accepta
2624 3643 2961 3714 paenitentia,
2991 3640 3245 3711 angelicis
3272 3639 3516 3695 manibus
3538 3680 3552 3705 ,
3599 3646 3658 3692 ut
3704 3650 3841 3691 vera

2232 3737 2364 3795 fides
2390 3737 2639 3805 credidit,
2677 3737 2923 3808 spiritum
2955 3735 3194 3790 tradidit.

2301 3828 2354 3885 6.
2421 3847 2439 3881 ‹
2469 3828 2738 3884 Ordonius
2781 3835 2961 3882 autem
3010 3825 3369 3882 Astoricensis
3416 3824 3729 3894 episcopus,
3785 3825 3844 3874 et

2229 3922 2406 3979 omnis
2435 3920 2726 3985 exercitus,
2760 3926 2981 3989 accepta
3020 3918 3174 3990 gleba
3206 3917 3345 3973 beati
3376 3914 3583 3979 lsidori,
3613 3920 3667 3967 et
3711 3926 3845 3966 cor-

2228 4030 2361 4085 pore
2386 4012 2736 4082 Legioncnsis
2764 4011 3025 4081 pnesulis,
3051 4011 3162 4080 jam
3194 4010 3258 4063 ad
3289 4020 3465 4075 regem
3490 4002 3842 4059 Fernandum

2228 4103 2490 4172 repedare
2538 4102 2903 4167 festinabant,
2954 4116 3077 4155 cum
3126 4115 3256 4155 ecce
3298 4112 3394 4153 rex
3432 4095 3843 4151 Saracenorum

2227 4193 2564 4263 supradictus
2598 4192 2916 4248 Ahenhabet
2962 4192 3225 4247 cortinam
3250 4234 3265 4260 ,
3317 4188 3453 4245 miro
3502 4202 3667 4257 opere
3708 4200 3845 4239 con-

2227 4293 2426 4341 textam
2453 4326 2469 4355 ,
2524 4301 2687 4355 super
2716 4285 3106 4355 sarcophagum
3136 4283 3281 4338 beati
3311 4280 3635 4337 confessoris
3658 4279 3841 4349 jacta-

2228 4377 2323 4442 vlt,
2377 4388 2537 4449 atque
2567 4392 2633 4432 ex
2665 4377 2773 4431 imo
2803 4385 3024 4447 pectore
3070 4389 3262 4443 magna
3295 4374 3546 4428 emittens
3575 4372 3835 4442 suspiria,

2226 4468 2499 4525 dixit:En
2545 4470 2762 4534 abhinc,
2809 4468 3033 4534 Isidore,
3081 4468 3164 4521 vir
3208 4464 3539 4529 venerande,
3582 4462 3836 4528 recedis;

2227 4565 2341 4633 ipse
2372 4572 2548 4617 tamen
2576 4562 2739 4627 nosti,
2773 4558 2861 4614 tua
2890 4560 3139 4631 qualiter,
3180 4568 3235 4614 et
3275 4574 3395 4613 mea
3438 4572 3524 4612 res
3566 4563 3667 4611 est;
3702 4553 3837 4609 limo

520 4655 577 4703 et
624 4660 754 4702 ecce
802 4648 943 4703 idem
982 4646 1071 4702 vir
1108 4646 1161 4700 in
1210 4642 1401 4701 eodem
1449 4647 1634 4702 habitu
1681 4665 1788 4706 non
1839 4653 2117 4710 dissimilia
2149 4642 2203 4703 D
2225 4656 2292 4711 ab
2323 4655 2425 4709 illis
2456 4663 2581 4710 sunt
2611 4662 2735 4708 nota
2762 4654 2850 4723 qui
2882 4652 3291 4723 praesentialiter
3320 4666 3379 4705 se
3404 4649 3615 4703 audisse
3645 4656 3840 4712 testati

520 4750 682 4807 quam
714 4737 860 4806 prius
888 4738 1051 4791 verba
1080 4751 1362 4807 perorans,
1394 4754 1608 4795 rursum
1636 4744 1874 4797 evanuit.
1912 4744 2119 4817 Exper-

520 4830 765 4900 gefactus
812 4830 1007 4885 iterum
1059 4832 1339 4901 pontifex,
1389 4835 1617 4891 alacrius
1663 4839 1858 4891 trinam
1899 4839 2119 4895 visionis

523 4921 950 4976 admonitionem
997 4936 1028 4976 a
1062 4921 1291 4979 Domino
1340 4925 1681 4995 implorabat.
1714 4927 1837 4996 Qui,
1869 4930 1993 4983 dum
2021 4930 2119 4985 ob-

523 5011 717 5066 noxius
746 5009 930 5084 [Forte
948 5010 1217 5085 obnixius]
1245 5012 1410 5068 Deum
1440 5026 1712 5081 exoraret,
1742 5019 1901 5074 tertio
1926 5035 2119 5078 somno

523 5103 838 5172 corripitur.
893 5102 1044 5158 Tune
1091 5105 1173 5159 vir
1216 5106 1588 5175 supradictus,
1634 5113 1799 5167 veluti
1846 5114 2012 5168 semel
2064 5120 2119 5167 et

456 5203 463 5210 ‘
521 5195 778 5259 secundo,
811 5195 861 5250 ei
907 5210 1194 5267 apparens,
1225 5212 1343 5268 quae
1368 5209 1528 5256 antea
1572 5203 1784 5259 dixerat
1830 5209 1989 5262 tertio
2032 5224 2119 5265 re-

521 5288 773 5358 plicavit;
821 5298 987 5363 atque
1029 5293 1199 5362 virga,
1252 5310 1414 5366 quam
1464 5312 1627 5352 manu
1677 5301 1911 5366 tenebat,
1962 5310 2120 5360 terrae.

521 5383 694 5436 solum
740 5390 825 5439 ter
864 5388 1195 5456 percutiens,
1238 5388 1442 5459 locum,
1493 5390 1547 5444 in
1591 5406 1697 5460 quo
1736 5407 1953 5449 sanctus
1995 5397 2116 5451 the-

522 5491 714 5531 saurus
765 5476 1031 5547 latitabat,
1082 5480 1343 5548 ostendit,
1402 5481 1623 5536 dicens:
1657 5481 1791 5549 llic,
1846 5486 1973 5553 hic,
2030 5489 2117 5544 hic

523 5584 701 5625 meum
734 5569 976 5625 invenies
1002 5585 1232 5640 corpus;
1265 5580 1319 5625 et
1363 5586 1430 5627 ne
1467 5582 1622 5642 putes
1652 5583 1705 5628 te
1740 5576 2118 5643 phantasmate

522 5661 720 5727 deludi,
751 5662 860 5719 hoc
902 5663 1009 5718 erit
1053 5663 1147 5716 tibi
1186 5664 1398 5732 signum
1426 5666 1531 5719 mei
1561 5666 1781 5721 veridici
1830 5674 2113 5739 sermOnis,

520 5759 667 5829 quod
714 5772 844 5814 mox
890 5765 951 5812 ut
995 5772 1175 5813 meum
1224 5772 1424 5828 corpus
1453 5774 1613 5830 super
1638 5770 1836 5818 terram
1863 5764 2116 5822 eductum

522 5854 702 5920 luerit,
734 5849 984 5906 molestia
1012 5849 1259 5921 corporis
1286 5852 1612 5924 corripieris,
1643 5868 1804 5927 quam
1834 5856 1955 5913 linis
1994 5858 2118 5914 vitae

2223 4755 2365 4802 sunt.
2419 4744 2603 4814 Legati
2638 4759 2772 4799 vero
2833 4760 2951 4799 cum
3009 4750 3158 4797 tanto
3210 4742 3357 4796 dono
3402 4741 3615 4795 cmlitus
3661 4738 3833 4793 misso

2223 4841 2327 4895 iter
2370 4839 2710 4908 arripientes,
2758 4839 2823 4893 ad
2872 4839 3089 4908 propria
3135 4842 3261 4891 sunt
3306 4836 3531 4890 reversi.
3563 4831 3620 4886 lu
3651 4831 3834 4886 reditu

2221 4948 2450 5004 quorum
2478 4932 2897 5002 gloriosissimus
2923 4947 3017 4986 rex
3046 4929 3359 4986 Fernanrius
3391 4943 3640 4998 magnum
3676 4927 3837 4981 exhi-

2222 5025 2340 5081 buit
2389 5032 2743 5094 apparatum;
2794 5023 2925 5093 qui,
2977 5023 3104 5077 licet
3158 5022 3225 5076 de
3274 5022 3427 5075 obitu
3478 5019 3833 5088 Legionensis

2223 5117 2461 5187 episcopi
2514 5118 2961 5181 contristaretur,
3018 5123 3197 5170 tamen
3248 5113 3481 5167 adventu
3530 5112 3828 5167 beatissimi

2222 5208 2548 5266 confessoris
2595 5208 2783 5264 lsidcri
2842 5208 3179 5261 ambitiosam
3233 5205 3475 5261 exhibuit
3529 5218 3825 5274 pompam,

2221 5302 2373 5371 cujus
2400 5308 2642 5356 sanctum
2674 5315 2870 5370 corpus
2899 5300 2952 5353 in
2983 5299 3197 5353 basilica
3228 5298 3367 5351 beati
3412 5293 3637 5349 Joannis
3689 5293 3828 5361 Bap-

2222 5394 2379 5460 iirL‘B,
2410 5410 2568 5463 quam
2602 5393 2745 5447 idem
2777 5392 3150 5447 serenissimus
3179 5406 3295 5451 rex,
3351 5397 3408 5443 ut
3450 5388 3611 5457 paulo
3658 5388 3825 5457 (ιιηιρ)

2220 5488 2463 5553 memini,
2509 5485 2745 5554 Legione
2784 5484 2996 5538 noviler
3026 5483 3399 5543 fabricaverat,
3438 5481 3699 5550 reposuit.
3735 5481 3825 5531 ΛΙ-

2219 5581 2361 5635 vitns
2408 5588 2587 5632 autem
2633 5576 2973 5631 venerandus
3018 5574 3243 5629 antistes
3291 5574 3343 5627 in
3390 5572 3615 5627 ecclesia
3647 5571 3825 5626 beatas

2221 5674 2419 5743 Marias,
2468 5674 2554 5729 cui
2600 5672 2905 5743 praafuerat,
2956 5668 3068 5724 Deo
3111 5678 3403 5733 annuente,
3446 5666 3611 5723 habet
3636 5666 3823 5736 sepul-

2218 5780 2389 5822 crum.

2292 5860 2343 5914 7.
2392 5877 2411 5911 ε
2438 5856 2606 5929 Igitur
2630 5863 2758 5927 post
2785 5868 2957 5913 annos
2984 5859 3410 5925 quatuorceutos
3433 5849 3616 5907 obitus
3640 5850 3727 5905 sui
3754 5849 3825 5905 ab
