4048 6364
196 372 261 428 55
1271 352 1684 415 lSlDORlANA.
1721 382 1795 401 -
1830 354 2010 414 rans
2046 354 2089 414 ι.
2132 355 2287 414 (ιιι).
2333 358 2401 415 x.

3408 360 3478 420 ει

192 452 818 557 Hispalensium.civitate
844 478 1161 538 translatum
1191 480 1275 530 est
1298 487 1497 545 corpus
1521 468 1775 528 beatissi-
1800 473 1854 533 Α
1878 469 2073 526 doctor
2099 470 2349 539 eximius,
2397 470 2471 526 ita
2502 476 2563 527 ut
2585 471 2882 529 secundum
2910 473 3227 544 qualitatem
3270 490 3481 532 sermo-

193 581 261 637 mi
288 578 475 635 lsidori
502 577 829 636 confessoris
855 573 1075 638 Christi,
1107 578 1267 639 atque
1314 568 1370 623 in
1421 567 1554 621 urbe
1584 564 1782 634 Legio-

196 671 343 727 neusi
392 686 515 726 cum
544 669 709 740 digno
735 669 944 724 honore
997 662 1296 719 conditum.
1343 657 1657 728 Aggregatis
1698 663 1783 711 et-

192 765 326 820 enim
360 763 525 819 totius
547 762 699 833 regni
728 760 813 817 sui
843 757 1126 822 nobilibus,
1160 754 1445 825 episcopis,
1478 750 1783 820 abbatibus,

138 862 144 925 ξ
192 854 461 927 praefatam
489 853 778 911 ecclesiam
806 867 906 909 rex
930 851 984 906 in
1009 849 1217 904 honore
1242 843 1567 902 confessoris
1595 856 1787 897 conse-

140 928 147 995 ἒ
192 946 323 1002 crari
373 944 502 1001 fecit
550 958 695 1000 anno
740 942 1024 999 dominicae
1067 937 1456 997 incarnationis
1502 933 1789 989 millesimo

136 1028 147 1089 ί
193 1038 630 1108 quinquagesimo
670 1036 1030 1109 (sexagesimo
1059 1031 1352 1104 legendum)
1393 1028 1652 1093 secundo,
1683 1043 1787 1082 un-

138 1112 141 1161 ἶ
191 1129 396 1183 decimo
427 1127 695 1184 Kalendas
722 1126 981 1182 Januarii.
1011 1125 1278 1181 Caeterum
1308 1137 1428 1177 cum
1458 1128 1606 1177 tanta
1631 1120 1792 1175 devo-

191 1219 332 1274 tione
358 1220 413 1274 in
445 1220 735 1275 festivitate
761 1220 852 1274 illa
882 1233 977 1273 rex
1004 1215 1420 1287 gloriosissimus
1445 1212 1515 1268 ob
1536 1225 1792 1267 reveren-

192 1311 314 1364 tiam
341 1312 515 1365 sancti
546 1311 802 1367 antistitis
842 1308 1134 1364 humilitati
1178 1306 1390 1361 deditus
1418 1304 1583 1359 fuisse
1612 1302 1794 1374 perhi-

189 1404 357 1468 betur,
385 1412 466 1469 ut,
492 1419 616 1459 cum
640 1405 708 1458 ad
731 1402 1036 1459 convivium
1057 1407 1280 1455 ventum
1307 1397 1502 1463 fuerat,
1528 1393 1792 1464 religiosis

189 1498 488 1568 quibusque
551 1495 684 1551 viris
748 1494 1011 1551 delicatos
1072 1492 1245 1558 cibos,
1308 1488 1559 1559 deposito
1624 1486 1793 1555 regali

187 1586 496 1655 supercilio,
525 1585 646 1639 vice
672 1582 995 1639 famulorum
1025 1583 1258 1655 propriis
1284 1579 1531 1635 manibus
1550 1591 1794 1648 appone-

186 1684 284 1732 ret.
334 1675 543 1744 Regina
586 1690 804 1745 quoque
846 1674 1042 1730 Saucia
1067 1712 1082 1739 ,
1142 1688 1266 1729 cum
1306 1671 1428 1726 filiis
1472 1678 1529 1726 et
1580 1669 1793 1723 ﬁliabus

185 1766 333 1834 suis,
383 1765 609 1834 reliquae
652 1765 977 1819 multitudini
1030 1779 1184 1820 more
1228 1762 1569 1819 servulorum
1619 1772 1784 1813 omne

185 1857 503 1928 obsequium
535 1857 809 1911 humiliter
840 1855 1144 1911 exhiberet.

252 1948 304 2003 8.
353 1968 372 2001 ι
401 1947 462 2002 In
492 1963 561 2002 eo
590 1956 768 2001 autem
797 1948 943 2013 loco,
970 1962 1077 2017 quo
1100 1944 1247 2000 beati
1274 1944 1519 2014 corporis
1547 1942 1790 2011 reliquias

187 2054 216 2094 a
263 2039 406 2094 iideli
457 2038 657 2109 populo
686 2046 1030 2104 venerantur,
1083 2046 1229 2092 tanta
1275 2046 1331 2093 et
1379 2037 1505 2091 talia
1533 2037 1793 2092 miracula

185 2130 444 2187 Dominus
472 2142 658 2186 noster
686 2131 754 2185 ad
780 2130 1040 2186 honorem
1070 2132 1175 2203 57
1206 2140 1261 2186 et
1286 2132 1511 2201 gloriam
1559 2131 1795 2187 nominis

184 2225 265 2280 sui
294 2223 548 2293 dignatus
596 2230 680 2278 est
725 2222 1013 2279 ostendere
1035 2265 1050 2289 ,
1099 2224 1247 2294 quod
1275 2225 1321 2279 si
1350 2224 1543 2292 aliquis
1590 2224 1795 2294 peritus

184 2332 247 2372 ea
275 2317 607 2373 membranis
636 2316 891 2384 traderet,
926 2334 1033 2372 non
1064 2318 1285 2373 minima
1332 2318 1590 2375 librorum
1637 2319 1794 2373 volu-

183 2409 331 2464 mina
384 2408 699 2465 conliceret.
730 2407 839 2463 Sed
868 2410 1020 2476 mihi,
1056 2411 1145 2482 qui
1172 2424 1353 2478 regum
1384 2422 1534 2480 gesta
1565 2419 1799 2465 tantum-

182 2500 346 2555 modo
378 2500 620 2555 scribere
651 2501 930 2570 proposui,
962 2517 1069 2555 non
1101 2510 1185 2557 est
1214 2502 1440 2556 intentio
1463 2502 1517 2555 in
1551 2508 1798 2570 prtesenti

182 2591 380 2647 horum
409 2591 592 2665 [Forte
622 2592 674 2647 in
706 2591 1139 2664 praesentiarum]
1168 2594 1418 2648 evolvere
1473 2602 1695 2663 quanta,
1745 2604 1801 2650 et

188 2698 360 2753 quam
420 2686 609 2738 crebra
663 2684 923 2738 miracula
979 2699 1077 2754 per
1127 2682 1453 2739 confessoris
1500 2685 1693 2739 merita
1748 2685 1803 2739 in

182 2774 534 2831 diversorum
564 2774 931 2843 languentium
960 2773 1297 2845 corporibus,
1328 2773 1570 2843 ejusdem
1612 2774 1800 2829 suifra-

180 2866 273 2937 gia
304 2866 695 2935 quaerentium,
725 2881 757 2919 a
784 2867 969 2921 divino
998 2868 1192 2936 Opilice
1217 2874 1344 2921 sunt
1372 2876 1647 2937 percepta.
1698 2860 1806 2936 Ipsi

179 2963 365 3031 gloria
383 2962 440 3016 in
472 2962 667 3018 szecula
696 2962 1040 3030 saeculorum,
1074 2976 1251 3016 amen.
1277 2980 1297 3015 ι

255 3052 312 3107 9.
358 3051 580 3106 Editum
627 3054 733 3106 hoc
780 3050 1087 3106 Chronicon
1141 3051 1242 3107 fuit
1292 3067 1323 3106 a
1376 3050 1624 3107 Florezio
1670 3062 1804 3106 tom.

179 3145 330 3202 XVII
360 3144 516 3214 Hisp.
551 3159 713 3211 sacr.,
746 3145 861 3215 qui,
890 3160 1038 3198 num.
1089 3139 1141 3209 5,
1196 3143 1428 3216 Surgens
1480 3153 1603 3216 post
1644 3150 1810 3204 nostri

183 3240 407 3308 supplet
438 3237 658 3302 itineris,
691 3237 835 3306 quod
885 3234 1113 3290 fortasse
1143 3250 1250 3291 non
1281 3244 1367 3291 est
1398 3237 1757 3291 necessarium
1789 3253 1804 3289 :
1838 3270 1885 3333 Ο

189 3338 379 3402 posset
429 3329 574 3383 enim
620 3328 843 3395 intelligi
873 3327 1158 3382 mercedem
1186 3338 1439 3383 nostram.
1470 3329 1661 3383 Addidi
1690 3338 1810 3383 ante

186 3431 311 3492 post
342 3420 526 3491 paulo,
576 3434 631 3472 ιι.
663 3419 715 3472 6.
754 3417 1018 3473 Ordonius
1047 3429 1236 3473 autem.
1289 3421 1474 3474 Annus
1520 3435 1810 3476 consecra-

191 3514 354 3567 tionis
382 3511 633 3566 ecclesize
658 3512 729 3565 ab
756 3511 875 3565 aliis
902 3511 1096 3565 dicitur
1124 3511 1282 3565 1065.
1316 3511 1433 3565 Non
1477 3514 1644 3567 multo
1690 3522 1813 3585 post

192 3612 384 3659 auctor
432 3603 729 3668 scribebat,
762 3603 967 3658 scilicét
992 3606 1189 3659 smculo
1218 3620 1291 3659 xu
1320 3605 1538 3660 ineunte
1565 3649 1579 3673 ,
1626 3613 1687 3661 ut
1732 3607 1812 3662 rei

194 3705 358 3764 gestae
390 3698 595 3753 veritas
624 3696 845 3751 minime
875 3697 930 3751 in
959 3697 1181 3752 dubium
1206 3700 1383 3753 vocari
1406 3700 1595 3769 possit,
1622 3715 1815 3770 quam-

194 3792 273 3843 vis
320 3792 456 3845 Acta
507 3788 707 3844 deinde
751 3789 1073 3857 quibusdam
1104 3790 1482 3846 additamentis
1510 3801 1668 3846 aucta
1694 3792 1814 3847 fue-

197 3883 322 3937 rint.
373 3884 588 3939 Auctor
635 3878 890 3937 Chronici
941 3892 1025 3937 est
1067 3880 1358 3953 Hispanus,
1411 3884 1519 3938 imo
1564 3882 1818 3940 Gallisse

199 3975 543 4030 contrarium
574 3973 720 4030 clare
750 3972 1059 4043 profitetur.
1090 3974 1690 4029 Nihilominus‘annum
1733 3977 1817 4029 in-

200 4068 541 4124 carnationis
589 4065 875 4122 dominicae
922 4066 1314 4122 commemorat
1362 4084 1375 4119 :
1428 4067 1573 4138 quod
1621 4069 1818 4123 mirum

199 4160 330 4214 mihi
359 4158 587 4221 accidit,
620 4158 722 4212 nisi
751 4156 1057 4213 Chronicon
1090 4158 1191 4212 hac
1233 4157 1285 4212 in
1324 4165 1479 4228 parte
1525 4158 1821 4227 interpola-

202 4257 314 4304 tum
359 4252 636 4306 dicamus.
683 4248 951 4304 Cmterum
997 4248 1133 4305 Acta
1160 4264 1230 4303 ex
1258 4249 1363 4305 hoc
1389 4247 1660 4304 Chronico
1701 4264 1821 4306 esse

205 4342 492 4415 desumpta
542 4342 948 4399 demonstratur
974 4359 1043 4398 ex
1101 4359 1249 4398 num.
1300 4343 1353 4411 6,
1394 4352 1450 4398 ut
1497 4346 1653 4415 paulo
1702 4354 1823 4400 ante

206 4441 434 4507 memini,
465 4454 596 4510 qua:
625 4440 787 4495 verba
838 4441 892 4494 in
941 4439 1091 4495 Actis
1134 4454 1351 4511 quoque
1396 4448 1660 4509 apparent
1688 4457 1701 4492 :
1727 4439 1825 4495 sed

209 4538 393 4586 auctor
421 4530 687 4588 Clironici
716 4546 779 4585 ea
808 4531 1071 4597 adhibuit,
1103 4532 1229 4601 quia
1257 4546 1318 4588 re
1341 4545 1469 4586 vera
1499 4530 1659 4600 paulo
1698 4538 1841 4609 ante

209 4625 533 4680 meminerat
566 4623 802 4680 basilicae
831 4623 973 4679 illius
1000 4639 1161 4693 quam
1191 4639 1288 4679 rex
1316 4623 1654 4679 fundaverat.

859 4736 1091 4793 CAPUT
1119 4737 1183 4792 X.

218 4826 397 4887 Sermo
428 4831 491 4888 S.
526 4830 751 4904 Martini
797 4831 1132 4904 Legionensis
1177 4834 1233 4885 in
1266 4834 1483 4887 transitu
1514 4832 1575 4889 S.
1606 4831 1823 4888 Isidori.

656 4903 814 4959 Nota:
840 4903 892 4958 in
922 4907 1055 4958 hunc
1096 4920 1402 4958 sermonem.

288 4995 339 5050 1.
387 5016 406 5049 ι
435 4997 677 5052 Isidorus
708 4998 787 5051 vir
815 4996 1081 5065 egregius,
1124 4996 1342 5050 natione
1368 4994 1826 5066 Carthaginensis,

222 5102 250 5142 a
279 5087 439 5147 Patre
474 5090 775 5147 Severiano
803 5092 1034 5160 genitus,
1069 5091 1399 5161 liispalensis
1426 5092 1680 5149 Ecclesiae
1706 5096 1826 5165 epi-

223 5193 455 5251 scopus,
508 5183 741 5238 Leandri
788 5184 1026 5253 episcopi
1076 5184 1283 5238 exstitit
1331 5196 1618 5252 germanus
1666 5194 1827 5255 atque

227 5287 508 5333 successor
541 5276 933 5331 sanctissimus.
966 5274 1059 5330 Vir
1086 5277 1188 5330 iste
1216 5275 1555 5331 beatissimus
1583 5292 1613 5330 a
1646 5279 1827 5347 pueri-

1891 562 1975 618 nis
2001 564 2251 619 omnibus
2284 564 2533 621 videlicet
2580 562 2805 631 Latinis,
2853 566 3074 634 Grtncis,
3122 575 3176 623 et
3223 565 3483 634 Hebrteis,

1890 658 2221 727 sapientibus
2247 701 2263 728 ,
2311 674 2375 714 ac
2416 660 2594 716 minus
2636 659 3055 728 intelligentibus
3104 662 3155 715 in
3186 662 3489 719 eruditione

1891 748 2146 805 existeret
2174 758 2347 821 aptus,
2380 757 2540 819 atque
2568 750 2971 820 incomparabili
3004 753 3313 820 eloquentia
3346 762 3488 808 stre-

1890 856 2050 897 nuus.
2109 844 2218 914 58
2266 838 2453 896 Tantas
2505 842 2815 913 sapientiae,
2869 849 2925 897 et
2977 842 3272 909 doctrinae,
3329 857 3493 913 atque

1892 934 2194 990 sanctitatis
2220 932 2321 988 fuit
2349 935 2437 990 hic
2464 934 2549 989 vir
2574 934 3012 1006 gloriosissimus,
3060 943 3119 989 ut
3147 943 3297 989 recte
3324 934 3394 989 de
3424 951 3494 990 eo

1892 1026 2138 1083 dicatur:
2166 1024 2300 1081 Ecce
2342 1027 2586 1082 sacerdos
2633 1042 2881 1099 magnus,
2922 1029 3009 1097 qui
3060 1028 3115 1080 in
3162 1025 3338 1081 diebus
3387 1029 3495 1083 suis

1891 1119 2087 1190 placuit
2118 1119 2250 1185 Deo,
2299 1128 2349 1173 et
2378 1119 2613 1174 inuentus
2639 1128 2716 1173 est
2738 1117 2911 1190 justus
2960 1116 3165 1189 (Eccli.
3208 1131 3359 1189 xuv,
3405 1117 3493 1185 16,

1895 1208 1984 1276 ι-ι,
2014 1220 2064 1264 et
2090 1224 2143 1275 L,
2174 1208 2250 1281 ι).

1966 1303 2020 1359 2.
2068 1323 2087 1355 ι
2116 1303 2384 1359 Sacerdos
2412 1318 2610 1360 nomen
2638 1305 2802 1360 habet
2823 1305 3182 1375 compositum
3211 1318 3280 1359 ex
3304 1301 3497 1360 Graeco

1896 1405 1951 1453 et
1974 1397 2192 1452 Latino:
2215 1406 2270 1453 et
2294 1398 2759 1464 dicitursacerdos,
2777 1399 2929 1468 quasi
2948 1414 3153 1452 sacrum
3179 1397 3335 1453 dans.
3349 1395 3501 1451 Sicut

1895 1504 1993 1543 rex
2039 1496 2263 1544 vocatus
2310 1496 2392 1544 est
2421 1506 2447 1543 a
2478 1490 2714 1558 regendo
2740 1528 2757 1556 ,
2804 1490 2877 1544 ita
2924 1490 3175 1545 sacerdos
3219 1498 3501 1545 vocatnra

1898 1578 2307 1643 sanetilicando,
2338 1588 2393 1635 et
2422 1595 2451 1633 a
2482 1596 2693 1635 sacrum
2724 1579 2905 1635 dando
2950 1578 3105 1652 (Isid.
3136 1581 3173 1634 Ι.
3204 1595 3273 1634 vn
3303 1580 3503 1651 Etym,

1898 1687 2016 1742 cap.
2047 1673 2155 1745 12).
2213 1673 2289 1727 Ex
2318 1674 2491 1728 causis
2519 1674 2720 1742 quippe
2750 1673 2959 1728 duabus
3000 1674 3225 1742 quisque
3272 1674 3506 1727 el'ticitur

1898 1765 2151 1821 sacerdos
2201 1780 2443 1834 magnus.
2500 1766 2676 1819 Prima
2723 1765 2993 1829 videlicet,
3047 1776 3107 1820 ut
3154 1766 3290 1820 bene
3336 1768 3500 1833 vivat,

1818 1875 1868 1936 Β
1900 1858 2159 1923 secunda,
2189 1868 2248 1912 ut
2276 1858 2413 1912 bene
2441 1856 2654 1911 doceat.
2688 1857 2943 1924 Quamvis
2971 1858 3109 1912 bene
3140 1857 3280 1909 vivat
3313 1856 3506 1911 doctor

1895 1949 2317 2016 ecclesiasticus;
2371 1958 2570 2015 tamen,
2618 1950 2663 2003 si
2713 1950 2850 2004 bene
2898 1964 3008 2003 non
3055 1948 3234 2013 docet,
3281 1963 3387 2002 non
3416 1947 3507 2003 est

1896 2056 2141 2110 magnus.
2188 2041 2257 2095 Et
2302 2042 2548 2112 quamvis
2596 2042 2735 2096 bene
2784 2042 2995 2106 doceat,
3046 2050 3247 2107 tamen,
3292 2042 3335 2096 si
3367 2043 3505 2098 bene

1897 2147 2006 2186 non
2034 2132 2184 2195 vivit,
2217 2146 2443 2200 magnus
2470 2132 2694 2186 omnino
2735 2146 2843 2186 non
2891 2132 3012 2186 erit.
3055 2130 3372 2186 Necessaria
3423 2137 3508 2186 est

1898 2224 2061 2294 igitur
2104 2226 2348 2281 doctrina
2394 2239 2518 2280 cum
2566 2223 2711 2278 bona
2756 2224 3054 2278 vitaznam
3106 2222 3352 2278 doctrina
3393 2225 3513 2279 sine

1902 2318 2045 2373 bona
2093 2318 2201 2371 vita
2248 2322 2526 2371 doctorem
2575 2323 2918 2382 arrogantem
2961 2312 3173 2380 reddit;
3227 2323 3283 2369 et
3324 2330 3515 2371 rursus

1900 2412 2011 2466 vita
2050 2410 2167 2465 sine
2209 2410 2451 2463 doctrina
2496 2407 2772 2462 doctorem
2802 2405 3045 2460 inutilem
3069 2405 3195 2459 fac.t
3225 2404 3382 2472 (Isid.
3416 2406 3511 2461 tib.

1902 2522 1961 2561 ιιι
1991 2506 2161 2572 Sent.,
2193 2521 2237 2557 c.
2274 2504 2385 2573 56).
2420 2491 2571 2556 Unde
2615 2501 2873 2555 Dominus
2920 2500 2974 2553 in
3022 2496 3311 2567 Evangelio
3339 2499 3511 2553 dicit:

1907 2594 2007 2661 Qui
2053 2596 2259 2651 solverit
2303 2610 2461 2647 unum
2491 2593 2554 2646 de
2582 2592 2846 2646 mandatis
2895 2593 3044 2659 istis,
3084 2601 3132 2644 et
3181 2590 3409 2645 docuerit
3439 2591 3514 2645 sic

1909 2692 2137 2744 homines
2167 2731 2181 2755 ,
2231 2690 2473 2743 minimus
2523 2688 2787 2741 rocabitur
2836 2688 2890 2740 in
2940 2704 3097 2759 regno
3126 2686 3519 2760 caelorum:qu{

1910 2789 2078 2830 autem
2105 2780 2317 2845 fecerit,
2343 2788 2391 2831 et
2418 2777 2647 2832 docuerit
2670 2818 2685 2842 ,
2714 2793 2933 2848 magnus
2986 2776 3333 2832 vocabitur'in
3363 2794 3522 2848 regno

1912 2871 2153 2923 caelorum
2201 2869 2418 2941 (Matth.
2469 2886 2519 2935 v,
2570 2868 2679 2940 l9).
2725 2868 2783 2923 in
2811 2870 2917 2924 hoc
2947 2869 3068 2924 loco
3096 2883 3321 2938 regnum
3348 2870 3523 2925 coelo-

1912 2979 2032 3017 rum
2063 2962 2411 3030 congregatio
2438 2968 2522 3015 est
2553 2961 2866 3015 electorum.
2899 2958 3055 3031 Saepe
3091 2960 3371 3031 Scriptura
3420 2960 3527 3016 Ec-

1914 3055 2130 3111 clesiam
2154 3055 2389 3110 fidelium
2418 3069 2643 3124 regnum
2667 3056 2925 3111 cmlorum
2953 3056 3155 3124 vocat;
3176 3055 3299 3126 quia
3328 3070 3427 3125 pro
3457 3070 3525 3111 eo

1914 3147 2059 3216 quod
2082 3146 2151 3200 ad
2180 3148 2419 3201 coelestia
2471 3148 2709 3212 anhelat,
2739 3147 2851 3215 jam
2883 3148 2935 3201 in
2966 3162 3029 3202 ea
3060 3146 3317 3201 Dominus
3366 3148 3526 3216 quasi

1915 3238 1969 3293 in
2001 3238 2142 3292 etelo
2171 3245 2381 3306 regnat.
2416 3236 2519 3303 Qui
2548 3251 2677 3305 ergo
2704 3236 2927 3292 solverit
2968 3252 3133 3291 unum
3162 3236 3229 3291 de
3258 3236 3528 3292 mandatis

1918 3329 2127 3383 Domini
2178 3330 2346 3383 nostri
2392 3327 2518 3383 Jesu
2566 3327 2787 3395 Christi,
2842 3329 2892 3383 il
2941 3337 3042 3394 est,
3083 3330 3173 3397 qui
3202 3328 3330 3383 illud
3361 3343 3529 3400 opere

1916 3435 2023 3475 non
2056 3419 2376 3489 impleverit,
2408 3427 2457 3472 et
2486 3418 2715 3472 docuerit
2744 3418 2818 3471 sic
2848 3418 3103 3484 homines,
3155 3427 3213 3472 ut
3250 3418 3379 3472 illud
3428 3420 3530 3473 im-

1918 3513 2118 3583 pleant,
2148 3513 2391 3565 minimus
2418 3509 2685 3565 vocabitur
2711 3511 2765 3563 in
2795 3527 2953 3581 regno
2985 3510 3225 3565 ctelorum
3256 3552 3271 3577 ,
3320 3511 3533 3565 scilicet

1918 3608 1973 3663 in
2023 3606 2444 3675 congregatione
2499 3604 2757 3659 ﬁdelium.
2806 3604 2885 3658 Ac
2942 3605 2988 3658 si
3038 3615 3225 3674 aperte
3275 3604 3528 3660 diceret:

1919 3698 2020 3765 Qui
2048 3699 2305 3753 mandata
2336 3712 2455 3752 mea
2487 3698 2713 3767 implere
2744 3698 3062 3767 neglexerit,
3112 3708 3167 3753 et
3194 3699 3441 3755 homines
3469 3707 3531 3755 ut

1920 3792 2176 3862 impleant
2205 3793 2294 3846 illa
2323 3792 2590 3855 docuerit,
2623 3792 2868 3845 minimus
2896 3793 3176 3858 vocabitur,
3227 3794 3430 3848 scilicet
3475 3795 3531 3850 in

1920 3893 2105 3940 sancta
2144 3884 2390 3939 Ecclesia
2421 3884 2770 3953 imperfectus
2815 3884 2937 3940 erit.
2968 3884 3045 3939 De
3072 3887 3179 3940 hoc
3225 3888 3387 3940 etiam
3418 3886 3529 3941 Do-

1922 3976 2098 4031 minus
2122 3976 2248 4030 alibi
2278 3975 2410 4030 dicit
2437 3993 2451 4029 :
2480 3975 2687 4041 Dicunt,
2737 3984 2788 4028 et
2833 3992 2936 4029 non
2983 3978 3199 4047 faciunt.
3232 3976 3528 4045 Sequitur:

1926 4065 2025 4132 Qui
2055 4077 2225 4121 autem
2256 4067 2454 4139 fecerit,
2484 4065 2537 4121 id
2564 4078 2667 4133 est,
2718 4066 2810 4135 qui
2856 4080 3023 4136 opere
3049 4067 3352 4135 impleverit
3382 4083 3535 4121 inan-

1924 4161 2048 4214 data
2093 4175 2235 4225 mea,
2284 4167 2332 4213 et
2367 4160 2597 4214 docuerit
2642 4160 2877 4215 homines
2908 4166 2971 4214 ut
2998 4158 3257 4229 impleant
3284 4157 3395 4225 illa,
3426 4175 3536 4213 ma-

1926 4268 2057 4321 gnus
2085 4252 2182 4305 erit
2214 4250 2430 4322 (Matth.
2462 4267 2617 4319 nm,
2648 4252 2727 4323 5),
2754 4252 2963 4308 scilicet
3005 4252 3232 4307 idoneus
3262 4253 3317 4308 in
3345 4262 3533 4309 sancta

1928 4340 2184 4397 Ecclesia.
2238 4340 2502 4412 Operibns
2544 4356 2676 4412 ergo
2731 4342 3099 4399 confirmanda
3126 4352 3211 4399 est
3236 4343 3537 4400 sacerdotis

1927 4433 2257 4505 praedicatio,
2289 4434 2364 4489 ita
2396 4442 2471 4502 ut,
2500 4434 2646 4505 quod
2672 4434 2834 4491 docet
2861 4436 3048 4503 verbo,
3080 4435 3313 4490 instruat
3348 4449 3538 4490 exesu-

1928 4529 2039 4599 plo.

2000 4622 2053 4676 3.
2103 4621 2291 4678 «Bene
2339 4622 2503 4677 etiam
2547 4620 2675 4677 illud
2723 4621 2975 4677 convenit
3012 4621 3080 4676 ad
3109 4619 3536 4680 confirmandum

1854 4675 1906 4736 Β
1930 4714 2037 4770 hoc
2084 4716 2474 4783 testimonium,
2522 4714 2668 4784 quod
2718 4714 2913 4783 legitur
2940 4714 2995 4769 in
3022 4712 3261 4771 Canticis
3290 4716 3536 4773 cantico-

1930 4823 2048 4861 rum
2075 4826 2089 4860 :
2113 4806 2197 4862 En
2225 4808 2464 4862 lectulum
2494 4806 2793 4863 Salomonis
2822 4810 3093 4881 sexaginta
3123 4810 3281 4882 fortes
3304 4809 3543 4865 ambiunt

1930 4917 1995 4954 ea:
2024 4902 2319 4973 fortissimis
2361 4899 2565 4966 Israel;
2610 4918 2785 4957 omnes
2816 4910 3039 4957 tenentes
3088 4900 3314 4975 gladios,
3364 4913 3416 4959 et
3462 4904 3533 4959 ad

1932 4994 2064 5047 bella
2086 4993 2365 5047 doctissimi
2384 5008 2402 5047 :
2420 4994 2819 5066 uniuscujusque
2842 4996 2977 5049 ensis
3005 5010 3158 5065 super
3177 4997 3343 5067 femur
3362 5012 3540 5081 suum,

1931 5097 2138 5159 propter
2167 5088 2374 5141 timores
2405 5096 2687 5142 nocturnos
2720 5086 2893 5156 (Cant.
2927 5101 3002 5152 ιιι,
3039 5087 3091 5155 7,
3121 5086 3200 5155 8).
3253 5086 3540 5155 Salomon,

1930 5182 2129 5251 quippe
2177 5178 2428 5248 pacilicus
2478 5178 2884 5249 interpretatur.
2935 5177 3066 5246 Quis
3101 5191 3231 5246 ergo
3261 5193 3356 5249 per
3384 5178 3542 5233 Salo-

1930 5286 2167 5333 moneni,
2204 5268 2304 5323 nisi
2349 5267 2598 5323 Christus
2634 5269 2838 5336 intellig
2863 5277 2949 5321 tur
2995 5264 3254 5339 (Gregor.
3304 5269 3358 5321 in
3404 5267 3541 5319 hunc

230 5367 300 5421 tia
346 5370 541 5424 studiis
588 5369 887 5424 litterarum
937 5368 1201 5435 traditus,
1250 5366 1471 5433 Latinis,
1529 5366 1730 5423 Graecis
1774 5378 1832 5425 et
1932 5362 2080 5431 ιοει),
2111 5361 2177 5415 de
2204 5376 2312 5430 quo
2340 5361 2598 5431 scriptum
2628 5369 2747 5415 est:
2779 5358 2902 5431 Ipse
2939 5368 3014 5413 est
3052 5375 3158 5429 pax
3204 5370 3401 5421 nostra,
3452 5356 3542 5428 qui

233 5456 515 5517 Hebraicis
544 5460 737 5515 litteris
765 5461 1078 5525 instructus,
1130 5460 1276 5513 omni
1322 5459 1609 5514 locutionis
1635 5474 1833 5529 genere

234 5549 514 5616 formatus.
568 5552 744 5607 suavis
794 5552 1030 5622 eloquio,
1080 5551 1292 5621 ingenio
1340 5552 1831 5621 praestantissimus,

1935 5455 2055 5526 fecit
2080 5461 2296 5525 utraque
2318 5468 2477 5505 unum
2510 5450 2664 5523 (Eph.
2702 5468 2755 5515 ιι,
2791 5450 2898 5522 14).
2933 5450 3041 5521 59
3087 5449 3336 5505 Lectulus
3384 5445 3542 5501 Salo-

1936 5550 2131 5619 monis,
2160 5548 2363 5605 scilicet
2390 5546 2613 5612 Christi,
2644 5555 2831 5602 snncta
2859 5544 3094 5601 Ecclesia
3123 5554 3223 5608 εει,
3254 5541 3378 5612 quia
3408 5540 3537 5595 dum

237 5638 340 5695 vita
385 5656 609 5714 quoque
654 5650 816 5709 atque
861 5642 1105 5698 doctrina
1149 5638 1251 5697 fuit
1293 5641 1622 5698 clarissimus
1651 5655 1697 5697 η.
1746 5643 1837 5700 Sic
1934 5643 2001 5698 ab
2032 5643 2311 5698 mundanis
2337 5641 2781 5697 sollicitudinibus
2802 5639 3024 5701 recedit,
3047 5635 3360 5692 dumcorab
3389 5633 3540 5690 omni

240 5743 470 5801 namque
515 5732 591 5788 de
634 5732 835 5789 virtute
882 5733 938 5789 in
985 5733 1240 5789 virtutem
1289 5733 1575 5804 proficiens
1625 5732 1836 5790 refulsit
1933 5742 2150 5790 terrena
2185 5733 2510 5804 contagione
2560 5747 2659 5803 per
2701 5729 3074 5804 penitentiam
3120 5724 3385 5784 mundare
3426 5739 3539 5785 non

315 5894 339 5921 λ
376 5884 470 5943 Sic
497 5901 602 5943 ms.
630 5887 809 5955 Tolet,
859 5890 927 5946 ab
953 5888 1293 5948 ﬂenschenio
1337 5890 1565 5960 editum,
1607 5906 1758 5949 num.
1792 5890 1829 5947 ὃ
1862 5900 1920 5951 et
1952 5890 2041 5948 42.
