4048 6364
535 372 604 429 5'5
1280 359 1373 418 AD
1409 355 1640 417 OPERA
1678 355 1738 413 S.
1780 347 2027 411 ISIDORI
2064 346 2504 407 HISPALENSIS
2543 344 3076 403 PROLEGOIENA.

3760 352 3873 410 56

509 476 728 555 desinit,
758 483 992 555 dumque
1019 486 1137 536 toto
1164 465 1361 533 mentis
1407 473 1674 531 desiderio
1722 470 1789 526 ad
1838 468 2115 527 cmlestem
2141 469 2197 532 Α
2219 465 2307 532 tit,
2339 466 2413 520 ita
2442 464 2634 519 beatus
2682 461 2915 520 Isidorus
2961 461 3166 520 Jacobo
3216 458 3466 533 apostolo
3517 468 3809 526 successit
3842 489 3865 525 ε

511 583 743 655 patriam
771 581 962 647 tendit,
992 575 1145 647 quasi
1174 574 1428 630 lectulum
1474 571 1621 637 facit,
1653 570 1704 625 in
1733 584 1840 638 quo
1867 566 2113 622 Christus

511 673 904 731 delectabiliter
941 669 1249 741 requiescit.
1298 665 1453 723 Unde
1482 666 1597 736 ipse
1624 660 1978 718 amicabiliter
2003 660 2117 715 suis

511 767 791 839 discipulis
837 766 966 821 dicit
1014 782 1027 817 :
1075 761 1210 817 Ecce
1257 778 1351 833 ego
1403 758 1659 815 vobiscum
1713 774 1825 811 sum
1876 753 2115 810 omnibul

506 863 685 920 diebus
708 878 866 934 usque
891 860 959 914 ad
979 858 1471 914 consummationem
1491 853 1667 909 saeculi
1686 850 1902 922 (Matth.
1927 865 2114 923 xxvul,

512 955 624 1026 20).
662 954 725 1008 Et
753 956 945 1009 iterum
977 968 1073 1022 per
1100 951 1414 1024 prophetam
1461 946 1629 1002 dicit:
1654 941 2019 1008 Inambulabo,
2067 945 2117 996 et

508 1064 596 1101 ero
624 1047 680 1101 in
708 1047 837 1111 illis,
869 1055 917 1099 et
946 1046 1047 1114 ipsi
1073 1052 1220 1097 erunt
1247 1040 1372 1096 mihi
1400 1041 1643 1110 populus,
1690 1045 1741 1091 et
1768 1053 1863 1107 ego
1894 1052 1983 1090 ero
2010 1034 2116 1089 illis

513 1139 655 1194 Deus
687 1139 868 1209 (Leuit.
902 1146 1047 1202 xxvi,
1080 1136 1188 1205 12).
1232 1134 1523 1204 Sexaginta
1550 1133 1720 1187 fortes
1746 1130 1836 1202 qui
1865 1128 2117 1186 lectulum

511 1232 815 1287 Salomonis
844 1230 1083 1285 ambiunt
1128 1227 1379 1298 praelatos
1408 1224 1662 1280 Ecclesia:
1688 1222 1996 1285 ostendunt,
2027 1225 2119 1292 qui

512 1340 630 1380 eam
661 1324 839 1380 verbis
866 1332 1027 1392 atque
1053 1320 1314 1391 exemplis
1341 1319 1611 1385 muniunt,
1661 1325 1717 1373 et
1744 1318 1810 1372 ab
1840 1332 1904 1372 ea
1932 1316 2117 1372 hostes

510 1416 745 1472 visibiles
775 1426 830 1471 et
859 1414 1152 1469 invisibiles
1186 1423 1295 1467 tam
1341 1410 1677 1467 orationibus
1717 1424 1877 1478 quam
1924 1408 2119 1478 praedi-

510 1509 807 1564 cationibus
838 1507 1106 1578 repellunt
1132 1523 1143 1558 :
1174 1505 1388 1569 Omnes,
1420 1502 1612 1574 inquit,
1639 1511 1866 1555 tenentes
1889 1500 2115 1571 gladios,

509 1610 560 1656 et
605 1601 673 1654 ad
717 1598 853 1655 bella
902 1598 1189 1654 doctissimi
1236 1598 1484 1651 existunt.
1536 1594 1671 1662 Quid
1717 1608 1814 1663 per
1860 1592 2114 1661 gladium,

508 1693 609 1749 nisi
637 1693 860 1748 verbum
891 1692 983 1747 Dei
1014 1691 1295 1761 ﬁguratur,
1323 1698 1378 1744 et
1405 1689 1532 1757 quid
1565 1704 1659 1758 per
1687 1702 1894 1752 manus,
1926 1686 2121 1755 quibus

507 1784 710 1853 gladios
739 1790 944 1847 tenent,
976 1782 1077 1836 nisi
1109 1781 1353 1851 operatio
1383 1780 1730 1849 designatur?
1759 1778 1895 1846 Quia
1924 1778 2117 1834 videli-

2219 559 2345 630 quia
2397 575 2582 618 semen
2608 569 2824 615 aeterna:
2852 559 2999 627 vitie,
3028 558 3168 629 quod
3198 558 3544 616 beatissimus
3594 559 3869 621 Iacobus

2218 650 2520 717 seminavit,
2569 649 2656 707 hic
2698 650 2891 706 doctor
2918 652 3163 719 egregius
3209 650 3377 706 verbo
3425 651 3867 722 praedicationis

2218 748 2371 818 quasi
2401 763 2541 803 unus
2569 763 2637 803 ex
2664 755 2897 817 quatuor
2924 744 3161 817 paradisi
3207 744 3516 804 ﬂuminibus
3553 748 3870 807 sufﬁcien—

2218 847 2301 896 ter
2328 840 2589 911 irrigavit,
2622 848 2785 910 atque
2810 837 3117 896 universam
3146 838 3460 910 Hispaniam
3492 848 3601 895 tam
3637 858 3857 898 exem-

2219 934 2310 1005 plo
2336 933 2461 988 boni
2491 932 2670 1003 operis
2694 947 2856 1002 quam
2883 932 3025 986 fama
3049 933 3356 989 sanctitatis
3384 932 3536 991 velut
3582 934 3857 1005 splendi-

2219 1026 2439 1083 dissima
2466 1024 2491 1064 δ
2516 1024 2763 1096 lampada
2790 1025 3125 1080 illuminavit.

2291 1118 2345 1173 5.
2396 1137 2414 1170 ι
2442 1117 2689 1174 Ezechiel
2730 1119 2991 1188 propheta
3021 1117 3075 1171 in
3105 1117 3311 1175 visione
3336 1127 3572 1189 quatuor
3617 1122 3857 1176 anima-

2220 1211 2350 1266 lium
2379 1211 2457 1266 sic
2496 1211 2569 1265 ait
2612 1212 2752 1267 inter
2796 1220 3022 1267 caetera:
3047 1210 3117 1267 Et
3156 1214 3461 1277 similitudo,
3489 1214 3685 1285 inquit,
3716 1216 3857 1268 ani-

2221 1302 2455 1370 malium,
2486 1313 2535 1357 et
2560 1313 2793 1375 aspectus
2821 1320 2998 1358 eorum
3043 1306 3190 1376 quasi
3239 1304 3521 1360 carbonum
3571 1307 3708 1377 ignis
3746 1324 3857 1360 ar-

2222 1394 2474 1463 dentium,
2496 1404 2544 1449 et
2574 1398 2721 1468 quasi
2749 1404 2984 1467 aspectus
3011 1396 3375 1467 lampadarum
3403 1396 3616 1467 (Ezech.
3650 1413 3683 1463 I,
3718 1397 3849 1468 l3).

2223 1486 2327 1543 Per
2354 1500 2585 1558 quatuor
2634 1490 2749 1544 haec
2798 1489 3048 1544 animalia
3090 1488 3379 1545 multitudo
3406 1498 3722 1546 sanctorum
3751 1506 3854 1558 est

2224 1581 2448 1653 ﬁgurata
2493 1600 2507 1635 :
2556 1591 2807 1653 aspectus
2852 1598 2983 1638 vero
3038 1598 3225 1639 eorum
3281 1583 3605 1639 carbonibus
3658 1585 3850 1656 ignis,

2222 1680 2385 1743 atque
2414 1672 2722 1729 ardentibus
2748 1681 3095 1743 comparatur
3139 1673 3497 1744 lampadibus,
3527 1674 3656 1745 quia
3684 1677 3851 1744 quis—

2222 1765 2344 1837 quis
2374 1767 2575 1821 sanctis
2604 1767 2735 1822 viris
2762 1767 3127 1836 conjungitur,
3176 1782 3247 1822 ex
3294 1783 3483 1824 eorum
3526 1768 3849 1827 imitatione

506 1886 593 1931 cet
643 1876 771 1931 dum
824 1875 1046 1931 verbum
1094 1874 1189 1929 Dei
1228 1889 1391 1944 opere
1438 1873 1730 1942 complent,
1763 1871 1906 1942 quod
1949 1871 2115 1928 corde

2222 1868 2384 1931 atque
2411 1860 2655 1916 doctrina
2704 1860 2758 1915 in
2805 1875 2988 1917 amore
3013 1861 3286 1916 Creatoris
3336 1862 3652 1920 accenditur
3701 1864 3843 1935 (Ea:

508 1966 708 2032 sciunt,
742 1966 911 2035 magis
940 1982 1004 2021 ac
1031 1966 1199 2035 magis
1227 1980 1443 2037 semper
1470 1966 1615 2021 docti
1644 1964 1889 2019 inimicos
1924 1962 2111 2019 Eccle-

507 2060 603 2114 sia:
632 2059 895 2128 sapientia
925 2066 981 2114 et
1007 2058 1319 2115 fortitudine
1346 2059 1585 2115 vincunt.
1617 2056 1697 2113 Ad
1726 2058 1867 2113 bella
1897 2058 2114 2128 spirita-

507 2157 579 2212 lia
610 2158 904 2215 doctissimi
934 2164 1076 2222 sunt,
1111 2158 1231 2229 quia
1265 2158 1414 2229 prius
1456 2158 1512 2212 in
1559 2172 1619 2212 se
1641 2197 1657 2223 ,
1710 2154 1902 2211 deinde
1930 2155 1985 2209 in
2014 2150 2116 2208 sibi

508 2250 766 2319 subjectis
811 2252 941 2306 vitia
987 2266 1233 2307 resecare
1275 2251 1471 2306 sciunt.
1522 2248 1604 2302 Ad
1652 2248 1791 2303 bella
1820 2241 2117 2303 doctissimi

508 2343 765 2411 existunt,
799 2344 922 2412 quia
950 2342 1045 2397 Dei
1073 2349 1362 2413 prmeepta,
1415 2355 1535 2412 quae
1581 2340 1748 2394 verbo
1800 2337 2113 2409 praedicant,

509 2449 677 2504 opere
732 2434 1034 2505 perﬁciunt.
1091 2432 1229 2489 Sunt
1284 2432 1349 2488 ad
1403 2432 1543 2487 bella
1599 2433 1891 2502 prudentes
1954 2437 2119 2497 atque

507 2524 824 2592 doctissimi,
856 2527 983 2595 quia
1008 2525 1187 2595 gladio
1211 2524 1552 2580 discretionis
1596 2524 1651 2577 in
1695 2537 1754 2579 se
1800 2530 1856 2576 et
1902 2521 1955 2576 in
2001 2521 2120 2576 aliis

509 2617 768 2686 subjectis
797 2618 897 2673 sibi
920 2615 1194 2687 superﬂua
1221 2621 1485 2679 resecant,
1510 2627 1572 2668 ac
1595 2611 1935 2669 delectabilia
1959 2610 2120 2681 hujus

508 2709 716 2763 mundi.
776 2709 853 2764 De
907 2708 1099 2778 quibus
1152 2708 1290 2762 bene
1345 2704 1591 2761 subditur
1637 2722 1649 2757 :
1706 2702 2120 2773 Uniuscujusque

506 2802 646 2854 ensis
692 2815 847 2871 super
894 2802 1061 2871 femur
1102 2814 1273 2864 suum,
1304 2808 1515 2869 propter
1562 2796 1768 2850 timores
1815 2802 2115 2848 nocturnos.

507 2893 645 2961 Quid
676 2909 773 2965 per
796 2908 1005 2962 ensem,
1033 2893 1135 2948 nisi
1160 2893 1395 2963 rigorem
1424 2890 1876 2957 conversationis,
1906 2895 1961 2944 et
1987 2889 2118 2959 quid

503 2999 604 3055 per
630 2983 828 3053 femur,
853 2984 955 3040 nisi
987 2985 1165 3040 carnis
1194 2984 1491 3055 appetitum
1522 2982 1856 3052 accipimus?
1904 2980 2118 3038 Praelati

507 3090 639 3146 ergo
669 3076 924 3133 Ecclesia:
951 3119 965 3144 ,
1016 3078 1106 3148 qui
1152 3078 1265 3147 jam
1312 3077 1379 3131 ad
1418 3076 1675 3133 virtutum
1725 3072 2117 3146 perfectionem

506 3178 895 3241 pervenerunt,
943 3184 1157 3241 semper
1206 3186 1390 3226 ensem
1433 3185 1596 3241 super
1642 3170 1818 3225 femur
1845 3184 1999 3223 suum
2030 3169 2113 3224 le-

2222 1951 2439 2023 Gregor.
2474 1952 2510 2007 l.
2540 1969 2558 2007 ι
2588 1952 2747 2007 Hom.
2779 1955 2832 2007 in
2864 1952 3079 2019 EzecIt.,
3110 1952 3268 2008 Hom.
3303 1952 3355 2019 5,
3389 1972 3443 2008 η.
3475 1952 3550 2024 6).
3603 1954 3708 2011 Sed
3754 1965 3845 2011 ta-

2221 2060 2344 2099 men
2394 2045 2499 2100 boc
2544 2044 2685 2099 inter
2730 2044 2993 2100 carbones
3034 2053 3091 2100 et
3129 2043 3403 2115 lampades
3450 2044 3634 2113 distat,
3683 2046 3843 2116 quod

2220 2137 2485 2192 carbones
2534 2136 2754 2205 quidem
2806 2134 3019 2202 ardent,
3072 2136 3167 2192 scd
3218 2137 3285 2193 ab
3324 2151 3391 2193 eo
3418 2138 3540 2194 loco
3586 2140 3843 2196 tenebras

2221 2248 2331 2287 non
2354 2231 2631 2303 expellunt
2679 2232 2732 2287 in
2776 2247 2886 2302 quo
2911 2232 3114 2302 jacent.
3145 2234 3441 2305 Lampades
3470 2242 3674 2299 autem,
3706 2236 3837 2305 quia

2222 2341 2418 2396 magno
2463 2326 2801 2382 ﬂammarum
2848 2326 3050 2382 lumine
3076 2328 3456 2397 resplendent,
3506 2326 3728 2384 diﬂ'usas
3775 2329 3837 2384 in

2222 2421 2449 2477 circuitu
2497 2420 2746 2476 tenebras
2785 2420 3106 2475 illuminant.
3156 2418 3235 2473 Ex
3282 2434 3386 2488 qua
3428 2433 3491 2474 re
3538 2419 3839 2474 notandum

2224 2522 2327 2582 est,
2378 2513 2503 2582 quia
2548 2520 2674 2567 sunt
2716 2512 2959 2583 plerique
3006 2520 3315 2567 sanctorum
3357 2509 3431 2565 ita
3480 2511 3751 2581 simplices
3776 2528 3840 2578 eg

2224 2605 2441 2671 occulti,
2473 2614 2637 2675 atque
2662 2605 2717 2659 in
2746 2604 3044 2660 minoribus
3085 2603 3218 2658 locis
3256 2603 3355 2658 sub
3390 2616 3587 2673 magno
3617 2602 3839 2659 silentio

2223 2697 2550 2765 absconditi,
2579 2704 2638 2752 ut
2664 2696 2774 2751 vita
2803 2711 2990 2751 eorum
3026 2694 3115 2749 vix
3144 2695 3212 2749 ab
3241 2694 3359 2748 aliis
3387 2694 3559 2764 possit
3588 2695 3836 2763 agnosci.

2225 2790 2361 2859 Quid
2410 2791 2591 2861 itaque
2639 2797 2764 2845 sunt
2810 2789 2917 2852 isti,
2959 2788 3061 2846 nisi
3108 2788 3389 2853 carbones,
3445 2788 3539 2859 qui
3589 2789 3690 2844 etsi
3737 2804 3841 2859 per

2221 2882 2490 2939 fervorem
2537 2883 2756 2953 spiritus
2802 2881 3050 2937 ardorem
3096 2879 3315 2945 habent,
3364 2887 3544 2935 tamen
3597 2875 3837 2950 exempli

2222 2975 2422 3030 famam
2449 2991 2557 3031 non
2586 2975 2807 3041 habent,
2840 2988 2941 3030 nec
2971 2973 3026 3028 in
3058 2972 3248 3027 alienis
3273 2971 3527 3028 cordibus
3559 2972 3813 3027 tenebras

2220 3076 2570 3139 peccatorum
2598 3065 2923 3134 illuminant,
2950 3064 3077 3135 quia
3099 3065 3264 3120 vitam
3292 3079 3446 3119 suam
3468 3063 3588 3119 aliis
3607 3064 3832 3119 omnino

2222 3158 2433 3214 celant?
2461 3156 2820 3227 Sibimetipsis
2849 3156 3065 3226 quidem
3096 3156 3311 3212 accensi
3353 3164 3478 3210 sunt
3503 3198 3515 3218 ,
3568 3156 3665 3210 sed
3715 3156 3835 3210 aliis

508 3270 673 3329 runt,
724 3262 853 3333 quia
902 3261 1081 3330 rigore
1128 3260 1557 3317 conversationis
1604 3260 1900 3331 appetitum
1944 3259 2120 3316 carnis
2147 3260 2194 3325 ο
2224 3249 2473 3321 exemplo
2504 3249 2716 3304 luminis
2744 3264 2853 3303 non
2879 3256 3023 3303 sunt.
3058 3247 3151 3304 isti
3177 3247 3424 3318 quamvis
3452 3247 3680 3303 ardeant
3708 3248 3834 3316 igne

508 3352 723 3408 assidue
770 3352 1043 3424 frangunt,
1094 3367 1161 3409 ne
1210 3353 1402 3420 hostis,
1453 3366 1615 3421 quem
1664 3352 1719 3407 in
1767 3360 1928 3407 nocte
1953 3349 2117 3420 hujus

511 3446 692 3501 mundi
744 3447 1155 3518 pertimescunt,
1210 3452 1436 3517 repente
1485 3446 1729 3513 veniens,
1776 3460 1870 3500 eos
1910 3443 2117 3500 debiles

509 3552 574 3593 ac
601 3537 892 3594 dissolutos
921 3539 974 3592 in
1004 3536 1101 3593 Dei
1136 3552 1301 3607 opere
1328 3536 1584 3601 inveniat,
1618 3544 1673 3591 et
1702 3551 1799 3606 per
1824 3534 2117 3603 voluptatis

509 3630 792 3689 mollitiem
821 3639 875 3687 et
902 3630 1080 3687 carnis
1106 3626 1521 3687 delectationem
1551 3628 1757 3684 facilius
1802 3643 1862 3683 se
1908 3627 2118 3697 sibique

507 3724 781 3794 subjectos
824 3723 1076 3795 decipiat,
1124 3731 1290 3793 atque
1330 3723 1397 3778 ad
1443 3722 1689 3793 graviora
1738 3729 1960 3794 peccata
1989 3737 2116 3793 per-

511 3812 696 3874 ducat.

578 3911 634 3967 4.
682 3930 701 3964 ‹
725 3921 752 3950 ει
784 3911 881 3967 Ille
907 3924 1038 3982 ergo
1066 3911 1123 3967 in
1151 3924 1319 3981 regno
1348 3909 1631 3979 caelorum,
1659 3908 1767 3964 hoc
1797 3915 1879 3964 est
1921 3908 1976 3964 in
2015 3906 2120 3965 Ec-

507 4006 696 4077 clesia,
724 4013 953 4063 vocatur
998 4020 1242 4075 magnus,
1268 4006 1359 4075 qui
1390 4021 1455 4061 ea
1485 4019 1605 4075 quae
1633 4003 1889 4075 praedicat
1915 4004 2116 4069 verbis,

504 4101 665 4156 bonis
711 4099 899 4171 implet
944 4098 1218 4169 operibus.
1270 4098 1492 4153 Dicatur
1539 4109 1668 4165 ergo
1720 4096 1789 4150 de
1832 4097 1991 4150 beato
2018 4094 2120 4148 lsi--

508 4192 646 4248 doro
671 4210 684 4243 :
710 4191 846 4245 Ecce
891 4191 1133 4245 sacerdos
1180 4207 1419 4259 magnus,
1463 4190 1549 4260 qui
1576 4190 1630 4241 in
1660 4187 1835 4241 diebus
1865 4188 1972 4241 suis
2000 4186 2118 4255 pla-

509 4286 614 4338 cuit
645 4282 778 4350 Deo,
808 4290 859 4336 et
883 4284 1122 4336 inventus
1149 4290 1224 4335 est
1248 4283 1441 4351 justus.
1475 4280 1685 4334 Revera
1715 4294 1960 4348 magnus,
1993 4278 2120 4349 quia

510 4382 677 4443 opera
730 4372 825 4427 Dei
879 4387 999 4442 quae
1052 4372 1232 4427 verbis
1286 4372 1614 4441 praedicavit,
1648 4370 1805 4427 factis
1856 4370 2118 4442 implevit.

511 4460 681 4520 Recte
726 4463 914 4533 utique
942 4463 1135 4519 dicitur
1184 4461 1437 4518 sacerdos
1483 4477 1727 4532 magnus,
1779 4478 1939 4533 quem
1980 4462 2122 4519 Deus

510 4556 787 4613 suscitavit
814 4556 1085 4629 Hispaniae
1114 4555 1418 4612 novissimis
1461 4557 1572 4628 60
1620 4557 1955 4628 temporibus
1998 4565 2122 4627 post

2220 3341 2411 3397 divina:
2459 3339 2776 3406 cbaritatis,
2826 3349 3005 3395 tamen
3054 3338 3188 3395 alios
3218 3354 3325 3393 non
3356 3338 3662 3393 accendunt
3690 3338 3834 3395 fama

2218 3432 2539 3498 sanctitatis,
2592 3448 2693 3487 nec
2745 3432 2852 3503 ει
2886 3430 3050 3486 verbo
3076 3430 3495 3501 praedicationis.
3527 3428 3834 3500 Lampados

2218 3539 2350 3580 vero
2379 3524 2587 3594 longius
2624 3524 2825 3589 lucent,
2856 3532 2912 3579 et
2939 3538 3060 3578 cum
3094 3523 3147 3577 in
3175 3523 3282 3578 alio
3311 3522 3432 3578 loco
3460 3522 3589 3591 sint,
3635 3522 3691 3577 in
3718 3522 3831 3579 alio

2219 3616 2604 3689 resplendent,
2652 3615 2776 3685 quia
2806 3614 3111 3686 quicunque
3152 3613 3402 3685 exemplo
3449 3613 3579 3669 boni
3629 3613 3838 3685 operis,

2220 3719 2277 3767 et
2324 3711 2489 3767 verbo
2536 3708 2929 3781 pr.edicationis
2957 3707 3223 3776 refulget,
3272 3707 3390 3777 ejus
3438 3706 3623 3779 opinio
3671 3707 3845 3779 longe

2225 3804 2463 3874 lateque,
2498 3810 2559 3858 ut
2584 3802 2809 3873 lampas,
2841 3802 3003 3856 lucet.
3035 3799 3169 3855 Cum
3200 3808 3380 3855 autem
3413 3798 3649 3871 proximi
3688 3799 3843 3858 bona

2222 3901 2339 3972 ejus
2367 3900 2611 3969 audiunt,
2657 3914 2754 3969 per
2782 3898 2897 3954 haec
2926 3898 2992 3953 ad
3022 3912 3262 3953 amorem
3311 3897 3613 3953 omlestium
3661 3898 3845 3955 bono-

2223 4009 2342 4048 rum
2357 4001 2707 4061 consurgunt.
2739 3990 2796 4045 In
2811 4006 2876 4047 eo
2896 3998 3097 4055 autem,
3121 3990 3264 4061 quod
3291 4006 3352 4046 se
3378 4006 3477 4062 per
3500 3991 3642 4047 bona
3670 4008 3843 4063 opera

2224 4086 2499 4152 exhibent,
2524 4085 2676 4154 quasi
2697 4100 2766 4140 ex
2790 4084 3050 4155 lampadis
3075 4084 3279 4141 lumine
3304 4083 3673 4154 resplendent.
3696 4084 3841 4143 Cum

2223 4191 2352 4246 ergo
2380 4176 2555 4232 sancti
2579 4175 2681 4231 viri
2708 4175 2968 4247 quosdam
2994 4175 3149 4247 juxta
3185 4191 3245 4232 se
3289 4176 3495 4247 positos
3522 4176 3676 4246 quasi
3708 4186 3837 4233 tan-

2228 4271 2424 4343 gendo,
2450 4271 2518 4326 ad
2546 4286 2786 4327 amorem
2814 4271 3001 4342 patrias
3024 4270 3259 4327 scelestis
3289 4268 3609 4337 accendunt,
3638 4270 3842 4329 carbo-

2227 4380 2324 4419 nes
2377 4370 2502 4418 sunt
2548 4380 2560 4415 :
2609 4362 2823 4433 quando
2876 4377 3007 4418 vero
3059 4362 3379 4431 quibusdam
3430 4363 3591 4433 longe
3640 4364 3843 4434 positis

2223 4457 2425 4524 lucent,
2456 4471 2527 4512 ne
2551 4456 2605 4511 in
2632 4454 2869 4527 peccatis
2894 4455 3006 4512 suis
3036 4454 3239 4529 [Forte,
3271 4457 3487 4527 peccati
3532 4455 3636 4529 sui]
3676 4466 3841 4514 tene-

2222 4551 2349 4608 bras
2395 4559 2673 4619 corruant,
2723 4565 2911 4605 eorum
2957 4550 3137 4605 itineri
3182 4550 3459 4622 lampades
3501 4551 3656 4607 ﬁunt.
3704 4551 3844 4612 lure

511 4655 592 4705 tot
638 4647 898 4715 defectus,
949 4648 1113 4704 credo
1136 4690 1152 4715 ,
1203 4648 1271 4704 ad
1314 4649 1722 4704 restaurandam
1771 4649 2118 4719 antiquorum
2148 4654 2198 4715 1)
2225 4660 2353 4716 ergo
2379 4644 2659 4717 lampades
2686 4644 3048 4715 appellantur,
3088 4643 3180 4713 qui
3212 4651 3267 4699 et
3292 4645 3540 4716 exempla
3569 4645 3841 4705 virtutum

510 4741 829 4811 sapientiam
854 4741 1115 4806 virorum,
1157 4756 1275 4811 quae
1304 4757 1415 4812 prae
1442 4742 1607 4798 nimia
1636 4742 1954 4811 antiquitate
1983 4759 2121 4814 pene

507 4831 620 4903 jam
649 4830 924 4887 defecerat
949 4833 1003 4886 in
1032 4832 1278 4888 humanis
1304 4834 1573 4889 mentibus
1598 4850 1613 4901 ;
1646 4848 1716 4888 ne
1741 4834 1940 4891 diutius
1969 4835 2123 4905 igno-

510 4922 705 4985 rantia,
755 4935 821 4975 ac
862 4921 1159 4976 rusticitate
1186 4930 1547 4979 veterasceret
1588 4924 1821 4995 populus
1861 4923 2123 4980 Christia-

513 5028 630 5067 nus.
676 5011 769 5066 Sic
818 5026 1052 5082 namque
1090 5012 1281 5083 plenus
1318 5014 1579 5069 charitate
1623 5022 1678 5070 et
1720 5014 1984 5086 sapientia
2012 5031 2120 5071 non

512 5102 798 5158 abscondit
826 5103 879 5157 in
912 5111 1055 5159 terra
1086 5104 1284 5160 talenta
1330 5105 1432 5160 sibi
1478 5107 1712 5174 credita;
1767 5106 1860 5164 sed
1891 5108 1943 5162 in
1972 5123 2121 5163 com—

512 5212 677 5251 mune
706 5196 956 5251 omnibus
984 5196 1165 5252 divisit
1193 5198 1302 5265 illa,
1336 5206 1496 5268 atque
1524 5208 1585 5254 ut
1612 5200 1786 5256 bonus
1812 5200 2122 5270 negotiator

514 5290 745 5347 Domino
774 5290 1070 5360 reportavit
1114 5291 1406 5363 duplicata,
1434 5293 1561 5349 dum
1592 5295 1881 5350 multorum
1910 5303 2119 5351 mentes

517 5379 855 5451 praedicando
881 5381 1189 5438 sollicitavit
1210 5384 1277 5438 ad
1296 5384 1535 5439 cmlestia
1561 5384 1934 5440 desideranda.
1964 5384 2120 5442 Sicut

515 5476 658 5531 enim
684 5474 975 5545 Gregorius
1002 5477 1191 5532 doctor
1214 5477 1358 5533 Petri
1386 5478 1617 5548 apostoli
1646 5493 1927 5535 successor
1952 5481 2117 5535 exsti-

426 5610 441 5687 ξ
552 5620 613 5687 ιη
653 5610 751 5666 Ms.
799 5611 1003 5687 fl‘olet.,
1035 5612 1177 5684 apud
1228 5611 1536 5667 Henschen.
1583 5629 1629 5668 c.
1659 5613 1747 5681 11,
1802 5629 1950 5669 num.
2006 5614 2115 5683 45,

424 5681 435 5705 "
518 5681 656 5735 circa
692 5682 948 5738 medium.

588 5748 616 5786 δ
651 5748 794 5827 _Edit.
828 5754 977 5827 ibid.,
1002 5754 1449 5827 splendidissimus
1470 5754 1592 5809 solis
1613 5756 1823 5827 radius.
1843 5754 2113 5827 Lampada

518 5835 619 5888 pro
649 5820 919 5895 18109;!ch
966 5842 997 5879 a
1029 5820 1286 5881 'l’ollione
1312 5827 1554 5895 usurpari
1604 5826 1676 5881 ait
1718 5820 1997 5888 Dufresne',
2046 5843 2114 5883 ex

521 5887 651 5947 mss.
682 5887 966 5953 Codicibus
982 5897 1292 5955 observavit.
1314 5887 1676 5956 Salinasius...
1703 5905 1759 5956 et
1783 5896 1925 5977 apud
1953 5896 2112 5957 Plau-

2225 4747 2498 4811 praastant,
2530 4747 2587 4795 et
2613 4739 2795 4793 lumen
2821 4738 2949 4793 boni
2976 4738 3157 4809 operis
3185 4753 3284 4808 per
3311 4739 3479 4794 vitam
3522 4748 3578 4795 et
3603 4741 3839 4799 verbum

2223 4830 2343 4885 aliis
2386 4828 2777 4884 demonstrant.
2825 4826 3035 4883 Revera
3062 4836 3123 4883 ut
3152 4828 3426 4900 lampades
3454 4829 3835 4901 resplendent,

2222 4923 2313 4995 qui
2341 4930 2397 4977 et
2424 4937 2520 4991 per
2548 4936 2788 4977 amorem
2819 4921 3114 4987 Creatoris,
3146 4929 3202 4978 et
3228 4939 3328 4994 per
3354 4924 3625 4980 ﬂammam
3670 4926 3835 4982 bona;

2221 5014 2614 5087 praedicationis
2641 5014 2708 5069 de
2734 5012 2989 5069 cordibus
3035 5024 3380 5085 peccatorum
3426 5018 3679 5073 tenebras
3736 5034 3833 5075 re-

2222 5107 2432 5178 pellunt
2456 5105 2673 5163 erroris.
2706 5104 2807 5173 Qui
2837 5106 2998 5175 igitur
3026 5106 3081 5161 in
3107 5108 3321 5163 occulto
3366 5109 3505 5164 bene
3552 5109 3703 5175 vivit,
3736 5111 3837 5167 sed

2223 5199 2342 5254 aliis
2390 5213 2497 5253 non
2547 5196 2780 5268 prolicit,
2834 5197 3000 5253 carbo
3046 5205 3127 5252 est
3160 5215 3173 5251 :
3204 5197 3298 5267 qui
3345 5214 3476 5254 vero
3526 5199 3836 5258 imitatione

2221 5289 2520 5347 sanctitatis
2549 5288 2601 5343 in
2631 5286 2873 5345 Ecclesia
2899 5289 3129 5361 positus,
3170 5289 3349 5345 lumen
3392 5306 3460 5346 ex
3500 5305 3562 5348 se
3602 5292 3834 5349 rectitu-

2220 5385 2359 5441 dinis
2386 5384 2567 5440 multis
2595 5382 2817 5455 prabet,
2849 5382 3057 5455 lampas
3084 5389 3189 5453 est,
3218 5384 3345 5454 quia
3369 5392 3427 5440 et
3453 5383 3557 5441 sibi
3586 5384 3746 5442 ardet
3771 5394 3832 5443 et

2218 5478 2336 5535 aliis
2367 5479 2532 5535 lucet.

2218 5620 2330 5667 tum
2362 5629 2375 5666 :
2405 5611 2541 5666 Tene
2571 5611 2703 5665 hanc
2733 5610 3050 5681 lampadem.
3084 5610 3275 5667 Sermo
3302 5612 3463 5667 etiam
3508 5610 3599 5677 56,
3632 5606 3686 5667 in
3719 5613 3833 5682 Ap-

2217 5684 2377 5765 pend.
2422 5682 2708 5765 Fulgentii,
2735 5684 2879 5765 hanc
2905 5698 3093 5739 vocem
3124 5692 3388 5765 usurpate
3416 5682 3460 5736 0
3507 5682 3642 5765 bona
3693 5683 3831 5765 lam:

2216 5755 2377 5825 pada,
2428 5754 2601 5820 inquit
2647 5762 2856 5818 auctor,
2906 5770 3008 5809 non
3061 5770 3172 5825 quae
3218 5753 3389 5825 diligit
3435 5756 3705 5820 sarculum,
3736 5753 3833 5809 sed

2216 5841 2330 5894 qua:
2359 5825 2528 5906 diligit
2548 5825 2845 5906 caeluntket
2870 5825 3008 5906 infra
3030 5840 3044 5879 :
3072 5827 3204 5906 bunt
3241 5825 3394 5906 multi
3434 5826 3683 5906 quidiens
3728 5841 3826 5895 pq.

2215 5906 2337 5951 cant
2366 5894 2682 5966 lampadam.
2718 5894 2877 5966 (Nota
2906 5895 3128 5956 editnl‘is
3159 5894 3211 5951 5.
3240 5894 3507 5966 Martini.)
3544 5918 3547 5921 η
3673 5894 3685 5919 ’⁷
