4048 6364
202 328 262 383 57
1257 325 1664 383 ISIDORIANA.
1703 356 1772 369 —
1812 325 1988 383 PARS
2029 327 2068 382 Ι.
2109 328 2263 387 CAP.
2306 331 2375 388 X.
3392 347 3465 404 53

269 442 313 495 6.
361 458 380 492 ι
426 439 593 496 Recte
620 452 750 510 ergo
789 440 876 498 hic
913 439 1255 499 beatissimus
1295 441 1378 496 vir
1419 440 1617 496 lucenti
1642 440 1778 495 lam-
1812 443 1860 505 Α
1887 449 2107 510 cautus,
2153 443 2208 499 in
2239 444 2465 502 consilio
2504 447 2778 518 providus,
2811 449 2865 506 in
2894 451 3082 509 habitu
3123 452 3366 524 humilis,
3408 459 3464 518 in

199 537 322 606 padi
350 544 713 606 comparatur,
735 536 859 604 quia
887 543 942 590 et
985 544 1277 607 praesentes
1306 543 1361 590 et
1390 536 1640 590 absentes
1670 545 1778 590 tam

200 635 361 690 verbo
393 633 783 703 pnedicationis
817 649 977 703 quam
1008 633 1147 687 fama
1177 632 1478 687 sanctitatis
1507 631 1778 686 illumina-

199 729 305 790 bat,
340 741 542 796 eosqne
575 726 641 781 ad
677 741 914 780 amorem
945 726 1180 783 cmlestis
1213 727 1401 798 patriae
1429 726 1776 782 accendebat.

197 819 448 888 Cotagrue
477 818 738 886 siquidem
767 818 1000 873 lucerna:
1026 819 1236 874 ardenti
1267 827 1630 889 comparatur,
1652 818 1778 888 quia

195 923 248 969 et
276 915 326 968 in
358 928 543 967 amore
590 912 681 966 Dei
711 921 764 967 et
805 912 1036 982 proximi
1076 912 1335 978 ardebat,
1372 920 1427 968 et
1455 911 1521 968 de
1550 911 1778 967 aliorum

195 1005 443 1061 cordibus
465 1004 710 1059 tenebras
723 1014 1062 1074 peccatorum
1078 1003 1364 1074 ell'ugabat.
1379 1005 1694 1073 Quicunque
1712 1003 1779 1058 ad

194 1113 311 1153 eum
334 1097 682 1165 accedebant,
698 1114 807 1153 suac
823 1096 1133 1151 assiduitate
1159 1095 1402 1163 visionis,
1426 1103 1482 1150 et
1511 1112 1609 1150 usu
1632 1096 1779 1150 locu-

195 1191 368 1256 tionis,
396 1203 558 1262 atque
579 1191 828 1259 exemplo
850 1189 977 1244 boni
1008 1189 1189 1259 operis
1209 1189 1388 1243 lumen
1411 1188 1655 1243 veritatis
1682 1203 1777 1242 ac-

191 1282 480 1352 cipiebant,
505 1293 558 1336 et
582 1284 634 1336 in
660 1281 926 1336 desiderio
947 1290 1160 1336 aeternae
1186 1281 1318 1336 lucis
1340 1281 1774 1336 inardescebant.

261 1396 310 1448 '7.
348 1404 370 1430 α
413 1415 432 1448 ¢
477 1394 575 1451 Hic
603 1395 742 1450 enim
767 1395 850 1449 vir
876 1395 1217 1451 beatissimus
1253 1403 1449 1449 caetera
1478 1395 1777 1449 sanctitatis

191 1505 380 1560 opera,
415 1503 538 1558 quae
569 1489 620 1542 in
650 1486 849 1542 Christi
878 1485 1113 1542 Ecclesia
1155 1486 1430 1556 sapienter
1454 1488 1588 1556 egit,
1621 1485 1777 1541 mali-

191 1599 343 1654 gnam
393 1581 831 1652 Acephalitarum
873 1581 1118 1637 haeresim
1149 1581 1424 1647 confudit,
1456 1588 1617 1650 atque
1657 1579 1778 1635 des-

192 1677 373 1742 truxit,
396 1677 488 1746 qui
513 1675 564 1729 in
590 1675 804 1731 Christo
825 1675 957 1729 duas
972 1674 1298 1730 substantias
1317 1682 1594 1742 negantes,
1614 1688 1774 1727 unam

189 1768 236 1822 in
258 1769 372 1837 ejus
392 1783 626 1838 persona
657 1776 902 1822 naturam
942 1767 1320 1836 prwdicabant,
1346 1767 1471 1822 dum
1497 1766 1644 1820 illum
1666 1781 1774 1820 non

188 1865 370 1918 verum
402 1863 571 1916 Deum
591 1903 605 1928 ,
636 1878 699 1917 ac
728 1861 822 1917 Dei
859 1861 1052 1916 Filium
1072 1901 1087 1925 ,
1133 1861 1227 1918 sed
1266 1861 1637 1916 tantummodo
1678 1877 1710 1931 p

188 1973 297 2011 rum
341 1957 620 2012 hominem
668 1955 832 2011 luisse
871 1955 1203 2011 asserebant.
1235 1954 1497 2024 Gregorio
1546 1968 1778 2023 namque

186 2055 414 2124 praefatm
446 2055 666 2110 haeresis
723 2053 962 2108 antistite
983 2060 1260 2123 superato,
1291 2061 1345 2106 et
1370 2058 1676 2105 sanctarum
1700 2056 1781 2106 te-

190 2149 456 2205 stimoniis
483 2147 880 2217 Scripturarum
911 2145 1234 2200 auctoritate
1254 2143 1501 2199 convicto
1528 2183 1544 2208 ,
1573 2142 1775 2206 docuit,

186 2240 316 2292 duas
346 2238 400 2293 in
423 2237 640 2292 Christo
664 2235 826 2293 fuisse
849 2244 1087 2300 naturas,
1113 2234 1348 2290 divinam
1371 2233 1579 2290 scilicet
1599 2243 1655 2289 et
1677 2233 1775 2288 hu-

187 2346 422 2384 manam.
453 2329 696 2384 Divinam
717 2370 730 2396 ,
763 2344 867 2398 qua
897 2328 1008 2384 Deo
1038 2326 1184 2382 Patri
1207 2341 1419 2397 semper
1447 2335 1529 2381 est
1556 2334 1781 2382 coaeter-

185 2439 304 2488 nus,
337 2432 393 2477 et
422 2423 741 2493 coaequalis;
782 2423 1093 2489 humanam,
1123 2436 1228 2491 qua
1269 2436 1368 2491 pro
1401 2428 1584 2476 nostra
1607 2419 1780 2476 salute

186 2515 561 2585 temporaliter
591 2515 707 2570 fieri
732 2515 982 2584 dignatus
1009 2516 1117 2585 62
1147 2521 1230 2568 est
1251 2512 1417 2568 Filius
1447 2512 1702 2576 hominis,
1727 2511 1780 2566 id

184 2614 266 2663 est
297 2606 554 2674 Virginis.
584 2605 652 2659 Et
683 2604 811 2674 quid
851 2606 919 2661 de
958 2604 1099 2659 illius
1146 2603 1436 2660 sanctitate
1478 2611 1642 2673 atque
1688 2617 1778 2657 sa-

184 2699 387 2768 pientia
417 2699 630 2754 dicam?
670 2698 934 2754 Nimirum
976 2698 1210 2751 humana
1251 2697 1435 2764 lingua
1464 2696 1532 2750 ad
1562 2696 1781 2766 plenum

183 2804 414 2844 narrare
443 2805 551 2844 non
583 2789 798 2852 sufﬁcit,
831 2796 1030 2859 quanta
1059 2789 1202 2843 bona
1224 2788 1367 2843 Deus
1396 2802 1494 2856 per
1523 2803 1645 2842 eum
1677 2785 1779 2842 Ec-

181 2879 368 2935 clesia:
394 2893 506 2932 suae
529 2878 779 2941 contulit,
806 2892 1074 2946 quamque
1097 2876 1242 2930 utilis
1263 2876 1532 2945 ignoranti
1556 2876 1781 2945 populo,

180 2986 249 3025 ac
297 2970 604 3025 senescenti
655 2968 857 3023 mundo
891 2968 1086 3033 fuerit,
1131 2968 1262 3022 dum
1301 2967 1356 3021 in
1379 2966 1645 3022 Chronica
1685 2982 1782 3021 sua

176 3071 374 3118 aetates
404 3062 609 3126 Stcculi,
640 3070 695 3117 et
727 3070 1031 3132 temporum
1061 3060 1230 3116 series
1253 3060 1483 3130 aperuit.
1514 3059 1781 3114 Chronica

180 3157 391 3220 Graece,
427 3152 619 3209 Latine
657 3154 826 3210 series
855 3163 1156 3224 temporum
1193 3153 1514 3224 appellatur.
1545 3152 1780 3208 Chronos

1882 550 2068 591 mensa
2095 538 2303 594 sobrius
2323 582 2338 607 ,
2373 541 2426 595 in
2457 543 2702 598 oratione
2731 543 2990 611 devotus,
3017 546 3300 606 honestate
3327 568 3465 622 prte-

1882 626 2089 695 clarus,
2143 631 2288 685 omni
2336 631 2578 689 bonitate
2622 637 2962 707 conspicuus.
3008 638 3274 698 Praeterea
3313 653 3467 714 pater

1883 720 2089 774 exstitit
2116 721 2458 790 clericorum,
2489 727 2800 785 consolator
2827 734 3195 804 maerentium,
3224 744 3467 795 tutamen

1880 808 2206 879 pupillorum
2234 827 2297 868 ac
2325 815 2624 884 viduarum,
2656 818 2900 875 levamen
2928 837 3333 893 oppressorum,
3365 827 3464 884 de-

1879 903 2062 960 fensor
2090 906 2310 975 civium,
2344 919 2658 979 persecutor
2683 913 3089 983 haereticorum,
3123 920 3349 976 malleus
3374 938 3466 977 su-

1881 997 2188 1068 perborum.
2235 1000 2302 1055 Et
2331 1003 2456 1072 quid
2485 1005 2714 1075 amplius
2752 1006 2966 1064 dicam?
3008 1010 3298 1084 Speculum
3345 1030 3465 1069 om-

1881 1088 2026 1144 nium
2052 1090 2317 1147 bonorum
2358 1093 2530 1151 factus
2561 1105 2644 1152 est
2673 1100 2900 1167 mundo,
2931 1109 2986 1156 et
3016 1102 3168 1169 ideo,
3201 1112 3260 1158 ut
3291 1105 3467 1160 credi-

1880 1197 1999 1236 mus
2024 1223 2040 1251 ,
2085 1181 2195 1252 jam
2225 1184 2341 1240 sine
2375 1186 2478 1242 line
2514 1197 2704 1258 regnat
2739 1205 2861 1245 cum
2892 1191 3126 1249 Christo.
3159 1193 3301 1250 Obiit
3329 1206 3467 1252 tem—

1881 1288 2013 1344 pore
2051 1273 2283 1331 Heraclii
2329 1277 2668 1348 imperatoris
2691 1323 2706 1348 ,
2753 1292 2808 1337 et
2838 1295 2860 1323 ο
2894 1284 3157 1342 Suintilla:
3187 1287 3461 1359 Hispania:

1879 1368 2019 1436 regis
2052 1384 2065 1420 :
2097 1370 2203 1439 63
2234 1369 2373 1425 illius
2401 1371 2651 1429 videlicet
2685 1374 2948 1446 Heraclii,
2978 1379 3067 1450 qui
3100 1397 3316 1438 crucem
3363 1384 3460 1439 do-

1879 1460 2168 1526 minicam,
2213 1476 2372 1531 quam
2423 1462 2619 1533 impius
2666 1481 2763 1522 rex
2811 1467 3048 1526 Cosdroe
3077 1481 3468 1544 asportaverat,

1884 1553 2002 1607 loco
2025 1568 2123 1608 suo
2153 1552 2543 1627 Hierosolymis
2571 1559 2808 1615 restituit
2837 1573 3000 1632 atque
3028 1566 3306 1621 exaltavit.
3334 1569 3472 1624 Dor-

1879 1644 2032 1698 mivit
2077 1653 2254 1701 autem
2306 1647 2497 1704 beatus
2540 1648 2776 1708 Isidorus
2805 1668 2924 1708 cum
2955 1657 3196 1724 patribus
3222 1659 3332 1714 suis
3375 1675 3468 1715 era

1883 1751 2062 1804 ncnx,
2113 1753 2242 1792 sana
2291 1739 2534 1795 doctrina
2578 1757 2819 1814 sanoque
2868 1747 3096 1803 consilio
3125 1751 3468 1819 praestantior

1715 1878 1770 1916 u_
1808 1838 1858 1900 Β
1884 1828 2116 1896 cunctis,
2147 1837 2201 1883 et
2221 1830 2472 1900 copiosus
2502 1833 2757 1903 operibus
2785 1834 3086 1906 charitatis,
3116 1839 3469 1912 sepultusque

1883 1929 1965 1975 est
2020 1922 2071 1976 in
2122 1932 2403 1978 senectute
2449 1924 2612 1979 bona.
2644 1924 2877 1996 Interea,
2909 1926 3102 1985 fratres
3145 1931 3465 2000 charissimi,

1882 2013 2101 2083 dignum
2132 2023 2214 2070 est
2259 2023 2320 2070 ut
2369 2016 2512 2070 hunc
2563 2019 2962 2074 sanctissimum
2992 2023 3358 2079 confessorem
3387 2034 3471 2081 at-

1883 2109 2082 2164 tentius
2110 2122 2418 2176 exoremus,
2447 2117 2710 2179 quatenus
2739 2128 2837 2182 pro
2863 2113 3019 2169 nobis
3047 2115 3258 2172 miseris
3282 2133 3473 2187 pecca-

1881 2201 2108 2267 toribus,
2142 2200 2232 2270 qui
2272 2199 2448 2257 adhuc
2474 2203 2528 2255 in
2560 2203 2814 2272 periculis
2842 2207 3141 2262 animarum
3164 2218 3473 2267 nostrarum

1880 2291 2159 2348 constituti
2179 2307 2381 2356 sumus,
2403 2293 2545 2363 apud
2569 2294 2734 2349 Deum
2765 2294 3090 2353 intercessor
3113 2299 3310 2354 existat
3337 2300 3473 2356 assi-

1881 2384 2039 2450 duus,
2073 2391 2130 2438 ut
2160 2383 2275 2452 ejus
2306 2384 2684 2440 sacratissimis
2713 2386 2921 2440 meritis
2964 2396 3019 2442 et
3059 2389 3308 2458 precibus
3347 2395 3474 2460 post

1881 2476 2020 2532 hanc
2062 2477 2229 2530 vitam
2261 2477 2328 2530 ad
2361 2476 2681 2533 societatem
2712 2479 3011 2535 electorum
3042 2480 3136 2536 Dei
3188 2485 3474 2553 pervenire

1880 2570 2168 2642 possimus.
2216 2567 2339 2638 lpso
2391 2578 2700 2639 praestante,
2733 2571 2825 2640 qui
2854 2572 2908 2626 in
2940 2570 3201 2628 Trinitate
3230 2575 3471 2643 perlecta

1881 2665 2011 2719 vivit
2037 2673 2094 2719 et
2128 2671 2317 2734 regnat
2346 2661 2486 2719 Deus
2525 2679 2624 2734 per
2665 2665 2844 2720 omnia
2891 2666 3085 2722 saecula
3132 2668 3470 2726 saeculorum.

1882 2757 2077 2812 Amen.
2127 2773 2146 2806 ι

1954 2871 2006 2923 8.
2048 2869 2105 2924 ln
2136 2871 2465 2939 amplissima
2494 2871 2729 2940 Operum
2771 2872 2830 2926 S.
2870 2873 3086 2928 Martini
3118 2874 3470 2946 Legionensis

1883 2960 2138 3025 editione,
2174 2969 2307 3015 tom.
2333 2960 2422 3026 1V,
2455 2976 2580 3032 pag.
2613 2961 2647 3015 ὅ
2676 2970 2731 3017 et
2754 2977 2908 3033 seqq.
2941 2973 3117 3018 exstat
3143 2965 3233 3020 hic
3269 2981 3475 3036 sermo,

1883 3055 2057 3110 editus
2089 3053 2246 3123 juxta
2291 3054 2569 3124 exemplar
2615 3070 2682 3109 ex
2727 3055 3064 3126 autographa
3111 3056 3472 3127 descriptum,

1885 3158 1944 3203 ut
1973 3158 2170 3204 extera
2197 3147 2255 3202 S.
2288 3147 2504 3203 Martini
2534 3146 2733 3219 Opera.
2764 3147 2953 3205 Sermo
2994 3151 3343 3207 centonarius
3369 3160 3472 3217 est,

179 3247 323 3302 enim
347 3243 556 3312 Graece,
599 3255 794 3316 tempus
820 3245 1202 3315 interpretatur
1221 3242 1433 3300 Latine.
1453 3243 1778 3314 Temporum
1811 3218 1858 3283 ο
1888 3258 1956 3299 ex
1985 3242 2215 3298 diversis
2236 3250 2482 3297 veterum
2513 3242 2792 3312 particulis
2816 3242 2940 3298 hinc
2966 3243 3092 3299 inde
3119 3244 3315 3301 assutis
3334 3259 3476 3300 com-

183 3337 340 3407 igitur
383 3338 554 3393 series
579 3347 635 3392 et
661 3338 843 3393 saeculi
871 3346 1058 3393 aetates
1100 3339 1365 3394 nescienti
1411 3339 1610 3410 populo
1651 3354 1782 3410 ape-

183 3430 321 3494 ruit;
369 3444 650 3484 sacrorum
685 3428 806 3498 jura
853 3430 1124 3496 ostendit;
1177 3431 1546 3487 sacerdotibus
1598 3430 1778 3486 eccle-

181 3524 400 3581 siastica
431 3523 610 3579 oflicia
638 3532 694 3580 et
727 3524 924 3593 gradus
967 3533 1285 3580 cunctorum
1324 3525 1571 3581 ordinum
1611 3542 1778 3597 expo-

183 3618 309 3684 suit;
341 3617 561 3687 regibus
589 3625 644 3672 et
673 3617 1004 3687 principibus
1043 3617 1190 3687 leges
1218 3616 1483 3683 instituit;
1505 3618 1776 3688 judicibus

184 3709 461 3764 avaritiam
515 3708 820 3774 interdixit;
869 3709 1083 3764 civibus
1124 3716 1180 3763 et
1209 3709 1418 3765 cunctis
1462 3709 1775 3765 domesticis

184 3800 306 3856 ﬁdei
333 3802 551 3873 populis
572 3800 911 3870 disciplinam
943 3799 1305 3855 Christianam
1350 3800 1621 3869 religionis
1651 3799 1775 3853 insi-

186 3895 364 3950 nuavit
395 3913 408 3948 :
443 3894 514 3950 ad
543 3894 788 3948 ultimum
811 3908 943 3948 vero
973 3892 1178 3947 sedium
1206 3931 1221 3957 ,
1266 3893 1574 3960 regionum,
1622 3892 1773 3945 loco-

185 4002 322 4052 rum,
355 3987 603 4045 omnium
631 3985 936 4039 divinarum
973 3985 1442 4051 humanarumque
1468 3998 1650 4037 rerum
1682 3997 1774 4036 no-

186 4082 349 4149 mina,
381 4096 614 4151 genera,
644 4079 820 4136 ol’licia
843 4122 858 4148 ,
890 4093 1081 4135 causas
1105 4120 1120 4145 ,
1170 4085 1226 4133 et
1270 4092 1497 4148 qumque
1543 4076 1773 4132 obscura

188 4181 341 4245 atque
367 4176 434 4231 ab
464 4173 719 4229 humanis
762 4172 1034 4227 mentibus
1063 4171 1175 4226 fere
1211 4169 1323 4240 jam
1353 4179 1559 4225 remota
1581 4211 1597 4238 ,
1638 4170 1774 4224 scri-

187 4263 352 4322 bendo
395 4263 674 4338 patefecit.
706 4262 732 4299 b
779 4263 985 4318 Flornit
1031 4262 1297 4332 sapientia
1325 4303 1342 4330 ,
1391 4269 1447 4316 et
1485 4262 1773 4317 sanctitate

190 4359 512 4428 temporibus
541 4356 770 4412 Mauritii
801 4365 855 4412 et
879 4356 1072 4411 Phocae
1104 4357 1514 4426 imperatorum,
1539 4356 1635 4409 sub
1661 4355 1770 4411 Re-

191 4451 375 4507 caredo
406 4467 540 4523 rege
575 4451 897 4507 Gothorum.
950 4449 1075 4504 Fuit
1120 4450 1264 4505 enim
1312 4449 1366 4504 in
1414 4449 1772 4520 eleemosynis

192 4542 358 4614 largus
381 4589 395 4613 ,
444 4545 822 4615 hospitalitate
865 4544 1170 4614 praecipuus
1193 4584 1207 4610 ,
1237 4540 1402 4597 corde
1429 4556 1679 4608 severus,
1713 4540 1768 4595 in

192 4641 444 4695 sententia
472 4654 660 4704 verax,
693 4639 746 4693 in
772 4636 975 4706 judicio
1017 4635 1193 4704 justus
1218 4679 1232 4703 ,
1285 4634 1338 4688 in
1390 4632 1772 4703 praedicatione

195 4733 446 4800 assiduus,
479 4734 536 4788 in
569 4729 950 4787 exhortatione
999 4727 1169 4792 hctus,
1226 4726 1280 4780 in
1331 4723 1602 4780 lucrandis
1660 4723 1773 4778 Deo

195 4824 458 4882 animabus
504 4824 820 4886 studiosus,
875 4821 930 4875 in
972 4819 1313 4889 expositione
1367 4817 1774 4887 Scripturarum

262 4986 285 5014 ιι
314 4979 407 5035 Ms.
435 4980 612 5036 Tolet.
639 4979 697 5032 n°
729 4976 798 5031 45
826 4974 966 5046 apud
995 4972 1297 5030 Henschen.

261 5049 288 5160 ξ
317 5047 772 5187 ἑῗιῇδιηηέιιάέὲείε
799 5115 1060 5173 Suintillte
1091 5130 1253 5169 manu
1283 5111 1470 5187 infida,
1501 5118 1556 5166 et
1582 5125 1773 5187 recen-

200 5192 314 5246 tiori
363 5193 440 5261 (et
489 5193 588 5246 abs
646 5183 808 5261 dubio
859 5195 980 5261 p_ost
1025 5187 1286 5261 scriptum
1344 5183 1776 5261 salmanticense

203 5253 484 5334 exemplar,
507 5261 652 5333 quod
681 5260 842 5314 habet
860 5253 1150 5334 Suintiflw)
1178 5263 1366 5311 nostro
1392 5253 1492 5308 Ms.
1521 5253 1776 5334 nonfue-

204 5334 266 5386 rit
298 5325 626 5404 appositum,
652 5325 1490 5404 recte_coaptabantur_tempus
1537 5325 1677 5404 regis
1721 5335 1778 5378 et

206 5395 568 5458 annusohitus
596 5403 781 5456 lsidori
804 5399 926 5465 622,
947 5395 1053 5453 seu
1101 5413 1206 5452 tera
1235 5396 1360 5450 660.
1384 5395 1489 5450 Sed
1517 5395 1772 5463 quoniam

207 5470 295 5528 Ms.
308 5473 523 5529 'l‘oletan
533 5490 618 5528 um
633 5489 756 5528 eum
779 5473 977 5525 habeat
991 5484 1230 5524 errorem
1249 5469 1301 5522 in
1317 5467 1632 5534 assignanda
1645 5481 1774 5535 tera,

209 5553 256 5614 et
276 5555 450 5612 postea
470 5547 570 5601 sub
591 5556 716 5614 rege
736 5541 978 5609 Cintilla,
995 5557 1089 5597 seu
1106 5539 1391 5614 Cintillano
1414 5539 1555 5614 dicat
1577 5537 1777 5593 ohiisse

209 5609 471 5684 lsidorum,
497 5632 602 5672 non
630 5609 948 5684 ainbigimus
983 5621 1228 5668 nostrum
1256 5611 1353 5665 Ms.
1379 5610 1777 5684 eodemerrore

212 5681 465 5756 laborasse
487 5725 502 5750 ,
536 5705 694 5756 quem
730 5681 922 5741 sanare
960 5685 1133 5739 voluit
1171 5690 1477 5756 corrector;
1505 5681 1775 5756 Alluciﬂa-

212 5758 314 5831 tam
342 5749 563 5831 dicimus
588 5765 885 5829 auctorem,
910 5770 1002 5809 seu
1033 5755 1418 5831 exscrijttOi-etn
1439 5750 1655 5831 Codicis
1675 5749 1776 5806 To-

212 5814 384 5892 letani,
410 5838 535 5881 cum
575 5814 1088 5883 asseruerit'annum
1109 5814 1301 5875 mortis
1345 5817 1404 5874 ὃ.
1443 5816 1629 5878 lsidori
1658 5837 1777 5879 esse

1883 3341 2072 3405 pactus
2107 3350 2118 3386 :
2152 3333 2244 3403 qui
2270 3349 2395 3387 usus
2425 3342 2541 3388 erat
2575 3333 2788 3388 Martini
2820 3333 3171 3404 Legionensis
3203 3336 3467 3391 aliorum-

1880 3442 1984 3497 que
2012 3426 2250 3481 Patrum.
2285 3423 2562 3493 Quzedam,
2607 3435 2666 3481 ut
2712 3426 2883 3490 vides,
2922 3437 3048 3483 sunt
3079 3443 3146 3483 ex
3175 3428 3475 3487 Braulionis

1877 3519 2275 3589 przenotatione
2305 3518 2570 3584 hreviori,
2617 3533 2711 3576 seu
2735 3519 2964 3589 genuina
2995 3519 3229 3591 Operum
3259 3520 3472 3591 lsidori,

1876 3611 2120 3683 quaedam
2150 3626 2217 3665 ex
2247 3611 2642 3679 prmnotatione
2672 3611 2929 3678 uberiori,
2960 3612 3074 3668 sive
3123 3613 3474 3684 interpolata,

1876 3703 2120 3772 quaedam
2167 3719 2231 3757 ex
2261 3703 2670 3757 continuatione
2699 3702 2953 3758 Chronici
2983 3702 3284 3770 lsidoriani,
3315 3704 3471 3773 cujus

1877 3805 2152 3850 auctorem
2207 3793 2264 3849 S.
2314 3793 2642 3850 lldefonsum
2695 3793 2866 3851 Lucas
2911 3795 3175 3851 Tudensis
3219 3796 3470 3852 asseruit.

1875 3886 2016 3940 Nihil
2048 3898 2226 3940 tamen
2254 3886 2522 3940 Martinus
2554 3887 2853 3956 desumpsit
2879 3929 2894 3953 ,
2942 3889 3086 3957 quod
3112 3887 3349 3943 fabulam
3377 3905 3468 3944 re-

1876 3977 2081 4044 doleat,
2113 3978 2225 4032 sive
2254 3978 2400 4046 quod
2429 3979 2483 4031 in
2508 3993 2674 4046 opera
2705 3981 3057 4046 correctiora,
3103 3981 3348 4036 minusve
3377 3983 3464 4036 in-

1879 4072 2143 4143 terpolata
2167 4071 2362 4126 incidet
2380 4071 2441 4136 it,
2459 4071 2572 4125 sive
2595 4071 2738 4140 quod
2768 4072 2976 4127 subacti
2997 4072 3194 4142 judicis
3219 4073 3470 4131 acumine

1876 4180 2007 4222 usus
2034 4163 2420 4234 probatissima
2448 4177 2676 4234 quaeque
2700 4162 2972 4233 selegerit.
3007 4162 3122 4219 Hoc
3147 4175 3294 4219 certe
3324 4164 3470 4220 colli-

1875 4273 2001 4328 gere
2030 4258 2184 4321 licet,
2217 4265 2342 4312 ante
2383 4256 2582 4312 Lucam
2613 4257 2926 4329 episcopum
2957 4257 3260 4314 Tudensem
3303 4259 3471 4315 exsti-

1875 4352 2004 4406 tisse
2031 4350 2275 4420 qutcdam
2306 4359 2685 4419 monumenta,
2721 4366 2840 4421 qnte
2870 4352 2923 4406 in
2959 4351 3126 4405 vitam
3173 4351 3231 4406 S.
3279 4351 3472 4408 lsidori

1875 4445 2074 4500 inserta
2125 4452 2271 4514 sunt,
2326 4456 2382 4498 et
2419 4460 2538 4513 quae
2587 4446 2654 4500 ab
2700 4446 2816 4515 ipso
2865 4445 3009 4501 Luca
3052 4445 3207 4500 multi
3235 4445 3469 4502 conlicta

1876 4539 2214 4594 existimant.
2270 4536 2347 4593 De
2388 4552 2531 4593 anno
2579 4539 2757 4593 obitus
2785 4537 2844 4593 S.
2875 4537 3065 4593 lsidori
3113 4553 3267 4593 error
3309 4546 3467 4594 vetus

1876 4638 1979 4697 est,
2008 4639 2065 4685 ut
2104 4647 2172 4686 ex
2199 4630 2321 4684 Vita
2349 4629 2406 4685 S.
2437 4629 2630 4685 lsidori
2657 4630 2800 4700 apud
2833 4629 3212 4684 Dollandianos
3252 4629 3465 4699 colligi-

1872 4732 1959 4779 tur
1985 4741 1998 4777 :
2024 4738 2184 4792 quem
2206 4738 2448 4778 errorem
2466 4730 2686 4778 secutus
2711 4721 2924 4776 videtur
2943 4721 3228 4778 Martinus.
3255 4721 3463 4779 Confer

1876 4825 2061 4872 notam
2091 4815 2336 4870 editoris.

1875 4971 2325 5028 sexcentesimum
2375 4969 2693 5040 vigesimum
2744 4968 3108 5040 secundum:
3155 4964 3265 5040 jam
3321 4966 3465 5020 enim

1878 5059 2068 5099 omnes
2099 5038 2512 5096 consensere'in
2562 5040 2956 5095 sexcentesimo
3007 5038 3279 5106 trigesimo
3308 5047 3465 5092 sexto

1879 5115 1982 5168 nisi
2033 5112 2353 5167 auctoritate
2395 5110 2682 5180 Redempti
2726 5110 2909 5165 clerici
2947 5110 3073 5180 sive
3102 5107 3468 5180 archidiaconi

1879 5183 2118 5252 ejusdem
2147 5182 2204 5237 S.
2251 5182 2512 5251 praesulis,
2543 5178 2618 5236 S.‘
2636 5180 2952 5245 Branlionis,
2977 5188 3032 5234 et
3054 5179 3109 5233 S.
3136 5178 3463 5252 lldephonsi.

1879 5249 1985 5310 Sed
2015 5270 2120 5308 non
2153 5249 2369 5318 mirum,
2401 5253 2681 5321 prsefatum
2705 5261 3002 5316 auctorem,
3035 5266 3127 5304 seu
3159 5249 3460 5318 exscripto-

1876 5341 1992 5381 rem
2020 5326 2071 5378 in
2104 5324 2251 5378 illum
2283 5338 2520 5378 errorem
2553 5323 2759 5392 lapsum
2786 5341 2797 5375 :
2830 5338 2951 5376 nam
2976 5323 3046 5376 ita
3072 5321 3264 5392 misere
3289 5334 3465 5392 θανου-

1881 5397 2002 5451 tivit
2026 5397 2128 5450 hac
2157 5396 2209 5449 in
2239 5410 2317 5458 re,
2350 5402 2406 5447 ut
2428 5391 2657 5462 primum
2691 5393 2836 5448 dicat
2862 5392 3169 5462 defunctum
3201 5391 3462 5462 lsidorum

1879 5466 2209 5538 temporibus
2237 5456 2533 5531 Cintillani,
2557 5472 2752 5538 postea
2767 5478 2901 5538 eum
2933 5456 3465 5538 ﬂoruisse_usque.ad

1877 5527 2255 5602 Sisehandum,
2277 5543 2333 5589 et
2352 5527 2531 5590 statim
2553 5527 2699 5589 illum
2730 5534 2925 5588 ohiisse
2948 5527 3465 5600 temporibusSuin-

1881 5607 2052 5663 tillani
2100 5623 2207 5678 tera
2253 5605 2390 5669 660,
2439 5621 2631 5661 novem
2673 5604 2923 5657 videlicet
2975 5604 3138 5678 annis
3173 5610 3460 5678 antequam

1878 5677 2209 5734 Sisenandus
2236 5691 2463 5746 regnare
2493 5679 2776 5746 inciperet,
2802 5681 2857 5728 et
2879 5671 3283 5746 quatuordccim
3307 5677 3462 5746 ante-

1877 5765 2040 5820 quam
2070 5738 2420 5820 Cintillaﬁus;
2450 5738 3046 5820 quod'mjrajnurhaud
3067 5738 3465 5798 chschenium

1878 5811 2188 5878 adnotasse.
2223 5818 2300 5893 (Ν
2307 5829 2393 5875 ota
2409 5811 2628 5881 'ed'itoris
2656 5818 2716 5874 S.
2747 5811 3011 5882 Martini.)
