4048 6364
535 325 603 385 59
1262 326 1354 382 AD
1391 324 1619 381 OPERA
1660 322 1716 381 S.
1763 320 2010 378 lSlDORl
2052 319 2499 381 HISPALENSIS
2538 321 3065 399 PROLEGOMENA.

1037 442 1146 519 es
1186 451 1209 480 ι
1250 438 1480 498 CAPUT
1524 440 1617 497 XI.

541 580 725 638 Sermo
753 580 814 636 S.
849 579 1071 635 Martini
1098 579 1516 650 Legionensisjn
1552 577 1889 633 translatione
1918 578 1977 633 S.
2015 577 2120 633 lsi-

610 653 724 708 dori
743 668 858 707 cum
888 654 1039 707 notis.
1075 652 1136 708 S.
1170 648 1730 721 MartinoLegionensi
1755 649 1993 703 doctrina
2021 666 2120 703 car-

610 725 732 795 l_itus
782 722 973 795 Isidori
1020 740 1113 791 ape
1152 724 1346 795 infusa.
1389 718 1753 791 Aliivﬂispani
1785 721 1972 776 swculo
2029 736 2122 777 λιιι

612 792 807 849 lsidori
837 794 1012 849 laudes
1042 792 1324 848 celebrant.

620 912 663 965 l.
722 931 740 965 ‹
796 909 921 966 Νοη
970 909 1161 966 timebit
1202 911 1373 965 domui
1426 925 1533 965 sua:
1563 926 1597 963 a
1638 907 1917 981 frigoribus
1954 908 2119 973 nivis;

541 1021 717 1060 omnes
773 1004 912 1058 enim
968 1003 1235 1058 domestici
1290 1005 1400 1075 ejus
1446 1003 1613 1056 vestiti
1662 1007 1781 1054 sunt
1833 998 2121 1067 duplicibus

542 1102 720 1172 (Prov.
752 1119 898 1170 xxxi,
928 1092 1039 1173 21).
1070 1102 1222 1156 Anno
1252 1100 1315 1155 ab
1342 1099 1716 1155 lncarnatione
1759 1096 1970 1151 Domini
2007 1095 2121 1151 fere

540 1194 822 1248 millesimo
851 1195 1141 1250 centesimo
1177 1192 1589 1262 quadragesimo
1626 1190 1854 1260 septimo
1903 1189 2120 1247 nuntius

540 1286 730 1341 summi
761 1284 937 1355 Regis,
968 1285 1215 1340 videlicet
1245 1285 1496 1355 angelus,
1538 1299 1697 1354 quem
1745 1282 1908 1337 mittit
1940 1282 2122 1337 Domi-

539 1394 639 1433 nus
686 1379 737 1434 in
781 1378 1005 1434 circuitu
1056 1379 1359 1434 timentium
1388 1392 1512 1433 eum
1542 1374 1767 1447 (Psalm.
1796 1390 1995 1438 xxxttt,
2038 1372 2117 1444 8),

540 1484 673 1524 unus
701 1484 765 1522 ex
810 1470 889 1524 eis
916 1470 1008 1539 qui
1039 1484 1255 1539 semper
1282 1468 1467 1524 vident
1511 1466 1699 1523 faciem
1728 1465 1902 1522 Patris
1930 1466 2019 1537 qui
2066 1466 2119 1520 in

537 1560 683 1615 caelis
713 1568 795 1616 est
828 1558 1040 1632 (Matth.
1076 1577 1225 1627 xvttt,
1256 1560 1380 1633 i0),
1424 1560 1563 1617 felici
1612 1575 1827 1615 rumore
1856 1559 2122 1615 nuntiavit

534 1650 586 1703 in
618 1652 764 1705 curia
794 1653 989 1708 summi
1020 1650 1367 1721 Imperatoris
1390 1693 1408 1721 ,
1447 1651 1537 1721 qui
1569 1651 1801 1721 imperat
1826 1651 2033 1714 ventis,
2066 1658 2121 1706 et

534 1741 669 1795 mari
700 1740 865 1811 (Ibid.
897 1757 1011 1810 vrtt,
1032 1741 1145 1812 26),
1177 1743 1377 1813 parari,
1404 1742 1491 1798 vel
1519 1743 1699 1813 potius
1733 1741 1974 1814 reparari
2014 1741 2115 1796 do-

2143 440 2193 501 Α
2222 439 2499 496 militatem
2521 451 2889 514 repraesentat.
2919 442 3066 502 Nosti
3088 445 3275 515 etiam,
3298 445 3663 510 beatissimam
3685 453 3849 513 Vir-

2222 533 2397 602 ginem
2428 546 2652 592 matrem
2683 537 2892 594 Domini
2924 549 3149 610 utroque
3178 544 3487 613 specialiter
3529 546 3693 605 fuisse
3716 566 3847 605 ve-

2222 626 2423 681 stitam.
2460 624 2611 683 Unde
2642 640 2695 683 et
2736 631 2801 687 dc
2846 647 2908 685 ea
2952 633 3209 702 scriptum
3257 644 3377 691 est:
3409 636 3587 693 Gloria
3620 631 3843 698 Libani

2222 714 2343 770 duta
2372 726 2448 772 est
2478 720 2524 772 ei
2555 736 2575 774 :
2604 719 2757 775 decor
2785 722 3025 790 Carmeli,
3064 735 3112 779 et
3138 726 3310 781 Saron
3343 724 3500 799 (Isai.
3533 746 3697 797 xxxv,
3725 733 3837 806 2).

2222 806 2289 863 Et
2319 810 2430 881 ipsa
2460 812 2527 867 de
2547 829 2605 869 se
2633 814 2706 868 ait
2732 832 2744 867 :
2780 814 2913 880 Quia
2938 819 3158 888 respexit
3189 817 3438 876 Dominus
3466 823 3835 881 humilitatem

2220 906 2426 960 ancilla
2451 923 2558 961 sua
2589 905 2741 980 (Luc.
2764 926 2801 976 ι,
2834 908 2943 982 68).
2978 908 3035 965 1η
3075 922 3331 984 apparatu
3357 929 3571 991 quoque
3616 916 3831 974 harum

2222 997 2449 1051 vestium
2475 997 2614 1052 idem
2645 997 2971 1068 attenditur;
3004 1020 3127 1058 nam
3158 1004 3323 1059 vestis
3352 1004 3491 1060 linea
3517 1008 3688 1065 multo
3729 1009 3832 1064 la-

2220 1085 2352 1142 bore
2378 1097 2432 1143 et
2460 1088 2774 1145 dillicultate
2808 1092 3115 1162 perﬁcitur;
3142 1111 3247 1149 non
3281 1112 3450 1168 usque
3476 1096 3612 1153 adeo
3642 1102 3830 1157 vestis

2222 1178 2397 1236 lanea.
2438 1180 2516 1236 Ad
2548 1182 2691 1239 hunc
2720 1185 2933 1240 modum
2965 1188 3223 1242 munditia
3255 1190 3499 1260 corpmis
3528 1191 3697 1245 multo
3724 1191 3824 1245 la-

2221 1271 2352 1327 bore
2382 1274 2661 1347 multoque
2690 1285 2887 1331 conatu
2908 1277 3111 1333 utiliter
3136 1279 3384 1347 habetur,
3410 1289 3466 1336 et
3484 1282 3817 1349 custoditur,

2222 1370 2409 1434 utpote
2437 1365 2523 1419 cui
2551 1366 2750 1421 resistit
2778 1367 2867 1423 lex
2892 1368 3271 1435 membrorum,
3306 1370 3477 1427 fomes
3504 1382 3561 1427 et
3581 1371 3827 1440 languor

2221 1464 2447 1524 natura},
2473 1457 2720 1515 stimulus
2742 1461 2937 1522 carnis.
2968 1476 3127 1530 quem
3160 1464 3270 1534 pati
3298 1478 3356 1519 se
3385 1464 3547 1519 etiam
3571 1465 3825 1535 Aposto—

2220 1545 2303 1601 lus
2324 1544 2413 1617 (II
2435 1545 2553 1600 Cor.
2589 1563 2685 1616 xtt,
2710 1549 2763 1619 Ἰ)
2794 1548 3100 1616 conﬁtetur,
3125 1568 3310 1624 prava,
3334 1562 3389 1610 et
3415 1554 3560 1609 ﬂuxa
3584 1572 3827 1612 consue-

2223 1639 2369 1704 tudo,
2403 1641 2640 1695 exterior
2668 1642 2855 1698 aliena:
2885 1645 3023 1700 cutis
3047 1646 3363 1704 illecebrosa
3394 1650 3644 1718 tentatio,
3669 1651 3819 1705 inte-

2220 1730 2333 1785 rior
2361 1732 2533 1787 hostis
2560 1733 2825 1789 incentiva
2850 1739 3140 1807 suggestio.

534 1846 679 1885 mum
719 1831 861 1885 beati
893 1829 1098 1900 lsidori,
1141 1831 1472 1904 Hispalensis
1499 1834 1769 1904 quondam
1800 1834 2115 1904 metropoli-

2292 1820 2347 1875 ὅ.
2394 1840 2414 1873 ι
2449 1820 2525 1875 De
2568 1824 2679 1879 Iino
2724 1835 2904 1881 autem
2946 1830 3161 1897 planum
3208 1837 3317 1895 est,
3362 1830 3487 1901 quia
3516 1832 3816 1902 primum:

536 1922 649 1976 taui
672 1923 929 1993 episcopi,
963 1924 1098 1978 intra
1130 1940 1312 1981 muros
1338 1925 1484 1981 urbis
1512 1924 2114 1996 Legionensisfreligio-

536 2026 719 2065 sorum
741 2011 1055 2067 clericorum
1078 2013 1252 2068 ordini
1272 2022 1327 2070 et
1348 2014 1743 2072 inhabitationi.
1760 2014 1878 2083 Quo
1899 2030 2118 2070 rumore

537 2109 805 2173 suscepto,
831 2103 1147 2159 venerabilis
1168 2101 1329 2160 Pater
1358 2106 1682 2175 Augustinus
1702 2105 1981 2162 catholico
2005 2105 2116 2161 Ec-

539 2190 715 2246 clesia':
740 2192 930 2249 doctor
955 2196 1199 2265 egregius
1223 2237 1237 2262 ,
1281 2196 1704 2265 gratulabundus
1730 2206 1787 2254 et
1820 2197 2113 2265 exsultans,

538 2279 811 2338 dominum
869 2282 1135 2341 Isidorqu
1181 2287 1319 2341 inter
1373 2287 1709 2346 confessores
1764 2290 2115 2362 pchcipuum,

538 2374 719 2428 nescio
741 2374 867 2446 quid
890 2391 1070 2432 secum
1100 2379 1446 2441 meditantem
1466 2423 1481 2449 ,
1505 2380 1749 2449 intuens,
1778 2382 1859 2438 sic
1885 2398 2008 2439 eum
2036 2383 2117 2438 al-

539 2459 773 2534 loquitur
806 2487 817 2520 :
850 2467 987 2535 Quid
1015 2478 1133 2539 est,
1176 2470 1469 2528 reverende
1506 2472 1704 2542 frater,
1749 2476 1891 2546 quod
1940 2486 2118 2531 tecum

537 2554 751 2611 volvis?
792 2556 1038 2629 Nunquid
1094 2560 1295 2631 aliquid
1339 2561 1408 2618 de
1450 2563 1739 2635 Scripturis
1787 2567 2119 2639 exponendis

537 2647 849 2704 meditaris?
889 2650 996 2707 Sed
1041 2652 1094 2707 iu
1133 2654 1233 2710 bac
1274 2654 1443 2723 patria
1480 2657 1760 2727 spirituum
1808 2660 2034 2730 caelum,
2065 2659 2117 2713 id

537 2745 618 2791 est
666 2736 980 2809 Scriptura,
1046 2758 1153 2798 non
1207 2745 1514 2801 extenditur
1576 2748 1713 2803 sicut
1780 2750 1966 2820 pellis,
2023 2750 2118 2805 scd

534 2826 767 2896 plicatur
814 2830 953 2885 sicut
997 2831 1132 2887 liber
1186 2831 1343 2904 (lsai.
1391 2851 1585 2904 xxxiv,
1628 2837 1685 2908 4)
1737 2854 1884 2895 :nec
1933 2840 2118 2910 plebes

532 2916 771 2974 doctrina
818 2921 1061 2992 indigere
1089 2928 1399 2994 cognoscis,
1430 2931 1553 3001 quia
1586 2929 1673 2985 hic
1712 2931 1960 3001 impletur
1988 2930 2118 2988 illud

530 3013 679 3082 quod
731 3015 991 3087 scriptum
1041 3030 1125 3074 est
1179 3038 1192 3073 :
1241 3019 1364 3077 Non
1419 3022 1617 3077 docebit
1683 3026 1758 3078 uir
1824 3027 2119 3095 proximum

532 3114 680 3154 suum
711 3143 726 3167 ,
758 3120 934 3159 omnes
959 3107 1095 3159 enim
1118 3120 1425 3179 cognoscent
1449 3127 1529 3164 me
1555 3128 1586 3165 a
1614 3113 1828 3168 minimo
1857 3130 2016 3186 usque
2050 3116 2119 3169 ad

2220 1920 2362 1968 terra
2389 1916 2662 1986 avellitur,
2693 1917 2891 1975 deinde
2919 1920 2969 1975 in
3002 1921 3283 1979 fasciculos
3310 1926 3620 1996 colligatur,
3648 1927 3701 1981 in
3725 1927 3815 1982 la-

2218 2022 2340 2062 cum
2368 2007 2702 2079 demittitur,
2737 2014 2802 2067 ad
2847 2016 3018 2070 solem
3053 2019 3392 2084 exsiccetur,
3424 2020 3723 2089 quisquiliis
3751 2029 3817 2079 et

2217 2102 2740 2183 stupaemundatur,
2773 2121 2871 2177 per
2897 2107 3075 2162 colum
3104 2110 3157 2163 in
3188 2110 3273 2163 illa
3304 2112 3585 2181 redigitur,
3609 2114 3664 2167 in
3686 2114 3813 2183 glo-

2218 2208 2336 2247 mos
2362 2181 2748 2263 complicatur,
2790 2199 2842 2252 in
2870 2200 3030 2254 telam
3059 2201 3369 2258 extenditur
3394 2212 3451 2258 et
3478 2181 3808 2274 contexitur,

2219 2286 2434 2341 tandem
2463 2288 2716 2345 inciditur
2760 2300 2816 2347 et
2855 2293 3102 2361 insuitur,
3153 2304 3209 2350 et
3248 2298 3325 2351 sic
3369 2300 3810 2369 superpellicium

2219 2390 2450 2453 aptatur.
2484 2382 2673 2441 Linum
2700 2390 2841 2442 enim
2872 2391 2938 2444 de
2964 2398 3108 2447 terra
3147 2392 3345 2458 oritur,
3376 2408 3475 2463 per
3502 2395 3646 2463 quod
3675 2410 3813 2451 cau-

2218 2473 2352 2529 dens
2391 2475 2555 2532 decor
2583 2477 2860 2535 munditiae
2884 2518 2900 2546 ,
2948 2489 3005 2536 et
3036 2483 3333 2553 corporalis
3367 2492 3527 2554 atque
3552 2486 3813 2555 spiritalis

2219 2568 2440 2622 castitas
2463 2568 2790 2638 designatur.
2816 2569 3007 2625 Linum
3028 2586 3157 2643 ergo
3180 2574 3409 2644 primum
3437 2590 3466 2628 a
3489 2582 3636 2629 terra
3658 2574 3813 2631 avel-

2220 2657 2379 2721 litur,
2409 2661 2533 2730 quia
2568 2662 2873 2731 quicunque
2914 2676 3076 2718 causa
3114 2665 3322 2719 timoris
3359 2673 3413 2721 et
3458 2667 3658 2721 amoris
3712 2666 3813 2722 Dei

2221 2749 2536 2804 munditiam
2564 2754 2829 2807 castitatis
2868 2754 3065 2810 habere
3092 2756 3394 2823 desiderat,
3452 2773 3676 2813 necesse
3704 2766 3809 2825 est,

2222 2847 2282 2895 ut
2304 2843 2529 2910 primum
2565 2851 2855 2911 terrenam,
2890 2860 2951 2900 ac
2980 2851 3293 2903 saecularem
3335 2851 3810 2905 conversationem

2222 2932 2454 3001 deserat,
2488 2951 2655 3003 seque
2685 2937 2859 3005 ipsum
2888 2940 3134 2995 societati
3165 2942 3539 3011 religiosorum
3571 2945 3810 2999 virorum

2224 3026 2534 3095 conjungat.
2586 3026 2895 3097 Congruum
2947 3040 3033 3087 est
3076 3034 3240 3087 etiam
3283 3034 3409 3089 inde
3453 3038 3813 3107 corporaliter

2222 3116 2449 3185 quisque
2478 3117 2661 3191 [Forte
2687 3122 2979 3196 quemque]
3018 3126 3308 3194 recedere,
3350 3128 3438 3183 ubi
3477 3143 3536 3183 se
3566 3130 3813 3185 meminit

533 3194 787 3265 majorem
826 3194 958 3263 (Jer.
994 3212 1149 3264 χιιι,
1180 3199 1293 3271 54).
1337 3203 1469 3257 Cum
1509 3210 1718 3272 autem,
1771 3214 1831 3261 ut
1872 3208 2113 3277 videtur,
2146 3195 2192 3257 Ο
2225 3211 2369 3264 vitiis
2398 3211 2722 3267 deservisse.
2763 3194 3091 3286 Plerumque
3123 3220 3267 3272 enim
3314 3219 3439 3272 dum
3466 3228 3707 3275 mutatur
3734 3222 3814 3275 lo-

534 3281 601 3337 de
647 3285 906 3353 regimine
949 3296 1005 3344 et
1053 3290 1400 3360 dispositione
1443 3293 1804 3351 Ecclesiarum
1856 3300 2119 3359 sollicitus

532 3374 626 3442 sis,
662 3383 839 3432 tamen
875 3378 942 3434 de
966 3395 1030 3435 ea
1057 3395 1177 3450 quae
1206 3390 1258 3439 te
1284 3385 1573 3455 spiritalius
1601 3386 1782 3462 [Forte
1811 3390 2116 3464 specialius]

534 3466 953 3542 familiariusque
974 3475 1255 3547 contingit,
1283 3478 1443 3535 decet
1465 3490 1522 3534 ut
1546 3482 1872 3537 solliciteris.
1902 3483 2119 3553 Loquor

535 3568 713 3615 autem
743 3563 809 3617 de
837 3580 900 3620 ea
929 3581 1048 3637 quas
1078 3570 1218 3625 intra
1246 3586 1427 3628 muros
1453 3575 1598 3631 urbis
1628 3575 1975 3646 Legionensis
1999 3582 2118 3636 tlte-

532 3667 751 3711 saurum
780 3662 1023 3729 corporis
1045 3664 1123 3719 tui
1141 3666 1443 3737 continens,
1465 3670 1728 3741 religiosis
1748 3672 1960 3729 clericis
1984 3690 2119 3745 pra:-

534 3758 756 3818 paratur
785 3752 1149 3811 inhabitanda.

603 3839 655 3895 2.
704 3859 723 3893 ‹
758 3840 839 3897 Ad
872 3844 984 3902 haec
1006 3848 1251 3907 dominus
1298 3853 1529 3911 Isidorus
1558 3874 1570 3911 :
1601 3856 1890 3928 Sollicitor,
1922 3860 2114 3933 inquit,

532 3946 694 4001 super
722 3933 835 4003 his;
878 3938 971 3993 sed
998 3941 1261 4012 pra-cipue
1287 3943 1354 4001 de
1384 3948 1707 4007 indumentis
1730 3950 1843 4008 Deo
1871 3953 2116 4009 servien-

532 4027 661 4081 tium
693 4028 744 4081 in
780 4028 942 4085 domo
976 4032 1065 4088 illa
1093 4036 1450 4095 clericorum:
1478 4043 1585 4115 B5
1619 4060 1741 4099 nam
1767 4048 1932 4102 victui
1968 4048 2116 4117 ipso-

530 4132 647 4171 rum
684 4118 792 4185 jam
818 4126 1121 4179 necessaria
1159 4141 1231 4182 ex
1254 4138 1443 4198 magna
1479 4142 1630 4200 parte
1669 4138 1874 4206 paravi,
1906 4146 1961 4192 et
1989 4139 2114 4194 reli-

530 4222 632 4274 qua
658 4207 1008 4266 sulticientius
1034 4217 1379 4284 prosperabo;
1412 4220 1502 4273 sed
1530 4230 1674 4276 terra
1698 4223 1787 4279 illa
1810 4242 1917 4281 non
1943 4230 2112 4285 abun-

530 4296 623 4351 dat
663 4298 919 4355 vestibus.
962 4300 1096 4357 Volo
1125 4314 1302 4359 autem
1330 4348 1345 4373 ,
1389 4324 1483 4365 eos
1532 4312 1791 4369 habentes
1834 4319 2029 4374 victum
2061 4330 2114 4377 et

530 4389 798 4454 vestitum,
821 4391 887 4445 iis
915 4400 1200 4449 contentos
1238 4412 1356 4452 esse
1387 4398 1442 4468 (I
1474 4400 1607 4456 Tim.
1652 4420 1736 4469 γι,
1768 4404 1845 4478 8).
1880 4410 1957 4463 Ad
2001 4413 2115 4470 haec

534 4477 697 4533 Pater
724 4481 1074 4553 Augustinus,
1097 4483 1161 4539 Et
1188 4502 1311 4556 ego,
1343 4490 1540 4559 inquit,
1570 4498 1861 4563 providebo
1892 4502 1973 4557 bis
1994 4504 2114 4561 liliis

2221 3316 2357 3369 cus,
2400 3312 2638 3358 mutatur
2668 3306 2831 3360 etiam
2871 3309 3069 3363 mentis
3112 3308 3353 3365 aﬂ'ectus.
3400 3310 3603 3366 Deinde
3646 3312 3812 3368 linum

2220 3394 2329 3463 66
2356 3395 2408 3449 in
2449 3395 2762 3451 fascisculos
2793 3398 3107 3468 colligatur,
3150 3404 3276 3470 quia
3305 3412 3516 3473 oportet
3547 3403 3695 3457 illum
3719 3404 3811 3474 qui

2221 3488 2367 3555 prius
2396 3489 2685 3543 carnaliter
2717 3491 2947 3547 vivendo
2973 3506 3071 3561 per
3100 3494 3316 3549 illicitos
3338 3503 3489 3551 actus
3516 3493 3808 3564 deﬂuebat,

2224 3587 2282 3633 ut
2313 3581 2526 3636 vinculo
2550 3582 2742 3639 divinat
2780 3586 3059 3644 charitatis
3085 3588 3376 3644 obstrictus
3406 3606 3528 3645 sese
3557 3592 3696 3645 intra
3728 3592 3812 3647 sui

2220 3673 2398 3726 cordis
2444 3674 2731 3743 hospitium
2779 3678 3079 3748 recolliget.
3126 3679 3316 3734 Linum
3348 3690 3471 3750 post
3499 3682 3612 3736 hazc
3642 3682 3693 3736 in
3733 3684 3814 3737 la-

2221 3777 2341 3817 cum
2373 3764 2693 3822 demittitur.
2729 3767 2831 3824 Per
2861 3770 3060 3841 lacum,
3091 3774 3215 3843 quia
3256 3788 3471 3843 semper
3489 3783 3575 3830 est
3596 3776 3649 3829 in
3674 3777 3809 3843 imo,

2218 3858 2563 3927 compunctio
2593 3862 2771 3916 cordis
2808 3863 3100 3933 ﬁguratur;
3130 3868 3255 3937 quia
3284 3868 3423 3923 sicut
3454 3868 3620 3924 linum
3644 3871 3697 3925 in
3727 3871 3815 3925 la-

2220 3960 2339 4002 cum
2368 3949 2553 4022 (Forte
2580 3952 2633 4006 in
2662 3954 2803 4026 lacu]
2832 3956 3121 4013 inundatur
3148 3968 3203 4014 et
3230 3958 3483 4027 abluitur,
3512 3962 3584 4017 ita
3625 3978 3821 4034 pecca-

2219 4044 2306 4093 tor
2350 4041 2403 4094 in
2455 4042 2703 4114 lacrymis
2730 4050 3158 4116 compunctionis
3183 4092 3199 4119 ,
3242 4067 3363 4121 quae
3391 4068 3513 4109 cum
3544 4058 3818 4125 proiundo

2218 4132 2418 4198 gemitu
2448 4136 2684 4203 pectoris
2712 4139 2979 4205 oriuntur,
3010 4156 3040 4196 a
3066 4144 3304 4212 [reccatis
3331 4154 3388 4201 et
3408 4146 3553 4202 vitiis
3580 4148 3818 4201 munda-

2219 4228 2307 4273 tur
2332 4228 2497 4292 atque
2518 4225 2773 4281 abluitur.
2804 4229 3006 4287 Deinde
3027 4234 3095 4288 ad
3115 4234 3286 4289 solem
3316 4238 3639 4293 exsiccatur.
3666 4238 3815 4295 Deus

2218 4321 2300 4369 est
2327 4329 2486 4373 verus
2516 4319 2596 4373 sol
2618 4317 2869 4389 justitiae,
2910 4340 2941 4379 a
2966 4325 3119 4395 cujus
3150 4328 3333 4384 calore
3362 4345 3520 4385 nemo
3543 4346 3602 4386 se
3628 4341 3816 4402 potest

2217 4410 2572 4483 abscondere,
2605 4417 2814 4474 scilicet
2841 4421 2908 4476 ab
2928 4422 3044 4490 ejus
3072 4425 3397 4493 cognitione.
3427 4427 3622 4482 Calore
3644 4429 3815 4497 igitur

2216 4510 2402 4561 aeterni
2434 4510 2564 4565 solis
2594 4512 2904 4568 exsiccatur
2929 4516 2981 4569 in
3012 4516 3230 4573 homine
3264 4518 3480 4574 illicitus
3510 4520 3705 4574 humor
3740 4520 3813 4575 lio

530 4569 992 4677 tuis-indumenta.
1032 4574 1247 4645 Legitur
1279 4587 1456 4634 autem
1485 4584 1624 4651 apud
1656 4586 1997 4646 Salomouem
2038 4595 2107 4649 de
2139 4593 2187 4650 D
2214 4597 2439 4663 bidinis;
2472 4603 2601 4671 quia
2631 4605 2774 4661 illius
2801 4622 3089 4663 succensus
3112 4610 3454 4677 cognitione,
3489 4627 3552 4667 ac
3591 4612 3814 4670 fervore

530 4658 754 4715 muliere
775 4667 1033 4732 qualant,
1066 4668 1209 4737 quod
1238 4686 1341 4724 non
1369 4673 1561 4727 timebit
1598 4675 1770 4733 domui
1799 4696 1908 4737 sua:
1936 4701 1969 4738 α
2010 4688 2110 4757 fri-

527 4749 734 4821 goribus
758 4755 889 4807 nivis
922 4755 1100 4825 (Prov.
1127 4775 1283 4823 xxxr,
1309 4759 1418 4833 21),
1463 4774 1518 4819 et
1543 4778 1759 4823 czetera.
1804 4771 1880 4825 De
1909 4749 2019 4844 qua
2055 4786 2112 4834 et

526 4842 721 4897 ibidem
751 4846 995 4901 subditur
1023 4866 1037 4903 :
1072 4848 1303 4918 Operata
1331 4863 1408 4909 est
1447 4860 1609 4914 tinum
1631 4872 1681 4916 et
1710 4864 1886 4921 lanam
1919 4842 2109 4942 (Ibid.,

530 4932 639 5003 15).
697 4934 773 4988 Ad
828 4936 970 5029 hunc
1007 4953 1135 5008 ergo
1166 4945 1381 5000 modum
1422 4962 1521 5018 ego
1568 4951 1651 5009 his
1710 4956 1870 5029 tiliis,
1913 4932 1968 5017 et
2007 4932 2107 5020 do:

524 5029 761 5083 mesticis
788 5028 889 5083 tuis
915 5039 1119 5087 vestem
1150 5032 1419 5106 duplicem
1450 5056 1518 5098 ex
1554 5045 1664 5103 lino
1708 5028 1937 5122 lanaque
1976 5072 2109 5114 con-

525 5127 723 5173 textam
751 5120 932 5193 [Forte
960 5126 1283 5201 contexam],
1327 5139 1757 5206 superpellicium
1804 5120 2016 5205 scilicet
2053 5161 2111 5209 et

524 5223 714 5283 capam
736 5255 750 5276 ,
798 5214 850 5266 in
877 5227 1104 5284 quorum
1134 5220 1305 5277 altero
1327 5228 1671 5299 munditiam,
1703 5234 1753 5289 in
1782 5236 1953 5295 altero
1985 5243 2108 5300 volo

525 5300 883 5359 humilitatem
922 5307 1172 5380 intelligi;
1204 5315 1347 5383 quod
1382 5331 1449 5373 ex
1502 5320 1735 5391 ipsarum
1770 5343 1986 5401 quoque
2016 5352 2112 5392 ve-

518 5396 679 5450 stium
702 5397 886 5455 colore
908 5408 962 5454 et
983 5415 1246 5472 apparatu
1272 5415 1449 5477 potest
1473 5417 1710 5482 agnosci.
1743 5396 1876 5475 Nam
1898 5396 2104 5497 corpor-

517 5488 592 5543 ris
619 5490 879 5546 munditia
908 5497 1200 5553 candorem
1236 5499 1431 5567 habet,
1477 5512 1531 5559 et
1560 5506 1783 5576 nigrch
1815 5519 1975 5573 vestis
2004 5488 2106 5577 hu-

592 5642 1025 5737 :anlfllicet
1063 5664 1293 5737 sequens
1319 5672 1500 5737 sermo
1540 5663 1591 5737 in
1610 5670 1979 5737 (translatione
2006 5678 2104 5737 Isi-

517 5714 1261 5810 dgtjhdeﬂu‘a‘necAvcrburn
1283 5727 1447 5810 ullum
1478 5714 2104 5810 exi-tibiath

516 5787 925 5856 pratitulentur,
950 5791 1089 5847 haud
1108 5792 1266 5852 facile
1291 5787 2100 5881 suspicaretur}{3:135:st

2214 4690 2511 4760 cbaritatis,
2540 4696 2723 4751 statim
2747 4700 2955 4755 recedit
2983 4702 3050 4755 ab
3082 4700 3379 4757 intentione
3408 4704 3558 4773 pravi
3599 4705 3807 4774 operis.

2214 4782 2501 4840 Mundatur
2530 4790 2692 4843 etiam
2734 4792 2899 4847 linum
2933 4795 3001 4848 ab
3026 4806 3182 4864 stupa
3214 4803 3269 4849 et
3290 4796 3626 4866 quisquiliis,
3675 4799 3809 4867 quia

2213 4876 2439 4944 quilubet
2462 4894 2752 4937 conversus
2778 4899 2876 4954 per
2895 4886 3268 4954 pcenitentiam
3291 4888 3583 4944 inundatur
3602 4891 3669 4946 ab
3697 4891 3809 4946 illi-

2212 4968 2333 5023 citis
2373 4977 2428 5023 et
2474 4975 2819 5041 supervacuis
2861 4977 3183 5034 actionibus.
3210 4978 3399 5036 Linum
3434 4982 3560 5038 item
3586 4999 3684 5053 per
3710 4999 3811 5040 co—

2214 5061 2322 5116 lum
2353 5064 2406 5119 in
2434 5065 2520 5120 iila
2546 5066 2823 5136 redigitur.
2856 5071 3045 5127 Colum
3074 5081 3315 5141 gestator
3342 5076 3394 5130 in
3423 5077 3638 5132 sinistra
3656 5117 3675 5144 ,
3721 5075 3808 5132 iu-

2212 5170 2328 5211 sum
2379 5172 2508 5213 vero
2557 5160 2609 5216 in
2659 5162 2876 5218 dextera
2912 5184 2924 5219 :
2957 5176 3011 5220 et
3058 5169 3198 5223 sicut
3236 5168 3573 5225 descendunt
3622 5168 3808 5228 ﬁla-de

2210 5249 2332 5306 colo
2353 5290 2368 5316 ,
2409 5251 2486 5308 sic
2528 5269 2716 5311 omnes
2760 5268 2909 5312 actus
2940 5260 3083 5314 servi
3111 5259 3206 5316 Dei
3229 5260 3296 5315 de
3324 5262 3526 5330 prmlati
3556 5263 3638 5318 sui
3670 5277 3806 5333 pen-

2210 5339 2341 5395 dent
2368 5343 2619 5411 arbitrio,
2651 5346 2726 5401 ita
2754 5355 2814 5401 ut
2858 5348 2989 5403 nihil
3017 5350 3068 5405 ei
3096 5363 3256 5419 agere
3298 5352 3461 5408 liceat
3496 5354 3615 5409 sine
3657 5352 3804 5408 illius

2209 5434 2456 5491 consilio.
2490 5437 2690 5492 Deinde
2738 5438 2791 5493 in
2838 5440 3045 5507 glomos
3096 5443 3495 5513 complicatur;
3527 5443 3654 5513 quia
3697 5441 3801 5498 sub

2208 5526 2433 5599 imperio
2455 5529 2536 5586 sui
2560 5532 2835 5603 praepositi
2865 5535 3224 5605 restringitur.
3266 5534 3395 5592 Post
3418 5538 3532 5594 base
3552 5538 3605 5594 in
3635 5537 3797 5593 telam

2208 5696 2381 5767 vertat
2411 5686 2661 5767 (fortasse
2684 5700 2855 5767 uersat
2876 5733 2891 5759 ,
2928 5708 3023 5748 seu
3056 5695 3229 5767 vertit)
3268 5697 3321 5753 in
3353 5712 3414 5753 re
3443 5696 3665 5754 omnino
3695 5696 3798 5753 mi-

2206 5758 2413 5840 randa,
2458 5760 2619 5840 cuius
2656 5762 2831 5840 fidem
2880 5758 3054 5840 penes
3100 5758 3367 5827 lectorem
3413 5768 3791 5840 relinun

2207 5824 2375 5899 (Nota
2404 5824 2616 5887 edito'ris
2646 5831 2708 5888 S.
2736 5824 3002 5905 Hartini.)
