4048 6364
217 366 279 431 6|
1272 348 1688 421 lSlbORlANA.
1726 389 1799 403 -
1837 358 2018 417 rans
2059 359 2100 415 ι.
2141 356 2302 416 CAP.
2341 358 2413 416 XI
3418 364 3484 426 σε

223 486 522 548 extenditur
549 492 605 543 et
627 483 952 548 contexitur,
978 480 1127 547 dum,
1146 474 1369 551 iubente
1394 479 1638 550 prmlato,
1668 475 1799 531 foris
1825 471 1877 537 Α
1903 472 2064 529 beato
2094 472 2389 544 Augustino
2414 472 2745 530 sufficienter
2773 475 2902 531 estis
2932 474 3215 544 instructi,
3242 483 3297 532 et
3323 490 3488 547 regu-

220 596 273 642 et
300 585 441 640 intus
471 579 837 644 discurrendo,
863 579 1002 633 bona
1028 592 1099 647 qu
1118 597 1142 625 ι·
1166 582 1344 646 potest
1366 580 1641 644 operatur.
1664 568 1796 625 Tela

218 674 429 733 tandem
460 672 743 740 inciditur,
775 680 828 727 et
854 671 1116 733 insuitur,
1168 668 1295 723 dum
1340 682 1529 723 servus
1559 663 1654 720 Dei
1683 679 1801 735 per-

219 764 354 822 fecte
381 762 637 820 mttndum
683 762 1018 827 contemnit,
1061 759 1291 815 visibilia
1321 757 1583 829 despicit,
1633 771 1799 825 seque

218 857 387 928 ipsum
418 857 469 909 in
499 850 955 925 contemplatione
990 851 1071 907 sui
1113 850 1386 906 Creatoris
1415 850 1681 905 introrsus
1709 864 1799 903 re-

217 948 447 1019 colligit;
486 948 641 1019 quasi
673 945 783 1017 jam
816 961 845 1000 a
878 944 1107 1000 tumultu
1136 944 1419 1014 praesentis
1456 942 1637 997 saeculi
1676 939 1803 995 inci-

216 1036 377 1108 ditur,
429 1046 484 1095 et
520 1047 735 1095 aeterna:
779 1036 964 1108 patria:
993 1035 1198 1090 civibus
1236 1041 1417 1089 mente
1438 1040 1501 1088 ‘et
1532 1031 1801 1088 desiderio

215 1128 458 1197 insuitur,
491 1128 597 1184 hoc
625 1136 707 1183 est
735 1127 1046 1191 innectitur,
1098 1135 1155 1179 ut
1202 1123 1541 1179 dulcedinem
1568 1122 1802 1178 caelestis

215 1220 400 1291 regni,
456 1234 616 1290 quam
647 1216 888 1291 perfecte
912 1217 1147 1274 nondum
1179 1224 1381 1289 potest,
1408 1216 1597 1271 saltem
1628 1214 1803 1287 suspi-

214 1312 380 1367 rando
411 1311 692 1381 degustet;
737 1318 792 1365 et
833 1308 911 1365 sic
937 1309 1375 1380 superpeliieium
1404 1306 1570 1363 totius
1600 1306 1803 1362 mundi-

213 1403 317 1468 tiae,
350 1410 406 1458 et
430 1402 731 1458 honestatis
754 1408 974 1471 aptatur
994 1444 1010 1471 ,
1044 1402 1170 1471 quia
1195 1400 1304 1471 jam
1335 1398 1583 1456 societati
1606 1398 1783 1470 perle-

212 1503 419 1550 ctorum
453 1495 678 1550 idoneus
706 1495 954 1551 eliicitur.

280 1584 331 1639 4.
379 1604 397 1637 ι
437 1585 556 1640 .fam
588 1602 683 1656 per
706 1586 803 1641 Dei
830 1586 1079 1656 gratiam,
1114 1585 1328 1651 fratres,
1368 1584 1805 1657 superpelllcium

212 1676 453 1743 habetis;
499 1676 595 1732 sed
625 1685 802 1733 tamen
833 1679 993 1734 ovina
1023 1693 1159 1749 eapa
1188 1677 1363 1732 adhuc
1392 1677 1660 1746 indigetis.
1698 1675 1804 1731 La-

211 1774 307 1823 hea
350 1776 402 1823 et
460 1768 608 1838 nigra
653 1772 818 1826 vestis
868 1771 1231 1826 humilitatem
1279 1770 1513 1825 insinuat
1541 1768 1803 1838 religiosa:

1905 565 2107 620 laribus
2136 566 2491 635 vestimentis,
2537 565 2791 621 videlicet
2830 567 3212 638 superpellicio
3242 574 3296 621 et
3323 582 3486 637 capa,

1902 657 2185 726 duiiiiciter
2206 654 2398 714 induti.
2423 656 2480 712 In
2501 657 2903 727 superpeliicio,
2932 660 3069 713 sicut
3102 658 3213 729 jam
3242 658 3489 729 supradi-

1900 758 2046 804 etum
2077 758 2179 816 est,
2210 748 2465 805 munditia
2514 751 2711 806 mentis
2754 760 2808 805 et
2857 751 3102 821 corporis
3150 750 3485 821 designatur.

1901 841 2104 899 Cavete
2130 843 2312 912 igitur,
2334 843 2549 909 fratres,
2576 859 2644 898 ne
2675 842 2857 899 subter
2886 843 3491 913 superpelliciutndam-

1902 936 2094 992 nabilis
2123 935 2290 990 lateat
2319 934 2628 992 fornicatio.
2675 935 2803 991 Mihi
2834 936 3078 1005 credite;
3109 936 3489 1008 superpellicio

1904 1043 2010 1082 non
2050 1026 2307 1092 induitur,
2350 1029 2594 1098 quisquis
2622 1026 2987 1085 fornicatione
3035 1028 3308 1101 polluitur.
3355 1028 3490 1096 Quid

1904 1120 2123 1191 prodest
2167 1120 2298 1175 foris
2325 1127 2449 1177 ante
2494 1121 2681 1177 oculos
2727 1122 3006 1177 hominum
3058 1122 3493 1193 superpcflicium

1905 1213 2192 1269 ostendere
2231 1229 2371 1284 aqua
2411 1214 2674 1281 ablutum,
2728 1223 2782 1271 et
2825 1215 2970 1270 intus
3015 1224 3142 1271 ante
3173 1216 3362 1270 oculos
3399 1213 3496 1270 Dei

1910 1312 2128 1375 portare
2194 1320 2392 1375 corpus
2441 1304 2798 1360 fornicatione
2855 1305 3157 1376 pollutum?
3210 1305 3317 1359 Aut
3368 1302 3497 1376 quid

1904 1397 2126 1470 prodest
2149 1396 2284 1469 foris
2298 1397 2351 1451 in
2374 1405 2667 1467 conspectu
2691 1398 2803 1470 68
2822 1398 3099 1452 hominum
3122 1396 3497 1452 demonstrare

1906 1490 2220 1544 munditiam
2262 1491 2459 1558 vestis,
2509 1498 2564 1543 et
2594 1491 2865 1545 occultare
2895 1490 3215 1545 intrinsecus
3259 1490 3495 1544 immun-

1905 1581 2090 1636 ditiam
2122 1579 2537 1636 fornicationis?
2569 1580 2709 1637 Nihil
2738 1581 2945 1637 celatur
2967 1589 3093 1636 ante
3115 1581 3281 1635 Deum
3309 1600 3320 1632 :
3354 1580 3498 1635 videt

1908 1673 2144 1740 occulta,
2175 1673 2264 1741 qui
2291 1672 2415 1727 fecit
2440 1670 2775 1727 abscondita.
2819 1669 3008 1725 Omnia
3037 1672 3198 1739 nuda,
3231 1680 3287 1725 et
3311 1679 3497 1741 aperta

1908 1771 2033 1819 sunt
2076 1765 2247 1819 oculis
2288 1764 2404 1833 ejus
2450 1762 2637 1833 (Hebr.
2670 1781 2741 1830 tv,
2782 1764 2888 1835 l5).
2936 1762 3044 1818 Vos
3075 1764 3235 1833 igitur
3263 1779 3497 1832 moneo,

210 1862 659 1917 conversationis.
689 1860 835 1918 Lana
868 1864 1026 1932 igitur
1050 1862 1278 1933 primum
1310 1862 1581 1927 tondetur,
1614 1860 1807 1916 deinde
1837 1860 1885 1924 Β
1912 1857 2268 1924 dilectissimi,
2318 1872 2385 1911 ne
2413 1857 2589 1911 velitis
2632 1872 2751 1911 esse
2780 1855 3029 1925 sepulcra
3059 1853 3336 1919 dealbata,
3377 1869 3497 1924 quae

210 1954 503 2011 mundatur
528 1962 585 2008 et
612 1954 869 2023 abluitur,
902 1955 1025 2009 colo
1055 1952 1427 2024 suspenditur,
1462 1955 1515 2008 in
1544 1952 1633 2007 ﬁla
1663 1952 1805 2007 redi-

211 2044 369 2112 gitur,
405 2044 612 2099 texitur
646 2053 701 2100 et
731 2045 962 2100 insuitur
987 2087 1002 2113 ,
1048 2054 1104 2100 et
1149 2046 1228 2101 sic
1256 2060 1387 2116 eapa
1421 2046 1713 2117 perficitur.
1750 2044 1805 2098 ln

210 2135 330 2190 lana
361 2137 460 2192 Dei
484 2136 627 2193 dona
651 2138 1032 2207 ostenduntur,
1055 2154 1175 2209 qua:
1204 2138 1359 2195 nobis
1382 2154 1413 2193 a
1445 2138 1556 2194 Deo
1588 2138 1639 2193 in
1670 2154 1807 2209 pra:-

211 2228 349 2282 senti
411 2228 525 2283 vita
586 2229 907 2284 tribuuntur.
958 2228 1105 2283 Lana
1154 2243 1283 2299 ergo
1338 2228 1627 2297 tondetur,
1681 2245 1806 2285 cum

211 2327 432 2391 propter
492 2319 659 2376 Deum
708 2331 921 2377 terrena
974 2322 1275 2378 Substantia
1324 2323 1594 2393 ahjicitur.
1661 2323 1805 2380 Lana

210 2415 363 2484 quasi
395 2413 687 2468 mundatur
715 2424 769 2469 et
797 2414 1062 2480 abluitur,
1096 2431 1218 2470 eum
1250 2415 1536 2485 largitione
1566 2415 1806 2471 eieemo-

208 2518 463 2576 synarum
485 2506 590 2579 67
615 2507 778 2563 homo
802 2522 832 2561 a
856 2507 1096 2578 peccatis
1116 2507 1426 2563 mundatur.
1456 2504 1608 2562 Unde
1632 2506 1760 2561 illud
1790 2524 1803 2560 :

208 2596 347 2652 Date
373 2600 751 2669 elemosynam
773 2640 789 2666 ,
827 2608 878 2655 et
913 2615 1028 2655 ecce
1064 2600 1237 2655 omnia
1281 2600 1476 2654 munda
1514 2608 1633 2654 sunt
1668 2598 1807 2653 vobis

209 2688 367 2760 (Lac.
400 2704 487 2757 xi,
519 2691 633 2763 41).
661 2690 797 2747 Colo
827 2693 948 2746 lana
991 2692 1364 2762 suSpenditur,
1419 2692 1547 2746 dum
1596 2705 1804 2747 summa

206 2783 488 2852 vigilantia
520 2784 839 2848 attenditur,
870 2798 939 2837 ne
966 2783 1165 2853 aliquid
1194 2799 1358 2837 causa
1383 2783 1689 2852 jactantiac,
1722 2782 1809 2836 vel

206 2876 387 2931 inanis
418 2874 606 2942 gloriae
634 2877 817 2927 amo’re
841 2872 1128 2927 tribuatur.
1156 2871 1215 2927 in
1247 2871 1334 2926 fila
1367 2872 1658 2941 redigitur,
1686 2886 1809 2926 cum

206 2967 448 3022 discrete
522 2967 865 3038 eleemosyna
933 2965 1175 3034 largitur.
1250 2963 1395 3020 Lana
1462 2964 1805 3030 contexitur,

206 3059 429 3130 quando
485 3058 737 3128 operibus
786 3057 1170 3113 misericordiae
1225 3057 1469 3112 studiose
1523 3056 1804 3110 insistitur.

209 3149 337 3205 Tela
373 3149 841 3221 przeciditur,cum
866 3150 979 3217 jam
1010 3147 1258 3202 voluntas
1286 3146 1517 3203 habendi
1540 3147 1606 3200 ab
1627 3143 1808 3199 animo

1917 1950 2050 2005 foris
2095 1949 2313 2020 quidem
2365 1957 2628 2019 apparent
2676 1949 2982 2003 hominibus
3032 1949 3304 2018 speciosa,
3354 1948 3500 2004 intus

1910 2053 2089 2097 autem
2121 2044 2277 2113 plena
2308 2052 2433 2097 sunt
2460 2042 2673 2097 ossibus
2704 2053 3063 2106 mortuorum,
3097 2048 3152 2095 et
3176 2039 3451 2096 vermibus
3474 2079 3492 2109 ,

1911 2143 2073 2205 atque
2104 2135 2249 2190 omni
2278 2134 2532 2206 spurcitia
2564 2133 2779 2206 (Matth.
2818 2151 2968 2199 χχιιι,
3002 2134 3115 2205 27).

1980 2246 2032 2300 7.
2082 2264 2100 2297 ‹
2136 2245 2282 2317 Capa
2313 2262 2381 2302 ex
2411 2246 2530 2304 lana
2567 2246 2872 2301 contexitur
2902 2246 3039 2313 ovis,
3070 2254 3125 2301 et
3160 2246 3281 2301 ideo
3309 2245 3490 2300 humi»

1910 2345 2119 2402 litatem
2165 2345 2427 2415 significat
2474 2345 2742 2415 religiosae
2791 2345 3245 2400 conversationis.
3316 2344 3504 2413 Igitur,

1911 2443 2249 2508 eharissimi,
2302 2443 2542 2498 solerter
2573 2440 2884 2512 prawidete,
2914 2456 2983 2495 ne
3035 2439 3190 2509 lupus
3217 2440 3382 2495 lateat
3405 2438 3506 2494 sub

1912 2535 2070 2589 ovina
2101 2535 2260 2604 pelle.
2294 2531 2445 2588 Unde
2477 2532 2736 2588 Dominus
2764 2533 2816 2588 in
2850 2532 3143 2601 Evangelio
3179 2551 3191 2586 :
3236 2532 3499 2588 Attendita

1912 2643 1944 2680 a
1978 2627 2127 2701 falsis
2156 2625 2453 2698 prophetis,
2485 2626 2572 2696 qui
2600 2627 2807 2680 veniunt
2858 2625 2926 2678 ad
2954 2641 3046 2679 vos
3090 2626 3143 2678 in
3189 2623 3505 2679 vestimentis

1910 2720 2100 2784 ovium,
2122 2718 2430 2771 intrinsecus
2447 2726 2619 2771 autem
2640 2726 2760 2771 sunt
2782 2717 2887 2788 lupi
2914 2732 3134 2788 rapaces
3158 2716 3372 2787 (Matth.
3407 2732 3503 2781 vu,

1917 2808 2030 2877 l5).
2062 2808 2242 2877 Lupus
2282 2808 2415 2862 latet
2443 2808 2543 2862 sub
2571 2808 2712 2877 pelle
2737 2810 2918 2873 ovina,
2950 2808 3166 2876 quando
3195 2808 3297 2862 sub
3322 2807 3507 2864 habitu

1917 2900 2181 2968 regularis
2232 2900 2356 2957 vita:
2418 2898 2550 2953 latet
2598 2899 2913 2964 simulatio,
2968 2900 3278 2964 discordia,
3334 2908 3498 2968 atque

1916 2991 2135 3046 invidia.
2188 2989 2300 3045 Sub
2349 2989 2490 3061 pelle
2542 2989 2707 3045 etiam
2756 2989 2915 3044 ovina
2973 2988 3129 3059 lupus
3180 2989 3330 3055 latet,
3382 3003 3508 3044 ein

1913 3083 2139 3153 quilibet
2164 3083 2449 3138 simulator
2478 3082 2576 3137 sub
2603 3081 2785 3153 specie
2812 3080 3089 3151 religionis
3119 3080 3376 3151 proximis
3396 3081 3511 3138 suis

1913 3183 2099 3231 nocet.
2147 3173 2329 3246 Lupus
2375 3189 2545 3245 rapax
2593 3181 2677 3229 est
2719 3173 3066 3243 intrinsecus,
3108 3174 3224 3243 qui,
3268 3173 3506 3231 exterius

210 3243 454 3316 perteue
482 3242 805 3333 “cludit?”
837 3242 1075 3297 Tandem
1108 3243 1372 3310 ins'ﬁmr’
1399 3256 1522 3297 cum
1546 3238 1809 3333 Ῑ³¹¹¹Ψ¹ί⁹
1833 3250 1883 3317 c
1914 3238 2279 3325 innocentiam
2326 3238 2631 3324 simulando
2687 3282 2797 3323 non
2869 3238 3074 3333 cessat,
3127 3238 3505 3332 detrahendo,

211 3338 342 3393 libet
362 3346 658 3392 conversus
699 3328 767 3390 de
806 3335 977 3390 activa
1007 3336 1118 3388 vita
1150 3333 1523 3389 conscendens
1544 3375 1559 3399 ,
1605 3332 1808 3387 relictis

212 3426 485 3492 omnibus,
514 3426 638 3481 vitae
676 3425 1112 3496 contemplativze
1145 3424 1401 3479 inseritur
1423 3467 1439 3491 ,
1490 3432 1652 3494 atque
1683 3438 1809 3477 con-

212 3523 454 3595 iungitur
472 3563 488 3589 ,
519 3532 577 3578 et
602 3524 681 3578 sic
706 3521 967 3592 regularis
995 3537 1128 3591 capa
1154 3519 1454 3593 perﬁcitur,
1485 3520 1611 3575 dum
1642 3520 1744 3574 sibi
1774 3534 1804 3573 a

214 3615 327 3670 Deo
379 3630 478 3685 per
524 3614 723 3669 bonam
768 3614 1142 3684 operationem
1174 3612 1548 3668 indumentum
1589 3619 1807 3667 :eternze

211 3708 390 3779 glorire
419 3712 783 3780 promeretur.

278 3823 329 3877 5.
377 3832 396 3873 t
432 3819 637 3875 lterum
665 3819 1006 3876 beatissimus
1029 3820 1357 3890 Augustinus
1383 3828 1628 3875 sanetum
1661 3818 1799 3873 allo-

215 3912 399 3982 quitur
443 3911 735 3977 lsidorum,
788 3910 974 3968 dicens
1023 3931 1036 3966 :
1083 3910 1395 3968 lieverende
1446 3912 1628 3977 frater,
1678 3928 1809 3968 ecce

216 4018 399 4063 omnes
447 4005 782 4063 domesticos
833 4016 974 4074 tuos,
1027 4007 1166 4062 sicut
1210 3990 1454 4077 promisi,
1507 4006 1808 4077 duplicibus

215 4092 542 4153 indumentis
591 4097 800 4152 vestivi.
853 4096 970 4153 Non
1015 4111 1144 4166 ergo
1192 4099 1383 4152 timeas
1432 4097 1571 4152 ultra
1625 4096 1807 4152 domui

216 4191 315 4240 tute
354 4203 382 4241 a
416 4187 594 4242 niveis
643 4186 964 4256 frigoribus,
1006 4187 1133 4243 dum
1178 4203 1365 4243 omnes
1406 4186 1684 4243 domestici
1731 4186 1806 4243 tui

215 4279 386 4333 vestiti
420 4286 554 4333 sunt
582 4277 900 4348 duplicibus.
936 4277 1172 4333 Primum
1190 4278 1804 4350 eisaptavisuperpelli-

216 4371 369 4438 eium,
403 4388 519 4443 quo
549 4372 880 4443 signiﬁcatur
910 4372 1168 4428 munditia
1201 4373 1395 4427 mentis
1432 4382 1487 4427 et
1518 4372 1803 4442 corporis;

220 4460 404 4519 deinde
433 4480 628 4534 capam
661 4464 817 4518 ovina
850 4464 973 4519 lana
1001 4471 1312 4519 contextam
1332 4505 1345 4530 ,
1393 4464 1445 4518 in
1474 4478 1580 4533 qua
1623 4470 1806 4517 osten-

220 4554 356 4611 ditur
400 4557 713 4612 innocentia
762 4556 887 4610 vita:
933 4564 989 4611 et
1035 4556 1309 4612 humilitas
1351 4556 1797 4611 conwrsationis.

1913 3362 2325 3431 murmurando,
2373 3361 2725 3429 susurrando,
2774 3361 3063 3417 comedere
3088 3376 3285 3416 carnes
3313 3360 3503 3430 proxi-

1912 3471 2121 3510 morum
2151 3470 2372 3510 suorum
2402 3455 2457 3511 in
2483 3454 2715 3510 occulto.
2749 3452 3006 3509 Habitum
3033 3467 3164 3522 ergo
3204 3450 3501 3523 religionis,

1920 3546 2140 3615 fratres,
2191 3562 2351 3617 quem
2409 3548 2744 3618 przrtenditis
2790 3549 2993 3619 specie,
3045 3548 3202 3603 bonis
3250 3547 3510 3618 operibus

1915 3643 2156 3714 implete.
2188 3642 2305 3698 Non
2335 3643 2591 3712 quzeratis
2616 3642 2759 3698 aliud
2789 3657 2908 3699 esse
2935 3642 2988 3698 in
3015 3642 3257 3711 occulto,
3282 3651 3336 3697 et
3357 3640 3504 3697 aliud

1914 3735 1967 3790 in
1995 3735 2229 3805 publico.
2258 3734 2563 3789 Concordet
2588 3734 2797 3789 animus
2828 3734 3052 3789 interius
3081 3748 3204 3789 cum
3235 3732 3506 3802 religiosis

1909 3828 2166 3881 vestibus.
2218 3824 2524 3881 Concordet
2566 3826 2674 3882 vita
2723 3842 2847 3882 cum
2898 3828 3096 3898 lingua.
3147 3826 3381 3883 Sanctus
3420 3832 3507 3882 est

1911 3915 2145 3980 habitus,
2190 3927 2406 3970 sanctus
2434 3918 2503 3972 sit
2525 3918 2759 3972 animus.
2787 3917 2984 3972 Sancta
3010 3928 3135 3973 sunt
3158 3920 3508 3985 vestimenta,

1913 4017 2099 4063 sancta
2149 4008 2259 4064 sint
2302 4024 2466 4077 opera
2495 4018 2696 4063 vestra.
2741 4008 3011 4065 Habentes
3038 4011 3240 4079 igitur,
3272 4010 3510 4065 dilectis-

1910 4099 2051 4164 simi,
2080 4099 2281 4155 victum
2313 4107 2367 4152 et
2390 4098 2662 4164 vestitum,
2688 4099 2771 4154 his
2796 4100 3036 4154 contenti
3064 4107 3241 4155 estote
3262 4104 3279 4170 (
3304 4099 3335 4155 1
3367 4099 3505 4157 Tim.

1910 4208 1983 4258 vi,
2034 4190 2124 4262 8),
2183 4202 2238 4247 et
2284 4190 2486 4247 nullum
2535 4191 2677 4259 apud
2728 4207 2825 4247 vos
2876 4192 3156 4248 retineatis
3198 4194 3501 4264 proprium.

1911 4280 2108 4337 Procul
2129 4281 2291 4337 dubio
2323 4281 2438 4352 ipse
2460 4281 2589 4336 facit
2612 4279 2810 4337 furtum
2836 4283 2929 4353 qui
2958 4284 3010 4338 in
3040 4300 3327 4341 commune
3348 4286 3512 4343 habet

1911 4375 2095 4429 omnia
2140 4388 2262 4427 eum
2309 4374 2519 4428 cmteris
2566 4372 2842 4441 fratribus,
2893 4383 2949 4430 et
2990 4376 3130 4446 apud
3182 4391 3242 4431 se
3292 4375 3498 4446 aliquid

1913 4466 2074 4520 habet
2101 4464 2500 4521 absconditum.
2524 4462 2716 4520 Omnia
2746 4465 2798 4521 in
2826 4482 3111 4522 commune
3135 4481 3257 4522 cum
3290 4469 3502 4524 caeteris

1908 4558 2164 4614 fratribus
2215 4557 2515 4628 possidere,
2568 4565 2620 4611 et
2669 4558 2812 4628 apud
2856 4573 2916 4613 se
2968 4556 3110 4612 aliud
3167 4557 3505 4617 abscondere

221 4643 294 4701 Tu
348 4651 545 4719 igtur,
592 4648 899 4703 venerande
943 4649 1108 4702 frater
1149 4647 1370 4712 Isidore,
1414 4648 1491 4702 eis
1547 4632 2036 4721 victualiaunid
2086 4660 2171 4706 est
2228 4649 2393 4715 aliud,
2446 4649 2548 4703 nisi
2598 4659 2718 4717 post
2766 4657 2998 4704 mortem
3050 4649 3285 4719 seipsum
3333 4652 3511 4721 pennis

221 4742 548 4797 suﬂlcivnter
576 4742 815 4814 acquiie,
842 4748 899 4795 ut
926 4739 1054 4795 dum
1083 4742 1322 4797 vestibus
1350 4740 1658 4804 abundant,
1686 4741 1803 4797 sine

221 4829 506 4901 indigentia
538 4832 650 4887 Deo
680 4834 889 4904 possint
931 4832 1153 4886 servire.
1201 4831 1319 4885 Tibi
1352 4834 1513 4887 etiam
1542 4834 1805 4904 competit

223 4936 313 4979 eos
342 4942 591 4992 monere,
628 4927 751 4982 dmn
780 4944 837 4983 es
870 4942 1103 4998 praesens
1130 4926 1322 4996 spiritu
1351 4936 1406 4980 et
1446 4943 1710 4997 corpore,
1746 4934 1804 4982 ut

225 5020 455 5085 reguiam
502 5019 605 5075 sibi
647 5036 677 5074 a
719 5034 804 5074 me
840 5019 1139 5074 institutam
1173 5034 1294 5073 cum
1326 5019 1473 5073 omni
1514 5019 1803 5075 devotione

226 5108 466 5166 studeant
506 5112 749 5183 implere.
796 5109 1039 5166 Praedica
1076 5110 1241 5165 etiam
1292 5110 1416 5177 illis,
1465 5120 1523 5167 ut
1567 5113 1806 5169 studiose

228 5202 554 5269 spiritalibus
582 5203 877 5257 inhaereant
908 5201 1120 5269 olliciis,
1154 5217 1241 5266 ne,
1275 5203 1415 5271 quod
1446 5204 1606 5270 absit,
1638 5214 1807 5260 terre-

229 5290 307 5345 nis
334 5294 582 5349 delectati
614 5293 788 5359 bonis,
821 5294 1041 5348 omnino
1070 5301 1291 5349 careant
1320 5294 1553 5348 arternis.
1581 5294 1661 5348 Ad
1694 5294 1806 5351 hmc

232 5390 407 5437 noster
448 5393 708 5455 patronus
747 5392 966 5440 sanctus
995 5381 1228 5439 [siderus
1260 5401 1273 5437 :
1300 5383 1343 5439 0
1372 5386 1809 5442 reverentissime

232 5468 384 5531 Pater
436 5476 765 5545 Augustine,
810 5477 889 5531 sic
938 5483 991 5531 te
1034 5475 1191 5530 decet
1238 5491 1332 5531 eos
1383 5476 1616 5545 hortari,
1667 5477 1807 5534 bene

231 5564 423 5622 vivere.
464 5566 831 5638 Oinnipotenti
864 5567 974 5622 Deo
1017 5567 1300 5624 referimus
1331 5569 1575 5625 actiones
1604 5570 1808 5638 gratia-

234 5670 362 5722 rum,
393 5662 481 5730 qui
530 5669 582 5717 te
609 5661 888 5718 constituit
924 5661 1207 5718 doctorem
1254 5671 1563 5719 sanctarum
1620 5662 1807 5720 Eccle-

234 5761 448 5821 starum.

298 5840 351 5898 ϐ.
396 5864 416 5897 ι
462 5843 622 5922 Ecce,
666 5846 861 5909 fratres
888 5847 1215 5920 eharissimi,
1245 5865 1344 5922 per
1388 5851 1478 5908 Dei
1510 5852 1735 5925 gratiam
1772 5868 1805 5931 a

1909 4741 2169 4797 tradere?
2199 4742 2300 4809 Qui
2333 4742 2387 4795 in
2433 4754 2720 4796 commune
2772 4738 2937 4793 habet
2979 4754 3103 4794 cum
3143 4740 3356 4795 caeteris
3404 4740 3511 4796 fra-

1910 4834 2079 4890 tribus
2127 4834 2329 4887 victum
2361 4841 2417 4887 et
2455 4831 2732 4898 vestitum,
2778 4840 2834 4885 et
2860 4830 3005 4886 aliud
3035 4832 3230 4886 retinet
3267 4833 3502 4888 abscon-

1907 4926 2097 4996 ditum,
2149 4928 2279 4998 quid
2322 4935 2406 4983 est
2449 4926 2591 4980 aliud
2643 4940 2804 4995 quam
2859 4921 3204 4979 manifestum
3254 4923 3505 4982 furtum?

1906 5019 2070 5090 Ergo,
2086 5020 2278 5076 fratres
2303 5019 2629 5087 eharissimi,
2650 5020 2861 5074 divitias
2887 5020 3235 5089 contemnite,
3266 5035 3498 5090 panper-

1910 5121 2075 5168 tatem
2096 5112 2326 5181 diligite,
2352 5120 2565 5168 terrena
2596 5111 2874 5181 deSpicite,
2905 5112 3145 5168 etnlestia
3167 5110 3496 5168 desiderate.

1910 5204 2054 5258 Nihil
2082 5200 2410 5274 superfluum
2442 5202 2718 5272 qumratis,
2751 5203 2884 5257 nihil
2912 5202 3054 5273 apud
3080 5218 3177 5258 vos
3205 5204 3504 5269 retineatis,

1911 5297 2041 5353 nihil
2071 5296 2434 5363 abscondatis,
2473 5296 2519 5350 si
2572 5294 2638 5349 ad
2678 5310 3017 5350 communem
3047 5295 3360 5350 societatem
3392 5294 3508 5349 ele-

1912 5400 2124 5445 ctorum
2150 5388 2240 5442 Dei
2271 5389 2556 5459 pervenire
2583 5388 2922 5443 desideratis.
2959 5388 3038 5441 Ad
3064 5403 3223 5457 quam
3251 5403 3349 5442 vos
3377 5402 3504 5455 per-

1914 5482 2113 5537 ducere
2152 5482 2401 5550 dignetur
2450 5481 2539 5536 ille
2585 5482 2756 5550 quiin
2805 5480 3067 5536 Trinitate
3097 5480 3331 5552 perfecta
3364 5479 3500 5535 vivit

1914 5582 1971 5629 et
1996 5583 2185 5643 regnat
2212 5574 2351 5629 Deus
2374 5589 2468 5643 per
2488 5574 2666 5628 omnia
2690 5572 2883 5627 secula
2904 5573 3239 5625 sxculorum.
3268 5569 3456 5623 Amen.
3475 5586 3497 5623 ι

1982 5666 2159 5739 698.
2173 5666 2450 5737 Sequitur,
2462 5676 2593 5725 tom.
2607 5665 2674 5720 ιγ
2689 5663 2924 5736 Operam
2938 5664 2996 5718 S.
3011 5662 3223 5717 Martini
3240 5702 3256 5723 ,
3270 5676 3393 5732 pag.
3410 5661 3499 5729 52,

1913 5775 2091 5816 sermo
2122 5760 2387 5816 secundus
2417 5759 2469 5813 in
2502 5758 2855 5814 translatione
2892 5756 2947 5811 S.
2977 5753 3186 5811 lsidori.
3235 5754 3346 5811 Sed
3376 5766 3507 5811 eum

1914 5851 2050 5909 nihil
2078 5852 2224 5909 aliud
2252 5851 2528 5927 contineat.
2612 5850 2716 5908 nisi
2743 5849 2888 5905 idem
2914 5846 3242 5919 colloquium
3270 5849 3413 5909 inter
3436 5845 3508 5908 Si.
