  <div class='ocr_page' id='page_1' title='image "/cluster/home/n/w/nwhite01/storage/ocr_20150623/81/hvd.32044015469430/037.png"; bbox 0 0 4048 6364; ppageno 0'>
   <div class='ocr_carea' id='block_1_1' title="bbox 506 287 3861 363">
    <p class='ocr_par' dir='ltr' id='par_1_1' title="bbox 506 287 3861 363">
     <span class='ocr_line' id='line_1_1' title="bbox 506 287 3861 363; baseline -0.004 0"><span class='ocrx_word' id='word_1_1' title='bbox 506 306 568 363; x_wconf 68' lang='grc'><strong>63</strong></span> <span class='ocrx_word' id='word_1_2' title='bbox 1232 296 1323 353; x_wconf 88' lang='lat' dir='ltr'><strong>AD</strong></span> <span class='ocrx_word' id='word_1_3' title='bbox 1359 292 1593 353; x_wconf 83' lang='lat' dir='ltr'><strong>OPERA</strong></span> <span class='ocrx_word' id='word_1_4' title='bbox 1628 292 1689 351; x_wconf 89' lang='lat' dir='ltr'><strong>S.</strong></span> <span class='ocrx_word' id='word_1_5' title='bbox 1729 290 1977 351; x_wconf 79' lang='lat' dir='ltr'><strong>lSlDORl</strong></span> <span class='ocrx_word' id='word_1_6' title='bbox 2015 287 2453 345; x_wconf 77' lang='lat' dir='ltr'><strong>lllSPALENSlS</strong></span> <span class='ocrx_word' id='word_1_7' title='bbox 2491 289 3030 347; x_wconf 77' lang='lat' dir='ltr'><strong>PROLEGOMENA.</strong></span> <span class='ocrx_word' id='word_1_8' title='bbox 3746 293 3861 349; x_wconf 64' lang='grc'><strong>64</strong></span> 
     </span>
    </p>
   </div>
   <div class='ocr_carea' id='block_1_2' title="bbox 504 400 3863 489">
    <p class='ocr_par' dir='ltr' id='par_1_2' title="bbox 504 400 3863 489">
     <span class='ocr_line' id='line_1_2' title="bbox 504 400 3863 489; baseline -0.005 -14"><span class='ocrx_word' id='word_1_9' title='bbox 504 416 857 489; x_wconf 73' lang='lat' dir='ltr'><strong>Augustinum</strong></span> <span class='ocrx_word' id='word_1_10' title='bbox 887 422 944 471; x_wconf 87' lang='lat' dir='ltr'><strong>et</strong></span> <span class='ocrx_word' id='word_1_11' title='bbox 968 412 1027 470; x_wconf 90' lang='lat' dir='ltr'><strong>S.</strong></span> <span class='ocrx_word' id='word_1_12' title='bbox 1058 410 1343 477; x_wconf 87' lang='lat' dir='ltr'><strong>lsidorum,</strong></span> <span class='ocrx_word' id='word_1_13' title='bbox 1376 408 1567 465; x_wconf 80' lang='lat' dir='ltr'><strong>iisdem</strong></span> <span class='ocrx_word' id='word_1_14' title='bbox 1592 414 1648 463; x_wconf 92' lang='lat' dir='ltr'><strong>et</strong></span> <span class='ocrx_word' id='word_1_15' title='bbox 1670 405 1931 463; x_wconf 81' lang='lat' dir='ltr'><strong>similibus</strong></span> <span class='ocrx_word' id='word_1_16' title='bbox 1961 403 2094 457; x_wconf 88' lang='lat' dir='ltr'><strong>alle-</strong></span> <span class='ocrx_word' id='word_1_17' title='bbox 2119 403 2172 468; x_wconf 71' lang='grc' dir='ltr'><strong>Δ</strong></span> <span class='ocrx_word' id='word_1_18' title='bbox 2197 401 2452 457; x_wconf 87' lang='lat' dir='ltr'><strong>coloribus</strong></span> <span class='ocrx_word' id='word_1_19' title='bbox 2490 402 2800 474; x_wconf 70' lang='lat' dir='ltr'><strong>praclarum</strong></span> <span class='ocrx_word' id='word_1_20' title='bbox 2830 402 3120 469; x_wconf 76' lang='lat' dir='ltr'><strong>aemilium,</strong></span> <span class='ocrx_word' id='word_1_21' title='bbox 3147 401 3204 455; x_wconf 91' lang='lat' dir='ltr'><strong>in</strong></span> <span class='ocrx_word' id='word_1_22' title='bbox 3232 416 3335 472; x_wconf 83' lang='lat' dir='ltr'><strong>qua</strong></span> <span class='ocrx_word' id='word_1_23' title='bbox 3363 400 3557 456; x_wconf 86' lang='lat' dir='ltr'><strong>Christi</strong></span> <span class='ocrx_word' id='word_1_24' title='bbox 3587 404 3863 473; x_wconf 66' lang='lat' dir='ltr'><strong>confes-</strong></span> 
     </span>
    </p>
   </div>
   <div class='ocr_carea' id='block_1_3' title="bbox 505 492 3857 583">
    <p class='ocr_par' dir='ltr' id='par_1_3' title="bbox 505 492 3857 583">
     <span class='ocr_line' id='line_1_3' title="bbox 505 492 3857 583; baseline -0.001 -31"><span class='ocrx_word' id='word_1_25' title='bbox 505 513 670 583; x_wconf 63' lang='lat' dir='ltr'><strong>goriis</strong></span> <span class='ocrx_word' id='word_1_26' title='bbox 691 517 1031 573; x_wconf 67' lang='lat' dir='ltr'><strong>exornatum,</strong></span> <span class='ocrx_word' id='word_1_27' title='bbox 1064 521 1243 577; x_wconf 63' lang='lat' dir='ltr'><strong>operae</strong></span> <span class='ocrx_word' id='word_1_28' title='bbox 1292 503 1525 574; x_wconf 89' lang='lat' dir='ltr'><strong>pretium</strong></span> <span class='ocrx_word' id='word_1_29' title='bbox 1569 518 1675 557; x_wconf 92' lang='lat' dir='ltr'><strong>non</strong></span> <span class='ocrx_word' id='word_1_30' title='bbox 1724 510 1807 556; x_wconf 85' lang='lat' dir='ltr'><strong>est</strong></span> <span class='ocrx_word' id='word_1_31' title='bbox 1846 515 1968 553; x_wconf 90' lang='lat' dir='ltr'><strong>eum</strong></span> <span class='ocrx_word' id='word_1_32' title='bbox 1996 496 2093 553; x_wconf 85' lang='lat' dir='ltr'><strong>de-</strong></span> <span class='ocrx_word' id='word_1_33' title='bbox 2198 510 2368 550; x_wconf 86' lang='lat' dir='ltr'><strong>sorem</strong></span> <span class='ocrx_word' id='word_1_34' title='bbox 2412 494 2675 549; x_wconf 83' lang='lat' dir='ltr'><strong>lsidorum</strong></span> <span class='ocrx_word' id='word_1_35' title='bbox 2723 494 2877 548; x_wconf 89' lang='lat' dir='ltr'><strong>laude</strong></span> <span class='ocrx_word' id='word_1_36' title='bbox 2924 493 3107 548; x_wconf 80' lang='lat' dir='ltr'><strong>celebri</strong></span> <span class='ocrx_word' id='word_1_37' title='bbox 3157 494 3341 546; x_wconf 78' lang='lat' dir='ltr'><strong>extulit</strong></span> <span class='ocrx_word' id='word_1_38' title='bbox 3389 494 3636 565; x_wconf 84' lang='lat' dir='ltr'><strong>gloriose.</strong></span> <span class='ocrx_word' id='word_1_39' title='bbox 3666 492 3857 549; x_wconf 77' lang='lat' dir='ltr'><strong>Eam</strong></span> 
     </span>
    </p>
   </div>
   <div class='ocr_carea' id='block_1_4' title="bbox 507 585 3859 662">
    <p class='ocr_par' dir='ltr' id='par_1_4' title="bbox 507 585 3859 662">
     <span class='ocr_line' id='line_1_4' title="bbox 507 585 3859 662; baseline -0.006 -1"><span class='ocrx_word' id='word_1_40' title='bbox 507 605 760 662; x_wconf 85' lang='lat' dir='ltr'><strong>scribere.</strong></span> <span class='ocrx_word' id='word_1_41' title='bbox 793 600 1055 656; x_wconf 75' lang='lat' dir='ltr'><strong>Martinus</strong></span> <span class='ocrx_word' id='word_1_42' title='bbox 1083 614 1213 654; x_wconf 91' lang='lat' dir='ltr'><strong>vero</strong></span> <span class='ocrx_word' id='word_1_43' title='bbox 1242 598 1375 654; x_wconf 84' lang='lat' dir='ltr'><strong>Acta</strong></span> <span class='ocrx_word' id='word_1_44' title='bbox 1410 594 1774 652; x_wconf 75' lang='lat' dir='ltr'><strong>translationis</strong></span> <span class='ocrx_word' id='word_1_45' title='bbox 1796 608 1905 647; x_wconf 91' lang='lat' dir='ltr'><strong>non</strong></span> <span class='ocrx_word' id='word_1_46' title='bbox 1935 591 2097 645; x_wconf 62' lang='lat' dir='ltr'><strong>attino</strong></span> <span class='ocrx_word' id='word_1_47' title='bbox 2200 586 2435 641; x_wconf 79' lang='lat' dir='ltr'><strong>nancisci</strong></span> <span class='ocrx_word' id='word_1_48' title='bbox 2466 602 2571 641; x_wconf 91' lang='lat' dir='ltr'><strong>non</strong></span> <span class='ocrx_word' id='word_1_49' title='bbox 2612 586 2791 656; x_wconf 83' lang='lat' dir='ltr'><strong>potui,</strong></span> <span class='ocrx_word' id='word_1_50' title='bbox 2828 593 2886 639; x_wconf 93' lang='lat' dir='ltr'><strong>ut</strong></span> <span class='ocrx_word' id='word_1_51' title='bbox 2936 585 3062 641; x_wconf 87' lang='lat' dir='ltr'><strong>huic</strong></span> <span class='ocrx_word' id='word_1_52' title='bbox 3091 586 3214 639; x_wconf 92' lang='lat' dir='ltr'><strong>loco</strong></span> <span class='ocrx_word' id='word_1_53' title='bbox 3252 586 3572 640; x_wconf 88' lang='lat' dir='ltr'><strong>insererem.</strong></span> <span class='ocrx_word' id='word_1_54' title='bbox 3605 585 3859 642; x_wconf 79' lang='lat' dir='ltr'><strong>Biscus</strong></span> 
     </span>
    </p>
   </div>
   <div class='ocr_carea' id='block_1_5' title="bbox 508 675 3851 767">
    <p class='ocr_par' dir='ltr' id='par_1_5' title="bbox 508 675 3851 767">
     <span class='ocr_line' id='line_1_5' title="bbox 508 675 3851 767; baseline -0.006 -15"><span class='ocrx_word' id='word_1_55' title='bbox 508 699 603 767; x_wconf 89' lang='lat' dir='ltr'><strong>git,</strong></span> <span class='ocrx_word' id='word_1_56' title='bbox 628 697 772 765; x_wconf 87' lang='lat' dir='ltr'><strong>quia,</strong></span> <span class='ocrx_word' id='word_1_57' title='bbox 803 710 926 751; x_wconf 92' lang='lat' dir='ltr'><strong>cum</strong></span> <span class='ocrx_word' id='word_1_58' title='bbox 950 709 1017 749; x_wconf 92' lang='lat' dir='ltr'><strong>eo</strong></span> <span class='ocrx_word' id='word_1_59' title='bbox 1044 702 1309 762; x_wconf 89' lang='lat' dir='ltr'><strong>tempore,</strong></span> <span class='ocrx_word' id='word_1_60' title='bbox 1338 700 1396 747; x_wconf 92' lang='lat' dir='ltr'><strong>ut</strong></span> <span class='ocrx_word' id='word_1_61' title='bbox 1423 690 1644 745; x_wconf 84' lang='lat' dir='ltr'><strong>credere</strong></span> <span class='ocrx_word' id='word_1_62' title='bbox 1672 702 1886 757; x_wconf 81' lang='lat' dir='ltr'><strong>:equum</strong></span> <span class='ocrx_word' id='word_1_63' title='bbox 1911 694 2014 749; x_wconf 89' lang='lat' dir='ltr'><strong>est,</strong></span> <span class='ocrx_word' id='word_1_64' title='bbox 2043 685 2098 740; x_wconf 91' lang='lat' dir='ltr'><strong>in</strong></span> <span class='ocrx_word' id='word_1_65' title='bbox 2202 686 2331 733; x_wconf 78' lang='lat' dir='ltr'><strong>tom.</strong></span> <span class='ocrx_word' id='word_1_66' title='bbox 2364 676 2553 732; x_wconf 79' lang='lat' dir='ltr'><strong>XXXV</strong></span> <span class='ocrx_word' id='word_1_67' title='bbox 2580 677 2730 749; x_wconf 85' lang='lat' dir='ltr'><strong>Hisp.</strong></span> <span class='ocrx_word' id='word_1_68' title='bbox 2760 692 2924 745; x_wconf 87' lang='lat' dir='ltr'><strong>sacr.,</strong></span> <span class='ocrx_word' id='word_1_69' title='bbox 2958 690 3076 746; x_wconf 87' lang='lat' dir='ltr'><strong>pag.</strong></span> <span class='ocrx_word' id='word_1_70' title='bbox 3108 675 3214 731; x_wconf 74' lang='grc'><strong>277</strong></span> <span class='ocrx_word' id='word_1_71' title='bbox 3243 691 3424 747; x_wconf 85' lang='lat' dir='ltr'><strong>seqq.,</strong></span> <span class='ocrx_word' id='word_1_72' title='bbox 3452 677 3563 747; x_wconf 87' lang='lat' dir='ltr'><strong>agit</strong></span> <span class='ocrx_word' id='word_1_73' title='bbox 3584 676 3653 731; x_wconf 91' lang='lat' dir='ltr'><strong>de</strong></span> <span class='ocrx_word' id='word_1_74' title='bbox 3693 678 3851 733; x_wconf 81' lang='lat' dir='ltr'><strong>hoc</strong></span> 
     </span>
    </p>
   </div>
   <div class='ocr_carea' id='block_1_6' title="bbox 509 769 3849 856">
    <p class='ocr_par' dir='ltr' id='par_1_6' title="bbox 509 769 3849 856">
     <span class='ocr_line' id='line_1_6' title="bbox 509 769 3849 856; baseline -0.003 -14"><span class='ocrx_word' id='word_1_75' title='bbox 509 786 749 843; x_wconf 76' lang='lat' dir='ltr'><strong>Ecclesia</strong></span> <span class='ocrx_word' id='word_1_76' title='bbox 790 785 1108 856; x_wconf 82' lang='lat' dir='ltr'><strong>Legionensi</strong></span> <span class='ocrx_word' id='word_1_77' title='bbox 1158 784 1465 855; x_wconf 77' lang='lat' dir='ltr'><strong>legerentur</strong></span> <span class='ocrx_word' id='word_1_78' title='bbox 1503 782 1615 851; x_wconf 89' lang='lat' dir='ltr'><strong>ipsa</strong></span> <span class='ocrx_word' id='word_1_79' title='bbox 1659 780 1793 834; x_wconf 89' lang='lat' dir='ltr'><strong>Acta</strong></span> <span class='ocrx_word' id='word_1_80' title='bbox 1839 777 2097 849; x_wconf 90' lang='lat' dir='ltr'><strong>genuina,</strong></span> <span class='ocrx_word' id='word_1_81' title='bbox 2202 771 2362 826; x_wconf 80' lang='lat' dir='ltr'><strong>Petro</strong></span> <span class='ocrx_word' id='word_1_82' title='bbox 2393 770 2679 834; x_wconf 63' lang='lat' dir='ltr'><strong>Munionis,</strong></span> <span class='ocrx_word' id='word_1_83' title='bbox 2730 770 2843 826; x_wconf 66' lang='lat' dir='ltr'><strong>sive</strong></span> <span class='ocrx_word' id='word_1_84' title='bbox 2884 769 3096 836; x_wconf 81' lang='grc' dir='ltr'><strong>Μυιιοῑ,</strong></span> <span class='ocrx_word' id='word_1_85' title='bbox 3144 785 3304 839; x_wconf 86' lang='lat' dir='ltr'><strong>quem</strong></span> <span class='ocrx_word' id='word_1_86' title='bbox 3354 770 3431 824; x_wconf 66' lang='lat' dir='ltr'><strong>ait</strong></span> <span class='ocrx_word' id='word_1_87' title='bbox 3474 770 3849 841; x_wconf 71' lang='grc' dir='ltr'><strong>θρὶεεοριω</strong></span> 
     </span>
    </p>
   </div>
   <div class='ocr_carea' id='block_1_7' title="bbox 510 857 3849 947">
    <p class='ocr_par' dir='ltr' id='par_1_7' title="bbox 510 857 3849 947">
     <span class='ocr_line' id='line_1_7' title="bbox 510 857 3849 947; baseline -0.004 -12"><span class='ocrx_word' id='word_1_88' title='bbox 510 879 563 936; x_wconf 92' lang='lat' dir='ltr'><strong>in</strong></span> <span class='ocrx_word' id='word_1_89' title='bbox 591 879 852 935; x_wconf 85' lang='lat' dir='ltr'><strong>lectiones</strong></span> <span class='ocrx_word' id='word_1_90' title='bbox 872 875 1486 947; x_wconf 86' lang='lat' dir='ltr'><strong>distincta,supcrlluum</strong></span> <span class='ocrx_word' id='word_1_91' title='bbox 1510 880 1628 929; x_wconf 91' lang='lat' dir='ltr'><strong>erat</strong></span> <span class='ocrx_word' id='word_1_92' title='bbox 1652 870 1900 929; x_wconf 89' lang='lat' dir='ltr'><strong>eamdem</strong></span> <span class='ocrx_word' id='word_1_93' title='bbox 1926 870 2092 926; x_wconf 88' lang='lat' dir='ltr'><strong>histo-</strong></span> <span class='ocrx_word' id='word_1_94' title='bbox 2201 857 2593 931; x_wconf 71' lang='lat' dir='ltr'><strong>Legionensem</strong></span> <span class='ocrx_word' id='word_1_95' title='bbox 2619 861 2785 915; x_wconf 64' lang='lat' dir='ltr'><strong>fuisse</strong></span> <span class='ocrx_word' id='word_1_96' title='bbox 2818 861 2883 915; x_wconf 73' lang='lat' dir='ltr'><strong>ab</strong></span> <span class='ocrx_word' id='word_1_97' title='bbox 2911 876 3052 916; x_wconf 77' lang='lat' dir='ltr'><strong>anno</strong></span> <span class='ocrx_word' id='word_1_98' title='bbox 3083 858 3221 913; x_wconf 66' lang='grc'><strong>1205</strong></span> <span class='ocrx_word' id='word_1_99' title='bbox 3250 860 3318 915; x_wconf 74' lang='lat' dir='ltr'><strong>ad</strong></span> <span class='ocrx_word' id='word_1_100' title='bbox 3367 858 3526 927; x_wconf 62' lang='grc'><strong>1907,</strong></span> <span class='ocrx_word' id='word_1_101' title='bbox 3576 860 3704 917; x_wconf 77' lang='lat' dir='ltr'><strong>inde</strong></span> <span class='ocrx_word' id='word_1_102' title='bbox 3744 861 3849 917; x_wconf 73' lang='lat' dir='ltr'><strong>ad</strong></span> 
     </span>
    </p>
   </div>
   <div class='ocr_carea' id='block_1_8' title="bbox 510 954 3845 1038">
    <p class='ocr_par' dir='ltr' id='par_1_8' title="bbox 510 954 3845 1038">
     <span class='ocr_line' id='line_1_8' title="bbox 510 954 3845 1038; baseline -0.005 -10"><span class='ocrx_word' id='word_1_103' title='bbox 510 973 645 1028; x_wconf 79' lang='lat' dir='ltr'><strong>riam</strong></span> <span class='ocrx_word' id='word_1_104' title='bbox 688 985 970 1038; x_wconf 87' lang='lat' dir='ltr'><strong>sermone,</strong></span> <span class='ocrx_word' id='word_1_105' title='bbox 1018 970 1132 1024; x_wconf 85' lang='lat' dir='ltr'><strong>sive</strong></span> <span class='ocrx_word' id='word_1_106' title='bbox 1163 968 1381 1024; x_wconf 89' lang='lat' dir='ltr'><strong>homilia</strong></span> <span class='ocrx_word' id='word_1_107' title='bbox 1412 966 1705 1037; x_wconf 86' lang='lat' dir='ltr'><strong>explicare.</strong></span> <span class='ocrx_word' id='word_1_108' title='bbox 1738 963 1926 1034; x_wconf 85' lang='lat' dir='ltr'><strong>Neque</strong></span> <span class='ocrx_word' id='word_1_109' title='bbox 1971 978 2100 1019; x_wconf 82' lang='lat' dir='ltr'><strong>vero</strong></span> <span class='ocrx_word' id='word_1_110' title='bbox 2202 957 2385 1012; x_wconf 87' lang='lat' dir='ltr'><strong>sedem</strong></span> <span class='ocrx_word' id='word_1_111' title='bbox 2414 956 2911 1029; x_wconf 87' lang='lat' dir='ltr'><strong>Compostellanam</strong></span> <span class='ocrx_word' id='word_1_112' title='bbox 2939 957 3280 1013; x_wconf 89' lang='lat' dir='ltr'><strong>translatum.</strong></span> <span class='ocrx_word' id='word_1_113' title='bbox 3323 956 3403 1012; x_wconf 82' lang='lat' dir='ltr'><strong>Ex</strong></span> <span class='ocrx_word' id='word_1_114' title='bbox 3430 956 3626 1013; x_wconf 88' lang='lat' dir='ltr'><strong>eodem</strong></span> <span class='ocrx_word' id='word_1_115' title='bbox 3654 954 3845 1012; x_wconf 75' lang='lat' dir='ltr'><strong>Luca</strong></span> 
     </span>
    </p>
   </div>
   <div class='ocr_carea' id='block_1_9' title="bbox 511 1047 3843 1131">
    <p class='ocr_par' dir='ltr' id='par_1_9' title="bbox 511 1047 3843 1131">
     <span class='ocr_line' id='line_1_9' title="bbox 511 1047 3843 1131; baseline -0.004 -12"><span class='ocrx_word' id='word_1_116' title='bbox 511 1079 732 1120; x_wconf 87' lang='lat' dir='ltr'><strong>necesse</strong></span> <span class='ocrx_word' id='word_1_117' title='bbox 752 1071 835 1121; x_wconf 88' lang='lat' dir='ltr'><strong>est</strong></span> <span class='ocrx_word' id='word_1_118' title='bbox 862 1073 923 1119; x_wconf 92' lang='lat' dir='ltr'><strong>ut</strong></span> <span class='ocrx_word' id='word_1_119' title='bbox 947 1063 1250 1128; x_wconf 89' lang='lat' dir='ltr'><strong>credamus,</strong></span> <span class='ocrx_word' id='word_1_120' title='bbox 1281 1058 1637 1131; x_wconf 86' lang='lat' dir='ltr'><strong>colloquium,</strong></span> <span class='ocrx_word' id='word_1_121' title='bbox 1667 1056 1813 1127; x_wconf 88' lang='lat' dir='ltr'><strong>quod</strong></span> <span class='ocrx_word' id='word_1_122' title='bbox 1844 1054 2103 1111; x_wconf 79' lang='lat' dir='ltr'><strong>Martinus</strong></span> <span class='ocrx_word' id='word_1_123' title='bbox 2202 1050 2436 1106; x_wconf 84' lang='lat' dir='ltr'><strong>Tudensi</strong></span> <span class='ocrx_word' id='word_1_124' title='bbox 2480 1050 2533 1106; x_wconf 92' lang='lat' dir='ltr'><strong>in</strong></span> <span class='ocrx_word' id='word_1_125' title='bbox 2589 1050 2813 1122; x_wconf 85' lang='lat' dir='ltr'><strong>prologo</strong></span> <span class='ocrx_word' id='word_1_126' title='bbox 2861 1049 3046 1105; x_wconf 87' lang='lat' dir='ltr'><strong>laudat</strong></span> <span class='ocrx_word' id='word_1_127' title='bbox 3098 1049 3289 1106; x_wconf 80' lang='lat' dir='ltr'><strong>Riscus</strong></span> <span class='ocrx_word' id='word_1_128' title='bbox 3333 1063 3456 1120; x_wconf 88' lang='lat' dir='ltr'><strong>pag.</strong></span> <span class='ocrx_word' id='word_1_129' title='bbox 3488 1047 3619 1118; x_wconf 66' lang='lat'><strong>279,</strong></span> <span class='ocrx_word' id='word_1_130' title='bbox 3664 1049 3843 1106; x_wconf 59' lang='lat' dir='ltr'><strong>duo:</strong></span> 
     </span>
    </p>
   </div>
   <div class='ocr_carea' id='block_1_10' title="bbox 512 1147 2103 1223">
    <p class='ocr_par' dir='ltr' id='par_1_10' title="bbox 512 1147 2103 1223">
     <span class='ocr_line' id='line_1_10' title="bbox 512 1147 2103 1223; baseline -0.008 -10"><span class='ocrx_word' id='word_1_131' title='bbox 512 1165 717 1222; x_wconf 82' lang='lat' dir='ltr'><strong>narrat,</strong></span> <span class='ocrx_word' id='word_1_132' title='bbox 753 1156 891 1211; x_wconf 89' lang='lat' dir='ltr'><strong>inter</strong></span> <span class='ocrx_word' id='word_1_133' title='bbox 931 1155 989 1211; x_wconf 86' lang='lat' dir='ltr'><strong>S.</strong></span> <span class='ocrx_word' id='word_1_134' title='bbox 1019 1153 1372 1223; x_wconf 85' lang='lat' dir='ltr'><strong>Augustinum</strong></span> <span class='ocrx_word' id='word_1_135' title='bbox 1399 1161 1454 1207; x_wconf 91' lang='lat' dir='ltr'><strong>et</strong></span> <span class='ocrx_word' id='word_1_136' title='bbox 1489 1151 1548 1207; x_wconf 91' lang='lat' dir='ltr'><strong>S.</strong></span> <span class='ocrx_word' id='word_1_137' title='bbox 1577 1149 1843 1205; x_wconf 89' lang='lat' dir='ltr'><strong>lsidorum</strong></span> <span class='ocrx_word' id='word_1_138' title='bbox 1874 1163 2001 1203; x_wconf 86' lang='lat' dir='ltr'><strong>vere</strong></span> <span class='ocrx_word' id='word_1_139' title='bbox 2029 1147 2103 1201; x_wconf 89' lang='lat' dir='ltr'><strong>ita</strong></span> 
     </span>
    </p>
   </div>
   <div class='ocr_carea' id='block_1_11' title="bbox 512 1242 2103 1318">
    <p class='ocr_par' dir='ltr' id='par_1_11' title="bbox 512 1242 2103 1318">
     <span class='ocr_line' id='line_1_11' title="bbox 512 1242 2103 1318; baseline -0.006 -13"><span class='ocrx_word' id='word_1_140' title='bbox 512 1248 772 1305; x_wconf 83' lang='lat' dir='ltr'><strong>accidisse</strong></span> <span class='ocrx_word' id='word_1_141' title='bbox 805 1266 817 1300; x_wconf 91' lang='lat'><strong>:</strong></span> <span class='ocrx_word' id='word_1_142' title='bbox 846 1246 1017 1318; x_wconf 91' lang='lat' dir='ltr'><strong>potuit</strong></span> <span class='ocrx_word' id='word_1_143' title='bbox 1045 1247 1189 1300; x_wconf 91' lang='lat' dir='ltr'><strong>enim</strong></span> <span class='ocrx_word' id='word_1_144' title='bbox 1221 1244 1503 1309; x_wconf 80' lang='lat' dir='ltr'><strong>Martinus,</strong></span> <span class='ocrx_word' id='word_1_145' title='bbox 1534 1252 1593 1296; x_wconf 94' lang='lat' dir='ltr'><strong>ut</strong></span> <span class='ocrx_word' id='word_1_146' title='bbox 1622 1242 1860 1296; x_wconf 83' lang='lat' dir='ltr'><strong>sermoni</strong></span> <span class='ocrx_word' id='word_1_147' title='bbox 1885 1256 1984 1296; x_wconf 88' lang='lat' dir='ltr'><strong>suo</strong></span> <span class='ocrx_word' id='word_1_148' title='bbox 2014 1256 2103 1295; x_wconf 83' lang='lat' dir='ltr'><strong>ar-</strong></span> 
     </span>
    </p>
   </div>
   <div class='ocr_carea' id='block_1_12' title="bbox 513 1333 2104 1414">
    <p class='ocr_par' dir='ltr' id='par_1_12' title="bbox 513 1333 2104 1414">
     <span class='ocr_line' id='line_1_12' title="bbox 513 1333 2104 1414; baseline -0.006 -18"><span class='ocrx_word' id='word_1_149' title='bbox 513 1349 824 1414; x_wconf 86' lang='lat' dir='ltr'><strong>gumentum</strong></span> <span class='ocrx_word' id='word_1_150' title='bbox 848 1337 1140 1409; x_wconf 90' lang='lat' dir='ltr'><strong>jucundum</strong></span> <span class='ocrx_word' id='word_1_151' title='bbox 1163 1345 1451 1407; x_wconf 67' lang='lat' dir='ltr'><strong>quaereret,</strong></span> <span class='ocrx_word' id='word_1_152' title='bbox 1479 1336 1621 1390; x_wconf 89' lang='lat' dir='ltr'><strong>hunc</strong></span> <span class='ocrx_word' id='word_1_153' title='bbox 1641 1333 1795 1405; x_wconf 89' lang='lat' dir='ltr'><strong>quasi</strong></span> <span class='ocrx_word' id='word_1_154' title='bbox 1816 1333 2104 1405; x_wconf 87' lang='lat' dir='ltr'><strong>apologum</strong></span> 
     </span>
    </p>
   </div>
   <div class='ocr_carea' id='block_1_13' title="bbox 513 1432 842 1501">
    <p class='ocr_par' dir='ltr' id='par_1_13' title="bbox 513 1432 842 1501">
     <span class='ocr_line' id='line_1_13' title="bbox 513 1432 842 1501; baseline -0.003 -14"><span class='ocrx_word' id='word_1_155' title='bbox 513 1432 842 1501; x_wconf 80' lang='lat' dir='ltr'><strong>excogitare.</strong></span> 
     </span>
    </p>
   </div>
   <div class='ocr_carea' id='block_1_14' title="bbox 582 1518 2111 1595">
    <p class='ocr_par' dir='ltr' id='par_1_14' title="bbox 582 1518 2111 1595">
     <span class='ocr_line' id='line_1_14' title="bbox 582 1518 2111 1595; baseline -0.003 -15"><span class='ocrx_word' id='word_1_156' title='bbox 582 1524 635 1580; x_wconf 90' lang='lat'><strong>9.</strong></span> <span class='ocrx_word' id='word_1_157' title='bbox 667 1526 965 1595; x_wconf 82' lang='lat' dir='ltr'><strong>Antequam</strong></span> <span class='ocrx_word' id='word_1_158' title='bbox 989 1539 1121 1579; x_wconf 91' lang='lat' dir='ltr'><strong>vero</strong></span> <span class='ocrx_word' id='word_1_159' title='bbox 1149 1538 1179 1577; x_wconf 90' lang='lat' dir='ltr'><strong>a</strong></span> <span class='ocrx_word' id='word_1_160' title='bbox 1219 1520 1279 1577; x_wconf 90' lang='lat' dir='ltr'><strong>S.</strong></span> <span class='ocrx_word' id='word_1_161' title='bbox 1306 1520 1540 1577; x_wconf 89' lang='lat' dir='ltr'><strong>Martino</strong></span> <span class='ocrx_word' id='word_1_162' title='bbox 1571 1521 1911 1583; x_wconf 83' lang='lat' dir='ltr'><strong>recedamus,</strong></span> <span class='ocrx_word' id='word_1_163' title='bbox 1955 1518 2111 1589; x_wconf 84' lang='lat' dir='ltr'><strong>juvat</strong></span> 
     </span>
    </p>
   </div>
   <div class='ocr_carea' id='block_1_15' title="bbox 510 1611 2106 1685">
    <p class='ocr_par' dir='ltr' id='par_1_15' title="bbox 510 1611 2106 1685">
     <span class='ocr_line' id='line_1_15' title="bbox 510 1611 2106 1685; baseline -0.003 -13"><span class='ocrx_word' id='word_1_164' title='bbox 510 1614 715 1673; x_wconf 76' lang='lat' dir='ltr'><strong>referre</strong></span> <span class='ocrx_word' id='word_1_165' title='bbox 742 1632 849 1685; x_wconf 90' lang='lat' dir='ltr'><strong>qua</strong></span> <span class='ocrx_word' id='word_1_166' title='bbox 879 1618 1091 1671; x_wconf 83' lang='lat' dir='ltr'><strong>ratione</strong></span> <span class='ocrx_word' id='word_1_167' title='bbox 1121 1630 1189 1670; x_wconf 88' lang='lat' dir='ltr'><strong>ex</strong></span> <span class='ocrx_word' id='word_1_168' title='bbox 1218 1613 1334 1668; x_wconf 87' lang='lat' dir='ltr'><strong>rudi</strong></span> <span class='ocrx_word' id='word_1_169' title='bbox 1359 1622 1415 1669; x_wconf 91' lang='lat' dir='ltr'><strong>et</strong></span> <span class='ocrx_word' id='word_1_170' title='bbox 1444 1613 1721 1668; x_wconf 89' lang='lat' dir='ltr'><strong>illitterato</strong></span> <span class='ocrx_word' id='word_1_171' title='bbox 1748 1621 1991 1683; x_wconf 89' lang='lat' dir='ltr'><strong>repente,</strong></span> <span class='ocrx_word' id='word_1_172' title='bbox 2009 1611 2106 1667; x_wconf 82' lang='lat' dir='ltr'><strong>de-</strong></span> 
     </span>
    </p>
   </div>
   <div class='ocr_carea' id='block_1_16' title="bbox 511 1701 2108 1780">
    <p class='ocr_par' dir='ltr' id='par_1_16' title="bbox 511 1701 2108 1780">
     <span class='ocr_line' id='line_1_16' title="bbox 511 1701 2108 1780; baseline -0.007 -17"><span class='ocrx_word' id='word_1_173' title='bbox 511 1717 795 1780; x_wconf 86' lang='lat' dir='ltr'><strong>precatore</strong></span> <span class='ocrx_word' id='word_1_174' title='bbox 823 1707 1067 1775; x_wconf 83' lang='lat' dir='ltr'><strong>Isidoro,</strong></span> <span class='ocrx_word' id='word_1_175' title='bbox 1098 1706 1275 1760; x_wconf 82' lang='lat' dir='ltr'><strong>factus</strong></span> <span class='ocrx_word' id='word_1_176' title='bbox 1319 1703 1480 1760; x_wconf 85' lang='lat' dir='ltr'><strong>luerit</strong></span> <span class='ocrx_word' id='word_1_177' title='bbox 1520 1704 1884 1760; x_wconf 80' lang='lat' dir='ltr'><strong>doctissimus.</strong></span> <span class='ocrx_word' id='word_1_178' title='bbox 1931 1701 2108 1756; x_wconf 79' lang='lat' dir='ltr'><strong>Vitam</strong></span> 
     </span>
    </p>
   </div>
   <div class='ocr_carea' id='block_1_17' title="bbox 510 1794 2187 1867">
    <p class='ocr_par' dir='ltr' id='par_1_17' title="bbox 510 1794 2187 1867">
     <span class='ocr_line' id='line_1_17' title="bbox 510 1794 2187 1867; baseline -0.007 -12"><span class='ocrx_word' id='word_1_179' title='bbox 510 1798 569 1855; x_wconf 89' lang='lat' dir='ltr'><strong>S.</strong></span> <span class='ocrx_word' id='word_1_180' title='bbox 590 1798 804 1853; x_wconf 88' lang='lat' dir='ltr'><strong>Martini</strong></span> <span class='ocrx_word' id='word_1_181' title='bbox 826 1798 1041 1867; x_wconf 84' lang='lat' dir='ltr'><strong>scripsit</strong></span> <span class='ocrx_word' id='word_1_182' title='bbox 1056 1795 1230 1853; x_wconf 89' lang='lat' dir='ltr'><strong>Lucas</strong></span> <span class='ocrx_word' id='word_1_183' title='bbox 1245 1795 1505 1851; x_wconf 87' lang='lat' dir='ltr'><strong>diaconus</strong></span> <span class='ocrx_word' id='word_1_184' title='bbox 1529 1794 1900 1864; x_wconf 87' lang='lat' dir='ltr'><strong>Legionensis,</strong></span> <span class='ocrx_word' id='word_1_185' title='bbox 1919 1800 2106 1864; x_wconf 87' lang='lat' dir='ltr'><strong>postea</strong></span> <span class='ocrx_word' id='word_1_186' title='bbox 2139 1797 2187 1859; x_wconf 80' lang='grc' dir='ltr'><strong>Β</strong></span> 
     </span>
    </p>
   </div>
   <div class='ocr_carea' id='block_1_18' title="bbox 515 1883 2109 1961">
    <p class='ocr_par' dir='ltr' id='par_1_18' title="bbox 515 1883 2109 1961">
     <span class='ocr_line' id='line_1_18' title="bbox 515 1883 2109 1961; baseline -0.006 -15"><span class='ocrx_word' id='word_1_187' title='bbox 515 1892 805 1961; x_wconf 86' lang='lat' dir='ltr'><strong>episcopus</strong></span> <span class='ocrx_word' id='word_1_188' title='bbox 834 1889 1124 1951; x_wconf 86' lang='lat' dir='ltr'><strong>Tudensis,</strong></span> <span class='ocrx_word' id='word_1_189' title='bbox 1174 1889 1227 1943; x_wconf 92' lang='lat' dir='ltr'><strong>in</strong></span> <span class='ocrx_word' id='word_1_190' title='bbox 1276 1903 1343 1943; x_wconf 90' lang='lat' dir='ltr'><strong>eo</strong></span> <span class='ocrx_word' id='word_1_191' title='bbox 1374 1902 1540 1958; x_wconf 81' lang='lat' dir='ltr'><strong>opere</strong></span> <span class='ocrx_word' id='word_1_192' title='bbox 1588 1886 1731 1957; x_wconf 91' lang='lat' dir='ltr'><strong>quod</strong></span> <span class='ocrx_word' id='word_1_193' title='bbox 1782 1883 2109 1947; x_wconf 81' lang='lat' dir='ltr'><strong>inscribitur,</strong></span> 
     </span>
    </p>
   </div>
   <div class='ocr_carea' id='block_1_19' title="bbox 515 1973 2107 2046">
    <p class='ocr_par' dir='ltr' id='par_1_19' title="bbox 515 1973 2107 2046">
     <span class='ocr_line' id='line_1_19' title="bbox 515 1973 2107 2046; baseline -0.004 -12"><span class='ocrx_word' id='word_1_194' title='bbox 515 1979 595 2034; x_wconf 86' lang='lat' dir='ltr'><strong>De</strong></span> <span class='ocrx_word' id='word_1_195' title='bbox 624 1980 888 2034; x_wconf 89' lang='lat' dir='ltr'><strong>miraculis</strong></span> <span class='ocrx_word' id='word_1_196' title='bbox 918 1979 980 2035; x_wconf 91' lang='lat' dir='ltr'><strong>S.</strong></span> <span class='ocrx_word' id='word_1_197' title='bbox 1014 1978 1228 2034; x_wconf 87' lang='lat' dir='ltr'><strong>Isidori.</strong></span> <span class='ocrx_word' id='word_1_198' title='bbox 1262 1977 1335 2033; x_wconf 88' lang='lat' dir='ltr'><strong>Ea</strong></span> <span class='ocrx_word' id='word_1_199' title='bbox 1364 1988 1542 2034; x_wconf 81' lang='lat' dir='ltr'><strong>exstat</strong></span> <span class='ocrx_word' id='word_1_200' title='bbox 1574 1986 1703 2032; x_wconf 87' lang='lat' dir='ltr'><strong>tom.</strong></span> <span class='ocrx_word' id='word_1_201' title='bbox 1738 1976 1758 2030; x_wconf 92' lang='grc'><strong>1</strong></span> <span class='ocrx_word' id='word_1_202' title='bbox 1785 1974 2022 2046; x_wconf 90' lang='lat' dir='ltr'><strong>Operum</strong></span> <span class='ocrx_word' id='word_1_203' title='bbox 2050 1973 2107 2028; x_wconf 93' lang='lat' dir='ltr'><strong>S.</strong></span> 
     </span>
    </p>
   </div>
   <div class='ocr_carea' id='block_1_20' title="bbox 517 2070 2113 2143">
    <p class='ocr_par' dir='ltr' id='par_1_20' title="bbox 517 2070 2113 2143">
     <span class='ocr_line' id='line_1_20' title="bbox 517 2070 2113 2143; baseline -0.003 -16"><span class='ocrx_word' id='word_1_204' title='bbox 517 2072 772 2139; x_wconf 86' lang='lat' dir='ltr'><strong>Martini;</strong></span> <span class='ocrx_word' id='word_1_205' title='bbox 804 2073 856 2127; x_wconf 92' lang='lat' dir='ltr'><strong>in</strong></span> <span class='ocrx_word' id='word_1_206' title='bbox 880 2072 1031 2142; x_wconf 88' lang='lat' dir='ltr'><strong>cujus</strong></span> <span class='ocrx_word' id='word_1_207' title='bbox 1052 2072 1213 2143; x_wconf 85' lang='lat' dir='ltr'><strong>cap.l</strong></span> <span class='ocrx_word' id='word_1_208' title='bbox 1252 2072 1329 2128; x_wconf 86' lang='lat' dir='ltr'><strong>sic</strong></span> <span class='ocrx_word' id='word_1_209' title='bbox 1360 2072 1586 2141; x_wconf 85' lang='lat' dir='ltr'><strong>legimus</strong></span> <span class='ocrx_word' id='word_1_210' title='bbox 1612 2089 1624 2124; x_wconf 90' lang='lat'><strong>:</strong></span> <span class='ocrx_word' id='word_1_211' title='bbox 1656 2070 1856 2125; x_wconf 84' lang='lat' dir='ltr'><strong>Eodem</strong></span> <span class='ocrx_word' id='word_1_212' title='bbox 1888 2078 2113 2139; x_wconf 88' lang='lat' dir='ltr'><strong>tempore</strong></span> 
     </span>
    </p>
   </div>
   <div class='ocr_carea' id='block_1_21' title="bbox 516 2162 2113 2235">
    <p class='ocr_par' dir='ltr' id='par_1_21' title="bbox 516 2162 2113 2235">
     <span class='ocr_line' id='line_1_21' title="bbox 516 2162 2113 2235; baseline -0.003 -18"><span class='ocrx_word' id='word_1_213' title='bbox 516 2164 824 2219; x_wconf 81' lang='lat' dir='ltr'><strong>venerabilis</strong></span> <span class='ocrx_word' id='word_1_214' title='bbox 854 2167 971 2220; x_wconf 74' lang='lat' dir='ltr'><strong>vita:</strong></span> <span class='ocrx_word' id='word_1_215' title='bbox 1018 2164 1281 2219; x_wconf 72' lang='lat' dir='ltr'><strong>Martinus</strong></span> <span class='ocrx_word' id='word_1_216' title='bbox 1327 2164 1615 2235; x_wconf 80' lang='lat' dir='ltr'><strong>presbyter,</strong></span> <span class='ocrx_word' id='word_1_217' title='bbox 1657 2163 1940 2217; x_wconf 85' lang='lat' dir='ltr'><strong>canonicus</strong></span> <span class='ocrx_word' id='word_1_218' title='bbox 1969 2162 2113 2231; x_wconf 85' lang='lat' dir='ltr'><strong>ejus-</strong></span> 
     </span>
    </p>
   </div>
   <div class='ocr_carea' id='block_1_22' title="bbox 517 2253 2112 2328">
    <p class='ocr_par' dir='ltr' id='par_1_22' title="bbox 517 2253 2112 2328">
     <span class='ocr_line' id='line_1_22' title="bbox 517 2253 2112 2328; baseline -0.003 -19"><span class='ocrx_word' id='word_1_219' title='bbox 517 2255 634 2309; x_wconf 89' lang='lat' dir='ltr'><strong>dem</strong></span> <span class='ocrx_word' id='word_1_220' title='bbox 656 2258 977 2322; x_wconf 78' lang='lat' dir='ltr'><strong>monasterii,</strong></span> <span class='ocrx_word' id='word_1_221' title='bbox 1013 2272 1168 2328; x_wconf 88' lang='lat' dir='ltr'><strong>quem</strong></span> <span class='ocrx_word' id='word_1_222' title='bbox 1197 2256 1356 2327; x_wconf 90' lang='lat' dir='ltr'><strong>paulo</strong></span> <span class='ocrx_word' id='word_1_223' title='bbox 1399 2266 1521 2309; x_wconf 84' lang='lat' dir='ltr'><strong>ante</strong></span> <span class='ocrx_word' id='word_1_224' title='bbox 1551 2256 1786 2325; x_wconf 76' lang='lat' dir='ltr'><strong>superius</strong></span> <span class='ocrx_word' id='word_1_225' title='bbox 1814 2253 2112 2319; x_wconf 76' lang='lat' dir='ltr'><strong>memoravi,</strong></span> 
     </span>
    </p>
   </div>
   <div class='ocr_carea' id='block_1_23' title="bbox 516 2346 2116 2419">
    <p class='ocr_par' dir='ltr' id='par_1_23' title="bbox 516 2346 2116 2419">
     <span class='ocr_line' id='line_1_23' title="bbox 516 2346 2116 2419; baseline -0.004 -16"><span class='ocrx_word' id='word_1_226' title='bbox 516 2348 778 2403; x_wconf 86' lang='lat' dir='ltr'><strong>intellectu</strong></span> <span class='ocrx_word' id='word_1_227' title='bbox 803 2348 1196 2419; x_wconf 82' lang='lat' dir='ltr'><strong>Scripturarum</strong></span> <span class='ocrx_word' id='word_1_228' title='bbox 1229 2350 1435 2403; x_wconf 87' lang='lat' dir='ltr'><strong>interno</strong></span> <span class='ocrx_word' id='word_1_229' title='bbox 1475 2352 1583 2419; x_wconf 78' lang='lat' dir='ltr'><strong>fere</strong></span> <span class='ocrx_word' id='word_1_230' title='bbox 1606 2348 1791 2409; x_wconf 82' lang='lat' dir='ltr'><strong>idiota,</strong></span> <span class='ocrx_word' id='word_1_231' title='bbox 1823 2346 1915 2401; x_wconf 90' lang='lat' dir='ltr'><strong>sed</strong></span> <span class='ocrx_word' id='word_1_232' title='bbox 1956 2347 2116 2399; x_wconf 73' lang='lat' dir='ltr'><strong>virtu-</strong></span> 
     </span>
    </p>
   </div>
   <div class='ocr_carea' id='block_1_24' title="bbox 521 2440 2114 2515">
    <p class='ocr_par' dir='ltr' id='par_1_24' title="bbox 521 2440 2114 2515">
     <span class='ocr_line' id='line_1_24' title="bbox 521 2440 2114 2515; baseline -0.003 -18"><span class='ocrx_word' id='word_1_233' title='bbox 521 2452 628 2498; x_wconf 91' lang='lat' dir='ltr'><strong>tum</strong></span> <span class='ocrx_word' id='word_1_234' title='bbox 683 2444 919 2515; x_wconf 82' lang='lat' dir='ltr'><strong>operibus</strong></span> <span class='ocrx_word' id='word_1_235' title='bbox 969 2445 1351 2514; x_wconf 83' lang='lat' dir='ltr'><strong>sapientissime</strong></span> <span class='ocrx_word' id='word_1_236' title='bbox 1416 2444 1636 2513; x_wconf 79' lang='lat' dir='ltr'><strong>ﬂorebat</strong></span> <span class='ocrx_word' id='word_1_237' title='bbox 1690 2444 1931 2514; x_wconf 85' lang='lat' dir='ltr'><strong>insignis.</strong></span> <span class='ocrx_word' id='word_1_238' title='bbox 1988 2440 2114 2509; x_wconf 81' lang='lat' dir='ltr'><strong>Hic,</strong></span> 
     </span>
    </p>
   </div>
   <div class='ocr_carea' id='block_1_25' title="bbox 519 2533 2117 2610">
    <p class='ocr_par' dir='ltr' id='par_1_25' title="bbox 519 2533 2117 2610">
     <span class='ocr_line' id='line_1_25' title="bbox 519 2533 2117 2610; baseline -0.004 -19"><span class='ocrx_word' id='word_1_239' title='bbox 519 2536 751 2610; x_wconf 85' lang='lat' dir='ltr'><strong>quamvis</strong></span> <span class='ocrx_word' id='word_1_240' title='bbox 779 2547 911 2590; x_wconf 89' lang='lat' dir='ltr'><strong>esset</strong></span> <span class='ocrx_word' id='word_1_241' title='bbox 933 2537 1293 2591; x_wconf 83' lang='lat' dir='ltr'><strong>ecclesiasticis</strong></span> <span class='ocrx_word' id='word_1_242' title='bbox 1316 2536 1508 2607; x_wconf 75' lang='lat' dir='ltr'><strong>ofﬁciis</strong></span> <span class='ocrx_word' id='word_1_243' title='bbox 1530 2536 1730 2599; x_wconf 89' lang='lat' dir='ltr'><strong>doctus,</strong></span> <span class='ocrx_word' id='word_1_244' title='bbox 1763 2545 1829 2594; x_wconf 86' lang='lat' dir='ltr'><strong>et.</strong></span> <span class='ocrx_word' id='word_1_245' title='bbox 1849 2544 1903 2587; x_wconf 89' lang='lat' dir='ltr'><strong>ut</strong></span> <span class='ocrx_word' id='word_1_246' title='bbox 1922 2533 2117 2587; x_wconf 89' lang='lat' dir='ltr'><strong>dictum</strong></span> 
     </span>
    </p>
   </div>
   <div class='ocr_carea' id='block_1_26' title="bbox 520 2627 2115 2699">
    <p class='ocr_par' dir='ltr' id='par_1_26' title="bbox 520 2627 2115 2699">
     <span class='ocr_line' id='line_1_26' title="bbox 520 2627 2115 2699; baseline -0.004 -14"><span class='ocrx_word' id='word_1_247' title='bbox 520 2639 616 2695; x_wconf 77' lang='lat' dir='ltr'><strong>est,</strong></span> <span class='ocrx_word' id='word_1_248' title='bbox 663 2629 923 2682; x_wconf 86' lang='lat' dir='ltr'><strong>internum</strong></span> <span class='ocrx_word' id='word_1_249' title='bbox 962 2628 1357 2699; x_wconf 85' lang='lat' dir='ltr'><strong>Scripturarum</strong></span> <span class='ocrx_word' id='word_1_250' title='bbox 1396 2645 1498 2682; x_wconf 88' lang='lat' dir='ltr'><strong>non</strong></span> <span class='ocrx_word' id='word_1_251' title='bbox 1537 2638 1742 2698; x_wconf 88' lang='lat' dir='ltr'><strong>caperet</strong></span> <span class='ocrx_word' id='word_1_252' title='bbox 1780 2627 2115 2694; x_wconf 87' lang='lat' dir='ltr'><strong>intellectum,</strong></span> 
     </span>
    </p>
   </div>
   <div class='ocr_carea' id='block_1_27' title="bbox 525 2718 2116 2792">
    <p class='ocr_par' dir='ltr' id='par_1_27' title="bbox 525 2718 2116 2792">
     <span class='ocr_line' id='line_1_27' title="bbox 525 2718 2116 2792; baseline -0.004 -17"><span class='ocrx_word' id='word_1_253' title='bbox 525 2729 771 2792; x_wconf 85' lang='lat' dir='ltr'><strong>tanquam</strong></span> <span class='ocrx_word' id='word_1_254' title='bbox 798 2720 906 2786; x_wconf 85' lang='lat' dir='ltr'><strong>ille,</strong></span> <span class='ocrx_word' id='word_1_255' title='bbox 930 2720 1019 2791; x_wconf 86' lang='lat' dir='ltr'><strong>qui</strong></span> <span class='ocrx_word' id='word_1_256' title='bbox 1038 2720 1497 2791; x_wconf 86' lang='lat' dir='ltr'><strong>grammaticorum</strong></span> <span class='ocrx_word' id='word_1_257' title='bbox 1530 2718 1737 2773; x_wconf 84' lang='lat' dir='ltr'><strong>scholas</strong></span> <span class='ocrx_word' id='word_1_258' title='bbox 1757 2734 1985 2788; x_wconf 82' lang='lat' dir='ltr'><strong>unquam</strong></span> <span class='ocrx_word' id='word_1_259' title='bbox 2017 2718 2116 2770; x_wconf 89' lang='lat' dir='ltr'><strong>mi-</strong></span> 
     </span>
    </p>
   </div>
   <div class='ocr_carea' id='block_1_28' title="bbox 522 2807 2119 2885">
    <p class='ocr_par' dir='ltr' id='par_1_28' title="bbox 522 2807 2119 2885">
     <span class='ocr_line' id='line_1_28' title="bbox 522 2807 2119 2885; baseline -0.003 -17"><span class='ocrx_word' id='word_1_260' title='bbox 522 2814 661 2868; x_wconf 86' lang='lat' dir='ltr'><strong>nime</strong></span> <span class='ocrx_word' id='word_1_261' title='bbox 689 2814 1121 2885; x_wconf 78' lang='lat' dir='ltr'><strong>frequentarerat,</strong></span> <span class='ocrx_word' id='word_1_262' title='bbox 1177 2822 1350 2867; x_wconf 90' lang='lat' dir='ltr'><strong>tamen</strong></span> <span class='ocrx_word' id='word_1_263' title='bbox 1394 2813 1561 2866; x_wconf 87' lang='lat' dir='ltr'><strong>inerat</strong></span> <span class='ocrx_word' id='word_1_264' title='bbox 1611 2808 1757 2885; x_wconf 87' lang='lat' dir='ltr'><strong>[Ms.,</strong></span> <span class='ocrx_word' id='word_1_265' title='bbox 1784 2807 2030 2881; x_wconf 79' lang='lat' dir='ltr'><strong>inltierat]</strong></span> <span class='ocrx_word' id='word_1_266' title='bbox 2070 2810 2119 2863; x_wconf 87' lang='lat' dir='ltr'><strong>ei</strong></span> 
     </span>
    </p>
   </div>
   <div class='ocr_carea' id='block_1_29' title="bbox 518 2902 2118 2978">
    <p class='ocr_par' dir='ltr' id='par_1_29' title="bbox 518 2902 2118 2978">
     <span class='ocr_line' id='line_1_29' title="bbox 518 2902 2118 2978; baseline -0.003 -19"><span class='ocrx_word' id='word_1_267' title='bbox 518 2904 841 2978; x_wconf 81' lang='lat' dir='ltr'><strong>intelligendi</strong></span> <span class='ocrx_word' id='word_1_268' title='bbox 877 2922 1055 2960; x_wconf 89' lang='lat' dir='ltr'><strong>sacras</strong></span> <span class='ocrx_word' id='word_1_269' title='bbox 1086 2904 1388 2973; x_wconf 87' lang='lat' dir='ltr'><strong>Scripturas</strong></span> <span class='ocrx_word' id='word_1_270' title='bbox 1418 2919 1673 2959; x_wconf 87' lang='lat' dir='ltr'><strong>summum</strong></span> <span class='ocrx_word' id='word_1_271' title='bbox 1706 2902 2041 2967; x_wconf 87' lang='lat' dir='ltr'><strong>desiderium,</strong></span> <span class='ocrx_word' id='word_1_272' title='bbox 2068 2912 2118 2955; x_wconf 88' lang='lat' dir='ltr'><strong>et</strong></span> 
     </span>
    </p>
   </div>
   <div class='ocr_carea' id='block_1_30' title="bbox 520 2990 2119 3069">
    <p class='ocr_par' dir='ltr' id='par_1_30' title="bbox 520 2990 2119 3069">
     <span class='ocr_line' id='line_1_30' title="bbox 520 2990 2119 3069; baseline -0.003 -15"><span class='ocrx_word' id='word_1_273' title='bbox 520 2998 864 3064; x_wconf 85' lang='lat' dir='ltr'><strong>orationibus,</strong></span> <span class='ocrx_word' id='word_1_274' title='bbox 891 3008 941 3052; x_wconf 90' lang='lat' dir='ltr'><strong>et</strong></span> <span class='ocrx_word' id='word_1_275' title='bbox 962 2990 1181 3069; x_wconf 73' lang='lat' dir='ltr'><strong>jejuriiis</strong></span> <span class='ocrx_word' id='word_1_276' title='bbox 1210 2998 1508 3061; x_wconf 87' lang='lat' dir='ltr'><strong>insistebat,</strong></span> <span class='ocrx_word' id='word_1_277' title='bbox 1532 2996 1757 3051; x_wconf 82' lang='lat' dir='ltr'><strong>serviens</strong></span> <span class='ocrx_word' id='word_1_278' title='bbox 1787 2994 2011 3049; x_wconf 84' lang='lat' dir='ltr'><strong>Domino</strong></span> <span class='ocrx_word' id='word_1_279' title='bbox 2034 2996 2119 3049; x_wconf 88' lang='lat' dir='ltr'><strong>die</strong></span> 
     </span>
    </p>
   </div>
   <div class='ocr_carea' id='block_1_31' title="bbox 523 3088 2119 3160">
    <p class='ocr_par' dir='ltr' id='par_1_31' title="bbox 523 3088 2119 3160">
     <span class='ocr_line' id='line_1_31' title="bbox 523 3088 2119 3160; baseline -0.002 -16"><span class='ocrx_word' id='word_1_280' title='bbox 523 3106 586 3144; x_wconf 88' lang='lat' dir='ltr'><strong>ac</strong></span> <span class='ocrx_word' id='word_1_281' title='bbox 634 3099 782 3143; x_wconf 87' lang='lat' dir='ltr'><strong>nocte</strong></span> <span class='ocrx_word' id='word_1_282' title='bbox 820 3091 875 3143; x_wconf 89' lang='lat' dir='ltr'><strong>in</strong></span> <span class='ocrx_word' id='word_1_283' title='bbox 913 3092 1099 3160; x_wconf 84' lang='lat' dir='ltr'><strong>spiritu</strong></span> <span class='ocrx_word' id='word_1_284' title='bbox 1146 3092 1396 3143; x_wconf 76' lang='lat' dir='ltr'><strong>veritatis.</strong></span> <span class='ocrx_word' id='word_1_285' title='bbox 1426 3088 1535 3143; x_wconf 88' lang='lat' dir='ltr'><strong>Sed</strong></span> <span class='ocrx_word' id='word_1_286' title='bbox 1562 3088 1684 3141; x_wconf 90' lang='lat' dir='ltr'><strong>dum</strong></span> <span class='ocrx_word' id='word_1_287' title='bbox 1715 3097 1863 3141; x_wconf 88' lang='lat' dir='ltr'><strong>nocte</strong></span> <span class='ocrx_word' id='word_1_288' title='bbox 1892 3088 2119 3155; x_wconf 87' lang='lat' dir='ltr'><strong>quadam</strong></span> 
     </span>
    </p>
   </div>
   <div class='ocr_carea' id='block_1_32' title="bbox 2203 1142 3837 1210">
    <p class='ocr_par' dir='ltr' id='par_1_32' title="bbox 2203 1142 3837 1210">
     <span class='ocr_line' id='line_1_32' title="bbox 2203 1142 3837 1210; baseline -0.001 -10"><span class='ocrx_word' id='word_1_289' title='bbox 2203 1144 2339 1201; x_wconf 92' lang='lat' dir='ltr'><strong>alios</strong></span> <span class='ocrx_word' id='word_1_290' title='bbox 2368 1144 2613 1201; x_wconf 87' lang='lat' dir='ltr'><strong>doctrina</strong></span> <span class='ocrx_word' id='word_1_291' title='bbox 2644 1144 2973 1201; x_wconf 89' lang='lat' dir='ltr'><strong>excellentes</strong></span> <span class='ocrx_word' id='word_1_292' title='bbox 3004 1144 3178 1210; x_wconf 89' lang='lat' dir='ltr'><strong>viros,</strong></span> <span class='ocrx_word' id='word_1_293' title='bbox 3210 1143 3502 1198; x_wconf 85' lang='lat' dir='ltr'><strong>Martinum</strong></span> <span class='ocrx_word' id='word_1_294' title='bbox 3532 1142 3837 1198; x_wconf 79' lang='lat' dir='ltr'><strong>decaunm</strong></span> 
     </span>
    </p>
   </div>
   <div class='ocr_carea' id='block_1_33' title="bbox 2206 1232 3839 1303">
    <p class='ocr_par' dir='ltr' id='par_1_33' title="bbox 2206 1232 3839 1303">
     <span class='ocr_line' id='line_1_33' title="bbox 2206 1232 3839 1303; baseline -0.001 -14"><span class='ocrx_word' id='word_1_295' title='bbox 2206 1235 2615 1303; x_wconf 83' lang='lat' dir='ltr'><strong>Legionensem,</strong></span> <span class='ocrx_word' id='word_1_296' title='bbox 2662 1243 2715 1290; x_wconf 92' lang='lat' dir='ltr'><strong>et</strong></span> <span class='ocrx_word' id='word_1_297' title='bbox 2765 1234 3159 1289; x_wconf 82' lang='lat' dir='ltr'><strong>Veremundum</strong></span> <span class='ocrx_word' id='word_1_298' title='bbox 3190 1233 3663 1291; x_wconf 89' lang='lat' dir='ltr'><strong>archidiaconum.</strong></span> <span class='ocrx_word' id='word_1_299' title='bbox 3708 1232 3839 1302; x_wconf 83' lang='lat' dir='ltr'><strong>qui</strong></span> 
     </span>
    </p>
   </div>
   <div class='ocr_carea' id='block_1_34' title="bbox 2204 1326 3836 1399">
    <p class='ocr_par' dir='ltr' id='par_1_34' title="bbox 2204 1326 3836 1399">
     <span class='ocr_line' id='line_1_34' title="bbox 2204 1326 3836 1399; baseline -0.002 -13"><span class='ocrx_word' id='word_1_300' title='bbox 2204 1346 2394 1386; x_wconf 87' lang='lat' dir='ltr'><strong>versus</strong></span> <span class='ocrx_word' id='word_1_301' title='bbox 2423 1330 2476 1384; x_wconf 89' lang='lat' dir='ltr'><strong>in</strong></span> <span class='ocrx_word' id='word_1_302' title='bbox 2505 1328 2562 1383; x_wconf 90' lang='lat' dir='ltr'><strong>S.</strong></span> <span class='ocrx_word' id='word_1_303' title='bbox 2603 1327 2792 1384; x_wconf 85' lang='lat' dir='ltr'><strong>lsidori</strong></span> <span class='ocrx_word' id='word_1_304' title='bbox 2835 1328 3049 1383; x_wconf 87' lang='lat' dir='ltr'><strong>laudem</strong></span> <span class='ocrx_word' id='word_1_305' title='bbox 3095 1328 3446 1399; x_wconf 81' lang='lat' dir='ltr'><strong>scripserunt,</strong></span> <span class='ocrx_word' id='word_1_306' title='bbox 3497 1336 3555 1383; x_wconf 88' lang='lat' dir='ltr'><strong>et</strong></span> <span class='ocrx_word' id='word_1_307' title='bbox 3605 1326 3836 1383; x_wconf 82' lang='lat' dir='ltr'><strong>eodem</strong></span> 
     </span>
    </p>
   </div>
   <div class='ocr_carea' id='block_1_35' title="bbox 2206 1418 3106 1478">
    <p class='ocr_par' dir='ltr' id='par_1_35' title="bbox 2206 1418 3106 1478">
     <span class='ocr_line' id='line_1_35' title="bbox 2206 1418 3106 1478; baseline -0.004 1"><span class='ocrx_word' id='word_1_308' title='bbox 2206 1422 2405 1478; x_wconf 67' lang='lat' dir='ltr'><strong>sarculo</strong></span> <span class='ocrx_word' id='word_1_309' title='bbox 2437 1436 2530 1476; x_wconf 70' lang='grc' dir='ltr'><strong>χιιι</strong></span> <span class='ocrx_word' id='word_1_310' title='bbox 2561 1418 2807 1478; x_wconf 83' lang='lat' dir='ltr'><strong>ﬂoruisse</strong></span> <span class='ocrx_word' id='word_1_311' title='bbox 2832 1418 3106 1475; x_wconf 90' lang='lat' dir='ltr'><strong>videntur.</strong></span> 
     </span>
    </p>
   </div>
   <div class='ocr_carea' id='block_1_36' title="bbox 2812 1578 3183 1636">
    <p class='ocr_par' dir='ltr' id='par_1_36' title="bbox 2812 1578 3183 1636">
     <span class='ocr_line' id='line_1_36' title="bbox 2812 1578 3183 1636; baseline -0.008 0"><span class='ocrx_word' id='word_1_312' title='bbox 2812 1578 3042 1636; x_wconf 77' lang='lat' dir='ltr'><strong>CAPUT</strong></span> <span class='ocrx_word' id='word_1_313' title='bbox 3072 1578 3183 1633; x_wconf 79' lang='lat' dir='ltr'><strong>Xll.</strong></span> 
     </span>
    </p>
   </div>
   <div class='ocr_carea' id='block_1_37' title="bbox 2209 1691 3833 1764">
    <p class='ocr_par' dir='ltr' id='par_1_37' title="bbox 2209 1691 3833 1764">
     <span class='ocr_line' id='line_1_37' title="bbox 2209 1691 3833 1764; baseline -0.004 -11"><span class='ocrx_word' id='word_1_314' title='bbox 2209 1696 2545 1753; x_wconf 83' lang='lat' dir='ltr'><strong>Continuatio</strong></span> <span class='ocrx_word' id='word_1_315' title='bbox 2600 1693 2975 1750; x_wconf 83' lang='lat' dir='ltr'><strong>Chronicorum</strong></span> <span class='ocrx_word' id='word_1_316' title='bbox 3036 1694 3099 1748; x_wconf 87' lang='grc' dir='ltr'><strong>Β.</strong></span> <span class='ocrx_word' id='word_1_317' title='bbox 3165 1691 3362 1747; x_wconf 82' lang='lat' dir='ltr'><strong>Isidori</strong></span> <span class='ocrx_word' id='word_1_318' title='bbox 3423 1691 3833 1764; x_wconf 76' lang='lat' dir='ltr'><strong>archiepiscopi</strong></span> 
     </span>
    </p>
   </div>
   <div class='ocr_carea' id='block_1_38' title="bbox 2285 1763 3833 1837">
    <p class='ocr_par' dir='ltr' id='par_1_38' title="bbox 2285 1763 3833 1837">
     <span class='ocr_line' id='line_1_38' title="bbox 2285 1763 3833 1837; baseline -0.003 -15"><span class='ocrx_word' id='word_1_319' title='bbox 2285 1768 2645 1837; x_wconf 82' lang='lat' dir='ltr'><strong>Ilispalensis,</strong></span> <span class='ocrx_word' id='word_1_320' title='bbox 2693 1785 2791 1837; x_wconf 15' lang='lat' dir='ltr'><strong>per,</strong></span> <span class='ocrx_word' id='word_1_321' title='bbox 2834 1765 2893 1819; x_wconf 83' lang='grc' dir='ltr'><strong>Β.</strong></span> <span class='ocrx_word' id='word_1_322' title='bbox 2940 1763 3833 1837; x_wconf 16' lang='grc' dir='ltr'><strong>έιάερὴοηδιινηνυνεήἰφίεεοριιὶη</strong></span> 
     </span>
    </p>
   </div>
   <div class='ocr_carea' id='block_1_39' title="bbox 2288 1835 3831 1904">
    <p class='ocr_par' dir='ltr' id='par_1_39' title="bbox 2288 1835 3831 1904">
     <span class='ocr_line' id='line_1_39' title="bbox 2288 1835 3831 1904; baseline -0.002 -11"><span class='ocrx_word' id='word_1_323' title='bbox 2288 1835 2613 1901; x_wconf 83' lang='lat' dir='ltr'><strong>Toletanum,</strong></span> <span class='ocrx_word' id='word_1_324' title='bbox 2634 1835 2700 1890; x_wconf 52' lang='lat' dir='ltr'><strong>ut&#39;</strong></span> <span class='ocrx_word' id='word_1_325' title='bbox 2718 1856 2748 1889; x_wconf 80' lang='grc' dir='ltr'><strong>(ι</strong></span> <span class='ocrx_word' id='word_1_326' title='bbox 2770 1836 2909 1889; x_wconf 89' lang='lat' dir='ltr'><strong>Luca</strong></span> <span class='ocrx_word' id='word_1_327' title='bbox 2935 1835 3163 1890; x_wconf 88' lang='lat' dir='ltr'><strong>Tudensi</strong></span> <span class='ocrx_word' id='word_1_328' title='bbox 3184 1836 3453 1898; x_wconf 86' lang='lat' dir='ltr'><strong>asseritur,</strong></span> <span class='ocrx_word' id='word_1_329' title='bbox 3486 1835 3784 1904; x_wconf 88' lang='lat' dir='ltr'><strong>composita</strong></span> <span class='ocrx_word' id='word_1_330' title='bbox 3806 1853 3831 1890; x_wconf 91' lang='lat'><em>:</em></span> 
     </span>
    </p>
   </div>
   <div class='ocr_carea' id='block_1_40' title="bbox 2288 1904 3831 1983">
    <p class='ocr_par' dir='ltr' id='par_1_40' title="bbox 2288 1904 3831 1983">
     <span class='ocr_line' id='line_1_40' title="bbox 2288 1904 3831 1983; baseline -0.003 -19"><span class='ocrx_word' id='word_1_331' title='bbox 2288 1912 2341 1964; x_wconf 91' lang='lat' dir='ltr'><strong>in</strong></span> <span class='ocrx_word' id='word_1_332' title='bbox 2379 1929 2480 1983; x_wconf 89' lang='lat' dir='ltr'><strong>qua</strong></span> <span class='ocrx_word' id='word_1_333' title='bbox 2510 1909 2759 1983; x_wconf 67' lang='lat' dir='ltr'><strong>nonnulla</strong></span> <span class='ocrx_word' id='word_1_334' title='bbox 2794 1906 3041 1983; x_wconf 74' lang='lat' dir='ltr'><strong>fabulosa</strong></span> <span class='ocrx_word' id='word_1_335' title='bbox 3187 1906 3251 1983; x_wconf 84' lang='lat' dir='ltr'><strong>S._</strong></span> <span class='ocrx_word' id='word_1_336' title='bbox 3283 1904 3513 1983; x_wconf 75' lang='lat' dir='ltr'><strong>Isidoro_</strong></span> <span class='ocrx_word' id='word_1_337' title='bbox 3541 1916 3664 1983; x_wconf 71' lang='lat' dir='ltr'><strong>sunt</strong></span> <span class='ocrx_word' id='word_1_338' title='bbox 3708 1909 3831 1960; x_wconf 78' lang='lat' dir='ltr'><strong>ad-</strong></span> 
     </span>
    </p>
   </div>
   <div class='ocr_carea' id='block_1_41' title="bbox 2286 1974 3831 2036">
    <p class='ocr_par' dir='ltr' id='par_1_41' title="bbox 2286 1974 3831 2036">
     <span class='ocr_line' id='line_1_41' title="bbox 2286 1974 3831 2036; baseline -0.001 -1"><span class='ocrx_word' id='word_1_339' title='bbox 2286 1974 2460 2036; x_wconf 76' lang='lat' dir='ltr'><strong>misla.</strong></span> <span class='ocrx_word' id='word_1_340' title='bbox 2499 1979 2657 2035; x_wconf 71' lang='lat' dir='ltr'><strong>Nolle</strong></span> <span class='ocrx_word' id='word_1_341' title='bbox 2686 1979 2755 2033; x_wconf 92' lang='lat' dir='ltr'><strong>ad</strong></span> <span class='ocrx_word' id='word_1_342' title='bbox 2784 1974 2917 2033; x_wconf 82' lang='lat' dir='ltr'><strong>hanc</strong></span> <span class='ocrx_word' id='word_1_343' title='bbox 2964 1978 3427 2032; x_wconf 82' lang='lat' dir='ltr'><strong>continuationem.</strong></span> <span class='ocrx_word' id='word_1_344' title='bbox 3456 1974 3716 2031; x_wconf 69' lang='lat' dir='ltr'><strong>lonitum</strong></span> <span class='ocrx_word' id='word_1_345' title='bbox 3749 1994 3831 2033; x_wconf 65' lang='lat' dir='ltr'><strong>es</strong></span> 
     </span>
    </p>
   </div>
   <div class='ocr_carea' id='block_1_42' title="bbox 2286 2048 3172 2107">
    <p class='ocr_par' dir='ltr' id='par_1_42' title="bbox 2286 2048 3172 2107">
     <span class='ocr_line' id='line_1_42' title="bbox 2286 2048 3172 2107; baseline -0.005 0"><span class='ocrx_word' id='word_1_346' title='bbox 2286 2053 2510 2107; x_wconf 90' lang='lat' dir='ltr'><strong>editione</strong></span> <span class='ocrx_word' id='word_1_347' title='bbox 2541 2051 2759 2105; x_wconf 82' lang='lat' dir='ltr'><strong>Patrum</strong></span> <span class='ocrx_word' id='word_1_348' title='bbox 2785 2048 3172 2104; x_wconf 76' lang='lat' dir='ltr'><strong>Toletanorum.</strong></span> 
     </span>
    </p>
   </div>
   <div class='ocr_carea' id='block_1_43' title="bbox 2288 2160 3832 2234">
    <p class='ocr_par' dir='ltr' id='par_1_43' title="bbox 2288 2160 3832 2234">
     <span class='ocr_line' id='line_1_43' title="bbox 2288 2160 3832 2234; baseline -0.001 -14"><span class='ocrx_word' id='word_1_349' title='bbox 2288 2166 2339 2221; x_wconf 84' lang='lat' dir='ltr'><strong>l.</strong></span> <span class='ocrx_word' id='word_1_350' title='bbox 2388 2184 2407 2218; x_wconf 79' lang='grc' dir='ltr'><strong>ι</strong></span> <span class='ocrx_word' id='word_1_351' title='bbox 2452 2164 2715 2233; x_wconf 85' lang='lat' dir='ltr'><strong>Quoniam</strong></span> <span class='ocrx_word' id='word_1_352' title='bbox 2761 2163 3051 2234; x_wconf 65' lang='lat' dir='ltr'><strong>praeclarus</strong></span> <span class='ocrx_word' id='word_1_353' title='bbox 3094 2161 3285 2217; x_wconf 88' lang='lat' dir='ltr'><strong>doctor</strong></span> <span class='ocrx_word' id='word_1_354' title='bbox 3338 2160 3575 2218; x_wconf 86' lang='lat' dir='ltr'><strong>Isidorus</strong></span> <span class='ocrx_word' id='word_1_355' title='bbox 3622 2170 3832 2218; x_wconf 73' lang='lat' dir='ltr'><strong>aztates</strong></span> 
     </span>
    </p>
   </div>
   <div class='ocr_carea' id='block_1_44' title="bbox 2215 2252 3826 2326">
    <p class='ocr_par' dir='ltr' id='par_1_44' title="bbox 2215 2252 3826 2326">
     <span class='ocr_line' id='line_1_44' title="bbox 2215 2252 3826 2326; baseline -0.004 -11"><span class='ocrx_word' id='word_1_356' title='bbox 2215 2256 2421 2325; x_wconf 91' lang='lat' dir='ltr'><strong>mundi,</strong></span> <span class='ocrx_word' id='word_1_357' title='bbox 2448 2265 2504 2311; x_wconf 91' lang='lat' dir='ltr'><strong>et</strong></span> <span class='ocrx_word' id='word_1_358' title='bbox 2530 2253 2886 2326; x_wconf 88' lang='lat' dir='ltr'><strong>quorumdam</strong></span> <span class='ocrx_word' id='word_1_359' title='bbox 2916 2255 3305 2324; x_wconf 87' lang='lat' dir='ltr'><strong>imperatorum</strong></span> <span class='ocrx_word' id='word_1_360' title='bbox 3332 2259 3388 2307; x_wconf 90' lang='lat' dir='ltr'><strong>et</strong></span> <span class='ocrx_word' id='word_1_361' title='bbox 3418 2267 3608 2322; x_wconf 90' lang='lat' dir='ltr'><strong>regum</strong></span> <span class='ocrx_word' id='word_1_362' title='bbox 3637 2252 3826 2308; x_wconf 86' lang='lat' dir='ltr'><strong>histo-</strong></span> 
     </span>
    </p>
   </div>
   <div class='ocr_carea' id='block_1_45' title="bbox 2218 2342 3832 2414">
    <p class='ocr_par' dir='ltr' id='par_1_45' title="bbox 2218 2342 3832 2414">
     <span class='ocr_line' id='line_1_45' title="bbox 2218 2342 3832 2414; baseline -0.002 -10"><span class='ocrx_word' id='word_1_363' title='bbox 2218 2351 2325 2405; x_wconf 89' lang='lat' dir='ltr'><strong>rias</strong></span> <span class='ocrx_word' id='word_1_364' title='bbox 2363 2349 2431 2403; x_wconf 90' lang='lat' dir='ltr'><strong>ab</strong></span> <span class='ocrx_word' id='word_1_365' title='bbox 2461 2345 2689 2402; x_wconf 86' lang='lat' dir='ltr'><strong>exordio</strong></span> <span class='ocrx_word' id='word_1_366' title='bbox 2720 2343 2904 2399; x_wconf 91' lang='lat' dir='ltr'><strong>mundi</strong></span> <span class='ocrx_word' id='word_1_367' title='bbox 2937 2358 3105 2414; x_wconf 90' lang='lat' dir='ltr'><strong>usque</strong></span> <span class='ocrx_word' id='word_1_368' title='bbox 3154 2342 3222 2398; x_wconf 91' lang='lat' dir='ltr'><strong>ad</strong></span> <span class='ocrx_word' id='word_1_369' title='bbox 3270 2353 3479 2414; x_wconf 86' lang='lat' dir='ltr'><strong>tempus</strong></span> <span class='ocrx_word' id='word_1_370' title='bbox 3527 2343 3832 2401; x_wconf 83' lang='lat' dir='ltr'><strong>Sisenandi</strong></span> 
     </span>
    </p>
   </div>
   <div class='ocr_carea' id='block_1_46' title="bbox 2218 2436 3828 2511">
    <p class='ocr_par' dir='ltr' id='par_1_46' title="bbox 2218 2436 3828 2511">
     <span class='ocr_line' id='line_1_46' title="bbox 2218 2436 3828 2511; baseline -0.002 -13"><span class='ocrx_word' id='word_1_371' title='bbox 2218 2442 2359 2511; x_wconf 87' lang='lat' dir='ltr'><strong>regis</strong></span> <span class='ocrx_word' id='word_1_372' title='bbox 2388 2440 2692 2496; x_wconf 86' lang='lat' dir='ltr'><strong>Gothorum</strong></span> <span class='ocrx_word' id='word_1_373' title='bbox 2729 2438 2891 2494; x_wconf 89' lang='lat' dir='ltr'><strong>docili</strong></span> <span class='ocrx_word' id='word_1_374' title='bbox 2942 2436 3265 2508; x_wconf 89' lang='lat' dir='ltr'><strong>compendio</strong></span> <span class='ocrx_word' id='word_1_375' title='bbox 3316 2438 3592 2509; x_wconf 82' lang='lat' dir='ltr'><strong>patefecit.</strong></span> <span class='ocrx_word' id='word_1_376' title='bbox 3641 2455 3739 2495; x_wconf 91' lang='lat' dir='ltr'><strong>nos</strong></span> <span class='ocrx_word' id='word_1_377' title='bbox 3787 2455 3828 2495; x_wconf 70' lang='grc' dir='ltr'><strong>ι</strong></span> 
     </span>
    </p>
   </div>
   <div class='ocr_carea' id='block_1_47' title="bbox 2218 2530 3830 2606">
    <p class='ocr_par' dir='ltr' id='par_1_47' title="bbox 2218 2530 3830 2606">
     <span class='ocr_line' id='line_1_47' title="bbox 2218 2530 3830 2606; baseline -0.001 -15"><span class='ocrx_word' id='word_1_378' title='bbox 2218 2543 2462 2604; x_wconf 89' lang='lat' dir='ltr'><strong>tempore</strong></span> <span class='ocrx_word' id='word_1_379' title='bbox 2509 2548 2619 2602; x_wconf 91' lang='lat' dir='ltr'><strong>quo</strong></span> <span class='ocrx_word' id='word_1_380' title='bbox 2661 2532 2777 2602; x_wconf 87' lang='lat' dir='ltr'><strong>ipse</strong></span> <span class='ocrx_word' id='word_1_381' title='bbox 2822 2530 2983 2587; x_wconf 88' lang='lat' dir='ltr'><strong>desiit</strong></span> <span class='ocrx_word' id='word_1_382' title='bbox 3026 2547 3307 2587; x_wconf 86' lang='lat' dir='ltr'><strong>sumamus</strong></span> <span class='ocrx_word' id='word_1_383' title='bbox 3352 2532 3698 2606; x_wconf 87' lang='lat' dir='ltr'><strong>principium,</strong></span> <span class='ocrx_word' id='word_1_384' title='bbox 3745 2550 3830 2591; x_wconf 85' lang='lat' dir='ltr'><strong>ne</strong></span> 
     </span>
    </p>
   </div>
   <div class='ocr_carea' id='block_1_48' title="bbox 2221 2625 3829 2698">
    <p class='ocr_par' dir='ltr' id='par_1_48' title="bbox 2221 2625 3829 2698">
     <span class='ocr_line' id='line_1_48' title="bbox 2221 2625 3829 2698; baseline 0.006 -21"><span class='ocrx_word' id='word_1_385' title='bbox 2221 2626 2561 2698; x_wconf 63' lang='lat' dir='ltr'><strong>praasentium</strong></span> <span class='ocrx_word' id='word_1_386' title='bbox 2601 2625 2826 2681; x_wconf 89' lang='lat' dir='ltr'><strong>heroum</strong></span> <span class='ocrx_word' id='word_1_387' title='bbox 2866 2625 3126 2682; x_wconf 88' lang='lat' dir='ltr'><strong>memoria</strong></span> <span class='ocrx_word' id='word_1_388' title='bbox 3156 2641 3187 2680; x_wconf 89' lang='lat' dir='ltr'><strong>a</strong></span> <span class='ocrx_word' id='word_1_389' title='bbox 3216 2626 3517 2682; x_wconf 83' lang='lat' dir='ltr'><strong>futurorum</strong></span> <span class='ocrx_word' id='word_1_390' title='bbox 3547 2629 3829 2687; x_wconf 80' lang='lat' dir='ltr'><strong>mentibus</strong></span> 
     </span>
    </p>
   </div>
   <div class='ocr_carea' id='block_1_49' title="bbox 2220 2715 2480 2772">
    <p class='ocr_par' dir='ltr' id='par_1_49' title="bbox 2220 2715 2480 2772">
     <span class='ocr_line' id='line_1_49' title="bbox 2220 2715 2480 2772; baseline -0.004 -1"><span class='ocrx_word' id='word_1_391' title='bbox 2220 2715 2480 2772; x_wconf 86' lang='lat' dir='ltr'><strong>diluatur.</strong></span> 
     </span>
    </p>
   </div>
   <div class='ocr_carea' id='block_1_50' title="bbox 2292 2807 3827 2881">
    <p class='ocr_par' dir='ltr' id='par_1_50' title="bbox 2292 2807 3827 2881">
     <span class='ocr_line' id='line_1_50' title="bbox 2292 2807 3827 2881; baseline 0.007 -20"><span class='ocrx_word' id='word_1_392' title='bbox 2292 2812 2393 2881; x_wconf 81' lang='lat'><strong>71</strong></span> <span class='ocrx_word' id='word_1_393' title='bbox 2414 2808 2467 2866; x_wconf 79' lang='lat'><strong>2.</strong></span> <span class='ocrx_word' id='word_1_394' title='bbox 2501 2827 2519 2861; x_wconf 80' lang='grc' dir='ltr'><strong>ι</strong></span> <span class='ocrx_word' id='word_1_395' title='bbox 2549 2807 2678 2864; x_wconf 67' lang='lat' dir='ltr'><strong>Era</strong></span> <span class='ocrx_word' id='word_1_396' title='bbox 2700 2825 2914 2879; x_wconf 65' lang='lat' dir='ltr'><strong>cccxxx,</strong></span> <span class='ocrx_word' id='word_1_397' title='bbox 2939 2824 3081 2865; x_wconf 91' lang='lat' dir='ltr'><strong>anno</strong></span> <span class='ocrx_word' id='word_1_398' title='bbox 3103 2809 3317 2881; x_wconf 89' lang='lat' dir='ltr'><strong>imperii</strong></span> <span class='ocrx_word' id='word_1_399' title='bbox 3340 2810 3575 2868; x_wconf 80' lang='lat' dir='ltr'><strong>Heraclii</strong></span> <span class='ocrx_word' id='word_1_400' title='bbox 3607 2812 3827 2873; x_wconf 88' lang='lat' dir='ltr'><strong>decimo</strong></span> 
     </span>
    </p>
   </div>
   <div class='ocr_carea' id='block_1_51' title="bbox 2221 2902 3831 2978">
    <p class='ocr_par' dir='ltr' id='par_1_51' title="bbox 2221 2902 3831 2978">
     <span class='ocr_line' id='line_1_51' title="bbox 2221 2902 3831 2978; baseline 0.003 -20"><span class='ocrx_word' id='word_1_401' title='bbox 2221 2913 2442 2970; x_wconf 75' lang='lat' dir='ltr'><strong>octavo,</strong></span> <span class='ocrx_word' id='word_1_402' title='bbox 2494 2911 2619 2973; x_wconf 89' lang='lat' dir='ltr'><strong>post</strong></span> <span class='ocrx_word' id='word_1_403' title='bbox 2649 2902 3007 2959; x_wconf 89' lang='lat' dir='ltr'><strong>Suintilanum</strong></span> <span class='ocrx_word' id='word_1_404' title='bbox 3038 2918 3222 2973; x_wconf 85' lang='lat' dir='ltr'><strong>regem</strong></span> <span class='ocrx_word' id='word_1_405' title='bbox 3272 2904 3604 2963; x_wconf 88' lang='lat' dir='ltr'><strong>Sisenandus</strong></span> <span class='ocrx_word' id='word_1_406' title='bbox 3632 2916 3831 2978; x_wconf 81' lang='lat' dir='ltr'><strong>regnat</strong></span> 
     </span>
    </p>
   </div>
   <div class='ocr_carea' id='block_1_52' title="bbox 2222 2994 3826 3069">
    <p class='ocr_par' dir='ltr' id='par_1_52' title="bbox 2222 2994 3826 3069">
     <span class='ocr_line' id='line_1_52' title="bbox 2222 2994 3826 3069; baseline 0.001 -17"><span class='ocrx_word' id='word_1_407' title='bbox 2222 2998 2375 3052; x_wconf 87' lang='lat' dir='ltr'><strong>annis</strong></span> <span class='ocrx_word' id='word_1_408' title='bbox 2430 2996 2617 3051; x_wconf 91' lang='lat' dir='ltr'><strong>tribus.</strong></span> <span class='ocrx_word' id='word_1_409' title='bbox 2669 2994 2776 3050; x_wconf 90' lang='lat' dir='ltr'><strong>lste</strong></span> <span class='ocrx_word' id='word_1_410' title='bbox 2820 2995 3023 3066; x_wconf 80' lang='lat' dir='ltr'><strong>synoda</strong></span> <span class='ocrx_word' id='word_1_411' title='bbox 3074 2994 3195 3068; x_wconf 87' lang='lat' dir='ltr'><strong>(sic)</strong></span> <span class='ocrx_word' id='word_1_412' title='bbox 3247 2996 3626 3069; x_wconf 85' lang='lat' dir='ltr'><strong>episcoporum</strong></span> <span class='ocrx_word' id='word_1_413' title='bbox 3678 3000 3826 3069; x_wconf 84' lang='lat' dir='ltr'><strong>egit,</strong></span> 
     </span>
    </p>
   </div>
   <div class='ocr_carea' id='block_1_53' title="bbox 2224 3087 3829 3159">
    <p class='ocr_par' dir='ltr' id='par_1_53' title="bbox 2224 3087 3829 3159">
     <span class='ocr_line' id='line_1_53' title="bbox 2224 3087 3829 3159; baseline 0.003 -17"><span class='ocrx_word' id='word_1_414' title='bbox 2224 3088 2437 3159; x_wconf 86' lang='lat' dir='ltr'><strong>patiens</strong></span> <span class='ocrx_word' id='word_1_415' title='bbox 2457 3087 2572 3153; x_wconf 80' lang='lat' dir='ltr'><strong>fuit,</strong></span> <span class='ocrx_word' id='word_1_416' title='bbox 2593 3087 2791 3159; x_wconf 89' lang='lat' dir='ltr'><strong>regulis</strong></span> <span class='ocrx_word' id='word_1_417' title='bbox 2814 3088 3097 3145; x_wconf 86' lang='lat' dir='ltr'><strong>catholicis</strong></span> <span class='ocrx_word' id='word_1_418' title='bbox 3118 3089 3436 3145; x_wconf 86' lang='lat' dir='ltr'><strong>orthodoxis</strong></span> <span class='ocrx_word' id='word_1_419' title='bbox 3454 3089 3625 3146; x_wconf 87' lang='lat' dir='ltr'><strong>stetit.</strong></span> <span class='ocrx_word' id='word_1_420' title='bbox 3645 3090 3829 3148; x_wconf 86' lang='lat' dir='ltr'><strong>Toleti</strong></span> 
     </span>
    </p>
   </div>
   <div class='ocr_carea' id='block_1_54' title="bbox 525 3180 2624 3254">
    <p class='ocr_par' dir='ltr' id='par_1_54' title="bbox 525 3180 2624 3254">
     <span class='ocr_line' id='line_1_54' title="bbox 525 3180 2624 3254; baseline 0 -18"><span class='ocrx_word' id='word_1_421' title='bbox 525 3182 739 3254; x_wconf 86' lang='lat' dir='ltr'><strong>pervigil</strong></span> <span class='ocrx_word' id='word_1_422' title='bbox 765 3182 994 3237; x_wconf 87' lang='lat' dir='ltr'><strong>orationi</strong></span> <span class='ocrx_word' id='word_1_423' title='bbox 1029 3184 1318 3246; x_wconf 86' lang='lat' dir='ltr'><strong>insisteret,</strong></span> <span class='ocrx_word' id='word_1_424' title='bbox 1369 3182 1611 3251; x_wconf 87' lang='lat' dir='ltr'><strong>apparuit</strong></span> <span class='ocrx_word' id='word_1_425' title='bbox 1641 3182 1687 3234; x_wconf 91' lang='lat' dir='ltr'><strong>ei</strong></span> <span class='ocrx_word' id='word_1_426' title='bbox 1733 3180 1910 3234; x_wconf 88' lang='lat' dir='ltr'><strong>beatus</strong></span> <span class='ocrx_word' id='word_1_427' title='bbox 1938 3180 2120 3234; x_wconf 90' lang='lat' dir='ltr'><strong>doctor</strong></span> <span class='ocrx_word' id='word_1_428' title='bbox 2147 3190 2194 3253; x_wconf 76' lang='grc' dir='ltr'>ο</span> <span class='ocrx_word' id='word_1_429' title='bbox 2228 3184 2403 3238; x_wconf 88' lang='lat' dir='ltr'><strong>linivit</strong></span> <span class='ocrx_word' id='word_1_430' title='bbox 2438 3182 2624 3237; x_wconf 81' lang='lat' dir='ltr'><strong>vitam.</strong></span> 
     </span>
    </p>
   </div>
   <div class='ocr_carea' id='block_1_55' title="bbox 528 3271 2123 3345">
    <p class='ocr_par' dir='ltr' id='par_1_55' title="bbox 528 3271 2123 3345">
     <span class='ocr_line' id='line_1_55' title="bbox 528 3271 2123 3345; baseline -0.004 -15"><span class='ocrx_word' id='word_1_431' title='bbox 528 3273 786 3339; x_wconf 82' lang='lat' dir='ltr'><strong>Isidorus,</strong></span> <span class='ocrx_word' id='word_1_432' title='bbox 820 3276 989 3345; x_wconf 76' lang='lat' dir='ltr'><strong>ferens</strong></span> <span class='ocrx_word' id='word_1_433' title='bbox 1012 3274 1282 3345; x_wconf 86' lang='lat' dir='ltr'><strong>parvulum</strong></span> <span class='ocrx_word' id='word_1_434' title='bbox 1312 3273 1499 3327; x_wconf 89' lang='lat' dir='ltr'><strong>librum</strong></span> <span class='ocrx_word' id='word_1_435' title='bbox 1530 3275 1583 3326; x_wconf 89' lang='lat' dir='ltr'><strong>in</strong></span> <span class='ocrx_word' id='word_1_436' title='bbox 1628 3271 1887 3337; x_wconf 87' lang='lat' dir='ltr'><strong>manibus,</strong></span> <span class='ocrx_word' id='word_1_437' title='bbox 1920 3282 1969 3326; x_wconf 90' lang='lat' dir='ltr'><strong>et</strong></span> <span class='ocrx_word' id='word_1_438' title='bbox 1989 3272 2123 3327; x_wconf 72' lang='lat' dir='ltr'><strong>dixit</strong></span> 
     </span>
    </p>
   </div>
   <div class='ocr_carea' id='block_1_56' title="bbox 527 3364 2123 3438">
    <p class='ocr_par' dir='ltr' id='par_1_56' title="bbox 527 3364 2123 3438">
     <span class='ocr_line' id='line_1_56' title="bbox 527 3364 2123 3438; baseline -0.003 -15"><span class='ocrx_word' id='word_1_439' title='bbox 527 3368 607 3424; x_wconf 84' lang='lat' dir='ltr'><strong>illi</strong></span> <span class='ocrx_word' id='word_1_440' title='bbox 630 3385 647 3421; x_wconf 91' lang='lat'><strong><em>:</em></strong></span> <span class='ocrx_word' id='word_1_441' title='bbox 670 3367 857 3438; x_wconf 82' lang='lat' dir='ltr'><strong>Accipe</strong></span> <span class='ocrx_word' id='word_1_442' title='bbox 877 3368 1035 3435; x_wconf 83' lang='lat' dir='ltr'><strong>hunc,</strong></span> <span class='ocrx_word' id='word_1_443' title='bbox 1064 3368 1247 3421; x_wconf 84' lang='lat' dir='ltr'><strong>dilecte</strong></span> <span class='ocrx_word' id='word_1_444' title='bbox 1278 3369 1369 3435; x_wconf 85' lang='lat' dir='ltr'><strong>mi,</strong></span> <span class='ocrx_word' id='word_1_445' title='bbox 1401 3376 1451 3420; x_wconf 89' lang='lat' dir='ltr'><strong>et</strong></span> <span class='ocrx_word' id='word_1_446' title='bbox 1477 3366 1717 3431; x_wconf 86' lang='lat' dir='ltr'><strong>comede;</strong></span> <span class='ocrx_word' id='word_1_447' title='bbox 1770 3374 1819 3419; x_wconf 91' lang='lat' dir='ltr'><strong>et</strong></span> <span class='ocrx_word' id='word_1_448' title='bbox 1862 3364 2005 3419; x_wconf 86' lang='lat' dir='ltr'><strong>dabit</strong></span> <span class='ocrx_word' id='word_1_449' title='bbox 2035 3366 2123 3419; x_wconf 87' lang='lat' dir='ltr'><strong>tibi</strong></span> 
     </span>
    </p>
   </div>
   <div class='ocr_carea' id='block_1_57' title="bbox 539 3459 2127 3531">
    <p class='ocr_par' dir='ltr' id='par_1_57' title="bbox 539 3459 2127 3531">
     <span class='ocr_line' id='line_1_57' title="bbox 539 3459 2127 3531; baseline -0.001 -18"><span class='ocrx_word' id='word_1_450' title='bbox 539 3459 793 3514; x_wconf 86' lang='lat' dir='ltr'><strong>Dominus</strong></span> <span class='ocrx_word' id='word_1_451' title='bbox 840 3476 1111 3514; x_wconf 87' lang='lat' dir='ltr'><strong>sacrarum</strong></span> <span class='ocrx_word' id='word_1_452' title='bbox 1154 3460 1425 3513; x_wconf 86' lang='lat' dir='ltr'><strong>scientiam</strong></span> <span class='ocrx_word' id='word_1_453' title='bbox 1466 3460 1877 3531; x_wconf 88' lang='lat' dir='ltr'><strong>Scripturarum,</strong></span> <span class='ocrx_word' id='word_1_454' title='bbox 1911 3460 2031 3527; x_wconf 89' lang='lat' dir='ltr'><strong>quia</strong></span> <span class='ocrx_word' id='word_1_455' title='bbox 2061 3459 2127 3529; x_wconf 80' lang='lat' dir='ltr'><strong>ﬁ-</strong></span> 
     </span>
    </p>
   </div>
   <div class='ocr_carea' id='block_1_58' title="bbox 532 3550 2128 3623">
    <p class='ocr_par' dir='ltr' id='par_1_58' title="bbox 532 3550 2128 3623">
     <span class='ocr_line' id='line_1_58' title="bbox 532 3550 2128 3623; baseline -0.001 -17"><span class='ocrx_word' id='word_1_456' title='bbox 532 3552 665 3607; x_wconf 86' lang='lat' dir='ltr'><strong>delis</strong></span> <span class='ocrx_word' id='word_1_457' title='bbox 693 3563 741 3606; x_wconf 90' lang='lat' dir='ltr'><strong>et</strong></span> <span class='ocrx_word' id='word_1_458' title='bbox 761 3553 935 3623; x_wconf 85' lang='lat' dir='ltr'><strong>justus</strong></span> <span class='ocrx_word' id='word_1_459' title='bbox 960 3554 1195 3607; x_wconf 83' lang='lat' dir='ltr'><strong>inventus</strong></span> <span class='ocrx_word' id='word_1_460' title='bbox 1220 3569 1273 3606; x_wconf 85' lang='lat' dir='ltr'><strong>es</strong></span> <span class='ocrx_word' id='word_1_461' title='bbox 1294 3554 1351 3607; x_wconf 89' lang='lat' dir='ltr'><strong>in</strong></span> <span class='ocrx_word' id='word_1_462' title='bbox 1371 3552 1526 3607; x_wconf 89' lang='lat' dir='ltr'><strong>domo</strong></span> <span class='ocrx_word' id='word_1_463' title='bbox 1550 3552 1683 3622; x_wconf 86' lang='lat' dir='ltr'><strong>ejus.</strong></span> <span class='ocrx_word' id='word_1_464' title='bbox 1710 3550 1925 3605; x_wconf 87' lang='lat' dir='ltr'><strong>Obtinui</strong></span> <span class='ocrx_word' id='word_1_465' title='bbox 1971 3553 2128 3605; x_wconf 89' lang='lat' dir='ltr'><strong>etiam</strong></span> 
     </span>
    </p>
   </div>
   <div class='ocr_carea' id='block_1_59' title="bbox 530 3644 2127 3717">
    <p class='ocr_par' dir='ltr' id='par_1_59' title="bbox 530 3644 2127 3717">
     <span class='ocr_line' id='line_1_59' title="bbox 530 3644 2127 3717; baseline -0.001 -17"><span class='ocrx_word' id='word_1_466' title='bbox 530 3662 563 3700; x_wconf 90' lang='lat' dir='ltr'><strong>a</strong></span> <span class='ocrx_word' id='word_1_467' title='bbox 592 3644 818 3701; x_wconf 84' lang='lat' dir='ltr'><strong>Domino</strong></span> <span class='ocrx_word' id='word_1_468' title='bbox 852 3644 980 3699; x_wconf 74' lang='lat' dir='ltr'><strong>Iesu</strong></span> <span class='ocrx_word' id='word_1_469' title='bbox 1035 3645 1238 3700; x_wconf 78' lang='lat' dir='ltr'><strong>Christo</strong></span> <span class='ocrx_word' id='word_1_470' title='bbox 1280 3654 1337 3699; x_wconf 90' lang='lat' dir='ltr'><strong>ut</strong></span> <span class='ocrx_word' id='word_1_471' title='bbox 1377 3646 1604 3715; x_wconf 86' lang='lat' dir='ltr'><strong>accipias</strong></span> <span class='ocrx_word' id='word_1_472' title='bbox 1649 3645 1899 3717; x_wconf 84' lang='lat' dir='ltr'><strong>quidquid</strong></span> <span class='ocrx_word' id='word_1_473' title='bbox 1936 3664 1967 3698; x_wconf 92' lang='lat' dir='ltr'><strong>a</strong></span> <span class='ocrx_word' id='word_1_474' title='bbox 2018 3644 2127 3699; x_wconf 88' lang='lat' dir='ltr'><strong>Deo</strong></span> 
     </span>
    </p>
   </div>
   <div class='ocr_carea' id='block_1_60' title="bbox 534 3738 2129 3811">
    <p class='ocr_par' dir='ltr' id='par_1_60' title="bbox 534 3738 2129 3811">
     <span class='ocr_line' id='line_1_60' title="bbox 534 3738 2129 3811; baseline 0.001 -20"><span class='ocrx_word' id='word_1_475' title='bbox 534 3740 776 3811; x_wconf 82' lang='lat' dir='ltr'><strong>petieris;</strong></span> <span class='ocrx_word' id='word_1_476' title='bbox 805 3748 854 3793; x_wconf 91' lang='lat' dir='ltr'><strong>et</strong></span> <span class='ocrx_word' id='word_1_477' title='bbox 882 3739 984 3793; x_wconf 87' lang='lat' dir='ltr'><strong>eris</strong></span> <span class='ocrx_word' id='word_1_478' title='bbox 1014 3740 1285 3793; x_wconf 87' lang='lat' dir='ltr'><strong>consocius</strong></span> <span class='ocrx_word' id='word_1_479' title='bbox 1322 3740 1694 3803; x_wconf 87' lang='lat' dir='ltr'><strong>miraculorum</strong></span> <span class='ocrx_word' id='word_1_480' title='bbox 1734 3756 1847 3809; x_wconf 80' lang='lat' dir='ltr'><strong>qua:</strong></span> <span class='ocrx_word' id='word_1_481' title='bbox 1877 3738 2129 3793; x_wconf 87' lang='lat' dir='ltr'><strong>Dominus</strong></span> 
     </span>
    </p>
   </div>
   <div class='ocr_carea' id='block_1_61' title="bbox 531 3830 2130 3905">
    <p class='ocr_par' dir='ltr' id='par_1_61' title="bbox 531 3830 2130 3905">
     <span class='ocr_line' id='line_1_61' title="bbox 531 3830 2130 3905; baseline 0.001 -21"><span class='ocrx_word' id='word_1_482' title='bbox 531 3847 625 3901; x_wconf 79' lang='lat' dir='ltr'><strong>per</strong></span> <span class='ocrx_word' id='word_1_483' title='bbox 651 3846 733 3884; x_wconf 91' lang='lat' dir='ltr'><strong>me</strong></span> <span class='ocrx_word' id='word_1_484' title='bbox 768 3831 825 3884; x_wconf 89' lang='lat' dir='ltr'><strong>in</strong></span> <span class='ocrx_word' id='word_1_485' title='bbox 854 3831 949 3883; x_wconf 88' lang='lat' dir='ltr'><strong>hac</strong></span> <span class='ocrx_word' id='word_1_486' title='bbox 991 3830 1209 3885; x_wconf 86' lang='lat' dir='ltr'><strong>ecclesia</strong></span> <span class='ocrx_word' id='word_1_487' title='bbox 1246 3841 1514 3902; x_wconf 87' lang='lat' dir='ltr'><strong>operatur.</strong></span> <span class='ocrx_word' id='word_1_488' title='bbox 1565 3830 1680 3905; x_wconf 87' lang='lat' dir='ltr'><strong>Ego</strong></span> <span class='ocrx_word' id='word_1_489' title='bbox 1723 3848 1838 3886; x_wconf 89' lang='lat' dir='ltr'><strong>sum</strong></span> <span class='ocrx_word' id='word_1_490' title='bbox 1891 3830 2130 3886; x_wconf 84' lang='lat' dir='ltr'><strong>Isidorus</strong></span> 
     </span>
    </p>
   </div>
   <div class='ocr_carea' id='block_1_62' title="bbox 537 3921 2131 3995">
    <p class='ocr_par' dir='ltr' id='par_1_62' title="bbox 537 3921 2131 3995">
     <span class='ocr_line' id='line_1_62' title="bbox 537 3921 2131 3995; baseline 0.003 -21"><span class='ocrx_word' id='word_1_491' title='bbox 537 3921 690 3992; x_wconf 86' lang='lat' dir='ltr'><strong>hujus</strong></span> <span class='ocrx_word' id='word_1_492' title='bbox 721 3921 823 3976; x_wconf 91' lang='lat' dir='ltr'><strong>loci</strong></span> <span class='ocrx_word' id='word_1_493' title='bbox 866 3928 1145 3991; x_wconf 88' lang='lat' dir='ltr'><strong>patronus,</strong></span> <span class='ocrx_word' id='word_1_494' title='bbox 1176 3931 1226 3977; x_wconf 90' lang='lat' dir='ltr'><strong>et</strong></span> <span class='ocrx_word' id='word_1_495' title='bbox 1272 3939 1334 3977; x_wconf 90' lang='lat' dir='ltr'><strong>ea</strong></span> <span class='ocrx_word' id='word_1_496' title='bbox 1385 3938 1501 3995; x_wconf 81' lang='lat' dir='ltr'><strong>qua:</strong></span> <span class='ocrx_word' id='word_1_497' title='bbox 1551 3933 1597 3977; x_wconf 88' lang='lat' dir='ltr'><strong>te</strong></span> <span class='ocrx_word' id='word_1_498' title='bbox 1646 3922 1872 3995; x_wconf 87' lang='lat' dir='ltr'><strong>Spiritus</strong></span> <span class='ocrx_word' id='word_1_499' title='bbox 1922 3933 2131 3978; x_wconf 86' lang='lat' dir='ltr'><strong>sanctus</strong></span> 
     </span>
    </p>
   </div>
   <div class='ocr_carea' id='block_1_63' title="bbox 537 4013 2130 4087">
    <p class='ocr_par' dir='ltr' id='par_1_63' title="bbox 537 4013 2130 4087">
     <span class='ocr_line' id='line_1_63' title="bbox 537 4013 2130 4087; baseline 0.002 -19"><span class='ocrx_word' id='word_1_500' title='bbox 537 4013 769 4069; x_wconf 87' lang='lat' dir='ltr'><strong>docuerit</strong></span> <span class='ocrx_word' id='word_1_501' title='bbox 795 4014 1024 4069; x_wconf 88' lang='lat' dir='ltr'><strong>studebis</strong></span> <span class='ocrx_word' id='word_1_502' title='bbox 1042 4014 1095 4068; x_wconf 89' lang='lat' dir='ltr'><strong>in</strong></span> <span class='ocrx_word' id='word_1_503' title='bbox 1124 4015 1346 4085; x_wconf 89' lang='lat' dir='ltr'><strong>gloriam</strong></span> <span class='ocrx_word' id='word_1_504' title='bbox 1372 4014 1567 4071; x_wconf 84' lang='lat' dir='ltr'><strong>Christi</strong></span> <span class='ocrx_word' id='word_1_505' title='bbox 1588 4017 1811 4070; x_wconf 87' lang='lat' dir='ltr'><strong>nominis</strong></span> <span class='ocrx_word' id='word_1_506' title='bbox 1828 4019 2130 4087; x_wconf 90' lang='lat' dir='ltr'><strong>propinare.</strong></span> 
     </span>
    </p>
   </div>
   <div class='ocr_carea' id='block_1_64' title="bbox 608 4106 2134 4179">
    <p class='ocr_par' dir='ltr' id='par_1_64' title="bbox 608 4106 2134 4179">
     <span class='ocr_line' id='line_1_64' title="bbox 608 4106 2134 4179; baseline 0.001 -18"><span class='ocrx_word' id='word_1_507' title='bbox 608 4106 694 4162; x_wconf 82' lang='grc'><strong>10.</strong></span> <span class='ocrx_word' id='word_1_508' title='bbox 726 4107 930 4162; x_wconf 82' lang='lat' dir='ltr'><strong>Addam</strong></span> <span class='ocrx_word' id='word_1_509' title='bbox 961 4124 1081 4177; x_wconf 60' lang='lat' dir='ltr'><strong>quae</strong></span> <span class='ocrx_word' id='word_1_510' title='bbox 1110 4108 1281 4163; x_wconf 88' lang='lat' dir='ltr'><strong>Lucas</strong></span> <span class='ocrx_word' id='word_1_511' title='bbox 1303 4108 1569 4165; x_wconf 89' lang='lat' dir='ltr'><strong>Tudensis</strong></span> <span class='ocrx_word' id='word_1_512' title='bbox 1594 4124 1715 4179; x_wconf 88' lang='lat' dir='ltr'><strong>cap.</strong></span> <span class='ocrx_word' id='word_1_513' title='bbox 1741 4108 1827 4172; x_wconf 75' lang='lat'><strong>1‘2,</strong></span> <span class='ocrx_word' id='word_1_514' title='bbox 1854 4116 2037 4162; x_wconf 90' lang='lat' dir='ltr'><strong>narrat</strong></span> <span class='ocrx_word' id='word_1_515' title='bbox 2065 4108 2134 4162; x_wconf 90' lang='lat' dir='ltr'><strong>de</strong></span> 
     </span>
    </p>
   </div>
   <div class='ocr_carea' id='block_1_65' title="bbox 540 4198 2137 4270">
    <p class='ocr_par' dir='ltr' id='par_1_65' title="bbox 540 4198 2137 4270">
     <span class='ocr_line' id='line_1_65' title="bbox 540 4198 2137 4270; baseline -0.002 -14"><span class='ocrx_word' id='word_1_516' title='bbox 540 4199 734 4256; x_wconf 88' lang='lat' dir='ltr'><strong>eodem</strong></span> <span class='ocrx_word' id='word_1_517' title='bbox 792 4198 1023 4255; x_wconf 90' lang='lat' dir='ltr'><strong>Martino</strong></span> <span class='ocrx_word' id='word_1_518' title='bbox 1072 4199 1392 4270; x_wconf 86' lang='lat' dir='ltr'><strong>Legionensi</strong></span> <span class='ocrx_word' id='word_1_519' title='bbox 1424 4218 1437 4253; x_wconf 90' lang='lat'>:</span> <span class='ocrx_word' id='word_1_520' title='bbox 1470 4200 1599 4255; x_wconf 88' lang='lat' dir='ltr'><strong>Cum</strong></span> <span class='ocrx_word' id='word_1_521' title='bbox 1629 4202 1683 4253; x_wconf 89' lang='lat' dir='ltr'><strong>in</strong></span> <span class='ocrx_word' id='word_1_522' title='bbox 1713 4199 1984 4254; x_wconf 86' lang='lat' dir='ltr'><strong>scribendo</strong></span> <span class='ocrx_word' id='word_1_523' title='bbox 2023 4217 2137 4253; x_wconf 87' lang='lat' dir='ltr'><strong>ma-</strong></span> 
     </span>
    </p>
   </div>
   <div class='ocr_carea' id='block_1_66' title="bbox 540 4289 2137 4362">
    <p class='ocr_par' dir='ltr' id='par_1_66' title="bbox 540 4289 2137 4362">
     <span class='ocr_line' id='line_1_66' title="bbox 540 4289 2137 4362; baseline 0.002 -17"><span class='ocrx_word' id='word_1_524' title='bbox 540 4306 701 4345; x_wconf 87' lang='lat' dir='ltr'><strong>nuum</strong></span> <span class='ocrx_word' id='word_1_525' title='bbox 729 4297 780 4342; x_wconf 91' lang='lat' dir='ltr'><strong>et</strong></span> <span class='ocrx_word' id='word_1_526' title='bbox 809 4289 1137 4344; x_wconf 85' lang='lat' dir='ltr'><strong>brachiorum</strong></span> <span class='ocrx_word' id='word_1_527' title='bbox 1166 4308 1378 4345; x_wconf 88' lang='lat' dir='ltr'><strong>suorum</strong></span> <span class='ocrx_word' id='word_1_528' title='bbox 1399 4294 1507 4362; x_wconf 79' lang='lat' dir='ltr'><strong>7o</strong></span> <span class='ocrx_word' id='word_1_529' title='bbox 1526 4293 1727 4361; x_wconf 87' lang='lat' dir='ltr'><strong>pondus</strong></span> <span class='ocrx_word' id='word_1_530' title='bbox 1756 4294 2009 4347; x_wconf 87' lang='lat' dir='ltr'><strong>sustinere</strong></span> <span class='ocrx_word' id='word_1_531' title='bbox 2033 4310 2137 4348; x_wconf 90' lang='lat' dir='ltr'><strong>non</strong></span> 
     </span>
    </p>
   </div>
   <div class='ocr_carea' id='block_1_67' title="bbox 543 4381 2137 4456">
    <p class='ocr_par' dir='ltr' id='par_1_67' title="bbox 543 4381 2137 4456">
     <span class='ocr_line' id='line_1_67' title="bbox 543 4381 2137 4456; baseline 0.003 -20"><span class='ocrx_word' id='word_1_532' title='bbox 543 4391 736 4455; x_wconf 85' lang='lat' dir='ltr'><strong>posset,</strong></span> <span class='ocrx_word' id='word_1_533' title='bbox 770 4382 893 4453; x_wconf 76' lang='lat' dir='ltr'><strong>fecit</strong></span> <span class='ocrx_word' id='word_1_534' title='bbox 916 4381 987 4436; x_wconf 93' lang='lat' dir='ltr'><strong>ad</strong></span> <span class='ocrx_word' id='word_1_535' title='bbox 1023 4382 1305 4455; x_wconf 86' lang='lat' dir='ltr'><strong>quamdam</strong></span> <span class='ocrx_word' id='word_1_536' title='bbox 1335 4383 1533 4437; x_wconf 88' lang='lat' dir='ltr'><strong>trabem</strong></span> <span class='ocrx_word' id='word_1_537' title='bbox 1560 4385 1615 4437; x_wconf 90' lang='lat' dir='ltr'><strong>in</strong></span> <span class='ocrx_word' id='word_1_538' title='bbox 1662 4381 1871 4439; x_wconf 88' lang='lat' dir='ltr'><strong>sublimi</strong></span> <span class='ocrx_word' id='word_1_539' title='bbox 1900 4387 2137 4456; x_wconf 88' lang='lat' dir='ltr'><strong>colligari</strong></span> 
     </span>
    </p>
   </div>
   <div class='ocr_carea' id='block_1_68' title="bbox 545 4473 2139 4548">
    <p class='ocr_par' dir='ltr' id='par_1_68' title="bbox 545 4473 2139 4548">
     <span class='ocr_line' id='line_1_68' title="bbox 545 4473 2139 4548; baseline 0.003 -22"><span class='ocrx_word' id='word_1_540' title='bbox 545 4474 717 4545; x_wconf 79' lang='lat' dir='ltr'><strong>funes,</strong></span> <span class='ocrx_word' id='word_1_541' title='bbox 748 4490 875 4547; x_wconf 87' lang='lat' dir='ltr'><strong>quos</strong></span> <span class='ocrx_word' id='word_1_542' title='bbox 913 4491 1003 4544; x_wconf 89' lang='lat' dir='ltr'><strong>per</strong></span> <span class='ocrx_word' id='word_1_543' title='bbox 1034 4476 1275 4543; x_wconf 87' lang='lat' dir='ltr'><strong>scapulas</strong></span> <span class='ocrx_word' id='word_1_544' title='bbox 1305 4482 1354 4527; x_wconf 88' lang='lat' dir='ltr'><strong>et</strong></span> <span class='ocrx_word' id='word_1_545' title='bbox 1397 4473 1613 4527; x_wconf 87' lang='lat' dir='ltr'><strong>brachia</strong></span> <span class='ocrx_word' id='word_1_546' title='bbox 1643 4474 1854 4542; x_wconf 89' lang='lat' dir='ltr'><strong>ducens,</strong></span> <span class='ocrx_word' id='word_1_547' title='bbox 1887 4479 2139 4548; x_wconf 87' lang='lat' dir='ltr'><strong>quodam-</strong></span> 
     </span>
    </p>
   </div>
   <div class='ocr_carea' id='block_1_69' title="bbox 541 4564 2139 4637">
    <p class='ocr_par' dir='ltr' id='par_1_69' title="bbox 541 4564 2139 4637">
     <span class='ocr_line' id='line_1_69' title="bbox 541 4564 2139 4637; baseline 0.002 -18"><span class='ocrx_word' id='word_1_548' title='bbox 541 4564 695 4619; x_wconf 85' lang='lat' dir='ltr'><strong>modo</strong></span> <span class='ocrx_word' id='word_1_549' title='bbox 724 4582 999 4637; x_wconf 88' lang='lat' dir='ltr'><strong>suspensus</strong></span> <span class='ocrx_word' id='word_1_550' title='bbox 1029 4564 1301 4619; x_wconf 87' lang='lat' dir='ltr'><strong>imbecillis</strong></span> <span class='ocrx_word' id='word_1_551' title='bbox 1329 4565 1563 4636; x_wconf 87' lang='lat' dir='ltr'><strong>corporis</strong></span> <span class='ocrx_word' id='word_1_552' title='bbox 1592 4565 1793 4635; x_wconf 89' lang='lat' dir='ltr'><strong>pondus</strong></span> <span class='ocrx_word' id='word_1_553' title='bbox 1822 4566 1981 4621; x_wconf 81' lang='lat' dir='ltr'><strong>levius</strong></span> <span class='ocrx_word' id='word_1_554' title='bbox 2012 4569 2139 4622; x_wconf 84' lang='lat' dir='ltr'><strong>tole-</strong></span> 
     </span>
    </p>
   </div>
   <div class='ocr_carea' id='block_1_70' title="bbox 543 4658 2140 4725">
    <p class='ocr_par' dir='ltr' id='par_1_70' title="bbox 543 4658 2140 4725">
     <span class='ocr_line' id='line_1_70' title="bbox 543 4658 2140 4725; baseline 0.001 -12"><span class='ocrx_word' id='word_1_555' title='bbox 543 4658 712 4723; x_wconf 89' lang='lat' dir='ltr'><strong>rabat,</strong></span> <span class='ocrx_word' id='word_1_556' title='bbox 736 4669 785 4712; x_wconf 91' lang='lat' dir='ltr'><strong>et</strong></span> <span class='ocrx_word' id='word_1_557' title='bbox 813 4662 886 4713; x_wconf 87' lang='lat' dir='ltr'><strong>sic</strong></span> <span class='ocrx_word' id='word_1_558' title='bbox 929 4663 984 4714; x_wconf 90' lang='lat' dir='ltr'><strong>in</strong></span> <span class='ocrx_word' id='word_1_559' title='bbox 1015 4658 1203 4715; x_wconf 87' lang='lat' dir='ltr'><strong>tabulis</strong></span> <span class='ocrx_word' id='word_1_560' title='bbox 1234 4660 1421 4713; x_wconf 90' lang='lat' dir='ltr'><strong>ceratis</strong></span> <span class='ocrx_word' id='word_1_561' title='bbox 1462 4658 1712 4725; x_wconf 85' lang='lat' dir='ltr'><strong>scribens,</strong></span> <span class='ocrx_word' id='word_1_562' title='bbox 1747 4659 1982 4713; x_wconf 87' lang='lat' dir='ltr'><strong>tradebat</strong></span> <span class='ocrx_word' id='word_1_563' title='bbox 2009 4661 2140 4714; x_wconf 88' lang='lat' dir='ltr'><strong>scri-</strong></span> 
     </span>
    </p>
   </div>
   <div class='ocr_carea' id='block_1_71' title="bbox 545 4749 2137 4823">
    <p class='ocr_par' dir='ltr' id='par_1_71' title="bbox 545 4749 2137 4823">
     <span class='ocr_line' id='line_1_71' title="bbox 545 4749 2137 4823; baseline 0.001 -20"><span class='ocrx_word' id='word_1_564' title='bbox 545 4749 797 4819; x_wconf 89' lang='lat' dir='ltr'><strong>ptoribus,</strong></span> <span class='ocrx_word' id='word_1_565' title='bbox 820 4752 906 4822; x_wconf 87' lang='lat' dir='ltr'><strong>qui</strong></span> <span class='ocrx_word' id='word_1_566' title='bbox 939 4751 1002 4803; x_wconf 88' lang='lat' dir='ltr'><strong>ab</strong></span> <span class='ocrx_word' id='word_1_567' title='bbox 1024 4769 1083 4805; x_wconf 88' lang='lat' dir='ltr'><strong>eo</strong></span> <span class='ocrx_word' id='word_1_568' title='bbox 1118 4752 1315 4805; x_wconf 91' lang='lat' dir='ltr'><strong>dictata</strong></span> <span class='ocrx_word' id='word_1_569' title='bbox 1335 4751 1413 4805; x_wconf 82' lang='lat' dir='ltr'><strong>vel</strong></span> <span class='ocrx_word' id='word_1_570' title='bbox 1432 4751 1711 4821; x_wconf 88' lang='lat' dir='ltr'><strong>compilata</strong></span> <span class='ocrx_word' id='word_1_571' title='bbox 1742 4750 1861 4823; x_wconf 79' lang='lat' dir='ltr'><strong>[Ms.</strong></span> <span class='ocrx_word' id='word_1_572' title='bbox 1888 4751 2137 4823; x_wconf 84' lang='lat' dir='ltr'><strong>copilatu]</strong></span> 
     </span>
    </p>
   </div>
   <div class='ocr_carea' id='block_1_72' title="bbox 544 4839 2135 4914">
    <p class='ocr_par' dir='ltr' id='par_1_72' title="bbox 544 4839 2135 4914">
     <span class='ocr_line' id='line_1_72' title="bbox 544 4839 2135 4914; baseline 0.002 -18"><span class='ocrx_word' id='word_1_573' title='bbox 544 4839 857 4907; x_wconf 88' lang='lat' dir='ltr'><strong>scribebant,</strong></span> <span class='ocrx_word' id='word_1_574' title='bbox 881 4844 1251 4913; x_wconf 79' lang='lat' dir='ltr'><strong>transferentes</strong></span> <span class='ocrx_word' id='word_1_575' title='bbox 1272 4845 1325 4897; x_wconf 89' lang='lat' dir='ltr'><strong>in</strong></span> <span class='ocrx_word' id='word_1_576' title='bbox 1346 4859 1682 4914; x_wconf 87' lang='lat' dir='ltr'><strong>pergamena.</strong></span> <span class='ocrx_word' id='word_1_577' title='bbox 1707 4841 1781 4896; x_wconf 86' lang='lat' dir='ltr'><strong>Ex</strong></span> <span class='ocrx_word' id='word_1_578' title='bbox 1806 4858 1912 4914; x_wconf 91' lang='lat' dir='ltr'><strong>quo</strong></span> <span class='ocrx_word' id='word_1_579' title='bbox 1947 4857 2135 4911; x_wconf 86' lang='lat' dir='ltr'><strong>arguo,</strong></span> 
     </span>
    </p>
   </div>
   <div class='ocr_carea' id='block_1_73' title="bbox 547 4931 2140 5006">
    <p class='ocr_par' dir='ltr' id='par_1_73' title="bbox 547 4931 2140 5006">
     <span class='ocr_line' id='line_1_73' title="bbox 547 4931 2140 5006; baseline 0.002 -19"><span class='ocrx_word' id='word_1_580' title='bbox 547 4933 652 4987; x_wconf 84' lang='lat' dir='ltr'><strong>hoc</strong></span> <span class='ocrx_word' id='word_1_581' title='bbox 678 4931 954 5002; x_wconf 86' lang='lat' dir='ltr'><strong>exemplar</strong></span> <span class='ocrx_word' id='word_1_582' title='bbox 983 4932 1059 4987; x_wconf 89' lang='lat' dir='ltr'><strong>sic</strong></span> <span class='ocrx_word' id='word_1_583' title='bbox 1101 4933 1154 4988; x_wconf 91' lang='lat' dir='ltr'><strong>in</strong></span> <span class='ocrx_word' id='word_1_584' title='bbox 1197 4935 1537 5004; x_wconf 90' lang='lat' dir='ltr'><strong>pergamenis</strong></span> <span class='ocrx_word' id='word_1_585' title='bbox 1582 4934 1908 5006; x_wconf 89' lang='lat' dir='ltr'><strong>descriptum</strong></span> <span class='ocrx_word' id='word_1_586' title='bbox 1942 4934 1995 4989; x_wconf 92' lang='lat' dir='ltr'><strong>in</strong></span> <span class='ocrx_word' id='word_1_587' title='bbox 2027 4935 2140 4990; x_wconf 85' lang='lat' dir='ltr'><strong>edi-</strong></span> 
     </span>
    </p>
   </div>
   <div class='ocr_carea' id='block_1_74' title="bbox 548 5024 2137 5100">
    <p class='ocr_par' dir='ltr' id='par_1_74' title="bbox 548 5024 2137 5100">
     <span class='ocr_line' id='line_1_74' title="bbox 548 5024 2137 5100; baseline 0.001 -19"><span class='ocrx_word' id='word_1_588' title='bbox 548 5027 695 5081; x_wconf 87' lang='lat' dir='ltr'><strong>tione</strong></span> <span class='ocrx_word' id='word_1_589' title='bbox 713 5024 947 5098; x_wconf 89' lang='lat' dir='ltr'><strong>Operum</strong></span> <span class='ocrx_word' id='word_1_590' title='bbox 968 5028 1155 5083; x_wconf 90' lang='lat' dir='ltr'><strong>vocari</strong></span> <span class='ocrx_word' id='word_1_591' title='bbox 1174 5029 1585 5099; x_wconf 87' lang='lat' dir='ltr'><strong>autographum.</strong></span> <span class='ocrx_word' id='word_1_592' title='bbox 1612 5028 1747 5084; x_wconf 85' lang='lat' dir='ltr'><strong>Hinc</strong></span> <span class='ocrx_word' id='word_1_593' title='bbox 1768 5028 1928 5083; x_wconf 89' lang='lat' dir='ltr'><strong>etiam</strong></span> <span class='ocrx_word' id='word_1_594' title='bbox 1948 5028 2137 5100; x_wconf 88' lang='lat' dir='ltr'><strong>liquet,</strong></span> 
     </span>
    </p>
   </div>
   <div class='ocr_carea' id='block_1_75' title="bbox 549 5119 2139 5201">
    <p class='ocr_par' dir='ltr' id='par_1_75' title="bbox 549 5119 2139 5201">
     <span class='ocr_line' id='line_1_75' title="bbox 549 5119 2139 5201; baseline 0.003 -28"><span class='ocrx_word' id='word_1_595' title='bbox 549 5134 701 5173; x_wconf 90' lang='lat' dir='ltr'><strong>usum</strong></span> <span class='ocrx_word' id='word_1_596' title='bbox 758 5119 1060 5176; x_wconf 88' lang='lat' dir='ltr'><strong>tabularum</strong></span> <span class='ocrx_word' id='word_1_597' title='bbox 1114 5132 1415 5177; x_wconf 87' lang='lat' dir='ltr'><strong>ceratarum</strong></span> <span class='ocrx_word' id='word_1_598' title='bbox 1459 5122 1527 5177; x_wconf 90' lang='lat' dir='ltr'><strong>ad</strong></span> <span class='ocrx_word' id='word_1_599' title='bbox 1598 5122 1852 5201; x_wconf 82' lang='lat' dir='ltr'><strong>saeculum</strong></span> <span class='ocrx_word' id='word_1_600' title='bbox 1903 5140 2029 5192; x_wconf 84' lang='lat' dir='ltr'><strong>xm,</strong></span> <span class='ocrx_word' id='word_1_601' title='bbox 2084 5124 2139 5178; x_wconf 90' lang='lat' dir='ltr'><strong>in</strong></span> 
     </span>
    </p>
   </div>
   <div class='ocr_carea' id='block_1_76' title="bbox 548 5211 2141 5285">
    <p class='ocr_par' dir='ltr' id='par_1_76' title="bbox 548 5211 2141 5285">
     <span class='ocr_line' id='line_1_76' title="bbox 548 5211 2141 5285; baseline 0.003 -18"><span class='ocrx_word' id='word_1_602' title='bbox 548 5211 806 5282; x_wconf 83' lang='lat' dir='ltr'><strong>Hispania</strong></span> <span class='ocrx_word' id='word_1_603' title='bbox 844 5228 1237 5285; x_wconf 84' lang='lat' dir='ltr'><strong>perseverasse.</strong></span> <span class='ocrx_word' id='word_1_604' title='bbox 1283 5215 1340 5270; x_wconf 87' lang='lat' dir='ltr'><strong>In</strong></span> <span class='ocrx_word' id='word_1_605' title='bbox 1369 5215 1515 5270; x_wconf 87' lang='lat' dir='ltr'><strong>Actis</strong></span> <span class='ocrx_word' id='word_1_606' title='bbox 1544 5215 1847 5271; x_wconf 77' lang='lat' dir='ltr'><strong>Academia:</strong></span> <span class='ocrx_word' id='word_1_607' title='bbox 1889 5217 2141 5272; x_wconf 89' lang='lat' dir='ltr'><strong>Barcino-</strong></span> 
     </span>
    </p>
   </div>
   <div class='ocr_carea' id='block_1_77' title="bbox 549 5305 2141 5381">
    <p class='ocr_par' dir='ltr' id='par_1_77' title="bbox 549 5305 2141 5381">
     <span class='ocr_line' id='line_1_77' title="bbox 549 5305 2141 5381; baseline 0.003 -20"><span class='ocrx_word' id='word_1_608' title='bbox 549 5305 732 5362; x_wconf 87' lang='lat' dir='ltr'><strong>nensis</strong></span> <span class='ocrx_word' id='word_1_609' title='bbox 753 5322 870 5377; x_wconf 89' lang='lat' dir='ltr'><strong>cap.</strong></span> <span class='ocrx_word' id='word_1_610' title='bbox 904 5307 960 5376; x_wconf 76' lang='lat'><strong>2,</strong></span> <span class='ocrx_word' id='word_1_611' title='bbox 991 5322 1109 5377; x_wconf 86' lang='lat' dir='ltr'><strong>pag.</strong></span> <span class='ocrx_word' id='word_1_612' title='bbox 1141 5308 1269 5375; x_wconf 79' lang='lat'><strong>505,</strong></span> <span class='ocrx_word' id='word_1_613' title='bbox 1300 5309 1630 5363; x_wconf 89' lang='lat' dir='ltr'><strong>mentionem</strong></span> <span class='ocrx_word' id='word_1_614' title='bbox 1660 5309 1820 5378; x_wconf 89' lang='lat' dir='ltr'><strong>hujus</strong></span> <span class='ocrx_word' id='word_1_615' title='bbox 1864 5327 1989 5365; x_wconf 83' lang='lat' dir='ltr'><strong>usus</strong></span> <span class='ocrx_word' id='word_1_616' title='bbox 2018 5318 2141 5381; x_wconf 89' lang='lat' dir='ltr'><strong>post</strong></span> 
     </span>
    </p>
   </div>
   <div class='ocr_carea' id='block_1_78' title="bbox 550 5395 1729 5453">
    <p class='ocr_par' dir='ltr' id='par_1_78' title="bbox 550 5395 1729 5453">
     <span class='ocr_line' id='line_1_78' title="bbox 550 5395 1729 5453; baseline 0.001 -2"><span class='ocrx_word' id='word_1_617' title='bbox 550 5395 804 5451; x_wconf 66' lang='lat' dir='ltr'><strong>saeculum</strong></span> <span class='ocrx_word' id='word_1_618' title='bbox 834 5411 867 5450; x_wconf 86' lang='lat' dir='ltr'><strong>x</strong></span> <span class='ocrx_word' id='word_1_619' title='bbox 891 5412 999 5451; x_wconf 89' lang='lat' dir='ltr'><strong>non</strong></span> <span class='ocrx_word' id='word_1_620' title='bbox 1023 5396 1179 5453; x_wconf 81' lang='lat' dir='ltr'><strong>facile</strong></span> <span class='ocrx_word' id='word_1_621' title='bbox 1207 5398 1430 5452; x_wconf 82' lang='lat' dir='ltr'><strong>inveniri</strong></span> <span class='ocrx_word' id='word_1_622' title='bbox 1469 5397 1729 5452; x_wconf 89' lang='lat' dir='ltr'><strong>innuitur.</strong></span> 
     </span>
    </p>
   </div>
   <div class='ocr_carea' id='block_1_79' title="bbox 627 5486 2137 5559">
    <p class='ocr_par' dir='ltr' id='par_1_79' title="bbox 627 5486 2137 5559">
     <span class='ocr_line' id='line_1_79' title="bbox 627 5486 2137 5559; baseline 0.004 -18"><span class='ocrx_word' id='word_1_623' title='bbox 627 5487 715 5542; x_wconf 79' lang='lat' dir='ltr'><strong>li.</strong></span> <span class='ocrx_word' id='word_1_624' title='bbox 743 5486 889 5543; x_wconf 85' lang='lat' dir='ltr'><strong>Idem</strong></span> <span class='ocrx_word' id='word_1_625' title='bbox 922 5486 1090 5546; x_wconf 88' lang='lat' dir='ltr'><strong>Lucas</strong></span> <span class='ocrx_word' id='word_1_626' title='bbox 1116 5489 1399 5555; x_wconf 86' lang='lat' dir='ltr'><strong>Tudensis,</strong></span> <span class='ocrx_word' id='word_1_627' title='bbox 1434 5505 1556 5559; x_wconf 88' lang='lat' dir='ltr'><strong>cap.</strong></span> <span class='ocrx_word' id='word_1_628' title='bbox 1588 5488 1676 5556; x_wconf 79' lang='grc'><strong>15,</strong></span> <span class='ocrx_word' id='word_1_629' title='bbox 1709 5488 1875 5547; x_wconf 81' lang='lat' dir='ltr'><strong>refert</strong></span> <span class='ocrx_word' id='word_1_630' title='bbox 1921 5490 2137 5547; x_wconf 84' lang='lat' dir='ltr'><strong>Petrum</strong></span> 
     </span>
    </p>
   </div>
   <div class='ocr_carea' id='block_1_80' title="bbox 554 5574 2137 5653">
    <p class='ocr_par' dir='ltr' id='par_1_80' title="bbox 554 5574 2137 5653">
     <span class='ocr_line' id='line_1_80' title="bbox 554 5574 2137 5653; baseline 0.006 -24"><span class='ocrx_word' id='word_1_631' title='bbox 554 5574 729 5630; x_wconf 80' lang='lat' dir='ltr'><strong>virum</strong></span> <span class='ocrx_word' id='word_1_632' title='bbox 780 5577 1069 5635; x_wconf 84' lang='lat' dir='ltr'><strong>admodum</strong></span> <span class='ocrx_word' id='word_1_633' title='bbox 1116 5581 1412 5636; x_wconf 85' lang='lat' dir='ltr'><strong>litteratum</strong></span> <span class='ocrx_word' id='word_1_634' title='bbox 1463 5590 1520 5636; x_wconf 91' lang='lat' dir='ltr'><strong>et</strong></span> <span class='ocrx_word' id='word_1_635' title='bbox 1565 5582 1825 5653; x_wconf 90' lang='lat' dir='ltr'><strong>probum,</strong></span> <span class='ocrx_word' id='word_1_636' title='bbox 1875 5582 2137 5638; x_wconf 87' lang='lat' dir='ltr'><strong>decanum</strong></span> 
     </span>
    </p>
   </div>
   <div class='ocr_carea' id='block_1_81' title="bbox 557 5663 2140 5740">
    <p class='ocr_par' dir='ltr' id='par_1_81' title="bbox 557 5663 2140 5740">
     <span class='ocr_line' id='line_1_81' title="bbox 557 5663 2140 5740; baseline 0.006 -22"><span class='ocrx_word' id='word_1_637' title='bbox 557 5663 967 5735; x_wconf 81' lang='lat' dir='ltr'><strong>Legionensem,</strong></span> <span class='ocrx_word' id='word_1_638' title='bbox 1000 5669 1092 5740; x_wconf 91' lang='lat' dir='ltr'><strong>qui</strong></span> <span class='ocrx_word' id='word_1_639' title='bbox 1120 5671 1370 5739; x_wconf 86' lang='lat' dir='ltr'><strong>precibus</strong></span> <span class='ocrx_word' id='word_1_640' title='bbox 1419 5672 1477 5727; x_wconf 91' lang='lat' dir='ltr'><strong>S.</strong></span> <span class='ocrx_word' id='word_1_641' title='bbox 1509 5672 1742 5736; x_wconf 68' lang='lat' dir='ltr'><strong>Martini,</strong></span> <span class='ocrx_word' id='word_1_642' title='bbox 1774 5672 2140 5729; x_wconf 88' lang='lat' dir='ltr'><strong>intercedente</strong></span> 
     </span>
    </p>
   </div>
   <div class='ocr_carea' id='block_1_82' title="bbox 557 5753 2138 5836">
    <p class='ocr_par' dir='ltr' id='par_1_82' title="bbox 557 5753 2138 5836">
     <span class='ocr_line' id='line_1_82' title="bbox 557 5753 2138 5836; baseline 0.006 -24"><span class='ocrx_word' id='word_1_643' title='bbox 557 5754 620 5812; x_wconf 86' lang='lat' dir='ltr'><strong>S.</strong></span> <span class='ocrx_word' id='word_1_644' title='bbox 646 5753 874 5829; x_wconf 85' lang='lat' dir='ltr'><strong>Isidoro,</strong></span> <span class='ocrx_word' id='word_1_645' title='bbox 904 5761 1041 5818; x_wconf 81' lang='lat' dir='ltr'><strong>febri</strong></span> <span class='ocrx_word' id='word_1_646' title='bbox 1069 5771 1332 5835; x_wconf 83' lang='lat' dir='ltr'><strong>quartana</strong></span> <span class='ocrx_word' id='word_1_647' title='bbox 1356 5764 1616 5822; x_wconf 87' lang='lat' dir='ltr'><strong>liberatus</strong></span> <span class='ocrx_word' id='word_1_648' title='bbox 1644 5764 1841 5835; x_wconf 79' lang='lat' dir='ltr'><strong>fuerat,</strong></span> <span class='ocrx_word' id='word_1_649' title='bbox 1868 5773 1925 5821; x_wconf 89' lang='lat' dir='ltr'><strong>et</strong></span> <span class='ocrx_word' id='word_1_650' title='bbox 1952 5777 2138 5836; x_wconf 89' lang='lat' dir='ltr'><strong>postea</strong></span> 
     </span>
    </p>
   </div>
   <div class='ocr_carea' id='block_1_83' title="bbox 558 5846 2139 5933">
    <p class='ocr_par' dir='ltr' id='par_1_83' title="bbox 558 5846 2139 5933">
     <span class='ocr_line' id='line_1_83' title="bbox 558 5846 2139 5933; baseline 0.005 -26"><span class='ocrx_word' id='word_1_651' title='bbox 558 5846 1051 5918; x_wconf 78' lang='lat' dir='ltr'><strong>Compostellsnam</strong></span> <span class='ocrx_word' id='word_1_652' title='bbox 1079 5859 1220 5916; x_wconf 84' lang='lat' dir='ltr'><strong>rexit</strong></span> <span class='ocrx_word' id='word_1_653' title='bbox 1259 5857 1558 5919; x_wconf 85' lang='lat' dir='ltr'><strong>Ecclesiam</strong></span> <span class='ocrx_word' id='word_1_654' title='bbox 1578 5902 1595 5933; x_wconf 92' lang='lat'><strong>,</strong></span> <span class='ocrx_word' id='word_1_655' title='bbox 1620 5859 1842 5917; x_wconf 84' lang='lat' dir='ltr'><strong>edidisse</strong></span> <span class='ocrx_word' id='word_1_656' title='bbox 1872 5859 2139 5917; x_wconf 87' lang='lat' dir='ltr'><strong>rhetoricis</strong></span> 
     </span>
    </p>
   </div>
   <div class='ocr_carea' id='block_1_84' title="bbox 2300 3274 3828 3348">
    <p class='ocr_par' dir='ltr' id='par_1_84' title="bbox 2300 3274 3828 3348">
     <span class='ocr_line' id='line_1_84' title="bbox 2300 3274 3828 3348; baseline 0.001 -16"><span class='ocrx_word' id='word_1_657' title='bbox 2300 3278 2353 3332; x_wconf 78' lang='lat'><strong>5.</strong></span> <span class='ocrx_word' id='word_1_658' title='bbox 2392 3295 2409 3329; x_wconf 84' lang='grc' dir='ltr'><strong>ι</strong></span> <span class='ocrx_word' id='word_1_659' title='bbox 2448 3274 2581 3330; x_wconf 66' lang='grc' dir='ltr'><strong>Ανὶιει</strong></span> <span class='ocrx_word' id='word_1_660' title='bbox 2611 3291 2861 3343; x_wconf 71' lang='grc' dir='ltr'><strong>ιιοιιιιν,</strong></span> <span class='ocrx_word' id='word_1_661' title='bbox 2888 3291 3031 3331; x_wconf 89' lang='lat' dir='ltr'><strong>anno</strong></span> <span class='ocrx_word' id='word_1_662' title='bbox 3065 3276 3276 3348; x_wconf 89' lang='lat' dir='ltr'><strong>imperii</strong></span> <span class='ocrx_word' id='word_1_663' title='bbox 3301 3274 3533 3333; x_wconf 84' lang='lat' dir='ltr'><strong>Heraclii</strong></span> <span class='ocrx_word' id='word_1_664' title='bbox 3561 3276 3828 3347; x_wconf 86' lang='lat' dir='ltr'><strong>vigesimo</strong></span> 
     </span>
    </p>
   </div>
   <div class='ocr_carea' id='block_1_85' title="bbox 2229 3368 3831 3441">
    <p class='ocr_par' dir='ltr' id='par_1_85' title="bbox 2229 3368 3831 3441">
     <span class='ocr_line' id='line_1_85' title="bbox 2229 3368 3831 3441; baseline 0.001 -17"><span class='ocrx_word' id='word_1_665' title='bbox 2229 3371 2405 3441; x_wconf 90' lang='lat' dir='ltr'><strong>primo</strong></span> <span class='ocrx_word' id='word_1_666' title='bbox 2428 3368 2764 3423; x_wconf 89' lang='lat' dir='ltr'><strong>Chintilanus</strong></span> <span class='ocrx_word' id='word_1_667' title='bbox 2795 3382 3020 3437; x_wconf 90' lang='lat' dir='ltr'><strong>regnum</strong></span> <span class='ocrx_word' id='word_1_668' title='bbox 3044 3369 3277 3440; x_wconf 87' lang='lat' dir='ltr'><strong>accepit.</strong></span> <span class='ocrx_word' id='word_1_669' title='bbox 3301 3368 3515 3441; x_wconf 85' lang='lat' dir='ltr'><strong>Synoda</strong></span> <span class='ocrx_word' id='word_1_670' title='bbox 3539 3370 3695 3441; x_wconf 85' lang='lat' dir='ltr'><strong>plura</strong></span> <span class='ocrx_word' id='word_1_671' title='bbox 3727 3370 3831 3427; x_wconf 92' lang='lat' dir='ltr'><strong>To-</strong></span> 
     </span>
    </p>
   </div>
   <div class='ocr_carea' id='block_1_86' title="bbox 2228 3458 3831 3531">
    <p class='ocr_par' dir='ltr' id='par_1_86' title="bbox 2228 3458 3831 3531">
     <span class='ocr_line' id='line_1_86' title="bbox 2228 3458 3831 3531; baseline -0.001 -13"><span class='ocrx_word' id='word_1_672' title='bbox 2228 3463 2322 3519; x_wconf 84' lang='lat' dir='ltr'><strong>leti</strong></span> <span class='ocrx_word' id='word_1_673' title='bbox 2347 3479 2467 3518; x_wconf 87' lang='lat' dir='ltr'><strong>cum</strong></span> <span class='ocrx_word' id='word_1_674' title='bbox 2495 3461 2762 3531; x_wconf 87' lang='lat' dir='ltr'><strong>episcopis</strong></span> <span class='ocrx_word' id='word_1_675' title='bbox 2792 3460 2919 3529; x_wconf 89' lang='lat' dir='ltr'><strong>egit,</strong></span> <span class='ocrx_word' id='word_1_676' title='bbox 2971 3469 3027 3515; x_wconf 87' lang='lat' dir='ltr'><strong>et</strong></span> <span class='ocrx_word' id='word_1_677' title='bbox 3074 3460 3345 3516; x_wconf 89' lang='lat' dir='ltr'><strong>subditum</strong></span> <span class='ocrx_word' id='word_1_678' title='bbox 3381 3473 3603 3530; x_wconf 88' lang='lat' dir='ltr'><strong>regnum</strong></span> <span class='ocrx_word' id='word_1_679' title='bbox 3637 3460 3693 3515; x_wconf 91' lang='lat' dir='ltr'><strong>in</strong></span> <span class='ocrx_word' id='word_1_680' title='bbox 3724 3458 3831 3517; x_wconf 83' lang='lat' dir='ltr'><strong>ﬁde</strong></span> 
     </span>
    </p>
   </div>
   <div class='ocr_carea' id='block_1_87' title="bbox 2230 3551 3831 3625">
    <p class='ocr_par' dir='ltr' id='par_1_87' title="bbox 2230 3551 3831 3625">
     <span class='ocr_line' id='line_1_87' title="bbox 2230 3551 3831 3625; baseline -0.003 -13"><span class='ocrx_word' id='word_1_681' title='bbox 2230 3555 2496 3613; x_wconf 85' lang='lat' dir='ltr'><strong>catholica</strong></span> <span class='ocrx_word' id='word_1_682' title='bbox 2527 3553 2775 3607; x_wconf 87' lang='lat' dir='ltr'><strong>tirmavit.</strong></span> <span class='ocrx_word' id='word_1_683' title='bbox 2811 3551 3075 3625; x_wconf 79' lang='lat' dir='ltr'><strong>Regnavit</strong></span> <span class='ocrx_word' id='word_1_684' title='bbox 3120 3567 3291 3609; x_wconf 88' lang='lat' dir='ltr'><strong>annos</strong></span> <span class='ocrx_word' id='word_1_685' title='bbox 3319 3552 3578 3622; x_wconf 89' lang='lat' dir='ltr'><strong>quinque,</strong></span> <span class='ocrx_word' id='word_1_686' title='bbox 3611 3567 3831 3608; x_wconf 89' lang='lat' dir='ltr'><strong>menses</strong></span> 
     </span>
    </p>
   </div>
   <div class='ocr_carea' id='block_1_88' title="bbox 2230 3642 3833 3717">
    <p class='ocr_par' dir='ltr' id='par_1_88' title="bbox 2230 3642 3833 3717">
     <span class='ocr_line' id='line_1_88' title="bbox 2230 3642 3833 3717; baseline -0.002 -16"><span class='ocrx_word' id='word_1_687' title='bbox 2230 3655 2483 3717; x_wconf 91' lang='lat' dir='ltr'><strong>quatuor.</strong></span> <span class='ocrx_word' id='word_1_688' title='bbox 2513 3644 2669 3701; x_wconf 86' lang='lat' dir='ltr'><strong>Anno</strong></span> <span class='ocrx_word' id='word_1_689' title='bbox 2708 3653 2864 3700; x_wconf 92' lang='lat' dir='ltr'><strong>sexto</strong></span> <span class='ocrx_word' id='word_1_690' title='bbox 2909 3645 3060 3713; x_wconf 87' lang='lat' dir='ltr'><strong>regni</strong></span> <span class='ocrx_word' id='word_1_691' title='bbox 3090 3642 3382 3698; x_wconf 84' lang='lat' dir='ltr'><strong>Chintilani</strong></span> <span class='ocrx_word' id='word_1_692' title='bbox 3430 3643 3621 3699; x_wconf 92' lang='lat' dir='ltr'><strong>doctor</strong></span> <span class='ocrx_word' id='word_1_693' title='bbox 3648 3651 3706 3699; x_wconf 90' lang='lat' dir='ltr'><strong>et</strong></span> <span class='ocrx_word' id='word_1_694' title='bbox 3753 3644 3833 3698; x_wconf 90' lang='lat' dir='ltr'><strong>le-</strong></span> 
     </span>
    </p>
   </div>
   <div class='ocr_carea' id='block_1_89' title="bbox 2232 3734 3830 3809">
    <p class='ocr_par' dir='ltr' id='par_1_89' title="bbox 2232 3734 3830 3809">
     <span class='ocr_line' id='line_1_89' title="bbox 2232 3734 3830 3809; baseline -0.001 -16"><span class='ocrx_word' id='word_1_695' title='bbox 2232 3738 2452 3809; x_wconf 89' lang='lat' dir='ltr'><strong>gislator</strong></span> <span class='ocrx_word' id='word_1_696' title='bbox 2481 3734 2857 3806; x_wconf 86' lang='lat' dir='ltr'><strong>Hispaniarum</strong></span> <span class='ocrx_word' id='word_1_697' title='bbox 2885 3735 3295 3809; x_wconf 85' lang='lat' dir='ltr'><strong>lsidorus.stans</strong></span> <span class='ocrx_word' id='word_1_698' title='bbox 3325 3736 3375 3789; x_wconf 90' lang='lat' dir='ltr'><strong>in</strong></span> <span class='ocrx_word' id='word_1_699' title='bbox 3408 3735 3659 3803; x_wconf 87' lang='lat' dir='ltr'><strong>ecclesia,</strong></span> <span class='ocrx_word' id='word_1_700' title='bbox 3701 3752 3830 3805; x_wconf 88' lang='lat' dir='ltr'><strong>per-</strong></span> 
     </span>
    </p>
   </div>
   <div class='ocr_carea' id='block_1_90' title="bbox 2233 3808 3834 3900">
    <p class='ocr_par' dir='ltr' id='par_1_90' title="bbox 2233 3808 3834 3900">
     <span class='ocr_line' id='line_1_90' title="bbox 2233 3808 3834 3900; baseline -0.002 -14"><span class='ocrx_word' id='word_1_701' title='bbox 2233 3808 2356 3886; x_wconf 86' lang='lat' dir='ltr'><strong>acto</strong></span> <span class='ocrx_word' id='word_1_702' title='bbox 2385 3844 2635 3885; x_wconf 89' lang='lat' dir='ltr'><strong>sermone</strong></span> <span class='ocrx_word' id='word_1_703' title='bbox 2685 3828 2751 3883; x_wconf 91' lang='lat' dir='ltr'><strong>ad</strong></span> <span class='ocrx_word' id='word_1_704' title='bbox 2785 3828 3065 3899; x_wconf 56' lang='lat' dir='ltr'><strong>potiulum,</strong></span> <span class='ocrx_word' id='word_1_705' title='bbox 3093 3836 3148 3883; x_wconf 87' lang='lat' dir='ltr'><strong>et</strong></span> <span class='ocrx_word' id='word_1_706' title='bbox 3176 3808 3485 3900; x_wconf 74' lang='lat' dir='ltr'><strong>expandeus</strong></span> <span class='ocrx_word' id='word_1_707' title='bbox 3515 3842 3735 3882; x_wconf 87' lang='lat' dir='ltr'><strong>manum</strong></span> <span class='ocrx_word' id='word_1_708' title='bbox 3763 3827 3834 3883; x_wconf 91' lang='lat' dir='ltr'><strong>ad</strong></span> 
     </span>
    </p>
   </div>
   <div class='ocr_carea' id='block_1_91' title="bbox 2236 3917 3834 3989">
    <p class='ocr_par' dir='ltr' id='par_1_91' title="bbox 2236 3917 3834 3989">
     <span class='ocr_line' id='line_1_91' title="bbox 2236 3917 3834 3989; baseline -0.002 -11"><span class='ocrx_word' id='word_1_709' title='bbox 2236 3922 2464 3989; x_wconf 63' lang='lat' dir='ltr'><strong>caelum,</strong></span> <span class='ocrx_word' id='word_1_710' title='bbox 2494 3936 2559 3975; x_wconf 87' lang='lat' dir='ltr'><strong>ac</strong></span> <span class='ocrx_word' id='word_1_711' title='bbox 2598 3919 2923 3975; x_wconf 88' lang='lat' dir='ltr'><strong>benedicens</strong></span> <span class='ocrx_word' id='word_1_712' title='bbox 2961 3919 3238 3985; x_wconf 90' lang='lat' dir='ltr'><strong>omnibus,</strong></span> <span class='ocrx_word' id='word_1_713' title='bbox 3291 3917 3402 3973; x_wconf 89' lang='lat' dir='ltr'><strong>Deo</strong></span> <span class='ocrx_word' id='word_1_714' title='bbox 3434 3918 3537 3973; x_wconf 86' lang='lat' dir='ltr'><strong>sibi</strong></span> <span class='ocrx_word' id='word_1_715' title='bbox 3565 3917 3834 3975; x_wconf 87' lang='lat' dir='ltr'><strong>hactenus</strong></span> 
     </span>
    </p>
   </div>
   <div class='ocr_carea' id='block_1_92' title="bbox 2237 4009 3833 4082">
    <p class='ocr_par' dir='ltr' id='par_1_92' title="bbox 2237 4009 3833 4082">
     <span class='ocr_line' id='line_1_92' title="bbox 2237 4009 3833 4082; baseline -0.002 -12"><span class='ocrx_word' id='word_1_716' title='bbox 2237 4015 2493 4070; x_wconf 90' lang='lat' dir='ltr'><strong>traditum</strong></span> <span class='ocrx_word' id='word_1_717' title='bbox 2544 4026 2761 4082; x_wconf 88' lang='lat' dir='ltr'><strong>gregem</strong></span> <span class='ocrx_word' id='word_1_718' title='bbox 2808 4010 3223 4076; x_wconf 84' lang='lat' dir='ltr'><strong>commendans,</strong></span> <span class='ocrx_word' id='word_1_719' title='bbox 3280 4009 3593 4066; x_wconf 80' lang='lat' dir='ltr'><strong>felicissimo</strong></span> <span class='ocrx_word' id='word_1_720' title='bbox 3636 4027 3833 4068; x_wconf 82' lang='lat' dir='ltr'><strong>somno</strong></span> 
     </span>
    </p>
   </div>
   <div class='ocr_carea' id='block_1_93' title="bbox 2237 4102 3833 4168">
    <p class='ocr_par' dir='ltr' id='par_1_93' title="bbox 2237 4102 3833 4168">
     <span class='ocr_line' id='line_1_93' title="bbox 2237 4102 3833 4168; baseline 0.001 -8"><span class='ocrx_word' id='word_1_721' title='bbox 2237 4104 2562 4161; x_wconf 89' lang='lat' dir='ltr'><strong>obdormivit</strong></span> <span class='ocrx_word' id='word_1_722' title='bbox 2601 4104 2651 4157; x_wconf 92' lang='lat' dir='ltr'><strong>in</strong></span> <span class='ocrx_word' id='word_1_723' title='bbox 2692 4102 2942 4168; x_wconf 90' lang='lat' dir='ltr'><strong>Domino,</strong></span> <span class='ocrx_word' id='word_1_724' title='bbox 2970 4102 3121 4159; x_wconf 89' lang='lat' dir='ltr'><strong>senio</strong></span> <span class='ocrx_word' id='word_1_725' title='bbox 3152 4102 3490 4159; x_wconf 87' lang='lat' dir='ltr'><strong>sanctissimo</strong></span> <span class='ocrx_word' id='word_1_726' title='bbox 3517 4102 3833 4161; x_wconf 82' lang='lat' dir='ltr'><strong>decoratus.</strong></span> 
     </span>
    </p>
   </div>
   <div class='ocr_carea' id='block_1_94' title="bbox 2238 4196 3839 4268">
    <p class='ocr_par' dir='ltr' id='par_1_94' title="bbox 2238 4196 3839 4268">
     <span class='ocr_line' id='line_1_94' title="bbox 2238 4196 3839 4268; baseline 0.001 -16"><span class='ocrx_word' id='word_1_727' title='bbox 2238 4196 2454 4252; x_wconf 82' lang='lat' dir='ltr'><strong>Exstitit</strong></span> <span class='ocrx_word' id='word_1_728' title='bbox 2490 4197 2689 4267; x_wconf 88' lang='lat' dir='ltr'><strong>quippe</strong></span> <span class='ocrx_word' id='word_1_729' title='bbox 2718 4197 2907 4268; x_wconf 88' lang='lat' dir='ltr'><strong>spiritu</strong></span> <span class='ocrx_word' id='word_1_730' title='bbox 2939 4196 3238 4268; x_wconf 77' lang='lat' dir='ltr'><strong>prophetia:</strong></span> <span class='ocrx_word' id='word_1_731' title='bbox 3280 4198 3477 4262; x_wconf 89' lang='lat' dir='ltr'><strong>clarus,</strong></span> <span class='ocrx_word' id='word_1_732' title='bbox 3510 4197 3566 4253; x_wconf 91' lang='lat' dir='ltr'><strong>in</strong></span> <span class='ocrx_word' id='word_1_733' title='bbox 3592 4198 3839 4254; x_wconf 89' lang='lat' dir='ltr'><strong>eleemo-</strong></span> 
     </span>
    </p>
   </div>
   <div class='ocr_carea' id='block_1_95' title="bbox 2238 4290 3833 4364">
    <p class='ocr_par' dir='ltr' id='par_1_95' title="bbox 2238 4290 3833 4364">
     <span class='ocr_line' id='line_1_95' title="bbox 2238 4290 3833 4364; baseline 0.001 -18"><span class='ocrx_word' id='word_1_734' title='bbox 2238 4292 2385 4364; x_wconf 85' lang='lat' dir='ltr'><strong>synis</strong></span> <span class='ocrx_word' id='word_1_735' title='bbox 2414 4290 2610 4360; x_wconf 89' lang='lat' dir='ltr'><strong>largus,</strong></span> <span class='ocrx_word' id='word_1_736' title='bbox 2635 4290 3002 4361; x_wconf 77' lang='lat' dir='ltr'><strong>hOSpitalitate</strong></span> <span class='ocrx_word' id='word_1_737' title='bbox 3033 4293 3351 4362; x_wconf 76' lang='lat' dir='ltr'><strong>przecipuus,</strong></span> <span class='ocrx_word' id='word_1_738' title='bbox 3382 4290 3547 4347; x_wconf 88' lang='lat' dir='ltr'><strong>corde</strong></span> <span class='ocrx_word' id='word_1_739' title='bbox 3582 4306 3833 4359; x_wconf 87' lang='lat' dir='ltr'><strong>serenus,</strong></span> 
     </span>
    </p>
   </div>
   <div class='ocr_carea' id='block_1_96' title="bbox 2240 4383 3837 4454">
    <p class='ocr_par' dir='ltr' id='par_1_96' title="bbox 2240 4383 3837 4454">
     <span class='ocr_line' id='line_1_96' title="bbox 2240 4383 3837 4454; baseline 0.001 -15"><span class='ocrx_word' id='word_1_740' title='bbox 2240 4384 2293 4439; x_wconf 92' lang='lat' dir='ltr'><strong>in</strong></span> <span class='ocrx_word' id='word_1_741' title='bbox 2324 4384 2588 4439; x_wconf 87' lang='lat' dir='ltr'><strong>sententia</strong></span> <span class='ocrx_word' id='word_1_742' title='bbox 2614 4398 2803 4450; x_wconf 85' lang='lat' dir='ltr'><strong>verax,</strong></span> <span class='ocrx_word' id='word_1_743' title='bbox 2834 4383 2887 4437; x_wconf 91' lang='lat' dir='ltr'><strong>in</strong></span> <span class='ocrx_word' id='word_1_744' title='bbox 2912 4383 3115 4453; x_wconf 88' lang='lat' dir='ltr'><strong>judicio</strong></span> <span class='ocrx_word' id='word_1_745' title='bbox 3137 4384 3338 4453; x_wconf 88' lang='lat' dir='ltr'><strong>justus,</strong></span> <span class='ocrx_word' id='word_1_746' title='bbox 3366 4383 3419 4438; x_wconf 89' lang='lat' dir='ltr'><strong>in</strong></span> <span class='ocrx_word' id='word_1_747' title='bbox 3449 4383 3837 4454; x_wconf 60' lang='lat' dir='ltr'><strong>praedicatione</strong></span> 
     </span>
    </p>
   </div>
   <div class='ocr_carea' id='block_1_97' title="bbox 2240 4476 3835 4544">
    <p class='ocr_par' dir='ltr' id='par_1_97' title="bbox 2240 4476 3835 4544">
     <span class='ocr_line' id='line_1_97' title="bbox 2240 4476 3835 4544; baseline 0.001 -13"><span class='ocrx_word' id='word_1_748' title='bbox 2240 4476 2508 4540; x_wconf 82' lang='lat' dir='ltr'><strong>assiduus,</strong></span> <span class='ocrx_word' id='word_1_749' title='bbox 2561 4476 2615 4530; x_wconf 91' lang='lat' dir='ltr'><strong>in</strong></span> <span class='ocrx_word' id='word_1_750' title='bbox 2665 4476 3041 4531; x_wconf 87' lang='lat' dir='ltr'><strong>exhortatione</strong></span> <span class='ocrx_word' id='word_1_751' title='bbox 3088 4476 3261 4544; x_wconf 72' lang='lat' dir='ltr'><strong>lanas,</strong></span> <span class='ocrx_word' id='word_1_752' title='bbox 3311 4477 3366 4531; x_wconf 94' lang='lat' dir='ltr'><strong>in</strong></span> <span class='ocrx_word' id='word_1_753' title='bbox 3417 4476 3689 4533; x_wconf 91' lang='lat' dir='ltr'><strong>lucrandis</strong></span> <span class='ocrx_word' id='word_1_754' title='bbox 3718 4478 3835 4534; x_wconf 89' lang='lat' dir='ltr'><strong>Deo</strong></span> 
     </span>
    </p>
   </div>
   <div class='ocr_carea' id='block_1_98' title="bbox 2166 4568 3835 4658">
    <p class='ocr_par' dir='ltr' id='par_1_98' title="bbox 2166 4568 3835 4658">
     <span class='ocr_line' id='line_1_98' title="bbox 2166 4568 3835 4658; baseline 0.002 -35"><span class='ocrx_word' id='word_1_755' title='bbox 2166 4570 2522 4658; x_wconf 77' lang='lat' dir='ltr'><strong>Danimabus</strong></span> <span class='ocrx_word' id='word_1_756' title='bbox 2573 4568 2872 4635; x_wconf 86' lang='lat' dir='ltr'><strong>studiosus,</strong></span> <span class='ocrx_word' id='word_1_757' title='bbox 2929 4569 2982 4623; x_wconf 92' lang='lat' dir='ltr'><strong>in</strong></span> <span class='ocrx_word' id='word_1_758' title='bbox 3034 4569 3373 4639; x_wconf 85' lang='lat' dir='ltr'><strong>expositione</strong></span> <span class='ocrx_word' id='word_1_759' title='bbox 3429 4570 3835 4641; x_wconf 82' lang='lat' dir='ltr'><strong>Scripturarum</strong></span> 
     </span>
    </p>
   </div>
   <div class='ocr_carea' id='block_1_99' title="bbox 2242 4660 3838 4732">
    <p class='ocr_par' dir='ltr' id='par_1_99' title="bbox 2242 4660 3838 4732">
     <span class='ocr_line' id='line_1_99' title="bbox 2242 4660 3838 4732; baseline 0.003 -16"><span class='ocrx_word' id='word_1_760' title='bbox 2242 4670 2460 4727; x_wconf 87' lang='lat' dir='ltr'><strong>cautus,</strong></span> <span class='ocrx_word' id='word_1_761' title='bbox 2495 4661 2549 4714; x_wconf 86' lang='lat' dir='ltr'><strong>in</strong></span> <span class='ocrx_word' id='word_1_762' title='bbox 2580 4660 2806 4715; x_wconf 88' lang='lat' dir='ltr'><strong>consilio</strong></span> <span class='ocrx_word' id='word_1_763' title='bbox 2848 4660 3122 4731; x_wconf 88' lang='lat' dir='ltr'><strong>providus,</strong></span> <span class='ocrx_word' id='word_1_764' title='bbox 3156 4661 3211 4716; x_wconf 90' lang='lat' dir='ltr'><strong>in</strong></span> <span class='ocrx_word' id='word_1_765' title='bbox 3257 4661 3446 4716; x_wconf 89' lang='lat' dir='ltr'><strong>habitu</strong></span> <span class='ocrx_word' id='word_1_766' title='bbox 3492 4662 3741 4732; x_wconf 90' lang='lat' dir='ltr'><strong>humilis,</strong></span> <span class='ocrx_word' id='word_1_767' title='bbox 3778 4664 3838 4721; x_wconf 87' lang='lat' dir='ltr'><strong>in</strong></span> 
     </span>
    </p>
   </div>
   <div class='ocr_carea' id='block_1_100' title="bbox 2241 4750 3839 4825">
    <p class='ocr_par' dir='ltr' id='par_1_100' title="bbox 2241 4750 3839 4825">
     <span class='ocr_line' id='line_1_100' title="bbox 2241 4750 3839 4825; baseline 0.004 -20"><span class='ocrx_word' id='word_1_768' title='bbox 2241 4766 2427 4807; x_wconf 88' lang='lat' dir='ltr'><strong>mensa</strong></span> <span class='ocrx_word' id='word_1_769' title='bbox 2458 4750 2691 4817; x_wconf 91' lang='lat' dir='ltr'><strong>sobrius,</strong></span> <span class='ocrx_word' id='word_1_770' title='bbox 2740 4750 2792 4804; x_wconf 92' lang='lat' dir='ltr'><strong>in</strong></span> <span class='ocrx_word' id='word_1_771' title='bbox 2823 4751 3072 4806; x_wconf 84' lang='lat' dir='ltr'><strong>oratione</strong></span> <span class='ocrx_word' id='word_1_772' title='bbox 3104 4751 3348 4818; x_wconf 80' lang='lat' dir='ltr'><strong>devotus,</strong></span> <span class='ocrx_word' id='word_1_773' title='bbox 3380 4753 3667 4811; x_wconf 87' lang='lat' dir='ltr'><strong>honestate</strong></span> <span class='ocrx_word' id='word_1_774' title='bbox 3696 4771 3839 4825; x_wconf 66' lang='lat' dir='ltr'><strong>prte-</strong></span> 
     </span>
    </p>
   </div>
   <div class='ocr_carea' id='block_1_101' title="bbox 2242 4841 3838 4913">
    <p class='ocr_par' dir='ltr' id='par_1_101' title="bbox 2242 4841 3838 4913">
     <span class='ocr_line' id='line_1_101' title="bbox 2242 4841 3838 4913; baseline 0.004 -15"><span class='ocrx_word' id='word_1_775' title='bbox 2242 4844 2437 4909; x_wconf 88' lang='lat' dir='ltr'><strong>clarus,</strong></span> <span class='ocrx_word' id='word_1_776' title='bbox 2491 4857 2705 4913; x_wconf 88' lang='lat' dir='ltr'><strong>semper</strong></span> <span class='ocrx_word' id='word_1_777' title='bbox 2744 4859 2841 4912; x_wconf 91' lang='lat' dir='ltr'><strong>pro</strong></span> <span class='ocrx_word' id='word_1_778' title='bbox 2871 4841 3108 4897; x_wconf 87' lang='lat' dir='ltr'><strong>Ecclesia</strong></span> <span class='ocrx_word' id='word_1_779' title='bbox 3146 4859 3209 4899; x_wconf 88' lang='lat' dir='ltr'><strong>ac</strong></span> <span class='ocrx_word' id='word_1_780' title='bbox 3237 4845 3479 4901; x_wconf 89' lang='lat' dir='ltr'><strong>veritatis</strong></span> <span class='ocrx_word' id='word_1_781' title='bbox 3521 4846 3838 4904; x_wconf 82' lang='lat' dir='ltr'><strong>delensione</strong></span> 
     </span>
    </p>
   </div>
   <div class='ocr_carea' id='block_1_102' title="bbox 2240 4932 3837 5007">
    <p class='ocr_par' dir='ltr' id='par_1_102' title="bbox 2240 4932 3837 5007">
     <span class='ocr_line' id='line_1_102' title="bbox 2240 4932 3837 5007; baseline 0.005 -21"><span class='ocrx_word' id='word_1_782' title='bbox 2240 4932 2378 4986; x_wconf 90' lang='lat' dir='ltr'><strong>mori</strong></span> <span class='ocrx_word' id='word_1_783' title='bbox 2409 4947 2635 5001; x_wconf 87' lang='lat' dir='ltr'><strong>pronus,</strong></span> <span class='ocrx_word' id='word_1_784' title='bbox 2689 4939 2745 4986; x_wconf 90' lang='lat' dir='ltr'><strong>et</strong></span> <span class='ocrx_word' id='word_1_785' title='bbox 2786 4933 2838 4986; x_wconf 91' lang='lat' dir='ltr'><strong>in</strong></span> <span class='ocrx_word' id='word_1_786' title='bbox 2869 4934 3015 4987; x_wconf 89' lang='lat' dir='ltr'><strong>omni</strong></span> <span class='ocrx_word' id='word_1_787' title='bbox 3046 4934 3286 4990; x_wconf 89' lang='lat' dir='ltr'><strong>bonitate</strong></span> <span class='ocrx_word' id='word_1_788' title='bbox 3316 4936 3659 5007; x_wconf 90' lang='lat' dir='ltr'><strong>conspicuus.</strong></span> <span class='ocrx_word' id='word_1_789' title='bbox 3690 4937 3837 4994; x_wconf 60' lang='lat' dir='ltr'><strong>Pras-</strong></span> 
     </span>
    </p>
   </div>
   <div class='ocr_carea' id='block_1_103' title="bbox 2241 5023 3835 5093">
    <p class='ocr_par' dir='ltr' id='par_1_103' title="bbox 2241 5023 3835 5093">
     <span class='ocr_line' id='line_1_103' title="bbox 2241 5023 3835 5093; baseline 0.007 -18"><span class='ocrx_word' id='word_1_790' title='bbox 2241 5031 2387 5078; x_wconf 90' lang='lat' dir='ltr'><strong>terea</strong></span> <span class='ocrx_word' id='word_1_791' title='bbox 2417 5032 2571 5093; x_wconf 88' lang='lat' dir='ltr'><strong>pater</strong></span> <span class='ocrx_word' id='word_1_792' title='bbox 2598 5023 2802 5077; x_wconf 85' lang='lat' dir='ltr'><strong>exstitit</strong></span> <span class='ocrx_word' id='word_1_793' title='bbox 2831 5024 3174 5091; x_wconf 90' lang='lat' dir='ltr'><strong>clericorum,</strong></span> <span class='ocrx_word' id='word_1_794' title='bbox 3195 5027 3390 5083; x_wconf 90' lang='lat' dir='ltr'><strong>doctor</strong></span> <span class='ocrx_word' id='word_1_795' title='bbox 3415 5036 3471 5083; x_wconf 92' lang='lat' dir='ltr'><strong>et</strong></span> <span class='ocrx_word' id='word_1_796' title='bbox 3500 5038 3835 5086; x_wconf 82' lang='lat' dir='ltr'><strong>sustentatur</strong></span> 
     </span>
    </p>
   </div>
   <div class='ocr_carea' id='block_1_104' title="bbox 2242 5116 3831 5188">
    <p class='ocr_par' dir='ltr' id='par_1_104' title="bbox 2242 5116 3831 5188">
     <span class='ocr_line' id='line_1_104' title="bbox 2242 5116 3831 5188; baseline 0.004 -17"><span class='ocrx_word' id='word_1_797' title='bbox 2242 5116 2633 5172; x_wconf 86' lang='lat' dir='ltr'><strong>monachorum</strong></span> <span class='ocrx_word' id='word_1_798' title='bbox 2665 5131 2729 5171; x_wconf 90' lang='lat' dir='ltr'><strong>ac</strong></span> <span class='ocrx_word' id='word_1_799' title='bbox 2758 5117 3065 5172; x_wconf 90' lang='lat' dir='ltr'><strong>monialium</strong></span> <span class='ocrx_word' id='word_1_800' title='bbox 3084 5160 3097 5185; x_wconf 92' lang='lat'><strong>,</strong></span> <span class='ocrx_word' id='word_1_801' title='bbox 3125 5119 3436 5175; x_wconf 89' lang='lat' dir='ltr'><strong>consolator</strong></span> <span class='ocrx_word' id='word_1_802' title='bbox 3464 5123 3831 5188; x_wconf 60' lang='lat' dir='ltr'><strong>maerentium,</strong></span> 
     </span>
    </p>
   </div>
   <div class='ocr_carea' id='block_1_105' title="bbox 2241 5208 3833 5285">
    <p class='ocr_par' dir='ltr' id='par_1_105' title="bbox 2241 5208 3833 5285">
     <span class='ocr_line' id='line_1_105' title="bbox 2241 5208 3833 5285; baseline 0.005 -22"><span class='ocrx_word' id='word_1_803' title='bbox 2241 5215 2483 5263; x_wconf 88' lang='lat' dir='ltr'><strong>tutamen</strong></span> <span class='ocrx_word' id='word_1_804' title='bbox 2508 5208 2829 5277; x_wconf 89' lang='lat' dir='ltr'><strong>pupillorum</strong></span> <span class='ocrx_word' id='word_1_805' title='bbox 2852 5224 2915 5265; x_wconf 91' lang='lat' dir='ltr'><strong>ac</strong></span> <span class='ocrx_word' id='word_1_806' title='bbox 2939 5210 3238 5276; x_wconf 87' lang='lat' dir='ltr'><strong>viduarum,</strong></span> <span class='ocrx_word' id='word_1_807' title='bbox 3271 5212 3513 5267; x_wconf 90' lang='lat' dir='ltr'><strong>levamen</strong></span> <span class='ocrx_word' id='word_1_808' title='bbox 3540 5229 3833 5285; x_wconf 84' lang='lat' dir='ltr'><strong>Oppresso-</strong></span> 
     </span>
    </p>
   </div>
   <div class='ocr_carea' id='block_1_106' title="bbox 2241 5298 3833 5376">
    <p class='ocr_par' dir='ltr' id='par_1_106' title="bbox 2241 5298 3833 5376">
     <span class='ocr_line' id='line_1_106' title="bbox 2241 5298 3833 5376; baseline 0.004 -20"><span class='ocrx_word' id='word_1_809' title='bbox 2241 5316 2383 5366; x_wconf 88' lang='lat' dir='ltr'><strong>rum,</strong></span> <span class='ocrx_word' id='word_1_810' title='bbox 2430 5298 2681 5354; x_wconf 83' lang='lat' dir='ltr'><strong>defensor</strong></span> <span class='ocrx_word' id='word_1_811' title='bbox 2705 5300 2920 5366; x_wconf 91' lang='lat' dir='ltr'><strong>civium,</strong></span> <span class='ocrx_word' id='word_1_812' title='bbox 2974 5302 3190 5357; x_wconf 87' lang='lat' dir='ltr'><strong>attritor</strong></span> <span class='ocrx_word' id='word_1_813' title='bbox 3216 5303 3595 5372; x_wconf 81' lang='lat' dir='ltr'><strong>superborum,</strong></span> <span class='ocrx_word' id='word_1_814' title='bbox 3644 5322 3833 5376; x_wconf 86' lang='lat' dir='ltr'><strong>perse-</strong></span> 
     </span>
    </p>
   </div>
   <div class='ocr_carea' id='block_1_107' title="bbox 2244 5395 3837 5469">
    <p class='ocr_par' dir='ltr' id='par_1_107' title="bbox 2244 5395 3837 5469">
     <span class='ocr_line' id='line_1_107' title="bbox 2244 5395 3837 5469; baseline 0.003 -18"><span class='ocrx_word' id='word_1_815' title='bbox 2244 5407 2400 5453; x_wconf 89' lang='lat' dir='ltr'><strong>cutor</strong></span> <span class='ocrx_word' id='word_1_816' title='bbox 2420 5405 2475 5453; x_wconf 88' lang='lat' dir='ltr'><strong>et</strong></span> <span class='ocrx_word' id='word_1_817' title='bbox 2496 5398 2718 5452; x_wconf 88' lang='lat' dir='ltr'><strong>malleus</strong></span> <span class='ocrx_word' id='word_1_818' title='bbox 2739 5395 3132 5453; x_wconf 64' lang='lat' dir='ltr'><strong>haereticorum.</strong></span> <span class='ocrx_word' id='word_1_819' title='bbox 3152 5397 3313 5452; x_wconf 82' lang='lat' dir='ltr'><strong>Rexit</strong></span> <span class='ocrx_word' id='word_1_820' title='bbox 3332 5398 3837 5469; x_wconf 63' lang='lat' dir='ltr'><strong>archiprmsulatum</strong></span> 
     </span>
    </p>
   </div>
   <div class='ocr_carea' id='block_1_108' title="bbox 2245 5487 3836 5560">
    <p class='ocr_par' dir='ltr' id='par_1_108' title="bbox 2245 5487 3836 5560">
     <span class='ocr_line' id='line_1_108' title="bbox 2245 5487 3836 5560; baseline 0.002 -17"><span class='ocrx_word' id='word_1_821' title='bbox 2245 5488 2578 5560; x_wconf 80' lang='lat' dir='ltr'><strong>Hispalensis</strong></span> <span class='ocrx_word' id='word_1_822' title='bbox 2596 5487 2857 5543; x_wconf 77' lang='lat' dir='ltr'><strong>Ecclesia:</strong></span> <span class='ocrx_word' id='word_1_823' title='bbox 2886 5490 3237 5560; x_wconf 86' lang='lat' dir='ltr'><strong>quadraginta</strong></span> <span class='ocrx_word' id='word_1_824' title='bbox 3262 5490 3437 5554; x_wconf 89' lang='lat' dir='ltr'><strong>annis,</strong></span> <span class='ocrx_word' id='word_1_825' title='bbox 3467 5489 3695 5547; x_wconf 69' lang='lat' dir='ltr'><strong>diversis</strong></span> <span class='ocrx_word' id='word_1_826' title='bbox 3730 5492 3836 5546; x_wconf 85' lang='lat' dir='ltr'><strong>fal-</strong></span> 
     </span>
    </p>
   </div>
   <div class='ocr_carea' id='block_1_109' title="bbox 2244 5582 3827 5654">
    <p class='ocr_par' dir='ltr' id='par_1_109' title="bbox 2244 5582 3827 5654">
     <span class='ocr_line' id='line_1_109' title="bbox 2244 5582 3827 5654; baseline 0.003 -18"><span class='ocrx_word' id='word_1_827' title='bbox 2244 5598 2374 5653; x_wconf 76' lang='lat' dir='ltr'><strong>gens</strong></span> <span class='ocrx_word' id='word_1_828' title='bbox 2400 5583 2780 5638; x_wconf 84' lang='lat' dir='ltr'><strong>miraculorum</strong></span> <span class='ocrx_word' id='word_1_829' title='bbox 2811 5582 3002 5652; x_wconf 81' lang='lat' dir='ltr'><strong>signis,</strong></span> <span class='ocrx_word' id='word_1_830' title='bbox 3036 5582 3297 5652; x_wconf 60' lang='lat' dir='ltr'><strong>primatize</strong></span> <span class='ocrx_word' id='word_1_831' title='bbox 3317 5584 3578 5654; x_wconf 85' lang='lat' dir='ltr'><strong>dignitate</strong></span> <span class='ocrx_word' id='word_1_832' title='bbox 3608 5584 3827 5653; x_wconf 84' lang='lat' dir='ltr'><strong>ﬂorens,</strong></span> 
     </span>
    </p>
   </div>
   <div class='ocr_carea' id='block_1_110' title="bbox 2245 5672 3836 5745">
    <p class='ocr_par' dir='ltr' id='par_1_110' title="bbox 2245 5672 3836 5745">
     <span class='ocr_line' id='line_1_110' title="bbox 2245 5672 3836 5745; baseline 0.001 -15"><span class='ocrx_word' id='word_1_833' title='bbox 2245 5682 2301 5730; x_wconf 87' lang='lat' dir='ltr'><strong>et</strong></span> <span class='ocrx_word' id='word_1_834' title='bbox 2327 5674 2553 5729; x_wconf 76' lang='lat' dir='ltr'><strong>Romani</strong></span> <span class='ocrx_word' id='word_1_835' title='bbox 2582 5688 2735 5745; x_wconf 74' lang='lat' dir='ltr'><strong>papa:</strong></span> <span class='ocrx_word' id='word_1_836' title='bbox 2766 5673 2818 5728; x_wconf 93' lang='lat' dir='ltr'><strong>in</strong></span> <span class='ocrx_word' id='word_1_837' title='bbox 2849 5672 3112 5743; x_wconf 83' lang='lat' dir='ltr'><strong>Hispaniis</strong></span> <span class='ocrx_word' id='word_1_838' title='bbox 3140 5674 3283 5731; x_wconf 87' lang='lat' dir='ltr'><strong>vices</strong></span> <span class='ocrx_word' id='word_1_839' title='bbox 3308 5690 3519 5745; x_wconf 86' lang='lat' dir='ltr'><strong>gerens.</strong></span> <span class='ocrx_word' id='word_1_840' title='bbox 3562 5674 3836 5733; x_wconf 61' lang='lat' dir='ltr'><strong>Sacerdoc</strong></span> 
     </span>
    </p>
   </div>
   <div class='ocr_carea' id='block_1_111' title="bbox 2248 5765 3835 5839">
    <p class='ocr_par' dir='ltr' id='par_1_111' title="bbox 2248 5765 3835 5839">
     <span class='ocr_line' id='line_1_111' title="bbox 2248 5765 3835 5839; baseline 0.004 -20"><span class='ocrx_word' id='word_1_841' title='bbox 2248 5766 2410 5830; x_wconf 89' lang='lat' dir='ltr'><strong>tibus,</strong></span> <span class='ocrx_word' id='word_1_842' title='bbox 2442 5765 2658 5835; x_wconf 88' lang='lat' dir='ltr'><strong>regibus</strong></span> <span class='ocrx_word' id='word_1_843' title='bbox 2688 5772 2743 5820; x_wconf 87' lang='lat' dir='ltr'><strong>et</strong></span> <span class='ocrx_word' id='word_1_844' title='bbox 2788 5765 3001 5837; x_wconf 89' lang='lat' dir='ltr'><strong>p0pulis</strong></span> <span class='ocrx_word' id='word_1_845' title='bbox 3027 5765 3235 5822; x_wconf 90' lang='lat' dir='ltr'><strong>divinas</strong></span> <span class='ocrx_word' id='word_1_846' title='bbox 3276 5775 3330 5823; x_wconf 90' lang='lat' dir='ltr'><strong>et</strong></span> <span class='ocrx_word' id='word_1_847' title='bbox 3378 5768 3642 5825; x_wconf 89' lang='lat' dir='ltr'><strong>humanas</strong></span> <span class='ocrx_word' id='word_1_848' title='bbox 3685 5770 3835 5839; x_wconf 88' lang='lat' dir='ltr'><strong>leges</strong></span> 
     </span>
    </p>
   </div>
   <div class='ocr_carea' id='block_1_112' title="bbox 2249 5854 3831 5932">
    <p class='ocr_par' dir='ltr' id='par_1_112' title="bbox 2249 5854 3831 5932">
     <span class='ocr_line' id='line_1_112' title="bbox 2249 5854 3831 5932; baseline 0.002 -18"><span class='ocrx_word' id='word_1_849' title='bbox 2249 5854 2486 5925; x_wconf 88' lang='lat' dir='ltr'><strong>tradidit,</strong></span> <span class='ocrx_word' id='word_1_850' title='bbox 2537 5863 2594 5913; x_wconf 91' lang='lat' dir='ltr'><strong>et</strong></span> <span class='ocrx_word' id='word_1_851' title='bbox 2621 5854 2867 5914; x_wconf 82' lang='lat' dir='ltr'><strong>Romano</strong></span> <span class='ocrx_word' id='word_1_852' title='bbox 2896 5856 3119 5913; x_wconf 88' lang='lat' dir='ltr'><strong>antistiti</strong></span> <span class='ocrx_word' id='word_1_853' title='bbox 3147 5857 3420 5915; x_wconf 86' lang='lat' dir='ltr'><strong>humiliter</strong></span> <span class='ocrx_word' id='word_1_854' title='bbox 3439 5858 3663 5917; x_wconf 87' lang='lat' dir='ltr'><strong>obedire</strong></span> <span class='ocrx_word' id='word_1_855' title='bbox 3692 5876 3831 5932; x_wconf 72' lang='lat' dir='ltr'><strong>pla:-</strong></span> 
     </span>
    </p>
   </div>
  </div>
