4048 6364
206 393 273 458 es
966 349 975 358 ’
1287 391 1699 455 lSlDORlANA.
1730 417 1801 432 —
1838 387 2019 449 PARS
2056 386 2098 447 ι.
2136 388 2291 446 car.
2333 383 2455 445 xu.
3412 371 3480 437 es

206 519 368 592 cepit.
396 510 713 573 Nolentilius
746 510 966 572 obedire
1010 510 1446 570 maledictionem
1478 506 1693 571 intulit,
1733 508 1790 559 et
1815 501 1871 563 Α
1964 503 2017 558 6.
2046 504 2125 559 Ad
2155 518 2317 559 aer-am
2361 515 2614 592 bonum
2640 499 2708 556 de
2732 494 3181 567 Chindasuintho,
3213 496 3486 570 Hispaniae

208 587 301 670 eos
329 627 360 667 a
390 610 628 666 ﬁdelium
668 609 940 665 consortio
978 604 1268 676 separavit.
1319 601 1499 657 Multis
1528 600 1787 654 librorum
1889 608 2034 662 rege,
2064 595 2141 649 sic
2166 592 2333 648 refert
2360 610 2372 645 :
2403 589 2590 646 Libros
2620 598 2917 645 sanctorum
2958 587 3178 643 Patrum
3209 588 3484 659 diligenter

206 704 567 760 voluminibus
592 703 790 759 Christi
816 700 1115 756 Ecclesiam
1142 696 1471 759 informavit,
1496 702 1551 750 et
1581 695 1631 748 in
1657 706 1789 763 pace
1890 684 2009 756 fecit
2029 684 2276 755 perquiri,
2300 693 2349 738 et
2378 682 2615 737 instituta
2641 681 2703 735 Β.
2726 679 2921 736 Ιεὶάονὶ
2950 680 3174 750 ﬁrmiter
3199 679 3484 734 observari.

205 797 410 866 quievit
440 813 545 851 arra
575 812 805 852 ncuxx.
838 794 1084 851 Toletum
1110 791 1179 847 ad
1214 790 1478 863 synodum
1507 787 1791 859 episcopos
1891 774 1996 829 Hic
2049 776 2309 846 perﬁdum
2364 774 2725 829 Theodisctum
2787 771 3155 866 Hispalensem
3195 771 3490 841 episcopum

206 862 545 953 convocavit,
575 898 631 945 et
657 905 753 945 ore
786 888 1103 961 prophetico
1129 884 1209 941 eis
1245 884 1329 940 sui
1359 882 1538 939 obitus
1566 880 1709 937 diem
1736 886 1792 935 et
1890 868 2132 940 synodali
2179 868 2437 961 sententia
2483 866 2760 935 exsulavit.
2801 872 2849 919 et
2896 864 3202 935 dignitatem
3229 862 3493 934 primatia:

145 995 153 1003 ~
208 981 477 1052 Hispaniis
501 990 728 1039 venum,
755 955 1020 1053 p'md—ixn.
1894 958 2165 1013 transtulit
2200 958 2269 1011 ad
2290 956 2580 1011 Ecclesiam
2604 955 2927 1011 Toletanam.

298 1044 445 1123 ἐίσης
470 1044 861 1137 δουρειθιίεξιιμ
881 1086 1090 1135 morum,
1115 1071 1186 1122 εοι
1206 1072 1479 1137 probitatis,
1965 1051 2018 1106 7.
2042 1049 2211 1105 Lucas
2232 1048 2496 1104 Tudensis
2515 1048 2784 1103 Chronico
2824 1046 3016 1103 lsidori
3040 1044 3298 1111 uberiori,
3330 1059 3494 1116 quam

302 1137 422 1187 Haec
447 1141 516 1187 ait
539 1141 587 1186 in
604 1135 784 1199 synodo
800 1136 960 1187 Toleti
985 1138 1056 1184 vir
1074 1147 1215 1183 sacer
1240 1135 1325 1182 ille

363 1201 597 1250 Ismoaus.
623 1213 712 1250 ner
729 1212 876 1250 auem
892 1199 1059 1247 ﬂoruit
1079 1197 1201 1246 alma
1226 1197 1349 1245 tldes
1374 1208 1388 1248 :

1933 1144 2038 1200 uod
2066 1142 2357 1213 genuinum
2386 1142 2693 1197 Chronicon
2724 1140 2843 1210 ejus
2872 1147 2988 1209 est,
3022 1139 3161 1195 hanc
3208 1138 3495 1194 continua-

1931 1238 1933 1246 ι
2133 1233 2206 1250 III
2248 1233 2272 1250 ι·
2348 1233 2381 1250 κ·
2484 1249 2492 1250 ,
2526 1233 2578 1250 η·
2603 1249 2609 1250 ,
2636 1248 2644 1250 ξ
2690 1233 2909 1250 _..-,,,,'.
2984 1231 3087 1250 _9_-
3122 1231 3232 1250 2..--
3271 1228 3466 1250 -JJ!.2-

363 1213 597 1262 lSlDOllCS,
623 1213 712 1260 per
729 1213 876 1263 quem
892 1213 1059 1247 ﬂOl‘llll
1079 1213 1201 1246 alma
1227 1213 1349 1245 "085
1374 1213 1388 1248 ζ
1909 1213 1933 1247 ἶ
2369 1233 2381 1244 .
2567 1233 2578 1244 .
2876 1233 2886 1243 .
3010 1231 3021 1242 .
3124 1231 3136 1242 .
3379 1230 3389 1240 .
3421 1230 3431 1239 .

299 1264 349 1311 Si
376 1265 709 1324 “ﬂammis,
736 1274 846 1323 quae
865 1262 1000 1311 vobis
1019 1260 1383 1323 praecipiuntur,
1897 1244 2101 1291 tionem
2133 1233 2386 1289 lldefonsr
2432 1248 2655 1289 nomine
2684 1240 2916 1289 attexurt
2941 1250 2953 1284 :
2979 1246 3093 1287 srve
3121 1246 3238 1301 ipse
3268 1228 3499 1285 additio-

367 1328 475 1398 72
508 1320 732 1407 servabit
746 1320 972 1407 Christus
997 1320 1081 1407 vos
1104 1320 1675 1407 ipgmorespo._______
1896 1340 1995 1381 nes
2014 1325 2079 1380 ad
2111 1323 2422 1379 Chronicon
2449 1321 2662 1389 lsidori,
2715 1331 2770 1378 et
2817 1328 2989 1378 totam
3029 1321 3172 1376 hanc
3215 1320 3500 1376 continua-

301 1392 1239 1521 Ῑδτξξηξξξξίξηξξξὲίέςιξιξξξὲξξῦἓέῗί
1264 1397 1442 1521 “Tum
1466 1400 1700 1452 qumue’
1898 1417 2106 1521 tionem
2129 1414 2455 1521 confinxerit
2472 1413 2852 1521 ,'ut.nonnulli
2905 1420 3119 1518 putant,
3160 1413 3276 1517 sive
3303 1412 3496 1466 saltem

299 1492 1373 1598 saEeé'i‘i'feiiu;‘§.21i6'i'3;§i§e:iéreiis,
1900 1508 2145 1579 quaedam
2175 1492 2455 1561 Chronico.
2491 1504 2679 1561 lsidori
2712 1504 3007 1574 adjecerit,
3040 1513 3096 1559 et
3125 1505 3499 1561 continuatio-

363 1580 485 1634 Ευιῇ
509 1590 650 1632 recte
671 1593 812 1640 prava
838 1582 1000 1641 puniat
1024 1586 1126 1629 acta
1148 1580 1301 1628 Deus.

363 1646 420 1665 Δ.-
452 1646 617 1665 -..ΔΑ-ι
643 1643 784 1665 ρηιω
811 1642 955 1665 ιιι-112-
1002 1650 1047 1665 ..ι
1078 1644 1310 1665 λιι-μη-η..
1331 1641 1487 1665 ιιΛοοιο

1931 1613 2026 1653 lem
2056 1596 2307 1652 lldefonsi
2335 1595 2766 1664 interpolaverit,
2814 1595 2950 1663 sive,
2983 1595 3129 1665 quod
3177 1595 3396 1665 sequius
3414 1602 3498 1651 est

1905 1688 2156 1757 credere,
2191 1687 2502 1743 Chronicon
2532 1694 2587 1742 et
2636 1686 3123 1750 continuationem,
3174 1686 3250 1742 ita
3296 1688 3403 1757 jam
3432 1686 3502 1741 ab

1906 1778 2088 1849 aliquo
2116 1778 2407 1849 antiquiori
2437 1776 2693 1850 ampliata
2716 1784 2772 1832 et
2794 1777 3137 1847 interpolata,
3160 1776 3375 1832 incaute
3403 1790 3505 1847 pro
3579 1779 3582 1781 λ

300 1645 423 1696 Inde
448 1646 621 1695 cadent
643 1643 787 1694 Gothi
811 1642 973 1704 bellis,
1000 1650 1051 1691 et
1078 1644 1312 1704 barbarus
1331 1641 1488 1704 hostis

299 1769 441 1820 Tunc
463 1764 824 1827 convertimini,
852 1774 969 1817 tunc
990 1768 1188 1815 crimina
1226 1764 1443 1827 plangite
1467 1764 1653 1820 vestra,

1834 1902 1882 1964 Β
1906 1872 2156 1941 genuinis
2204 1872 2495 1943 acceperit.
2546 1870 2807 1942 Bayerius
2849 1870 2905 1925 in
2949 1877 3066 1926 not.
3105 1869 3171 1924 ad
3210 1868 3349 1925 Bibl.
3382 1869 3506 1926 Vet.

363 1832 423 1881 Et
444 1835 603 1881 statim
626 1829 858 1878 Dominus
884 1829 1140 1878 auxiliator
1162 1828 1273 1878 erit.

306 1893 471 1945 Gloria
497 1894 649 1953 major
673 1894 769 1941 erit
792 1892 927 1941 vobis
954 1906 966 1941 :
992 1900 1044 1941 et
1068 1891 1225 1953 gratia
1248 1888 1425 1940 Christi

360 1956 580 2008 Extollet
604 1955 786 2005 Gothos
814 1954 1049 2003 uberiore
1081 1954 1224 2001 bono.

278 2039 331 2094 4.
371 2059 392 2093 ι
421 2039 500 2095 De
523 2038 689 2108 gestis
716 2036 833 2108 ejus
860 2037 976 2092 hazc
1005 2037 1147 2092 inter
1174 2047 1361 2105 regum
1389 2032 1557 2088 Actus
1580 2036 1808 2084 annota-

1931 2032 2131 2112 -ial—ensi
2160 2055 2363 2112 Codice
2393 2057 2474 2111 lit.
2506 2057 2565 2121 Β,
2597 2054 2734 2126 plut.
2770 2054 2823 2120 l,
2854 2069 3001 2110 num.
3035 2053 3093 2123 9,
3136 2068 3273 2124 opus
3298 2059 3512 2108 exstare

212 2131 408 2200 Vimus’
427 2130 554 2200 quia
576 2130 693 2199 ipse
714 2128 782 2184 de
807 2127 1065 2199 pmdam
1088 2140 1275 2219 regum
1297 2122 1809 2219 GO‘bor“'_n_smpe’
1910 2147 2017 2203 hoc
2039 2148 2198 2204 titulo
2227 2166 2240 2203 :
2262 2148 2411 2203 Beati
2438 2122 2701 2219 lldefonsi
2721 2146 3095 2218 archiepiscOpi
3120 2122 3358 2200 Toletani
3387 2160 3513 2200 con-

214 2232 365 2298 P‘m'e
413 2222 709 2279 seve’iano
756 2219 1168 2290 Carthaginemi
1217 2218 1382 2310 ducet
1432 2214 1640 2271 exsmi"
1684 2226 1813 2284 pm"
1912 2242 2132 2295 tinuatio
2158 2240 2413 2295 Historia:
2435 2214 2772 2296 Gothoruma
2800 2214 3112 2310 temporibus
3133 2237 3415 2294 Sisenandi
3442 2236 3514 2291 ad

217 2326 452 2371 creatus.
488 2312 615 2370 Post
644 2313 929 2368 transitum
967 2319 1146 2366 autem
1195 2309 1313 2380 ejus
1359 2320 1549 2362 mense
1576 2318 1687 2359 uno
1713 2316 1811 2357 rex
1916 2329 2369 2387 Reccesuimhum.

217 2409 515 2466 catholicus
565 2407 921 2463 Chintilianus
970 2405 1146 2462 Toleti
1196 2404 1461 2470 decessit,
1513 2402 1668 2494 bona
1697 2398 1815 2494 line
1988 2423 2043 2478 3.
2075 2422 2245 2494 Hujus
2274 2422 2488 2479 codicis
2515 2436 2761 2492 quamam
2790 2423 2860 2477 sit
2902 2430 3159 2489 vetustas,
3209 2419 3520 2492 expende,”

217 2502 551 2572 perfunctus.
629 2499 906 2555 Successit
967 2498 1281 2554 beatissimo
1340 2493 1554 2551 doctori
1604 2490 1814 2547 Isidoro
1915 2513 2043 2570 dum
2074 2490 2247 2583 ess'et’
2292 2530 2356 2571 ac
2385 2490 2698 2583 viden'dum,
2729 2529 2858 2571 num
2904 2530 3025 2570 cum
3054 2490 3457 2570 continuam“
3485 2526 3518 2567 a

220 2599 608 2665 Theodisclus,
652 2597 873 2653 natione
902 2594 1152 2661 Graecus,
1206 2593 1469 2649 varietate
1512 2590 1815 2659 linguarum

1931 2607 2062 2663 Luca
2086 2605 2325 2661 Tudensi
2355 2606 2500 2662 edita
2528 2605 3167 2663 consentiat.Rodericus
3196 2604 3513 2671 Toletantts,

218 2690 432 2757 doctus,
460 2689 698 2747 exterius
725 2688 999 2745 locutione
1027 2686 1248 2750 nitidus,
1278 2684 1506 2739 interius
1531 2688 1734 2746 autem,
1756 2685 1816 2734 ut
1919 2698 2010 2769 qui
2036 2697 2194 2754 Luca,
2225 2697 2489 2754 Tudensis
2517 2698 2740 2769 1Equam,
2778 2699 2905 2762 fu“,
2959 2695 3155 2761 “re”,
3187 2696 3518 2753 "def-omum

218 2781 404 2838 exitus
445 2779 856 2843 demonstravit,
900 2776 1000 2832 sub
1031 2775 1189 2831 ovina
1216 2774 1361 2844 pelle
1388 2772 1547 2842 lupus
1574 2770 1816 2826 voracis-

1931 2789 2203 2859 scripsisse
2242 2788 2546 2845 Gothorum
2598 2797 2846 2859 tempora
2890 2803 2921 2843 a
2951 2787 3140 2858 quinto
3171 2802 3316 2843 anno
3359 2786 3520 2841 Suin-

361 1708 464 1757 νος
483 1712 675 1770 premet
699 1700 968 1770 innumera
984 1703 1143 1770 clade,
1163 1706 1358 1770 timore,
1374 1700 1532 1770 fame.

1910 1963 2062 2036 Hisp.
2091 1964 2209 2019 Nic.
2242 1965 2461 2021 Antonii
2487 1964 2524 2019 l.
2556 1982 2608 2031 ν,
2643 1980 2790 2019 num.
2826 1962 2950 2029 523,
2989 1969 3242 2031 testatur,
3273 1962 3327 2016 in
3348 1959 3513 2017 Escu—

217 2875 412 2931 simus.
445 2870 580 2926 Nam
602 2870 768 2926 libros
796 2868 1060 2938 quosdam
1082 2866 1149 2922 de
1172 2864 1380 2919 naturis
1408 2877 1589 2918 rerum
1618 2869 1674 2915 et
1702 2866 1820 2913 arte

218 2964 534 3035 medicinae,
584 2977 794 3019 necnon
825 2970 879 3017 et
923 2960 989 3015 de
1027 2970 1143 3013 arte
1189 2955 1436 3023 notoria,
1475 2966 1613 3023 quos
1663 2960 1820 3021 pater

218 3059 465 3116 Isidorus
508 3055 738 3113 facundo
786 3055 927 3126 stylo
977 3055 1379 3121 composuerat,
1423 3054 1479 3101 et
1526 3044 1723 3100 nedum
1751 3040 1820 3096 ad

220 3154 506 3228 publicum
532 3160 815 3214 venerant,
839 3148 893 3203 in
916 3145 1097 3203 odium
1128 3142 1252 3199 ﬁdei
1274 3140 1533 3211 corrupit,
1567 3150 1819 3193 resecans

1922 2879 2068 2933 thilae
2121 2894 2294 2949 usque
2342 2881 2438 2935 ad-
2484 2888 2734 2935 octavum
2801 2879 3070 2935 decimum
3141 2876 3525 2934 Reccesuinthi

1927 2986 2127 3029 annum
2155 2989 2171 3028 :
2205 2972 2359 3043 cujus
2388 2973 2551 3028 verba
2580 2988 2702 3043 cap.
2727 2988 2849 3043 seq.
2882 2971 3177 3043 proferam.
3229 2969 3345 3026 Hoc
3373 2977 3525 3025 certe

1925 3066 2120 3135 arguit,
2142 3067 2344 3121 Lucam
2373 3066 2677 3123 Tudensem
2704 3066 2869 3122 totius
2896 3065 3340 3132 continuationis,
3358 3079 3523 3135 quam

1922 3159 2024 3215 sub
2052 3158 2304 3216 lldefonsi
2335 3160 2555 3215 nomine
2581 3158 2769 3228 edidit,
2801 3168 3080 3216 auctorem
3128 3175 3236 3215 non
3279 3174 3419 3222 esse,
3466 3165 3530 3213 ut

224 3261 377 3343 Vera,
404 3254 461 3301 et
489 3245 735 3343 ξηξθτθηε
757 3232 1537 3343 {3153.1auiaepel'ﬂufmfkfm
1559 3230 1819 3343 Ατξδυωυ
1847 3276 1896 3343 c
1928 3250 2251 3309 Laurentius
2293 3252 2361 3307 de
2400 3250 2606 3306 Padilla
2651 3251 2887 3307 afﬁrmat
2951 3251 3006 3306 in
3054 3249 3171 3306 Vita
3218 3250 3275 3305 S.
3333 3248 3529 3309 Isidori

229 3339 450 3396 nomine
480 3337 830 3402 Avicennam,
879 3334 948 3388 de
1004 3330 1200 3386 Latino
1232 3330 1285 3385 in
1313 3328 1600 3383 Arabicum
1644 3334 1823 3381 trans-

231 3435 371 3490 tulit.
406 3431 506 3488 Hic
534 3432 588 3486 in
615 3430 697 3486 his
724 3438 778 3485 et
805 3428 924 3483 aliis
950 3425 1193 3498 pluribus
1223 3422 1453 3479 infidelis
1476 3422 1745 3487 inventus,
1771 3425 1829 3474 et

233 3542 497 3584 erroneus
518 3526 573 3582 in
598 3523 840 3579 articulis
868 3520 989 3577 lidei
1011 3517 1415 3589 comprobatus,
1442 3529 1540 3586 per
1561 3511 1828 3586 synodum

238 3619 302 3675 ab
332 3614 785 3688 archiepiscopali
816 3612 1078 3682 dignitate
1105 3608 1428 3678 degradatus
1456 3614 1557 3661 est.
1605 3604 1827 3658 Assere-

238 3712 328 3768 bat
368 3712 516 3768 enim
567 3710 855 3766 Dominum
901 3713 1145 3762 nostrum
1191 3701 1373 3758 Jesum
1402 3698 1674 3756 Christum
1707 3711 1832 3752 cum

240 3801 396 3860 Patre
424 3812 483 3860 et
528 3802 731 3873 Spiritu
775 3807 964 3856 sancto
1008 3813 1116 3853 non
1160 3811 1280 3851 esse
1309 3808 1475 3850 unum
1505 3793 1673 3847 Deum
1694 3833 1709 3857 ,
1736 3787 1834 3845 sed

243 3895 417 3964 potius
447 3893 783 3964 adoptivum.
827 3890 954 3956 Hic,
990 3896 1047 3942 ut
1086 3887 1289 3942 dictum
1319 3893 1419 3951 est,
1460 3884 1702 3955 privatus
1729 3880 1834 3935 ho-

245 4003 371 4043 nore
399 3984 698 4043 sacerdotii
724 3983 791 4038 ad
815 3980 1021 4037 Arabes
1049 3977 1281 4043 transiit,
1301 3985 1355 4033 et
1393 3982 1558 4030 secta:
1597 3971 1835 4044 pseudo-

246 4076 525 4148 propheta:
554 4072 844 4129 Mahometi
873 4070 1132 4135 adhaesit,
1190 4076 1247 4123 et
1287 4066 1440 4139 plura
1470 4063 1654 4121 docuit
1679 4061 1837 4118 dete-

248 4166 429 4222 standa
485 4164 591 4222 sub
645 4164 976 4234 imperatore
1030 4158 1304 4216 Heraclio.
1366 4158 1517 4214 Tunc
1580 4154 1839 4226 temporis

250 4257 475 4329 dignitas
522 4257 785 4330 primatiae
816 4255 1073 4312 translata
1105 4260 1188 4309 est
1228 4251 1298 4307 ad
1341 4249 1641 4307 Ecclesiam
1680 4247 1842 4304 Tole-

255 4356 448 4405 lanam.
496 4367 518 4403 ι

324 4438 375 4495 Pi.
420 4440 501 4497 Ita
557 4440 733 4512 pergit
798 4439 958 4509 hujus
1005 4436 1425 4496 continuationis
1467 4434 1843 4507 supposititius

259 4544 457 4605 auctor,
511 4535 599 4591 vel
643 4533 1035 4604 interpolator,
1077 4532 1246 4587 multa
1302 4545 1526 4586 narrans
1572 4545 1691 4600 qure
1736 4543 1844 4584 non

1932 3345 2071 3399 inter
2121 3342 2268 3399 Vitas
2315 3352 2630 3400 sanctorum
2676 3343 2967 3414 Hispania}.
3040 3341 3452 3398 Producendum
3496 3356 3532 3397 a

1932 3436 2088 3492 nobis
2115 3444 2200 3492 est
2228 3436 2495 3493 monitum
2538 3434 2825 3491 clarissimi
2851 3433 3074 3491 editoris
3106 3432 3207 3488 PP.
3234 3432 3413 3498 Tolet,
3440 3440 3479 3487 t.
3509 3429 3533 3487 l

1934 3527 2002 3582 ad
2027 3526 2504 3583 Continuationem
2535 3525 2595 3582 S.
2626 3526 2901 3595 lldefonsi,
2953 3541 3072 3596 quae
3101 3540 3167 3581 ex
3196 3533 3237 3580 t.
3281 3524 3349 3580 IV
3379 3524 3531 3596 Hisp.

1934 3618 2130 3675 illustr.
2162 3633 2353 3674 recusa
2399 3617 2471 3673 ibi
2503 3624 2589 3672 est
2631 3616 2775 3673 inter
2800 3631 2966 3687 opera
3007 3614 3065 3672 S.
3102 3615 3375 3682 lldefonsi,
3408 3630 3536 3688 sup-

1935 3714 2197 3787 posititia.

2010 3806 2120 3878 74
2147 3805 2200 3859 9.
2232 3804 2401 3858 Lucas
2434 3802 2691 3857 Tudensis
2720 3803 3009 3873 episcopus,
3055 3802 3140 3873 qui
3158 3802 3308 3872 jussu
3342 3801 3539 3856 Beren-

1942 3899 2103 3968 garia:
2133 3896 2326 3967 regina:
2349 3894 2641 3948 Chronicon
2682 3892 2861 3946 mundi
2896 3890 3116 3946 scribere
3162 3908 3436 3963 aggressus
3464 3901 3543 3947 est

1941 3988 2132 4044 steculo
2163 4001 2276 4051 xm,
2312 3985 2508 4053 primus
2545 3984 2645 4053 fuit
2671 3983 2757 4053 qui
2806 3981 2946 4035 illius
2975 3982 3144 4051 operis
3172 3982 3321 4051 quasi
3351 3980 3544 4052 funda-

1942 4086 2119 4133 menta
2151 4077 2412 4147 jacturus,
2460 4080 2577 4142 post
2616 4069 2908 4126 Chronicon
2952 4069 3015 4122 ab
3048 4068 3255 4124 Isidoro
3296 4070 3545 4138 scriptum

1942 4188 2104 4243 usque
2133 4169 2201 4223 ad
2229 4166 2458 4223 Sisebuti
2497 4181 2711 4237 regnum
2732 4205 2749 4233 ,
2798 4162 2945 4217 nobis
2977 4162 3198 4218 obtrusit
3238 4169 3545 4231 prasentens

1946 4266 2355 4338 prosecutionem
2389 4261 2787 4328 Chronicorum,
2837 4269 3083 4325 tanquam
3133 4257 3197 4311 ab
3228 4256 3547 4329 Ildephonso

1949 4358 2199 4414 Toletano
2230 4356 2451 4429 prtesule
2491 4355 2847 4423 compositam,
2895 4353 3042 4423 cujus
3074 4353 3243 4422 operis
3272 4349 3417 4403 nulla
3444 4365 3548 4403 an-

1952 4453 2108 4505 terior
2128 4449 2367 4504 exstabat
2389 4448 2658 4502 memoria.
2691 4444 2841 4500 Unde
2869 4443 3121 4497 Tudensis
3150 4442 3282 4497 illud
3299 4441 3549 4509 hauserit,

1951 4545 2205 4599 incertum
2234 4550 2329 4597 est.
2368 4542 2524 4607 Sunt,
2557 4542 2643 4612 qui
2674 4556 2787 4594 cum
2818 4536 3100 4591 Laurentio
3122 4536 3185 4588 de
3214 4534 3425 4588 Padilla
3449 4550 3548 4601 pu-

264 4627 427 4683 solum
466 4626 707 4696 antiquis
754 4624 1116 4682 monumentis
1160 4623 1346 4680 innixa
1395 4639 1505 4678 non
1546 4628 1699 4687 sunt,
1750 4621 1830 4676 set

528 4734 554 4737 --
1124 4717 1269 4737 ηις.
1314 4716 1542 4737 .-μεηε
1595 4727 1830 4737 “mm,

1956 4647 2088 4705 tant,
2132 4646 2293 4692 totum
2314 4636 2369 4689 id
2395 4636 2530 4706 quod
2560 4634 2650 4689 sub
2674 4633 2976 4703 Ildepltonsi
3015 4631 3223 4685 nomine
3248 4630 3549 4698 venditavit,

266 4716 362 4774 illis
399 4721 565 4776 etiam
618 4726 744 4774 sunt
793 4718 1081 4776 contraria.
1112 4717 1273 4772 Addit
1314 4716 1545 4786 longiori
1593 4727 1845 4771 sermone
1870 4716 1926 4737 ⁴¹’
1956 4731 2116 4800 [μειερ
2143 4728 2207 4782 ab
2234 4728 2327 4783 tuo
2344 4728 2640 4797 conﬁctam.
2668 4726 2712 4777 Α
2736 4723 2885 4778 nobis
2901 4738 3164 4794 nunquam
3184 4720 3552 4794 impetrabunt,

269 4803 553 4869 Mahometi
602 4811 882 4867 historiam
923 4810 1218 4865 mendaciis
1259 4816 1570 4865 contextam
1603 4824 1617 4861 :
1648 4808 1715 4862 de
1741 4821 1830 4877 qut

1958 4830 2015 4877 ut
2038 4822 2100 4876 de
2120 4823 2227 4876 viro
2256 4819 2415 4892 probo
2444 4827 2634 4873 temere
2660 4817 2971 4889 cogitemus;
3013 4815 3195 4869 mirari
3225 4824 3395 4869 tamen
3426 4816 3556 4870 satis

272 4900 376 4959 Itarc
396 4904 684 4973 conﬁngit:
715 4904 1103 4972 Verumtamen,
1130 4912 1186 4956 ut
1211 4905 1394 4975 fertur,
1420 4901 1659 4967 diabolus
1679 4910 1853 4956 trans—
1961 4936 2067 4975 ηοη
2096 4933 2366 4988 pommus
2396 4923 2594 4969 ιαηιαη,
2635 4914 2731 4968 υίνί
2759 4911 3137 4975 credulitatem,
3170 4912 3256 4980 qui
3286 4919 3361 4965 τοι
3401 4911 3557 4981 fab,“

274 4994 495 5065 ﬁgurans
527 5015 583 5052 se
597 4997 652 5051 in
672 4996 913 5070 angelum
934 4996 1037 5066 73
1061 4996 1206 5057 lucis,
1232 4994 1468 5066 qucedam
1483 4996 1528 5048 ei
1546 4991 1830 5065 prazdiceba

1962 5010 2132 5064 larum
2171 5016 2412 5077 portenta
2442 5022 2545 5061 non
2584 5005 2786 5071 viderit,
2829 5001 3009 5074 quibus
3040 5001 3151 5056 haec
3181 5000 3411 5054 historice
3437 5017 3561 5069 pars

279 5092 461 5161 futura.
499 5088 649 5146 Unde
684 5097 779 5156 est,
811 5097 865 5141 ut
891 5088 944 5141 in
973 5087 1187 5142 exordio
1217 5103 1325 5141 sum
1353 5086 1583 5141 subdola:
1602 5085 1858 5157 prwdica-
1968 5111 2073 5155 ιοια
2102 5107 2343 5154 contexta
2372 5106 2466 5153 est.
2499 5094 2671 5162 Quare
2693 5097 2806 5168 jam
2834 5095 3005 5150 nullus
3047 5102 3124 5148 est
3149 5093 3444 5159 historicus,
3477 5093 3563 5163 qui

283 5183 423 5239 tionis
455 5185 625 5240 adiret
667 5183 1001 5254 Hispaniam,
1032 5191 1080 5236 et
1108 5180 1359 5237 Corduba:
1399 5198 1507 5237 sua:
1552 5182 1859 5253 perditionis
1964 5210 2078 5247 eum
2102 5192 2235 5246 velut
2255 5200 2596 5246 commentum
2614 5190 2847 5259 putidum
2867 5206 2968 5244 non
2997 5188 3267 5259 αεερίείαι,
3291 5187 3563 5257 indignum

283 5286 467 5332 sectam
510 5278 734 5335 doceret.
766 5277 983 5332 Dicebat
1008 5279 1144 5332 enim
1185 5276 1364 5333 Iesum
1393 5278 1654 5333 Christum
1682 5278 1865 5334 Domi-
1967 5299 2181 5355 prorsus
2204 5282 2339 5353 quod
2362 5282 2422 5338 S.
2460 5280 2763 5352 Ildephonsi
2792 5280 3073 5350 aliquando
3098 5280 3449 5332 existimatum
3474 5275 3562 5328 sit.

288 5381 400 5419 num
422 5370 482 5424 de
514 5368 726 5441 Virgine
746 5385 855 5423 esse
878 5379 1057 5422 natum
1086 5371 1385 5440 operatione
1414 5369 1643 5441 Spiritus
1674 5373 1865 5441 sancti,
2041 5377 2130 5433 10.
2180 5375 2330 5431 Inter
2375 5375 2484 5430 alia
2533 5374 2937 5448 quamplurima,
2986 5372 3048 5427 S,
3083 5371 3347 5426 Isidorum
3394 5367 3568 5423 sedem

291 5472 386 5514 uon
417 5472 584 5518 tamen
631 5479 741 5518 esse
782 5461 967 5517 Deum.
1022 5461 1171 5526 Quod
1218 5480 1333 5518 cum
1378 5464 1672 5519 beatissimo
1716 5464 1868 5520 Patri
1973 5470 2342 5540 Hispalensem
2370 5477 2617 5541 tanquam
2648 5469 2920 5539 primatem
2950 5466 3230 5521 obtinuisse
3258 5463 3448 5518 diserte
3480 5478 3569 5517 as-

295 5545 490 5609 Isidoro
544 5558 834 5610 nuntiatum
885 5557 1086 5627 fuisset,
1139 5556 1223 5626 qui
1278 5567 1397 5611 tunc
1446 5558 1792 5612 revertebatur
1834 5576 1866 5613 a
1975 5564 2099 5617 εργίι
2138 5562 2566 5617 mendacissimus
2612 5561 3001 5615 consarcinawr
3030 5573 3302 5628 nugarum,
3345 5554 3568 5609 ΤΙιεοάί..

299 5638 529 5701 Romana
555 5648 721 5710 curia,
741 5648 1012 5719 confestim
1040 5648 1179 5701 misit
1208 5649 1492 5715 ministros,
1516 5650 1602 5721 qui
1625 5660 1868 5721 caperent
1975 5656 2140 5710 sctum
2176 5654 2449 5724 quemdam
2479 5652 2813 5708 introducens
2856 5653 2998 5707 illius
3028 5663 3396 5711 successorem,
3436 5646 3570 5703 nulli

298 5750 423 5791 eum.
456 5739 563 5797 Sed
582 5739 819 5795 diabolus
845 5740 1145 5796 Mahameto
1174 5745 1439 5814 apparuit,
1466 5753 1515 5798 et
1540 5762 1694 5815 quam
1720 5746 1870 5800 citius
1979 5750 2225 5803 hactenus
2256 5756 2415 5802 antea
2443 5756 2650 5813 notum,
2702 5762 2796 5800 nec
2845 5745 2967 5799 ullis
3010 5738 3290 5813 praesulatu
3317 5736 3571 5811 catalogis

303 5823 506 5899 Ῑιιθετει.
533 5834 822 5906 imperavit
865 5833 1197 5891 Mahumelus
1244 5846 1415 5892 autem
1457 5847 1573 5910 post
1613 5840 1789 5912 fugam
1819 5839 1873 5893 in
1982 5845 2281 5914 ascriptum,
2316 5841 2379 5897 ob
2408 5841 2690 5913 apostasia:
2716 5839 2937 5893 crimina
2975 5836 3229 5908 dignitate
3257 5834 3566 5906 depositura,

303 5916 527 5993 Africam
547 5938 599 5985 et
626 5926 869 5986 Arabiam
890 5930 1290 5988 innumerabiles
1316 5931 1490 6003 plebes
1518 5932 1743 6000 seduxit,
1766 5941 1830 5990 ett

1983 5936 2406 6007 exsulantemque
2422 5949 2443 5990 .'
2459 5947 2565 6008 qua
2589 5928 2865 5990 occasione
2889 5930 3238 6003 primatialem
3264 5928 3576 5996 dignitate.
