4048 6364
442 265 509 323 67
1183 259 1272 317 AD
1309 258 1537 317 OPERA
1576 258 1635 317 S.
1674 255 1921 316 lSlDORl
1961 250 2408 314 HISPALENSIS
2444 240 2987 308 PROLEGOMENA.

3698 248 3842 310 68

448 389 518 444 ad
576 384 863 441 Ecclesium
922 380 1227 436 Toletanam
1272 381 1583 435 translatam
1640 387 2030 433 commutatur.
2059 379 2111 440 Α
2136 390 2267 430 vero
2310 372 2486 443 gentis
2529 370 2764 426 historiis
2807 367 2861 423 id
2907 382 3015 423 non
3059 366 3350 435 acciditl);
3380 375 3560 424 tamen
3606 383 3827 426 non

518 480 604 534 11.
631 476 767 531 Huic
796 473 987 547 fabula
1025 473 1187 526 aliam
1217 489 1318 526 non
1360 473 1529 526 minus
1558 474 1781 543 ineptam
1804 471 2021 525 attexuit

443 575 507 629 de
535 569 847 626 Hahumetis
874 566 1021 633 impii
1047 565 1310 635 propheta:
1351 565 1569 620 adventu
1601 568 1652 619 in
1681 562 2016 633 Hispaniam,

441 665 650 735 ejusque
686 657 939 714 Corduba:
977 657 1346 725 pradicalione
1382 657 1648 720 instituta;
1696 671 1839 723 quem
1871 654 2023 724 fingit

440 757 505 809 de
532 754 699 809 reditu
722 750 798 805 Μ.
824 748 1015 803 Isidori
1044 764 1109 801 ea:
1141 745 1276 800 Urbe
1302 748 1620 801 admonitum
1644 762 1674 798 a
1697 743 1904 798 diabolo
1930 761 2025 797 au-

441 851 655 923 fugisse,
698 855 850 916 atque
891 860 952 899 ea
982 844 1185 897 ratione
1211 843 1438 911 uincula,
1468 856 1720 905 carceres,
1752 854 2027 911 plenasque

434 948 550 1015 jam
574 942 637 996 ab
663 940 868 995 Isidoro
895 939 1117 991 indictas
1146 937 1384 991 evasisse.

517 1036 603 1088 12.
637 1031 766 1097 Quis
816 1034 926 1086 hazc
970 1031 1125 1102 legat,
1170 1031 1255 1101 qui
1304 1030 1574 1083 historiam
1612 1043 1786 1081 ueram
1812 1028 2026 1098 infamis

370 1160 373 1163 ι
448 1128 727 1199 ριόρΙιρεω,
751 1124 963 1197 ejusque
981 1124 1097 1177 vita
1118 1122 1507 1192 chronologiam
1526 1121 1886 1177 observaverit,
1907 1119 2027 1189 quin

445 1225 547 1277 ista
575 1228 816 1294 portenta
866 1235 967 1271 non
1014 1216 1200 1281 rideat,
1248 1232 1312 1269 ac
1340 1216 1556 1268 miretur
1592 1213 1823 1268 homines
1873 1214 2031 1283 fuisse

449 1316 531 1385 qui
564 1322 633 1367 tot
663 1311 872 1366 insulsis
902 1306 1122 1363 anilibus
1170 1306 1359 1379 fabulis
1390 1305 1467 1359 vel
1494 1306 1774 1378 fingendis,
1798 1305 1875 1359 cel
1903 1321 2028 1358 nar-

447 1404 628 1457 randis
654 1402 1029 1455 delectarentur
1051 1402 1075 1453 ?

523 1495 606 1549 15.
636 1494 761 1549 ch
781 1492 858 1548 vel
879 1495 1055 1547 leviter
1094 1491 1324 1545 indicata
1352 1490 1480 1545 satis
1522 1493 1626 1546 sint
1648 1490 1717 1544 ad
1739 1490 1889 1561 hujus
1919 1506 2030 1543 mo-

446 1590 671 1643 numenti
705 1588 985 1658 falsitatem
1034 1584 1375 1649 suadendum,
1411 1595 1563 1655 atque
1605 1583 1667 1637 ab
1720 1582 2032 1653 lldephonso

448 1694 622 1736 nostro
667 1681 809 1735 illius
856 1677 1103 1731 invidiam
1146 1673 1509 1747 ablegandum.
1563 1672 1662 1738 Qui
1692 1672 1843 1745 plura
1883 1674 2028 1739 velit,

447 1772 685 1826 consulat
736 1768 804 1822 ι).
868 1766 1144 1821 Nicolaum
1193 1765 1477 1819 Antonium
1518 1766 1573 1819 in
1632 1763 1692 1819 S.
1728 1763 1953 1827 Isidoro,
1987 1762 2112 1823 etB

446 1861 779 1933 Ildephonso,
804 1860 888 1913 ubi
916 1860 1009 1913 has
1038 1857 1240 1931 fabulas
1262 1858 1449 1928 diffuse
1478 1858 1763 1930 insequitur
1786 1874 1802 1911 :
1826 1865 1930 1911 tum
1964 1854 2027 1910 P.

450 1954 643 2009 Flore:
690 1956 745 2007 in
792 1961 928 2007 tomo
959 1952 1000 2006 V
1041 1950 1319 2022 Hispania:
1358 1966 1541 2017 sacrm,
1583 1959 1631 2004 et
1672 1949 1817 2011 alibi,
1850 1949 1934 2003 ubi
1969 1948 2032 2003 de

450 2044 689 2115 primatis
738 2044 987 2115 dignitate
1018 2042 1074 2097 S.
1109 2041 1361 2097 Ecclesia:
1394 2041 1659 2097 Toletanis
1704 2040 1853 2095 verba
1883 2041 2029 2113 facit.

525 2133 608 2187 14.
646 2130 757 2187 Nos
794 2134 991 2187 interea
1038 2132 1148 2202 ejus
1188 2132 1467 2187 editionem
1498 2140 1925 2202 repraesentamus
1966 2129 2034 2183 ad

450 2226 712 2296 exemplar
739 2226 845 2296 75
874 2225 1115 2279 editionis
1166 2226 1319 2294 facta:
1357 2240 1388 2276 a
1431 2222 1717 2277 Francisco
1760 2221 1939 2275 Scotto
1979 2222 2033 2275 in

454 2328 579 2373 tom.
620 2318 663 2371 11
709 2317 984 2388 Hispania
1028 2316 1328 2381 illustratce,
1403 2317 1489 2387 qui
1538 2332 1652 2369 eam
1702 2330 1767 2369 ea:
1814 2312 2037 2368 Tudensi

454 2411 775 2479 transcripsit
808 2424 922 2461 cum
961 2406 1052 2461 hoc
1100 2407 1278 2462 eodem
1322 2407 1471 2461 titulo
1500 2423 1645 2479 quem
1694 2408 2031 2478 prwﬁgimus.

528 2499 615 2553 15.
642 2499 894 2565 Qumdam
926 2498 1085 2552 etiam
1112 2506 1237 2553 sunt
1258 2513 1378 2567 quae
1407 2513 1471 2553 ex
1502 2498 1604 2553 hac
1630 2498 2039 2554 continuatione

454 2594 513 2649 8.
539 2592 796 2646 Martinus
824 2591 1167 2660 Legionensis
1192 2593 1242 2646 in
1264 2608 1421 2646 suum
1443 2608 1748 2648 sermonem
1776 2591 1842 2648 de
1860 2601 2037 2649 trans-

455 2686 533 2740 itu
582 2684 639 2739 S.
687 2682 873 2738 lsidori
918 2683 1218 2751 transtulit,
1261 2691 1319 2737 ut
1347 2683 1457 2739 fere
1487 2693 1599 2739 tota
1624 2685 1714 2740 illa
1743 2684 1997 2755 periodus
2020 2725 2036 2750 ,

456 2775 673 2832 Exstitit
711 2776 895 2848 quippe
921 2776 1104 2845 spiritu
1150 2776 1435 2848 prophetia:
1462 2779 1653 2846 clarus,
1693 2788 1797 2835 etc.
1830 2776 2041 2839 Omittit

457 2874 635 2921 autem
664 2867 845 2932 verba,
870 2874 1184 2921 sustentator
1208 2872 1577 2924 monachorum
1604 2888 1666 2925 ac
1691 2871 1993 2926 monialium
2020 2887 2038 2925 :

460 2972 522 3015 ac
550 2959 775 3014 fortasse
814 2959 865 3012 in
899 2958 1132 3029 aliquam
1164 2959 1622 3016 continuationem
1666 2963 1843 3017 minus
1873 2963 2041 3017 inter-

454 3050 689 3120 polatam
712 3050 914 3104 incidit.
941 3050 1055 3104 lloc
1078 3049 1267 3105 lsidori
1290 3051 1520 3118 elogium
1545 3051 1738 3119 partim
1760 3050 2045 3120 descripsit

458 3143 621 3197 etiam
650 3141 1034 3195 Constantinus
1062 3140 1353 3209 Caietanus
1383 3142 1488 3196 Ioc.
1521 3142 1614 3197 cit.
1640 3182 1654 3207 ,
1681 3156 1801 3211 pag.
1838 3142 1939 3208 15.
1974 3160 2039 3198 ex
2070 3163 2119 3229 ρ

459 3235 741 3290 Chronicis
775 3234 931 3289 Luca:
954 3274 968 3299 ,
1002 3234 1210 3287 diaconi
1241 3231 1511 3301 Tudensis,
1547 3242 1603 3288 ut
1630 3234 1705 3288 ait
1739 3256 1749 3287 :
1782 3235 1877 3291 sed
1919 3234 2035 3289 dia—

459 3341 655 3381 conum
697 3324 1081 3393 Legiouensem
1124 3324 1369 3394 primum,
1405 3340 1468 3381 ac
1508 3324 1701 3381 deinde
1730 3325 2037 3396 episcopum

465 3416 765 3473 Tudensem
790 3414 975 3470 debuit
1000 3430 1215 3470 vocare.

542 3508 625 3560 16.
642 3504 755 3561 lam
771 3506 1021 3574 ﬁgmenta
1039 3518 1157 3573 qua:
1184 3505 1236 3558 in
1255 3503 1672 3560 Continuatione
1699 3503 2038 3574 supposititia

463 3598 706 3655 Ildefonsi
745 3595 1070 3662 referuntur,
1122 3594 1235 3650 fuse
1266 3594 1507 3665 explodit
1545 3594 1659 3650 Nic.
1692 3593 1956 3649 Antonius
1986 3592 2039 3646 in

464 3689 600 3743 Bibl.
634 3696 738 3742 vet.
769 3685 919 3755 Hisp.
941 3727 955 3751 ,
988 3687 1075 3741 ubi
1118 3686 1185 3740 de
1228 3685 1432 3741 Isidoro
1464 3684 1839 3754 lldefonsoque
1882 3684 1991 3754 agit
2024 3700 2037 3737 :

467 3782 569 3836 iter
597 3794 723 3834 vero
751 3777 1037 3833 Mahometi
1068 3778 1118 3831 in
1160 3776 1469 3847 Hispaniam
1500 3778 1636 3831 adeo
1667 3776 1873 3846 prolixe
1904 3775 2037 3830 refu-

466 3882 564 3939 tat,
594 3882 652 3927 ut
678 3873 755 3925 uel
787 3871 1009 3925 Fabium
1038 3871 1239 3926 valeant
1268 3870 1535 3925 delassare
1559 3911 1573 3933 ,
1617 3867 1761 3939 quod
1788 3868 2044 3940 Bayerius

466 3964 738 4022 annotavit
765 3981 778 4030 ;
809 3978 873 4018 ea
895 3964 1071 4019 fabula
1104 3980 1223 4033 cap.
1252 3961 1323 4015 ‘26
1351 3962 1587 4019 breviter
1616 3979 1645 4016 a
1678 3962 1831 4018 nobis
1856 3963 2045 4033 explo-

467 4058 643 4113 detur.
678 4055 832 4110 Plura
865 4055 1028 4110 etiam
1061 4055 1278 4109 disserit
1304 4055 1370 4109 de
1396 4057 1689 4125 corruptis,
1720 4063 1779 4108 ut
1808 4056 2041 4121 tingitur,

468 4152 536 4206 ab
583 4151 853 4205 Avicenna
900 4148 957 4202 S.
994 4148 1182 4202 lsidori
1222 4146 1507 4216 Operibus,
1561 4155 1616 4201 et
1642 4146 1708 4200 de
1745 4146 2044 4202 Theodiscli

466 4242 735 4311 apostasia
768 4258 781 4293 :
811 4240 879 4294 de
908 4240 1100 4308 quibus
1143 4254 1241 4292 nos
1286 4237 1440 4291 infra.
1480 4238 1754 4292 Florezius
1794 4245 1921 4291 tom.
1953 4236 2042 4307 IX,

476 4346 599 4402 pag.
629 4330 734 4383 912
779 4345 921 4396 seq.,
949 4329 1302 4393 demonstrat,
1336 4328 1536 4383 Isidoro
1567 4328 1897 4384 Honoratum
1928 4346 2047 4386 suc-

471 4425 697 4480 cessisse
718 4439 749 4475 a
772 4421 859 4477 die
885 4421 947 4475 12
967 4421 1091 4474 maii
1115 4419 1217 4474 636
1241 4419 1311 4491 ad
1336 4420 1477 4475 diem
1504 4421 1572 4473 12
1598 4423 1901 4478 novembris
1923 4419 2044 4493 611,

472 4524 531 4570 ut
555 4516 794 4583 arguitur
814 4530 881 4569 ex
903 4513 1251 4583 inscriptione
1273 4513 1553 4582 sepulcrali
1578 4512 1858 4582 Honorati,
1886 4529 2047 4585 quam

474 4615 723 4659 accurate
774 4602 1043 4659 describit.
1094 4601 1152 4657 In
1202 4603 1447 4672 catalogo
1504 4602 1875 4660 Aﬂinilianensi
1933 4615 2057 4676 post

477 4694 809 4749 Honoratum
855 4694 1154 4748 collocatur
1202 4694 1484 4759 Antonius,
1533 4710 1706 4763 neque
1754 4695 2057 4751 Theodiscli

480 4803 677 4842 nomen
712 4794 1011 4853 comparet,
1045 4786 1293 4853 quamvis
1321 4784 1603 4855 Epiphanii
1634 4786 1827 4841 intrusi
1858 4802 2056 4842 nOmen

479 4894 585 4933 non
616 4878 771 4933 desit.
806 4874 960 4930 Hunc
981 4876 1281 4944 catalogum
1324 4892 1440 4946 cap.
1493 4876 1563 4931 24
1604 4876 1893 4947 proferam.
1925 4876 2058 4931 Cum

480 4980 658 5025 autem
686 4966 982 5021 lidel’onsus
1011 4982 1153 5021 anno
1184 4966 1250 5021 18
1293 4968 1669 5024 Rcccesuinthi
1702 4969 1843 5037 regis
1875 4967 2060 5024 deces—

478 5062 629 5128 serit,
662 5058 999 5114 manifestum
1025 5067 1111 5113 est
1136 5074 1261 5114 eum
1284 5076 1389 5115 non
1423 5062 1661 5132 potuisse
1689 5062 2056 5116 continuatio-

480 5169 602 5208 nem
656 5150 910 5207 Chronici
957 5150 1245 5220 perducere
1293 5154 1357 5207 ad
1406 5154 1611 5207 obitum
1670 5168 1842 5222 usque
1893 5152 2058 5222 ipsius

482 5240 887 5305 Reccesuinthi,
931 5248 991 5296 ut
1037 5242 1178 5311 apud
1234 5241 1429 5298 Lucam
1483 5242 1785 5297 Tudensem
1840 5243 2056 5312 legitur.

487 5329 600 5387 Hac
627 5347 695 5386 ex
724 5339 876 5400 parte
914 5334 1152 5388 narratio
1183 5332 1433 5388 Roderici
1460 5332 1706 5387 Toletani
1749 5346 1892 5388 stare
1931 5350 2058 5403 pos-

484 5431 586 5486 set,
616 5423 707 5491 qui
733 5422 1056 5480 lldefonsum
1089 5432 1331 5494 tempora
1377 5424 1681 5480 Gothorum
1707 5426 1984 5497 scripsisse
2028 5443 2059 5482 a

485 5514 670 5584 quinto
708 5531 852 5571 anno
897 5514 1177 5571 Suintbiise
1206 5532 1373 5585 usque
1400 5516 1468 5570 ad
1512 5526 1760 5571 octavum
1790 5518 2059 5573 decimum

490 5606 865 5662 iteccesuiathi
897 5606 1207 5663 afﬁrmavit.
1259 5608 1453 5664 Mirum
1491 5618 1641 5664 certe
1668 5626 1774 5666 non
1803 5618 1889 5666 est
1915 5611 2060 5680 quod

486 5710 582 5764 per
604 5703 682 5751 tot
714 5697 973 5752 bellorum
997 5707 1054 5753 et
1079 5697 1392 5765 ignorantia:
1423 5700 1473 5753 in
1507 5698 1757 5769 Hispania
1778 5702 1982 5773 .satcula
2008 5702 2062 5757 in

490 5785 767 5847 historiam
794 5797 1030 5845 nostram
1053 5791 1237 5845 multis
1258 5790 1452 5847 tabulae
1479 5792 1792 5863 irrepserint
1811 5796 1888 5866 (in
1912 5794 2065 5867 cujus

2122 467 2251 522 satis
2299 463 2629 532 intelligitur,
2681 476 2790 532 quo
2842 468 2997 528 pacto
3044 460 3143 513 viri
3190 459 3382 529 docti,
3436 470 3493 514 ut
3540 459 3823 520 Lucas

2123 554 2385 611 Tudensis
2426 552 2622 621 aliique
2670 551 2971 617 huiusmodi
3023 548 3231 605 fabellis
3274 552 3507 607 anilibus
3550 553 3811 608 tidem

2124 648 2484 718 prmatiterint.
2521 643 2809 713 Postquam
2837 651 3021 697 autem
3068 643 3330 710 ejusmodi
3362 656 3728 699 commata
3778 687 3805 711 ,

2125 740 2193 795 ab
2220 755 2300 795 es
2329 736 2652 808 accepta,ad
2681 735 2925 805 aliosque
2952 749 3019 789 ex
3048 748 3237 788 cirum
3264 735 3508 790 manibus
3535 744 3617 789 tra
3632 751 3807 791 ns—

2126 834 2286 889 missa
2326 841 2471 897 sunt,
2520 832 2725 887 facilius
2777 829 2971 883 malum
3024 845 3245 899 serpere
3276 832 3382 902 76
3427 832 3616 903 “Epit,
3702 838 3805 887 et

2127 944 2234 982 non
2268 928 2443 981 solum
2476 926 2526 981 in
2549 925 2669 980 aliis
2698 924 2865 987 libris,
2891 922 2984 977 sed
3012 924 3173 977 etiam
3205 925 3255 977 in
3286 923 3542 991 liturgicit-
3569 925 3799 979 locus

2130 1016 2397 1086 ﬁgmentis
2440 1017 2594 1071 datus
2625 1024 2729 1084 est,
2774 1029 2893 1085 qua:
2937 1013 3190 1070 falsorum
3223 1015 3601 1070 chronicorum
3631 1032 3791 1069 ar-

2128 1110 2344 1166 chitecti
2389 1108 2589 1163 szcculo
2625 1124 2712 1163 ινι
2740 1114 2995 1175 exeunte,
3048 1116 3103 1162 et
3130 1108 3376 1177 sequenti
3403 1108 3785 1163 avidissime

2130 1202 2235 1255 arri
2242 1208 2491 1271 puerunt.

2728 1309 2957 1366 CAPUT
2994 1310 3126 1366 XIII.

2144 1425 2261 1481 Vita
2310 1425 2370 1480 S.
2424 1424 2619 1480 Isidori
2667 1442 2699 1478 α
2751 1424 3111 1481 Bollandianis
3157 1429 3298 1481 edita
3346 1447 3415 1483 an
3459 1440 3771 1485 unctorem

2204 1495 2389 1570 habeat
2440 1496 2629 1570 Lucam
2682 1495 2989 1570 Tudensem.
3040 1497 3120 1570 lia
3165 1502 3265 1552 cita
3315 1502 3382 1553 ad
3410 1503 3771 1570 apjundices

2205 1567 2722 1637 rejecta,defenditur
2746 1565 2911 1621 Lucas
2938 1567 3187 1622 Tudensis
3218 1580 3398 1623 contra
3421 1565 3762 1637 nonnullos,

2204 1640 2290 1707 qui
2338 1654 2451 1691 eum
2497 1640 2551 1690 in
2590 1636 2859 1691 Chrlnicis
2908 1648 2956 1690 et
3011 1638 3315 1697 Isidoriant's
3365 1641 3513 1696 rebus
3558 1636 3761 1695 multa

2210 1710 2428 1778 finxisse
2498 1709 2835 1763 contendunt.
2900 1709 3093 1765 Auctor
3153 1711 3270 1766 libri
3328 1713 3390 1767 de
3440 1711 3755 1767 Hiraculis

2209 1779 2269 1833 S.
2309 1778 2503 1833 lsidori
2528 1780 2765 1852 quisnam
2796 1781 2973 1851 fuerit.

2205 1894 2251 1947 1.
2272 1892 2611 1963 Propositum
2635 1893 2762 1946 mihi
2790 1890 2962 1948 luerat
2980 1894 3083 1948 hoc
3110 1894 3229 1950 loco
3253 1894 3428 1950 Vitam
3452 1895 3507 1951 S.
3532 1895 3751 1952 lsitlori

2134 1983 2435 2050 recudere,
2482 1998 2640 2052 quam
2700 1984 2902 2052 prmvio
2954 1980 3269 2039 doctissimo
3325 1988 3745 2042 commentario

2135 2073 2469 2127 Bollandiani
2510 2072 2650 2127 inter
2678 2072 2809 2127 Acta
2857 2081 3165 2128 sanctorum
3198 2074 3261 2127 ad
3293 2074 3430 2129 diem
3462 2074 3495 2126 4
3525 2076 3743 2144 Aprilis

2134 2167 2453 2222 retulerunt.
2490 2164 2595 2220 Sed
2632 2180 2753 2219 cum
2788 2181 2891 2219 non
2925 2180 3114 2235 parum
3134 2167 3258 2220 vita:
3288 2166 3399 2235 ejus
3432 2167 3737 2223 methodus

2138 2266 2439 2312 notrorum
2472 2255 2904 2324 Prolegomeuun
2938 2256 3179 2311 ordinem
3212 2255 3599 2311 interturbaret
3621 2298 3637 2323 ,
3668 2265 3731 2312 et

2138 2350 2349 2405 aliunde
2398 2363 2545 2417 geSIa
2590 2363 2708 2419 quae
2764 2349 2815 2403 in
2847 2365 2909 2404 ea
2949 2357 3268 2403 enarrantur
3307 2349 3497 2405 idonee
3525 2366 3594 2405 ex
3623 2350 3737 2407 alia

2137 2441 2260 2497 Vita
2293 2441 2527 2496 breviori
2558 2455 2679 2510 cap.
2712 2454 2825 2508 seq.
2861 2439 3200 2507 producenda
3230 2440 3465 2509 suppleri
3494 2442 3732 2512 possint,

2143 2533 2479 2589 commodius
2508 2533 2679 2586 visum
2711 2532 2807 2585 fuit
2832 2530 3004 2585 Vitam
3036 2548 3063 2583 a
3096 2531 3457 2587 Bollandianis
3487 2532 3730 2588 illustra-

2143 2634 2251 2680 tam
2294 2641 2414 2682 cum
2460 2625 2691 2680 uberiori
2732 2624 2957 2678 historia
3006 2625 3389 2688 translationis,
3437 2634 3491 2679 et
3546 2642 3732 2681 narra-

2144 2718 2290 2772 tione
2318 2713 2672 2785 quorumdam
2702 2713 3084 2769 miraculorum
3127 2713 3194 2769 ad
3234 2713 3561 2785 appendices
3599 2715 3735 2784 reji-

2144 2823 2289 2864 cere.
2340 2806 2524 2876 Neque
2572 2806 2715 2862 etiim
2750 2821 2815 2861 ea
2851 2806 3073 2860 omnino
3111 2809 3446 2876 pnetermitti
3496 2825 3524 2861 a
3571 2809 3729 2865 nobis

2145 2898 2323 2963 debet,
2352 2913 2472 2953 cum
2506 2896 2759 2953 Zaccaria
2790 2897 2857 2951 ad
2886 2912 2996 2951 suae
3024 2898 3299 2951 intentata:
3323 2896 3575 2953 editionis
3603 2914 3734 2968 pro-

2147 2988 2427 3058 legomena
2461 3003 2710 3058 magnum
2740 2988 3037 3043 subsidium
3069 2988 3121 3042 in
3152 2988 3252 3043 hac
3282 2987 3403 3043 Vita
3434 2985 3489 3043 ἐι
3516 2988 3737 3045 Bollan-

2148 3080 2429 3136 dianorum
2459 3080 2849 3136 commentario
2878 3080 3174 3136 collocasse
3203 3080 3469 3137 videatur.

2217 3193 2270 3247 2.
2323 3192 2536 3249 Interea
2585 3193 2698 3249 hmc
2726 3193 2832 3249 duo
2881 3209 2909 3248 a
2956 3194 3109 3249 nobis
3150 3192 3517 3263 investiganda
3568 3204 3739 3265 sunt,

2143 3286 2390 3358 quisnam
2420 3286 2535 3356 ejus
2570 3284 2700 3341 Vita:
2730 3293 2917 3342 auctor
2943 3285 3122 3356 fuerit,
3147 3295 3200 3341 et
3227 3303 3292 3342 an
3326 3286 3495 3343 Lucas
3521 3287 3739 3349 Tuden-

2145 3376 2241 3443 sis,
2271 3376 2362 3446 qui
2383 3377 2536 3446 vulgo
2565 3385 2755 3431 auctor
2783 3386 3053 3444 censetur,
3080 3378 3406 3434 architectus
3434 3379 3736 3436 fabularum

2144 3469 2321 3539 fuerit,
2345 3470 2528 3539 qurein
2552 3470 2737 3526 isitiori
2762 3470 2895 3525 Acta
2920 3472 3266 3543 irrepserunt.
3300 3473 3412 3529 Nic.
3444 3475 3733 3545 Antonius,

2145 3575 2265 3614 cum
2296 3560 2571 3630 exemplar
2589 3560 2725 3615 Vita:
2754 3562 2809 3615 S.
2845 3561 3033 3618 lsitlori
3061 3563 3125 3618 ad
3163 3564 3542 3624 Bollandianos
3572 3569 3741 3638 misit,

2145 3653 2353 3708 censuit
2406 3660 2679 3709 auctorem
2710 3653 2845 3709 Vitae
2876 3671 2981 3711 non
3013 3672 3131 3712 esse
3182 3656 3379 3713 Lucam
3408 3658 3736 3729 Tuiensem,

2146 3748 2440 3814 multisque
2486 3747 2791 3802 rationibus
2819 3748 2871 3803 id
2916 3749 3239 3819 persuadere
3283 3762 3510 3809 conatus
3541 3763 3645 3821 est,
3676 3762 3736 3810 ut

2148 3841 2202 3895 in
2243 3840 2445 3910 praevio
2476 3838 2945 3895 Bollandianorum
2988 3844 3378 3900 commentario
3408 3846 3621 3914 legitur.
3672 3847 3739 3904 Hi

2156 3948 2263 3987 non
2313 3931 2462 3985 inviti
2513 3931 2751 3999 opinioni
2801 3931 2915 3988 Nic.
2965 3933 3181 3990 Antonii
3228 3937 3606 4003 adhaeserunt;
3644 3940 3735 3995 sed

2153 4040 2275 4080 cum
2306 4024 2548 4078 rationes
2579 4022 2695 4077 Nic.
2728 4025 2945 4079 Antonii
2976 4026 3026 4079 in
3063 4042 3129 4080 en
3161 4029 3392 4083 maxime
3420 4030 3734 4099 niterentur,

2155 4116 2298 4188 quod
2329 4115 2498 4186 stylus
2525 4114 2782 4169 Chronici
2816 4115 2973 4170 Luca:
2996 4115 3257 4171 Tudensis
3297 4127 3351 4172 et
3382 4120 3509 4174 Vita:
3541 4121 3731 4177 lsitlori

2149 4209 2387 4263 diversus
2408 4215 2569 4270 esset,
2598 4222 2661 4261 ac
2689 4207 2853 4260 multa
2880 4208 3023 4261 inter
3047 4222 3103 4261 se
3126 4211 3391 4263 contraria
3422 4210 3471 4261 in
3500 4218 3733 4279 utroque

2149 4300 2255 4355 hoc
2266 4316 2428 4369 opere
2442 4311 3011 4363 commemorarentur,
3036 4299 3388 4354 observarunt
3406 4300 3738 4356 Bollandiani

2150 4406 2307 4462 posse
2333 4390 2584 4459 aliquem,
2609 4392 2699 4459 qui
2722 4389 2969 4444 eumdem
2996 4398 3269 4445 auctorem
3294 4392 3572 4458 utriusque
3602 4408 3737 4462 ope-

2151 4481 2226 4537 ris
2277 4488 2573 4546 assereret,
2622 4495 2901 4550 opponere
2964 4479 3139 4534 Vitam
3184 4480 3238 4534 S.
3288 4479 3474 4536 lsidori
3519 4496 3547 4533 a
3600 4479 3742 4535 Luca

2079 4562 2133 4635 Ι)
2161 4575 2334 4629 adhuc
2357 4574 2587 4629 diacono
2610 4574 2663 4628 in
2693 4574 2943 4630 cmnobio
2974 4572 3290 4642 Legionensi
3317 4572 3373 4628 S.
3407 4570 3590 4628 lsidori
3615 4590 3744 4629 con-

2164 4670 2418 4739 scriptam
2459 4668 2639 4733 luisse,
2678 4667 2983 4724 Chronico"
3014 4668 3119 4746 7³1
3150 4682 3300 4730 vero,
3349 4676 3403 4721 et
3430 4666 3529 4720 alia
3578 4680 3744 4736 Opera

2165 4763 2232 4817 ab
2258 4762 2446 4817 eodem
2475 4760 2582 4830 jam
2624 4762 2838 4818 seniore
2888 4762 3141 4833 episcOpo
3198 4759 3471 4827 Tudensi,
3523 4774 3586 4815 ac
3630 4774 3743 4813 ma-

2168 4858 2355 4914 turiori
2400 4857 2625 4928 judicio.

2239 4971 2293 5027 ὅ.
2324 4968 2449 5024 llaec
2465 4970 2578 5025 Nic.
2606 4969 2978 5024 Antoniuslib.
3012 4983 3099 5022 vni
3128 4964 3383 5021 Biblioth.
3415 4972 3523 5021 vet.
3566 4964 3740 5036 Hisp.,

2160 5082 2213 5120 n.
2242 5062 2310 5116 68
2330 5105 2345 5131 ,
2375 5077 2494 5116 cum
2527 5060 2893 5131 expendisset,
2929 5059 3190 5129 ju-licium
3220 5054 3619 5129 quodammodo
3648 5071 3741 5111 co-

2158 5157 2334 5211 hibuit
2359 5173 2371 5208 :
2398 5152 2552 5209 Nunc
2572 5157 2716 5220 sisto,
2742 5155 2929 5223 inquit,
2960 5164 3008 5207 et
3034 5153 3450 5208 doctissimorum
3472 5150 3737 5204 hominum

2159 5248 2463 5300 sententiam
2501 5262 2604 5300 non
2634 5246 2863 5315 improbo
2895 5262 2912 5297 :
2943 5246 3170 5315 potuisse
3209 5243 3344 5296 hanc
3389 5241 3739 5311 di/Terentiam

2162 5340 2328 5394 wtatis
2355 5341 2672 5404 maturioris,
2704 5347 2795 5390 aut
2824 5338 3159 5406 provectioris
3191 5337 3440 5391 varietate
3465 5338 3702 5389 excusari
3724 5353 3743 5400 ;

2163 5448 2268 5485 non
2290 5430 2417 5486 adeo
2445 5446 2638 5497 tamen,
2668 5441 2721 5484 ut
2750 5433 3015 5501 episcopus
3034 5432 3147 5504 jam
3176 5428 3429 5484 Tudensis
3455 5429 3745 5483 Chronicon

2165 5524 2355 5591 Lucus,
2407 5529 2543 5595 quod
2595 5527 2763 5590 aiunt,
2805 5526 3089 5593 scripserit,
3140 5525 3225 5596 qui
3268 5524 3545 5578 diaconum
3582 5538 3639 5577 se
3678 5520 3745 5576 ad

2168 5616 2537 5687 Berengariam
2563 5616 2617 5669 id
2642 5617 2845 5669 mittens
2877 5615 3207 5686 nuncupavit.
3243 5614 3402 5669 Addit
3428 5613 3544 5669 Nic.
3577 5614 3745 5669 Anto-

2169 5709 2288 5762 nius
2314 5751 2327 5775 ,
2358 5707 2447 5761 vix
2476 5707 2577 5761 sibi
2607 5707 2824 5761 dubium
2856 5721 2973 5761 esse
2996 5747 3010 5771 ,
3044 5705 3169 5775 quin
3199 5720 3335 5759 unus
3366 5705 3615 5774 idemque
3644 5720 3739 5758 au-

2167 5808 2284 5855 ctor
2327 5800 2397 5856 sit
2442 5796 2576 5853 Vita:
2618 5796 2675 5853 S.
2724 5793 2911 5854 lsidori
2969 5804 3026 5852 et
3078 5794 3328 5861 Historia
3383 5796 3745 5852 translationis
