4048 6364
202 348 278 403 89
1282 350 1694 408 ISIDURIANA.
1734 376 1808 393 -—
1840 340 2016 407 PARS
2056 351 2094 409 l.
2136 352 2287 409 CAP.
2328 346 2467 411 Xlll.
3423 360 3488 418 70

201 468 267 527 S.
298 436 500 525 Isidori
531 468 789 542 episcopi,
820 489 939 545 quae
965 469 1016 527 in
1057 470 1241 529 codice
1277 487 1376 528 suo
1407 470 1674 526 Toletano
1702 482 1802 522 an-
1832 466 1884 537 Δ
1909 466 2197 536 polationis
2241 477 2519 526 auctorem
2561 484 2701 528 esse.
2730 469 3055 531 lldelonsum
3096 472 3284 531 lsidori
3313 475 3490 532 Chro-

137 623 147 633 ,
201 576 348 616 nexa
381 572 469 618 est
500 563 632 619 Vita:
662 583 674 617 :
709 565 844 620 adeo
892 575 951 620 ut
978 566 1176 622 nullius
1204 566 1397 619 horum
1429 579 1676 634 operum,
1710 566 1803 617 aut

138 640 141 643 ’
199 655 501 724 utriusque
529 655 642 711 laus
672 655 907 712 Tudensi
936 657 1005 713 sit
1041 658 1427 727 consignanda.
1462 657 1537 711 De
1581 658 1803 712 historia

199 746 588 803 translationis
632 764 752 819 cap.
797 750 829 804 8
880 749 1133 816 diximus,
1165 766 1285 821 quae
1322 759 1471 807 certe
1512 749 1654 805 Luca
1698 752 1805 807 Tu-

198 841 361 897 densi
410 844 685 912 antiquior
725 852 838 911 est,
870 847 1021 901 etab
1052 857 1272 903 auctore
1316 847 1656 903 translationi
1685 845 1802 903 fere

199 936 405 1006 aequali
438 939 766 1009 conscripta,
799 940 1041 1007 quamvis
1070 950 1279 1011 postea,
1317 950 1374 997 ut
1406 941 1711 1012 hujusmodi
1746 942 1797 996 in

198 1032 583 1085 monumentis
612 1031 860 1113 accidere
885 1033 1043 1097 solet,
1076 1034 1400 1105 interpolata
1434 1034 1615 1100 fuerit,
1640 1043 1698 1090 ut
1720 1045 1804 1093 est

198 1122 252 1176 in
276 1138 346 1177 eo
376 1121 485 1177 Ms.
522 1122 804 1191 Toletano,
830 1141 897 1186 ex
926 1125 1307 1182 traditionibus
1335 1127 1543 1183 scilicet
1563 1130 1800 1199 scriptis,

194 1223 288 1270 aut
319 1214 695 1284 documentis,
724 1232 843 1287 qua:
873 1218 1055 1273 multis
1085 1220 1387 1273 communia
1420 1228 1594 1285 erant,
1637 1221 1805 1275 adeo-

194 1322 301 1378 que
344 1324 376 1362 a
426 1307 661 1363 diversis
687 1310 1040 1379 scriptoribus
1086 1310 1141 1367 in
1190 1313 1300 1368 suis
1345 1312 1598 1383 operibus
1627 1321 1803 1369 trans-

192 1397 353 1467 cribi,
389 1407 496 1452 aut
542 1401 825 1471 compilari
872 1410 1144 1472 poterant.
1186 1402 1359 1459 Lucas
1405 1405 1460 1460 in
1486 1404 1756 1461 Chronico
1783 1449 1798 1474 ,

194 1492 343 1562 quod
386 1499 549 1546 certo
592 1493 660 1546 ab
692 1493 809 1563 ipso
856 1492 1116 1563 scriptum
1149 1503 1395 1563 constat,
1434 1496 1801 1557 translationis

193 1599 421 1655 quoque
450 1584 725 1648 meminit,
757 1594 811 1639 et
839 1585 1109 1641 diversum
1142 1587 1395 1657 quiddam
1427 1599 1611 1644 narrat
1636 1610 1648 1645 :
1677 1607 1798 1647 cum

197 1676 341 1732 enim
378 1677 525 1731 Arta
548 1676 802 1744 referant,
830 1677 886 1732 S.
910 1678 1172 1733 lsidormn
1201 1680 1319 1736 solo
1340 1681 1521 1736 Albito
1547 1683 1802 1755 episcopo

198 1769 527 1838 apparuisse
546 1809 562 1836 ,
593 1769 787 1824 deinde
816 1770 1053 1826 Albitum
1082 1769 1319 1827 Ordonio
1350 1772 1607 1843 episc0po
1643 1788 1800 1829 reve-

1909 561 2052 625 nico,
2077 562 2190 618 sive
2218 563 2466 620 Historia:
2488 564 2789 622 Gothorum
2811 568 3243 639 supplementum
3270 568 3490 640 aliquod

1907 652 2168 722 adjeeisse
2197 671 2316 726 cap.
2365 673 2546 728 super.
2580 660 2748 715 innui.
2782 660 2839 715 In
2889 662 3274 717 vetustissimis
3322 675 3494 715 mem-

1906 744 2109 811 branis,
2141 749 2337 817 quibus
2368 749 2717 823 Etymologize
2739 753 2929 810 lsidori
2956 755 3325 821 continentur,
3349 769 3495 826 saepe

1906 839 2082 907 reperi
2116 839 2422 897 Chronicon
2472 844 2688 902 brevius
2733 845 2919 902 lsidori
2971 848 3039 902 ab
3084 846 3238 903 initio
3285 845 3491 913 mundi,

1906 933 2287 1001 supputatione
2329 938 2589 1006 temporis
2618 938 2827 1011 adjecta
2857 954 3028 1010 usque
3058 939 3126 994 ad
3164 938 3495 995 Reccesuin-

1908 1026 2057 1080 thum
2090 1042 2269 1097 regem
2305 1046 2318 1082 :
2350 1044 2458 1098 quo
2488 1039 2733 1102 tempore
2758 1032 3057 1088 lldefonsus
3084 1031 3285 1099 ﬂoruit,
3312 1046 3494 1102 quem,

1908 1128 1967 1175 ut
1996 1120 2189 1175 librum
2222 1120 2407 1177 lsidori
2452 1125 2519 1179 de
2548 1124 2659 1179 Vir.
2693 1125 2892 1180 lllnstr.
2924 1127 3279 1192 continuavit,
3328 1124 3399 1178 ita
3440 1128 3498 1176 et

1908 1213 2213 1269 Chronicon
2244 1215 2349 1271 hoc
2379 1215 2592 1282 Isidori,
2618 1219 2955 1289 etprtccipue
2979 1219 3269 1273 Historiam
3290 1215 3500 1271 Gotho-

1906 1319 2028 1359 rum
2079 1306 2427 1360 continuasse
2472 1306 2630 1361 facile
2660 1307 2806 1363 credi
2836 1315 3036 1377 potest.
3082 1306 3418 1362 Persuadent
3446 1303 3499 1358 id

1910 1399 2132 1453 omnino
2165 1400 2327 1454 verba
2362 1399 2614 1454 Roderici
2644 1399 2893 1456 Toletani
2922 1415 2990 1455 ex
3019 1399 3254 1455 editione
3297 1397 3501 1452 recenti

1910 1490 2130 1544 Patrum
2185 1488 2570 1544 Toletanorum
2620 1498 2750 1544 tom.
2804 1490 2910 1554 ΙΙΙ,
2970 1492 3021 1545 in
3075 1490 3325 1561 prolog.,
3387 1488 3502 1544 sive

1908 1582 2065 1650 epist.
2094 1597 2331 1649 nuncup.
2367 1581 2433 1635 ad
2464 1581 2629 1636 libros
2656 1580 2724 1636 de
2749 1580 2885 1636 ιω).
2918 1580 3069 1650 Hisp.
3096 1581 3346 1651 Tempore
3365 1581 3502 1635 enim

1907 1677 2213 1729 vastationis
2243 1674 2473 1728 Arabum
2514 1677 2713 1741 scripta
2763 1683 2814 1728 et
2850 1675 2969 1730 libri
2999 1691 3111 1728 cum
3139 1684 3383 1745 pereunte
3410 1692 3504 1744 pa-

1910 1766 2009 1819 tria
2049 1768 2336 1836 perierunt,
2378 1766 2476 1819 nisi
2514 1764 2650 1837 quod
2690 1781 2859 1835 pauca
2905 1765 3230 1835 diligentiam
3271 1767 3505 1821 custodia

196 1859 465 1916 lationem
499 1858 841 1931 designasse,
874 1864 1051 1918 Lucas
1079 1873 1269 1919 contra
1300 1865 1375 1919 ait
1405 1882 1417 1917 :
1454 1863 1599 1918 Tunc
1629 1882 1804 1937 appa-
1834 1848 1882 1910 Β
1907 1874 2131 1913 evasere.
2166 1858 2350 1932 Itaque
2392 1876 2453 1913 ea
2481 1875 2595 1932 qua:
2626 1875 2689 1911 ea:
2720 1857 2869 1912 libris
2900 1857 3166 1912 beatorum
3200 1856 3414 1923 Isidori,
3452 1868 3505 1913 st

196 1952 298 2003 ruit
349 1950 610 2006 anibobus
660 1954 914 2024 episcopis
961 1954 1231 2009 orantibus
1286 1954 1480 2011 Christi
1537 1958 1803 2029 confessor

198 2038 469 2108 Isidorus,
505 2052 552 2097 et
583 2044 806 2098 ostendit
832 2045 906 2099 eis
933 2047 1016 2099 sui
1043 2047 1276 2119 corporis
1305 2047 1496 2104 locum.

269 2134 325 2189 4.
360 2136 442 2191 De
475 2143 698 2192 auctore
728 2153 857 2193 vero
878 2136 1012 2193 Vita:
1042 2140 1213 2195 simile
1252 2139 1514 2210 judicium
1547 2141 1763 2211 profero
1787 2183 1802 2211 ,

200 2225 369 2281 alium
398 2243 528 2282 eum
560 2227 721 2283 fuisse
751 2244 780 2283 a
811 2227 955 2285 Luca
990 2229 1244 2296 Tudensi,
1278 2248 1342 2288 ac
1373 2250 1595 2303 prorsus
1621 2233 1804 2290 diver-

200 2333 322 2372 sum
357 2318 428 2373 ab
472 2327 694 2375 auctore
736 2320 1159 2378 continuationis
1199 2322 1455 2379 Chronici
1502 2322 1801 2393 lsitloriani,

198 2411 428 2466 nomine
469 2410 718 2466 lldefoasi
749 2427 781 2466 a
815 2412 955 2468 Luca
1008 2411 1243 2469 Tudensi
1275 2431 1396 2470 cum
1429 2415 1548 2472 aliis
1579 2417 1804 2472 chroni-

197 2502 277 2558 cis
299 2503 574 2559 collectrc.
600 2502 958 2559 Consentiunt
998 2505 1034 2560 ii
1062 2506 1154 2577 qui
1183 2522 1312 2562 mss.
1346 2507 1573 2564 Codices
1599 2510 1653 2565 in
1682 2511 1806 2581 qui-

196 2592 301 2652 bus
354 2594 483 2650 Vita
524 2595 712 2652 lsidori
758 2599 1090 2665 continetur,
1145 2599 1517 2670 inspexerunt,
1570 2603 1804 2659 auctoris

194 2704 404 2745 nomen
460 2706 572 2745 non
617 2690 867 2761 exprimi.
918 2689 1255 2745 Bollandiani
1305 2692 1645 2747 inscribunt:
1684 2694 1804 2747 l’ita

192 2779 259 2835 S.
306 2780 515 2835 Isidori
538 2823 552 2847 ,
584 2792 793 2836 auctore
830 2784 1079 2838 canonico
1110 2785 1340 2856 regulari
1368 2785 1588 2840 ccenobii
1622 2784 1809 2857 Legio-

192 2872 379 2924 nensis
410 2870 477 2925 S.
514 2870 731 2925 Isidori.
778 2872 966 2930 Nullus
1008 2874 1145 2929 alius
1175 2874 1450 2946 profertur
1479 2886 1669 2933 auctor
1708 2896 1807 2935 eo-

193 2979 321 3019 rum
369 2973 683 3035 temporum
710 3008 724 3032 ,
755 2966 847 3036 qui
883 2966 1054 3022 Vitam
1086 2968 1251 3023 ullam
1282 2969 1337 3025 S.
1372 2969 1564 3026 lsidori
1596 2987 1625 3026 a
1656 2971 1799 3028 Luca

194 3052 445 3109 Tudensi
498 3058 853 3126 compositam
885 3067 1130 3114 testetur.
1162 3062 1298 3131 Quid
1328 3077 1459 3131 ergo
1488 3072 1572 3119 est
1602 3078 1803 3134 causae,

198 3160 298 3200 cur
350 3145 563 3201 Lucam
616 3158 894 3204 auctorem
945 3148 1079 3205 Vita:
1135 3151 1469 3209 credamus?
1532 3153 1796 3225 Ostendi,

200 3252 323 3307 cap.
360 3235 427 3307 4,
470 3239 623 3308 plura
652 3254 770 3295 esse
801 3241 962 3296 verba
994 3251 1050 3297 et
1089 3245 1417 3314 sententias,
1464 3261 1583 3316 qua":
1611 3248 1665 3302 in
1697 3248 1802 3305 hac
1830 3226 1878 3292 ο

206 3331 327 3389 Vita
375 3343 433 3387 et
474 3332 527 3388 in
566 3348 816 3390 sermone
856 3325 1071 3391 Ma'rtini
1110 3335 1483 3407 Legionensis,
1523 3341 1616 3410 qui
1657 3340 1805 3398 Luca

207 3423 441 3483 Tudensi
495 3428 768 3497 antiquior
806 3428 925 3497 fuit,
956 3430 1151 3486 eodem
1184 3441 1447 3489 contextu
1488 3436 1802 3504 exprimun-

208 3528 290 3572 tur
324 3536 337 3574 :
372 3528 429 3575 et
466 3534 588 3589 quae
616 3522 797 3593 potius
841 3520 1106 3579 Martinus
1133 3538 1200 3579 ex
1228 3524 1347 3581 Vita
1374 3568 1390 3595 ,
1418 3541 1581 3595 quant
1616 3537 1805 3587 auctor

209 3607 340 3665 Viue
369 3626 439 3665 ex
471 3610 702 3667 Martino
730 3612 943 3670 videtur
971 3616 1385 3687 deprompsisse.

278 3703 385 3774 73
435 3702 491 3757 5.
544 3701 677 3759 Cum
722 3714 901 3761 autem
932 3708 1174 3777 quaedam
1212 3709 1425 3767 diversa
1456 3720 1745 3768 narrentur
1771 3728 1803 3769 a

210 3791 349 3850 Luca
362 3794 604 3852 Tudensi
629 3798 681 3852 in
707 3799 1021 3869 praefatione
1042 3802 1108 3855 ad
1131 3802 1371 3872 syllogen
1387 3803 1799 3871 Chronicorum,

210 3894 264 3941 et
288 3888 353 3942 ab
382 3896 615 3945 auctore
643 3888 779 3945 Vita:
816 3889 1031 3957 lsidori,
1080 3892 1225 3947 hunc
1253 3894 1320 3947 ab
1352 3893 1444 3947 illo
1474 3894 1804 3964 distinguere

211 3990 439 4052 oportet.
482 3982 675 4054 Neque
714 4000 1035 4057 permovere
1076 4002 1179 4042 nos
1210 3986 1370 4045 debet
1411 3987 1801 4051 Bollandiano-

212 4086 324 4128 rum
371 4078 552 4143 ratio,
582 4077 724 4148 quod
758 4079 933 4148 potuit
976 4078 1147 4135 Lucas
1193 4081 1520 4138 sententiam
1567 4090 1798 4139 mutare.

212 4164 337 4223 Nam
381 4172 496 4228 sive
548 4180 675 4225 ante
718 4171 1022 4228 Chronicon
1064 4171 1265 4230 Lucam
1297 4174 1475 4231 Vitam
1521 4174 1577 4229 S.
1612 4174 1801 4232 lsidori

212 4256 485 4331 scripsisse
522 4262 803 4332 tingamus,
829 4266 941 4321 sive
964 4275 1084 4337 post
1110 4266 1441 4335 Chronicon,
1470 4267 1537 4323 de
1565 4282 1672 4338 quo
1702 4269 1803 4323 mi-

216 4348 352 4407 nime
372 4354 471 4408 sibi
498 4364 753 4412 constant
781 4357 872 4426 qui
899 4357 1437 4426 Chronicon,Vitam,
1467 4368 1521 4415 et
1548 4357 1802 4416 Transla-

218 4438 406 4499 tionem
437 4446 495 4503 S.
540 4446 728 4504 lsidori
754 4449 928 4505 eidem
955 4448 1112 4506 Lucae
1145 4450 1424 4520 tribuunt,
1469 4454 1513 4508 si
1562 4453 1629 4508 de
1680 4452 1802 4510 facti

222 4532 434 4605 alicujus
491 4540 726 4595 veritate
774 4542 1072 4613 dubitavit,
1130 4550 1225 4598 aut
1274 4544 1585 4615 opinionem
1638 4548 1800 4603 aliam

1910 1948 2192 2018 Ildet'onsi,
2238 1960 2287 2003 et
2336 1949 2536 2004 Isidori
2587 1950 2826 2004 Junioris
2856 1988 2870 2013 ,
2923 1958 2972 2002 et
3025 1946 3195 2001 Idacii
3243 1947 3505 2003 Galltecic

1909 2045 2156 2116 episcopi,
2206 2053 2255 2097 et
2306 2045 2529 2114 Sulpicii
2576 2043 2878 2116 Aquitanici
2901 2082 2914 2108 ,
2949 2050 2999 2096 et
3028 2040 3265 2097 conciliis
3291 2039 3505 2095 Toleta-

1909 2138 2106 2192 nis.....
2133 2146 2182 2191 et
2208 2138 2325 2190 aliis
2348 2138 2638 2206 scripturis,
2666 2153 2796 2207 quas
2819 2136 2881 2189 de
2902 2134 3239 2199 membranis,
3269 2143 3318 2187 et
3340 2133 3509 2204 picta-

1908 2232 2000 2285 ciis
2027 2231 2283 2286 laboriose
2310 2233 2643 2302 investigatas
2668 2230 2976 2285 laboriosius
3003 2230 3291 2300 compilari,
3311 2245 3345 2281 a
3374 2237 3504 2282 tem-

1912 2340 2036 2394 pore
2062 2322 2255 2394 Japhet
2298 2321 2417 2377 Noe
2460 2324 2558 2393 filii
2588 2340 2747 2395 usque
2776 2323 2845 2376 ad
2874 2331 3070 2394 tempus
3099 2331 3342 2389 vestrum,
3383 2321 3435 2392 gl
3455 2341 3499 2371 :-

1907 2416 2189 2469 riosissime
2214 2430 2307 2469 rex
2339 2412 2634 2479 Fernande,
2668 2413 2737 2466 ad
2768 2414 3038 2468 historiam
3076 2414 3345 2484 Hispania:
3366 2428 3495 2467 con-

1912 2506 2206 2571 texendam,
2253 2523 2404 2578 quam
2456 2505 2694 2573 sollicite,
2751 2505 3074 2577 postulastis,
3128 2514 3279 2577 prout
3334 2503 3500 2576 potui,

1909 2601 2130 2670 ﬁdeliter
2162 2597 2414 2653 laboravi.

1980 2694 2089 2763 79
2133 2691 2186 2745 7.
2234 2690 2391 2757 Quod
2434 2688 2703 2761 Sulpicius
2750 2689 3109 2761 Aquitanicus
3158 2704 3188 2744 a
3234 2687 3503 2746 Roderico

1909 2785 2221 2839 nominatur
2244 2823 2261 2851 ,
2304 2782 2357 2837 id
2383 2783 2703 2838 crediderim
2734 2783 3109 2853 accipiendum
3140 2781 3207 2836 de
3232 2780 3503 2838 Chronico

1912 2879 2060 2950 quod
2086 2894 2117 2932 e
2145 2878 2473 2933 membranis
2494 2876 2797 2948 Hispanicis
2820 2879 3022 2947 primus
3044 2877 3208 2931 edidit
3235 2877 3509 2933 Floresius

1910 2980 2046 3027 tom.
2076 2970 2143 3028 IV
2174 2971 2326 3042 Hisp.
2358 2987 2496 3027 sacr.
2546 2972 2651 3028 hoc
2704 2970 2860 3026 titulo
2894 2989 2907 3026 :
2940 2970 3180 3043 Epitome
3220 2972 3502 3026 Chronico-

1910 3084 2024 3121 rum
2051 3067 2227 3122 Severi
2258 3065 2501 3136 Sulpicii.
2539 3065 2747 3121 Desinit
2772 3080 2880 3121 tera
2904 3064 3033 3130 77!,
3065 3065 3179 3120 sive
3204 3080 3348 3120 anno
3380 3061 3505 3120 755.

1910 3159 2131 3215 Dubitat
2188 3157 2487 3226 Florezius,
2536 3172 2605 3213 an
2643 3156 2951 3228 hujusmodl
2993 3155 3286 3213 chronicon
3326 3156 3508 3226 aliqua

1909 3267 1975 3308 ex
2005 3257 2159 3322 parte
2189 3250 2390 3306 Severo
2422 3247 2661 3319 Sulpicio
2692 3249 2852 3305 tribui
2881 3249 3071 3319 possit.
3105 3248 3358 3304 Libenter
3379 3262 3503 3304 cre-

1908 3342 2157 3408 diderim,
2196 3342 2456 3397 Severum
2480 3340 2754 3397 Chronica
2796 3340 2977 3412 aliqua
3018 3340 3304 3411 scripsisse
3327 3382 3343 3409 ,
3382 3353 3503 3410 qua

1908 3438 2046 3494 alius
2071 3444 2285 3508 postea,
2316 3444 2372 3490 ut
2399 3434 2453 3490 in
2485 3434 2591 3491 hoc
2619 3449 2846 3506 operum
2867 3446 3065 3504 genere
3096 3435 3237 3489 solet
3262 3434 3500 3501 evenire,

1907 3532 1961 3587 in
1991 3530 2268 3603 epitomen
2305 3528 2611 3599 redegerit,
2657 3528 3106 3599 interpolaverit,
3152 3529 3503 3584 continuave-

1905 3627 1994 3682 rit.
2031 3625 2110 3681 Ad
2139 3626 2247 3682 hoc
2278 3625 2441 3680 etiam
2464 3623 2797 3693 Chronicon,
2827 3621 2940 3680 sive
2960 3625 3027 3679 ad
3058 3621 3309 3680 Roderici
3334 3623 3501 3680 verba

1907 3719 2212 3790 respexisse
2257 3725 2387 3789 puto
2435 3714 2702 3772 Joannem
2734 3713 3138 3773 Gerundensem
3170 3717 3224 3771 in
3274 3715 3502 3787 prologo

1908 3810 2386 3882 Anaccphalaeosis
2433 3807 2723 3879 HiSpanite,
2772 3808 2863 3880 qui
2912 3807 3503 3865 lsidorianzellistoriaa

1908 3904 2209 3961 Gothorum
2240 3902 2417 3970 aliqua
2447 3899 2772 3955 lldefonsum
2802 3908 2856 3953 et
2882 3898 3179 3969 Sulpicium
3222 3900 3494 3956 addidisse

1911 3996 2090 4052 tradit.
2119 3994 2303 4062 Neque
2330 3992 2473 4046 enim
2503 3998 2607 4055 est,
2634 4005 2731 4046 cur
2755 4004 2877 4043 cum
2904 3989 3021 4043 Nic.
3055 3989 3291 4045 Antonio
3320 3990 3414 4045 lib.
3446 4004 3501 4056 v,

1907 4086 2123 4143 Bibliot.
2154 4084 2276 4140 Vet.
2308 4098 2427 4154 cap.
2455 4082 2508 4148 6,
2537 4096 2684 4135 num.
2720 4078 2845 4143 527,
2877 4076 3282 4136 Gerundensem
3314 4095 3500 4136 emen-

1909 4182 2118 4245 demus,
2178 4186 2231 4232 et
2286 4190 2386 4247 pro
2440 4172 2681 4244 Sulpicio
2731 4169 3007 4226 lulianum
3056 4169 3171 4225 sive
3234 4168 3498 4226 lsidorum

1908 4268 2202 4325 Pacensem
2239 4267 2496 4337 legamus.

1979 4363 2034 4417 8.
2070 4360 2369 4416 Mirandum
2419 4366 2602 4413 tamen
2634 4356 2826 4427 magis,
2860 4354 3004 4426 quod
3052 4352 3166 4410 Nic.
3212 4353 3499 4424 Antonius,

1908 4457 2004 4523 ib.,
2076 4471 2226 4509 num.
2280 4450 2424 4519 3'25,
2474 4457 2684 4505 asserat
2734 4444 3195 4503 continuationem
3243 4445 3500 4501 Chronici

1910 4546 2190 4604 Isidoriani
2219 4545 2334 4601 sola
2365 4543 2692 4599 auctoritate
2722 4540 2989 4596 Tudensis
3036 4537 3305 4595 lldefonso
3335 4537 3500 4594 tribui

219 4633 518 4701 assumpsit,
550 4632 737 4688 debuit
767 4633 871 4689 hoc
896 4634 1072 4704 ipsum
1103 4635 1400 4703 advertere,
1430 4652 1553 4692 cum
1584 4636 1650 4691 ad
1674 4654 1796 4694 sen-
1830 4634 1884 4697 D
1910 4656 2086 4713 posse,
2118 4648 2173 4693 et
2200 4637 2364 4702 illico,
2396 4650 2540 4690 num.
2586 4633 2710 4699 527,
2746 4632 2798 4686 in
2829 4630 3076 4687 eamdem
3116 4644 3231 4684 rem
3264 4628 3499 4685 auctori-

224 4725 432 4779 tentiam
478 4726 882 4782 retractandam
912 4728 1203 4784 deventum
1247 4730 1365 4783 fuit.
1398 4728 1455 4784 ln
1483 4731 1799 4801 praefatione

223 4813 281 4865 ad
305 4814 567 4876 Chronica
599 4830 825 4875 matrem
856 4821 914 4877 S.
956 4821 1144 4878 lsidori
1179 4821 1519 4880 Theodoram
1552 4826 1799 4897 appella-

225 4902 293 4957 vit
317 4924 329 4958 :
361 4908 472 4966 hzcc
500 4912 691 4967 eadem
720 4912 773 4966 in
795 4912 918 4968 Vita
950 4913 1144 4969 dicitur
1168 4915 1420 4970 Turtura.
1450 4914 1560 4972 Cur
1581 4918 1625 4974 si
1656 4918 1794 4974 idem

225 5006 298 5050 est
327 5003 599 5075 utriusque
643 5006 823 5075 operis
852 5014 1038 5061 auctor
1062 5049 1076 5075 ,
1120 5006 1336 5063 diverso
1366 5024 1486 5064 eam
1518 5022 1797 5081 nuncupat

226 5095 451 5160 nomine,
473 5106 568 5153 aut
594 5113 703 5154 non
733 5097 933 5154 indicat
958 5099 1222 5156 rationem
1253 5116 1352 5157 cur
1373 5102 1535 5157 aliam
1563 5103 1797 5159 tenuerit

226 5190 534 5245 sententiam
554 5191 578 5243 ?
1564 5172 1571 5179 ’

292 5276 341 5332 6.
368 5278 552 5341 Exstat
581 5285 795 5356 quidem
827 5285 1005 5341 fabula
1034 5286 1102 5342 de
1133 5285 1427 5343 Mahometi
1454 5287 1507 5343 in
1538 5286 1797 5359 Hispania

231 5369 594 5433 praedicatione
624 5386 731 5433 tam
756 5379 810 5433 in
842 5378 959 5435 Vita
989 5379 1199 5448 lsidori,
1232 5398 1391 5452 quam
1434 5382 1485 5437 in
1514 5386 1800 5442 continua-

233 5459 369 5521 tione
395 5468 642 5529 Chronici
671 5472 997 5545 lsidoriani,
1036 5478 1252 5533 nomine
1294 5476 1545 5537 lidefonsi
1591 5496 1621 5535 a
1653 5479 1795 5536 Luca

233 5550 361 5646 inter
406 5565 535 5622 alias
581 5568 832 5626 historias
862 5568 1055 5625 relata.
1102 5569 1208 5626 Sed
1257 5580 1615 5643 pneterquam
1652 5575 1798 5646 quod

236 5641 378 5738 longe
404 5657 549 5725 plura
578 5659 680 5715 hac
711 5659 780 5715 de
802 5676 862 5717 re
888 5662 943 5718 in
974 5661 1097 5718 Vita
1123 5641 1313 5721 Iside—ri
1343 5641 1651 5733 narrantur,
1670 5641 1800 5738 quae

238 5734 285 5791 in
309 5750 701 5807 continuatione
720 5750 971 5810 Chronici
993 5754 1275 5811 lsidoriani
1296 5773 1403 5812 non
1430 5759 1793 5828 reperiuntur,

235 5835 439 5903 minime
461 5858 674 5909 constat
696 5847 902 5913 Lucam
922 5851 1039 5925 eius
1061 5850 1484 5911 continuationis
1510 5860 1603 5909 aut
1630 5851 1797 5911 inter-

1912 4744 2075 4789 tatem
2106 4728 2356 4786 Roderici
2385 4728 2599 4795 alleget.
2634 4724 2797 4778 Multa
2828 4721 3137 4794 hujusmodi
3165 4738 3353 4794 parum
3392 4721 3497 4779 sibi

1908 4825 2298 4886 consentientia
2346 4820 2398 4876 in
2449 4818 2780 4873 Bibliotheca
2830 4815 3035 4884 Veteri,
3076 4818 3279 4888 quippe
3326 4830 3497 4886 opere

1908 4915 2216 4986 posthnmo,
2250 4918 2304 4966 et
2341 4906 2487 4979 quod
2516 4912 2706 4959 auctor
2727 4902 2794 4957 ad
2834 4902 3016 4957 limam
3064 4918 3172 4957 non
3215 4900 3495 4957 revocavit

1906 5013 2217 5066 occurrunt,
2271 5001 2431 5057 etiam
2485 5006 2603 5069 post
2634 4996 2845 5069 Bayerii
2874 4995 3143 5051 eruditam
3185 4995 3492 5050 rescensio-

1906 5119 2049 5158 nem.
2082 5101 2171 5156 Sic
2203 5097 2382 5169 igitur,
2414 5108 2561 5149 num.
2596 5091 2722 5159 525,
2755 5090 2829 5145 ait
2860 5089 2974 5145 Nic.
3010 5088 3276 5143 Antonius
3312 5105 3325 5142 :
3352 5087 3420 5142 At
3446 5089 3493 5142 si

1904 5212 2078 5252 revera
2103 5192 2357 5264 lldefonsi
2384 5200 2460 5244 est
2485 5186 2845 5259 (continuatio
2862 5183 3253 5242 Chronicorum
3280 5182 3492 5254 Isidori)

1905 5293 2077 5363 aliqua
2130 5305 2193 5344 ea:
2236 5296 2385 5359 parte
2423 5284 2558 5358 quod
2588 5301 2689 5339 non
2730 5282 2836 5338 alia
2862 5299 3016 5355 quam
3059 5279 3218 5335 Lacte
3261 5280 3491 5352 ejusdem

1908 5384 2159 5439 Tudensis
2189 5381 2495 5435 auctoritate
2523 5378 2795 5449 afﬁrmare
2824 5390 3114 5445 possumus,
3158 5380 3296 5426 certe
3340 5371 3494 5441 plura

1906 5484 2026 5533 sunt
2073 5491 2237 5541 nocte,
2286 5482 2334 5527 et
2354 5471 2548 5525 'aliona:
2588 5485 2772 5522 manus
2800 5467 3027 5538 antiquis
3060 5471 3272 5519 consula
3342 5460 3489 5529 Mox,

1904 5587 2054 5625 num.
2082 5567 2207 5635 327,
2263 5565 2520 5621 exscribit
2548 5562 2661 5619 haec
2708 5563 2875 5617 verba
2929 5560 3178 5615 Roderici
3245 5554 3491 5611 Toletani

1903 5665 1995 5721 lib.
2027 5680 2083 5730 tt,
2116 5678 2234 5733 cap.
2275 5658 2365 5722 22.
2410 5656 2476 5714 de
2516 5657 2649 5713 κει).
2696 5654 2848 5727 Hisp.
2884 5672 2896 5709 :
2928 5652 2999 5708 Et
3027 5668 3140 5707 cum
3174 5651 3349 5705 beatus
3382 5646 3492 5703 Isi-

1901 5758 2059 5813 dorus
2106 5754 2395 5827 scripsisset
2441 5749 2725 5807 Gothorum
2766 5749 3017 5821 originem
3048 5761 3205 5818 usque
3243 5744 3311 5798 ad
3339 5744 3493 5814 quin-

1905 5860 2011 5908 tum
2060 5863 2255 5903 annum
2298 5846 2433 5918 regis
2488 5843 2749 5910 Suintilaa,
2807 5843 2867 5898 S.
2932 5838 3233 5911 lldefonsus
3284 5835 3495 5907 scripsit
