4048 6364
547 333 609 390 71
1307 328 1403 386 AD
1440 327 1671 386 OPERA
1710 327 1768 384 S.
1815 322 2063 386 ISIDORI
2103 320 2551 384 HISPALENSIS
2586 317 3119 380 PROLEGOMENA.

3790 343 3887 400 7!

484 502 490 509 ,
545 454 783 516 tempora
804 439 1115 511 Gothorum,
1159 442 1471 515 Alanorum,
1519 444 1899 509 Vandalorum,
1923 454 1972 499 et
2006 444 2140 497 Suec
2169 446 2219 503 Α
2247 442 2424 513 pergit
2453 460 2466 495 :
2492 441 2767 506 exsulavit,
2810 450 2861 494 et
2902 441 3209 513 dignitatem
3256 436 3520 509 primatis
3573 440 3887 497 transtufit

542 554 723 593 eorum
751 555 784 591 a
808 539 988 610 quinto
1017 554 1156 593 anno
1190 539 1440 595 Suintilte
1467 556 1627 611 usque
1656 541 1725 593 ad
1745 548 1978 595 octavum
2006 537 2139 591 deci-

544 647 685 686 mum
718 628 1045 685 Rccesuindi.
1079 630 1351 687 Hactenus
1382 631 1565 687 Codex
1594 649 1690 687 ms.
1722 631 2016 687 Toletanus
2042 648 2055 694 ;
2085 630 2138 684 in

549 723 669 777 aliis
722 722 983 776 mendose
1028 720 1286 776 additur:
1340 722 1408 777 Et
1456 722 1689 778 Isidorus
1729 722 1937 787 Iunior,
1982 722 2067 794 qui
2107 737 2139 773 a

548 813 804 884 principio
859 813 1040 867 mundi
1086 815 1267 881 incipit
1296 815 1557 879 chronica,
1605 832 1768 884 usque
1804 816 1873 867 ad
1904 823 2139 867 octavum

548 907 801 960 decimum
855 906 1162 962 Recesuindi
1214 925 1406 963 annum
1461 909 1685 979 fideliter
1728 918 2047 977 prosecutus,
2092 916 2141 959 et

547 1016 707 1068 usque
753 998 823 1051 ad
870 999 1267 1054 destructionem
1318 999 1595 1071 Hispanico
1646 1018 1737 1069 per
1788 1000 1983 1053 Arabes
2034 1000 2141 1070 ipse

549 1096 775 1163 sei-ipsit.
806 1094 920 1151 Nic.
950 1095 1213 1150 Antonius
1238 1096 1309 1149 ita
1344 1096 1618 1161 emendat,
1648 1104 1704 1150 et
1732 1094 2006 1163 conjungit
2027 1094 2141 1148 lucc

549 1191 714 1245 verba
760 1206 882 1245 cum
931 1190 1347 1260 superioribus:
1402 1208 1435 1244 a
1482 1192 1661 1262 quinto
1710 1206 1850 1243 anno
1899 1187 2142 1242 Suintilaz

551 1299 711 1353 usque
756 1283 826 1335 ad
842 1278 1103 1337 'octavum
1147 1282 1398 1335 decimum
1452 1280 1760 1334 Recesuindi
1807 1295 2021 1333 annum.
2073 1276 2141 1330 Et

555 1373 793 1429 Isidorus
849 1372 1036 1427 Iunior
1082 1382 1385 1440 prosecutus
1431 1388 1591 1433 usque
1636 1372 1704 1425 ad
1744 1371 2142 1425 destructionem

552 1464 827 1537 Hispania:
871 1482 960 1537 per
988 1464 1183 1519 Arabes
1215 1466 1325 1535 ipse
1354 1465 1583 1535 scripsit.
1610 1462 1790 1517 Malim
1816 1474 1994 1518 tamen
2021 1477 2141 1519 cre-

553 1559 682 1615 dere
745 1559 1221 1630 interpolationem
1278 1560 1393 1614 sive
1464 1558 1887 1613 additamentum
1932 1560 2043 1631 80
2093 1557 2144 1613 id

549 1671 668 1711 esse
697 1654 922 1724 alicujus
955 1673 967 1707 :
1005 1670 1115 1709 non
1142 1654 1287 1709 enim
1317 1654 1407 1708 hic
1435 1662 1553 1708 erat
1582 1653 1729 1709 locus
1759 1661 1817 1707 ut
1845 1652 2144 1709 Rodericus

548 1750 618 1805 de
666 1748 872 1805 Isidoro
922 1747 1149 1803 Juniore
1194 1748 1360 1803 verba
1406 1746 1632 1816 faceret,
1680 1746 1976 1817 praesertim
2020 1761 2143 1802 cum

2240 532 2309 586 ad
2338 532 2634 587 Ecclesium
2667 532 2997 588 Toletanam.

2313 626 2399 678 11.
2432 624 2740 679 Tenendum
2768 640 2897 694 ergo
2928 634 3029 692 est,
3070 624 3394 680 lldefonsum
3438 622 3698 680 Historiae
3738 624 3877 683 Go—

2242 716 2455 771 thorum
2488 716 2680 772 Isidori
2709 708 3144 787 supplementum
3172 719 3237 771 ad
3269 734 3365 772 sua
3397 734 3567 789 usque
3601 730 3875 789 tempora

2242 808 2524 877 adjecisse,
2548 810 2691 880 quod
2721 810 2811 864 alii
2856 821 3063 881 postea,
3093 819 3152 865 ut
3183 811 3298 880 ipsa
3326 809 3513 866 Isidori
3551 811 3877 877 Chronica,

2243 918 2311 957 ex
2339 901 2457 955 aliis
2484 902 2847 956 monumentis
2893 901 3107 958 falsisve
3138 903 3278 970 vulgi
3325 904 3636 957 rumoribus
3680 920 3874 958 auxe-

2242 1006 2388 1059 runt,
2442 1003 2498 1048 et
2560 993 2954 1063 iuterpolarunt
3009 1003 3135 1049 ante
3192 993 3443 1049 Roderici
3473 994 3758 1063 Toletani,
3808 1007 3878 1049 ct

2245 1083 2404 1139 Lucae
2435 1083 2698 1139 Tudensis
2726 1096 2992 1155 tempora.
3024 1084 3101 1140 Ac
3150 1083 3377 1140 fortasse
3418 1082 3669 1153 Pelagius
3717 1084 3878 1139 Ove-

2246 1177 2430 1242 tensis,
2464 1176 2729 1249 fabulosus
2758 1177 2955 1239 dictus,
2994 1176 3304 1230 nonnullam
3339 1177 3389 1229 in
3436 1176 3518 1230 his
3549 1177 3875 1246 interpola-

2247 1269 2483 1323 tionihus
2502 1278 2709 1338 partem
2733 1268 2920 1323 habuit
2946 1286 2958 1321 :
2994 1284 3141 1335 nam,
3172 1277 3231 1321 ut
3257 1268 3435 1323 dicam
3465 1284 3514 1323 ε.
3541 1268 3634 1335 77,
3661 1271 3716 1323 in
3752 1272 3875 1342 syl—

2247 1358 2368 1428 loge
2398 1359 2791 1415 Chronicorum
2838 1359 3037 1426 Pelagii
3067 1358 3347 1417 Ovelensis
3390 1362 3663 1431 reperitur
3687 1364 3873 1417 etiam

2249 1453 2674 1523 Supplementum
2707 1453 2775 1509 ὓ.
2829 1452 3104 1526 Itdefonsi.
3151 1453 3215 1508 Et
3261 1455 3459 1510 smculo
3501 1456 3729 1524 quidem
3762 1473 3869 1522 xu,

2248 1560 2356 1613 quo
2388 1544 2632 1615 Pelagius
2680 1548 2833 1615 vixit,
2874 1564 2936 1601 ea
2968 1547 3187 1602 licentia
3232 1548 3458 1601 invaluit
3506 1558 3757 1603 veterum
3798 1552 3871 1604 li-

2247 1637 2377 1693 bros
2405 1637 2639 1693 Imdandi
2686 1639 3010 1710 apocryphis
3050 1638 3435 1701 additionibus.
3482 1648 3540 1693 ut
3568 1640 3875 1695 conﬁrmat

2249 1725 2490 1782 Mariana
2520 1729 2570 1783 in
2598 1738 2751 1784 tract.
2782 1730 2850 1783 de
2885 1727 3111 1784 Prtedic.
3146 1737 3200 1784 et
3234 1729 3466 1784 Advent.
3495 1730 3552 1784 S.
3585 1730 3783 1786 Jacobi
3813 1733 3873 1786 in

558 1842 796 1899 Isidorus
834 1839 1047 1906 Junior,
1105 1840 1218 1895 sive
1267 1839 1519 1895 Pacensis
1566 1838 1870 1895 Chronicon
1909 1855 2064 1895 suum
2115 1854 2145 1893 a

2261 1818 2586 1891 Hispaniam,
2614 1837 2734 1892 cap.
2766 1821 2835 1874 12
2865 1840 2877 1875 :
2914 1821 3130 1889 Calixti,
3167 1822 3353 1894 inquit,
3382 1822 3571 1876 librum
3599 1826 3875 1877 sincerum

556 1933 895 2002 temporibus
940 1931 1130 1987 Isidori
1173 1930 1503 2002 Hispalensis
1531 1933 1868 1988 inchoaverit
1890 1972 1907 2000 ,
1939 1940 1994 1987 et
2024 1940 2148 2005 post

550 2024 974 2081 destructionem
1006 2022 1278 2094 Hispania:
1304 2038 1402 2094 per
1429 2024 1637 2081 Arabes
1666 2023 1733 2079 ad
1764 2024 1947 2094 plures
1974 2040 2148 2081 annos

552 2118 973 2175 continuaverit.

627 2209 680 2263 9.
712 2208 848 2265 Cum
889 2223 1018 2280 ergo
1063 2209 1363 2266 Rodericus
1394 2208 1709 2275 Toletanus,
1754 2216 1809 2264 et
1837 2208 2009 2265 Lucas
2038 2207 2147 2262 Tu-

553 2300 737 2357 densis
765 2300 959 2356 eodem
998 2300 1195 2355 sarculo
1225 2299 1507 2355 ﬂoruerint
1535 2339 1550 2363 ,
1584 2300 1827 2369 ineptum
1857 2308 1939 2355 est
1966 2298 2147 2369 suspi-

553 2396 701 2462 cari,
732 2394 1194 2451 continuationem
1226 2394 1477 2450 Clironici
1508 2393 1823 2462 Isidor-iani,
1864 2408 1984 2464 quae
2012 2391 2150 2447 llde-

555 2485 697 2544 fonsi
741 2503 939 2543 nomen
969 2484 1205 2558 praefert,
1237 2501 1267 2540 a
1311 2485 1455 2541 Luca
1486 2486 1770 2542 condctam
1816 2485 2001 2541 fuisse.
2035 2484 2148 2538 Imo

556 2578 673 2635 Nic.
703 2579 987 2645 Antonius,
1024 2579 1117 2634 lib.
1152 2596 1200 2645 ν,
1233 2595 1286 2633 n.
1322 2578 1447 2645 “215,
1476 2578 1911 2649 conjicitLucam
1926 2576 2148 2633 Tuden—

554 2688 668 2728 sem
699 2688 765 2727 ex
798 2671 1065 2727 Roderico
1094 2670 1359 2727 Toletano
1396 2671 1765 2742 desumpsisse
1794 2686 1913 2742 qua:
1939 2669 2006 2726 de
2035 2670 2149 2741 pri-

558 2771 706 2817 matu
735 2778 803 2818 ex
830 2762 1134 2834 Hispalensi
1164 2762 1291 2819 sede
1323 2762 1390 2817 ad
1411 2762 1729 2818 Toletanam
1752 2763 1821 2818 ob
1843 2762 2150 2819 Theodiscli

556 2853 795 2926 episcopi
837 2853 1171 2925 Hispalensis
1208 2853 1538 2924 apostasiam
1574 2854 1839 2911 translato
1884 2855 1939 2909 in
1969 2854 2150 2910 conti-

559 2946 815 3002 nuatione
844 2946 1097 3003 Cbronici
1128 2945 1410 3003 Isidoriani
1440 2946 1765 3003 referuntur.
1804 2946 1954 3004 Unde
1980 2946 2151 3002 Lucas

558 3039 836 3108 Tudensis,
885 3041 1077 3112 inquit,
1117 3058 1211 3112 per
1249 3058 1331 3096 me
1384 3041 1837 3111 desumpserit.....
1897 3041 2152 3111 Suspecta

557 3138 695 3191 enim
736 3136 1113 3207 quodammodo
1158 3135 1266 3189 haec
1294 3135 1423 3188 mihi
1456 3145 1576 3189 sunt
1606 3152 1632 3188 e
1678 3134 1919 3189 Roderici
1949 3134 2149 3188 calamo

2254 1928 2503 1984 nusquam
2552 1923 2755 1967 exstare
2803 1922 2996 1967 certum
3052 1912 3231 1978 habeo,
3276 1913 3367 1967 sed
3412 1913 3774 1967 additionibus
3818 1924 3873 1968 et

2250 2003 2551 2058 centonibus
2576 2004 2764 2059 alienis
2794 2004 3006 2075 fwdum,
3041 2005 3295 2075 frequenti
3325 2004 3437 2074 ejus
3468 2006 3651 2059 διεσαιὶ
3691 2023 3867 2070 more,

2250 2110 2349 2165 quo
2378 2104 2601 2149 veterum
2642 2096 2835 2165 scripta
2886 2095 3239 2149 additionibus
3284 2094 3637 2165 locupletandi
3688 2099 3869 2165 specie

2249 2186 2450 2239 miseris
2499 2186 2667 2254 potius
2720 2186 2885 2239 modis
2932 2185 3234 2256 fwdarunt:
3278 2186 3425 2256 cujus
3468 2186 3694 2241 licentia:
3750 2204 3867 2240 non

2250 2293 2409 2330 unum
2431 2278 2719 2345 exemplum
2741 2286 2933 2331 exstat.
2968 2277 3076 2332 Sed
3106 2285 3324 2332 exstant
3352 2278 3516 2331 etiam
3545 2277 3871 2346 bujusmodi

2251 2370 2577 2439 corruptela:
2601 2370 2851 2439 exempla
2886 2369 3043 2439 longe
3074 2379 3200 2423 ante
3230 2370 3484 2423 saeculum
3512 2386 3606 2424 xu.

2328 2460 2413 2515 12.
2445 2460 2522 2516 Ne
2550 2476 2678 2516 vero
2696 2460 2897 2516 Lucam
2924 2460 3228 2515 Tudensem
3255 2468 3530 2515 auctorem
3551 2459 3870 2519 fabularum

2252 2567 2371 2623 qua:
2419 2553 2473 2608 in
2513 2562 2697 2608 vetera
2733 2553 2825 2608 illa
2864 2552 3121 2608 chronica
3167 2552 3503 2624 irrepserunt
3544 2554 3869 2625 credamus,

2253 2654 2493 2715 spectata
2541 2643 2655 2713 ejus
2699 2644 2873 2714 pietas
2919 2642 3151 2709 suadet;
3182 2652 3241 2697 ut
3272 2651 3420 2698 recte
3451 2643 3503 2696 in
3551 2645 3767 2700 monito
3799 2645 3872 2699 ad

2252 2737 2717 2794 continuationem
2742 2738 3135 2793 Chronicorum
3164 2736 3369 2800 Isidori.
3396 2737 3663 2794 Ildel‘ouso
3696 2740 3878 2795 ascri-

2254 2840 2425 2903 ptam,
2458 2832 2821 2887 observatur:
2859 2832 3016 2894 Sunt,
3065 2832 3240 2901 inquit
3288 2832 3632 2887 doctissimus
3657 2833 3871 2899 editor,

2251 2926 2338 2997 qui
2367 2942 2481 2979 cum
2522 2924 2805 2979 Laurentio
2833 2925 2897 2978 de
2927 2924 3138 2978 Padilla
3181 2934 3387 2993 putant,
3422 2934 3581 2979 totum
3629 2927 3687 2979 id
3725 2930 3872 2997 quod

2254 3017 2345 3071 sub
2378 3016 2637 3088 Ildefonsi
2665 3018 2874 3072 nomine
2900 3018 3179 3073 venditavit
3224 3018 3443 3089 (LUCiIS)
3476 3021 3633 3091 fuisse
3659 3019 3733 3071 ab
3778 3021 3874 3074 illo

2254 3108 2550 3178 confictum.
2587 3110 2630 3160 A
2662 3107 2809 3163 nobis
2840 3125 3103 3179 nunquam
3152 3108 3530 3179 impetrabunt,
3560 3117 3615 3160 ut
3659 3108 3729 3161 de
3759 3112 3875 3163 tiro

558 3199 847 3292 oenienlia,
896 3227 981 3297 qui
1029 3232 1332 3296 perpetuam
1381 3225 1515 3279 hanc
1574 3223 1843 3281 Toletanae
1894 3227 2153 3297 primatia’
2187 3246 2232 3309 ρ
2261 3199 2420 3309 ξηίξο
2444 3210 2629 3309 ἐξηπε
2660 3200 3254 3309 ⁶⁰9ξίθηί³⁴⁸ίνλπυ¹ξ⁵¹¹⁸
3281 3199 3502 3256 θδτδίδδ
3527 3200 3879 3309 ξίίλίθτηοξαδ

560 3319 959 3391 prterogativam
986 3320 1061 3373 ita
1090 3319 1282 3373 acriter
1309 3323 1451 3375 omni
1484 3328 1709 3392 tempore
1727 3330 1923 3375 tutatus
1950 3322 2067 3391 fuit,
2097 3328 2153 3375 ut

559 3410 857 3465 brevissimo
905 3412 1082 3479 etiam,
1132 3410 1270 3482 quod
1316 3411 1683 3480 laudavimus,
1738 3415 1908 3485 capite
1932 3414 2009 3467 bis
2039 3430 2154 3467 eam

559 3518 724 3573 neque
762 3505 1053 3558 necessario
1098 3504 1428 3575 expresserit.
1472 3503 1635 3575 Atqui
1680 3504 1851 3561 Lucas
1890 3503 2155 3560 Tudensis

560 3608 706 3650 anno
756 3592 895 3649 1256
951 3611 1107 3651 suum
1165 3594 1473 3652 Chronicon
1524 3596 1790 3662 absolvit,
1855 3596 2156 3653 Rodericus

562 3699 696 3740 vero
734 3694 941 3755 septem
983 3694 1103 3757 post
1134 3702 1307 3743 annos
1344 3704 1357 3741 :
1391 3702 1459 3743 ex
1498 3702 1608 3758 quo
1662 3687 1938 3744 Florezius
1979 3688 2157 3758 arguit

568 3782 703 3832 tom.
755 3773 892 3830 XXII
932 3776 1087 3849 Hisp.
1132 3776 1311 3847 Sacr.,
1362 3795 1417 3850 p.
1456 3778 1575 3846 125,
1609 3779 1933 3836 Rodericum
1975 3782 2157 3851 potius

565 3869 748 3925 verbis
801 3869 1065 3927 Tudensis
1131 3888 1286 3929 usum
1314 3916 1329 3943 ,
1384 3888 1547 3944 quam
1605 3882 1793 3929 contra
1852 3872 2157 3930 Tudensem

566 3957 837 4016 Roderici.
869 3961 974 4017 Sed
1004 3966 1176 4018 multo
1205 3963 1376 4035 magis
1402 3978 1618 4034 aequum
1647 3976 1729 4019 est
1760 3963 2001 4029 credere,
2031 3972 2159 4019 ante

566 4053 848 4126 utriusque
894 4062 1112 4111 nitatem
1151 4056 1614 4112 continuationem
1656 4055 1935 4111 Isidoriani
1980 4056 2154 4111 Chro-

566 4144 674 4199 nici
722 4144 1031 4212 exstitisse,
1092 4161 1253 4215 quam
1304 4145 1605 4202 Rodericus
1655 4146 1708 4200 in
1768 4161 1863 4199 sua
1921 4144 2158 4199 Historia

565 4234 956 4289 conscribenda
1000 4249 1110 4304 prae
1159 4234 1328 4290 oculis
1374 4235 1646 4297 habuerit,
1700 4232 1874 4289 Lucas
1924 4248 2055 4290 vero
2104 4234 2158 4291 in

568 4323 958 4380 Chronicorum
990 4324 1369 4381 collectionem
1401 4324 1699 4380 admiserit.

643 4413 731 4469 10.
768 4412 923 4469 Dicat
957 4413 1180 4482 aliquis,
1233 4412 1558 4469 Rodericum
1605 4414 2012 4471 continuatione
2064 4430 2159 4486 ge-

571 4508 736 4564 nuina
766 4521 923 4562 usum
946 4504 1143 4576 luisse,
1174 4521 1335 4576 quam
1368 4507 1539 4562 Lucas
1566 4507 1929 4577 interpolavit.
1960 4507 2159 4564 Verum

568 4615 747 4671 neque
789 4599 845 4654 id
888 4599 1143 4655 sustineri
1188 4607 1388 4669 potest.
1422 4598 1536 4655 Etsi
1576 4599 1716 4654 enim
1763 4597 2057 4655 Rodericus
2092 4601 2160 4657 de

568 4693 953 4765 praedicatione
982 4691 1276 4749 Mahometi
1309 4692 1360 4748 in
1392 4691 1649 4763 Hispania
1674 4691 1837 4748 verba
1878 4709 1986 4750 non
2013 4693 2157 4763 fecit,

569 4800 769 4858 tamen,
804 4799 860 4844 ut
887 4805 1032 4846 nunc
1059 4788 1327 4853 dicebam,
1356 4789 1513 4842 aliam
1542 4787 1610 4843 de
1649 4785 1975 4845 Theodisclo
2006 4787 2163 4843 fabu-

566 4882 701 4953 lam,
731 4898 852 4953 qua:
881 4884 933 4937 in
962 4898 1023 4938 ea
1045 4880 1451 4937 continuatione
1489 4880 1704 4949 legitur,
1743 4880 2036 4951 adoptavit,
2067 4880 2160 4937 lib.

570 4992 636 5046 ιι,
657 4992 705 5033 c.
738 4976 828 5043 21,
860 4977 926 5033 de
955 4974 1279 5045 Reb.Hisp.,
1304 4974 1393 5029 ubi
1421 4974 1587 5029 multa
1616 4974 1720 5029 alia
1749 4974 1815 5029 ad
1844 4974 2065 5029 verbum
2095 4988 2162 5029 ex

569 5083 636 5124 ea
658 5068 1065 5124 continuatione
1089 5066 1155 5121 de
1177 5079 1303 5135 rege
1329 5065 1690 5121 Ciudasuindo
1713 5065 1955 5137 protulit,
1973 5073 2023 5120 et
2049 5065 2164 5120 haec

572 5159 628 5215 in
657 5174 771 5213 rem
804 5167 1042 5214 nostram
1069 5174 1082 5211 :
1111 5156 1292 5212 Libros
1315 5168 1615 5214 sanctorum
1639 5158 1859 5213 Patrum
1889 5158 2162 5228 diligenter

572 5254 695 5326 fecit
716 5253 963 5325 perquiri,
997 5263 1046 5307 et
1076 5253 1318 5307 instituta
1350 5253 1486 5309 beati
1516 5252 1712 5308 Isidori
1740 5255 1961 5323 firmiter
1985 5252 2160 5308 obser—

571 5346 700 5399 vari.
728 5344 830 5399 Hic
850 5344 1105 5417 perfidum
1128 5343 1459 5401 Theodistum
1483 5346 1849 5416 Hispalensem
1872 5346 2163 5416 episcopum

570 5438 813 5509 synodali
856 5439 1111 5492 sententia
1162 5438 1215 5492 in
1267 5440 1505 5493 exsilium
1558 5436 1720 5501 misit,
1771 5444 1819 5489 et
1859 5436 2160 5507 dignitatem

571 5529 1012 5600 primatia',quam
1028 5528 1092 5583 ab
1112 5532 1319 5602 antiquo
1335 5529 1602 5593 habuerat,
1623 5527 1773 5581 totius
1793 5526 2163 5597 approbatione

574 5623 776 5678 concilii
807 5622 1071 5676 Toletante
1109 5620 1358 5676 Ecclesia:
1384 5618 1730 5690 conﬁrmavit.
1758 5617 1835 5670 Ad
1860 5631 2026 5686 marg.
2061 5634 2162 5673 no-

573 5721 715 5767 tatur
747 5728 816 5767 ex
851 5712 978 5769 Mss.
1017 5712 1251 5782 Compl.,
1286 5720 1340 5765 et
1377 5711 1447 5765 al.
1501 5707 1754 5763 exsulavit
1794 5723 1891 5777 pro
1925 5708 2165 5763 exsulare

573 5808 715 5878 fecit.
730 5806 905 5877 Atque
925 5807 1179 5863 exsulavit
1205 5806 1397 5874 legitur
1418 5805 1470 5858 in
1507 5802 1913 5859 continuatione
1936 5819 1951 5869 ;
1981 5802 2034 5856 in
2056 5817 2163 5872 qua

574 5906 758 5953 tamen
772 5899 966 5954 desunt
991 5901 1099 5970 ει
1127 5899 1379 5956 nonnulla
1406 5897 1572 5954 verba
1596 5895 1846 5954 Roderici
1874 5912 1890 5966 ;
1917 5894 1991 5954 ita
2016 5895 2159 5954 enim

2190 4635 2237 4694 D

2264 3289 2331 3345 de
2360 3290 2615 3347 Academ.
2650 3300 2705 3347 et
2736 3291 2883 3347 doct.
2929 3290 3078 3362 Hisp.
3119 3292 3242 3359 vir.,
3286 3303 3475 3349 censet
3524 3293 3720 3347 Lucam
3762 3293 3881 3350 Tu-

2256 3381 2504 3450 densem,
2536 3390 2591 3436 et
2627 3381 2953 3438 Rodericum
2978 3381 3297 3438 Toletanum
3325 3400 3429 3438 non
3459 3384 3528 3437 ad
3550 3385 3881 3453 voluptatem

2257 3479 2483 3542 aurium,
2516 3478 2607 3532 sed
2637 3478 2705 3532 ad
2727 3479 3049 3546 memoriam,
3082 3488 3133 3533 et
3159 3478 3226 3532 ad
3249 3478 3507 3549 judicium
3537 3480 3879 3550 posteritatis

2256 3571 2545 3639 scripsisse,
2595 3580 2645 3624 et
2666 3586 2821 3641 quam
2848 3587 2880 3623 a
2924 3571 3122 3625 deliciis
3147 3574 3300 3642 longe
3332 3579 3439 3624 tam
3483 3569 3548 3623 ab
3578 3571 3797 3641 ineptiis
3824 3582 3882 3627 et

2258 3663 2525 3716 mendacio
2544 3662 2725 3733 procul
2749 3662 2996 3733 abfuisse.

2334 3752 2422 3807 15.
2452 3752 2528 3810 De
2554 3754 2827 3824 praeclaris
2852 3751 3009 3808 Lucae
3036 3752 3303 3810 Tudensis
3329 3754 3515 3823 gestis,
3546 3768 3607 3807 ac
3635 3755 3877 3824 pietate,

2261 3845 2411 3915 cujus
2440 3846 2603 3901 etiam
2633 3846 2910 3917 precibus,
2959 3845 3086 3903 dum
3116 3848 3344 3913 viveret,
3379 3845 3548 3900 Deum
3585 3845 3873 3905 mirabilia

2260 3942 2503 4012 quasdam
2529 3951 2812 4012 operatum
2841 3941 3171 4011 fuisse,satis
3195 3938 3344 3996 ﬁrma
3366 3941 3547 4010 opinio
3569 3952 3669 4007 est,
3695 3941 3871 4011 plura

2260 4034 2538 4089 Florezius
2569 4043 2700 4090 tom.
2725 4033 2866 4089 XXII
2913 4034 3063 4105 Hisp.
3098 4049 3209 4089 sac.
3252 4033 3405 4100 Quod
3434 4042 3614 4089 autem
3640 4033 3705 4088 ad
3736 4050 3872 4094 rem

2264 4134 2501 4182 nostram
2532 4127 2767 4183 maxime
2808 4128 2962 4196 lacit,
2992 4130 3106 4198 ipse
3152 4125 3329 4182 Lucas
3373 4127 3426 4181 in
3469 4126 3622 4182 libris
3666 4136 3874 4184 contra

2262 4220 2579 4293 Albigenses
2607 4223 2661 4277 in
2694 4230 2935 4278 veterum
2962 4221 3287 4290 scriptorum
3326 4230 3678 4291 corruptores
3705 4235 3880 4277 acer-

2262 4312 2398 4369 rime
2434 4313 2725 4369 invehitur.
2758 4311 2943 4383 Neque
2994 4312 3146 4383 juvat
3187 4328 3483 4383 opponere,
3514 4311 3717 4368 Lucam
3767 4330 3879 4371 eos

2262 4406 2504 4477 potuisse
2558 4404 2976 4477 reprehendere,
3016 4406 3105 4476 qui
3166 4420 3392 4461 crronea
3416 4448 3432 4475 ,
3476 4416 3570 4459 aut
3609 4406 3879 4463 bmretica

2263 4500 2413 4557 libris
2434 4498 2655 4556 Patrum
2686 4499 3074 4565 immiscerent,
3096 4500 3225 4570 quin
3249 4514 3344 4555 eos
3367 4500 3749 4569 iinprohaverit
3767 4502 3878 4568 qui

2269 4594 2402 4649 falsa
2443 4593 2710 4663 quasdam,
2735 4600 2794 4646 ut
2827 4591 3104 4662 religionis
3140 4606 3359 4647 causam
3402 4592 3740 4658 adiuvarent,
3780 4591 3879 4646 in-

2266 4694 2613 4743 tersererent.
2638 4688 2746 4756 82
2779 4684 2909 4739 Nam
2933 4685 2971 4739 l.
2999 4701 3053 4750 ιι,
3079 4699 3199 4754 cap.
3234 4683 3324 4750 11,
3347 4692 3533 4754 aperte
3562 4684 3638 4735 ait
3669 4699 3683 4735 :
3710 4679 3877 4745 Quod

2266 4772 2434 4836 autem
2463 4780 2661 4845 dicunt,
2685 4780 2859 4851 aliqua
2876 4796 2988 4833 esse
3013 4776 3279 4850 fingenda,
3314 4777 3433 4829 licet
3461 4792 3578 4830 vera
3610 4792 3712 4829 non
3735 4776 3873 4842 sint,

2266 4875 2335 4928 ad
2356 4874 2547 4928 Christi
2592 4872 2817 4926 nominis
2847 4872 3068 4943 gloriam
3116 4869 3473 4933 dilatandam,
3520 4884 3635 4921 cum
3668 4865 3731 4921 B.
3760 4865 3874 4922 Job

2263 4964 2565 5036 simpliciter
2586 4964 2953 5035 respondemus
2979 4980 2995 5016 :
3019 4960 3268 5033 Nunquid
3301 4960 3495 5030 indiget
3526 4957 3665 5011 Deus
3698 4969 3875 5015 vestro

2265 5058 2555 5126 mendacio,
2586 5067 2642 5111 ut
2680 5058 2962 5130 loquamini
2991 5056 3149 5135 dolos
3164 5071 3256 5125 pro
3285 5053 3385 5108 eo?
3431 5051 3583 5106 Unde
3605 5054 3679 5105 ait
3705 5068 3876 5123 orga-

2266 5168 2389 5206 num
2426 5150 2660 5220 Spiritus
2708 5150 2872 5203 sancti
2910 5147 3221 5221 (Gregorius
3278 5144 3503 5214 Maguus
3546 5145 3599 5197 in
3648 5158 3710 5199 ea
3760 5142 3873 5199 Job

2264 5244 2472 5315 verba),
2516 5243 2654 5298 Deus
2693 5241 2961 5297 mendacio
2990 5257 3094 5295 non
3140 5248 3275 5310 eget,
3305 5238 3427 5309 quia
3468 5238 3656 5290 veritas
3688 5236 3874 5307 fulciri

2267 5354 2370 5392 non
2408 5336 2591 5409 quterit
2617 5336 2814 5390 auxilio
2841 5334 3106 5405 falsitatis.
3147 5330 3367 5385 Minime
3408 5344 3537 5401 ergo
3586 5329 3751 5384 etiam
3795 5342 3875 5385 ex

2270 5428 2425 5485 Luca:
2455 5427 2719 5483 Tudensis
2744 5425 3011 5481 sententia
3035 5423 3280 5479 excusari
3310 5431 3508 5493 potest,
3549 5419 3641 5492 qui
3671 5418 3871 5475 lsidori

2269 5534 2362 5578 aut
2388 5520 2643 5577 Ildcfonsi
2666 5518 2889 5575 nomine
2918 5535 2981 5573 ea
3028 5518 3269 5573 venditet
3297 5532 3416 5586 quze
3445 5531 3541 5571 eos
3582 5530 3867 5585 nunquam

2266 5613 2544 5686 scripsisse
2572 5614 2693 5679 scit,
2718 5613 2962 5682 quamvis
3002 5612 3127 5666 talia
3152 5626 3217 5667 ea
3247 5610 3353 5665 sint
3376 5624 3496 5681 qua:
3524 5608 3767 5678 alioquin
3797 5606 3868 5661 ad

2265 5706 2463 5763 Christi
2492 5705 2724 5761 nominis
2763 5705 2990 5776 gloriam
3030 5701 3359 5760 dilatandam
3388 5700 3666 5773 pertinere
3708 5699 3864 5755 vide-

2264 5808 2471 5855 rentur.

2337 5890 2425 5947 14.
2460 5889 2595 5948 Eum
2631 5890 2879 5951 veritatis
2925 5906 3189 5963 amorem,
3218 5902 3380 5963 quem
3422 5886 3659 5948 candide
3686 5884 3863 5943 Lucas
