  <div class='ocr_page' id='page_1' title='image "/cluster/home/n/w/nwhite01/storage/ocr_20150623/81/hvd.32044015469430/042.png"; bbox 0 0 4048 6364; ppageno 0'>
   <div class='ocr_carea' id='block_1_1' title="bbox 193 299 1776 389">
    <p class='ocr_par' dir='ltr' id='par_1_1' title="bbox 193 299 1753 372">
     <span class='ocr_line' id='line_1_1' title="bbox 193 299 1753 372; baseline 0.003 -4"><span class='ocrx_word' id='word_1_1' title='bbox 193 301 265 368; x_wconf 67' lang='lat' dir='ltr'><strong>is</strong></span> <span class='ocrx_word' id='word_1_2' title='bbox 1253 299 1753 372; x_wconf 59' lang='lat' dir='ltr'><strong>lanosum.—</strong></span> 
     </span>
    </p>
   </div>
   <div class='ocr_carea' id='block_1_2' title="bbox 1879 299 3449 389">
    <p class='ocr_par' dir='ltr' id='par_1_2' title="bbox 1889 309 3449 389">
     <span class='ocr_line' id='line_1_2' title="bbox 1889 309 3449 389; baseline 0.008 -15"><span class='ocrx_word' id='word_1_3' title='bbox 1889 315 1972 374; x_wconf 76' lang='lat' dir='ltr'><strong>BS</strong></span> <span class='ocrx_word' id='word_1_4' title='bbox 2000 309 2043 374; x_wconf 84' lang='lat' dir='ltr'><strong>l.</strong></span> <span class='ocrx_word' id='word_1_5' title='bbox 2085 315 2236 377; x_wconf 78' lang='lat' dir='ltr'><strong>CAP.</strong></span> <span class='ocrx_word' id='word_1_6' title='bbox 2278 319 2416 378; x_wconf 76' lang='grc' dir='ltr'><strong>χιιι.</strong></span> <span class='ocrx_word' id='word_1_7' title='bbox 3380 329 3449 389; x_wconf 66' lang='grc'><strong>74</strong></span> 
     </span>
    </p>
   </div>
   <div class='ocr_carea' id='block_1_3' title="bbox 191 421 3451 514">
    <p class='ocr_par' dir='ltr' id='par_1_3' title="bbox 191 421 3451 514">
     <span class='ocr_line' id='line_1_3' title="bbox 191 421 3451 514; baseline 0.006 -34"><span class='ocrx_word' id='word_1_8' title='bbox 191 421 492 514; x_wconf 82' lang='lat' dir='ltr'><strong>proﬁtetur,</strong></span> <span class='ocrx_word' id='word_1_9' title='bbox 513 421 806 514; x_wconf 68' lang='lat' dir='ltr'><strong>Floralius,</strong></span> <span class='ocrx_word' id='word_1_10' title='bbox 831 423 940 482; x_wconf 90' lang='lat' dir='ltr'><strong>loc.</strong></span> <span class='ocrx_word' id='word_1_11' title='bbox 972 425 1088 493; x_wconf 83' lang='lat' dir='ltr'><strong>cit.,</strong></span> <span class='ocrx_word' id='word_1_12' title='bbox 1112 437 1238 497; x_wconf 79' lang='lat' dir='ltr'><strong>pag.</strong></span> <span class='ocrx_word' id='word_1_13' title='bbox 1265 426 1392 497; x_wconf 74' lang='grc'><strong>124,</strong></span> <span class='ocrx_word' id='word_1_14' title='bbox 1429 430 1572 486; x_wconf 91' lang='lat' dir='ltr'><strong>ultro</strong></span> <span class='ocrx_word' id='word_1_15' title='bbox 1600 443 1769 501; x_wconf 86' lang='lat' dir='ltr'><strong>agno-</strong></span> <span class='ocrx_word' id='word_1_16' title='bbox 1795 434 1846 494; x_wconf 78' lang='grc' dir='ltr'>Α</span> <span class='ocrx_word' id='word_1_17' title='bbox 1872 445 1962 484; x_wconf 86' lang='lat' dir='ltr'><strong>rus</strong></span> <span class='ocrx_word' id='word_1_18' title='bbox 1985 431 2312 504; x_wconf 88' lang='lat' dir='ltr'><strong>scriptorum,</strong></span> <span class='ocrx_word' id='word_1_19' title='bbox 2352 432 2431 488; x_wconf 82' lang='lat' dir='ltr'><strong>vel</strong></span> <span class='ocrx_word' id='word_1_20' title='bbox 2454 433 2755 491; x_wconf 69' lang='lat' dir='ltr'><strong>aemulorum</strong></span> <span class='ocrx_word' id='word_1_21' title='bbox 2774 435 2896 492; x_wconf 72' lang='lat' dir='ltr'><strong>sitio</strong></span> <span class='ocrx_word' id='word_1_22' title='bbox 2921 437 3192 510; x_wconf 86' lang='lat' dir='ltr'><strong>reperitur.</strong></span> <span class='ocrx_word' id='word_1_23' title='bbox 3213 436 3451 514; x_wconf 83' lang='lat' dir='ltr'><strong>Quapro-</strong></span> 
     </span>
    </p>
   </div>
   <div class='ocr_carea' id='block_1_4' title="bbox 188 512 1769 590">
    <p class='ocr_par' dir='ltr' id='par_1_4' title="bbox 188 512 1769 590">
     <span class='ocr_line' id='line_1_4' title="bbox 188 512 1769 590; baseline 0.001 -18"><span class='ocrx_word' id='word_1_24' title='bbox 188 513 322 580; x_wconf 81' lang='lat' dir='ltr'><strong>scit;</strong></span> <span class='ocrx_word' id='word_1_25' title='bbox 378 512 474 570; x_wconf 83' lang='lat' dir='ltr'><strong>sed</strong></span> <span class='ocrx_word' id='word_1_26' title='bbox 537 512 884 570; x_wconf 84' lang='lat' dir='ltr'><strong>nihilominus</strong></span> <span class='ocrx_word' id='word_1_27' title='bbox 943 522 1216 571; x_wconf 73' lang='lat' dir='ltr'><strong>auctorem</strong></span> <span class='ocrx_word' id='word_1_28' title='bbox 1290 516 1769 590; x_wconf 88' lang='lat' dir='ltr'><strong>interpolationum</strong></span> 
     </span>
    </p>
   </div>
   <div class='ocr_carea' id='block_1_5' title="bbox 189 603 1770 680">
    <p class='ocr_par' dir='ltr' id='par_1_5' title="bbox 189 603 1770 680">
     <span class='ocr_line' id='line_1_5' title="bbox 189 603 1770 680; baseline 0.004 -20"><span class='ocrx_word' id='word_1_29' title='bbox 189 603 436 661; x_wconf 90' lang='lat' dir='ltr'><strong>eumdem</strong></span> <span class='ocrx_word' id='word_1_30' title='bbox 485 603 684 661; x_wconf 88' lang='lat' dir='ltr'><strong>Lucam</strong></span> <span class='ocrx_word' id='word_1_31' title='bbox 742 621 862 664; x_wconf 87' lang='lat' dir='ltr'><strong>esse</strong></span> <span class='ocrx_word' id='word_1_32' title='bbox 900 607 1198 674; x_wconf 77' lang='lat' dir='ltr'><strong>contendit,</strong></span> <span class='ocrx_word' id='word_1_33' title='bbox 1248 611 1374 680; x_wconf 86' lang='lat' dir='ltr'><strong>quia</strong></span> <span class='ocrx_word' id='word_1_34' title='bbox 1435 611 1642 668; x_wconf 72' lang='lat' dir='ltr'><strong>scilicet</strong></span> <span class='ocrx_word' id='word_1_35' title='bbox 1689 611 1770 667; x_wconf 87' lang='lat' dir='ltr'><strong>vir</strong></span> 
     </span>
    </p>
   </div>
   <div class='ocr_carea' id='block_1_6' title="bbox 189 695 1767 773">
    <p class='ocr_par' dir='ltr' id='par_1_6' title="bbox 189 695 1767 773">
     <span class='ocr_line' id='line_1_6' title="bbox 189 695 1767 773; baseline 0.004 -22"><span class='ocrx_word' id='word_1_36' title='bbox 189 695 333 753; x_wconf 86' lang='lat' dir='ltr'><strong>bono</strong></span> <span class='ocrx_word' id='word_1_37' title='bbox 352 711 418 753; x_wconf 88' lang='lat' dir='ltr'><strong>ac</strong></span> <span class='ocrx_word' id='word_1_38' title='bbox 436 696 667 768; x_wconf 85' lang='lat' dir='ltr'><strong>simplici</strong></span> <span class='ocrx_word' id='word_1_39' title='bbox 689 698 870 753; x_wconf 90' lang='lat' dir='ltr'><strong>animo</strong></span> <span class='ocrx_word' id='word_1_40' title='bbox 890 699 1141 769; x_wconf 65' lang='lat' dir='ltr'><strong>praiditus</strong></span> <span class='ocrx_word' id='word_1_41' title='bbox 1155 699 1257 756; x_wconf 86' lang='lat' dir='ltr'><strong>sibi</strong></span> <span class='ocrx_word' id='word_1_42' title='bbox 1284 701 1338 756; x_wconf 90' lang='lat' dir='ltr'><strong>id</strong></span> <span class='ocrx_word' id='word_1_43' title='bbox 1359 701 1520 758; x_wconf 84' lang='lat' dir='ltr'><strong>licere</strong></span> <span class='ocrx_word' id='word_1_44' title='bbox 1541 703 1767 773; x_wconf 90' lang='lat' dir='ltr'><strong>putavit,</strong></span> 
     </span>
    </p>
   </div>
   <div class='ocr_carea' id='block_1_7' title="bbox 188 787 1770 865">
    <p class='ocr_par' dir='ltr' id='par_1_7' title="bbox 188 787 1770 865">
     <span class='ocr_line' id='line_1_7' title="bbox 188 787 1770 865; baseline 0.003 -21"><span class='ocrx_word' id='word_1_45' title='bbox 188 787 443 860; x_wconf 87' lang='lat' dir='ltr'><strong>quoniam</strong></span> <span class='ocrx_word' id='word_1_46' title='bbox 471 788 526 844; x_wconf 91' lang='lat' dir='ltr'><strong>in</strong></span> <span class='ocrx_word' id='word_1_47' title='bbox 556 787 873 859; x_wconf 67' lang='lat' dir='ltr'><strong>pmfatione</strong></span> <span class='ocrx_word' id='word_1_48' title='bbox 895 787 1005 860; x_wconf 84' lang='lat' dir='ltr'><strong>jam</strong></span> <span class='ocrx_word' id='word_1_49' title='bbox 1032 790 1282 862; x_wconf 83' lang='lat' dir='ltr'><strong>advertit,</strong></span> <span class='ocrx_word' id='word_1_50' title='bbox 1311 791 1412 849; x_wconf 87' lang='lat' dir='ltr'><strong>sibi</strong></span> <span class='ocrx_word' id='word_1_51' title='bbox 1437 793 1770 865; x_wconf 90' lang='lat' dir='ltr'><strong>propositum</strong></span> 
     </span>
    </p>
   </div>
   <div class='ocr_carea' id='block_1_8' title="bbox 189 883 1773 960">
    <p class='ocr_par' dir='ltr' id='par_1_8' title="bbox 189 883 1773 960">
     <span class='ocr_line' id='line_1_8' title="bbox 189 883 1773 960; baseline 0.004 -22"><span class='ocrx_word' id='word_1_52' title='bbox 189 897 309 939; x_wconf 87' lang='lat' dir='ltr'><strong>esse</strong></span> <span class='ocrx_word' id='word_1_53' title='bbox 355 883 637 941; x_wconf 84' lang='lat' dir='ltr'><strong>historiam</strong></span> <span class='ocrx_word' id='word_1_54' title='bbox 683 886 970 954; x_wconf 90' lang='lat' dir='ltr'><strong>conﬁcere,</strong></span> <span class='ocrx_word' id='word_1_55' title='bbox 1018 889 1071 943; x_wconf 94' lang='lat' dir='ltr'><strong>in</strong></span> <span class='ocrx_word' id='word_1_56' title='bbox 1120 904 1225 960; x_wconf 88' lang='lat' dir='ltr'><strong>qua</strong></span> <span class='ocrx_word' id='word_1_57' title='bbox 1273 899 1486 947; x_wconf 81' lang='lat' dir='ltr'><strong>veteres</strong></span> <span class='ocrx_word' id='word_1_58' title='bbox 1531 890 1773 948; x_wconf 87' lang='lat' dir='ltr'><strong>historici</strong></span> 
     </span>
    </p>
   </div>
   <div class='ocr_carea' id='block_1_9' title="bbox 189 975 1774 1051">
    <p class='ocr_par' dir='ltr' id='par_1_9' title="bbox 189 975 1774 1051">
     <span class='ocr_line' id='line_1_9' title="bbox 189 975 1774 1051; baseline 0.006 -20"><span class='ocrx_word' id='word_1_59' title='bbox 189 975 465 1046; x_wconf 89' lang='lat' dir='ltr'><strong>conjuncti</strong></span> <span class='ocrx_word' id='word_1_60' title='bbox 511 979 979 1050; x_wconf 84' lang='lat' dir='ltr'><strong>conspicerentur.</strong></span> <span class='ocrx_word' id='word_1_61' title='bbox 1021 981 1137 1039; x_wconf 82' lang='lat' dir='ltr'><strong>Hoc</strong></span> <span class='ocrx_word' id='word_1_62' title='bbox 1189 993 1366 1040; x_wconf 86' lang='lat' dir='ltr'><strong>autem</strong></span> <span class='ocrx_word' id='word_1_63' title='bbox 1409 984 1635 1051; x_wconf 91' lang='lat' dir='ltr'><strong>monito,</strong></span> <span class='ocrx_word' id='word_1_64' title='bbox 1678 1000 1774 1041; x_wconf 90' lang='lat' dir='ltr'><strong>eos</strong></span> 
     </span>
    </p>
   </div>
   <div class='ocr_carea' id='block_1_10' title="bbox 189 1065 1775 1144">
    <p class='ocr_par' dir='ltr' id='par_1_10' title="bbox 189 1065 1775 1144">
     <span class='ocr_line' id='line_1_10' title="bbox 189 1065 1775 1144; baseline 0.006 -23"><span class='ocrx_word' id='word_1_65' title='bbox 189 1067 480 1138; x_wconf 88' lang='lat' dir='ltr'><strong>scriptores</strong></span> <span class='ocrx_word' id='word_1_66' title='bbox 504 1070 764 1140; x_wconf 81' lang='lat' dir='ltr'><strong>exhibuit,</strong></span> <span class='ocrx_word' id='word_1_67' title='bbox 789 1081 846 1128; x_wconf 90' lang='lat' dir='ltr'><strong>ut</strong></span> <span class='ocrx_word' id='word_1_68' title='bbox 873 1071 1166 1142; x_wconf 80' lang='lat' dir='ltr'><strong>legentium</strong></span> <span class='ocrx_word' id='word_1_69' title='bbox 1193 1075 1409 1130; x_wconf 85' lang='lat' dir='ltr'><strong>utilitati</strong></span> <span class='ocrx_word' id='word_1_70' title='bbox 1449 1065 1618 1144; x_wconf 85' lang='lat' dir='ltr'><strong>magis</strong></span> <span class='ocrx_word' id='word_1_71' title='bbox 1645 1090 1775 1132; x_wconf 92' lang='lat' dir='ltr'><strong>con-</strong></span> 
     </span>
    </p>
   </div>
   <div class='ocr_carea' id='block_1_11' title="bbox 189 1164 1774 1238">
    <p class='ocr_par' dir='ltr' id='par_1_11' title="bbox 189 1164 1774 1238">
     <span class='ocr_line' id='line_1_11' title="bbox 189 1164 1774 1238; baseline 0.003 -20"><span class='ocrx_word' id='word_1_72' title='bbox 189 1169 508 1220; x_wconf 86' lang='lat' dir='ltr'><strong>sentaneum</strong></span> <span class='ocrx_word' id='word_1_73' title='bbox 544 1179 668 1221; x_wconf 86' lang='lat' dir='ltr'><strong>esse</strong></span> <span class='ocrx_word' id='word_1_74' title='bbox 700 1164 953 1235; x_wconf 87' lang='lat' dir='ltr'><strong>credidit,</strong></span> <span class='ocrx_word' id='word_1_75' title='bbox 982 1166 1161 1223; x_wconf 90' lang='lat' dir='ltr'><strong>multis</strong></span> <span class='ocrx_word' id='word_1_76' title='bbox 1199 1166 1413 1234; x_wconf 83' lang='lat' dir='ltr'><strong>additis,</strong></span> <span class='ocrx_word' id='word_1_77' title='bbox 1456 1167 1774 1238; x_wconf 89' lang='lat' dir='ltr'><strong>quibusdam</strong></span> 
     </span>
    </p>
   </div>
   <div class='ocr_carea' id='block_1_12' title="bbox 188 1254 1774 1330">
    <p class='ocr_par' dir='ltr' id='par_1_12' title="bbox 188 1254 1774 1330">
     <span class='ocr_line' id='line_1_12' title="bbox 188 1254 1774 1330; baseline 0.005 -22"><span class='ocrx_word' id='word_1_78' title='bbox 188 1254 436 1323; x_wconf 86' lang='lat' dir='ltr'><strong>resectis,</strong></span> <span class='ocrx_word' id='word_1_79' title='bbox 462 1254 583 1313; x_wconf 87' lang='lat' dir='ltr'><strong>aliis</strong></span> <span class='ocrx_word' id='word_1_80' title='bbox 627 1271 726 1312; x_wconf 90' lang='lat' dir='ltr'><strong>suo</strong></span> <span class='ocrx_word' id='word_1_81' title='bbox 755 1256 896 1328; x_wconf 90' lang='lat' dir='ltr'><strong>stylo</strong></span> <span class='ocrx_word' id='word_1_82' title='bbox 923 1259 1209 1314; x_wconf 82' lang='lat' dir='ltr'><strong>enarratis.</strong></span> <span class='ocrx_word' id='word_1_83' title='bbox 1239 1257 1365 1316; x_wconf 81' lang='lat' dir='ltr'><strong>Haec</strong></span> <span class='ocrx_word' id='word_1_84' title='bbox 1401 1259 1604 1330; x_wconf 89' lang='lat' dir='ltr'><strong>optima</strong></span> <span class='ocrx_word' id='word_1_85' title='bbox 1632 1268 1774 1316; x_wconf 85' lang='lat' dir='ltr'><strong>esset</strong></span> 
     </span>
    </p>
   </div>
   <div class='ocr_carea' id='block_1_13' title="bbox 187 1342 1773 1420">
    <p class='ocr_par' dir='ltr' id='par_1_13' title="bbox 187 1342 1773 1420">
     <span class='ocr_line' id='line_1_13' title="bbox 187 1342 1773 1420; baseline 0.005 -21"><span class='ocrx_word' id='word_1_86' title='bbox 187 1342 343 1404; x_wconf 58' lang='lat' dir='ltr'><strong>Lucae</strong></span> <span class='ocrx_word' id='word_1_87' title='bbox 382 1346 649 1417; x_wconf 81' lang='lat' dir='ltr'><strong>defensio,</strong></span> <span class='ocrx_word' id='word_1_88' title='bbox 687 1357 956 1418; x_wconf 82' lang='lat' dir='ltr'><strong>quantum</strong></span> <span class='ocrx_word' id='word_1_89' title='bbox 1003 1350 1219 1420; x_wconf 87' lang='lat' dir='ltr'><strong>quidem</strong></span> <span class='ocrx_word' id='word_1_90' title='bbox 1263 1351 1331 1406; x_wconf 93' lang='lat' dir='ltr'><strong>ad</strong></span> <span class='ocrx_word' id='word_1_91' title='bbox 1381 1353 1494 1408; x_wconf 89' lang='lat' dir='ltr'><strong>veri</strong></span> <span class='ocrx_word' id='word_1_92' title='bbox 1539 1352 1773 1408; x_wconf 90' lang='lat' dir='ltr'><strong>studium</strong></span> 
     </span>
    </p>
   </div>
   <div class='ocr_carea' id='block_1_14' title="bbox 186 1438 1771 1514">
    <p class='ocr_par' dir='ltr' id='par_1_14' title="bbox 186 1438 1771 1514">
     <span class='ocr_line' id='line_1_14' title="bbox 186 1438 1771 1514; baseline 0.003 -19"><span class='ocrx_word' id='word_1_93' title='bbox 186 1438 398 1507; x_wconf 82' lang='lat' dir='ltr'><strong>attinet,</strong></span> <span class='ocrx_word' id='word_1_94' title='bbox 447 1440 494 1498; x_wconf 91' lang='lat' dir='ltr'><strong>si</strong></span> <span class='ocrx_word' id='word_1_95' title='bbox 523 1455 712 1497; x_wconf 75' lang='lat' dir='ltr'><strong>revera</strong></span> <span class='ocrx_word' id='word_1_96' title='bbox 751 1441 869 1512; x_wconf 90' lang='lat' dir='ltr'><strong>ipse</strong></span> <span class='ocrx_word' id='word_1_97' title='bbox 926 1441 978 1497; x_wconf 92' lang='lat' dir='ltr'><strong>in</strong></span> <span class='ocrx_word' id='word_1_98' title='bbox 1024 1443 1428 1513; x_wconf 65' lang='lat' dir='ltr'><strong>praefationibus</strong></span> <span class='ocrx_word' id='word_1_99' title='bbox 1461 1443 1771 1514; x_wconf 83' lang='lat' dir='ltr'><strong>indicasset,</strong></span> 
     </span>
    </p>
   </div>
   <div class='ocr_carea' id='block_1_15' title="bbox 185 1533 1774 1608">
    <p class='ocr_par' dir='ltr' id='par_1_15' title="bbox 185 1533 1774 1608">
     <span class='ocr_line' id='line_1_15' title="bbox 185 1533 1774 1608; baseline 0.004 -21"><span class='ocrx_word' id='word_1_100' title='bbox 185 1546 242 1587; x_wconf 83' lang='lat' dir='ltr'><strong>se</strong></span> <span class='ocrx_word' id='word_1_101' title='bbox 262 1547 374 1588; x_wconf 88' lang='lat' dir='ltr'><strong>non</strong></span> <span class='ocrx_word' id='word_1_102' title='bbox 405 1533 641 1603; x_wconf 83' lang='lat' dir='ltr'><strong>genuina</strong></span> <span class='ocrx_word' id='word_1_103' title='bbox 663 1533 854 1590; x_wconf 90' lang='lat' dir='ltr'><strong>lsidori</strong></span> <span class='ocrx_word' id='word_1_104' title='bbox 899 1535 1236 1608; x_wconf 86' lang='lat' dir='ltr'><strong>aliorumque</strong></span> <span class='ocrx_word' id='word_1_105' title='bbox 1283 1535 1536 1593; x_wconf 88' lang='lat' dir='ltr'><strong>chronica</strong></span> <span class='ocrx_word' id='word_1_106' title='bbox 1572 1552 1774 1608; x_wconf 61' lang='lat' dir='ltr'><strong>reprae-</strong></span> 
     </span>
    </p>
   </div>
   <div class='ocr_carea' id='block_1_16' title="bbox 185 1628 1776 1701">
    <p class='ocr_par' dir='ltr' id='par_1_16' title="bbox 185 1628 1776 1701">
     <span class='ocr_line' id='line_1_16' title="bbox 185 1628 1776 1701; baseline 0.002 -17"><span class='ocrx_word' id='word_1_107' title='bbox 185 1635 543 1694; x_wconf 87' lang='lat' dir='ltr'><strong>sentaturum,</strong></span> <span class='ocrx_word' id='word_1_108' title='bbox 590 1628 685 1684; x_wconf 90' lang='lat' dir='ltr'><strong>sed</strong></span> <span class='ocrx_word' id='word_1_109' title='bbox 708 1644 807 1685; x_wconf 89' lang='lat' dir='ltr'><strong>suo</strong></span> <span class='ocrx_word' id='word_1_110' title='bbox 837 1629 976 1701; x_wconf 77' lang='lat' dir='ltr'><strong>stylo</strong></span> <span class='ocrx_word' id='word_1_111' title='bbox 1024 1632 1448 1697; x_wconf 89' lang='lat' dir='ltr'><strong>accommodata,</strong></span> <span class='ocrx_word' id='word_1_112' title='bbox 1479 1638 1534 1686; x_wconf 90' lang='lat' dir='ltr'><strong>et</strong></span> <span class='ocrx_word' id='word_1_113' title='bbox 1561 1646 1629 1687; x_wconf 85' lang='lat' dir='ltr'><strong>ex</strong></span> <span class='ocrx_word' id='word_1_114' title='bbox 1656 1632 1776 1687; x_wconf 90' lang='lat' dir='ltr'><strong>aliis</strong></span> 
     </span>
    </p>
   </div>
   <div class='ocr_carea' id='block_1_17' title="bbox 185 1723 1776 1796">
    <p class='ocr_par' dir='ltr' id='par_1_17' title="bbox 185 1723 1776 1796">
     <span class='ocr_line' id='line_1_17' title="bbox 185 1723 1776 1796; baseline 0.004 -20"><span class='ocrx_word' id='word_1_115' title='bbox 185 1723 551 1778; x_wconf 84' lang='lat' dir='ltr'><strong>monumentis</strong></span> <span class='ocrx_word' id='word_1_116' title='bbox 580 1723 929 1794; x_wconf 86' lang='lat' dir='ltr'><strong>locupletata.</strong></span> <span class='ocrx_word' id='word_1_117' title='bbox 966 1723 1153 1780; x_wconf 90' lang='lat' dir='ltr'><strong>Simile</strong></span> <span class='ocrx_word' id='word_1_118' title='bbox 1187 1725 1492 1796; x_wconf 86' lang='lat' dir='ltr'><strong>exemplum</strong></span> <span class='ocrx_word' id='word_1_119' title='bbox 1519 1725 1574 1780; x_wconf 91' lang='lat' dir='ltr'><strong>in</strong></span> <span class='ocrx_word' id='word_1_120' title='bbox 1603 1725 1776 1796; x_wconf 90' lang='lat' dir='ltr'><strong>prima</strong></span> 
     </span>
    </p>
   </div>
   <div class='ocr_carea' id='block_1_18' title="bbox 1872 525 3451 600">
    <p class='ocr_par' dir='ltr' id='par_1_18' title="bbox 1872 525 3451 600">
     <span class='ocr_line' id='line_1_18' title="bbox 1872 525 3451 600; baseline 0.008 -25"><span class='ocrx_word' id='word_1_121' title='bbox 1872 531 1986 592; x_wconf 87' lang='lat' dir='ltr'><strong>pter</strong></span> <span class='ocrx_word' id='word_1_122' title='bbox 2010 541 2103 596; x_wconf 83' lang='lat' dir='ltr'><strong>ego</strong></span> <span class='ocrx_word' id='word_1_123' title='bbox 2124 525 2180 580; x_wconf 88' lang='lat' dir='ltr'><strong>in</strong></span> <span class='ocrx_word' id='word_1_124' title='bbox 2209 526 2360 600; x_wconf 89' lang='lat' dir='ltr'><strong>hujus</strong></span> <span class='ocrx_word' id='word_1_125' title='bbox 2387 528 2558 599; x_wconf 88' lang='lat' dir='ltr'><strong>operis</strong></span> <span class='ocrx_word' id='word_1_126' title='bbox 2586 546 2840 585; x_wconf 90' lang='lat' dir='ltr'><strong>annorum</strong></span> <span class='ocrx_word' id='word_1_127' title='bbox 2871 531 3228 599; x_wconf 84' lang='lat' dir='ltr'><strong>concordiam,</strong></span> <span class='ocrx_word' id='word_1_128' title='bbox 3268 543 3451 588; x_wconf 88' lang='lat' dir='ltr'><strong>utcun-</strong></span> 
     </span>
    </p>
   </div>
   <div class='ocr_carea' id='block_1_19' title="bbox 1871 617 3449 694">
    <p class='ocr_par' dir='ltr' id='par_1_19' title="bbox 1871 617 3449 694">
     <span class='ocr_line' id='line_1_19' title="bbox 1871 617 3449 694; baseline 0.008 -27"><span class='ocrx_word' id='word_1_129' title='bbox 1871 630 1966 686; x_wconf 84' lang='lat' dir='ltr'><strong>que</strong></span> <span class='ocrx_word' id='word_1_130' title='bbox 1992 619 2156 687; x_wconf 80' lang='lat' dir='ltr'><strong>potui,</strong></span> <span class='ocrx_word' id='word_1_131' title='bbox 2197 617 2446 676; x_wconf 86' lang='lat' dir='ltr'><strong>laboravi.</strong></span> <span class='ocrx_word' id='word_1_132' title='bbox 2489 619 2729 694; x_wconf 81' lang='lat' dir='ltr'><strong>Corrigat</strong></span> <span class='ocrx_word' id='word_1_133' title='bbox 2750 629 2920 676; x_wconf 90' lang='lat' dir='ltr'><strong>tamen</strong></span> <span class='ocrx_word' id='word_1_134' title='bbox 2951 623 3205 678; x_wconf 87' lang='lat' dir='ltr'><strong>catholica</strong></span> <span class='ocrx_word' id='word_1_135' title='bbox 3240 624 3449 692; x_wconf 84' lang='lat' dir='ltr'><strong>veritas,</strong></span> 
     </span>
    </p>
   </div>
   <div class='ocr_carea' id='block_1_20' title="bbox 1872 704 3452 783">
    <p class='ocr_par' dir='ltr' id='par_1_20' title="bbox 1872 704 3452 783">
     <span class='ocr_line' id='line_1_20' title="bbox 1872 704 3452 783; baseline 0.006 -24"><span class='ocrx_word' id='word_1_136' title='bbox 1872 706 1918 760; x_wconf 94' lang='lat' dir='ltr'><strong>si</strong></span> <span class='ocrx_word' id='word_1_137' title='bbox 1946 709 2068 780; x_wconf 83' lang='lat' dir='ltr'><strong>quid</strong></span> <span class='ocrx_word' id='word_1_138' title='bbox 2095 711 2227 781; x_wconf 73' lang='lat' dir='ltr'><strong>forte</strong></span> <span class='ocrx_word' id='word_1_139' title='bbox 2253 711 2310 765; x_wconf 83' lang='lat' dir='ltr'><strong>in</strong></span> <span class='ocrx_word' id='word_1_140' title='bbox 2348 712 2430 766; x_wconf 89' lang='lat' dir='ltr'><strong>his</strong></span> <span class='ocrx_word' id='word_1_141' title='bbox 2455 713 2533 768; x_wconf 80' lang='lat' dir='ltr'><strong>vel</strong></span> <span class='ocrx_word' id='word_1_142' title='bbox 2574 713 2692 767; x_wconf 79' lang='lat' dir='ltr'><strong>aliis</strong></span> <span class='ocrx_word' id='word_1_143' title='bbox 2720 713 2979 783; x_wconf 79' lang='lat' dir='ltr'><strong>opusculis</strong></span> <span class='ocrx_word' id='word_1_144' title='bbox 3011 704 3141 770; x_wconf 80' lang='lat' dir='ltr'><strong>meis</strong></span> <span class='ocrx_word' id='word_1_145' title='bbox 3162 732 3244 770; x_wconf 90' lang='lat' dir='ltr'><strong>me</strong></span> <span class='ocrx_word' id='word_1_146' title='bbox 3269 715 3452 770; x_wconf 86' lang='lat' dir='ltr'><strong>viderit</strong></span> 
     </span>
    </p>
   </div>
   <div class='ocr_carea' id='block_1_21' title="bbox 1873 796 3453 865">
    <p class='ocr_par' dir='ltr' id='par_1_21' title="bbox 1873 796 3453 865">
     <span class='ocr_line' id='line_1_21' title="bbox 1873 796 3453 865; baseline 0.009 -15"><span class='ocrx_word' id='word_1_147' title='bbox 1873 796 2120 856; x_wconf 82' lang='lat' dir='ltr'><strong>deviasse.</strong></span> <span class='ocrx_word' id='word_1_148' title='bbox 2150 801 2294 858; x_wconf 86' lang='lat' dir='ltr'><strong>Sane</strong></span> <span class='ocrx_word' id='word_1_149' title='bbox 2320 804 2366 859; x_wconf 89' lang='lat' dir='ltr'><strong>si</strong></span> <span class='ocrx_word' id='word_1_150' title='bbox 2385 802 2664 861; x_wconf 89' lang='lat' dir='ltr'><strong>lsidoriani</strong></span> <span class='ocrx_word' id='word_1_151' title='bbox 2691 806 2943 863; x_wconf 85' lang='lat' dir='ltr'><strong>Chronici</strong></span> <span class='ocrx_word' id='word_1_152' title='bbox 2967 809 3297 865; x_wconf 86' lang='lat' dir='ltr'><strong>continuatio</strong></span> <span class='ocrx_word' id='word_1_153' title='bbox 3325 819 3453 864; x_wconf 90' lang='lat' dir='ltr'><strong>ante</strong></span> 
     </span>
    </p>
   </div>
   <div class='ocr_carea' id='block_1_22' title="bbox 1872 887 3454 971">
    <p class='ocr_par' dir='ltr' id='par_1_22' title="bbox 1872 887 3454 971">
     <span class='ocr_line' id='line_1_22' title="bbox 1872 887 3454 971; baseline 0.007 -26"><span class='ocrx_word' id='word_1_154' title='bbox 1872 887 2071 949; x_wconf 89' lang='lat' dir='ltr'><strong>Lucam</strong></span> <span class='ocrx_word' id='word_1_155' title='bbox 2101 892 2401 953; x_wconf 89' lang='lat' dir='ltr'><strong>Tudensem</strong></span> <span class='ocrx_word' id='word_1_156' title='bbox 2443 913 2550 954; x_wconf 90' lang='lat' dir='ltr'><strong>non</strong></span> <span class='ocrx_word' id='word_1_157' title='bbox 2589 898 2879 966; x_wconf 82' lang='lat' dir='ltr'><strong>existebat,</strong></span> <span class='ocrx_word' id='word_1_158' title='bbox 2912 915 3020 970; x_wconf 90' lang='lat' dir='ltr'><strong>quo</strong></span> <span class='ocrx_word' id='word_1_159' title='bbox 3061 910 3218 971; x_wconf 92' lang='lat' dir='ltr'><strong>pacto</strong></span> <span class='ocrx_word' id='word_1_160' title='bbox 3256 901 3302 956; x_wconf 93' lang='lat' dir='ltr'><strong>is</strong></span> <span class='ocrx_word' id='word_1_161' title='bbox 3337 901 3454 956; x_wconf 90' lang='lat' dir='ltr'><strong>sine</strong></span> 
     </span>
    </p>
   </div>
   <div class='ocr_carea' id='block_1_23' title="bbox 1874 979 3451 1061">
    <p class='ocr_par' dir='ltr' id='par_1_23' title="bbox 1874 979 3451 1061">
     <span class='ocr_line' id='line_1_23' title="bbox 1874 979 3451 1061; baseline 0.006 -26"><span class='ocrx_word' id='word_1_162' title='bbox 1874 979 2069 1038; x_wconf 82' lang='lat' dir='ltr'><strong>falsarii</strong></span> <span class='ocrx_word' id='word_1_163' title='bbox 2119 993 2249 1042; x_wconf 89' lang='lat' dir='ltr'><strong>nota</strong></span> <span class='ocrx_word' id='word_1_164' title='bbox 2284 1002 2404 1044; x_wconf 89' lang='lat' dir='ltr'><strong>eam</strong></span> <span class='ocrx_word' id='word_1_165' title='bbox 2439 989 2616 1059; x_wconf 92' lang='lat' dir='ltr'><strong>potuit</strong></span> <span class='ocrx_word' id='word_1_166' title='bbox 2643 1005 2754 1047; x_wconf 92' lang='lat' dir='ltr'><strong>non</strong></span> <span class='ocrx_word' id='word_1_167' title='bbox 2792 990 2966 1049; x_wconf 89' lang='lat' dir='ltr'><strong>solum</strong></span> <span class='ocrx_word' id='word_1_168' title='bbox 2999 990 3329 1061; x_wconf 88' lang='lat' dir='ltr'><strong>conﬁngere,</strong></span> <span class='ocrx_word' id='word_1_169' title='bbox 3357 991 3451 1048; x_wconf 70' lang='lat' dir='ltr'><strong>sed</strong></span> 
     </span>
    </p>
   </div>
   <div class='ocr_carea' id='block_1_24' title="bbox 1873 1076 2673 1152">
    <p class='ocr_par' dir='ltr' id='par_1_24' title="bbox 1873 1076 2673 1152">
     <span class='ocr_line' id='line_1_24' title="bbox 1873 1076 2673 1152; baseline 0.01 -21"><span class='ocrx_word' id='word_1_170' title='bbox 1873 1076 2035 1132; x_wconf 88' lang='lat' dir='ltr'><strong>etiam</strong></span> <span class='ocrx_word' id='word_1_171' title='bbox 2057 1078 2327 1137; x_wconf 82' lang='lat' dir='ltr'><strong>Ildefonso</strong></span> <span class='ocrx_word' id='word_1_172' title='bbox 2362 1081 2629 1152; x_wconf 89' lang='lat' dir='ltr'><strong>imputare</strong></span> <span class='ocrx_word' id='word_1_173' title='bbox 2651 1085 2673 1138; x_wconf 84' lang='lat'><strong>?</strong></span> 
     </span>
    </p>
   </div>
   <div class='ocr_carea' id='block_1_25' title="bbox 1948 1169 3454 1248">
    <p class='ocr_par' dir='ltr' id='par_1_25' title="bbox 1948 1169 3454 1248">
     <span class='ocr_line' id='line_1_25' title="bbox 1948 1169 3454 1248; baseline 0.007 -25"><span class='ocrx_word' id='word_1_174' title='bbox 1948 1170 2034 1225; x_wconf 83' lang='lat' dir='ltr'><strong>l7.</strong></span> <span class='ocrx_word' id='word_1_175' title='bbox 2084 1169 2152 1227; x_wconf 92' lang='lat' dir='ltr'><strong>Ut</strong></span> <span class='ocrx_word' id='word_1_176' title='bbox 2179 1181 2360 1229; x_wconf 89' lang='lat' dir='ltr'><strong>autem</strong></span> <span class='ocrx_word' id='word_1_177' title='bbox 2405 1176 2472 1230; x_wconf 89' lang='lat' dir='ltr'><strong>ad</strong></span> <span class='ocrx_word' id='word_1_178' title='bbox 2500 1184 2778 1233; x_wconf 91' lang='lat' dir='ltr'><strong>auctorem</strong></span> <span class='ocrx_word' id='word_1_179' title='bbox 2815 1177 2950 1234; x_wconf 78' lang='lat' dir='ltr'><strong>Vitae</strong></span> <span class='ocrx_word' id='word_1_180' title='bbox 2979 1177 3454 1248; x_wconf 88' lang='lat' dir='ltr'><strong>translationisquc</strong></span> 
     </span>
    </p>
   </div>
   <div class='ocr_carea' id='block_1_26' title="bbox 1873 1261 3541 1335">
    <p class='ocr_par' dir='ltr' id='par_1_26' title="bbox 1873 1261 3541 1335">
     <span class='ocr_line' id='line_1_26' title="bbox 1873 1261 3541 1335; baseline 0.004 -17"><span class='ocrx_word' id='word_1_181' title='bbox 1873 1261 1931 1318; x_wconf 90' lang='lat' dir='ltr'><strong>S.</strong></span> <span class='ocrx_word' id='word_1_182' title='bbox 1974 1262 2163 1321; x_wconf 92' lang='lat' dir='ltr'><strong>lsidori</strong></span> <span class='ocrx_word' id='word_1_183' title='bbox 2186 1265 2423 1335; x_wconf 87' lang='lat' dir='ltr'><strong>redeam,</strong></span> <span class='ocrx_word' id='word_1_184' title='bbox 2455 1283 2579 1324; x_wconf 90' lang='lat' dir='ltr'><strong>eum</strong></span> <span class='ocrx_word' id='word_1_185' title='bbox 2630 1269 2828 1326; x_wconf 88' lang='lat' dir='ltr'><strong>Lucam</strong></span> <span class='ocrx_word' id='word_1_186' title='bbox 2857 1269 3159 1327; x_wconf 90' lang='lat' dir='ltr'><strong>Tudensem</strong></span> <span class='ocrx_word' id='word_1_187' title='bbox 3198 1284 3451 1326; x_wconf 86' lang='lat' dir='ltr'><strong>essenon</strong></span> <span class='ocrx_word' id='word_1_188' title='bbox 3536 1295 3541 1303; x_wconf 91' lang='lat'><strong>-</strong></span> 
     </span>
    </p>
   </div>
   <div class='ocr_carea' id='block_1_27' title="bbox 1873 1355 3452 1430">
    <p class='ocr_par' dir='ltr' id='par_1_27' title="bbox 1873 1355 3452 1430">
     <span class='ocr_line' id='line_1_27' title="bbox 1873 1355 3452 1430; baseline 0.003 -19"><span class='ocrx_word' id='word_1_189' title='bbox 1873 1355 2057 1426; x_wconf 87' lang='lat' dir='ltr'><strong>credo,</strong></span> <span class='ocrx_word' id='word_1_190' title='bbox 2105 1358 2336 1429; x_wconf 90' lang='lat' dir='ltr'><strong>primum</strong></span> <span class='ocrx_word' id='word_1_191' title='bbox 2376 1359 2503 1430; x_wconf 87' lang='lat' dir='ltr'><strong>quia</strong></span> <span class='ocrx_word' id='word_1_192' title='bbox 2553 1359 2621 1415; x_wconf 94' lang='lat' dir='ltr'><strong>de</strong></span> <span class='ocrx_word' id='word_1_193' title='bbox 2663 1369 2884 1418; x_wconf 90' lang='lat' dir='ltr'><strong>auctore</strong></span> <span class='ocrx_word' id='word_1_194' title='bbox 2929 1377 2996 1418; x_wconf 82' lang='lat' dir='ltr'><strong>ex</strong></span> <span class='ocrx_word' id='word_1_195' title='bbox 3035 1361 3182 1418; x_wconf 92' lang='lat' dir='ltr'><strong>nullo</strong></span> <span class='ocrx_word' id='word_1_196' title='bbox 3213 1371 3452 1417; x_wconf 87' lang='lat' dir='ltr'><strong>veterum</strong></span> 
     </span>
    </p>
   </div>
   <div class='ocr_carea' id='block_1_28' title="bbox 1875 1449 3453 1525">
    <p class='ocr_par' dir='ltr' id='par_1_28' title="bbox 1875 1449 3453 1525">
     <span class='ocr_line' id='line_1_28' title="bbox 1875 1449 3453 1525; baseline 0.004 -24"><span class='ocrx_word' id='word_1_197' title='bbox 1875 1449 2182 1506; x_wconf 89' lang='lat' dir='ltr'><strong>testimonio</strong></span> <span class='ocrx_word' id='word_1_198' title='bbox 2210 1459 2306 1506; x_wconf 91' lang='lat' dir='ltr'><strong>aut</strong></span> <span class='ocrx_word' id='word_1_199' title='bbox 2343 1466 2447 1506; x_wconf 92' lang='lat' dir='ltr'><strong>ms.</strong></span> <span class='ocrx_word' id='word_1_200' title='bbox 2492 1450 2694 1508; x_wconf 85' lang='lat' dir='ltr'><strong>Codice</strong></span> <span class='ocrx_word' id='word_1_201' title='bbox 2719 1462 2948 1520; x_wconf 90' lang='lat' dir='ltr'><strong>constat,</strong></span> <span class='ocrx_word' id='word_1_202' title='bbox 2976 1454 3168 1510; x_wconf 90' lang='lat' dir='ltr'><strong>deinde</strong></span> <span class='ocrx_word' id='word_1_203' title='bbox 3199 1455 3324 1525; x_wconf 91' lang='lat' dir='ltr'><strong>quia</strong></span> <span class='ocrx_word' id='word_1_204' title='bbox 3354 1455 3453 1510; x_wconf 89' lang='lat' dir='ltr'><strong>etsi</strong></span> 
     </span>
    </p>
   </div>
   <div class='ocr_carea' id='block_1_29' title="bbox 1872 1541 3453 1614">
    <p class='ocr_par' dir='ltr' id='par_1_29' title="bbox 1872 1541 3453 1614">
     <span class='ocr_line' id='line_1_29' title="bbox 1872 1541 3453 1614; baseline 0.004 -19"><span class='ocrx_word' id='word_1_205' title='bbox 1872 1541 2024 1614; x_wconf 88' lang='lat' dir='ltr'><strong>plura</strong></span> <span class='ocrx_word' id='word_1_206' title='bbox 2054 1544 2311 1601; x_wconf 89' lang='lat' dir='ltr'><strong>chronico</strong></span> <span class='ocrx_word' id='word_1_207' title='bbox 2348 1543 2526 1614; x_wconf 82' lang='lat' dir='ltr'><strong>Lucae,</strong></span> <span class='ocrx_word' id='word_1_208' title='bbox 2557 1560 2622 1601; x_wconf 91' lang='lat' dir='ltr'><strong>ac</strong></span> <span class='ocrx_word' id='word_1_209' title='bbox 2649 1545 2806 1613; x_wconf 70' lang='lat' dir='ltr'><strong>Vitae,</strong></span> <span class='ocrx_word' id='word_1_210' title='bbox 2837 1555 2893 1602; x_wconf 88' lang='lat' dir='ltr'><strong>et</strong></span> <span class='ocrx_word' id='word_1_211' title='bbox 2937 1547 3274 1604; x_wconf 89' lang='lat' dir='ltr'><strong>translationi</strong></span> <span class='ocrx_word' id='word_1_212' title='bbox 3303 1563 3453 1603; x_wconf 90' lang='lat' dir='ltr'><strong>com-</strong></span> 
     </span>
    </p>
   </div>
   <div class='ocr_carea' id='block_1_30' title="bbox 1873 1635 3455 1709">
    <p class='ocr_par' dir='ltr' id='par_1_30' title="bbox 1873 1635 3455 1709">
     <span class='ocr_line' id='line_1_30' title="bbox 1873 1635 3455 1709; baseline 0.003 -20"><span class='ocrx_word' id='word_1_213' title='bbox 1873 1635 2056 1690; x_wconf 91' lang='lat' dir='ltr'><strong>munia</strong></span> <span class='ocrx_word' id='word_1_214' title='bbox 2077 1644 2220 1705; x_wconf 90' lang='lat' dir='ltr'><strong>sunt,</strong></span> <span class='ocrx_word' id='word_1_215' title='bbox 2253 1644 2432 1692; x_wconf 89' lang='lat' dir='ltr'><strong>tamen</strong></span> <span class='ocrx_word' id='word_1_216' title='bbox 2457 1635 2575 1694; x_wconf 61' lang='lat' dir='ltr'><strong>haec</strong></span> <span class='ocrx_word' id='word_1_217' title='bbox 2613 1638 2750 1694; x_wconf 90' lang='lat' dir='ltr'><strong>ratio</strong></span> <span class='ocrx_word' id='word_1_218' title='bbox 2780 1637 2956 1694; x_wconf 91' lang='lat' dir='ltr'><strong>solum</strong></span> <span class='ocrx_word' id='word_1_219' title='bbox 2985 1641 3178 1709; x_wconf 79' lang='lat' dir='ltr'><strong>arguit,</strong></span> <span class='ocrx_word' id='word_1_220' title='bbox 3211 1655 3278 1696; x_wconf 86' lang='lat' dir='ltr'><strong>ex</strong></span> <span class='ocrx_word' id='word_1_221' title='bbox 3313 1640 3455 1694; x_wconf 75' lang='lat' dir='ltr'><strong>anti~</strong></span> 
     </span>
    </p>
   </div>
   <div class='ocr_carea' id='block_1_31' title="bbox 1874 1726 3456 1796">
    <p class='ocr_par' dir='ltr' id='par_1_31' title="bbox 1874 1726 3456 1796">
     <span class='ocr_line' id='line_1_31' title="bbox 1874 1726 3456 1796; baseline 0.001 -16"><span class='ocrx_word' id='word_1_222' title='bbox 1874 1726 2154 1796; x_wconf 89' lang='lat' dir='ltr'><strong>quioribus</strong></span> <span class='ocrx_word' id='word_1_223' title='bbox 2220 1728 2588 1784; x_wconf 88' lang='lat' dir='ltr'><strong>monumentis</strong></span> <span class='ocrx_word' id='word_1_224' title='bbox 2654 1728 2896 1784; x_wconf 84' lang='lat' dir='ltr'><strong>diversos</strong></span> <span class='ocrx_word' id='word_1_225' title='bbox 2961 1737 3210 1786; x_wconf 89' lang='lat' dir='ltr'><strong>auctores</strong></span> <span class='ocrx_word' id='word_1_226' title='bbox 3267 1729 3456 1785; x_wconf 86' lang='lat' dir='ltr'><strong>eadem</strong></span> 
     </span>
    </p>
   </div>
   <div class='ocr_carea' id='block_1_32' title="bbox 185 1814 3455 1901">
    <p class='ocr_par' dir='ltr' id='par_1_32' title="bbox 185 1814 3455 1901">
     <span class='ocr_line' id='line_1_32' title="bbox 185 1814 3455 1901; baseline 0.002 -33"><span class='ocrx_word' id='word_1_227' title='bbox 185 1823 334 1884; x_wconf 88' lang='lat' dir='ltr'><strong>parte</strong></span> <span class='ocrx_word' id='word_1_228' title='bbox 358 1814 618 1882; x_wconf 78' lang='lat' dir='ltr'><strong>historiae,</strong></span> <span class='ocrx_word' id='word_1_229' title='bbox 651 1830 771 1884; x_wconf 70' lang='lat' dir='ltr'><strong>qua:</strong></span> <span class='ocrx_word' id='word_1_230' title='bbox 802 1831 944 1871; x_wconf 91' lang='lat' dir='ltr'><strong>nunc</strong></span> <span class='ocrx_word' id='word_1_231' title='bbox 971 1814 1168 1871; x_wconf 88' lang='lat' dir='ltr'><strong>dicitur</strong></span> <span class='ocrx_word' id='word_1_232' title='bbox 1194 1815 1454 1882; x_wconf 83' lang='lat' dir='ltr'><strong>Miscella,</strong></span> <span class='ocrx_word' id='word_1_233' title='bbox 1485 1831 1773 1886; x_wconf 64' lang='lat' dir='ltr'><strong>praecesseo</strong></span> <span class='ocrx_word' id='word_1_234' title='bbox 1803 1840 1851 1901; x_wconf 78' lang='grc' dir='ltr'><strong>Β</strong></span> <span class='ocrx_word' id='word_1_235' title='bbox 1875 1819 2040 1875; x_wconf 89' lang='lat' dir='ltr'><strong>verba</strong></span> <span class='ocrx_word' id='word_1_236' title='bbox 2068 1821 2360 1891; x_wconf 87' lang='lat' dir='ltr'><strong>sumpsisse</strong></span> <span class='ocrx_word' id='word_1_237' title='bbox 2385 1837 2399 1876; x_wconf 92' lang='lat'><strong>:</strong></span> <span class='ocrx_word' id='word_1_238' title='bbox 2431 1820 2662 1890; x_wconf 89' lang='lat' dir='ltr'><strong>denique</strong></span> <span class='ocrx_word' id='word_1_239' title='bbox 2697 1820 2822 1891; x_wconf 87' lang='lat' dir='ltr'><strong>quia</strong></span> <span class='ocrx_word' id='word_1_240' title='bbox 2851 1821 3044 1876; x_wconf 86' lang='lat' dir='ltr'><strong>tamin</strong></span> <span class='ocrx_word' id='word_1_241' title='bbox 3069 1821 3188 1876; x_wconf 83' lang='lat' dir='ltr'><strong>Vita</strong></span> <span class='ocrx_word' id='word_1_242' title='bbox 3209 1836 3371 1891; x_wconf 90' lang='lat' dir='ltr'><strong>quam</strong></span> <span class='ocrx_word' id='word_1_243' title='bbox 3402 1821 3455 1875; x_wconf 92' lang='lat' dir='ltr'><strong>in</strong></span> 
     </span>
    </p>
   </div>
   <div class='ocr_carea' id='block_1_33' title="bbox 185 1909 1772 1982">
    <p class='ocr_par' dir='ltr' id='par_1_33' title="bbox 185 1909 1772 1982">
     <span class='ocr_line' id='line_1_33' title="bbox 185 1909 1772 1982; baseline 0.002 -19"><span class='ocrx_word' id='word_1_244' title='bbox 185 1916 302 1975; x_wconf 86' lang='lat' dir='ltr'><strong>rat;</strong></span> <span class='ocrx_word' id='word_1_245' title='bbox 324 1922 452 1964; x_wconf 90' lang='lat' dir='ltr'><strong>nam</strong></span> <span class='ocrx_word' id='word_1_246' title='bbox 477 1909 724 1965; x_wconf 89' lang='lat' dir='ltr'><strong>undecim</strong></span> <span class='ocrx_word' id='word_1_247' title='bbox 755 1911 960 1980; x_wconf 87' lang='lat' dir='ltr'><strong>priores</strong></span> <span class='ocrx_word' id='word_1_248' title='bbox 993 1909 1114 1966; x_wconf 91' lang='lat' dir='ltr'><strong>libri</strong></span> <span class='ocrx_word' id='word_1_249' title='bbox 1143 1919 1269 1967; x_wconf 93' lang='lat' dir='ltr'><strong>sunt</strong></span> <span class='ocrx_word' id='word_1_250' title='bbox 1307 1912 1500 1968; x_wconf 90' lang='lat' dir='ltr'><strong>decem</strong></span> <span class='ocrx_word' id='word_1_251' title='bbox 1526 1910 1772 1982; x_wconf 88' lang='lat' dir='ltr'><strong>Eutropii</strong></span> 
     </span>
    </p>
   </div>
   <div class='ocr_carea' id='block_1_34' title="bbox 186 2000 1770 2075">
    <p class='ocr_par' dir='ltr' id='par_1_34' title="bbox 186 2000 1770 2075">
     <span class='ocr_line' id='line_1_34' title="bbox 186 2000 1770 2075; baseline 0.002 -19"><span class='ocrx_word' id='word_1_252' title='bbox 186 2000 322 2069; x_wconf 88' lang='lat' dir='ltr'><strong>libri,</strong></span> <span class='ocrx_word' id='word_1_253' title='bbox 379 2002 579 2072; x_wconf 91' lang='lat' dir='ltr'><strong>quibus</strong></span> <span class='ocrx_word' id='word_1_254' title='bbox 628 2001 825 2059; x_wconf 88' lang='lat' dir='ltr'><strong>Paulus</strong></span> <span class='ocrx_word' id='word_1_255' title='bbox 873 2002 1193 2060; x_wconf 79' lang='lat' dir='ltr'><strong>Warnel‘ridi</strong></span> <span class='ocrx_word' id='word_1_256' title='bbox 1247 2003 1475 2061; x_wconf 90' lang='lat' dir='ltr'><strong>subinde</strong></span> <span class='ocrx_word' id='word_1_257' title='bbox 1527 2005 1770 2075; x_wconf 66' lang='lat' dir='ltr'><strong>quaedam</strong></span> 
     </span>
    </p>
   </div>
   <div class='ocr_carea' id='block_1_35' title="bbox 187 2095 1771 2167">
    <p class='ocr_par' dir='ltr' id='par_1_35' title="bbox 187 2095 1771 2167">
     <span class='ocr_line' id='line_1_35' title="bbox 187 2095 1771 2167; baseline 0.002 -17"><span class='ocrx_word' id='word_1_258' title='bbox 187 2095 430 2164; x_wconf 74' lang='lat' dir='ltr'><strong>adiunxit</strong></span> <span class='ocrx_word' id='word_1_259' title='bbox 456 2114 469 2150; x_wconf 89' lang='lat'><strong>:</strong></span> <span class='ocrx_word' id='word_1_260' title='bbox 497 2096 814 2167; x_wconf 82' lang='lat' dir='ltr'><strong>Entropium</strong></span> <span class='ocrx_word' id='word_1_261' title='bbox 839 2095 1037 2152; x_wconf 90' lang='lat' dir='ltr'><strong>Paulus</strong></span> <span class='ocrx_word' id='word_1_262' title='bbox 1058 2097 1197 2153; x_wconf 88' lang='lat' dir='ltr'><strong>idem</strong></span> <span class='ocrx_word' id='word_1_263' title='bbox 1225 2099 1522 2167; x_wconf 88' lang='lat' dir='ltr'><strong>continuat,</strong></span> <span class='ocrx_word' id='word_1_264' title='bbox 1547 2097 1771 2153; x_wconf 85' lang='lat' dir='ltr'><strong>Paulum</strong></span> 
     </span>
    </p>
   </div>
   <div class='ocr_carea' id='block_1_36' title="bbox 187 2185 1774 2259">
    <p class='ocr_par' dir='ltr' id='par_1_36' title="bbox 187 2185 1774 2259">
     <span class='ocr_line' id='line_1_36' title="bbox 187 2185 1774 2259; baseline 0.003 -18"><span class='ocrx_word' id='word_1_265' title='bbox 187 2185 535 2258; x_wconf 86' lang='lat' dir='ltr'><strong>Landulphus</strong></span> <span class='ocrx_word' id='word_1_266' title='bbox 583 2187 800 2259; x_wconf 83' lang='lat' dir='ltr'><strong>Sagax:</strong></span> <span class='ocrx_word' id='word_1_267' title='bbox 836 2188 925 2243; x_wconf 90' lang='lat' dir='ltr'><strong>alii</strong></span> <span class='ocrx_word' id='word_1_268' title='bbox 971 2189 1074 2243; x_wconf 91' lang='lat' dir='ltr'><strong>alia</strong></span> <span class='ocrx_word' id='word_1_269' title='bbox 1107 2188 1443 2256; x_wconf 87' lang='lat' dir='ltr'><strong>addiderunt,</strong></span> <span class='ocrx_word' id='word_1_270' title='bbox 1477 2197 1573 2245; x_wconf 92' lang='lat' dir='ltr'><strong>aut</strong></span> <span class='ocrx_word' id='word_1_271' title='bbox 1605 2189 1774 2246; x_wconf 90' lang='lat' dir='ltr'><strong>inter-</strong></span> 
     </span>
    </p>
   </div>
   <div class='ocr_carea' id='block_1_37' title="bbox 186 2279 1767 2351">
    <p class='ocr_par' dir='ltr' id='par_1_37' title="bbox 186 2279 1767 2351">
     <span class='ocr_line' id='line_1_37' title="bbox 186 2279 1767 2351; baseline 0.001 -16"><span class='ocrx_word' id='word_1_272' title='bbox 186 2280 456 2350; x_wconf 89' lang='lat' dir='ltr'><strong>polarunt.</strong></span> <span class='ocrx_word' id='word_1_273' title='bbox 489 2281 562 2336; x_wconf 90' lang='lat' dir='ltr'><strong>De</strong></span> <span class='ocrx_word' id='word_1_274' title='bbox 589 2279 756 2336; x_wconf 87' lang='lat' dir='ltr'><strong>Paulo</strong></span> <span class='ocrx_word' id='word_1_275' title='bbox 792 2295 923 2337; x_wconf 89' lang='lat' dir='ltr'><strong>vero</strong></span> <span class='ocrx_word' id='word_1_276' title='bbox 965 2279 1074 2338; x_wconf 86' lang='lat' dir='ltr'><strong>Leo</strong></span> <span class='ocrx_word' id='word_1_277' title='bbox 1100 2281 1432 2338; x_wconf 86' lang='lat' dir='ltr'><strong>Marsicanus</strong></span> <span class='ocrx_word' id='word_1_278' title='bbox 1458 2282 1494 2337; x_wconf 92' lang='lat' dir='ltr'><strong>l.</strong></span> <span class='ocrx_word' id='word_1_279' title='bbox 1531 2298 1571 2351; x_wconf 87' lang='grc' dir='ltr'><strong>ι,</strong></span> <span class='ocrx_word' id='word_1_280' title='bbox 1599 2297 1648 2337; x_wconf 93' lang='lat' dir='ltr'><strong>c.</strong></span> <span class='ocrx_word' id='word_1_281' title='bbox 1681 2281 1767 2347; x_wconf 82' lang='grc'><strong>15,</strong></span> 
     </span>
    </p>
   </div>
   <div class='ocr_carea' id='block_1_38' title="bbox 186 2369 1770 2448">
    <p class='ocr_par' dir='ltr' id='par_1_38' title="bbox 186 2369 1770 2448">
     <span class='ocr_line' id='line_1_38' title="bbox 186 2369 1770 2448; baseline 0.004 -23"><span class='ocrx_word' id='word_1_282' title='bbox 186 2369 387 2427; x_wconf 87' lang='lat' dir='ltr'><strong>Chron.</strong></span> <span class='ocrx_word' id='word_1_283' title='bbox 420 2372 600 2428; x_wconf 89' lang='lat' dir='ltr'><strong>Casin.</strong></span> <span class='ocrx_word' id='word_1_284' title='bbox 627 2389 640 2426; x_wconf 88' lang='lat'><strong>:</strong></span> <span class='ocrx_word' id='word_1_285' title='bbox 669 2371 922 2443; x_wconf 82' lang='lat' dir='ltr'><strong>Ejusdem</strong></span> <span class='ocrx_word' id='word_1_286' title='bbox 949 2373 1255 2447; x_wconf 73' lang='lat' dir='ltr'><strong>Adelpergte</strong></span> <span class='ocrx_word' id='word_1_287' title='bbox 1297 2385 1481 2448; x_wconf 85' lang='lat' dir='ltr'><strong>rogatu</strong></span> <span class='ocrx_word' id='word_1_288' title='bbox 1509 2376 1564 2430; x_wconf 88' lang='lat' dir='ltr'><strong>in</strong></span> <span class='ocrx_word' id='word_1_289' title='bbox 1588 2374 1770 2431; x_wconf 83' lang='lat' dir='ltr'><strong>Histo-</strong></span> 
     </span>
    </p>
   </div>
   <div class='ocr_carea' id='block_1_39' title="bbox 186 2462 1768 2539">
    <p class='ocr_par' dir='ltr' id='par_1_39' title="bbox 186 2462 1768 2539">
     <span class='ocr_line' id='line_1_39' title="bbox 186 2462 1768 2539; baseline 0.002 -22"><span class='ocrx_word' id='word_1_290' title='bbox 186 2464 264 2518; x_wconf 90' lang='lat' dir='ltr'><strong>ria</strong></span> <span class='ocrx_word' id='word_1_291' title='bbox 300 2462 562 2530; x_wconf 85' lang='lat' dir='ltr'><strong>Romana,</strong></span> <span class='ocrx_word' id='word_1_292' title='bbox 610 2482 762 2533; x_wconf 86' lang='lat' dir='ltr'><strong>quam</strong></span> <span class='ocrx_word' id='word_1_293' title='bbox 809 2464 1085 2536; x_wconf 86' lang='lat' dir='ltr'><strong>Eutrapius</strong></span> <span class='ocrx_word' id='word_1_294' title='bbox 1127 2465 1343 2522; x_wconf 83' lang='lat' dir='ltr'><strong>breviter</strong></span> <span class='ocrx_word' id='word_1_295' title='bbox 1388 2476 1768 2539; x_wconf 77' lang='lat' dir='ltr'><strong>composuerat,</strong></span> 
     </span>
    </p>
   </div>
   <div class='ocr_carea' id='block_1_40' title="bbox 185 2556 1767 2624">
    <p class='ocr_par' dir='ltr' id='par_1_40' title="bbox 185 2556 1767 2624">
     <span class='ocr_line' id='line_1_40' title="bbox 185 2556 1767 2624; baseline 0.003 -15"><span class='ocrx_word' id='word_1_296' title='bbox 185 2556 411 2624; x_wconf 87' lang='lat' dir='ltr'><strong>plurima</strong></span> <span class='ocrx_word' id='word_1_297' title='bbox 447 2556 565 2611; x_wconf 89' lang='lat' dir='ltr'><strong>hinc</strong></span> <span class='ocrx_word' id='word_1_298' title='bbox 615 2557 738 2613; x_wconf 89' lang='lat' dir='ltr'><strong>inde</strong></span> <span class='ocrx_word' id='word_1_299' title='bbox 774 2557 837 2611; x_wconf 91' lang='lat' dir='ltr'><strong>de</strong></span> <span class='ocrx_word' id='word_1_300' title='bbox 867 2557 1093 2613; x_wconf 82' lang='lat' dir='ltr'><strong>historiis</strong></span> <span class='ocrx_word' id='word_1_301' title='bbox 1139 2559 1499 2613; x_wconf 85' lang='lat' dir='ltr'><strong>ecclesiasticis</strong></span> <span class='ocrx_word' id='word_1_302' title='bbox 1544 2558 1767 2614; x_wconf 84' lang='lat' dir='ltr'><strong>addidit.</strong></span> 
     </span>
    </p>
   </div>
   <div class='ocr_carea' id='block_1_41' title="bbox 184 2645 1768 2723">
    <p class='ocr_par' dir='ltr' id='par_1_41' title="bbox 184 2645 1768 2723">
     <span class='ocr_line' id='line_1_41' title="bbox 184 2645 1768 2723; baseline 0.004 -22"><span class='ocrx_word' id='word_1_303' title='bbox 184 2645 298 2705; x_wconf 80' lang='lat' dir='ltr'><strong>Hoc</strong></span> <span class='ocrx_word' id='word_1_304' title='bbox 327 2649 383 2704; x_wconf 89' lang='lat' dir='ltr'><strong>in</strong></span> <span class='ocrx_word' id='word_1_305' title='bbox 410 2650 525 2721; x_wconf 88' lang='lat' dir='ltr'><strong>ipsa</strong></span> <span class='ocrx_word' id='word_1_306' title='bbox 561 2651 913 2722; x_wconf 86' lang='lat' dir='ltr'><strong>inscriptione</strong></span> <span class='ocrx_word' id='word_1_307' title='bbox 951 2651 1134 2722; x_wconf 89' lang='lat' dir='ltr'><strong>operis</strong></span> <span class='ocrx_word' id='word_1_308' title='bbox 1159 2651 1420 2706; x_wconf 90' lang='lat' dir='ltr'><strong>innuitur.</strong></span> <span class='ocrx_word' id='word_1_309' title='bbox 1449 2651 1768 2723; x_wconf 80' lang='lat' dir='ltr'><strong>Adelperga,</strong></span> 
     </span>
    </p>
   </div>
   <div class='ocr_carea' id='block_1_42' title="bbox 180 2742 1772 2816">
    <p class='ocr_par' dir='ltr' id='par_1_42' title="bbox 180 2742 1772 2816">
     <span class='ocr_line' id='line_1_42' title="bbox 180 2742 1772 2816; baseline 0.002 -17"><span class='ocrx_word' id='word_1_310' title='bbox 180 2742 296 2799; x_wconf 82' lang='lat' dir='ltr'><strong>sive</strong></span> <span class='ocrx_word' id='word_1_311' title='bbox 323 2742 628 2816; x_wconf 85' lang='lat' dir='ltr'><strong>Aldeberga</strong></span> <span class='ocrx_word' id='word_1_312' title='bbox 657 2746 765 2802; x_wconf 82' lang='lat' dir='ltr'><strong>dux</strong></span> <span class='ocrx_word' id='word_1_313' title='bbox 794 2744 1173 2802; x_wconf 87' lang='lat' dir='ltr'><strong>Beneventana</strong></span> <span class='ocrx_word' id='word_1_314' title='bbox 1212 2744 1330 2810; x_wconf 82' lang='lat' dir='ltr'><strong>fuit,</strong></span> <span class='ocrx_word' id='word_1_315' title='bbox 1371 2743 1480 2801; x_wconf 90' lang='lat' dir='ltr'><strong>ﬁlia</strong></span> <span class='ocrx_word' id='word_1_316' title='bbox 1512 2743 1772 2802; x_wconf 90' lang='lat' dir='ltr'><strong>Desiderii</strong></span> 
     </span>
    </p>
   </div>
   <div class='ocr_carea' id='block_1_43' title="bbox 178 2850 344 2907">
    <p class='ocr_par' dir='ltr' id='par_1_43' title="bbox 178 2850 344 2907">
     <span class='ocr_line' id='line_1_43' title="bbox 178 2850 344 2907; baseline 0.012 -15"><span class='ocrx_word' id='word_1_317' title='bbox 178 2850 344 2907; x_wconf 81' lang='lat' dir='ltr'><strong>regis.</strong></span> 
     </span>
    </p>
   </div>
   <div class='ocr_carea' id='block_1_44' title="bbox 252 2926 1770 2999">
    <p class='ocr_par' dir='ltr' id='par_1_44' title="bbox 252 2926 1770 2999">
     <span class='ocr_line' id='line_1_44' title="bbox 252 2926 1770 2999; baseline -0.001 -15"><span class='ocrx_word' id='word_1_318' title='bbox 252 2927 344 2984; x_wconf 79' lang='lat' dir='ltr'><strong>l5.</strong></span> <span class='ocrx_word' id='word_1_319' title='bbox 394 2926 479 2984; x_wconf 85' lang='lat' dir='ltr'><strong>Ex</strong></span> <span class='ocrx_word' id='word_1_320' title='bbox 516 2927 674 2985; x_wconf 65' lang='lat' dir='ltr'><strong>Luca:</strong></span> <span class='ocrx_word' id='word_1_321' title='bbox 723 2926 986 2984; x_wconf 90' lang='lat' dir='ltr'><strong>Tudensis</strong></span> <span class='ocrx_word' id='word_1_322' title='bbox 1025 2927 1344 2999; x_wconf 69' lang='lat' dir='ltr'><strong>prmfalione</strong></span> <span class='ocrx_word' id='word_1_323' title='bbox 1389 2927 1504 2984; x_wconf 85' lang='lat' dir='ltr'><strong>haec</strong></span> <span class='ocrx_word' id='word_1_324' title='bbox 1541 2927 1770 2999; x_wconf 81' lang='lat' dir='ltr'><strong>proferri</strong></span> 
     </span>
    </p>
   </div>
   <div class='ocr_carea' id='block_1_45' title="bbox 177 3019 1769 3093">
    <p class='ocr_par' dir='ltr' id='par_1_45' title="bbox 177 3019 1769 3093">
     <span class='ocr_line' id='line_1_45' title="bbox 177 3019 1769 3093; baseline -0.001 -17"><span class='ocrx_word' id='word_1_325' title='bbox 177 3027 409 3092; x_wconf 86' lang='lat' dir='ltr'><strong>possunt</strong></span> <span class='ocrx_word' id='word_1_326' title='bbox 442 3038 456 3074; x_wconf 91' lang='lat'><strong>:</strong></span> <span class='ocrx_word' id='word_1_327' title='bbox 487 3021 744 3075; x_wconf 82' lang='lat' dir='ltr'><strong>Astrictus</strong></span> <span class='ocrx_word' id='word_1_328' title='bbox 792 3022 1063 3093; x_wconf 68' lang='lat' dir='ltr'><strong>praeceptis</strong></span> <span class='ocrx_word' id='word_1_329' title='bbox 1106 3019 1492 3091; x_wconf 66' lang='lat' dir='ltr'><strong>gloriosissimas</strong></span> <span class='ocrx_word' id='word_1_330' title='bbox 1550 3035 1612 3074; x_wconf 90' lang='lat' dir='ltr'><strong>ac</strong></span> <span class='ocrx_word' id='word_1_331' title='bbox 1644 3037 1769 3090; x_wconf 87' lang='lat' dir='ltr'><strong>pru-</strong></span> 
     </span>
    </p>
   </div>
   <div class='ocr_carea' id='block_1_46' title="bbox 177 3110 1763 3184">
    <p class='ocr_par' dir='ltr' id='par_1_46' title="bbox 177 3110 1763 3184">
     <span class='ocr_line' id='line_1_46' title="bbox 177 3110 1763 3184; baseline 0.001 -17"><span class='ocrx_word' id='word_1_332' title='bbox 177 3111 497 3167; x_wconf 65' lang='lat' dir='ltr'><strong>dentissima</strong></span> <span class='ocrx_word' id='word_1_333' title='bbox 525 3111 907 3182; x_wconf 81' lang='lat' dir='ltr'><strong>Hispaniarum</strong></span> <span class='ocrx_word' id='word_1_334' title='bbox 949 3113 1141 3184; x_wconf 75' lang='lat' dir='ltr'><strong>reginw</strong></span> <span class='ocrx_word' id='word_1_335' title='bbox 1163 3110 1386 3166; x_wconf 78' lang='lat' dir='ltr'><strong>domina:</strong></span> <span class='ocrx_word' id='word_1_336' title='bbox 1413 3110 1763 3183; x_wconf 78' lang='lat' dir='ltr'><strong>Berengarite,</strong></span> 
     </span>
    </p>
   </div>
   <div class='ocr_carea' id='block_1_47' title="bbox 1879 1910 3456 1984">
    <p class='ocr_par' dir='ltr' id='par_1_47' title="bbox 1879 1910 3456 1984">
     <span class='ocr_line' id='line_1_47' title="bbox 1879 1910 3456 1984; baseline 0.003 -20"><span class='ocrx_word' id='word_1_337' title='bbox 1879 1910 2230 1968; x_wconf 88' lang='lat' dir='ltr'><strong>translatione</strong></span> <span class='ocrx_word' id='word_1_338' title='bbox 2250 1915 2489 1983; x_wconf 77' lang='lat' dir='ltr'><strong>quaedam</strong></span> <span class='ocrx_word' id='word_1_339' title='bbox 2529 1919 2654 1968; x_wconf 89' lang='lat' dir='ltr'><strong>sunt</strong></span> <span class='ocrx_word' id='word_1_340' title='bbox 2685 1912 2880 1984; x_wconf 89' lang='lat' dir='ltr'><strong>quibus</strong></span> <span class='ocrx_word' id='word_1_341' title='bbox 2907 1911 3081 1970; x_wconf 88' lang='lat' dir='ltr'><strong>Lucas</strong></span> <span class='ocrx_word' id='word_1_342' title='bbox 3115 1912 3171 1968; x_wconf 91' lang='lat' dir='ltr'><strong>in</strong></span> <span class='ocrx_word' id='word_1_343' title='bbox 3192 1912 3456 1969; x_wconf 81' lang='lat' dir='ltr'><strong>Chronico</strong></span> 
     </span>
    </p>
   </div>
   <div class='ocr_carea' id='block_1_48' title="bbox 1874 2001 3458 2073">
    <p class='ocr_par' dir='ltr' id='par_1_48' title="bbox 1874 2001 3458 2073">
     <span class='ocr_line' id='line_1_48' title="bbox 1874 2001 3458 2073; baseline 0 -16"><span class='ocrx_word' id='word_1_344' title='bbox 1874 2001 2192 2073; x_wconf 79' lang='lat' dir='ltr'><strong>refragatur,</strong></span> <span class='ocrx_word' id='word_1_345' title='bbox 2221 2003 2352 2073; x_wconf 91' lang='lat' dir='ltr'><strong>quin</strong></span> <span class='ocrx_word' id='word_1_346' title='bbox 2379 2004 2493 2060; x_wconf 77' lang='lat' dir='ltr'><strong>hzec</strong></span> <span class='ocrx_word' id='word_1_347' title='bbox 2523 2004 2662 2060; x_wconf 89' lang='lat' dir='ltr'><strong>ratio</strong></span> <span class='ocrx_word' id='word_1_348' title='bbox 2692 2019 2760 2060; x_wconf 91' lang='lat' dir='ltr'><strong>ex</strong></span> <span class='ocrx_word' id='word_1_349' title='bbox 2787 2004 2997 2060; x_wconf 86' lang='lat' dir='ltr'><strong>diversa</strong></span> <span class='ocrx_word' id='word_1_350' title='bbox 3023 2012 3200 2070; x_wconf 72' lang='lat' dir='ltr'><strong>aetate,</strong></span> <span class='ocrx_word' id='word_1_351' title='bbox 3224 2019 3329 2073; x_wconf 91' lang='lat' dir='ltr'><strong>qua</strong></span> <span class='ocrx_word' id='word_1_352' title='bbox 3356 2002 3458 2058; x_wconf 89' lang='lat' dir='ltr'><strong>Lu-</strong></span> 
     </span>
    </p>
   </div>
   <div class='ocr_carea' id='block_1_49' title="bbox 1875 2094 3457 2167">
    <p class='ocr_par' dir='ltr' id='par_1_49' title="bbox 1875 2094 3457 2167">
     <span class='ocr_line' id='line_1_49' title="bbox 1875 2094 3457 2167; baseline 0.001 -19"><span class='ocrx_word' id='word_1_353' title='bbox 1875 2107 1966 2149; x_wconf 91' lang='lat' dir='ltr'><strong>cas</strong></span> <span class='ocrx_word' id='word_1_354' title='bbox 2003 2094 2214 2150; x_wconf 91' lang='lat' dir='ltr'><strong>diversa</strong></span> <span class='ocrx_word' id='word_1_355' title='bbox 2243 2109 2409 2166; x_wconf 90' lang='lat' dir='ltr'><strong>opera</strong></span> <span class='ocrx_word' id='word_1_356' title='bbox 2459 2095 2752 2166; x_wconf 86' lang='lat' dir='ltr'><strong>scripserit,</strong></span> <span class='ocrx_word' id='word_1_357' title='bbox 2786 2096 3054 2153; x_wconf 89' lang='lat' dir='ltr'><strong>debilitari</strong></span> <span class='ocrx_word' id='word_1_358' title='bbox 3098 2098 3288 2167; x_wconf 89' lang='lat' dir='ltr'><strong>possit,</strong></span> <span class='ocrx_word' id='word_1_359' title='bbox 3335 2111 3457 2154; x_wconf 88' lang='lat' dir='ltr'><strong>cum</strong></span> 
     </span>
    </p>
   </div>
   <div class='ocr_carea' id='block_1_50' title="bbox 1874 2185 3458 2260">
    <p class='ocr_par' dir='ltr' id='par_1_50' title="bbox 1874 2185 3458 2260">
     <span class='ocr_line' id='line_1_50' title="bbox 1874 2185 3458 2260; baseline 0.005 -20"><span class='ocrx_word' id='word_1_360' title='bbox 1874 2186 2054 2256; x_wconf 91' lang='lat' dir='ltr'><strong>potius</strong></span> <span class='ocrx_word' id='word_1_361' title='bbox 2079 2186 2324 2243; x_wconf 87' lang='lat' dir='ltr'><strong>videatur</strong></span> <span class='ocrx_word' id='word_1_362' title='bbox 2349 2185 2521 2244; x_wconf 89' lang='lat' dir='ltr'><strong>Lucas</strong></span> <span class='ocrx_word' id='word_1_363' title='bbox 2547 2189 2728 2244; x_wconf 90' lang='lat' dir='ltr'><strong>omnia</strong></span> <span class='ocrx_word' id='word_1_364' title='bbox 2755 2204 2852 2245; x_wconf 90' lang='lat' dir='ltr'><strong>sua</strong></span> <span class='ocrx_word' id='word_1_365' title='bbox 2887 2204 3054 2260; x_wconf 89' lang='lat' dir='ltr'><strong>opera</strong></span> <span class='ocrx_word' id='word_1_366' title='bbox 3091 2197 3218 2244; x_wconf 91' lang='lat' dir='ltr'><strong>ante</strong></span> <span class='ocrx_word' id='word_1_367' title='bbox 3250 2193 3458 2260; x_wconf 89' lang='lat' dir='ltr'><strong>episco-</strong></span> 
     </span>
    </p>
   </div>
   <div class='ocr_carea' id='block_1_51' title="bbox 1873 2277 3458 2350">
    <p class='ocr_par' dir='ltr' id='par_1_51' title="bbox 1873 2277 3458 2350">
     <span class='ocr_line' id='line_1_51' title="bbox 1873 2277 3458 2350; baseline 0.001 -18"><span class='ocrx_word' id='word_1_368' title='bbox 1873 2286 2058 2348; x_wconf 88' lang='lat' dir='ltr'><strong>patum</strong></span> <span class='ocrx_word' id='word_1_369' title='bbox 2091 2278 2479 2350; x_wconf 84' lang='lat' dir='ltr'><strong>composuisse,</strong></span> <span class='ocrx_word' id='word_1_370' title='bbox 2521 2286 2579 2335; x_wconf 86' lang='lat' dir='ltr'><strong>ut</strong></span> <span class='ocrx_word' id='word_1_371' title='bbox 2607 2278 2812 2348; x_wconf 87' lang='lat' dir='ltr'><strong>colligit</strong></span> <span class='ocrx_word' id='word_1_372' title='bbox 2831 2278 3109 2336; x_wconf 87' lang='lat' dir='ltr'><strong>Florezius</strong></span> <span class='ocrx_word' id='word_1_373' title='bbox 3131 2287 3263 2336; x_wconf 92' lang='lat' dir='ltr'><strong>tom.</strong></span> <span class='ocrx_word' id='word_1_374' title='bbox 3285 2277 3458 2347; x_wconf 84' lang='lat' dir='ltr'><strong>XXII,</strong></span> 
     </span>
    </p>
   </div>
   <div class='ocr_carea' id='block_1_52' title="bbox 1873 2366 2776 2441">
    <p class='ocr_par' dir='ltr' id='par_1_52' title="bbox 1873 2366 2776 2441">
     <span class='ocr_line' id='line_1_52' title="bbox 1873 2366 2776 2441; baseline 0 -17"><span class='ocrx_word' id='word_1_375' title='bbox 1873 2383 1997 2441; x_wconf 89' lang='lat' dir='ltr'><strong>pag.</strong></span> <span class='ocrx_word' id='word_1_376' title='bbox 2031 2369 2153 2435; x_wconf 77' lang='grc'><strong>1⁸55,</strong></span> <span class='ocrx_word' id='word_1_377' title='bbox 2185 2377 2244 2426; x_wconf 91' lang='lat' dir='ltr'><strong>et</strong></span> <span class='ocrx_word' id='word_1_378' title='bbox 2277 2369 2480 2427; x_wconf 90' lang='lat' dir='ltr'><strong>clarius</strong></span> <span class='ocrx_word' id='word_1_379' title='bbox 2505 2383 2629 2440; x_wconf 84' lang='lat' dir='ltr'><strong>pag.</strong></span> <span class='ocrx_word' id='word_1_380' title='bbox 2654 2366 2776 2424; x_wconf 71' lang='grc'><strong>145.</strong></span> 
     </span>
    </p>
   </div>
   <div class='ocr_carea' id='block_1_53' title="bbox 1946 2460 3457 2534">
    <p class='ocr_par' dir='ltr' id='par_1_53' title="bbox 1946 2460 3457 2534">
     <span class='ocr_line' id='line_1_53' title="bbox 1946 2460 3457 2534; baseline 0.002 -18"><span class='ocrx_word' id='word_1_381' title='bbox 1946 2461 2032 2517; x_wconf 87' lang='grc'><strong>18.</strong></span> <span class='ocrx_word' id='word_1_382' title='bbox 2061 2461 2174 2534; x_wconf 69' lang='grc'><strong>84</strong></span> <span class='ocrx_word' id='word_1_383' title='bbox 2191 2461 2481 2519; x_wconf 89' lang='lat' dir='ltr'><strong>Contendit</strong></span> <span class='ocrx_word' id='word_1_384' title='bbox 2509 2469 2688 2516; x_wconf 89' lang='lat' dir='ltr'><strong>tamen</strong></span> <span class='ocrx_word' id='word_1_385' title='bbox 2712 2460 3009 2531; x_wconf 87' lang='lat' dir='ltr'><strong>Florezius,</strong></span> <span class='ocrx_word' id='word_1_386' title='bbox 3041 2461 3242 2518; x_wconf 89' lang='lat' dir='ltr'><strong>Lucam</strong></span> <span class='ocrx_word' id='word_1_387' title='bbox 3268 2471 3457 2519; x_wconf 85' lang='lat' dir='ltr'><strong>aucto-</strong></span> 
     </span>
    </p>
   </div>
   <div class='ocr_carea' id='block_1_54' title="bbox 1873 2555 3461 2628">
    <p class='ocr_par' dir='ltr' id='par_1_54' title="bbox 1873 2555 3461 2628">
     <span class='ocr_line' id='line_1_54' title="bbox 1873 2555 3461 2628; baseline 0 -15"><span class='ocrx_word' id='word_1_388' title='bbox 1873 2572 1990 2614; x_wconf 87' lang='lat' dir='ltr'><strong>rem</strong></span> <span class='ocrx_word' id='word_1_389' title='bbox 2019 2555 2154 2612; x_wconf 73' lang='lat' dir='ltr'><strong>Vitae</strong></span> <span class='ocrx_word' id='word_1_390' title='bbox 2193 2572 2257 2612; x_wconf 89' lang='lat' dir='ltr'><strong>ac</strong></span> <span class='ocrx_word' id='word_1_391' title='bbox 2283 2556 2650 2612; x_wconf 90' lang='lat' dir='ltr'><strong>translationis</strong></span> <span class='ocrx_word' id='word_1_392' title='bbox 2681 2571 2832 2625; x_wconf 90' lang='lat' dir='ltr'><strong>esse,</strong></span> <span class='ocrx_word' id='word_1_393' title='bbox 2861 2558 2986 2628; x_wconf 89' lang='lat' dir='ltr'><strong>quia</strong></span> <span class='ocrx_word' id='word_1_394' title='bbox 3016 2566 3204 2614; x_wconf 89' lang='lat' dir='ltr'><strong>auctor</strong></span> <span class='ocrx_word' id='word_1_395' title='bbox 3231 2565 3313 2614; x_wconf 90' lang='lat' dir='ltr'><strong>est</strong></span> <span class='ocrx_word' id='word_1_396' title='bbox 3341 2558 3461 2614; x_wconf 87' lang='lat' dir='ltr'><strong>libri</strong></span> 
     </span>
    </p>
   </div>
   <div class='ocr_carea' id='block_1_55' title="bbox 1873 2649 3462 2717">
    <p class='ocr_par' dir='ltr' id='par_1_55' title="bbox 1873 2649 3462 2717">
     <span class='ocr_line' id='line_1_55' title="bbox 1873 2649 3462 2717; baseline 0 -11"><span class='ocrx_word' id='word_1_397' title='bbox 1873 2649 1942 2706; x_wconf 90' lang='lat' dir='ltr'><strong>de</strong></span> <span class='ocrx_word' id='word_1_398' title='bbox 1985 2649 2258 2706; x_wconf 83' lang='lat' dir='ltr'><strong>Miraculis</strong></span> <span class='ocrx_word' id='word_1_399' title='bbox 2284 2649 2342 2706; x_wconf 91' lang='lat' dir='ltr'><strong>S.</strong></span> <span class='ocrx_word' id='word_1_400' title='bbox 2368 2649 2589 2717; x_wconf 85' lang='lat' dir='ltr'><strong>lsidori;</strong></span> <span class='ocrx_word' id='word_1_401' title='bbox 2641 2657 2696 2705; x_wconf 91' lang='lat' dir='ltr'><strong>et</strong></span> <span class='ocrx_word' id='word_1_402' title='bbox 2747 2658 2938 2706; x_wconf 90' lang='lat' dir='ltr'><strong>auctor</strong></span> <span class='ocrx_word' id='word_1_403' title='bbox 2966 2649 3098 2705; x_wconf 79' lang='lat' dir='ltr'><strong>Vitae</strong></span> <span class='ocrx_word' id='word_1_404' title='bbox 3133 2665 3198 2706; x_wconf 91' lang='lat' dir='ltr'><strong>ac</strong></span> <span class='ocrx_word' id='word_1_405' title='bbox 3237 2651 3462 2706; x_wconf 87' lang='lat' dir='ltr'><strong>transla-</strong></span> 
     </span>
    </p>
   </div>
   <div class='ocr_carea' id='block_1_56' title="bbox 1876 2744 3463 2816">
    <p class='ocr_par' dir='ltr' id='par_1_56' title="bbox 1876 2744 3463 2816">
     <span class='ocr_line' id='line_1_56' title="bbox 1876 2744 3463 2816; baseline -0.002 -13"><span class='ocrx_word' id='word_1_406' title='bbox 1876 2748 2039 2804; x_wconf 87' lang='lat' dir='ltr'><strong>tionis</strong></span> <span class='ocrx_word' id='word_1_407' title='bbox 2066 2747 2309 2803; x_wconf 88' lang='lat' dir='ltr'><strong>diversus</strong></span> <span class='ocrx_word' id='word_1_408' title='bbox 2344 2763 2451 2802; x_wconf 93' lang='lat' dir='ltr'><strong>non</strong></span> <span class='ocrx_word' id='word_1_409' title='bbox 2476 2755 2560 2803; x_wconf 87' lang='lat' dir='ltr'><strong>est</strong></span> <span class='ocrx_word' id='word_1_410' title='bbox 2587 2746 2654 2801; x_wconf 91' lang='lat' dir='ltr'><strong>ab</strong></span> <span class='ocrx_word' id='word_1_411' title='bbox 2685 2754 2907 2801; x_wconf 84' lang='lat' dir='ltr'><strong>auctore</strong></span> <span class='ocrx_word' id='word_1_412' title='bbox 2931 2745 3110 2816; x_wconf 89' lang='lat' dir='ltr'><strong>operis</strong></span> <span class='ocrx_word' id='word_1_413' title='bbox 3139 2745 3205 2801; x_wconf 91' lang='lat' dir='ltr'><strong>de</strong></span> <span class='ocrx_word' id='word_1_414' title='bbox 3233 2744 3463 2801; x_wconf 82' lang='lat' dir='ltr'><strong>Miracu-</strong></span> 
     </span>
    </p>
   </div>
   <div class='ocr_carea' id='block_1_57' title="bbox 1873 2836 3464 2907">
    <p class='ocr_par' dir='ltr' id='par_1_57' title="bbox 1873 2836 3464 2907">
     <span class='ocr_line' id='line_1_57' title="bbox 1873 2836 3464 2907; baseline -0.001 -13"><span class='ocrx_word' id='word_1_415' title='bbox 1873 2838 1958 2894; x_wconf 91' lang='lat' dir='ltr'><strong>lis.</strong></span> <span class='ocrx_word' id='word_1_416' title='bbox 1994 2839 2288 2894; x_wconf 84' lang='lat' dir='ltr'><strong>Videndum</strong></span> <span class='ocrx_word' id='word_1_417' title='bbox 2333 2854 2505 2906; x_wconf 92' lang='lat' dir='ltr'><strong>nunc,</strong></span> <span class='ocrx_word' id='word_1_418' title='bbox 2536 2838 2806 2907; x_wconf 81' lang='lat' dir='ltr'><strong>quodnam</strong></span> <span class='ocrx_word' id='word_1_419' title='bbox 2832 2838 2902 2892; x_wconf 83' lang='lat' dir='ltr'><strong>sit</strong></span> <span class='ocrx_word' id='word_1_420' title='bbox 2931 2837 3035 2892; x_wconf 89' lang='lat' dir='ltr'><strong>hoc</strong></span> <span class='ocrx_word' id='word_1_421' title='bbox 3060 2852 3197 2906; x_wconf 90' lang='lat' dir='ltr'><strong>opus</strong></span> <span class='ocrx_word' id='word_1_422' title='bbox 3218 2836 3286 2892; x_wconf 93' lang='lat' dir='ltr'><strong>de</strong></span> <span class='ocrx_word' id='word_1_423' title='bbox 3306 2836 3464 2892; x_wconf 88' lang='lat' dir='ltr'><strong>Mira-</strong></span> 
     </span>
    </p>
   </div>
   <div class='ocr_carea' id='block_1_58' title="bbox 1873 2930 3464 2988">
    <p class='ocr_par' dir='ltr' id='par_1_58' title="bbox 1873 2930 3464 2988">
     <span class='ocr_line' id='line_1_58' title="bbox 1873 2930 3464 2988; baseline -0.001 0"><span class='ocrx_word' id='word_1_424' title='bbox 1873 2932 2008 2988; x_wconf 92' lang='lat' dir='ltr'><strong>culis</strong></span> <span class='ocrx_word' id='word_1_425' title='bbox 2043 2932 2100 2988; x_wconf 90' lang='lat' dir='ltr'><strong>S.</strong></span> <span class='ocrx_word' id='word_1_426' title='bbox 2130 2931 2342 2988; x_wconf 89' lang='lat' dir='ltr'><strong>lsidori.</strong></span> <span class='ocrx_word' id='word_1_427' title='bbox 2374 2931 2492 2987; x_wconf 88' lang='lat' dir='ltr'><strong>Nic.</strong></span> <span class='ocrx_word' id='word_1_428' title='bbox 2527 2930 2791 2986; x_wconf 87' lang='lat' dir='ltr'><strong>Antonius</strong></span> <span class='ocrx_word' id='word_1_429' title='bbox 2816 2930 3013 2985; x_wconf 90' lang='lat' dir='ltr'><strong>librum</strong></span> <span class='ocrx_word' id='word_1_430' title='bbox 3039 2931 3107 2986; x_wconf 89' lang='lat' dir='ltr'><strong>de</strong></span> <span class='ocrx_word' id='word_1_431' title='bbox 3133 2930 3406 2986; x_wconf 83' lang='lat' dir='ltr'><strong>Miraculis</strong></span> <span class='ocrx_word' id='word_1_432' title='bbox 3434 2946 3464 2986; x_wconf 90' lang='lat' dir='ltr'><strong>a</strong></span> 
     </span>
    </p>
   </div>
   <div class='ocr_carea' id='block_1_59' title="bbox 1873 3022 3465 3101">
    <p class='ocr_par' dir='ltr' id='par_1_59' title="bbox 1873 3022 3465 3101">
     <span class='ocr_line' id='line_1_59' title="bbox 1873 3022 3465 3101; baseline -0.001 -21"><span class='ocrx_word' id='word_1_433' title='bbox 1873 3025 2242 3081; x_wconf 89' lang='lat' dir='ltr'><strong>translationis</strong></span> <span class='ocrx_word' id='word_1_434' title='bbox 2291 3023 2515 3078; x_wconf 90' lang='lat' dir='ltr'><strong>historia</strong></span> <span class='ocrx_word' id='word_1_435' title='bbox 2572 3023 2841 3101; x_wconf 81' lang='lat' dir='ltr'><strong>diversum</strong></span> <span class='ocrx_word' id='word_1_436' title='bbox 2896 3039 3004 3078; x_wconf 90' lang='lat' dir='ltr'><strong>non</strong></span> <span class='ocrx_word' id='word_1_437' title='bbox 3052 3038 3174 3079; x_wconf 83' lang='lat' dir='ltr'><strong>esse</strong></span> <span class='ocrx_word' id='word_1_438' title='bbox 3211 3022 3465 3091; x_wconf 85' lang='lat' dir='ltr'><strong>conjicie-</strong></span> 
     </span>
    </p>
   </div>
   <div class='ocr_carea' id='block_1_60' title="bbox 1869 3113 3467 3184">
    <p class='ocr_par' dir='ltr' id='par_1_60' title="bbox 1869 3113 3467 3184">
     <span class='ocr_line' id='line_1_60' title="bbox 1869 3113 3467 3184; baseline -0.003 -12"><span class='ocrx_word' id='word_1_439' title='bbox 1869 3116 1962 3172; x_wconf 81' lang='lat' dir='ltr'><strong>bat</strong></span> <span class='ocrx_word' id='word_1_440' title='bbox 2009 3117 2043 3171; x_wconf 95' lang='lat' dir='ltr'><strong>l.</strong></span> <span class='ocrx_word' id='word_1_441' title='bbox 2076 3115 2188 3180; x_wconf 81' lang='lat' dir='ltr'><strong>viii,</strong></span> <span class='ocrx_word' id='word_1_442' title='bbox 2240 3132 2294 3171; x_wconf 95' lang='lat' dir='ltr'><strong>n.</strong></span> <span class='ocrx_word' id='word_1_443' title='bbox 2337 3115 2396 3169; x_wconf 89' lang='lat' dir='ltr'><strong>7-l</strong></span> <span class='ocrx_word' id='word_1_444' title='bbox 2437 3133 2450 3168; x_wconf 91' lang='lat'>:</span> <span class='ocrx_word' id='word_1_445' title='bbox 2484 3129 2606 3169; x_wconf 90' lang='lat' dir='ltr'><strong>nam</strong></span> <span class='ocrx_word' id='word_1_446' title='bbox 2661 3123 2944 3184; x_wconf 88' lang='lat' dir='ltr'><strong>postquam</strong></span> <span class='ocrx_word' id='word_1_447' title='bbox 2998 3113 3066 3170; x_wconf 90' lang='lat' dir='ltr'><strong>de</strong></span> <span class='ocrx_word' id='word_1_448' title='bbox 3098 3113 3467 3170; x_wconf 85' lang='lat' dir='ltr'><strong>translationis</strong></span> 
     </span>
    </p>
   </div>
   <div class='ocr_carea' id='block_1_61' title="bbox 181 3200 3468 3299">
    <p class='ocr_par' dir='ltr' id='par_1_61' title="bbox 181 3200 3468 3299">
     <span class='ocr_line' id='line_1_61' title="bbox 181 3200 3468 3299; baseline -0.001 -35"><span class='ocrx_word' id='word_1_449' title='bbox 181 3221 311 3276; x_wconf 72' lang='lat' dir='ltr'><strong>quia,</strong></span> <span class='ocrx_word' id='word_1_450' title='bbox 340 3212 399 3259; x_wconf 76' lang='lat' dir='ltr'><strong>ut</strong></span> <span class='ocrx_word' id='word_1_451' title='bbox 431 3204 791 3260; x_wconf 70' lang='lat' dir='ltr'><strong>Chronicorum</strong></span> <span class='ocrx_word' id='word_1_452' title='bbox 827 3204 1011 3274; x_wconf 67' lang='lat' dir='ltr'><strong>libros,</strong></span> <span class='ocrx_word' id='word_1_453' title='bbox 1048 3219 1082 3256; x_wconf 88' lang='grc' dir='ltr'><em>α</em></span> <span class='ocrx_word' id='word_1_454' title='bbox 1111 3201 1256 3257; x_wconf 70' lang='lat' dir='ltr'><strong>beata</strong></span> <span class='ocrx_word' id='word_1_455' title='bbox 1286 3200 1494 3257; x_wconf 73' lang='grc' dir='ltr'><strong>Ῑείάονο</strong></span> <span class='ocrx_word' id='word_1_456' title='bbox 1520 3211 1569 3256; x_wconf 79' lang='grc' dir='ltr'><strong>ει</strong></span> <span class='ocrx_word' id='word_1_457' title='bbox 1591 3219 1624 3256; x_wconf 86' lang='grc' dir='ltr'><em>α</em></span> <span class='ocrx_word' id='word_1_458' title='bbox 1651 3205 1766 3275; x_wconf 78' lang='lat' dir='ltr'><strong>qui-</strong></span> <span class='ocrx_word' id='word_1_459' title='bbox 1794 3234 1841 3299; x_wconf 71' lang='grc' dir='ltr'>ο</span> <span class='ocrx_word' id='word_1_460' title='bbox 1871 3211 2093 3266; x_wconf 79' lang='lat' dir='ltr'><strong>historia</strong></span> <span class='ocrx_word' id='word_1_461' title='bbox 2144 3211 2271 3280; x_wconf 77' lang='lat' dir='ltr'><strong>egit,</strong></span> <span class='ocrx_word' id='word_1_462' title='bbox 2323 3207 2527 3264; x_wconf 88' lang='lat' dir='ltr'><strong>addidit</strong></span> <span class='ocrx_word' id='word_1_463' title='bbox 2574 3226 2588 3261; x_wconf 90' lang='lat'><strong>:</strong></span> <span class='ocrx_word' id='word_1_464' title='bbox 2623 3207 2790 3263; x_wconf 87' lang='lat' dir='ltr'><strong>Plane</strong></span> <span class='ocrx_word' id='word_1_465' title='bbox 2844 3209 3091 3278; x_wconf 87' lang='lat' dir='ltr'><strong>scriptum</strong></span> <span class='ocrx_word' id='word_1_466' title='bbox 3152 3207 3246 3263; x_wconf 85' lang='lat' dir='ltr'><strong>hoc</strong></span> <span class='ocrx_word' id='word_1_467' title='bbox 3305 3215 3468 3261; x_wconf 84' lang='lat' dir='ltr'><strong>trans&#39;</strong></span> 
     </span>
    </p>
   </div>
   <div class='ocr_carea' id='block_1_62' title="bbox 183 3294 1769 3368">
    <p class='ocr_par' dir='ltr' id='par_1_62' title="bbox 183 3294 1769 3368">
     <span class='ocr_line' id='line_1_62' title="bbox 183 3294 1769 3368; baseline -0.001 -18"><span class='ocrx_word' id='word_1_468' title='bbox 183 3297 398 3352; x_wconf 85' lang='lat' dir='ltr'><strong>busdam</strong></span> <span class='ocrx_word' id='word_1_469' title='bbox 425 3297 544 3352; x_wconf 85' lang='lat' dir='ltr'><strong>aliis</strong></span> <span class='ocrx_word' id='word_1_470' title='bbox 571 3297 750 3368; x_wconf 85' lang='lat' dir='ltr'><strong>peritis</strong></span> <span class='ocrx_word' id='word_1_471' title='bbox 776 3296 839 3351; x_wconf 91' lang='lat' dir='ltr'><strong>de</strong></span> <span class='ocrx_word' id='word_1_472' title='bbox 865 3295 1084 3352; x_wconf 87' lang='lat' dir='ltr'><strong>historia</strong></span> <span class='ocrx_word' id='word_1_473' title='bbox 1124 3312 1301 3368; x_wconf 86' lang='lat' dir='ltr'><strong>regum</strong></span> <span class='ocrx_word' id='word_1_474' title='bbox 1336 3294 1694 3367; x_wconf 83' lang='lat' dir='ltr'><strong>Hispanorum</strong></span> <span class='ocrx_word' id='word_1_475' title='bbox 1719 3303 1769 3350; x_wconf 88' lang='lat' dir='ltr'><strong>et</strong></span> 
     </span>
    </p>
   </div>
   <div class='ocr_carea' id='block_1_63' title="bbox 187 3386 1772 3461">
    <p class='ocr_par' dir='ltr' id='par_1_63' title="bbox 187 3386 1772 3461">
     <span class='ocr_line' id='line_1_63' title="bbox 187 3386 1772 3461; baseline -0.004 -16"><span class='ocrx_word' id='word_1_476' title='bbox 187 3389 526 3461; x_wconf 84' lang='lat' dir='ltr'><strong>quorumdam</strong></span> <span class='ocrx_word' id='word_1_477' title='bbox 566 3389 788 3445; x_wconf 86' lang='lat' dir='ltr'><strong>aliorum</strong></span> <span class='ocrx_word' id='word_1_478' title='bbox 816 3389 1000 3455; x_wconf 88' lang='lat' dir='ltr'><strong>editos,</strong></span> <span class='ocrx_word' id='word_1_479' title='bbox 1029 3386 1129 3442; x_wconf 84' lang='lat' dir='ltr'><strong>sibi</strong></span> <span class='ocrx_word' id='word_1_480' title='bbox 1166 3387 1438 3442; x_wconf 85' lang='lat' dir='ltr'><strong>scriberem</strong></span> <span class='ocrx_word' id='word_1_481' title='bbox 1465 3387 1772 3457; x_wconf 84' lang='lat' dir='ltr'><strong>imperavit,</strong></span> 
     </span>
    </p>
   </div>
   <div class='ocr_carea' id='block_1_64' title="bbox 187 3477 1776 3554">
    <p class='ocr_par' dir='ltr' id='par_1_64' title="bbox 187 3477 1776 3554">
     <span class='ocr_line' id='line_1_64' title="bbox 187 3477 1776 3554; baseline -0.002 -19"><span class='ocrx_word' id='word_1_482' title='bbox 187 3482 315 3537; x_wconf 85' lang='lat' dir='ltr'><strong>hanc</strong></span> <span class='ocrx_word' id='word_1_483' title='bbox 370 3482 635 3554; x_wconf 74' lang='lat' dir='ltr'><strong>prmisi_</strong></span> <span class='ocrx_word' id='word_1_484' title='bbox 654 3481 1037 3554; x_wconf 72' lang='lat' dir='ltr'><strong>praefationem.</strong></span> <span class='ocrx_word' id='word_1_485' title='bbox 1077 3479 1138 3535; x_wconf 87' lang='lat' dir='ltr'><strong>In</strong></span> <span class='ocrx_word' id='word_1_486' title='bbox 1175 3477 1447 3550; x_wconf 68' lang='lat' dir='ltr'><strong>Hispanias</strong></span> <span class='ocrx_word' id='word_1_487' title='bbox 1497 3478 1776 3534; x_wconf 74' lang='lat' dir='ltr'><strong>illustrata:</strong></span> 
     </span>
    </p>
   </div>
   <div class='ocr_carea' id='block_1_65' title="bbox 188 3549 1778 3644">
    <p class='ocr_par' dir='ltr' id='par_1_65' title="bbox 188 3549 1778 3644">
     <span class='ocr_line' id='line_1_65' title="bbox 188 3549 1778 3644; baseline -0.004 -13"><span class='ocrx_word' id='word_1_488' title='bbox 188 3582 314 3632; x_wconf 89' lang='lat' dir='ltr'><strong>tom.</strong></span> <span class='ocrx_word' id='word_1_489' title='bbox 348 3549 414 3632; x_wconf 80' lang='lat' dir='ltr'><strong>IV</strong></span> <span class='ocrx_word' id='word_1_490' title='bbox 450 3549 664 3633; x_wconf 53' lang='lat' dir='ltr'><strong>editum</strong></span> <span class='ocrx_word' id='word_1_491' title='bbox 686 3549 777 3631; x_wconf 74' lang='lat' dir='ltr'><strong>est</strong></span> <span class='ocrx_word' id='word_1_492' title='bbox 802 3575 1076 3642; x_wconf 75' lang='lat' dir='ltr'><strong>Astrictis;</strong></span> <span class='ocrx_word' id='word_1_493' title='bbox 1115 3574 1212 3631; x_wconf 89' lang='lat' dir='ltr'><strong>sed</strong></span> <span class='ocrx_word' id='word_1_494' title='bbox 1247 3549 1355 3644; x_wconf 59' lang='lat'><strong>83</strong></span> <span class='ocrx_word' id='word_1_495' title='bbox 1383 3588 1572 3629; x_wconf 88' lang='lat' dir='ltr'><strong>sensus</strong></span> <span class='ocrx_word' id='word_1_496' title='bbox 1614 3569 1778 3642; x_wconf 80' lang='lat' dir='ltr'><strong>exigit</strong></span> 
     </span>
    </p>
   </div>
   <div class='ocr_carea' id='block_1_66' title="bbox 189 3664 1777 3740">
    <p class='ocr_par' dir='ltr' id='par_1_66' title="bbox 189 3664 1777 3740">
     <span class='ocr_line' id='line_1_66' title="bbox 189 3664 1777 3740; baseline -0.001 -18"><span class='ocrx_word' id='word_1_497' title='bbox 189 3669 450 3736; x_wconf 85' lang='lat' dir='ltr'><strong>Astrictus,</strong></span> <span class='ocrx_word' id='word_1_498' title='bbox 480 3677 538 3726; x_wconf 92' lang='lat' dir='ltr'><strong>et</strong></span> <span class='ocrx_word' id='word_1_499' title='bbox 569 3668 646 3724; x_wconf 91' lang='lat' dir='ltr'><strong>ita</strong></span> <span class='ocrx_word' id='word_1_500' title='bbox 683 3667 940 3740; x_wconf 87' lang='lat' dir='ltr'><strong>scriptum</strong></span> <span class='ocrx_word' id='word_1_501' title='bbox 972 3667 1186 3738; x_wconf 92' lang='lat' dir='ltr'><strong>reperio</strong></span> <span class='ocrx_word' id='word_1_502' title='bbox 1216 3665 1271 3722; x_wconf 91' lang='lat' dir='ltr'><strong>in</strong></span> <span class='ocrx_word' id='word_1_503' title='bbox 1293 3665 1496 3722; x_wconf 90' lang='lat' dir='ltr'><strong>Codice</strong></span> <span class='ocrx_word' id='word_1_504' title='bbox 1515 3664 1777 3721; x_wconf 87' lang='lat' dir='ltr'><strong>Vaticano</strong></span> 
     </span>
    </p>
   </div>
   <div class='ocr_carea' id='block_1_67' title="bbox 189 3755 1777 3831">
    <p class='ocr_par' dir='ltr' id='par_1_67' title="bbox 189 3755 1777 3831">
     <span class='ocr_line' id='line_1_67' title="bbox 189 3755 1777 3831; baseline -0.002 -15"><span class='ocrx_word' id='word_1_505' title='bbox 189 3761 334 3831; x_wconf 67' lang='lat'><strong>7004,</strong></span> <span class='ocrx_word' id='word_1_506' title='bbox 369 3763 504 3820; x_wconf 90' lang='lat' dir='ltr'><strong>olim</strong></span> <span class='ocrx_word' id='word_1_507' title='bbox 525 3761 805 3818; x_wconf 88' lang='lat' dir='ltr'><strong>Francisci</strong></span> <span class='ocrx_word' id='word_1_508' title='bbox 835 3760 1030 3818; x_wconf 73' lang='lat' dir='ltr'><strong>Penise.</strong></span> <span class='ocrx_word' id='word_1_509' title='bbox 1069 3760 1198 3816; x_wconf 80' lang='lat' dir='ltr'><strong>Post</strong></span> <span class='ocrx_word' id='word_1_510' title='bbox 1227 3759 1379 3830; x_wconf 89' lang='lat' dir='ltr'><strong>plura</strong></span> <span class='ocrx_word' id='word_1_511' title='bbox 1407 3757 1583 3814; x_wconf 90' lang='lat' dir='ltr'><strong>Lucas</strong></span> <span class='ocrx_word' id='word_1_512' title='bbox 1615 3775 1630 3813; x_wconf 89' lang='lat'><strong>:</strong></span> <span class='ocrx_word' id='word_1_513' title='bbox 1661 3755 1777 3813; x_wconf 87' lang='lat' dir='ltr'><strong>Nos</strong></span> 
     </span>
    </p>
   </div>
   <div class='ocr_carea' id='block_1_68' title="bbox 189 3850 1778 3921">
    <p class='ocr_par' dir='ltr' id='par_1_68' title="bbox 189 3850 1778 3921">
     <span class='ocr_line' id='line_1_68' title="bbox 189 3850 1778 3921; baseline -0.002 -12"><span class='ocrx_word' id='word_1_514' title='bbox 189 3870 296 3912; x_wconf 77' lang='lat' dir='ltr'><strong>vero</strong></span> <span class='ocrx_word' id='word_1_515' title='bbox 336 3856 405 3912; x_wconf 90' lang='lat' dir='ltr'><strong>ad</strong></span> <span class='ocrx_word' id='word_1_516' title='bbox 457 3855 624 3913; x_wconf 88' lang='lat' dir='ltr'><strong>libros</strong></span> <span class='ocrx_word' id='word_1_517' title='bbox 668 3856 1028 3911; x_wconf 80' lang='lat' dir='ltr'><strong>chronicorum</strong></span> <span class='ocrx_word' id='word_1_518' title='bbox 1078 3869 1112 3907; x_wconf 92' lang='lat' dir='ltr'><strong>a</strong></span> <span class='ocrx_word' id='word_1_519' title='bbox 1151 3853 1361 3908; x_wconf 88' lang='lat' dir='ltr'><strong>doctore</strong></span> <span class='ocrx_word' id='word_1_520' title='bbox 1401 3850 1778 3921; x_wconf 81' lang='lat' dir='ltr'><strong>Hispaniarum</strong></span> 
     </span>
    </p>
   </div>
   <div class='ocr_carea' id='block_1_69' title="bbox 191 3941 1781 4013">
    <p class='ocr_par' dir='ltr' id='par_1_69' title="bbox 191 3941 1781 4013">
     <span class='ocr_line' id='line_1_69' title="bbox 191 3941 1781 4013; baseline -0.004 -12"><span class='ocrx_word' id='word_1_521' title='bbox 191 3944 386 4006; x_wconf 87' lang='lat' dir='ltr'><strong>Isidoro</strong></span> <span class='ocrx_word' id='word_1_522' title='bbox 435 3949 607 4006; x_wconf 86' lang='lat' dir='ltr'><strong>editos</strong></span> <span class='ocrx_word' id='word_1_523' title='bbox 674 3964 886 4004; x_wconf 88' lang='lat' dir='ltr'><strong>manum</strong></span> <span class='ocrx_word' id='word_1_524' title='bbox 953 3945 1244 4013; x_wconf 85' lang='lat' dir='ltr'><strong>mittimus,</strong></span> <span class='ocrx_word' id='word_1_525' title='bbox 1291 3941 1573 3998; x_wconf 86' lang='lat' dir='ltr'><strong>secundum</strong></span> <span class='ocrx_word' id='word_1_526' title='bbox 1624 3944 1781 3996; x_wconf 91' lang='lat' dir='ltr'><strong>etiam</strong></span> 
     </span>
    </p>
   </div>
   <div class='ocr_carea' id='block_1_70' title="bbox 190 4037 1779 4114">
    <p class='ocr_par' dir='ltr' id='par_1_70' title="bbox 190 4037 1779 4114">
     <span class='ocr_line' id='line_1_70' title="bbox 190 4037 1779 4114; baseline -0.005 -16"><span class='ocrx_word' id='word_1_527' title='bbox 190 4043 424 4111; x_wconf 81' lang='lat' dir='ltr'><strong>quosdam</strong></span> <span class='ocrx_word' id='word_1_528' title='bbox 468 4043 626 4112; x_wconf 89' lang='lat' dir='ltr'><strong>alios,</strong></span> <span class='ocrx_word' id='word_1_529' title='bbox 677 4041 1036 4114; x_wconf 84' lang='lat' dir='ltr'><strong>Hispanorum</strong></span> <span class='ocrx_word' id='word_1_530' title='bbox 1076 4055 1255 4112; x_wconf 87' lang='lat' dir='ltr'><strong>regum</strong></span> <span class='ocrx_word' id='word_1_531' title='bbox 1303 4047 1352 4092; x_wconf 92' lang='lat' dir='ltr'><strong>et</strong></span> <span class='ocrx_word' id='word_1_532' title='bbox 1382 4037 1602 4092; x_wconf 88' lang='lat' dir='ltr'><strong>aliorum</strong></span> <span class='ocrx_word' id='word_1_533' title='bbox 1649 4053 1779 4106; x_wconf 87' lang='lat' dir='ltr'><strong>quo-</strong></span> 
     </span>
    </p>
   </div>
   <div class='ocr_carea' id='block_1_71' title="bbox 192 4126 1781 4205">
    <p class='ocr_par' dir='ltr' id='par_1_71' title="bbox 192 4126 1781 4205">
     <span class='ocr_line' id='line_1_71' title="bbox 192 4126 1781 4205; baseline -0.004 -18"><span class='ocrx_word' id='word_1_534' title='bbox 192 4135 414 4191; x_wconf 86' lang='lat' dir='ltr'><strong>rumdam</strong></span> <span class='ocrx_word' id='word_1_535' title='bbox 450 4136 645 4193; x_wconf 89' lang='lat' dir='ltr'><strong>seriem</strong></span> <span class='ocrx_word' id='word_1_536' title='bbox 679 4131 1052 4205; x_wconf 80' lang='lat' dir='ltr'><strong>prosequendo,</strong></span> <span class='ocrx_word' id='word_1_537' title='bbox 1083 4129 1354 4202; x_wconf 77' lang='lat' dir='ltr'><strong>prwceptis</strong></span> <span class='ocrx_word' id='word_1_538' title='bbox 1394 4126 1781 4199; x_wconf 75' lang='lat' dir='ltr'><strong>gloriosissima:</strong></span> 
     </span>
    </p>
   </div>
   <div class='ocr_carea' id='block_1_72' title="bbox 195 4219 1782 4300">
    <p class='ocr_par' dir='ltr' id='par_1_72' title="bbox 195 4219 1782 4300">
     <span class='ocr_line' id='line_1_72' title="bbox 195 4219 1782 4300; baseline -0.004 -20"><span class='ocrx_word' id='word_1_539' title='bbox 195 4225 568 4299; x_wconf 85' lang='lat' dir='ltr'><strong>Hispaniarum</strong></span> <span class='ocrx_word' id='word_1_540' title='bbox 596 4229 789 4300; x_wconf 76' lang='lat' dir='ltr'><strong>regina:</strong></span> <span class='ocrx_word' id='word_1_541' title='bbox 815 4227 1040 4281; x_wconf 72' lang='lat' dir='ltr'><strong>domina:</strong></span> <span class='ocrx_word' id='word_1_542' title='bbox 1062 4223 1394 4294; x_wconf 80' lang='lat' dir='ltr'><strong>Berengariw</strong></span> <span class='ocrx_word' id='word_1_543' title='bbox 1422 4222 1561 4276; x_wconf 91' lang='lat' dir='ltr'><strong>omni</strong></span> <span class='ocrx_word' id='word_1_544' title='bbox 1583 4219 1782 4276; x_wconf 85' lang='lat' dir='ltr'><strong>deside-</strong></span> 
     </span>
    </p>
   </div>
   <div class='ocr_carea' id='block_1_73' title="bbox 194 4310 1780 4389">
    <p class='ocr_par' dir='ltr' id='par_1_73' title="bbox 194 4310 1780 4389">
     <span class='ocr_line' id='line_1_73' title="bbox 194 4310 1780 4389; baseline -0.007 -14"><span class='ocrx_word' id='word_1_545' title='bbox 194 4321 262 4376; x_wconf 84' lang='lat' dir='ltr'><strong>rio</strong></span> <span class='ocrx_word' id='word_1_546' title='bbox 290 4322 644 4378; x_wconf 86' lang='lat' dir='ltr'><strong>desiderantes</strong></span> <span class='ocrx_word' id='word_1_547' title='bbox 674 4318 895 4389; x_wconf 80' lang='lat' dir='ltr'><strong>ﬁdeliter</strong></span> <span class='ocrx_word' id='word_1_548' title='bbox 921 4318 1246 4389; x_wconf 78' lang='lat' dir='ltr'><strong>satisfacere.</strong></span> <span class='ocrx_word' id='word_1_549' title='bbox 1273 4312 1402 4385; x_wconf 90' lang='lat' dir='ltr'><strong>Ipsa</strong></span> <span class='ocrx_word' id='word_1_550' title='bbox 1434 4313 1602 4379; x_wconf 91' lang='lat' dir='ltr'><strong>enim,</strong></span> <span class='ocrx_word' id='word_1_551' title='bbox 1636 4310 1780 4381; x_wconf 85' lang='lat' dir='ltr'><strong>cujus</strong></span> 
     </span>
    </p>
   </div>
   <div class='ocr_carea' id='block_1_74' title="bbox 196 4403 1784 4489">
    <p class='ocr_par' dir='ltr' id='par_1_74' title="bbox 196 4403 1784 4489">
     <span class='ocr_line' id='line_1_74' title="bbox 196 4403 1784 4489; baseline -0.006 -22"><span class='ocrx_word' id='word_1_552' title='bbox 196 4416 445 4472; x_wconf 84' lang='lat' dir='ltr'><strong>catholicis</strong></span> <span class='ocrx_word' id='word_1_553' title='bbox 475 4415 753 4489; x_wconf 66' lang='lat' dir='ltr'><strong>praeceptis</strong></span> <span class='ocrx_word' id='word_1_554' title='bbox 787 4428 894 4468; x_wconf 88' lang='lat' dir='ltr'><strong>non</strong></span> <span class='ocrx_word' id='word_1_555' title='bbox 922 4412 1041 4466; x_wconf 87' lang='lat' dir='ltr'><strong>licet</strong></span> <span class='ocrx_word' id='word_1_556' title='bbox 1075 4427 1166 4465; x_wconf 91' lang='lat' dir='ltr'><strong>nec</strong></span> <span class='ocrx_word' id='word_1_557' title='bbox 1192 4407 1314 4463; x_wconf 87' lang='lat' dir='ltr'><strong>libet</strong></span> <span class='ocrx_word' id='word_1_558' title='bbox 1342 4406 1602 4470; x_wconf 80' lang='lat' dir='ltr'><strong>resistere,</strong></span> <span class='ocrx_word' id='word_1_559' title='bbox 1656 4403 1784 4458; x_wconf 86' lang='lat' dir='ltr'><strong>mihi</strong></span> 
     </span>
    </p>
   </div>
   <div class='ocr_carea' id='block_1_75' title="bbox 199 4499 1778 4582">
    <p class='ocr_par' dir='ltr' id='par_1_75' title="bbox 199 4499 1778 4582">
     <span class='ocr_line' id='line_1_75' title="bbox 199 4499 1778 4582; baseline -0.006 -21"><span class='ocrx_word' id='word_1_560' title='bbox 199 4504 340 4565; x_wconf 77' lang='lat' dir='ltr'><strong>Luae</strong></span> <span class='ocrx_word' id='word_1_561' title='bbox 366 4509 588 4582; x_wconf 87' lang='lat' dir='ltr'><strong>indigno</strong></span> <span class='ocrx_word' id='word_1_562' title='bbox 626 4506 866 4572; x_wconf 88' lang='lat' dir='ltr'><strong>diacono,</strong></span> <span class='ocrx_word' id='word_1_563' title='bbox 915 4513 970 4558; x_wconf 91' lang='lat' dir='ltr'><strong>ut</strong></span> <span class='ocrx_word' id='word_1_564' title='bbox 998 4504 1092 4559; x_wconf 88' lang='lat' dir='ltr'><strong>hoc</strong></span> <span class='ocrx_word' id='word_1_565' title='bbox 1120 4502 1438 4575; x_wconf 82' lang='lat' dir='ltr'><strong>perﬁcerem,</strong></span> <span class='ocrx_word' id='word_1_566' title='bbox 1485 4499 1778 4570; x_wconf 83' lang='lat' dir='ltr'><strong>imperavit.</strong></span> 
     </span>
    </p>
   </div>
   <div class='ocr_carea' id='block_1_76' title="bbox 263 4587 1781 4668">
    <p class='ocr_par' dir='ltr' id='par_1_76' title="bbox 263 4587 1781 4668">
     <span class='ocr_line' id='line_1_76' title="bbox 263 4587 1781 4668; baseline -0.007 -15"><span class='ocrx_word' id='word_1_567' title='bbox 263 4600 345 4656; x_wconf 80' lang='lat' dir='ltr'><strong>l6.</strong></span> <span class='ocrx_word' id='word_1_568' title='bbox 375 4602 560 4660; x_wconf 89' lang='lat' dir='ltr'><strong>Verba</strong></span> <span class='ocrx_word' id='word_1_569' title='bbox 609 4599 701 4655; x_wconf 90' lang='lat' dir='ltr'><strong>illa</strong></span> <span class='ocrx_word' id='word_1_570' title='bbox 730 4597 928 4668; x_wconf 89' lang='lat' dir='ltr'><strong>quibus</strong></span> <span class='ocrx_word' id='word_1_571' title='bbox 956 4611 1085 4652; x_wconf 88' lang='lat' dir='ltr'><strong>usus</strong></span> <span class='ocrx_word' id='word_1_572' title='bbox 1128 4592 1305 4649; x_wconf 92' lang='lat' dir='ltr'><strong>Lucas</strong></span> <span class='ocrx_word' id='word_1_573' title='bbox 1352 4599 1453 4659; x_wconf 88' lang='lat' dir='ltr'><strong>est,</strong></span> <span class='ocrx_word' id='word_1_574' title='bbox 1496 4589 1578 4644; x_wconf 79' lang='lat' dir='ltr'><strong>Ad</strong></span> <span class='ocrx_word' id='word_1_575' title='bbox 1623 4587 1781 4644; x_wconf 85' lang='lat' dir='ltr'><strong>libros</strong></span> 
     </span>
    </p>
   </div>
   <div class='ocr_carea' id='block_1_77' title="bbox 203 4680 1781 4759">
    <p class='ocr_par' dir='ltr' id='par_1_77' title="bbox 203 4680 1781 4759">
     <span class='ocr_line' id='line_1_77' title="bbox 203 4680 1781 4759; baseline -0.005 -16"><span class='ocrx_word' id='word_1_576' title='bbox 203 4705 395 4748; x_wconf 86' lang='lat' dir='ltr'><strong>manum</strong></span> <span class='ocrx_word' id='word_1_577' title='bbox 422 4694 693 4759; x_wconf 84' lang='lat' dir='ltr'><strong>mittimus,</strong></span> <span class='ocrx_word' id='word_1_578' title='bbox 725 4699 857 4758; x_wconf 88' lang='lat' dir='ltr'><strong>etc.,</strong></span> <span class='ocrx_word' id='word_1_579' title='bbox 903 4689 1130 4744; x_wconf 90' lang='lat' dir='ltr'><strong>innuere</strong></span> <span class='ocrx_word' id='word_1_580' title='bbox 1170 4684 1439 4750; x_wconf 91' lang='lat' dir='ltr'><strong>videntur,</strong></span> <span class='ocrx_word' id='word_1_581' title='bbox 1471 4696 1578 4738; x_wconf 93' lang='lat' dir='ltr'><strong>non</strong></span> <span class='ocrx_word' id='word_1_582' title='bbox 1607 4680 1781 4737; x_wconf 87' lang='lat' dir='ltr'><strong>solum</strong></span> 
     </span>
    </p>
   </div>
   <div class='ocr_carea' id='block_1_78' title="bbox 205 4772 1782 4842">
    <p class='ocr_par' dir='ltr' id='par_1_78' title="bbox 205 4772 1782 4842">
     <span class='ocr_line' id='line_1_78' title="bbox 205 4772 1782 4842; baseline -0.003 -8"><span class='ocrx_word' id='word_1_583' title='bbox 205 4796 233 4834; x_wconf 88' lang='lat' dir='ltr'><strong>a</strong></span> <span class='ocrx_word' id='word_1_584' title='bbox 262 4781 397 4839; x_wconf 89' lang='lat' dir='ltr'><strong>Luca</strong></span> <span class='ocrx_word' id='word_1_585' title='bbox 423 4782 780 4842; x_wconf 83' lang='lat' dir='ltr'><strong>describenda</strong></span> <span class='ocrx_word' id='word_1_586' title='bbox 825 4781 991 4837; x_wconf 83' lang='lat' dir='ltr'><strong>fuisse</strong></span> <span class='ocrx_word' id='word_1_587' title='bbox 1034 4778 1316 4842; x_wconf 87' lang='lat' dir='ltr'><strong>chronica,</strong></span> <span class='ocrx_word' id='word_1_588' title='bbox 1349 4774 1445 4833; x_wconf 91' lang='lat' dir='ltr'><strong>sed</strong></span> <span class='ocrx_word' id='word_1_589' title='bbox 1484 4772 1540 4830; x_wconf 90' lang='lat' dir='ltr'><strong>in</strong></span> <span class='ocrx_word' id='word_1_590' title='bbox 1587 4789 1782 4831; x_wconf 88' lang='lat' dir='ltr'><strong>novam</strong></span> 
     </span>
    </p>
   </div>
   <div class='ocr_carea' id='block_1_79' title="bbox 206 4864 1784 4947">
    <p class='ocr_par' dir='ltr' id='par_1_79' title="bbox 206 4864 1784 4947">
     <span class='ocr_line' id='line_1_79' title="bbox 206 4864 1784 4947; baseline -0.002 -21"><span class='ocrx_word' id='word_1_591' title='bbox 206 4870 417 4935; x_wconf 79' lang='lat' dir='ltr'><strong>formam</strong></span> <span class='ocrx_word' id='word_1_592' title='bbox 449 4869 768 4947; x_wconf 79' lang='lat' dir='ltr'><strong>redigehda.</strong></span> <span class='ocrx_word' id='word_1_593' title='bbox 793 4873 1006 4930; x_wconf 89' lang='lat' dir='ltr'><strong>Vellem</strong></span> <span class='ocrx_word' id='word_1_594' title='bbox 1035 4881 1238 4938; x_wconf 90' lang='lat' dir='ltr'><strong>tamen,</strong></span> <span class='ocrx_word' id='word_1_595' title='bbox 1278 4868 1477 4926; x_wconf 88' lang='lat' dir='ltr'><strong>clarius</strong></span> <span class='ocrx_word' id='word_1_596' title='bbox 1517 4864 1574 4922; x_wconf 92' lang='lat' dir='ltr'><strong>id</strong></span> <span class='ocrx_word' id='word_1_597' title='bbox 1615 4880 1784 4937; x_wconf 89' lang='lat' dir='ltr'><strong>expo-</strong></span> 
     </span>
    </p>
   </div>
   <div class='ocr_carea' id='block_1_80' title="bbox 206 4959 1780 5040">
    <p class='ocr_par' dir='ltr' id='par_1_80' title="bbox 206 4959 1780 5040">
     <span class='ocr_line' id='line_1_80' title="bbox 206 4959 1780 5040; baseline -0.005 -19"><span class='ocrx_word' id='word_1_598' title='bbox 206 4967 418 5040; x_wconf 84' lang='lat' dir='ltr'><strong>suisset;</strong></span> <span class='ocrx_word' id='word_1_599' title='bbox 456 4987 585 5029; x_wconf 90' lang='lat' dir='ltr'><strong>nam</strong></span> <span class='ocrx_word' id='word_1_600' title='bbox 637 4976 766 5028; x_wconf 89' lang='lat' dir='ltr'><strong>sunt</strong></span> <span class='ocrx_word' id='word_1_601' title='bbox 816 4967 922 5024; x_wconf 90' lang='lat' dir='ltr'><strong>alia</strong></span> <span class='ocrx_word' id='word_1_602' title='bbox 975 4981 1094 5038; x_wconf 69' lang='lat' dir='ltr'><strong>qua:</strong></span> <span class='ocrx_word' id='word_1_603' title='bbox 1145 4962 1390 5030; x_wconf 90' lang='lat' dir='ltr'><strong>suadent,</strong></span> <span class='ocrx_word' id='word_1_604' title='bbox 1443 4959 1780 5032; x_wconf 89' lang='lat' dir='ltr'><strong>propositum</strong></span> 
     </span>
    </p>
   </div>
   <div class='ocr_carea' id='block_1_81' title="bbox 208 5052 1783 5123">
    <p class='ocr_par' dir='ltr' id='par_1_81' title="bbox 208 5052 1783 5123">
     <span class='ocr_line' id='line_1_81' title="bbox 208 5052 1783 5123; baseline -0.004 -9"><span class='ocrx_word' id='word_1_605' title='bbox 208 5065 404 5121; x_wconf 79' lang='lat' dir='ltr'><strong>tantum</strong></span> <span class='ocrx_word' id='word_1_606' title='bbox 437 5064 599 5123; x_wconf 71' lang='lat' dir='ltr'><strong>Lucae</strong></span> <span class='ocrx_word' id='word_1_607' title='bbox 640 5064 806 5122; x_wconf 82' lang='lat' dir='ltr'><strong>fuisse</strong></span> <span class='ocrx_word' id='word_1_608' title='bbox 844 5071 902 5118; x_wconf 88' lang='lat' dir='ltr'><strong>ut</strong></span> <span class='ocrx_word' id='word_1_609' title='bbox 941 5060 1321 5118; x_wconf 89' lang='lat' dir='ltr'><strong>chronicorum</strong></span> <span class='ocrx_word' id='word_1_610' title='bbox 1349 5055 1550 5113; x_wconf 87' lang='lat' dir='ltr'><strong>seriem</strong></span> <span class='ocrx_word' id='word_1_611' title='bbox 1587 5062 1643 5110; x_wconf 90' lang='lat' dir='ltr'><strong>et</strong></span> <span class='ocrx_word' id='word_1_612' title='bbox 1670 5052 1783 5110; x_wconf 88' lang='lat' dir='ltr'><strong>col-</strong></span> 
     </span>
    </p>
   </div>
   <div class='ocr_carea' id='block_1_82' title="bbox 212 5147 1782 5225">
    <p class='ocr_par' dir='ltr' id='par_1_82' title="bbox 212 5147 1782 5225">
     <span class='ocr_line' id='line_1_82' title="bbox 212 5147 1782 5225; baseline -0.001 -19"><span class='ocrx_word' id='word_1_613' title='bbox 212 5147 485 5215; x_wconf 89' lang='lat' dir='ltr'><strong>lectionem</strong></span> <span class='ocrx_word' id='word_1_614' title='bbox 515 5157 811 5216; x_wconf 86' lang='lat' dir='ltr'><strong>ordinaret.</strong></span> <span class='ocrx_word' id='word_1_615' title='bbox 839 5155 998 5224; x_wconf 85' lang='lat' dir='ltr'><strong>Quid,</strong></span> <span class='ocrx_word' id='word_1_616' title='bbox 1028 5152 1177 5225; x_wconf 89' lang='lat' dir='ltr'><strong>quod</strong></span> <span class='ocrx_word' id='word_1_617' title='bbox 1216 5151 1390 5208; x_wconf 91' lang='lat' dir='ltr'><strong>Lucas</strong></span> <span class='ocrx_word' id='word_1_618' title='bbox 1426 5149 1544 5221; x_wconf 89' lang='lat' dir='ltr'><strong>ipse</strong></span> <span class='ocrx_word' id='word_1_619' title='bbox 1589 5147 1782 5215; x_wconf 84' lang='lat' dir='ltr'><strong>innuit,</strong></span> 
     </span>
    </p>
   </div>
   <div class='ocr_carea' id='block_1_83' title="bbox 213 5242 1786 5320">
    <p class='ocr_par' dir='ltr' id='par_1_83' title="bbox 213 5242 1786 5320">
     <span class='ocr_line' id='line_1_83' title="bbox 213 5242 1786 5320; baseline -0.001 -22"><span class='ocrx_word' id='word_1_620' title='bbox 213 5245 333 5304; x_wconf 88' lang='lat' dir='ltr'><strong>nihil</strong></span> <span class='ocrx_word' id='word_1_621' title='bbox 352 5266 409 5309; x_wconf 88' lang='lat' dir='ltr'><strong>se</strong></span> <span class='ocrx_word' id='word_1_622' title='bbox 434 5260 786 5320; x_wconf 89' lang='lat' dir='ltr'><strong>mutaturum,</strong></span> <span class='ocrx_word' id='word_1_623' title='bbox 820 5250 920 5306; x_wconf 89' lang='lat' dir='ltr'><strong>nisi</strong></span> <span class='ocrx_word' id='word_1_624' title='bbox 942 5248 1090 5320; x_wconf 87' lang='lat' dir='ltr'><strong>quod</strong></span> <span class='ocrx_word' id='word_1_625' title='bbox 1116 5245 1511 5317; x_wconf 79' lang='lat' dir='ltr'><strong>exscriptorum</strong></span> <span class='ocrx_word' id='word_1_626' title='bbox 1537 5242 1671 5299; x_wconf 89' lang='lat' dir='ltr'><strong>vitio</strong></span> <span class='ocrx_word' id='word_1_627' title='bbox 1693 5248 1786 5297; x_wconf 89' lang='lat' dir='ltr'><strong>aut</strong></span> 
     </span>
    </p>
   </div>
   <div class='ocr_carea' id='block_1_84' title="bbox 212 5335 1785 5419">
    <p class='ocr_par' dir='ltr' id='par_1_84' title="bbox 212 5335 1785 5419">
     <span class='ocr_line' id='line_1_84' title="bbox 212 5335 1785 5419; baseline 0 -28"><span class='ocrx_word' id='word_1_628' title='bbox 212 5335 382 5401; x_wconf 81' lang='lat' dir='ltr'><strong>fraude</strong></span> <span class='ocrx_word' id='word_1_629' title='bbox 425 5353 738 5419; x_wconf 87' lang='lat' dir='ltr'><strong>corruptum</strong></span> <span class='ocrx_word' id='word_1_630' title='bbox 778 5343 1112 5416; x_wconf 88' lang='lat' dir='ltr'><strong>reperisset?</strong></span> <span class='ocrx_word' id='word_1_631' title='bbox 1139 5340 1200 5397; x_wconf 89' lang='lat' dir='ltr'><strong>In</strong></span> <span class='ocrx_word' id='word_1_632' title='bbox 1242 5338 1468 5411; x_wconf 88' lang='lat' dir='ltr'><strong>prologo</strong></span> <span class='ocrx_word' id='word_1_633' title='bbox 1498 5336 1567 5394; x_wconf 88' lang='lat' dir='ltr'><strong>ad</strong></span> <span class='ocrx_word' id='word_1_634' title='bbox 1613 5335 1785 5392; x_wconf 89' lang='lat' dir='ltr'><strong>lsido-</strong></span> 
     </span>
    </p>
   </div>
   <div class='ocr_carea' id='block_1_85' title="bbox 213 5425 1786 5498">
    <p class='ocr_par' dir='ltr' id='par_1_85' title="bbox 213 5425 1786 5498">
     <span class='ocr_line' id='line_1_85' title="bbox 213 5425 1786 5498; baseline -0.006 -9"><span class='ocrx_word' id='word_1_635' title='bbox 213 5427 403 5491; x_wconf 77' lang='lat' dir='ltr'><strong>rianum</strong></span> <span class='ocrx_word' id='word_1_636' title='bbox 441 5437 741 5494; x_wconf 88' lang='lat' dir='ltr'><strong>Gothorum</strong></span> <span class='ocrx_word' id='word_1_637' title='bbox 789 5433 1095 5491; x_wconf 89' lang='lat' dir='ltr'><strong>Chronicon</strong></span> <span class='ocrx_word' id='word_1_638' title='bbox 1135 5450 1148 5486; x_wconf 93' lang='lat'>:</span> <span class='ocrx_word' id='word_1_639' title='bbox 1187 5429 1310 5486; x_wconf 78' lang='lat' dir='ltr'><strong>1am</strong></span> <span class='ocrx_word' id='word_1_640' title='bbox 1356 5445 1528 5498; x_wconf 89' lang='lat' dir='ltr'><strong>nunc,</strong></span> <span class='ocrx_word' id='word_1_641' title='bbox 1575 5425 1786 5498; x_wconf 87' lang='lat' dir='ltr'><strong>inquit,</strong></span> 
     </span>
    </p>
   </div>
   <div class='ocr_carea' id='block_1_86' title="bbox 214 5521 1784 5604">
    <p class='ocr_par' dir='ltr' id='par_1_86' title="bbox 214 5521 1784 5604">
     <span class='ocr_line' id='line_1_86' title="bbox 214 5521 1784 5604; baseline -0.008 -16"><span class='ocrx_word' id='word_1_642' title='bbox 214 5523 274 5576; x_wconf 76' lang='grc' dir='ltr'><strong>αά</strong></span> <span class='ocrx_word' id='word_1_643' title='bbox 296 5537 433 5597; x_wconf 76' lang='lat' dir='ltr'><strong>gesta</strong></span> <span class='ocrx_word' id='word_1_644' title='bbox 451 5548 628 5604; x_wconf 90' lang='lat' dir='ltr'><strong>regum</strong></span> <span class='ocrx_word' id='word_1_645' title='bbox 656 5531 940 5587; x_wconf 82' lang='lat' dir='ltr'><strong>Gothorum</strong></span> <span class='ocrx_word' id='word_1_646' title='bbox 966 5543 1178 5583; x_wconf 89' lang='lat' dir='ltr'><strong>manum</strong></span> <span class='ocrx_word' id='word_1_647' title='bbox 1205 5526 1477 5590; x_wconf 86' lang='lat' dir='ltr'><strong>mittimus,</strong></span> <span class='ocrx_word' id='word_1_648' title='bbox 1503 5521 1784 5578; x_wconf 84' lang='lat' dir='ltr'><strong>Chronico-</strong></span> 
     </span>
    </p>
   </div>
   <div class='ocr_carea' id='block_1_87' title="bbox 215 5612 1784 5690">
    <p class='ocr_par' dir='ltr' id='par_1_87' title="bbox 215 5612 1784 5690">
     <span class='ocr_line' id='line_1_87' title="bbox 215 5612 1784 5690; baseline -0.004 -17"><span class='ocrx_word' id='word_1_649' title='bbox 215 5627 317 5672; x_wconf 73' lang='lat' dir='ltr'><strong>ntm</strong></span> <span class='ocrx_word' id='word_1_650' title='bbox 336 5621 514 5679; x_wconf 87' lang='lat' dir='ltr'><strong>librum</strong></span> <span class='ocrx_word' id='word_1_651' title='bbox 537 5624 730 5681; x_wconf 76' lang='lat' dir='ltr'><strong>lsidori</strong></span> <span class='ocrx_word' id='word_1_652' title='bbox 761 5622 984 5679; x_wconf 84' lang='lat' dir='ltr'><strong>doctoris</strong></span> <span class='ocrx_word' id='word_1_653' title='bbox 1016 5619 1398 5690; x_wconf 87' lang='lat' dir='ltr'><strong>Hispaniarum</strong></span> <span class='ocrx_word' id='word_1_654' title='bbox 1428 5613 1706 5671; x_wconf 87' lang='lat' dir='ltr'><strong>secundum</strong></span> <span class='ocrx_word' id='word_1_655' title='bbox 1728 5612 1784 5667; x_wconf 88' lang='lat' dir='ltr'><strong>in</strong></span> 
     </span>
    </p>
   </div>
   <div class='ocr_carea' id='block_1_88' title="bbox 217 5708 1785 5789">
    <p class='ocr_par' dir='ltr' id='par_1_88' title="bbox 217 5708 1785 5789">
     <span class='ocr_line' id='line_1_88' title="bbox 217 5708 1785 5789; baseline -0.011 -13"><span class='ocrx_word' id='word_1_656' title='bbox 217 5719 352 5776; x_wconf 71' lang='grc' dir='ltr'><strong>ορεη</strong></span> <span class='ocrx_word' id='word_1_657' title='bbox 379 5725 754 5789; x_wconf 79' lang='lat' dir='ltr'><strong>proponentes;</strong></span> <span class='ocrx_word' id='word_1_658' title='bbox 801 5724 974 5770; x_wconf 90' lang='lat' dir='ltr'><strong>tamen</strong></span> <span class='ocrx_word' id='word_1_659' title='bbox 1004 5712 1288 5778; x_wconf 88' lang='lat' dir='ltr'><strong>sciendum,</strong></span> <span class='ocrx_word' id='word_1_660' title='bbox 1343 5709 1479 5780; x_wconf 87' lang='lat' dir='ltr'><strong>quod</strong></span> <span class='ocrx_word' id='word_1_661' title='bbox 1507 5708 1562 5761; x_wconf 90' lang='lat' dir='ltr'><strong>in</strong></span> <span class='ocrx_word' id='word_1_662' title='bbox 1607 5721 1785 5778; x_wconf 84' lang='lat' dir='ltr'><strong>regum</strong></span> 
     </span>
    </p>
   </div>
   <div class='ocr_carea' id='block_1_89' title="bbox 219 5790 1788 5876">
    <p class='ocr_par' dir='ltr' id='par_1_89' title="bbox 219 5790 1788 5876">
     <span class='ocr_line' id='line_1_89' title="bbox 219 5790 1788 5876; baseline -0.003 -21"><span class='ocrx_word' id='word_1_663' title='bbox 219 5790 476 5861; x_wconf 75' lang='lat' dir='ltr'><strong>Cuthorum</strong></span> <span class='ocrx_word' id='word_1_664' title='bbox 499 5811 648 5876; x_wconf 84' lang='lat' dir='ltr'><strong>serie,</strong></span> <span class='ocrx_word' id='word_1_665' title='bbox 672 5816 721 5863; x_wconf 90' lang='lat' dir='ltr'><strong>et</strong></span> <span class='ocrx_word' id='word_1_666' title='bbox 742 5808 796 5862; x_wconf 88' lang='lat' dir='ltr'><strong>in</strong></span> <span class='ocrx_word' id='word_1_667' title='bbox 828 5805 1183 5863; x_wconf 84' lang='lat' dir='ltr'><strong>Romanorum</strong></span> <span class='ocrx_word' id='word_1_668' title='bbox 1209 5805 1604 5875; x_wconf 86' lang='lat' dir='ltr'><strong>imperatorum,</strong></span> <span class='ocrx_word' id='word_1_669' title='bbox 1635 5807 1788 5868; x_wconf 88' lang='lat' dir='ltr'><strong>atque</strong></span> 
     </span>
    </p>
   </div>
   <div class='ocr_carea' id='block_1_90' title="bbox 217 5885 1786 5972">
    <p class='ocr_par' dir='ltr' id='par_1_90' title="bbox 217 5885 1786 5972">
     <span class='ocr_line' id='line_1_90' title="bbox 217 5885 1786 5972; baseline -0.006 -17"><span class='ocrx_word' id='word_1_670' title='bbox 217 5885 418 5954; x_wconf 62' lang='lat' dir='ltr'><strong>“uorum</strong></span> <span class='ocrx_word' id='word_1_671' title='bbox 436 5899 724 5972; x_wconf 86' lang='lat' dir='ltr'><strong>principum</strong></span> <span class='ocrx_word' id='word_1_672' title='bbox 755 5900 862 5971; x_wconf 78' lang='lat' dir='ltr'><strong>fere</strong></span> <span class='ocrx_word' id='word_1_673' title='bbox 882 5899 1062 5968; x_wconf 87' lang='lat' dir='ltr'><strong>ubique</strong></span> <span class='ocrx_word' id='word_1_674' title='bbox 1093 5897 1290 5956; x_wconf 77' lang='lat' dir='ltr'><strong>discors</strong></span> <span class='ocrx_word' id='word_1_675' title='bbox 1317 5908 1571 5953; x_wconf 87' lang='lat' dir='ltr'><strong>annorum</strong></span> <span class='ocrx_word' id='word_1_676' title='bbox 1609 5907 1786 5946; x_wconf 85' lang='lat' dir='ltr'><strong>nume-</strong></span> 
     </span>
    </p>
   </div>
   <div class='ocr_carea' id='block_1_91' title="bbox 470 5989 1079 6056">
    <p class='ocr_par' dir='ltr' id='par_1_91' title="bbox 470 5989 1079 6056">
     <span class='ocr_line' id='line_1_91' title="bbox 470 5989 1079 6056; baseline -0.002 -4"><span class='ocrx_word' id='word_1_677' title='bbox 470 5993 740 6056; x_wconf 75' lang='lat' dir='ltr'><strong>PATROL.</strong></span> <span class='ocrx_word' id='word_1_678' title='bbox 783 5989 1079 6056; x_wconf 81' lang='lat' dir='ltr'><strong>LXXXI.</strong></span> 
     </span>
    </p>
   </div>
   <div class='ocr_carea' id='block_1_92' title="bbox 1879 3297 3466 3371">
    <p class='ocr_par' dir='ltr' id='par_1_92' title="bbox 1879 3297 3466 3371">
     <span class='ocr_line' id='line_1_92' title="bbox 1879 3297 3466 3371; baseline -0.003 -15"><span class='ocrx_word' id='word_1_679' title='bbox 1879 3302 2052 3356; x_wconf 84' lang='lat' dir='ltr'><strong>tulisse</strong></span> <span class='ocrx_word' id='word_1_680' title='bbox 2079 3303 2133 3356; x_wconf 87' lang='lat' dir='ltr'><strong>in</strong></span> <span class='ocrx_word' id='word_1_681' title='bbox 2188 3299 2516 3356; x_wconf 86' lang='lat' dir='ltr'><strong>vernaculam</strong></span> <span class='ocrx_word' id='word_1_682' title='bbox 2561 3299 2844 3371; x_wconf 84' lang='lat' dir='ltr'><strong>(linguam)</strong></span> <span class='ocrx_word' id='word_1_683' title='bbox 2875 3299 3072 3353; x_wconf 88' lang='lat' dir='ltr'><strong>videtur</strong></span> <span class='ocrx_word' id='word_1_684' title='bbox 3118 3297 3261 3354; x_wconf 85' lang='lat' dir='ltr'><strong>nobis</strong></span> <span class='ocrx_word' id='word_1_685' title='bbox 3297 3298 3466 3354; x_wconf 83' lang='lat' dir='ltr'><strong>Joan-</strong></span> 
     </span>
    </p>
   </div>
   <div class='ocr_carea' id='block_1_93' title="bbox 1877 3391 3468 3464">
    <p class='ocr_par' dir='ltr' id='par_1_93' title="bbox 1877 3391 3468 3464">
     <span class='ocr_line' id='line_1_93' title="bbox 1877 3391 3468 3464; baseline -0.003 -14"><span class='ocrx_word' id='word_1_686' title='bbox 1877 3413 1965 3450; x_wconf 86' lang='lat' dir='ltr'><strong>nes</strong></span> <span class='ocrx_word' id='word_1_687' title='bbox 2007 3397 2071 3450; x_wconf 90' lang='lat' dir='ltr'><strong>de</strong></span> <span class='ocrx_word' id='word_1_688' title='bbox 2103 3394 2290 3450; x_wconf 84' lang='lat' dir='ltr'><strong>Robles</strong></span> <span class='ocrx_word' id='word_1_689' title='bbox 2319 3397 2373 3450; x_wconf 88' lang='lat' dir='ltr'><strong>in</strong></span> <span class='ocrx_word' id='word_1_690' title='bbox 2413 3412 2472 3450; x_wconf 91' lang='lat' dir='ltr'><strong>eo</strong></span> <span class='ocrx_word' id='word_1_691' title='bbox 2523 3392 2652 3448; x_wconf 86' lang='lat' dir='ltr'><strong>libro</strong></span> <span class='ocrx_word' id='word_1_692' title='bbox 2688 3395 2773 3463; x_wconf 87' lang='lat' dir='ltr'><strong>qui</strong></span> <span class='ocrx_word' id='word_1_693' title='bbox 2813 3394 2942 3448; x_wconf 87' lang='lat' dir='ltr'><strong>solet</strong></span> <span class='ocrx_word' id='word_1_694' title='bbox 2976 3392 3124 3464; x_wconf 80' lang='lat' dir='ltr'><strong>vulgo</strong></span> <span class='ocrx_word' id='word_1_695' title='bbox 3164 3393 3211 3446; x_wconf 90' lang='lat' dir='ltr'><strong>ei</strong></span> <span class='ocrx_word' id='word_1_696' title='bbox 3257 3391 3468 3458; x_wconf 88' lang='lat' dir='ltr'><strong>ascribi,</strong></span> 
     </span>
    </p>
   </div>
   <div class='ocr_carea' id='block_1_94' title="bbox 1879 3483 3470 3557">
    <p class='ocr_par' dir='ltr' id='par_1_94' title="bbox 1879 3483 3470 3557">
     <span class='ocr_line' id='line_1_94' title="bbox 1879 3483 3470 3557; baseline -0.002 -17"><span class='ocrx_word' id='word_1_697' title='bbox 1879 3486 2117 3542; x_wconf 85' lang='lat' dir='ltr'><strong>Historia</strong></span> <span class='ocrx_word' id='word_1_698' title='bbox 2144 3488 2208 3540; x_wconf 91' lang='lat' dir='ltr'><strong>de</strong></span> <span class='ocrx_word' id='word_1_699' title='bbox 2246 3486 2320 3542; x_wconf 86' lang='lat' dir='ltr'><strong>los</strong></span> <span class='ocrx_word' id='word_1_700' title='bbox 2365 3485 2614 3557; x_wconf 87' lang='lat' dir='ltr'><strong>milagros</strong></span> <span class='ocrx_word' id='word_1_701' title='bbox 2657 3484 2720 3538; x_wconf 89' lang='lat' dir='ltr'><strong>de</strong></span> <span class='ocrx_word' id='word_1_702' title='bbox 2761 3484 2822 3539; x_wconf 90' lang='lat' dir='ltr'><strong>S.</strong></span> <span class='ocrx_word' id='word_1_703' title='bbox 2862 3483 3070 3540; x_wconf 87' lang='lat' dir='ltr'><strong>Isidoro</strong></span> <span class='ocrx_word' id='word_1_704' title='bbox 3101 3483 3371 3554; x_wconf 77' lang='lat' dir='ltr'><strong>arzobispo</strong></span> <span class='ocrx_word' id='word_1_705' title='bbox 3407 3484 3470 3538; x_wconf 89' lang='lat' dir='ltr'><strong>de</strong></span> 
     </span>
    </p>
   </div>
   <div class='ocr_carea' id='block_1_95' title="bbox 1880 3573 3470 3647">
    <p class='ocr_par' dir='ltr' id='par_1_95' title="bbox 1880 3573 3470 3647">
     <span class='ocr_line' id='line_1_95' title="bbox 1880 3573 3470 3647; baseline -0.001 -13"><span class='ocrx_word' id='word_1_706' title='bbox 1880 3578 2074 3634; x_wconf 86' lang='lat' dir='ltr'><strong>Sevilla</strong></span> <span class='ocrx_word' id='word_1_707' title='bbox 2116 3586 2458 3647; x_wconf 88' lang='lat' dir='ltr'><strong>nuncupatus,</strong></span> <span class='ocrx_word' id='word_1_708' title='bbox 2508 3586 2558 3632; x_wconf 90' lang='lat' dir='ltr'><strong>et</strong></span> <span class='ocrx_word' id='word_1_709' title='bbox 2604 3593 2741 3632; x_wconf 90' lang='lat' dir='ltr'><strong>anno</strong></span> <span class='ocrx_word' id='word_1_710' title='bbox 2769 3573 2911 3631; x_wconf 74' lang='grc'><strong>1525</strong></span> <span class='ocrx_word' id='word_1_711' title='bbox 2956 3577 3013 3630; x_wconf 90' lang='lat' dir='ltr'><strong>in</strong></span> <span class='ocrx_word' id='word_1_712' title='bbox 3062 3576 3226 3630; x_wconf 88' lang='lat' dir='ltr'><strong>lucem</strong></span> <span class='ocrx_word' id='word_1_713' title='bbox 3279 3577 3470 3632; x_wconf 86' lang='lat' dir='ltr'><strong>editus.</strong></span> 
     </span>
    </p>
   </div>
   <div class='ocr_carea' id='block_1_96' title="bbox 1882 3659 3471 3733">
    <p class='ocr_par' dir='ltr' id='par_1_96' title="bbox 1882 3659 3471 3733">
     <span class='ocr_line' id='line_1_96' title="bbox 1882 3659 3471 3733; baseline -0.001 -10"><span class='ocrx_word' id='word_1_714' title='bbox 1882 3669 2082 3724; x_wconf 87' lang='lat' dir='ltr'><strong>Dubius</strong></span> <span class='ocrx_word' id='word_1_715' title='bbox 2113 3669 2348 3724; x_wconf 79' lang='lat' dir='ltr'><strong>haerebat</strong></span> <span class='ocrx_word' id='word_1_716' title='bbox 2393 3668 2448 3722; x_wconf 93' lang='lat' dir='ltr'><strong>in</strong></span> <span class='ocrx_word' id='word_1_717' title='bbox 2481 3666 2815 3724; x_wconf 90' lang='lat' dir='ltr'><strong>Bibliotheca</strong></span> <span class='ocrx_word' id='word_1_718' title='bbox 2849 3681 3010 3733; x_wconf 84' lang='lat' dir='ltr'><strong>nova,</strong></span> <span class='ocrx_word' id='word_1_719' title='bbox 3042 3659 3208 3722; x_wconf 78' lang='lat' dir='ltr'><strong>verbo</strong></span> <span class='ocrx_word' id='word_1_720' title='bbox 3236 3663 3471 3721; x_wconf 63' lang='lat' dir='ltr'><strong>Iosuuss</strong></span> 
     </span>
    </p>
   </div>
   <div class='ocr_carea' id='block_1_97' title="bbox 1880 3755 3471 3830">
    <p class='ocr_par' dir='ltr' id='par_1_97' title="bbox 1880 3755 3471 3830">
     <span class='ocr_line' id='line_1_97' title="bbox 1880 3755 3471 3830; baseline -0.003 -14"><span class='ocrx_word' id='word_1_721' title='bbox 1880 3777 1949 3816; x_wconf 84' lang='lat' dir='ltr'><strong>DE</strong></span> <span class='ocrx_word' id='word_1_722' title='bbox 1980 3760 2224 3827; x_wconf 79' lang='lat' dir='ltr'><strong>RonLEs;</strong></span> <span class='ocrx_word' id='word_1_723' title='bbox 2248 3760 2314 3816; x_wconf 90' lang='lat' dir='ltr'><strong>de</strong></span> <span class='ocrx_word' id='word_1_724' title='bbox 2335 3774 2443 3828; x_wconf 88' lang='lat' dir='ltr'><strong>quo</strong></span> <span class='ocrx_word' id='word_1_725' title='bbox 2471 3759 2547 3814; x_wconf 84' lang='lat' dir='ltr'><strong>ait</strong></span> <span class='ocrx_word' id='word_1_726' title='bbox 2572 3758 2893 3830; x_wconf 87' lang='lat' dir='ltr'><strong>:Scripsisse</strong></span> <span class='ocrx_word' id='word_1_727' title='bbox 2921 3757 3131 3826; x_wconf 88' lang='lat' dir='ltr'><strong>dicitur,</strong></span> <span class='ocrx_word' id='word_1_728' title='bbox 3154 3755 3228 3811; x_wconf 88' lang='lat' dir='ltr'><strong>De</strong></span> <span class='ocrx_word' id='word_1_729' title='bbox 3258 3756 3310 3811; x_wconf 89' lang='lat' dir='ltr'><strong>la</strong></span> <span class='ocrx_word' id='word_1_730' title='bbox 3337 3767 3471 3811; x_wconf 83' lang='lat' dir='ltr'><strong>tras-</strong></span> 
     </span>
    </p>
   </div>
   <div class='ocr_carea' id='block_1_98' title="bbox 1881 3847 3471 3923">
    <p class='ocr_par' dir='ltr' id='par_1_98' title="bbox 1881 3847 3471 3923">
     <span class='ocr_line' id='line_1_98' title="bbox 1881 3847 3471 3923; baseline -0.003 -17"><span class='ocrx_word' id='word_1_731' title='bbox 1881 3852 2050 3906; x_wconf 86' lang='lat' dir='ltr'><strong>lacion</strong></span> <span class='ocrx_word' id='word_1_732' title='bbox 2081 3871 2112 3923; x_wconf 86' lang='lat' dir='ltr'><em>y</em></span> <span class='ocrx_word' id='word_1_733' title='bbox 2145 3854 2389 3923; x_wconf 88' lang='lat' dir='ltr'><strong>milagros</strong></span> <span class='ocrx_word' id='word_1_734' title='bbox 2418 3851 2502 3906; x_wconf 88' lang='lat' dir='ltr'><strong>del</strong></span> <span class='ocrx_word' id='word_1_735' title='bbox 2541 3852 2768 3922; x_wconf 83' lang='lat' dir='ltr'><strong>glorioso</strong></span> <span class='ocrx_word' id='word_1_736' title='bbox 2798 3849 2914 3906; x_wconf 86' lang='lat' dir='ltr'><strong>Sun</strong></span> <span class='ocrx_word' id='word_1_737' title='bbox 2945 3847 3153 3904; x_wconf 86' lang='lat' dir='ltr'><strong>Isidoro</strong></span> <span class='ocrx_word' id='word_1_738' title='bbox 3202 3847 3471 3919; x_wconf 80' lang='lat' dir='ltr'><strong>arzobispo</strong></span> 
     </span>
    </p>
   </div>
   <div class='ocr_carea' id='block_1_99' title="bbox 1883 3939 3475 4011">
    <p class='ocr_par' dir='ltr' id='par_1_99' title="bbox 1883 3939 3475 4011">
     <span class='ocr_line' id='line_1_99' title="bbox 1883 3939 3475 4011; baseline -0.004 -13"><span class='ocrx_word' id='word_1_739' title='bbox 1883 3945 1946 4000; x_wconf 91' lang='lat' dir='ltr'><strong>de</strong></span> <span class='ocrx_word' id='word_1_740' title='bbox 1993 3945 2207 4010; x_wconf 78' lang='lat' dir='ltr'><strong>Sevilla,</strong></span> <span class='ocrx_word' id='word_1_741' title='bbox 2256 3943 2612 4010; x_wconf 78' lang='lat' dir='ltr'><strong>Salmanticw,</strong></span> <span class='ocrx_word' id='word_1_742' title='bbox 2647 3952 2704 3996; x_wconf 87' lang='lat' dir='ltr'><strong>ut</strong></span> <span class='ocrx_word' id='word_1_743' title='bbox 2757 3942 3058 4011; x_wconf 85' lang='lat' dir='ltr'><strong>suspicor...</strong></span> <span class='ocrx_word' id='word_1_744' title='bbox 3091 3939 3194 4004; x_wconf 81' lang='lat' dir='ltr'><strong>Qui</strong></span> <span class='ocrx_word' id='word_1_745' title='bbox 3243 3949 3475 3994; x_wconf 59' lang='lat' dir='ltr'><strong>transtro</strong></span> 
     </span>
    </p>
   </div>
   <div class='ocr_carea' id='block_1_100' title="bbox 1883 4032 3474 4107">
    <p class='ocr_par' dir='ltr' id='par_1_100' title="bbox 1883 4032 3474 4107">
     <span class='ocr_line' id='line_1_100' title="bbox 1883 4032 3474 4107; baseline -0.005 -14"><span class='ocrx_word' id='word_1_746' title='bbox 1883 4040 2024 4102; x_wconf 89' lang='lat' dir='ltr'><strong>lisse,</strong></span> <span class='ocrx_word' id='word_1_747' title='bbox 2077 4048 2166 4091; x_wconf 88' lang='lat' dir='ltr'><strong>aut</strong></span> <span class='ocrx_word' id='word_1_748' title='bbox 2220 4036 2487 4107; x_wconf 82' lang='lat' dir='ltr'><strong>scripsisse</strong></span> <span class='ocrx_word' id='word_1_749' title='bbox 2531 4034 2658 4089; x_wconf 85' lang='lat' dir='ltr'><strong>mihi</strong></span> <span class='ocrx_word' id='word_1_750' title='bbox 2702 4033 2903 4088; x_wconf 80' lang='lat' dir='ltr'><strong>videtur</strong></span> <span class='ocrx_word' id='word_1_751' title='bbox 2941 4032 3189 4102; x_wconf 82' lang='lat' dir='ltr'><strong>anonymi</strong></span> <span class='ocrx_word' id='word_1_752' title='bbox 3237 4047 3364 4102; x_wconf 89' lang='lat' dir='ltr'><strong>opus</strong></span> <span class='ocrx_word' id='word_1_753' title='bbox 3412 4033 3474 4085; x_wconf 82' lang='lat' dir='ltr'><strong>de</strong></span> 
     </span>
    </p>
   </div>
   <div class='ocr_carea' id='block_1_101' title="bbox 1892 4121 3474 4194">
    <p class='ocr_par' dir='ltr' id='par_1_101' title="bbox 1892 4121 3474 4194">
     <span class='ocr_line' id='line_1_101' title="bbox 1892 4121 3474 4194; baseline -0.006 -8"><span class='ocrx_word' id='word_1_754' title='bbox 1892 4131 2012 4186; x_wconf 88' lang='lat' dir='ltr'><strong>Vita</strong></span> <span class='ocrx_word' id='word_1_755' title='bbox 2041 4129 2100 4186; x_wconf 90' lang='lat' dir='ltr'><strong>S.</strong></span> <span class='ocrx_word' id='word_1_756' title='bbox 2138 4127 2352 4194; x_wconf 87' lang='lat' dir='ltr'><strong>lsidori,</strong></span> <span class='ocrx_word' id='word_1_757' title='bbox 2401 4138 2451 4181; x_wconf 91' lang='lat' dir='ltr'><strong>et</strong></span> <span class='ocrx_word' id='word_1_758' title='bbox 2502 4125 2659 4181; x_wconf 65' lang='lat' dir='ltr'><strong>Lucae</strong></span> <span class='ocrx_word' id='word_1_759' title='bbox 2692 4124 2965 4190; x_wconf 87' lang='lat' dir='ltr'><strong>Tudensis,</strong></span> <span class='ocrx_word' id='word_1_760' title='bbox 2996 4123 3044 4178; x_wconf 87' lang='lat' dir='ltr'><strong>si</strong></span> <span class='ocrx_word' id='word_1_761' title='bbox 3090 4139 3195 4177; x_wconf 89' lang='lat' dir='ltr'><strong>non</strong></span> <span class='ocrx_word' id='word_1_762' title='bbox 3242 4131 3290 4177; x_wconf 90' lang='lat' dir='ltr'><strong>et</strong></span> <span class='ocrx_word' id='word_1_763' title='bbox 3320 4121 3474 4192; x_wconf 86' lang='lat' dir='ltr'><strong>hujus</strong></span> 
     </span>
    </p>
   </div>
   <div class='ocr_carea' id='block_1_102' title="bbox 1883 4216 3473 4290">
    <p class='ocr_par' dir='ltr' id='par_1_102' title="bbox 1883 4216 3473 4290">
     <span class='ocr_line' id='line_1_102' title="bbox 1883 4216 3473 4290; baseline -0.007 -9"><span class='ocrx_word' id='word_1_764' title='bbox 1883 4237 1957 4281; x_wconf 89' lang='lat' dir='ltr'><strong>est</strong></span> <span class='ocrx_word' id='word_1_765' title='bbox 1980 4225 2192 4280; x_wconf 87' lang='lat' dir='ltr'><strong>laudata</strong></span> <span class='ocrx_word' id='word_1_766' title='bbox 2223 4223 2342 4278; x_wconf 82' lang='lat' dir='ltr'><strong>Vita</strong></span> <span class='ocrx_word' id='word_1_767' title='bbox 2361 4263 2376 4290; x_wconf 89' lang='lat'><strong>,</strong></span> <span class='ocrx_word' id='word_1_768' title='bbox 2402 4221 2629 4277; x_wconf 88' lang='lat' dir='ltr'><strong>libellum</strong></span> <span class='ocrx_word' id='word_1_769' title='bbox 2659 4219 2721 4274; x_wconf 89' lang='lat' dir='ltr'><strong>de</strong></span> <span class='ocrx_word' id='word_1_770' title='bbox 2763 4217 3105 4273; x_wconf 83' lang='lat' dir='ltr'><strong>translatione</strong></span> <span class='ocrx_word' id='word_1_771' title='bbox 3133 4225 3182 4271; x_wconf 90' lang='lat' dir='ltr'><strong>et</strong></span> <span class='ocrx_word' id='word_1_772' title='bbox 3208 4216 3473 4271; x_wconf 84' lang='lat' dir='ltr'><strong>miraculis</strong></span> 
     </span>
    </p>
   </div>
   <div class='ocr_carea' id='block_1_103' title="bbox 1883 4307 3473 4388">
    <p class='ocr_par' dir='ltr' id='par_1_103' title="bbox 1883 4307 3473 4388">
     <span class='ocr_line' id='line_1_103' title="bbox 1883 4307 3473 4388; baseline -0.008 -17"><span class='ocrx_word' id='word_1_773' title='bbox 1883 4316 2114 4388; x_wconf 84' lang='lat' dir='ltr'><strong>ejusdem</strong></span> <span class='ocrx_word' id='word_1_774' title='bbox 2152 4315 2320 4370; x_wconf 91' lang='lat' dir='ltr'><strong>sancti</strong></span> <span class='ocrx_word' id='word_1_775' title='bbox 2363 4314 2630 4368; x_wconf 88' lang='lat' dir='ltr'><strong>doctoris:</strong></span> <span class='ocrx_word' id='word_1_776' title='bbox 2659 4325 2772 4382; x_wconf 75' lang='lat' dir='ltr'><strong>qua:</strong></span> <span class='ocrx_word' id='word_1_777' title='bbox 2811 4307 2912 4363; x_wconf 90' lang='lat' dir='ltr'><strong>duo</strong></span> <span class='ocrx_word' id='word_1_778' title='bbox 2946 4324 3100 4378; x_wconf 87' lang='lat' dir='ltr'><strong>penes</strong></span> <span class='ocrx_word' id='word_1_779' title='bbox 3131 4323 3210 4361; x_wconf 89' lang='lat' dir='ltr'><strong>me</strong></span> <span class='ocrx_word' id='word_1_780' title='bbox 3255 4322 3380 4360; x_wconf 85' lang='lat' dir='ltr'><strong>mss.</strong></span> <span class='ocrx_word' id='word_1_781' title='bbox 3410 4322 3473 4359; x_wconf 72' lang='lat' dir='ltr'><strong>at;</strong></span> 
     </span>
    </p>
   </div>
   <div class='ocr_carea' id='block_1_104' title="bbox 1885 4397 3473 4470">
    <p class='ocr_par' dir='ltr' id='par_1_104' title="bbox 1885 4397 3473 4470">
     <span class='ocr_line' id='line_1_104' title="bbox 1885 4397 3473 4470; baseline -0.01 -5"><span class='ocrx_word' id='word_1_782' title='bbox 1885 4408 2071 4467; x_wconf 86' lang='lat' dir='ltr'><strong>Codice</strong></span> <span class='ocrx_word' id='word_1_783' title='bbox 2123 4407 2387 4464; x_wconf 78' lang='lat' dir='ltr'><strong>Toletante</strong></span> <span class='ocrx_word' id='word_1_784' title='bbox 2440 4404 2699 4470; x_wconf 65' lang='lat' dir='ltr'><strong>ecclesiis,</strong></span> <span class='ocrx_word' id='word_1_785' title='bbox 2756 4417 2847 4456; x_wconf 88' lang='lat' dir='ltr'><strong>nec</strong></span> <span class='ocrx_word' id='word_1_786' title='bbox 2896 4400 3141 4454; x_wconf 86' lang='lat' dir='ltr'><strong>hactenus</strong></span> <span class='ocrx_word' id='word_1_787' title='bbox 3190 4397 3347 4461; x_wconf 85' lang='lat' dir='ltr'><strong>edita,</strong></span> <span class='ocrx_word' id='word_1_788' title='bbox 3392 4414 3473 4449; x_wconf 79' lang='lat' dir='ltr'><strong>rc-</strong></span> 
     </span>
    </p>
   </div>
   <div class='ocr_carea' id='block_1_105' title="bbox 1883 4485 3470 4570">
    <p class='ocr_par' dir='ltr' id='par_1_105' title="bbox 1883 4485 3470 4570">
     <span class='ocr_line' id='line_1_105' title="bbox 1883 4485 3470 4570; baseline -0.012 -15"><span class='ocrx_word' id='word_1_789' title='bbox 1883 4502 2132 4555; x_wconf 86' lang='lat' dir='ltr'><strong>missurus</strong></span> <span class='ocrx_word' id='word_1_790' title='bbox 2174 4497 2468 4570; x_wconf 87' lang='lat' dir='ltr'><strong>propediem</strong></span> <span class='ocrx_word' id='word_1_791' title='bbox 2509 4511 2624 4549; x_wconf 88' lang='lat' dir='ltr'><strong>sum</strong></span> <span class='ocrx_word' id='word_1_792' title='bbox 2663 4493 2732 4546; x_wconf 90' lang='lat' dir='ltr'><strong>ad</strong></span> <span class='ocrx_word' id='word_1_793' title='bbox 2773 4491 2978 4545; x_wconf 85' lang='lat' dir='ltr'><strong>clariss.</strong></span> <span class='ocrx_word' id='word_1_794' title='bbox 3020 4488 3182 4542; x_wconf 88' lang='lat' dir='ltr'><strong>virum</strong></span> <span class='ocrx_word' id='word_1_795' title='bbox 3221 4485 3470 4555; x_wconf 78' lang='lat' dir='ltr'><strong>Godefri-</strong></span> 
     </span>
    </p>
   </div>
   <div class='ocr_carea' id='block_1_106' title="bbox 1888 4575 3472 4656">
    <p class='ocr_par' dir='ltr' id='par_1_106' title="bbox 1888 4575 3472 4656">
     <span class='ocr_line' id='line_1_106' title="bbox 1888 4575 3472 4656; baseline -0.01 -12"><span class='ocrx_word' id='word_1_796' title='bbox 1888 4589 2010 4646; x_wconf 89' lang='lat' dir='ltr'><strong>dum</strong></span> <span class='ocrx_word' id='word_1_797' title='bbox 2046 4588 2454 4656; x_wconf 88' lang='lat' dir='ltr'><strong>Henschenium,</strong></span> <span class='ocrx_word' id='word_1_798' title='bbox 2499 4594 2604 4641; x_wconf 89' lang='lat' dir='ltr'><strong>etc.</strong></span> <span class='ocrx_word' id='word_1_799' title='bbox 2640 4582 2862 4638; x_wconf 89' lang='lat' dir='ltr'><strong>Librum</strong></span> <span class='ocrx_word' id='word_1_800' title='bbox 2888 4577 3142 4635; x_wconf 84' lang='lat' dir='ltr'><strong>describit</strong></span> <span class='ocrx_word' id='word_1_801' title='bbox 3175 4575 3472 4640; x_wconf 77' lang='lat' dir='ltr'><strong>Florezius,</strong></span> 
     </span>
    </p>
   </div>
   <div class='ocr_carea' id='block_1_107' title="bbox 1886 4666 3472 4754">
    <p class='ocr_par' dir='ltr' id='par_1_107' title="bbox 1886 4666 3472 4754">
     <span class='ocr_line' id='line_1_107' title="bbox 1886 4666 3472 4754; baseline -0.015 -15"><span class='ocrx_word' id='word_1_802' title='bbox 1886 4684 1975 4754; x_wconf 91' lang='lat' dir='ltr'><strong>qui</strong></span> <span class='ocrx_word' id='word_1_803' title='bbox 2027 4682 2178 4738; x_wconf 88' lang='lat' dir='ltr'><strong>vidit.</strong></span> <span class='ocrx_word' id='word_1_804' title='bbox 2211 4679 2390 4735; x_wconf 87' lang='lat' dir='ltr'><strong>Editio</strong></span> <span class='ocrx_word' id='word_1_805' title='bbox 2437 4676 2682 4733; x_wconf 82' lang='lat' dir='ltr'><strong>absoluta</strong></span> <span class='ocrx_word' id='word_1_806' title='bbox 2711 4673 2810 4727; x_wconf 80' lang='lat' dir='ltr'><strong>fuit</strong></span> <span class='ocrx_word' id='word_1_807' title='bbox 2850 4671 2937 4726; x_wconf 91' lang='lat' dir='ltr'><strong>die</strong></span> <span class='ocrx_word' id='word_1_808' title='bbox 2973 4669 3009 4722; x_wconf 73' lang='lat'><strong>2</strong></span> <span class='ocrx_word' id='word_1_809' title='bbox 3047 4667 3284 4723; x_wconf 77' lang='lat' dir='ltr'><strong>Januarii</strong></span> <span class='ocrx_word' id='word_1_810' title='bbox 3313 4666 3472 4731; x_wconf 66' lang='lat'><strong>1523‘,</strong></span> 
     </span>
    </p>
   </div>
   <div class='ocr_carea' id='block_1_108' title="bbox 1885 4759 3474 4838">
    <p class='ocr_par' dir='ltr' id='par_1_108' title="bbox 1885 4759 3474 4838">
     <span class='ocr_line' id='line_1_108' title="bbox 1885 4759 3474 4838; baseline -0.01 -8"><span class='ocrx_word' id='word_1_811' title='bbox 1885 4771 2247 4838; x_wconf 84' lang='lat' dir='ltr'><strong>Salmanticae,</strong></span> <span class='ocrx_word' id='word_1_812' title='bbox 2281 4780 2340 4826; x_wconf 89' lang='lat' dir='ltr'><strong>ut</strong></span> <span class='ocrx_word' id='word_1_813' title='bbox 2374 4784 2443 4824; x_wconf 83' lang='lat' dir='ltr'><strong>ex</strong></span> <span class='ocrx_word' id='word_1_814' title='bbox 2489 4775 2760 4838; x_wconf 83' lang='lat' dir='ltr'><strong>postremo</strong></span> <span class='ocrx_word' id='word_1_815' title='bbox 2797 4760 2925 4818; x_wconf 78' lang='lat' dir='ltr'><strong>folio</strong></span> <span class='ocrx_word' id='word_1_816' title='bbox 2951 4761 3139 4832; x_wconf 87' lang='lat' dir='ltr'><strong>liquet.</strong></span> <span class='ocrx_word' id='word_1_817' title='bbox 3194 4759 3253 4815; x_wconf 92' lang='lat' dir='ltr'><strong>ln</strong></span> <span class='ocrx_word' id='word_1_818' title='bbox 3302 4760 3474 4830; x_wconf 92' lang='lat' dir='ltr'><strong>primo</strong></span> 
     </span>
    </p>
   </div>
   <div class='ocr_carea' id='block_1_109' title="bbox 1886 4849 3475 4932">
    <p class='ocr_par' dir='ltr' id='par_1_109' title="bbox 1886 4849 3475 4932">
     <span class='ocr_line' id='line_1_109' title="bbox 1886 4849 3475 4932; baseline -0.008 -14"><span class='ocrx_word' id='word_1_819' title='bbox 1886 4863 2015 4921; x_wconf 86' lang='lat' dir='ltr'><strong>folio</strong></span> <span class='ocrx_word' id='word_1_820' title='bbox 2041 4871 2125 4920; x_wconf 89' lang='lat' dir='ltr'><strong>est</strong></span> <span class='ocrx_word' id='word_1_821' title='bbox 2152 4863 2328 4932; x_wconf 90' lang='lat' dir='ltr'><strong>imago</strong></span> <span class='ocrx_word' id='word_1_822' title='bbox 2349 4859 2407 4916; x_wconf 90' lang='lat' dir='ltr'><strong>S.</strong></span> <span class='ocrx_word' id='word_1_823' title='bbox 2432 4857 2641 4923; x_wconf 85' lang='lat' dir='ltr'><strong>lsidori,</strong></span> <span class='ocrx_word' id='word_1_824' title='bbox 2672 4862 2729 4912; x_wconf 92' lang='lat' dir='ltr'><strong>et</strong></span> <span class='ocrx_word' id='word_1_825' title='bbox 2756 4853 2858 4909; x_wconf 90' lang='lat' dir='ltr'><strong>alia</strong></span> <span class='ocrx_word' id='word_1_826' title='bbox 2886 4851 2944 4908; x_wconf 91' lang='lat' dir='ltr'><strong>S.</strong></span> <span class='ocrx_word' id='word_1_827' title='bbox 2975 4851 3190 4908; x_wconf 87' lang='lat' dir='ltr'><strong>Martini</strong></span> <span class='ocrx_word' id='word_1_828' title='bbox 3216 4849 3475 4908; x_wconf 90' lang='lat' dir='ltr'><strong>Canonici</strong></span> 
     </span>
    </p>
   </div>
   <div class='ocr_carea' id='block_1_110' title="bbox 1887 4944 3474 5029">
    <p class='ocr_par' dir='ltr' id='par_1_110' title="bbox 1887 4944 3474 5029">
     <span class='ocr_line' id='line_1_110' title="bbox 1887 4944 3474 5029; baseline -0.009 -14"><span class='ocrx_word' id='word_1_829' title='bbox 1887 4957 2255 5029; x_wconf 89' lang='lat' dir='ltr'><strong>Legionensis,</strong></span> <span class='ocrx_word' id='word_1_830' title='bbox 2284 4955 2340 5009; x_wconf 91' lang='lat' dir='ltr'><strong>in</strong></span> <span class='ocrx_word' id='word_1_831' title='bbox 2365 4953 2536 5008; x_wconf 91' lang='lat' dir='ltr'><strong>altero</strong></span> <span class='ocrx_word' id='word_1_832' title='bbox 2562 4951 2676 5006; x_wconf 78' lang='lat' dir='ltr'><strong>[nec</strong></span> <span class='ocrx_word' id='word_1_833' title='bbox 2704 4948 2824 5004; x_wconf 92' lang='lat' dir='ltr'><strong>libri</strong></span> <span class='ocrx_word' id='word_1_834' title='bbox 2844 4946 3120 5018; x_wconf 88' lang='lat' dir='ltr'><strong>inscriptio</strong></span> <span class='ocrx_word' id='word_1_835' title='bbox 3152 4963 3166 5000; x_wconf 91' lang='lat'><strong>:</strong></span> <span class='ocrx_word' id='word_1_836' title='bbox 3199 4944 3474 5002; x_wconf 74' lang='lat' dir='ltr'><strong>Comienza</strong></span> 
     </span>
    </p>
   </div>
   <div class='ocr_carea' id='block_1_111' title="bbox 1885 5038 3474 5117">
    <p class='ocr_par' dir='ltr' id='par_1_111' title="bbox 1885 5038 3474 5117">
     <span class='ocr_line' id='line_1_111' title="bbox 1885 5038 3474 5117; baseline -0.009 -9"><span class='ocrx_word' id='word_1_837' title='bbox 1885 5053 1938 5108; x_wconf 87' lang='lat' dir='ltr'><strong>lu</strong></span> <span class='ocrx_word' id='word_1_838' title='bbox 1969 5051 2183 5106; x_wconf 87' lang='lat' dir='ltr'><strong>historia</strong></span> <span class='ocrx_word' id='word_1_839' title='bbox 2233 5047 2314 5101; x_wconf 87' lang='lat' dir='ltr'><strong>del</strong></span> <span class='ocrx_word' id='word_1_840' title='bbox 2354 5063 2474 5117; x_wconf 82' lang='lat' dir='ltr'><strong>muy</strong></span> <span class='ocrx_word' id='word_1_841' title='bbox 2501 5040 2931 5098; x_wconf 87' lang='lat' dir='ltr'><strong>bienaventurado</strong></span> <span class='ocrx_word' id='word_1_842' title='bbox 2971 5039 3034 5096; x_wconf 90' lang='lat' dir='ltr'><strong>S.</strong></span> <span class='ocrx_word' id='word_1_843' title='bbox 3066 5038 3274 5094; x_wconf 90' lang='lat' dir='ltr'><strong>Isidoro</strong></span> <span class='ocrx_word' id='word_1_844' title='bbox 3321 5056 3474 5094; x_wconf 70' lang='lat' dir='ltr'><strong>arco-</strong></span> 
     </span>
    </p>
   </div>
   <div class='ocr_carea' id='block_1_112' title="bbox 1889 5131 3474 5214">
    <p class='ocr_par' dir='ltr' id='par_1_112' title="bbox 1889 5131 3474 5214">
     <span class='ocr_line' id='line_1_112' title="bbox 1889 5131 3474 5214; baseline -0.011 -14"><span class='ocrx_word' id='word_1_845' title='bbox 1889 5145 2032 5214; x_wconf 91' lang='lat' dir='ltr'><strong>bispo</strong></span> <span class='ocrx_word' id='word_1_846' title='bbox 2060 5143 2122 5197; x_wconf 93' lang='lat' dir='ltr'><strong>de</strong></span> <span class='ocrx_word' id='word_1_847' title='bbox 2155 5139 2368 5207; x_wconf 85' lang='lat' dir='ltr'><strong>Sevilla,</strong></span> <span class='ocrx_word' id='word_1_848' title='bbox 2399 5137 2636 5210; x_wconf 85' lang='lat' dir='ltr'><strong>primado</strong></span> <span class='ocrx_word' id='word_1_849' title='bbox 2662 5144 2711 5189; x_wconf 92' lang='lat' dir='ltr'><strong>et</strong></span> <span class='ocrx_word' id='word_1_850' title='bbox 2741 5135 2919 5189; x_wconf 88' lang='lat' dir='ltr'><strong>doctor</strong></span> <span class='ocrx_word' id='word_1_851' title='bbox 2951 5132 3381 5188; x_wconf 68' lang='lat' dir='ltr'><strong>excellentissimo</strong></span> <span class='ocrx_word' id='word_1_852' title='bbox 3413 5131 3474 5184; x_wconf 89' lang='lat' dir='ltr'><strong>de</strong></span> 
     </span>
    </p>
   </div>
   <div class='ocr_carea' id='block_1_113' title="bbox 1887 5223 3476 5304">
    <p class='ocr_par' dir='ltr' id='par_1_113' title="bbox 1887 5223 3476 5304">
     <span class='ocr_line' id='line_1_113' title="bbox 1887 5223 3476 5304; baseline -0.011 -11"><span class='ocrx_word' id='word_1_853' title='bbox 1887 5245 2126 5293; x_wconf 87' lang='lat' dir='ltr'><strong>nuestras</strong></span> <span class='ocrx_word' id='word_1_854' title='bbox 2157 5233 2417 5304; x_wconf 77' lang='lat' dir='ltr'><strong>Espai‘ias,</strong></span> <span class='ocrx_word' id='word_1_855' title='bbox 2441 5232 2493 5286; x_wconf 93' lang='lat' dir='ltr'><strong>la</strong></span> <span class='ocrx_word' id='word_1_856' title='bbox 2521 5232 2642 5302; x_wconf 86' lang='lat' dir='ltr'><strong>quat</strong></span> <span class='ocrx_word' id='word_1_857' title='bbox 2671 5246 2724 5285; x_wconf 89' lang='lat' dir='ltr'><strong>se</strong></span> <span class='ocrx_word' id='word_1_858' title='bbox 2745 5227 2912 5284; x_wconf 73' lang='lat' dir='ltr'><strong>divide</strong></span> <span class='ocrx_word' id='word_1_859' title='bbox 2939 5243 3004 5281; x_wconf 91' lang='lat' dir='ltr'><strong>en</strong></span> <span class='ocrx_word' id='word_1_860' title='bbox 3035 5236 3135 5282; x_wconf 89' lang='lat' dir='ltr'><strong>tres</strong></span> <span class='ocrx_word' id='word_1_861' title='bbox 3165 5234 3358 5297; x_wconf 86' lang='lat' dir='ltr'><strong>partes.</strong></span> <span class='ocrx_word' id='word_1_862' title='bbox 3391 5223 3476 5277; x_wconf 84' lang='lat' dir='ltr'><strong>En</strong></span> 
     </span>
    </p>
   </div>
   <div class='ocr_carea' id='block_1_114' title="bbox 1888 5316 3474 5398">
    <p class='ocr_par' dir='ltr' id='par_1_114' title="bbox 1888 5316 3474 5398">
     <span class='ocr_line' id='line_1_114' title="bbox 1888 5316 3474 5398; baseline -0.011 -14"><span class='ocrx_word' id='word_1_863' title='bbox 1888 5330 1942 5384; x_wconf 83' lang='lat' dir='ltr'><strong>la</strong></span> <span class='ocrx_word' id='word_1_864' title='bbox 1981 5330 2204 5398; x_wconf 89' lang='lat' dir='ltr'><strong>primera</strong></span> <span class='ocrx_word' id='word_1_865' title='bbox 2243 5342 2298 5380; x_wconf 86' lang='lat' dir='ltr'><strong>se</strong></span> <span class='ocrx_word' id='word_1_866' title='bbox 2345 5325 2579 5379; x_wconf 89' lang='lat' dir='ltr'><strong>contiene</strong></span> <span class='ocrx_word' id='word_1_867' title='bbox 2603 5340 2662 5377; x_wconf 87' lang='lat' dir='ltr'><strong>su</strong></span> <span class='ocrx_word' id='word_1_868' title='bbox 2704 5321 2843 5387; x_wconf 82' lang='lat' dir='ltr'><strong>vida,</strong></span> <span class='ocrx_word' id='word_1_869' title='bbox 2866 5330 2916 5375; x_wconf 90' lang='lat' dir='ltr'><strong>et</strong></span> <span class='ocrx_word' id='word_1_870' title='bbox 2954 5320 3152 5392; x_wconf 86' lang='lat' dir='ltr'><strong>origen.</strong></span> <span class='ocrx_word' id='word_1_871' title='bbox 3186 5316 3273 5372; x_wconf 89' lang='lat' dir='ltr'><strong>En</strong></span> <span class='ocrx_word' id='word_1_872' title='bbox 3315 5319 3367 5371; x_wconf 88' lang='lat' dir='ltr'><strong>la</strong></span> <span class='ocrx_word' id='word_1_873' title='bbox 3396 5331 3474 5373; x_wconf 81' lang='lat' dir='ltr'><strong>se-</strong></span> 
     </span>
    </p>
   </div>
   <div class='ocr_carea' id='block_1_115' title="bbox 1890 5409 3462 5495">
    <p class='ocr_par' dir='ltr' id='par_1_115' title="bbox 1890 5409 3462 5495">
     <span class='ocr_line' id='line_1_115' title="bbox 1890 5409 3462 5495; baseline -0.011 -19"><span class='ocrx_word' id='word_1_874' title='bbox 1890 5421 2064 5495; x_wconf 84' lang='lat' dir='ltr'><strong>gunda</strong></span> <span class='ocrx_word' id='word_1_875' title='bbox 2092 5436 2150 5474; x_wconf 87' lang='lat' dir='ltr'><strong>su</strong></span> <span class='ocrx_word' id='word_1_876' title='bbox 2179 5419 2402 5492; x_wconf 84' lang='lat' dir='ltr'><strong>glorioso</strong></span> <span class='ocrx_word' id='word_1_877' title='bbox 2431 5417 2751 5489; x_wconf 84' lang='lat' dir='ltr'><strong>pasamiento</strong></span> <span class='ocrx_word' id='word_1_878' title='bbox 2778 5413 2840 5468; x_wconf 90' lang='lat' dir='ltr'><strong>de</strong></span> <span class='ocrx_word' id='word_1_879' title='bbox 2867 5421 2972 5467; x_wconf 89' lang='lat' dir='ltr'><strong>este</strong></span> <span class='ocrx_word' id='word_1_880' title='bbox 2993 5412 3126 5483; x_wconf 86' lang='lat' dir='ltr'><strong>siglo</strong></span> <span class='ocrx_word' id='word_1_881' title='bbox 3154 5427 3187 5464; x_wconf 93' lang='lat' dir='ltr'><strong>a</strong></span> <span class='ocrx_word' id='word_1_882' title='bbox 3215 5409 3267 5464; x_wconf 90' lang='lat' dir='ltr'><strong>la</strong></span> <span class='ocrx_word' id='word_1_883' title='bbox 3297 5423 3462 5478; x_wconf 57' lang='lat' dir='ltr'><strong>perpeo</strong></span> 
     </span>
    </p>
   </div>
   <div class='ocr_carea' id='block_1_116' title="bbox 1891 5497 3473 5567">
    <p class='ocr_par' dir='ltr' id='par_1_116' title="bbox 1891 5497 3473 5567">
     <span class='ocr_line' id='line_1_116' title="bbox 1891 5497 3473 5567; baseline -0.013 0"><span class='ocrx_word' id='word_1_884' title='bbox 1891 5523 1976 5567; x_wconf 90' lang='lat' dir='ltr'><strong>tua</strong></span> <span class='ocrx_word' id='word_1_885' title='bbox 2000 5511 2485 5566; x_wconf 79' lang='lat' dir='ltr'><strong>bienaventuranza.</strong></span> <span class='ocrx_word' id='word_1_886' title='bbox 2508 5504 2587 5560; x_wconf 84' lang='lat' dir='ltr'><strong>En</strong></span> <span class='ocrx_word' id='word_1_887' title='bbox 2617 5506 2668 5560; x_wconf 89' lang='lat' dir='ltr'><strong>la</strong></span> <span class='ocrx_word' id='word_1_888' title='bbox 2699 5512 2897 5558; x_wconf 89' lang='lat' dir='ltr'><strong>tercera</strong></span> <span class='ocrx_word' id='word_1_889' title='bbox 2917 5517 2971 5557; x_wconf 86' lang='lat' dir='ltr'><strong>se</strong></span> <span class='ocrx_word' id='word_1_890' title='bbox 2998 5500 3230 5556; x_wconf 82' lang='lat' dir='ltr'><strong>contiene</strong></span> <span class='ocrx_word' id='word_1_891' title='bbox 3255 5497 3308 5550; x_wconf 90' lang='lat' dir='ltr'><strong>la</strong></span> <span class='ocrx_word' id='word_1_892' title='bbox 3337 5503 3473 5548; x_wconf 90' lang='lat' dir='ltr'><strong>tras-</strong></span> 
     </span>
    </p>
   </div>
   <div class='ocr_carea' id='block_1_117' title="bbox 1889 5585 3474 5668">
    <p class='ocr_par' dir='ltr' id='par_1_117' title="bbox 1889 5585 3474 5668">
     <span class='ocr_line' id='line_1_117' title="bbox 1889 5585 3474 5668; baseline -0.01 -9"><span class='ocrx_word' id='word_1_893' title='bbox 1889 5604 2129 5659; x_wconf 88' lang='lat' dir='ltr'><strong>ladacion</strong></span> <span class='ocrx_word' id='word_1_894' title='bbox 2161 5601 2223 5655; x_wconf 91' lang='lat' dir='ltr'><strong>de</strong></span> <span class='ocrx_word' id='word_1_895' title='bbox 2256 5617 2314 5655; x_wconf 90' lang='lat' dir='ltr'><strong>su</strong></span> <span class='ocrx_word' id='word_1_896' title='bbox 2343 5610 2491 5654; x_wconf 88' lang='lat' dir='ltr'><strong>santo</strong></span> <span class='ocrx_word' id='word_1_897' title='bbox 2531 5613 2720 5668; x_wconf 88' lang='lat' dir='ltr'><strong>cuerpo</strong></span> <span class='ocrx_word' id='word_1_898' title='bbox 2742 5595 2807 5649; x_wconf 90' lang='lat' dir='ltr'><strong>de</strong></span> <span class='ocrx_word' id='word_1_899' title='bbox 2837 5595 2890 5648; x_wconf 86' lang='lat' dir='ltr'><strong>la</strong></span> <span class='ocrx_word' id='word_1_900' title='bbox 2915 5591 3106 5647; x_wconf 89' lang='lat' dir='ltr'><strong>ciudad</strong></span> <span class='ocrx_word' id='word_1_901' title='bbox 3133 5589 3196 5642; x_wconf 88' lang='lat' dir='ltr'><strong>de</strong></span> <span class='ocrx_word' id='word_1_902' title='bbox 3221 5585 3416 5642; x_wconf 79' lang='lat' dir='ltr'><strong>Sevilla</strong></span> <span class='ocrx_word' id='word_1_903' title='bbox 3441 5603 3474 5643; x_wconf 79' lang='grc' dir='ltr'><strong>α</strong></span> 
     </span>
    </p>
   </div>
   <div class='ocr_carea' id='block_1_118' title="bbox 1888 5678 3473 5759">
    <p class='ocr_par' dir='ltr' id='par_1_118' title="bbox 1888 5678 3473 5759">
     <span class='ocr_line' id='line_1_118' title="bbox 1888 5678 3473 5759; baseline -0.013 -7"><span class='ocrx_word' id='word_1_904' title='bbox 1888 5698 1941 5752; x_wconf 90' lang='lat' dir='ltr'><strong>la</strong></span> <span class='ocrx_word' id='word_1_905' title='bbox 1962 5695 2152 5751; x_wconf 89' lang='lat' dir='ltr'><strong>ciudad</strong></span> <span class='ocrx_word' id='word_1_906' title='bbox 2180 5694 2243 5747; x_wconf 90' lang='lat' dir='ltr'><strong>de</strong></span> <span class='ocrx_word' id='word_1_907' title='bbox 2263 5692 2427 5748; x_wconf 90' lang='lat' dir='ltr'><strong>Leon.</strong></span> <span class='ocrx_word' id='word_1_908' title='bbox 2452 5690 2492 5745; x_wconf 83' lang='lat' dir='ltr'><strong><em>Y</em></strong></span> <span class='ocrx_word' id='word_1_909' title='bbox 2517 5690 2728 5759; x_wconf 86' lang='lat' dir='ltr'><strong>despues</strong></span> <span class='ocrx_word' id='word_1_910' title='bbox 2759 5688 2823 5742; x_wconf 92' lang='lat' dir='ltr'><strong>de</strong></span> <span class='ocrx_word' id='word_1_911' title='bbox 2845 5686 2968 5742; x_wconf 88' lang='lat' dir='ltr'><strong>toda</strong></span> <span class='ocrx_word' id='word_1_912' title='bbox 2997 5685 3051 5739; x_wconf 89' lang='lat' dir='ltr'><strong>la</strong></span> <span class='ocrx_word' id='word_1_913' title='bbox 3087 5681 3240 5736; x_wconf 86' lang='lat' dir='ltr'><strong>dicha</strong></span> <span class='ocrx_word' id='word_1_914' title='bbox 3261 5678 3473 5734; x_wconf 84' lang='lat' dir='ltr'><strong>historia</strong></span> 
     </span>
    </p>
   </div>
   <div class='ocr_carea' id='block_1_119' title="bbox 1889 5768 3459 5858">
    <p class='ocr_par' dir='ltr' id='par_1_119' title="bbox 1889 5768 3459 5858">
     <span class='ocr_line' id='line_1_119' title="bbox 1889 5768 3459 5858; baseline -0.015 -13"><span class='ocrx_word' id='word_1_915' title='bbox 1889 5806 1944 5845; x_wconf 87' lang='lat' dir='ltr'><strong>se</strong></span> <span class='ocrx_word' id='word_1_916' title='bbox 1972 5787 2113 5858; x_wconf 84' lang='lat' dir='ltr'><strong>sigue</strong></span> <span class='ocrx_word' id='word_1_917' title='bbox 2142 5785 2189 5839; x_wconf 93' lang='lat' dir='ltr'><strong>el</strong></span> <span class='ocrx_word' id='word_1_918' title='bbox 2238 5782 2368 5837; x_wconf 85' lang='lat' dir='ltr'><strong>libro</strong></span> <span class='ocrx_word' id='word_1_919' title='bbox 2407 5780 2666 5852; x_wconf 87' lang='lat' dir='ltr'><strong>principal</strong></span> <span class='ocrx_word' id='word_1_920' title='bbox 2713 5778 2777 5831; x_wconf 88' lang='lat' dir='ltr'><strong>de</strong></span> <span class='ocrx_word' id='word_1_921' title='bbox 2824 5778 2902 5832; x_wconf 86' lang='lat' dir='ltr'><strong>los</strong></span> <span class='ocrx_word' id='word_1_922' title='bbox 2950 5772 3197 5844; x_wconf 86' lang='lat' dir='ltr'><strong>miraglos</strong></span> <span class='ocrx_word' id='word_1_923' title='bbox 3242 5769 3362 5842; x_wconf 87' lang='lat' dir='ltr'><strong>(sic)</strong></span> <span class='ocrx_word' id='word_1_924' title='bbox 3395 5768 3459 5822; x_wconf 89' lang='lat' dir='ltr'><strong>de</strong></span> 
     </span>
    </p>
   </div>
   <div class='ocr_carea' id='block_1_120' title="bbox 1891 5862 3469 5943">
    <p class='ocr_par' dir='ltr' id='par_1_120' title="bbox 1891 5862 3469 5943">
     <span class='ocr_line' id='line_1_120' title="bbox 1891 5862 3469 5943; baseline -0.015 -4"><span class='ocrx_word' id='word_1_925' title='bbox 1891 5885 2072 5939; x_wconf 88' lang='lat' dir='ltr'><strong>mismo</strong></span> <span class='ocrx_word' id='word_1_926' title='bbox 2101 5885 2250 5936; x_wconf 85' lang='lat' dir='ltr'><strong>sunto</strong></span> <span class='ocrx_word' id='word_1_927' title='bbox 2283 5875 2508 5930; x_wconf 86' lang='lat' dir='ltr'><strong>Isidoro.</strong></span> <span class='ocrx_word' id='word_1_928' title='bbox 2569 5871 2644 5928; x_wconf 84' lang='lat' dir='ltr'><strong>L0</strong></span> <span class='ocrx_word' id='word_1_929' title='bbox 2675 5869 2795 5943; x_wconf 79' lang='lat' dir='ltr'><strong>quat</strong></span> <span class='ocrx_word' id='word_1_930' title='bbox 2850 5868 2968 5924; x_wconf 92' lang='lat' dir='ltr'><strong>todo</strong></span> <span class='ocrx_word' id='word_1_931' title='bbox 3019 5870 3102 5940; x_wconf 74' lang='lat' dir='ltr'><strong>{ne</strong></span> <span class='ocrx_word' id='word_1_932' title='bbox 3146 5864 3335 5924; x_wconf 78' lang='lat' dir='ltr'><strong>sacado</strong></span> <span class='ocrx_word' id='word_1_933' title='bbox 3365 5881 3396 5916; x_wconf 79' lang='grc' dir='ltr'>α</span> <span class='ocrx_word' id='word_1_934' title='bbox 3424 5862 3469 5917; x_wconf 73' lang='grc' dir='ltr'><strong>ι..</strong></span> 
     </span>
    </p>
   </div>
   <div class='ocr_carea' id='block_1_121' title="bbox 2939 5961 2980 6022">
    <p class='ocr_par' dir='ltr' id='par_1_121' title="bbox 2939 5961 2980 6022">
     <span class='ocr_line' id='line_1_121' title="bbox 2939 5961 2980 6022; baseline 0 0"><span class='ocrx_word' id='word_1_935' title='bbox 2939 5961 2980 6022; x_wconf 89' lang='lat'><strong>3</strong></span> 
     </span>
    </p>
   </div>
  </div>
