4048 6364
539 240 608 295 75
1283 240 1374 295 AD
1412 238 1642 296 OPERA
1686 237 1745 295 3.
1788 230 2034 294 lﬁlDOlll
2076 232 2122 291 ﬂ

2226 227 2517 288 ‘ALENSIS
2554 227 3092 293 PROLEGOIENA.

3763 233 3855 299 τ.

535 360 668 415 tetra
689 358 754 412 de
782 357 859 411 ias
890 354 1131 411 historias
1155 356 1460 426 originales,
1484 365 1534 410 et
1550 358 1666 409 nias
1690 353 1992 415 calauticas,
2026 365 2124 421 quo
2148 357 2202 414 Α
2226 347 2421 413 resina,
2451 346 2693 405 diversas
2718 347 3043 418 quandoque
3070 362 3158 405 res
3180 346 3235 403 in
3272 347 3355 405 bi
3379 347 3639 419 Ombis
3658 358 3855 411 Oliar-

535 461 684 506 estan
703 450 951 519 escriptas
982 465 1075 517 por
1103 448 1181 502 las
1221 446 1682 501 bienauenturados
1711 453 1829 498 sant
1862 442 2128 513 Allfonso,

536 542 807 612 arsobispo
852 542 915 595 de
940 541 1151 603 Tot-do,
1198 556 1225 593 ε
1251 548 1368 593 sant
1394 538 1628 603 Braulio,
1658 534 1835 605 obtspo
1874 534 1938 587 de
1958 532 2131 587 Zara-

536 652 689 708 gesa,
736 633 1016 702 discipulos
1065 632 1128 685 de
1166 640 1287 685 sant
1316 628 1544 693 Isidoro,
1584 636 1632 683 et
1686 644 1779 696 pcr
1818 635 1959 680 utros
1992 623 2132 677 anti-

536 745 685 801 guos,
736 744 835 799 quo
862 725 1261 781 sscribieronsu
1311 723 1548 789 historia,
1606 722 1658 775 la
1707 720 1830 792 quat
1884 722 1969 790 {ue
2014 720 2132 773 ansi

536 822 759 887 sacada,
800 827 850 874 et
889 820 1200 874 trnsladada
1243 820 1307 873 de
1348 818 1477 872 latin
1520 833 1580 870 eu
1631 830 1874 870 romanae
1916 829 2010 884 por
2061 830 2130 866 un

538 914 804 987 Rotigioso
832 912 1101 985 Canonigo
1137 910 1329 982 Regtar
1356 910 1419 963 ds
1444 922 1503 962 stt
1527 908 1842 962 monasterio
1878 905 1943 959 de
1980 913 2130 959 sunto

536 1002 746 1061 Isidoro
787 1006 851 1060 de
892 1004 1050 1069 Leon,
1080 1020 1175 1075 que
1207 1004 1291 1074 {ue
1318 1003 1365 1056 ei
1407 1002 1591 1055 mismo
1626 1016 1721 1071 qus
1766 1012 2043 1053 roniancao
2082 997 2130 1053 el

533 1096 687 1151 dicito
738 1095 869 1151 libro
922 1093 1181 1165 principal
1242 1092 1306 1147 de
1344 1108 1432 1147 sus
1481 1091 1754 1161 miraglos,
1802 1089 1887 1143 sin
1935 1089 2126 1157 quitur,

532 1188 644 1260 85
673 1190 727 1242 ni
753 1188 946 1242 aﬁadir
964 1202 1083 1242 casa
1106 1186 1298 1258 alguna
1316 1184 1661 1249 substancial,
1678 1199 1822 1238 corno
1848 1198 1900 1237 se
1921 1182 2131 1237 Italiam

468 1254 476 1313 ἒ
532 1254 808 1351 ὧῆἠαηάο
838 1288 947 1333 esta
976 1254 1537 1350 vulgarvtrasladasion
1578 1290 1672 1329 con
1716 1274 1792 1329 los
1822 1273 2001 1329 dichos
2030 1274 2131 1328 ori-

534 1376 757 1446 ginales,
782 1391 880 1447 que
905 1389 998 1429 son
1028 1375 1277 1444 ascriptus
1312 1388 1378 1427 ert
1405 1370 1575 1425 buena
1601 1370 1880 1425 latinidad.

605 1463 689 1520 l9.
719 1463 919 1520 Auctor
945 1465 1145 1535 operis,
1188 1461 1275 1519 vei
1302 1466 1527 1532 operum
1555 1458 1867 1516 Latinorum
1895 1459 1963 1516 de
1994 1460 2124 1526 vita,

532 1557 755 1611 transitu
777 1596 793 1622 ,
827 1556 1205 1617 translatione,
1254 1559 1309 1609 et
1330 1552 1600 1624 pracipue
1645 1551 1919 1608 miraculis
1940 1550 1998 1609 S.
2027 1551 2126 1607 lsi-

527 1648 645 1704 dori
674 1648 854 1703 nullus
883 1648 1169 1703 iudicatur.
1216 1645 1488 1716 interpres
1533 1660 1671 1700 unus
1716 1645 1965 1716 idemque
2005 1659 2127 1699 esse

2231 440 2359 505 rari,
2393 440 2518 511 quia
2565 438 2738 497 Lucas
2781 446 3037 511 utrmque
3078 439 3385 510 probabilm
3431 440 3700 507 credidit,
3732 452 3859 499 aut

2232 530 2376 601 quod
2417 539 2691 601 postremo
2736 532 2980 602 scripsit,
3026 530 3231 588 melius
3272 531 3528 599 credidit:
3566 533 3852 605 primum,

2232 637 2354 678 cum
2378 637 2557 679 sermo
2584 623 2655 679 sit
2682 622 2750 679 de
2778 621 2934 680 iactis
2965 623 3105 680 inter
3128 638 3189 680 se
3212 624 3522 692 contrariis,
3569 625 3852 684 sisti-ci

2234 717 2459 787 nequit;
2490 718 2720 774 alterum
2748 718 2954 776 valeant
2976 760 2993 787 ,
3047 719 3093 774 si
3135 718 3309 776 Lucas
3332 721 3601 778 rationem
3642 723 3849 779 reddi-

2232 809 2516 867 dissetcur
2544 827 2652 868 non
2693 811 2865 869 multo
2892 820 3017 867 ante
3058 812 3390 869 contrarium
3434 805 3841 872 enuntiasset:

2233 900 2287 958 id
2304 902 2446 959 enim
2462 903 2861 975 quodammodo
2880 904 3371 976 exigittincorrupta
3390 904 3525 962 ﬁdes
3552 904 3845 966 historici.

2817 999 3045 1057 curer
3095 1000 3235 1057 11v.
3748 1078 3759 1083 ,

2242 1094 2360 1151 νέω
2391 1095 2455 1152 8.
2486 1094 2703 1163 lsidari,
2749 1105 2959 1152 auctore
3002 1094 3258 1153 [latinius
3284 1094 3604 1153 om.
3647 1096 3842 1155 Non-

2690 1190 2854 1244 tienos
2881 1188 2936 1242 in
2986 1188 3121 1242 hanc
3156 1186 3349 1243 Vitans.

2302 1282 2354 1336 i.
2392 1298 2411 1334 ι
2446 1281 2697 1347 Isidorus,
2738 1282 2956 1337 natione
2981 1280 3451 1350 Cartltagineusis,
3480 1282 3625 1340 illius
3649 1283 3835 1342 ανο-

2229 1373 2368 1431 ﬂaui
2393 1371 2630 1443 ejusdem
2654 1374 2943 1444 provincia:
2972 1374 3150 1440 ducis,
3183 1374 3504 1432 Theoderici
3544 1378 3691 1447 regis
3712 1376 3840 1433 Ges

2231 1468 2442 1523 thorum
2486 1466 2600 1532 lilii,
2632 1481 2920 1536 germanus
2946 1477 3256 1523 sanctorum
3286 1466 3513 1523 [Alandri
3552 1471 3839 1540 archiepi-

2227 1559 2377 1630 scopi
2406 1557 2757 1629 Hispalensis,
2783 1568 2838 1616 et
2863 1559 3128 1628 Fuigentii
3150 1560 3391 1630 episcopi
3418 1569 3473 1615 et
3491 1560 3739 1617 doctoris
3764 1577 3840 1618 ac

2229 1650 2550 1706 Florentium
2570 1651 2807 1721 virginis,
2834 1652 3095 1721 virginum
3123 1653 3441 1723 prcpositre,
3474 1654 3837 1724 arcbiprasui

524 1739 721 1831 dicitur
765 1738 1115 1831 Canobicus_
1139 1738 1362 1831 quidam
1403 1736 2125 1831 monasterii-“Legionensis
2157 1768 2203 1831 Β
2228 1741 2576 1813 Hispalensis,
2606 1741 2985 1813 Hispaniarum
3015 1744 3247 1813 primas,
3293 1758 3419 1799 cum
3462 1752 3607 1800 esset
3652 1746 3837 1801 infan-

525 1830 586 1887 S.
616 1830 824 1898 isiiori,
859 1846 1019 1901 quem
1050 1828 1297 1902 Egidius
1325 1828 1615 1896 Gouzales,
1639 1838 1696 1885 et
1713 1828 1830 1885 Nic.
1860 1828 2123 1884 Antonius

525 1924 790 1981 Joannem
819 1925 887 1980 de
938 1924 1134 1980 Rebles
1183 1924 1481 1980 nominant.
1535 1922 1724 1980 Refert
1772 1923 2040 1992 interpres
2069 1922 2124 1978 in

526 2031 694 2087 opere
722 2016 789 2071 de
838 2015 1128 2083 Miraculis,
1176 2014 1433 2089 Codicem
1478 2014 1731 2073 Latinum
1783 2014 2124 2069 membrana-

527 2124 705 2175 ceum,
736 2124 842 2178 quo
869 2109 921 2163 id
950 2125 1088 2179 opus
1115 2108 1364 2165 Latinum
1400 2108 1800 2174 continebatur,
1850 2107 2123 2163 exstitisse

525 2196 655 2256 olim
708 2201 760 2254 in
792 2202 1122 2257 monasterio
1144 2200 1470 2271 Legioneusi
1499 2200 1558 2257 S.
1602 2199 1818 2269 lsidori,
1848 2200 1974 2255 inde
2001 2209 2124 2270 post

524 2291 704 2347 varios
732 2308 887 2349 casus
916 2294 981 2346 ad
1010 2294 1297 2363 collegium
1343 2293 1764 2364 Complutense,
1790 2308 1824 2348 a
1864 2292 2122 2349 cardinali

522 2384 812 2444 Francisco
861 2384 1122 2441 Ximenez
1178 2386 1456 2442 fundatum
1478 2424 1494 2455 ,
1544 2386 1830 2443 devenisse
1863 2403 1875 2440 :
1908 2401 1978 2442 ex
2014 2400 2123 2457 quo

524 2477 804 2546 exemplar
829 2476 1158 2547 descriptum
1187 2476 1286 2532 fuit
1311 2485 1369 2543 et
1394 2478 1463 2533 ad
1490 2478 1881 2533 monasterium
1926 2475 2120 2545 Legio-

524 2583 695 2625 nense
722 2568 778 2625 S.
805 2569 995 2626 [sideri
1021 2570 1280 2625 delatum.
1311 2569 1393 2625 Ex
1439 2570 1543 2627 hoc
1570 2570 1871 2643 exemplari
1902 2570 2040 2626 liber
2068 2570 2120 2624 in

521 2659 817 2732 Hispanum
861 2661 1060 2718 idioma
1107 2677 1403 2719 conversus
1428 2662 1547 2718 fuit.

592 2753 679 2810 20.
712 2754 948 2812 Historia
975 2756 1100 2813 vita:
1147 2764 1202 2812 et
1251 2757 1646 2825 translationis,
1697 2774 1817 2830 qua:
1867 2758 2004 2815 libro
2055 2759 2121 2813 de

518 2847 797 2903 miraculis
824 2850 1185 2920 praemittitur,
1214 2849 1433 2906 brevior
1478 2859 1565 2906 est
1604 2866 1668 2908 ea
1710 2866 1870 2923 quam
1901 2850 2119 2907 Bollan-

520 2940 661 2995 diaui
685 2941 990 3007 ediderunt,
1020 2950 1076 2997 et
1102 2943 1189 2998 cui
1215 2957 1385 3013 pauca
1421 2943 1670 3012 quaedam
1700 2944 1958 2997 miracula
1989 2943 2118 2997 sub-

516 3027 784 3099 iecerunt.
804 3029 919 3085 Duo
946 3046 1076 3102 ergo
1103 3046 1269 3102 opera
1296 3030 1510 3088 diversa
1547 3031 1825 3087 Fleresius
1852 3032 2113 3100 agnoscit,

517 3123 617 3178 sed
684 3122 753 3177 ab
812 3122 1004 3179 eodem
1053 3132 1274 3181 auctore
1318 3123 1465 3180 Luca
1513 3124 1747 3181 Tudensi
1796 3127 2114 3197 composita,
2148 3158 2194 3221 ο

520 3214 669 3283 prius
691 3230 827 3284 opus
850 3214 919 3270 de
939 3213 1227 3280 Miraculis,
1251 3215 1530 3286 [immissa
1556 3216 1711 3272 brevi
1738 3216 1970 3272 historia
1997 3220 2120 3272 vito

521 3312 576 3358 et
607 3304 978 3361 translationis
1000 3345 1015 3372 ,
1044 3307 1312 3377 posterius
1359 3307 1642 3363 historiam
1672 3307 1970 3378 longiorem
1999 3309 2121 3364 vita:

521 3404 574 3450 et
639 3396 1034 3464 translationis,
1097 3399 1382 3469 subjuncta
1424 3415 1721 3473 paucorum
1767 3401 2119 3471 quorumdam

520 3489 904 3545 miraculorum
933 3492 1296 3562 expositione.
1331 3492 1452 3550 Jam
1482 3493 1628 3565 quod
1657 3492 1830 3551 Lucas
1859 3493 2122 3549 Tudeusis

436 3604 449 3609 -
519 3596 658 3652 opus
686 3583 754 3638 de
776 3582 1045 3642 eraculis
1069 3585 1129 3641 8.
1164 3586 1355 3643 Isidori
1384 3587 1691 3658 scripserit,
1738 3602 1807 3643 ex
1840 3586 1957 3657 ejus
1991 3602 2119 3657 pro-

519 3670 644 3741 logo
694 3672 952 3729 librarum
1000 3675 1259 3733 adversus
1305 3678 1621 3748 Albigeuses
1662 3684 1874 3734 constat
1909 3696 1923 3732 :
1957 3678 2121 3748 Sepo-

518 3777 646 3818 nens
669 3765 738 3818 ad
767 3774 962 3838 tempus
989 3770 1229 3841 prosequi
1267 3786 1331 3825 ea
1354 3785 1470 3842 qua:
1516 3770 1580 3825 de
1613 3769 1880 3825 miraculis
1917 3768 1981 3825 S.
2016 3767 2123 3824 Isi-

518 3854 635 3910 dari
675 3860 987 3931 confessoris
1033 3877 1289 3933 creperum
1328 3880 1623 3919 enarrare:
1655 3872 1709 3919 et
1738 3864 1792 3918 in
1823 3860 1929 3918 line
1955 3863 2122 3919 libro-

514 3962 635 4003 rum
694 3968 707 4005 :
764 3950 1024 4009 Dioinitus
1066 3955 1262 4026 factum
1300 3956 1488 4025 credo,
1542 3965 1598 4011 ut
1652 3957 1739 4028 qui
1770 3956 1909 4011 beati
1942 3956 2121 4011 Patris

517 4039 713 4098 [sideri
749 4046 1002 4102 miracula
1044 4052 1288 4121 proposui
1326 4052 1381 4105 in
1444 4052 1653 4106 laudem
1690 4049 1902 4106 Domini
1948 4051 2125 4106 decla-

516 4153 637 4191 rare
664 4180 677 4203 ,
727 4148 832 4194 etc.
877 4139 1119 4211 Denique
1146 4157 1271 4197 cum
1295 4142 1349 4197 in
1396 4144 1535 4199 libro
1563 4144 1631 4199 de
1655 4142 1927 4199 Miraculis
1953 4143 2118 4198 multa

516 4227 625 4281 sint
651 4242 769 4297 qua:
798 4229 990 4285 eodem
1011 4231 1173 4286 modo
1195 4232 1249 4286 in
1271 4231 1545 4295 Chronico
1574 4242 1629 4288 et
1657 4232 1891 4290 Historia
1918 4234 2039 4291 vitae
2064 4244 2119 4290 et

520 4318 885 4375 translationis
922 4319 1258 4385 referuntur,
1309 4322 1435 4378 inde
1481 4322 1764 4380 Florezius
1822 4325 2115 4393 concludit,

515 4408 712 4465 horum
741 4410 978 4465 omnium
1008 4425 1235 4481 operum
1268 4428 1433 4467 unum
1482 4414 1841 4485 eamdemque
1866 4432 1988 4473 esse
2014 4432 2114 4474 au-

446 4486 453 4497 ’
515 4510 726 4559 ctorem
749 4501 952 4559 Lucam
1004 4502 1332 4562 Tudensem.

588 4594 680 4650 21.
714 4592 943 4666 Verum,
974 4605 1034 4653 ut
1069 4596 1370 4654 concedam
1408 4599 1705 4658 absolvisse
1732 4602 1933 4661 Lucam
1979 4621 2113 4676 opus

515 4689 586 4743 de
636 4686 936 4758 Miraculls,
983 4704 1104 4760 qua;
1152 4704 1408 4748 enarrare
1436 4704 1694 4766 coeperat,
1748 4704 1805 4752 et
1840 4697 2116 4754 declarare

512 4790 882 4851 proposuerat;
912 4788 973 4837 ut
1000 4782 1299 4853 admittam,
1345 4801 1483 4857 opus
1532 4784 1692 4844 Luca:
1736 4788 1806 4845 de
1850 4789 2117 4846 Miraculis

517 4872 789 4929 diversum
818 4888 927 4930 non
955 4890 1075 4932 esse
1102 4876 1170 4932 ab
1200 4890 1267 4931 eo
1288 4878 1435 4946 quod
1458 4879 1513 4934 in
1532 4882 1879 4937 vernaculum
1909 4896 2113 4939 sermo-

517 4977 644 5020 nem
691 4964 962 5023 redditum
1003 4975 1117 5035 est,
1168 4968 1309 5023 redit
1337 4970 1530 5026 iterum
1576 4973 1879 5045 redibitque
1898 4990 2115 5047 semper

517 5072 641 5113 mea
666 5061 979 5131 responsio,
1014 5061 1224 5118 facilius
1245 5077 1397 5132 esse,
1427 5072 1488 5120 ut
1537 5066 1719 5137 plures
1768 5067 1967 5124 diversi
2012 5084 2110 5123 au-

519 5161 702 5207 ctores
728 5164 773 5209 'e
818 5150 1201 5214 vetustioribus
1238 5160 1603 5216 monumentis
1647 5161 1815 5216 multa
1855 5162 2017 5216 etiam
2044 5160 2113 5217 ad

520 5243 824 5301 verbuqu
850 5242 976 5304 suos
998 5247 1166 5306 libros
1214 5249 1569 5308 immitterent
1620 5270 1635 5307 :
1688 5252 1782 5322 qui
1810 5268 1929 5308 mos
1989 5263 2113 5309 tunc

518 5342 637 5391 erat
664 5336 931 5395 scribendi
964 5355 979 5393 :
1019 5356 1184 5413 quam
1240 5350 1302 5398 ut
1347 5358 1488 5399 unus
1534 5341 1785 5411 idemque
1824 5354 2015 5401 auctor
2055 5345 2110 5401 in
2194 5400 2195 5403 η

515 5427 629 5499 86
656 5430 924 5487 nonnullis
945 5434 1127 5490 Varius
1172 5434 1381 5504 sibique
1410 5449 1603 5505 parum
1646 5443 1901 5493 constans
1941 5444 2103 5504 esset,

512 5522 812 5589 praesertim
841 5520 961 5580 cuni
986 5524 1261 5581 Florezius
1290 5526 1504 5593 doceat,
1536 5526 1651 5581 haec
1681 5528 1861 5582 omnia
1885 5544 2049 5599 opera
2073 5544 2104 5584 a

506 5609 662 5669 Luca
690 5614 923 5673 Tudeusi
951 5618 1195 5673 absoluta
1244 5617 1408 5674 fuisse
1452 5618 1520 5674 ab
1549 5635 1691 5674 anno
1722 5620 1860 5675 1254
1898 5622 1965 5676 ad
2012 5638 2107 5678 an-

516 5720 651 5762 num
699 5706 871 5776 1259,
922 5722 1030 5778 quo
1075 5709 1140 5763 ad
1186 5710 1369 5765 sedem
1418 5710 1720 5767 Tudensem
1746 5720 1966 5769 evectus
1987 5714 2105 5781 fuit,

510 5800 820 5860 exstinctus
847 5801 1238 5861 demum‘anne
1270 5802 1422 5858 i249.
1467 5804 1621 5872 Quod
1663 5814 1843 5863 autem
1873 5807 1948 5863 ait
1987 5807 2109 5865 Flo-

2145 4560 2195 4621 D

2228 1835 2393 1901 tulus,
2428 1849 2459 1890 a
2483 1835 2693 1891 nutrice
2721 1835 2787 1891 ad
2827 1836 3042 1892 hortum
3091 1834 3283 1892 ductus
3324 1836 3460 1903 fuit,
3503 1846 3562 1892 et
3606 1837 3682 1893 ibi
3728 1854 3839 1908 per

2224 1927 2554 1984 oblivionem
2602 1927 2744 1983 inter
2785 1929 2935 1982 olera
2972 1928 3243 1983 dimissus.
3300 1926 3428 1983 Post
3471 1927 3682 1999 aliquos
3708 1929 3839 1987 dies

2223 2019 2411 2089 lugens
2446 2020 2611 2075 hlium
2637 2019 2981 2085 Severianus,
3010 2020 3202 2076 sedens
3229 2029 3418 2076 contra
3449 2021 3701 2086 hortum,
3743 2024 3835 2077 vi-

2223 2110 2302 2165 dit
2325 2125 2483 2180 apum
2515 2110 2910 2166 multitudinem
2961 2126 3084 2167 cum
3132 2111 3334 2180 ingenti
3383 2126 3662 2167 murmure
3694 2112 3834 2184 :qui

2224 2203 2277 2259 in
2304 2212 2580 2274 stuporem
2610 2219 2828 2267 versus,
2854 2202 2920 2259 ad
2950 2204 3188 2268 hortum,
3216 2204 3422 2261 vocatis
3441 2204 3832 2273 sen'ientibm,

2223 2297 2498 2354 festinavit
2525 2315 2537 2352 :
2566 2306 2623 2353 et
2650 2298 2969 2354 accedentes
3016 2299 3266 2355 viderunt
3309 2299 3445 2356 alias
3487 2313 3648 2369 apum
3679 2300 3738 2356 in
3769 2312 3834 2357 os

2223 2388 2375 2460 pueri
2405 2388 2689 2453 intrantes,
2711 2396 2766 2444 et
2787 2396 3084 2455 exeuntes;
3112 2388 3245 2445 alias
3265 2404 3397 2445 vero
3418 2402 3579 2459 super
3601 2388 3833 2460 faciem,

2223 2487 2280 2537 et
2308 2486 2478 2535 totum
2509 2495 2709 2551 corpus
2739 2480 2913 2536 mellis
2942 2490 2997 2536 et
3028 2480 3133 2537 favi
3162 2482 3501 2551 operimenta
3548 2490 3829 2541 texentes.

2225 2574 2387 2633 Pater
2410 2583 2589 2633 autem
2617 2592 2742 2633 cum
2765 2576 3024 2643 clamore,
3062 2588 3116 2631 et
3159 2577 3409 2648 lacrymis
3447 2590 3672 2647 puerum
3709 2592 3830 2634 am-

2224 2669 2468 2740 plexatus
2496 2676 2598 2733 est,
2621 2677 2676 2722 et
2702 2684 2829 2738 apes
2856 2669 2927 2723 ita
2959 2670 3011 2725 in
3054 2668 3286 2726 sublime
3313 2684 3374 2727 se
3401 2670 3721 2729 extulerunt
3772 2682 3833 2727 ut

2225 2776 2331 2816 non
2356 2770 2577 2831 possent
2625 2760 2813 2815 videri.

2292 2851 2345 2905 ‘2.
2386 2870 2404 2901 ι
2440 2849 2685 2906 Leander
2707 2860 2887 2906 autem
2926 2851 3272 2921 archiprmsul
3318 2852 3571 2923 diligebat
3594 2866 3830 2923 puerum

2222 2944 2571 3014 spiritualiter
2590 2982 2603 3007 ,
2636 2953 2788 2999 extra
2820 2944 3048 3014 patriam
3074 2960 3197 2999 eum
3227 2945 3431 3002 habens
3460 2945 3711 3002 solatium
3730 2988 3745 3006 .
3778 2956 3831 3000 et

2224 3054 2334 3093 non
2362 3038 2616 3106 parcebat
2646 3050 2858 3105 urgere,
2905 3037 3105 3092 docens
3134 3052 3279 3094 eum.
3324 3038 3458 3095 Cum
3500 3038 3658 3107 igitur
3687 3053 3830 3107 puer

2224 3128 2459 3183 Isidorus
2489 3127 2681 3182 litteris
2722 3126 2907 3183 fuisset
2936 3128 3181 3193 traditus,
3228 3136 3391 3199 atque
3428 3137 3487 3185 ut
3524 3128 3623 3187 sibi
3668 3128 3832 3185 vide-

2227 3224 2406 3289 batur,
2438 3223 2613 3277 miuus
2642 3229 2785 3277 esset
2806 3222 3021 3290 capacis
3049 3222 3274 3289 ingenii,
3308 3221 3531 3277 verbera
3577 3221 3833 3287 magistri

2229 3322 2513 3379 metuens,
2560 3312 2705 3368 haud
2757 3314 2945 3382 procul
3005 3312 3139 3383 fugit
3205 3313 3271 3369 ab
3320 3313 3451 3370 urbe
3497 3310 3832 3382 Hispalensi.

2224 3402 2467 3475 Cumque
2514 3402 2765 3471 fatigatus
2808 3402 2962 3469 juxta
3009 3402 3303 3471 marginem
3345 3401 3620 3472 cujusdam
3668 3403 3832 3472 putei

2222 3494 2533 3562 resedisset,
2572 3494 2700 3549 vidit
2731 3493 3036 3566 pergrande
3083 3510 3269 3551 saxum
3301 3490 3555 3551 Moesis
3596 3490 3831 3552 forami-

2224 3587 2380 3642 nibus
2410 3584 2768 3656 perforatum,
2826 3594 2880 3640 et
2924 3576 3192 3658 quoddam
3240 3587 3576 3658 suppositum
3610 3586 3828 3659 lignum

2224 3679 2530 3737 canclatum
2561 3677 2745 3751 [Forte
2791 3677 3140 3750 cattaIatum].
3169 3677 3293 3735 Βίης
3315 3679 3441 3736 dum
3461 3695 3647 3737 secum
3675 3683 3830 3739 taci-

2225 3784 2311 3831 tus
2356 3776 2652 3845 cogitaret,
2701 3788 2830 3831 ecce
2874 3774 3118 3844 quaedam
3157 3774 3353 3831 mulier
3394 3776 3508 3848 81
3558 3775 3704 3843 venit
3752 3777 3827 3833 ad

2222 3868 2572 3925 hauriendam
2616 3882 2829 3936 aquam.
2881 3866 2958 3919 Ad
3005 3880 3162 3935 quam
3192 3881 3358 3935 puer,
3388 3866 3574 3941 Rogo,
3620 3866 3827 3941 inquit,

2222 3962 2461 4028 dissere,
2514 3962 2665 4030 quis,
2707 3964 2793 4016 vel
2824 3960 2889 4016 ad
2932 3959 3059 4030 quid
3095 3959 3285 4031 lapidis
3329 3960 3489 4031 hujus
3529 3962 3827 4031 foramina,

2223 4062 2278 4109 et
2305 4052 2446 4108 illius
2473 4052 2599 4120 ligni
2632 4052 2844 4108 canales
2868 4052 3020 4106 facta:
3065 4050 3311 4107 fuerunt?
3356 4051 3542 4127 Lapis,
3573 4053 3684 4123 ait,
3713 4054 3828 4113 iste

2225 4143 2489 4214 frequenti
2509 4152 2777 4213 guttarum
2802 4143 3146 4199 iustillatione
3170 4142 3505 4214 perforatas;
3528 4154 3585 4200 et
3608 4145 3819 4215 lignum

2220 4234 2490 4305 frequenti
2538 4237 2858 4294 chordarum
2908 4238 3069 4303 dna-tu
3115 4240 3441 4297 canelatum.
3494 4240 3826 4313 Tuucpuer

2222 4328 2289 4385 ad
2311 4344 2370 4385 se
2396 4340 2643 4387 reversus
2672 4328 2807 4386 dixit
2842 4349 2853 4383 :
2885 4329 2941 4386 Si
2970 4330 3105 4401 lapis
3149 4330 3466 4390 durissimus
3494 4348 3633 4405 aqua
3658 4349 3825 4389 cava-

2222 4430 2345 4489 tur,
2394 4431 2450 4478 et
2489 4423 2690 4491 lignum
2718 4422 2934 4478 chordis
2980 4432 3230 4489 secatur,
3262 4433 3467 4494 quanto
3515 4426 3685 4493 magis
3715 4441 3824 4497 ego

2220 4516 2412 4584 homo,
2444 4516 2701 4574 discendo
2741 4517 3017 4589 quotidie,
3065 4517 3131 4573 ad
3183 4527 3529 4589 augmentum
3572 4520 3865 4581 scientiae.

2218 4609 2412 4666 valebo
2456 4610 2771 4681 pervenire?
2799 4610 3068 4666 Reversus
3098 4610 3258 4679 igitur
3299 4609 3598 4682 Hispalim,
3642 4612 3823 4691 magi;

2204 4712 2453 4759 strorum
2479 4703 2771 4773 disciplinae
2799 4719 2857 4759 se
2886 4701 3160 4759 humiliter
3188 4702 3449 4773 subdidit;
3480 4712 3536 4759 et
3566 4712 3712 4757 tanta
3741 4704 3820 4759 illi

2216 4796 2387 4863 gratia
2430 4794 2640 4850 cmlitus
2668 4801 2752 4850 est
2796 4793 2969 4849 infusa
2993 4832 3009 4861 ,
3041 4802 3099 4849 ut
3144 4795 3419 4866 quidquid,
3456 4811 3487 4850 a
3544 4796 3822 4864 magistris

2218 4885 2504 4950 audiebat,
2529 4884 2684 4939 avide
2706 4885 2990 4941 retinebat.
3019 4885 3218 4956 Sicque
3258 4885 3462 4943 Latinis
3484 4927 3499 4953 ,
3530 4884 3733 4944 Graecis
3762 4898 3820 4943 et

2217 4973 2492 5030 Hebraicis
2521 4974 2711 5030 litteris
2743 4975 3069 5041 instructus,
3121 4976 3170 5030 iu
3226 4977 3384 5031 trivio
3427 4986 3482 5033 et
3527 4978 3819 5053 quadrivio

2215 5064 2314 5119 fuit
2337 5064 2633 5134 perfectus,
2666 5066 2720 5121 in
2750 5066 3008 5122 doctrinis
3034 5067 3475 5139 pbi1050phorum
3497 5069 3811 5143 praeclarus,

2214 5156 2409 5212 divinis
2439 5156 2793 5229 humanisque
2821 5156 3025 5226 legibus
3051 5158 3314 5229 eruditus,
3334 5160 3486 5216 suavi
3514 5160 3811 5233 colloquio,

2214 5249 2321 5303 vita
2351 5260 2407 5305 et
2446 5250 2691 5307 doctrina
2735 5250 3079 5307 clarissimus.

2287 5342 2339 5397 3.
2378 5360 2395 5396 ι
2420 5342 2577 5412 (Cum
2607 5353 2752 5399 esset
2768 5343 3001 5415 juvenis,
3024 5344 3153 5399 etin
3172 5344 3401 5401 scientia
3427 5346 3654 5403 multum
3678 5336 3810 5419 ’p‘ro-
3852 5390 3855 5391 γ

2216 5431 2458 5500 fecisset,
2490 5436 2668 5491 audita
2702 5436 2840 5490 l'uma
2870 5433 3136 5505 Gregorii,
3177 5426 3337 5515 nocte
3367 5438 3559 5494 natalis
3588 5424 3808 5497 Domini

2209 5526 2263 5583 in
2286 5528 2513 5585 ecclesia
2543 5530 2843 5602 llispalensi
2881 5534 3051 5602 prima
3080 5533 3311 5589 lectione
3339 5533 3580 5606 perlecta
3603 5573 3622 5601 ,
3652 5536 3809 5595 extra

2209 5623 2494 5678 ecclesiam
2524 5639 2790 5695 egressus,
2838 5625 2889 5679 in
2921 5625 3238 5695 parvissimo
3287 5634 3529 5697 tempore
3578 5608 3809 5685 Romam

2213 5712 2460 5781 devenit,
2486 5724 2541 5772 et
2572 5716 2787 5772 beatum
2810 5715 3130 5785 Gregoriqu
3182 5718 3231 5772 in
3255 5716 3529 5772 Matutiuis
3558 5704 3804 5775 invenit:

2214 5823 2319 5863 euo
2351 5810 2462 5875 viso
2486 5848 2501 5874 ,
2526 5808 2713 5865 beatus
2743 5809 3064 5883 Gregorius,
3100 5810 3320 5866 nimium
3348 5809 3561 5865 laetatus
3583 5847 3598 5877 ,
3630 5792 3803 5883 proii-
