4048 6364
190 364 261 425 77
1214 344 1625 408 ISIDORIANA.
1671 378 1735 389 —-
1779 347 1955 405 PARS
1995 350 2035 405 I.
2079 349 2229 405 CAP.
2274 347 2413 406 XIV.
3407 352 3476 411 78

190 491 295 534 nus
319 469 564 545 agnovit,
604 474 661 525 et
686 466 801 524 Deo
848 465 1050 538 gratias
1088 476 1283 534 agens,
1333 462 1673 535 amplexatus
1694 469 1777 519 est
1806 473 1854 530 Α
1880 478 2016 530 ram,
2044 479 2149 519 non
2178 465 2246 520 ad
2277 467 2559 534 honorem,
2587 466 2684 522 sed
2733 464 2803 523 ad
2856 482 3015 535 onus,
3048 482 3157 523 non
3184 468 3252 524 ad
3279 468 3478 538 princi-

189 581 312 622 eum
343 582 356 618 :
392 568 512 635 post
563 559 924 631 evangelicam
966 571 1092 613 vero
1135 553 1421 613 lectionem
1464 553 1790 611 valefaciens

189 656 261 716 ad
286 654 574 713 ecclesiam
599 650 970 723 Hispalensem
1002 650 1117 720 ipsa
1157 656 1317 704 nocte
1341 645 1519 713 rediit,
1550 652 1605 702 et
1633 646 1785 702 cleri-

190 764 282 807 cos
311 746 604 803 matutinas
636 743 821 801 laudes
862 742 1062 815 reperit
1082 741 1469 810 celebrantes.)

257 840 315 897 4.
356 860 375 893 ‹
412 838 492 895 Ad
520 838 806 895 utilitatem
850 836 1087 892 ﬁdelium
1129 835 1327 892 multos
1369 834 1538 892 libros
1567 850 1790 906 compo-

190 934 315 1001 suit,
332 932 530 989 multas
558 930 791 987 haereses
812 929 1150 1001 exstirpavit,
1180 927 1365 983 Arium
1389 927 1787 984 condemnavit.

191 1022 359 1093 Hujus
406 1024 551 1094 Arii,
611 1022 912 1095 presbyteri
969 1018 1355 1085 Alexandrini,
1413 1010 1618 1075 insania
1666 1034 1789 1075 cum

191 1116 490 1175 insanirent
518 1116 705 1188 impii,
734 1108 1031 1170 Athanasio
1061 1112 1317 1185 expulso,
1349 1110 1583 1169 Eusebio
1611 1122 1791 1168 exter-

192 1212 419 1280 minato,
442 1206 649 1264 Hilario
672 1208 1001 1280 proscripto,
1051 1203 1391 1276 Leovigildus
1416 1218 1546 1271 rex,
1600 1200 1791 1275 Hispa-

195 1301 405 1355 niarum
440 1287 696 1356 ecclesias
722 1308 1074 1369 persequens,
1093 1294 1369 1353 Masonam
1396 1294 1790 1353 Emeritensem

192 1396 526 1467 episcopum,
542 1398 597 1449 et
608 1390 912 1449 Leandrum
934 1387 1305 1462 Hispalensem
1323 1388 1790 1461 archiepiscopum

199 1484 485 1554 relegavit.
517 1483 753 1542 Isidorus
784 1492 967 1539 autem
989 1482 1211 1538 scientia
1243 1482 1441 1545 clarus,
1468 1495 1666 1551 genere
1694 1495 1795 1535 no-

191 1573 329 1643 bilis,
369 1589 605 1647 corpore
656 1575 901 1647 pulcher,
940 1572 1180 1631 moribus
1236 1574 1437 1645 gravis,
1480 1572 1793 1646 eloquentia

192 1669 393 1734 suavis,
432 1669 576 1725 inter
602 1669 937 1726 oblatrantes
964 1668 1288 1725 Arianorum
1341 1668 1670 1739 frequentias
1690 1680 1794 1722 nec

192 1762 353 1818 minis
376 1769 633 1829 terretur,
658 1775 759 1817 nec
789 1760 1062 1818 blanditiis
1084 1759 1441 1827 demulcetur,
1466 1754 1561 1815 sed
1582 1757 1793 1815 fervore

193 1852 475 1909 charitatis
501 1866 793 1911 succensus
845 1852 1065 1909 fulmina
1096 1852 1263 1909 divini
1304 1852 1505 1922 eloquii
1548 1852 1794 1907 ardentia

194 2036 361 2111 (Adiit
390 2040 556 2095 etiam
589 2039 927 2096 Recaredum
988 2038 1284 2111 Leovigildi
1332 2040 1474 2111 regis
1502 2039 1691 2109 filium,
1741 2050 1797 2099 et

195 2145 315 2187 eum
338 2133 407 2186 ab
442 2129 635 2186 Ariana‘
660 2131 850 2187 haeresi
879 2131 944 2187 ad
978 2130 1135 2188 ﬁdem
1184 2133 1507 2189 catholicam
1570 2148 1794 2190 revoca-

195 2223 316 2294 vit.)
337 2223 553 2279 Mortuo
575 2233 751 2279 autem
775 2223 948 2281 Toleti
965 2226 1347 2281 miserabiliter
1368 2225 1706 2295 Leovigildo,
1739 2232 1795 2282 et

196 2314 493 2370 substituto
524 2317 577 2370 in
604 2329 771 2385 regno
801 2306 1067 2374 catholico
1116 2312 1414 2384 Recaredo,
1441 2330 1686 2374 reversus
1713 2327 1796 2375 est

198 2405 447 2463 Leander
476 2422 506 2463 a
535 2407 883 2479 Carthagine,
915 2419 969 2465 et
1000 2424 1104 2481 pax
1135 2408 1382 2466 Ecclesia:
1430 2412 1701 2479 restituta,
1741 2420 1795 2465 et

197 2498 398 2555 Ariana
439 2501 659 2556 haeresis
683 2502 1001 2571 exstirpata,
1029 2508 1083 2557 et
1105 2499 1285 2569 Suevi,
1338 2501 1428 2571 qui
1486 2501 1791 2559 Gallmciam

195 2584 536 2664 obtinebant,
570 2596 850 2652 consecuti
876 2604 1002 2651 sunt
1022 2595 1310 2665 baptisma.

262 2688 379 2760 88
407 2686 461 2743 5.
498 2696 517 2739 ἀ
554 2686 817 2761 (Cernens
838 2692 968 2759 ergo
1021 2687 1266 2744 Leander
1320 2686 1511 2744 lsidori
1539 2696 1796 2744 constan-

191 2780 349 2851 tiam,
372 2782 558 2838 nescio
578 2794 685 2851 quo
709 2788 1013 2851 praeventus
1040 2781 1323 2851 prtesagio,
1348 2796 1434 2845 ne,
1468 2796 1528 2835 se
1554 2778 1791 2845 dimisso,

196 2884 367 2926 causa
397 2870 800 2941 praedicationis
850 2868 936 2926 vel
964 2870 1036 2926 ob
1064 2871 1232 2939 aliud,
1260 2877 1547 2927 extraneas
1586 2878 1799 2941 peteret

191 2967 482 3035 regiones;
509 2964 594 3020 vel
623 2970 694 3022 ue
721 2964 1107 3035 virginitatem,
1135 2980 1296 3035 quam
1324 2967 1391 3021 ab
1421 2963 1645 3021 infantia
1675 2981 1798 3022 cus-

189 3054 454 3124 todierat,
486 3054 592 3111 levi
620 3048 823 3110 famine
865 3054 1179 3119 macularet,
1211 3057 1265 3111 in
1313 3055 1450 3112 cella
1502 3071 1643 3123 eum,
1674 3071 1799 3126 rege

189 3146 246 3204 et
272 3146 462 3204 multis
483 3160 625 3217 aegre
655 3144 970 3213 ferentibus,
988 3146 1226 3203 reclusit.
1260 3144 1377 3203 Rex
1400 3162 1531 3203 vero
1558 3145 1796 3204 Recare-

192 3239 293 3296 dus
319 3248 379 3296 et
402 3239 559 3295 multi
588 3238 677 3294 alii
701 3237 850 3295 cellas
877 3239 1220 3306 assistebant,
1250 3244 1306 3296 et
1331 3239 1398 3295 de
1428 3237 1579 3296 fonte
1605 3237 1791 3295 Salra-
1818 3262 1863 3327 ο

195 3332 327 3387 toris
356 3330 484 3387 almi
516 3329 705 3387 Isidori
732 3331 1051 3403 sapientiam
1100 3330 1445 3386 hauriebant.
1478 3328 1611 3385 Cum
1632 3331 1793 3402 igitur

196 3418 441 3479 Leander
488 3423 647 3479 linem
703 3438 854 3481 suum
906 3427 1367 3497 appropinquasse
1416 3433 1789 3497 cognosceret,

197 3515 417 3574 fratrem
468 3524 659 3609 suum“
678 3518 945 3576 Isidorum
997 3535 1027 3575 a
1076 3520 1210 3577 cella
1241 3521 1419 3587 educi,
1442 3526 1497 3577 et
1527 3521 1627 3575 sibi
1657 3535 1793 3592 prae-

198 3610 402 3665 sentari
458 3608 736 3680 precatur.
769 3610 923 3678 Quod
946 3624 1066 3666 cum
1097 3608 1305 3667 Isidoro
1334 3611 1664 3677 retulissent,
1700 3611 1792 3683 qui

198 3698 303 3772 jam
333 3716 559 3772 parvam
588 3701 835 3757 cellulam
858 3703 1109 3758 omnibus
1133 3700 1523 3771 temporalibus
1556 3701 1790 3773 (divitiis)

202 3797 573 3868 praeponebat,
620 3797 695 3849 ait
728 3813 741 3847 :
795 3795 1023 3861 Scitote,
1052 3810 1141 3851 me
1190 3796 1255 3850 ab
1283 3797 1382 3849 hac
1410 3794 1544 3850 cella
1574 3794 1794 3849 minime

205 3898 570 3959 egressurum,
597 3888 833 3959 quandiu
891 3887 1056 3941 l'l-ater
1096 3902 1247 3941 meus
1274 3896 1546 3956 superstes
1576 3888 1795 3942 exstite-

203 3979 287 4047 rit,
313 3982 423 4051 ipse
451 3980 598 4036 enim
621 3980 723 4034 hoc
748 3978 1024 4047 proposito
1048 3978 1373 4032 sacramenti
1406 3975 1685 4047 firmavit.)

269 4072 317 4125 6.
355 4093 372 4124 ι
414 4072 591 4128 Beato
624 4072 786 4140 igitur
815 4069 1061 4126 Leandro
1085 4070 1225 4125 inter
1256 4070 1480 4139 angelos
1508 4070 1792 4137 translato,

206 4178 289 4219 rex
308 4164 635 4230 Recaredus,
670 4163 959 4233 principes,
994 4162 1255 4233 episcopi,
1286 4171 1340 4217 et
1366 4161 1549 4233 populi
1573 4162 1627 4217 in
1652 4162 1795 4232 epis-

207 4270 389 4326 copum
425 4256 756 4313 unanimiter
808 4255 1108 4325 elegerunt,
1169 4265 1243 4319 et,
1276 4254 1405 4311 licet
1458 4253 1796 4322 invitum,de

208 4349 332 4404 cella
379 4350 707 4406 eduxerunt.
743 4347 919 4419 (Quod
953 4362 1076 4402 cum
1127 4350 1429 4403 nuntiatum
1460 4354 1603 4403 esset
1632 4346 1795 4403 beato

212 4439 461 4514 Gregorio
483 4457 664 4515 papze,
695 4441 1021 4497 electionem
1048 4441 1400 4499 libentissime
1428 4440 1790 4510 conﬁrmavit,

214 4535 419 4603 pallium
446 4535 662 4602 tribuit,
691 4540 845 4600 et,ut
865 4533 1127 4604 primatiae
1149 4533 1413 4589 honorem
1443 4533 1499 4588 in
1523 4531 1794 4604 Hispaniis

216 4618 945 4697 exsequeretur,concessit.)
962 4626 1254 4681 Decoratur
1281 4626 1442 4695 igitur
1470 4625 1633 4680 infula
1661 4641 1793 4697 prae-

1894 556 2147 627 pandum,
2209 557 2303 613 sed
2348 558 2415 613 ad
2467 558 2967 630 serviendum,non
3017 560 3085 615 ad
3141 560 3482 618 subditorum

1894 650 2163 719 marsupia
2203 651 2532 716 evacuanda,
2569 652 2665 707 sed
2716 652 2783 707 ad
2821 653 3060 709 facinora
3109 653 3477 723 exstirpanda,

1896 756 2001 796 non
2031 741 2098 795 ad
2121 743 2376 812 quietem,
2411 744 2503 801 sed
2551 744 2620 801 ad
2664 746 2923 813 laborem,
2958 746 3196 818 episc0pi
3224 746 3484 817 dignitate

1847 881 1852 886 .
1892 845 1953 887 se
1977 841 2252 903 vocatum,
2279 850 2387 891 non
2416 836 2589 892 minus
2633 837 2885 910 operibus
2933 852 3091 909 quam
3145 830 3484 895 sermunibtts

1892 920 2179 979 fatebatur.

1963 1016 2017 1070 7.
2066 1035 2084 1069 ‹
2120 1014 2275 1075 Circa
2318 1021 2595 1079 scholares
2642 1022 2716 1078 ita
2771 1018 3037 1080 sollicitus
3062 1022 3198 1090 erat,
3222 1032 3285 1079 ut
3330 1031 3488 1096 pater

1892 1108 2222 1179 singulorum
2254 1115 2588 1183 probaretur.
2622 1114 2709 1184 Et,
2738 1122 2799 1171 ut
2842 1112 3156 1172 removeret
3181 1110 3249 1173 ab
3275 1118 3353 1173 eis
3384 1122 3487 1173 ma-

1896 1202 2083 1259 teriam
2108 1204 2354 1275 vagandi,
2389 1214 2542 1263 extra
2570 1208 2755 1265 urbem
2786 1200 3158 1279 HISpalenseiti
3189 1210 3339 1265 mira:
3370 1210 3489 1281 pul-

1892 1294 2207 1351 chritudinis
2232 1300 2533 1354 construxit
2560 1303 3015 1367 monasterium,a
3042 1308 3151 1372 qdo
3173 1300 3303 1357 uulli
3324 1302 3486 1358 scho-

1893 1388 1994 1444 Iari
2024 1390 2254 1445 exeundi
2283 1400 2409 1448 ante
2436 1391 2850 1464 quadriennium
2882 1395 3155 1451 licentiam
3212 1392 3489 1466 praebeba-

1895 1487 1981 1537 tur
2003 1499 2016 1535 :
2042 1472 2301 1552 quosdam
2323 1476 2434 1556 89
2452 1498 2582 1540 vero
2602 1472 2841 1552 ditiores,
2856 1487 2946 1557 qui
2972 1487 3490 1544 inessemonasterio

1895 1575 2239 1643 recusabant,
2270 1584 2337 1632 ne
2366 1587 2764 1649 gyrovagantes
2790 1588 2999 1634 mentes
3022 1590 3052 1632 a
3072 1568 3250 1634 studio
3263 1584 3489 1633 revoca--

1894 1674 2037 1735 rent,
2092 1667 2282 1725 ferreis
2330 1670 2661 1740 astringebat
2712 1671 3062 1741 compedibus
3095 1689 3107 1725 :
3140 1678 3207 1728 ex
3259 1684 3489 1743 quorum

1898 1759 2126 1829 collegio
2175 1760 2397 1817 emicuit
2438 1758 2760 1831 Ildefonsus,
2789 1770 2845 1819 et
2899 1763 3146 1821 Braulius
3204 1766 3492 1836 episcopus

1831 1876 1874 1939 Β
1900 1852 2425 1923 Ctesaraugustanus.
2460 1850 2523 1908 Et
2568 1855 2694 1924 quia
2721 1870 2831 1911 non
2879 1864 3095 1926 semper
3147 1846 3346 1912 docere
3398 1872 3492 1913 eos

193 1945 499 2012 emittebat,
534 1946 732 2017 quibus
762 1947 1099 2003 saevientium
1126 1946 1482 2003 obuntbrabat
1522 1954 1792 2017 aSpectus.
1846 1964 1847 1967 η

1903 1944 2316 2013 praesentialiter
2370 1950 2603 2015 poterat,
2634 1943 2941 2015 ubicunque
2994 1945 3283 2015 magistros
3336 1952 3494 2015 aptos

1899 2038 2124 2103 sciebat,
2157 2052 2319 2109 prece
2341 2042 2394 2094 et
2422 2030 2598 2110 pretio
2620 2053 2715 2096 eos
2746 2030 2999 2110 ducebat,
3029 2052 3090 2096 ut
3146 2041 3200 2097 in
3228 2042 3494 2097 scholari-

1897 2133 1997 2188 bus
2024 2124 2283 2188 docendis
2306 2132 2498 2188 darent
2521 2147 2744 2204 operam
2773 2132 3049 2190 efﬁcacem
3076 2151 3090 2201 ;
3119 2130 3291 2191 fomes
3342 2151 3494 2190 nam-

1896 2238 2001 2294 que
2021 2232 2077 2281 et
2114 2226 2328 2284 occasio
2358 2225 2599 2293 haeresis,
2629 2234 2686 2282 et
2711 2225 2877 2282 totius
2904 2227 3030 2281 mali
3068 2226 3250 2298 lapsus
3279 2241 3493 2284 morum

1895 2316 2211 2373 clericorum
2234 2325 2290 2373 et
2317 2314 2713 2387 religiosorum,
2740 2318 2920 2387 segnis
2952 2324 3295 2389 contemptus
3323 2320 3494 2375 scien-

1896 2409 1985 2463 tiae
2009 2407 2436 2479 Scripturarum.
2464 2408 2641 2481 Super
2690 2410 2975 2480 religiosos
3004 2418 3222 2483 quoque
3248 2426 3491 2468 summo-

1893 2506 2025 2570 pere
2054 2499 2334 2571 vigilabat,
2360 2516 2427 2556 ne
2448 2502 2570 2573 quis
2591 2516 2777 2557 eorum
2809 2504 2991 2573 inopia
3022 2512 3377 2574 mergeretur,
3403 2513 3496 2561 aut

1897 2593 2047 2649 verbi
2100 2580 2197 2650 Dei
2244 2592 2422 2650 inedia
2472 2594 2762 2666 deperiret.
2795 2584 3052 2663 Quamvis
3094 2597 3256 2651 etiam
3288 2613 3398 2653 sua:
3439 2605 3496 2653 et

1897 2682 2130 2739 aliorum
2160 2685 2497 2742 consulendo
2518 2686 2699 2754 saluti,
2734 2687 3017 2743 mulierum
3039 2689 3235 2744 vitaret
3258 2703 3494 2759 praesen-

1844 2825 1849 2829 .
1897 2776 2047 2841 tiam,
2073 2784 2428 2850 quascunque
2456 2780 2637 2834 tamen
2667 2780 3105 2837 sanctimoniales
3151 2780 3204 2837 in
3253 2781 3345 2838 Dei
3378 2783 3493 2839 lau-

1897 2866 2051 2921 dibus
2080 2872 2329 2923 cerneret
2360 2879 2763 2939 permanentes,
2801 2873 2935 2927 mira
2958 2872 3245 2928 affectione
3270 2890 3493 2929 venera-

1897 2958 2077 3027 batur,
2108 2966 2163 3015 et
2191 2958 2421 3016 assiduis
2450 2959 2824 3031 largitionibus
2852 2964 3192 3035 providebat.
3225 2960 3329 3022 Per
3372 2964 3489 3023 His-

1896 3051 2073 3121 pania:
2109 3052 2275 3108 etiam
2323 3054 2603 3123 regionem
2634 3052 2865 3126 plurima
2885 3056 2941 3111 et
2969 3054 3190 3127 pulchra
3212 3054 3495 3114 mdilicavit

1897 3144 2251 3200 monasteria.
3172 3214 3175 3217 _

1968 3235 2023 3292 8.
2053 3255 2072 3290 ι
2102 3236 2219 3295 Νοη
2243 3247 2425 3296 autem
2455 3246 2742 3297 contentus
2771 3242 2862 3296 uni
2887 3241 2989 3296 soli
3036 3241 3325 3311 p’rovmciae
3369 3258 3493 3313 pro-

1893 3330 2074 3401 desse,
2089 3332 2181 3403 qui
2203 3334 2443 3389 omnium
2471 3329 2707 3389 ﬁdelium
2735 3332 2948 3388 utilitati
2988 3348 3047 3389 se
3093 3342 3276 3389 natum
3301 3334 3493 3391 crede-

1892 3420 2008 3489 bat,
2039 3438 2137 3492 per
2160 3422 2408 3480 civitates
2463 3430 2518 3480 et
2558 3424 2807 3493 regiones
2831 3438 3099 3494 egressus,
3132 3424 3355 3481 verbum
3395 3424 3495 3484 Dei

1892 3510 2240 3582 praedicabat.
2266 3512 2416 3586 (Inde
2445 3514 2593 3569 venit
2621 3512 2868 3581 Romam,
2902 3513 2954 3569 id
2976 3514 3249 3571 humiliter
3279 3532 3493 3574 summo

1894 3605 2151 3676 pontifice
2180 3606 2521 3677 postulante:
2552 3608 2624 3663 ibi
2644 3608 2909 3679 expeditis
2937 3611 3188 3680 negotiis,
3211 3624 3489 3679 regressus

1894 3707 1977 3754 est
2015 3698 2071 3753 in
2112 3698 2422 3770 Hispaniam
2454 3717 2576 3756 cum
2602 3700 2831 3757 honore.
2864 3701 3031 3771 Cujus
3077 3702 3368 3759 adventum
3390 3720 3491 3759 au-

1896 3791 2108 3847 dientes
2128 3790 2319 3848 Callici
2343 3790 2654 3863 etgﬂispani,
2684 3810 2806 3874 cum
2832 3795 3076 3852 siccitate
3097 3798 3238 3853 aeris
3266 3797 3489 3855 labora-

1895 3890 2036 3946 rent,
2067 3891 2123 3937 et
2178 3898 2244 3937 ex
2284 3884 2477 3953 pluvia:
2530 3885 2742 3939 defectu
2792 3886 2993 3955 Iruges,
3026 3888 3266 3955 arbores,
3322 3898 3490 3963 atque

1897 3972 2076 4027 herbae
2090 3981 2419 4039 arescerent,
2434 3978 2489 4030 et
2518 3974 2760 4031 homines
2780 3982 2847 4030 ex
2878 3979 2994 4046 ipsa
3016 3980 3336 4050 intemperie
3365 3997 3490 4049 gra-

1897 4080 2017 4123 vem
2047 4066 2352 4123 molestiam
2382 4082 2670 4139 corporum
2697 4069 3049 4138 sustinerent,
3083 4086 3203 4127 cum
3235 4072 3486 4128 crucibhs

1898 4168 1953 4215 et
1977 4159 2319 4231 lampadibus
2341 4160 2409 4218 de
2437 4160 2661 4232 singulis
2709 4163 3017 4219 civitatibus
3047 4165 3097 4220 ei
3120 4164 3331 4220 obviam
3362 4180 3489 4235 pro-

1897 4253 2181 4323 cedebant,
2204 4260 2266 4309 ut
2309 4270 2406 4327 pro
2461 4256 2538 4313 eis
2584 4254 2867 4313 Dominum
2921 4266 3256 4328 precaretur.
3285 4257 3491 4315 Narbo-

1897 4361 2092 4402 nenses
2116 4362 2247 4402 vero
2292 4346 2477 4419 papull
2527 4347 2833 4404 clamabant
2874 4347 2943 4404 ad
2993 4365 3117 4405 eum
3143 4349 3416 4406 dicentes:
3447 4350 3492 4405 0

1896 4440 1985 4510 pie
2014 4437 2393 4510 Hispaniarum
2417 4440 2609 4496 doctor
2634 4438 2837 4497 Isidore
2862 4439 2875 4494 !
2910 4441 3017 4497 tuis
3064 4442 3399 4498 orationibus
3424 4443 3491 4496 ab

1900 4530 2303 4588 imminentibus
2353 4532 2607 4602 periculis
2659 4548 2789 4589 eme
2813 4548 2934 4589 nos.
2990 4532 3057 4587 At
3121 4532 3232 4598 ille,
3272 4533 3491 4589 elevans

1902 4640 2094 4681 manus
2116 4624 2182 4680 ad
2202 4624 2418 4691 emittm,
2449 4624 2731 4681 Dominum
2754 4624 3099 4695 precabatur,
3124 4627 3265 4694 quod
3290 4625 3353 4679 ad
3383 4626 3492 4694 glo~

216 4720 368 4775 sulari
403 4741 413 4775 :
439 4735 659 4792 semper
685 4729 805 4776 erat
833 4721 1093 4792 prudens,
1117 4735 1332 4792 semper
1351 4730 1552 4788 castus,
1583 4734 1799 4790 semper
1827 4718 1874 4747 "'
1902 4720 2037 4775 riam
2065 4720 2148 4775 sui
2172 4719 2407 4775 nominis
2427 4718 2628 4789 populo
2680 4732 2779 4774 suo
2813 4719 3187 4775 remissionem
3244 4728 3493 4791 peccato-

221 4823 477 4880 constans,
514 4814 945 4886 semperjusttts,
990 4828 1205 4885 semper
1250 4815 1523 4872 modestus
1556 4833 1568 4869 :
1603 4816 1799 4886 ubique

226 4908 376 4973 utilis,
406 4910 609 4980 ubique
630 4909 875 4973 devotus,
908 4906 1215 4978 passionem
1242 4904 1438 4961 Christi
1468 4922 1683 4978 semper
1702 4907 1799 4962 ha-

227 4996 347 5054 bens
372 5002 421 5055 in
451 5001 625 5058 oculis
666 5019 678 5055 :
721 5002 840 5071 plus
896 5002 1063 5055 amari
1086 5007 1369 5070 appetens,
1395 5014 1557 5068 quam
1581 4999 1796 5055 timeri:

230 5095 382 5160 magis
411 5096 685 5165 prodesse,
714 5110 873 5164 quam
904 5109 1135 5165 prmesse
1159 5112 1171 5147 :
1198 5092 1436 5162 jejuniis,
1456 5100 1508 5147 et
1535 5092 1797 5148 orationis

231 5182 337 5248 bus,
361 5194 413 5242 et
438 5196 748 5243 sanctarum
776 5188 1171 5257 Scripturarum
1189 5185 1622 5241 meditationibus
1647 5185 1803 5241 insis-

236 5276 365 5332 lens:
385 5295 447 5335 ex
458 5266 892 5345 vilissimiscibis,
909 5277 1095 5335 nonad
1108 5278 1478 5349 cupiditatem,
1499 5272 1594 5334 sed
1618 5292 1806 5334 neces-

236 5371 431 5429 sitatem
448 5376 656 5433 modica
686 5391 920 5443 sumens,
945 5374 1045 5432 sibi
1062 5390 1275 5445 parcus,
1306 5373 1423 5429 aliis
1444 5372 1644 5443 largus,
1662 5388 1808 5429 eam-

238 5462 366 5530 dem,
397 5485 551 5540 quam
590 5472 734 5539 prius
758 5515 772 5537 ,
819 5468 1145 5539 sequebatur
1176 5468 1551 5523 humilitatem.
1591 5465 1809 5535 Inerat,

239 5562 375 5626 quasi
404 5566 693 5636 proprium,
726 5565 957 5635 gaudere
978 5578 1100 5618 cum
1131 5560 1503 5633 gaudentibus,
1531 5558 1661 5615 ﬁere
1688 5572 1811 5616 cum

242 5644 487 5722 ﬂentibus,
518 5658 725 5713 miseris
749 5656 1106 5726 compatiens,
1123 5652 1494 5724 eleemosynas
1522 5651 1600 5707 eis
1623 5650 1816 5720 largisa-

243 5739 365 5799 sime
391 5748 672 5805 tribuebat.
704 5748 762 5802 In
792 5746 1062 5817 prosperis
1091 5748 1145 5801 et
1174 5744 1423 5799 adversis
1442 5759 1579 5799 unus
1599 5756 1814 5813 seraper

247 5834 406 5894 vultus
450 5844 653 5899 cunctis
694 5842 862 5896 laetior
893 5838 1231 5896 occurrebat.
1256 5838 1314 5893 In
1359 5844 1508 5893 tanto
1536 5836 1811 5906 dignitatis

248 5927 463 5989 culmine
491 5935 821 6001 sublimatus,
854 5949 959 5991 non
990 5932 1057 5989 ad
1086 5930 1418 5997 cathedram,
1448 5930 1542 5987 sed
1592 5929 1657 5985 ad
1710 5945 1809 5985 cu-

1902 4826 2042 4879 rum,
2064 4818 2355 4883 corporum
2377 4811 2688 4881 sanitatem,
2717 4812 2860 4867 aeris
2909 4812 3246 4883 temperiem,
3283 4812 3493 4883 pluvia-

1901 4918 2020 4960 rum
2044 4906 2406 4976 largitionem,
2432 4911 2596 4975 atque
2641 4904 2912 4960 fructuum
2952 4902 3337 4960 abundantiam
3390 4906 3495 4960 im-

1900 5000 2087 5072 pertiri
2114 4998 2503 5071 dignaretur.0
2520 4999 2654 5054 mira
2679 4999 2941 5057 orationis
2968 4998 3172 5055 virtus!
3205 5014 3327 5057 cum
3354 5002 3495 5056 enim

1904 5095 2044 5150 aeris
2092 5098 2236 5149 esset
2275 5091 2440 5148 nimia
2490 5092 2774 5161 serenitas,
2806 5094 2861 5151 et
2908 5092 3041 5150 solis
3085 5088 3278 5149 ardore
3316 5093 3494 5150 omnia

1906 5196 2210 5253 aestuarem,
2246 5202 2440 5257 magna
2468 5188 2753 5244 subsecuta
2796 5196 2880 5245 est
2908 5188 3099 5259 pluviae
3146 5182 3494 5256 abundantia,

1909 5288 1963 5337 et
1992 5281 2135 5336 aeris
2157 5280 2467 5351 temperies,
2493 5289 2548 5337 et
2567 5288 2853 5352 Corporum
2875 5284 3099 5350 sanitas,
3125 5294 3188 5337 ac
3232 5281 3496 5337 fructuum

1913 5374 2260 5431 abundantia.
2288 5372 2569 5432 Profectus
2597 5374 2743 5444 inde,
2769 5378 3078 5434 curationes
3104 5376 3497 5448 aegritudinum,

1916 5469 2165 5525 similiter
2194 5476 2250 5524 et
2278 5468 2474 5539 DIIIViiB
2509 5469 2911 5525 comitabantur
2939 5468 3113 5541 eum.)

1987 5563 2042 5619 9.
2073 5581 2091 5615 ι
2123 5558 2410 5633 (Veniente
2430 5570 2609 5618 autem
2655 5577 2721 5617 eo
2775 5561 2918 5617 haud
2948 5560 3137 5633 procul
3169 5561 3247 5613 'ab
3276 5552 3496 5629 Hispali,

1918 5656 2219 5711 nuntiatum
2241 5662 2324 5711 est
2352 5654 2426 5722 ei,
2450 5646 2597 5725 quod
2643 5653 2862 5725 quidam
2890 5642 3258 5709 Machomettts
3293 5648 3497 5705 inaudi-

1918 5746 2093 5803 tarum
2116 5746 2430 5819 opinidnum
2452 5754 2547 5805 ore
2566 5747 2786 5818 vipereo
2810 5743 3073 5801 infecerat
3100 5743 3408 5807 audientes;
3450 5752 3498 5803 et

1916 5838 2100 5905 draco,
2154 5852 2359 5909 magnae.
2424 5830 2591 5893 trabis
2637 5834 2990 5909 quantitatem
3042 5832 3352 5899 excedens,
3407 5849 3499 5887 ora

1918 5928 2280 5987 liammivomo
2306 5926 2416 6000 90
2440 5926 2531 6000 pta
2561 5928 2678 5998 (sic)
2701 5918 2958 5982 suburbia
2987 5923 3192 5995 redegit
3230 5926 3281 5979 in
3310 5924 3498 5980 solitu-
