4048 6364
487 282 549 351 79
1226 294 1317 350 an
1354 290 1582 351 orans
1622 293 1681 350 s.
1722 290 1964 349 ISIDORI
2003 274 2443 346 IIISPALENSIS
2480 269 3007 341 PROLEGUMENA.
3690 274 3770 344 ao

484 412 683 469 dinem.
719 410 839 478 Quo
867 408 1075 479 audito,
1105 408 1249 464 misit
1275 409 1515 475 nuntios,
1544 408 1638 477 qui
1662 405 2061 461 Machometum
2092 404 2139 464 Α
2167 414 2295 456 cens
2327 418 2340 454 :
2374 398 2734 455 Revertantur
2787 400 2978 455 anima:
3023 397 3215 453 horum
3260 384 3328 451 ad
3378 409 3607 469 corpora
3628 415 3766 469 sua,

484 506 713 564 vinculis
759 504 1036 562 astrictum
1070 517 1167 558 suo
1224 500 1480 557 adventui
1529 505 1934 571 praesentarent.
1957 492 2063 550 Sed

482 600 701 657 numani
751 597 964 671 generis
1004 594 1248 651 inimicus
1278 594 1527 666 apparuit
1546 592 1731 649 dicens
1758 589 2065 647 Machome-

481 701 539 751 to
567 691 966 771 {Adversarius
987 699 1171 747 noster
1198 688 1351 744 adest
1378 685 1613 743 Isidorus
1635 702 1650 741 :
1682 684 1940 741 velociter
1960 682 2060 751 igi-

483 795 571 843 tur
597 786 666 842 ab
695 782 952 856 Hispania
991 782 1225 847 discede,
1256 780 1511 852 quoniam
1558 778 1675 848 ejus
1725 777 2063 849 praesentiam

483 893 585 935 nec
607 885 803 947 tu,nec
831 876 1009 947 angeli
1039 874 1132 932 Dei
1156 873 1381 946 potestis
1409 870 1695 928 sustinere.
1722 868 1823 925 Cui
1844 868 2063 925 Maelio-

480 979 659 1027 metus
684 987 697 1023 :
722 968 860 1037 Quid
889 976 973 1024 est
998 969 1103 1023 hoc
1127 964 1403 1032 novitatis,
1425 962 1572 1034 quod
1625 961 1803 1032 angeli
1824 960 2065 1017 mortalis

479 1060 716 1119 hominis
768 1058 1109 1132 praesentiam
1153 1057 1419 1113 sustinere
1459 1070 1569 1111 non
1618 1053 1833 1109 valent?
1858 1052 1938 1108 Ad
1964 1053 2065 1109 hoc

480 1155 760 1213 diabolus:
786 1153 867 1210 Ne
895 1153 1113 1219 dixeris,
1143 1150 1424 1219 novitatis,
1444 1148 1542 1205 sed
1564 1146 1806 1220 plurimae
1828 1147 2061 1218 antiqui-

480 1248 627 1305 tatis.
644 1247 777 1303 Nam
806 1244 1011 1317 primus
1038 1245 1224 1310 homo,
1246 1240 1334 1299 cui
1362 1240 1536 1311 angeli
1560 1239 1799 1311 deputati
1820 1247 1976 1297 erant
1997 1238 2064 1294 ad

416 1410 419 1411 ν
481 1338 807 1407 custodiam,
833 1336 902 1393 de
938 1336 1191 1405 paradiso
1247 1333 1455 1404 ejectns
1478 1341 1565 1390 est
1607 1331 2066 1388 circumventione

477 1432 707 1498 diaboli;
736 1440 793 1489 et
812 1431 987 1503 angeli
1013 1430 1108 1486 Dei
1139 1429 1192 1484 in
1222 1427 1370 1484 nullo
1399 1442 1520 1484 eum
1537 1426 1727 1497 juvare
1750 1432 2062 1496 potuerunt.

477 1524 579 1582 Cui
606 1523 976 1582 Macbometus
1003 1540 1015 1575 :
1042 1520 1128 1588 Et,
1154 1520 1195 1577 si
1226 1518 1417 1577 lsidori
1446 1518 1697 1574 instantia
1728 1532 1816 1573 me
1844 1515 2066 1573 minime

474 1618 742 1693 proficere
769 1615 1109 1690 prmsciebas,
1142 1627 1311 1684 quare
1329 1620 1503 1669 totam
1524 1610 1834 1683 Hispaniam
1855 1624 1953 1681 per
1979 1622 2066 1664 me

473 1713 811 1771 lucraturum
839 1707 1064 1765 dixisti?
1087 1705 1165 1763 Ad
1191 1705 1297 1762 hoc
1320 1704 1567 1762 diabolus
1595 1720 1609 1757 :
1640 1700 1722 1758 Ex
1767 1702 1947 1758 divina
1977 1716 2061 1757 re-

2163 493 2418 562 quoniam
2440 492 2647 548 amicus
2676 492 2770 547 Dei
2801 491 3039 548 Isidorus
3058 496 3178 546 orat
3205 504 3305 560 pro
3335 488 3459 560 eis.)

2235 587 2322 640 l5.
2358 604 2377 639 ‹
2412 584 2712 641 Veniebant
2769 594 2949 639 antem
2989 582 3056 638 ad
3093 597 3218 638 eum
3268 580 3379 647 alii,
3406 588 3468 637 ut
3504 584 3771 641 audirent

2162 679 2383 736 alterius
2408 679 2723 751 sapientiam
2756 676 3060 734 Salomonis
3085 694 3099 743 ;
3127 675 3236 743 alii,
3270 684 3331 732 ut
3360 674 3606 733 viderent
3629 694 3768 734 eum

2161 773 2419 830 miracula
2446 772 2885 840 facientem;alii
2939 786 3067 828 vero
3122 776 3392 826 tentantes
3434 784 3770 841 eum;quo-

2162 887 2282 928 rum
2312 888 2450 929 unus
2477 870 2575 927 fuit
2601 869 2917 940 Gregorius,
2949 868 3233 924 hmreticus
3281 867 3533 938 antistes,
3563 869 3654 938 qui
3712 870 3770 925 in

2163 965 2369 1037 synodo
2419 962 2624 1034 Ilispali
2681 962 2950 1019 celebrata
3014 976 3199 1017 coram
3234 959 3504 1031 judicibus
3530 976 3652 1018 cum
3691 976 3771 1017 eo

2163 1056 2463 1129 disputans,
2494 1054 2766 1111 admirans
2788 1054 2842 1109 in
2864 1052 3108 1109 doctrina
3137 1053 3281 1123 ejus,
3311 1069 3421 1110 non
3439 1062 3775 1125 exspectans

2162 1147 2485 1204 sententiam
2510 1146 2769 1217 judicum,
2817 1162 2875 1201 se
2928 1144 3127 1201 victum
3178 1145 3453 1212 clamavit,
3488 1145 3773 1217 episcOpis

2166 1250 2345 1297 autem
2391 1250 2446 1296 et
2486 1238 2738 1297 omnibus
2793 1238 3275 1308 congaudentibus.
3307 1238 3517 1312 (Caecus
3560 1238 3773 1304 astitit,

2166 1346 2362 1403 rogans
2389 1330 2670 1398 Isidorum,
2704 1340 2762 1386 ut
2791 1330 2969 1385 lumen
3000 1345 3095 1400 per
3124 1346 3247 1386 eum
3297 1331 3541 1401 recipere
3581 1341 3773 1385 mere-

2166 1435 2334 1489 retur,
2366 1423 2657 1496 Gregorius
2681 1440 2831 1489 vero,
2858 1426 3071 1481 intuens
3123 1425 3549 1481 dissimulantem
3580 1423 3769 1481 Isido-

2165 1536 2305 1589 rum,
2332 1528 2587 1591 precatur
2611 1528 2669 1576 ut
2697 1520 3066 1575 chirothecam
3124 1534 3284 1589 quam
3317 1533 3479 1573 manu
3508 1518 3761 1584 tenebat,

2166 1611 2267 1668 sibi
2296 1611 2614 1684 porrigeret,
2637 1626 2742 1681 qua
2776 1611 3080 1680 impetrata,
3105 1609 3359 1673 surrexit,
3389 1616 3444 1664 et
3470 1609 3596 1665 ccci
3626 1626 3772 1666 ocu-

2168 1703 2249 1760 los
2272 1703 2341 1759 de
2392 1718 2456 1759 ea
2483 1702 2603 1775 (sic)
2647 1710 2893 1771 tangens,
2922 1702 3056 1758 dixit
3087 1720 3099 1757 :
3133 1701 3391 1759 Dominus
3415 1698 3571 1757 Jesus
3598 1699 3769 1757 Chri-

474 1806 748 1864 velatione
775 1802 1007 1873 cognovi
1038 1818 1162 1858 eum
1192 1801 1382 1859 Romae
1428 1798 1783 1867 remansisse;
1815 1798 1909 1855 sed
1936 1814 2064 1871 pro-
2091 1791 2142 1857 B
2168 1804 2306 1864 stus,
2338 1795 2429 1867 qui
2453 1794 2643 1853 oculos
2673 1778 2854 1877 cordis
2883 1795 2988 1851 mei
3019 1810 3115 1866 per
3168 1795 3384 1851 beatum
3401 1793 3665 1850 Isidorum
3696 1796 3770 1850 il-

473 1900 650 1972 posita
668 1898 862 1954 divina:
884 1896 1176 1954 voluntatis
1201 1897 1367 1953 alt....
1388 1894 1824 1952 in....videretur
1843 1902 2064 1966 propter

474 1992 768 2063 nequitiam
806 1990 1187 2059 hominum,ct
1235 1998 1456 2061 propter
1498 1987 1870 2060 paenitentiam
1898 2004 1911 2040 :
1936 2001 2062 2057 pro-

474 2093 593 2156 pter
631 2083 951 2157 nequitiam,
982 2091 1041 2138 ut
1086 2098 1279 2153 pro....
1314 2089 1473 2137 teme
1519 2078 1893 2151 promissionis
1941 2078 2063 2133 filiis

478 2176 647 2233 Israel
680 2193 693 2230 :
727 2174 972 2232 nondum
1004 2173 1172 2241 enim,
1204 2174 1281 2229 ait
1308 2172 1605 2244 Scriptura,
1626 2171 1912 2243 completa:
1937 2177 2063 2227 sunt

473 2270 785 2342 iniquitates
815 2268 1255 2324 Amorrbacorum
1286 2284 1299 2321 :
1329 2274 1552 2338 propter
1575 2266 1972 2339 paenitentiam,
2004 2272 2064 2322 ut

474 2363 529 2419 in
546 2362 749 2434 populo
776 2360 1105 2435 Ninivehcui
1135 2367 1357 2431 propter
1385 2359 1758 2431 paenitentiam
1810 2360 2063 2419 misertus

473 2463 559 2512 est
578 2453 742 2511 Deus.
764 2453 918 2509 Nunc
946 2452 1107 2522 igitur
1132 2452 1324 2507 festina
1346 2451 1488 2519 hinc,
1503 2461 1559 2508 et
1585 2453 1722 2510 vade
1735 2453 1789 2509 in
1804 2452 2057 2521 Africam,

474 2549 534 2605 in
564 2556 782 2620 gentem
810 2560 1063 2617 magnam
1086 2544 1332 2611 futurus;
1357 2543 1631 2616 docesque
1661 2544 1846 2615 (Forte
1894 2546 2059 2601 doce-

473 2642 599 2714 que)
632 2641 704 2695 ibi
734 2648 1000 2711 praecepta
1019 2653 1170 2707 mea;
1192 2637 1431 2695 nondum
1460 2639 1603 2695 enim
1635 2639 1917 2711 completa:
1937 2647 2062 2696 sunt

473 2733 785 2803 iniquitates
812 2732 1195 2804 Hispanorum.
1222 2730 1545 2790 Convocatis
1586 2731 1769 2805 itaque
1787 2732 1922 2802 suis,
1953 2730 2063 2787 Ma-

473 2828 759 2884 chometus
788 2834 984 2884 cuncta
1010 2826 1251 2882 narravit
1293 2826 1373 2883 eis
1420 2842 1517 2898 per
1536 2826 1802 2896 ordinem,
1832 2834 1888 2883 et
1906 2840 2060 2883 acce-

470 2919 664 2975 leravit
708 2919 929 2990 fugam;
983 2926 1041 2974 et
1089 2918 1315 2975 veniens
1358 2919 1414 2975 in
1439 2919 2057 2989 Africam,innumeram

472 3010 862 3067 lsmaelitarum
888 3018 1103 3080 gentem
1130 3010 1365 3066 seduxit.
1394 3010 1683 3067 Venientes
1712 3019 1892 3066 autem
1912 3026 2057 3065 nun-

472 3102 530 3157 tii
556 3100 746 3157 Isidori
767 3099 1093 3167 Cordubam,
1122 3109 1178 3155 et
1222 3116 1332 3156 non
1378 3100 1712 3157 invenientes
1757 3100 2059 3157 Machame-

2164 1889 2466 1958 luminavit,
2499 1889 2688 1945 oculos
2714 1888 2958 1959 corporis
2984 1887 3055 1945 tui
3075 1888 3341 1943 illuminet
3390 1886 3596 1942 meritis
3618 1886 3768 1955 ejus.

2164 1980 2283 2050 Quo
2299 1982 2466 2049 dicto,
2488 1982 2751 2053 sanguine
2778 1982 2844 2039 de
2870 1983 3040 2041 oculis
3062 1981 3190 2038 caeci
3213 1988 3555 2051 erumpente,
3586 1979 3770 2037 visum

2164 2077 2417 2149 recepit.)

2238 2168 2324 2224 II.
2356 2188 2375 2222 ι
2411 2169 2562 2227 Diem
2591 2179 2772 2227 autem
2804 2169 2983 2225 obitus
3014 2167 3096 2223 sui
3141 2166 3416 2239 discipulis
3466 2167 3771 2239 przesigna-

2165 2264 2260 2331 vit,
2286 2272 2341 2320 et
2361 2265 2624 2322 sollicitus
2652 2264 2718 2320 de
2746 2276 2908 2333 grege
2930 2261 3031 2318 sibi
3056 2262 3348 2319 commisso
3375 2302 3390 2330 ,
3423 2266 3599 2318 omnis
3641 2260 3769 2318 liis-

2164 2359 2341 2430 pania:
2371 2358 2679 2429 episcopos,
2712 2356 2955 2421 abbates,
3012 2362 3069 2409 et
3114 2354 3407 2426 principes,
3451 2353 3633 2410 Toleti
3686 2356 3763 2413 ad

2166 2455 2431 2527 synodum
2462 2452 2802 2519 convocavit,
2835 2451 2925 2508 ubi
2980 2450 3139 2506 finem
3188 2449 3533 2521 praedicavit,
3566 2468 3767 2523 pacem

2168 2550 2419 2617 firmavit,
2447 2557 2503 2605 et
2523 2548 2755 2604 haereses
2781 2544 3180 2603 condemnavit.
3210 2543 3303 2615 Et,
3332 2560 3611 2616 regressus
3634 2546 3766 2604 His-

2169 2643 2350 2714 palim,
2370 2643 2545 2713 largas
2566 2640 2941 2714 eleemosynas
2971 2639 3119 2707 fecit,
3133 2646 3190 2697 et
3215 2638 3364 2709 gravi
3383 2638 3537 2696 febre
3563 2640 3765 2711 fessus,

2166 2735 2233 2793 ad
2263 2735 2548 2793 ecclesiam
2579 2750 2640 2792 se
2666 2734 2866 2792 deferri
2884 2733 3082 2805 jussit;
3114 2741 3171 2789 et
3194 2731 3337 2789 facta
3379 2732 3630 2791 oratione
3661 2750 3769 2805 pro

2166 2828 2321 2885 venia
2368 2836 2731 2899 peccatorum,
2762 2826 3031 2884 Viaticnm
3083 2825 3338 2898 suscepit,
3381 2832 3440 2879 et
3490 2825 3769 2882 residuam

2165 2920 2451 2992 pecuniam
2481 2919 2608 2976 fecit
2636 2920 2963 2990 pauperibus
2984 2917 3199 2986 erogari
3224 2935 3239 2985 ;
3271 2926 3328 2974 et
3353 2916 3488 2973 dans
3514 2918 3769 2974 osculum

2166 3012 2439 3080 omnibus,
2470 3009 2539 3065 ad
2567 3010 2759 3065 cellam
2788 3025 2938 3064 suam
2952 3008 3219 3079 reportari
3246 3023 3306 3065 se
3332 3009 3482 3067 fecit.
3502 3009 3771 3070 Omnibus

2166 3109 2346 3157 autem
2401 3099 2705 3169 silentibus,
2758 3107 2814 3154 et
2866 3099 3075 3155 obitum
3128 3099 3586 3171 exspectantibus,
3636 3113 3772 3172 post

472 3202 603 3258 tum,
622 3192 690 3246 ad
717 3206 868 3247 mare
896 3205 1066 3261 usque
1086 3199 1495 3263 persequentes,
1520 3191 1833 3261 quibusdam
1869 3191 1936 3247 de
1950 3192 2059 3250 suis
2088 3201 2136 3268 ο
2167 3192 2309 3249 diem
2370 3199 2618 3263 quartam
2661 3190 3017 3247 confessionis
3062 3206 3191 3260 suae,
3214 3200 3364 3249 stans
3402 3192 3455 3248 in
3504 3193 3765 3263 ecclesia,

469 3284 657 3354 captis,
688 3282 894 3339 reversi
914 3290 1039 3339 sunt
1065 3282 1134 3339 ad
1161 3290 1404 3339 sanctum
1432 3282 1758 3355 doctorem.)

542 3374 628 3429 I0.
667 3393 686 3429 ι
726 3373 859 3430 ΔΕΜ
889 3391 1042 3431 ncnvn
1071 3375 1416 3447 prophetavit
1442 3374 1813 3431 Machometus
1835 3376 1888 3431 in
1919 3384 2055 3433 tem-

470 3484 603 3540 pore
628 3468 863 3525 Sisebuti
883 3468 1203 3536 Gothormn,
1236 3468 1366 3525 etin
1396 3477 1641 3540 tempore
1679 3468 1912 3525 ﬂeraclii
1945 3467 2056 3527 Ro-

470 3559 615 3615 mani
643 3559 1004 3631 imperatoris.
1029 3558 1225 3616 Decem
1255 3560 1410 3615 annis
1456 3566 1660 3616 sectam
1707 3558 1969 3627 obtinuit;
2002 3569 2058 3617 et

466 3653 603 3709 obiit
657 3669 764 3710 tera
799 3670 1010 3725 ncnxvl,
1034 3670 1176 3712 anno
1232 3653 1466 3713 Heraclii
1488 3672 1619 3726 xvu,
1643 3663 1699 3714 et
1746 3656 1980 3715 docente
2000 3658 2054 3716 in

465 3743 720 3817 llispania
746 3745 974 3804 Isidoro.

534 3836 621 3893 II.
657 3855 676 3890 ι
713 3836 1044 3909 (Accedente
1066 3845 1247 3896 autem
1298 3853 1367 3897 eo
1409 3839 1479 3897 ad
1528 3841 1709 3900 locum
1736 3842 1830 3915 qui
1852 3841 2055 3901 Sancta

463 3928 673 3986 Eulalia
704 3928 920 3997 dicitur,
956 3929 1208 4002 apparuit
1250 3930 1534 3988 horrenda:
1602 3933 1826 3993 visionis
1875 3934 2055 3991 bellua

462 4021 846 4079 immanissima
883 4036 955 4078 ex
991 4037 1087 4079 ore
1115 4022 1268 4092 cujus
1291 4022 1628 4081 flammarum
1658 4025 1888 4096 strepitu
1908 4026 2055 4081 soni-

462 4126 551 4171 tus
571 4113 909 4169 audiebatur.
932 4111 1264 4169 Hortabatur
1284 4130 1414 4170 vero
1442 4130 1575 4172 suos
1602 4124 1843 4183 sanctus,
1872 4123 1933 4170 ut
1960 4129 2049 4171 se-

461 4207 581 4264 curi
602 4205 939 4263 accederent.
968 4205 1539 4278 ApprOpinquantibus
1584 4207 1711 4276 illis,
1738 4207 1924 4275 draco,
1957 4209 2051 4267 de-

461 4299 627 4357 misso
657 4299 855 4371 capite,
877 4288 1045 4355 stetit.
1079 4297 1180 4355 Cui
1200 4308 1457 4358 sanctus:
1489 4299 1549 4357 In
1568 4301 1808 4369 nomine,
1852 4302 2049 4373 inquit,

460 4391 591 4451 Jesu
617 4390 816 4451 Christi
844 4392 1097 4465 praecipio
1118 4392 1240 4463 tibi,
1269 4403 1329 4450 ut
1382 4410 1477 4451 eas
1516 4395 1571 4452 in
1599 4395 1777 4453 locum
1799 4395 1889 4454 ubi
1918 4398 2052 4455 nulli

460 4503 665 4546 noceas
687 4495 970 4546 creaturae.
992 4486 1075 4545 Ad
1094 4488 1201 4546 hoc
1222 4504 1469 4562 serpens,
1490 4505 1615 4548 cum
1634 4492 1794 4551 sibilo
1821 4501 1878 4551 et
1906 4503 2048 4554 stre~

461 4584 579 4655 pitu
597 4582 878 4653 recedens,
909 4597 1176 4655 nusquam
1196 4583 1549 4655 comparuit.)
1626 4606 1638 4618 -

530 4679 637 4751 91
670 4677 761 4733 12.
791 4695 813 4731 ι
839 4676 1109 4750 (Cumque
1136 4676 1621 4749 appropinquasset
1646 4679 1882 4739 Isidorus
1926 4681 2049 4741 His-

461 4770 650 4844 palim,
676 4769 913 4827 occurrit
938 4768 990 4825 ei
1011 4768 1298 4825 multitudo
1336 4767 1680 4838 clericorum,
1703 4771 2049 4842 scholarium,

459 4860 872 4928 monachorum,
906 4865 961 4915 et
980 4857 1243 4915 laioorum
1272 4873 1396 4915 cum
1422 4873 1620 4931 magno
1646 4861 1871 4933 gaudio;
1899 4872 1956 4922 et
1984 4880 2051 4922 ex

457 4949 863 5022 compressione
889 4948 1169 5021 turbarum
1194 4951 1661 5020 concurrentium,
1689 4963 1748 5010 ut
1769 4963 2053 5028 tangerent

458 5042 696 5100 fimbrias
715 5040 889 5098 sancti
907 5040 1106 5110 Patris,
1118 5041 1369 5112 quaedam
1392 5042 1588 5101 mulier
1607 5060 1892 5117 praegnans
1910 5065 2049 5122 prae-

456 5134 637 5192 focata
657 5132 973 5205 exspiravit.
996 5130 1154 5201 Quod
1180 5148 1410 5191 cernens
1448 5147 1688 5209 sanctus,
1711 5139 1845 5197 flens
1873 5144 2048 5200 oravit

456 5225 770 5295 Dominum,
793 5231 848 5282 et
872 5224 1108 5282 surrexit
1128 5225 1327 5282 mulier
1346 5226 1534 5285 dicens
1559 5247 1573 5284 :
1608 5230 1933 5291 Benedictus
1959 5242 2041 5307 tu,

2160 3296 2380 3362 peracto
2435 3301 2685 3343 sermone
2731 3286 2798 3343 ad
2833 3286 3110 3357 populum,
3144 3286 3404 3358 expandit
3449 3303 3642 3345 manus
3691 3289 3767 3346 ad

2160 3382 2378 3450 caelum,
2427 3388 2483 3437 et
2509 3379 2837 3439 benedicens
2864 3381 3133 3449 omnibus,
3166 3395 3386 3454 gregem
3436 3379 3550 3440 Deo
3607 3398 3767 3441 com-

2159 3476 2397 3543 mittens,
2428 3484 2699 3547 sanctum,
2724 3474 2836 3533 Deo
2888 3475 3103 3531 tradidit
3131 3475 3402 3546 spiritum.
3433 3476 3501 3532 Et
3529 3477 3597 3534 de
3627 3494 3762 3535 cor-

2158 3584 2293 3642 pore
2310 3569 2427 3640 ejus
2453 3576 2603 3625 tanta
2629 3566 2841 3626 elllnxit
2887 3569 3182 3640 fragrantia
3211 3572 3450 3626 omnium
3478 3570 3586 3642 92
3628 3586 3763 3626 aro-

2158 3671 2362 3719 malum
2385 3663 2607 3718 vincens
2627 3660 2871 3729 odorem,
2904 3670 2963 3717 ut
2990 3677 3180 3718 omnes
3195 3662 3286 3733 qni
3314 3664 3539 3718 aderant
3557 3663 3759 3719 cccles-

2161 3754 2200 3812 ti
2232 3754 2438 3825 perfrui
2480 3754 2813 3811 beatitudine
2839 3753 3175 3811 viderentur.
3206 3754 3544 3811 Diversarum
3574 3764 3760 3813 autem

2157 3847 2536 3918 aegritudinum
2590 3855 2986 3904 concurrerunt
3037 3845 3253 3913 infirmi,
3286 3847 3395 3915 qui,
3425 3862 3533 3901 non
3576 3848 3757 3903 solum

2159 3948 2307 3997 tactu
2336 3940 2599 4010 corporis,
2626 3939 2723 3994 sed
2752 3939 2871 3993 solo
2901 3938 3072 3995 odore
3110 3938 3348 4008 pristinae
3388 3938 3755 3997 restituuntur

2156 4033 2397 4090 sanitati.
2429 4032 2617 4087 Plures
2644 4031 2897 4086 viderunt
2926 4030 3042 4099 ejus
3069 4031 3303 4085 animam
3333 4030 3400 4086 ab
3430 4030 3634 4100 angelis
3658 4031 3754 4103 ju-

2156 4125 2448 4182 bilantibus
2468 4124 2523 4178 in
2553 4123 2783 4179 sublime
2810 4122 3034 4192 deferri,
3060 4131 3116 4180 et
3141 4122 3415 4181 Christum
3445 4141 3566 4182 cum
3592 4127 3753 4184 innu-

2156 4216 2402 4274 merabili
2420 4224 2730 4273 sanctorum
2757 4216 3015 4288 (caterva)
3039 4216 3089 4273 ei
3112 4216 3325 4273 obviam
3341 4219 3746 4288 procedentem.

2156 4310 2386 4381 Quidam
2411 4309 2691 4366 familiaris
2711 4308 2831 4376 ejus
2855 4309 3037 4375 tristis,
3068 4319 3253 4382 raptus
3281 4312 3335 4367 in
3366 4312 3585 4379 exstasi,
3614 4312 3749 4368 vidit

2156 4420 2281 4462 eum
2319 4420 2441 4461 cum
2490 4382 2836 4475 virginitatis,
2869 4411 2924 4459 et
2967 4402 3324 4461 confessionis
3355 4422 3554 4463 corona
3604 4406 3747 4463 inter

2156 4499 2474 4556 innocentes
2521 4498 2814 4570 primatum
2862 4506 3085 4565 tenere,
3135 4508 3191 4555 et
3251 4499 3518 4555 dicentem
3572 4498 3672 4554 sibi
3727 4516 3741 4553 :

2074 4571 2133 4635 Ῑ)
2158 4594 2479 4663 Consolare,
2505 4593 2631 4667 quia
2649 4600 2868 4666 paratus
2888 4608 3007 4649 sum
3030 4608 3126 4664 per
3152 4607 3239 4649 me
3260 4592 3517 4647 auxilium
3550 4592 3743 4662 implo-

2156 4687 2433 4744 ratoribus
2478 4686 2662 4761 [Forte
2712 4684 3145 4757 implorantibus]
3227 4683 3369 4739 ferre
3421 4684 3740 4740 subsidium.

2155 4776 2301 4834 Obiit
2327 4786 2510 4835 autem
2564 4793 2670 4833 {era
2701 4792 2805 4831 Lxx
2826 4791 2905 4831 nu
2939 4776 3100 4846 (deest
3122 4773 3229 4845 nc),
3262 4775 3601 4845 episcopatus
3655 4775 3739 4829 sui

2154 4885 2223 4925 χι,
2280 4885 2447 4937 anno,
2481 4868 2647 4925 Nonis
2693 4866 2909 4936 Aprilis,
2965 4874 3210 4937 tempore
3262 4864 3542 4922 Cinciliani
3595 4866 3739 4935 regis

2153 4959 2421 5031 Hispania:
2447 4969 2503 5017 et
2532 4958 2777 5017 Heraclei
2805 4958 3147 5028 imperatoris
3174 4957 3566 5028 Romanorum,
3591 4958 3737 5015 illius

2153 5051 2245 5122 qui
2282 5067 2501 5109 crucem
2530 5050 2743 5107 Domini
2770 5064 2801 5103 a
2822 5048 3063 5106 Cosdroe
3103 5050 3318 5105 allatam
3350 5049 3736 5123 Hierosolymis

2150 5142 2405 5210 restituit,
2452 5150 2508 5198 et
2559 5140 2836 5199 exaltavit.
2865 5139 2928 5196 Et
2983 5142 3223 5213 sepultus
3247 5151 3329 5199 est
3351 5142 3551 5213 Hispali
3594 5143 3736 5199 inter

2148 5233 2461 5293 Leandrum
2489 5235 2709 5292 fratrem
2734 5250 2909 5303 suum,
2941 5243 2999 5291 et
3051 5235 3310 5304 virginem
3363 5233 3732 5293 Florentinam

455 5316 641 5383 Pater,
671 5315 797 5386 quia
826 5330 924 5388 per
948 5323 1005 5373 te
1036 5330 1138 5387 ego
1165 5323 1221 5375 et
1240 5316 1382 5375 filius
1409 5334 1562 5377 meus
1612 5321 1825 5380 liberati
1845 5325 2044 5397 jsumus
2144 5344 2392 5387 sororem
2430 5346 2610 5389 suam.
2646 5327 3047 5387 Testamentum
3076 5328 3277 5383 nullum
3298 5327 3448 5398 fecit,
3470 5330 3616 5401 quia,
3636 5346 3732 5385 an-

452 5412 525 5471 de
550 5425 716 5468 manu
743 5409 966 5466 inimici.
994 5408 1066 5466 Et
1085 5410 1381 5468 sciscitanti
1408 5415 1610 5484 p0pulo
1636 5417 1868 5487 qualiter
1915 5435 2040 5477 eve-

2144 5431 2367 5496 tequam
2402 5427 2601 5493 obiret,
2626 5422 2950 5494 pauperibus
2969 5419 3235 5478 distribuit
3259 5422 3438 5478 omnia
3490 5439 3608 5495 qua:
3635 5424 3731 5478 ba-

456 5508 623 5565 nisset
648 5503 723 5576 ei,
744 5502 1067 5597 respondit;
1092 5502 1471 5578 Egredientem
1498 5508 1733 5568 animam
1773 5529 1949 5572 meam
1985 5525 2043 5574 et
2141 5516 2333 5576 bebat.
2380 5522 2548 5597 (Duas
2568 5522 2825 5579 lucernas
2850 5535 2975 5585 aue
2999 5512 3218 5571 naturali
3247 5512 3371 5571 fecit
3396 5516 3509 5587 ipse
3538 5531 3730 5587 perpc~

453 5600 692 5657 animam
721 5596 818 5655 filii
839 5596 1077 5669 mei,qui
1095 5597 1157 5685 in,
1178 5606 1334 5665 utero
1359 5608 1463 5670 est,
1494 5612 1710 5662 caterva
1737 5606 2035 5668 demonum

454 5690 684 5759 nexibus
713 5690 885 5761 igneis
905 5704 1001 5747 eas
1020 5689 1090 5748 ad
1120 5705 1308 5763 pinnas
1349 5708 1573 5768 carpere
1616 5700 1911 5772 parabant;
1939 5704 2031 5763 sed

2141 5611 2228 5668 tim
2251 5613 2564 5700 arde‘“es’
2586 5624 2827 5688 quarum
2848 5631 2963 5689 ωδ
3004 5605 3070 5666 ad
3094 5615 3266 5676 caput,
3286 5608 3437 5663 aliam
3466 5609 3530 5663 ad
3564 5608 3751 5679 pedes,

2132 5724 2594 5821 posuerum’m
2628 5704 2900 5774 continu
2948 5711 3134 5799 ωςψὲ
3176 5700 3540 5758 sanctissimum
3572 5703 3721 5759 illus-

455 5782 696 5856 glorioso
724 5780 888 5844 Patre
911 5796 1013 5857 pro
1061 5782 1217 5843 nobis
1242 5793 1451 5852 orante.
1482 5788 1662 5849 audita
1685 5801 1768 5852 est
1794 5810 1915 5866 vox,
1949 5796 2025 5855 di-
2130 5780 2401 5872 lrareut

2234 5979 2295 5986 Α-
