4048 6364
3104 296 3137 305 ν.

248 400 308 458 εί
1309 380 1717 440 lSlDORlANA.
1758 410 1829 423 —
1866 376 2043 437 rans
2081 375 2119 431 ι.
2161 374 2313 435 CAP.
2352 373 2470 433 xv.
2952 392 2955 393 ί
3444 377 3515 435 sa

318 514 405 574 15.
440 530 462 566 t
495 510 652 567 Anno
675 491 854 564 autem
875 518 1020 561 nxxx
1042 510 1165 574 post
1192 501 1400 557 obitum
1441 498 1633 556 Isidori
1686 505 1824 553 tem-
1856 502 1902 560 Α
1930 504 2057 560 tem,
2082 493 2296 564 penitus
2312 493 2422 563 jam
2449 489 2657 564 pridem
2684 490 2971 558 invaserat,
2998 496 3309 548 constanter
3336 491 3514 563 palam

251 624 378 686 pore
404 604 653 663 Roderici
679 610 836 674 capta
866 608 949 658 est
975 597 1232 670 Hispania
1269 612 1300 652 a
1338 595 1628 653 Saracenis
1654 609 1830 665 usque

250 704 314 761 ad
343 714 553 767 covam,
582 711 703 768 qua:
727 693 921 751 dicitur
942 691 1154 749 Sanctae
1187 690 1392 756 Mariae,
1422 689 1514 746 ubi
1560 689 1827 760 Pelagius,

250 811 317 853 ex
340 794 485 863 regia
511 788 732 846 traduce
787 784 1066 851 oriundus,
1089 792 1145 841 et
1173 784 1265 840 alii
1299 794 1423 856 post
1446 798 1571 839 eum
1598 782 1829 840 Sarace-

256 902 354 945 nos
406 883 633 939 viriliter
683 885 1147 952 expugnaverunt.
1184 877 1342 932 Auno
1384 884 1562 932 autem
1618 875 1830 933 Domini

249 976 403 1044 1062,
426 983 688 1047 regnante
716 987 844 1044 rege
866 970 1163 1037 Ferrando,
1188 969 1300 1026 ﬁlio
1320 971 1463 1040 regis
1488 968 1690 1037 Sancii,
1708 985 1831 1025 cum

248 1086 412 1129 uxore
439 1084 540 1126 sua
559 1067 766 1133 Santia,
781 1064 1103 1122 translatum
1132 1070 1218 1120 est
1243 1078 1443 1134 corpus
1468 1062 1613 1118 beati
1643 1059 1833 1118 Isidori

246 1165 301 1220 in
320 1162 511 1219 urbem
534 1158 926 1230 Legionensem
952 1172 987 1212 x
1013 1153 1284 1211 Kalendas
1307 1152 1571 1210 Januarii.
1609 1172 1630 1206 ›

310 1252 400 1310 16.
436 1251 561 1308 Haec
579 1249 703 1306 Vita
723 1265 756 1305 a
777 1248 1046 1305 Roderico
1083 1246 1394 1303 Cerratensi
1448 1246 1653 1318 scripta
1679 1260 1833 1303 com-

244 1344 500 1420 pendium
546 1341 821 1415 quoddam
849 1348 935 1397 est
963 1340 1186 1397 alterius
1210 1339 1352 1397 Vitae
1395 1355 1428 1395 a
1466 1338 1835 1396 Bollandianis

243 1440 422 1506 editae,
458 1445 682 1496 auctore
715 1436 992 1495 Canonico
1016 1436 1360 1509 Legionensi,
1394 1436 1485 1508 qui
1514 1435 1690 1493 Lucas
1719 1435 1833 1491 Tu-

243 1533 426 1593 densis
478 1549 511 1590 a
567 1531 842 1589 nonnullis
896 1531 1155 1588 creditur.
1186 1529 1356 1587 Multa
1411 1529 1465 1586 in
1504 1545 1568 1586 ea
1594 1535 1717 1585 sunt
1744 1537 1838 1585 aut

241 1633 423 1699 aperte
466 1624 621 1695 falsa,
654 1632 749 1680 aut
797 1622 991 1681 saltem
1034 1623 1219 1692 dubia,
1267 1631 1323 1679 et
1367 1622 1717 1695 apocrypha;
1772 1636 1837 1678 ea

240 1718 549 1793 praesertim
578 1732 699 1790 quae
726 1715 1003 1774 Florezius
1033 1715 1245 1773 uncinis
1269 1715 1453 1772 clausa
1478 1729 1601 1771 esse
1628 1712 1834 1781 voluit;

197 1840 202 1847 -
239 1813 329 1885 qui
357 1813 560 1870 breves
586 1819 746 1868 notas
765 1809 1031 1882 adjunxit.
1053 1808 1213 1865 Num.
1244 1808 1299 1877 2,
1323 1809 1378 1865 in
1426 1823 1529 1864 ms.
1561 1816 1680 1863 erat
1699 1805 1837 1878 spal,

1929 586 2220 655 arguebat;
2254 593 2310 640 ut
2349 599 2516 656 prope
2556 583 2717 640 fuerit
2744 590 2808 640 ut
2849 583 2920 640 ab
2948 583 3163 641 Arianis
3201 591 3512 644 necaretur.

1928 675 2034 733 Sed
2085 677 2353 733 cohibitus
2406 690 2437 731 a
2484 674 2752 743 Leandro,
2793 674 2939 732 hunc
2992 674 3097 733 sibi
3146 690 3518 735 successorem

1929 771 2047 827 tore
2074 771 2443 842 pnnsagiente,
2474 777 2548 837 et,
2577 776 2637 825 ut
2682 782 2744 825 se
2768 766 3126 826 commodiori
3168 768 3402 840 tempori
3428 782 3520 824 re-

1930 869 2190 931 servaret,
2217 861 2546 930 admonitus,
2580 861 3001 933 indignationem
3040 861 3387 934 temperavit.
3414 860 3523 933 Igi-

1932 960 2019 1006 tur
2043 950 2290 1007 Leandro
2317 952 2427 1008 vita
2448 951 2652 1018 functo,
2688 950 2925 1009 Isidorus
2947 965 3145 1024 magno
3172 952 3315 1024 regis
3342 951 3522 1009 Reca-

1932 1045 2046 1101 redi
2076 1055 2132 1101 et
2167 1044 2352 1117 p0puli
2395 1060 2663 1127 consensu
2717 1044 2772 1101 in
2799 1044 3105 1117 Hispalensi
3152 1044 3523 1117 archiepisco-

1834 1172 1837 1177 ι
1932 1149 2061 1213 patu
2090 1139 2368 1197 sufﬁcitur.
2400 1140 2571 1208 Quam
2601 1140 2921 1198 electionem
2950 1139 3008 1196 8.
3057 1137 3352 1210 Gregorius
3382 1153 3524 1212 papa

1935 1233 2309 1299 conﬁrmavit,
2357 1232 2515 1302 eique
2587 1232 2807 1303 pallium
2877 1232 3026 1288 misit
3076 1232 3132 1288 in
3186 1230 3522 1303 Hispaniam.

1937 1321 2206 1391 Quantum
2229 1338 2359 1379 vero
2399 1323 2641 1394 pontifex
2691 1324 2885 1391 factus,
2923 1323 3035 1394 9!;
3071 1322 3236 1379 fuerit
3272 1331 3527 1379 constans

1938 1425 1994 1474 et
2021 1416 2259 1485 humilis,
2286 1417 2496 1489 patiens
2524 1425 2579 1471 et
2624 1417 2903 1485 benignus,
2936 1416 3274 1489 compatiens
3314 1417 3529 1473 miseris

1938 1519 1995 1568 et
2022 1512 2366 1583 pauperibus,
2390 1519 2447 1567 et
2483 1511 2693 1567 cunctis
2727 1511 3015 1568 virtutibus
3043 1511 3351 1583 insignitus,
3406 1510 3527 1566 nul-

1940 1605 2040 1661 lius
2065 1605 2247 1676 lingua
2273 1604 2544 1661 sulﬁceret
2590 1603 2658 1659 ad
2697 1602 3048 1660 narrandum.
3072 1603 3388 1660 Construxit
3418 1618 3530 1658 mo-

1940 1697 2173 1752 nasteria
2196 1738 2210 1763 ,
2252 1704 2310 1752 et
2343 1695 2569 1765 collegia
2624 1694 2907 1752 mdiﬁcavit
2938 1714 2951 1750 :
2986 1696 3039 1751 in
3067 1696 3286 1767 quibus,
3336 1694 3527 1752 studiis

1942 1790 2110 1846 sacris
2136 1798 2190 1845 et
2225 1789 2422 1847 divinis
2450 1789 2772 1845 lectionibus
2815 1804 3034 1857 vacans,
3065 1788 3328 1860 plurimos
3368 1790 3533 1846 disci-

238 1878 335 1979 pro
360 1920 479 1978 quo
502 1904 779 1962 Florezius
805 1878 975 1961 edidit
1025 1904 1387 1974 spirituatiter,
1415 1910 1472 1959 et
1514 1902 1838 1972 conjiciebat

1948 1881 2118 1954 pulos,
2146 1880 2238 1950 qui
2260 1880 2327 1936 ad
2368 1896 2489 1937 eum
2517 1878 2879 1947 conﬂuebant,
2912 1879 3145 1935 erudivit
3181 1897 3195 1934 :
3228 1880 3368 1936 inter
3394 1895 3533 1950 quos

238 1997 556 2071 specialiter,
586 2004 681 2053 aut
700 1994 901 2066 aliquid
920 1993 1251 2065 huiusmodi.
1283 1992 1609 2066 SuSpicabar
1644 1992 1835 2064 dilige-

238 2089 322 2144 bat
347 2104 588 2161 puerum.
620 2086 777 2160 Spali
824 2086 947 2157 (pro
1000 2083 1230 2158 Hispali)
1270 2094 1421 2140 extra
1448 2087 1694 2157 patriam,
1728 2095 1834 2141 etc.

238 2180 393 2238 Num.
424 2179 486 2250 5,
534 2178 677 2251 apud
736 2177 1120 2236 Bollandianos
1172 2179 1347 2233 nescio
1388 2180 1437 2233 si
1488 2193 1623 2250 quo;
1654 2178 1708 2233 in
1736 2192 1835 2232 ms.

238 2272 472 2331 Florezii
497 2270 715 2329 videtur
740 2270 909 2328 fuisse
936 2272 1163 2326 nescitur
1190 2286 1311 2343 quo.
1335 2264 1468 2325 Ibid.
1502 2267 1840 2325 Bollandiani

239 2368 425 2438 legunt
456 2364 825 2439 temporalibus
865 2364 1062 2421 divitiis
1084 2379 1103 2418 :
1130 2377 1232 2420 ms.
1286 2360 1519 2418 Florezii
1541 2361 1739 2417 omittit
1760 2361 1842 2418 di-

238 2463 393 2530 uitiis,
424 2460 571 2533 quod
598 2462 655 2518 in
683 2459 1007 2531 compendio
1030 2457 1168 2514 Vitae
1221 2458 1481 2515 omissum
1512 2456 1744 2514 fortasse
1774 2459 1842 2515 ab

240 2555 358 2627 ipso
388 2552 663 2611 Roderico
684 2561 789 2610 est.
818 2552 980 2609 Num.
1031 2550 1119 2620 14,
1151 2566 1252 2623 pro
1279 2549 1453 2607 Nonis
1476 2550 1843 2627 Αρτὶιὶεηῖιο-

242 2647 425 2704 rczius
452 2645 561 2719 legi
585 2645 740 2717 jubet
768 2642 1101 2725 Prid.Non.
1126 2644 1281 2717 Apr.,
1312 2659 1436 2699 nam
1465 2643 1555 2700 die
1583 2643 1618 2698 4
1648 2644 1844 2716 Aprilis

240 2739 510 2799 lsidorum
564 2740 887 2814 decessisse,
916 2738 1223 2796 communis
1249 2744 1306 2794 et
1343 2753 1517 2810 pr0pe
1566 2739 1674 2811 93
1696 2746 1844 2795 certa

238 2832 517 2890 sententia
542 2838 647 2887 est.
669 2832 828 2887 Num.
853 2828 942 2898 15,
965 2827 1345 2901 corrigendum
1369 2837 1456 2886 est
1475 2830 1623 2902 quod
1648 2831 1847 2888 dicitur

239 2941 387 2979 anno
415 2932 587 2979 autem
605 2938 788 2992 Lxxx;
818 2922 874 2979 in
903 2922 1040 2979 actis
1079 2921 1443 2978 translationis
1462 2922 1660 2996 legitur
1681 2939 1844 2981 Lxxv.

318 3014 410 3071 17.
434 3015 677 3073 Dubitari
705 3017 867 3073 etiam
894 3022 1095 3087 potest,
1125 3029 1195 3071 an
1232 3015 1323 3071 alii
1370 3016 1479 3072 sint
1506 3014 1847 3073 librariorum

240 3125 481 3179 errores,
525 3118 585 3166 ut
634 3126 783 3167 num.
817 3110 909 3180 15,
954 3107 1152 3183 synodo
1193 3106 1408 3181 Hispali
1454 3108 1712 3167 celebrato
1748 3126 1848 3184 pro

243 3202 528 3274 celebrata,
550 3210 609 3260 et
628 3218 780 3260 nam.
810 3201 898 3272 14,
927 3200 1366 3274 crucemjDomini
1395 3219 1428 3257 a
1458 3202 1685 3260 Cosdroe
1712 3206 1847 3260 alla-

1941 1972 2041 2027 fuit
2070 1972 2130 2027 Β.
2158 1970 2475 2037 lldefonsus,
2502 1971 2776 2027 Toletante
2804 1969 3059 2028 Ecclesiae
3094 1978 3285 2043 postea
3323 1970 3535 2028 archie-

1940 2068 2212 2140 piscopus.
2258 2065 2489 2136 Scripsit
2529 2065 2723 2121 librum
2770 2064 3253 2137 Etymologiarum,
3285 2071 3342 2121 et
3388 2062 3538 2120 sacri

1940 2160 2177 2216 Canonis
2220 2159 2386 2215 libros
2425 2157 2687 2230 plurimos
2736 2164 3136 2214 commentatus
3181 2164 3312 2213 est:
3355 2163 3411 2212 et
3454 2161 3539 2212 tot

1942 2260 2200 2323 tantaque
2245 2253 2346 2308 alia
2378 2252 2657 2308 volumina
2695 2250 2910 2321 scripsit
2938 2257 2998 2305 ut
3038 2250 3273 2305 humana
3307 2249 3398 2305 vix
3427 2248 3539 2305 vita

1943 2348 2105 2405 tantis
2132 2346 2356 2404 suffecta
2386 2345 2659 2402 laboribus
2687 2343 2954 2399 videatur.
2997 2341 3103 2398 Sed
3143 2340 3237 2413 qui
3265 2341 3380 2399 Deo
3422 2347 3538 2398 stu-

1943 2440 2093 2507 dent,
2146 2438 2279 2495 nihil
2309 2455 2420 2494 non
2454 2437 2699 2508 proclive
2736 2435 2997 2501 sentiunt,
3040 2433 3174 2490 nihil
3202 2434 3399 2490 frustra
3443 2448 3539 2490 co-

1910 2588 1919 2594 ,
1945 2541 2162 2600 nantur,
2195 2532 2329 2589 nihil
2380 2547 2491 2587 non
2518 2546 2587 2588 ex
2606 2538 2737 2587 voto
2772 2535 3202 2600 consequuntur.
3228 2526 3353 2583 Fuit
3380 2528 3540 2583 deni—

1943 2641 2052 2697 que
2090 2624 2280 2682 lsidori
2321 2631 2471 2680 tanta
2506 2623 2764 2679 doctrina:
2792 2636 2857 2678 ac
2902 2619 3209 2677 sanctitatis
3243 2614 3450 2690 opin‘io,
3481 2626 3541 2674 ut

1944 2726 2139 2776 coacto
2183 2715 2415 2773 concilio
2484 2714 2745 2786 generali,
2800 2712 2942 2769 ultro
2994 2710 3157 2767 fuerit
3207 2725 3239 2766 a
3286 2707 3545 2782 pontiﬁce

1945 2813 2185 2870 maximo
2212 2820 2457 2869 vocatus.
2501 2808 2605 2866 Ubi
2632 2810 2826 2864 mirum
2866 2816 2970 2876 est,
2996 2813 3257 2877 quantum
3285 2806 3545 2883 ponderis

1948 2912 2004 2961 et
2031 2904 2367 2961 auctoritatis
2395 2902 2645 2958 habuerit
2673 2902 2728 2956 in
2755 2899 2979 2970 singulis
3007 2899 3170 2954 rebus
3199 2895 3395 2953 Isidori
3414 2911 3545 2953 sen-

1951 2998 2118 3054 tentia
2150 2996 2291 3067 apud
2323 2994 2634 3066 pontiﬁcem
2662 2999 2719 3049 et
2746 3006 2932 3049 omnes
2961 2988 3231 3062 praelatos.
3274 2987 3545 3044 Reversus

1936 3099 2130 3159 autem
2163 3091 2215 3145 in
2242 3087 2577 3157 Hispaniam,
2610 3101 2732 3142 cum
2760 3100 2912 3139 suam
2944 3089 3173 3138 mortem
3194 3087 3252 3137 et
3275 3078 3545 3151 Hispauim

1951 3183 2311 3239 vastationem
2343 3194 2371 3233 a
2394 3178 2677 3235 Saracenis
2702 3175 2914 3248 publice
2953 3172 3311 3245 praedixisset,
3343 3169 3543 3239 migra-

244 3307 351 3355 tam
384 3312 485 3371 pro
512 3265 762 3354 ablatam.
787 3265 1087 3355 Rodericus
1109 3265 1447 3354 (ierratensis
1476 3296 1683 3354 ordinis
1708 3295 1855 3353 Prze-
1882 3306 1928 3369 ο
1958 3278 2092 3371 Vili?
2113 3277 2224 3332 Vita
2250 3274 2423 3347 ιπῑάίθ
2450 3272 2630 3371 Νοηξιδ
2660 3270 2876 3371 Αβξξξίεν
2904 3283 3047 3371 διπξο
3078 3265 3289 3371 ῨΟἮξυί
3316 3278 3544 3368 593C80-

246 3389 551 3446 dicatorum
576 3388 770 3445 claruit
789 3386 989 3444 saeculo
1012 3402 1126 3456 χιιι,
1141 3386 1295 3444 Vitas
1319 3396 1632 3444 sanctorum
1660 3402 1729 3444 ex
1757 3403 1858 3443 an-

247 3482 410 3556 tiquis
430 3481 785 3539 ecclesiarum
805 3480 1089 3538 breviariis
1113 3452 1343 3551 aliisque
1359 3480 1726 3537 monumentis
1748 3479 1855 3536 col-
1956 3470 2190 3556 snante.
2213 3458 2562 3556 sepultusque
2592 3456 2690 3556 fuit
2724 3452 2943 3556 Hispal}:

248 3574 395 3647 legit,
425 3573 666 3632 nondum
685 3573 879 3644 editas,
906 3573 1095 3645 paucis
1120 3573 1361 3645 exceptis
1378 3611 1396 3641 ,
1425 3587 1544 3645 quae
1572 3572 1629 3629 in
1658 3571 1853 3644 Hispa-

249 3673 335 3730 nia
362 3670 537 3730 Sacra
574 3670 806 3742 vulgata:
853 3676 999 3726 sunt.
1044 3667 1175 3740 Ejus
1227 3667 1563 3725 mentionem
1602 3682 1705 3724 nec
1732 3668 1852 3724 Nic.

249 3765 519 3825 Antonius
546 3765 601 3822 in
621 3763 1007 3822 Biblioth.Vet.
1037 3763 1214 3833 Hisp.,
1236 3776 1339 3819 nec
1361 3761 1621 3833 Bayerius
1649 3760 1704 3816 in
1733 3768 1855 3817 not.

252 3861 479 3919 faciunt.
523 3858 803 3915 Florezius
849 3864 984 3913 tom.
1018 3871 1076 3912 ιιι
1125 3854 1280 3926 Hisp.
1312 3852 1491 3922 Sacr.,
1550 3868 1674 3924 pag.
1727 3853 1855 3922 596,

250 3971 395 4013 num.
425 3954 468 4009 4
490 3950 765 4025 Append.,
788 3965 857 4008 ex
883 3950 1002 4022 ipso
1028 3946 1366 4005 Cerratensis
1394 3961 1578 4018 opere,
1608 3946 1853 4017 quisnam

251 4051 296 4109 is
318 4053 492 4108 homo
519 4046 706 4117 fuerit,
748 4043 984 4117 collegit,
1012 4057 1175 4115 quem
1212 4055 1385 4114 prope
1413 4040 1649 4097 medium
1684 4054 1855 4097 saecu-

254 4145 359 4202 lum
389 4160 492 4202 xm
516 4142 801 4214 scripsisse
830 4136 1082 4195 afﬁrmat.

322 4237 411 4295 18.
446 4236 511 4293 ln
550 4233 722 4291 veteri
764 4232 1004 4290 editione
1043 4230 1306 4286 librorum
1333 4228 1393 4286 S.
1441 4226 1633 4285 Isidori
1664 4234 1854 4285 contra

257 4328 494 4396 Judaeos,
541 4340 662 4398 quae
689 4323 759 4381 ad
800 4337 999 4380 annum
1031 4319 1169 4377 1485
1210 4319 1466 4390 refertur,
1496 4329 1556 4377 ut
1586 4335 1854 4393 exponam

259 4436 374 4493 cap.
404 4420 502 4486 66,
531 4424 659 4474 sunt
684 4425 938 4488 excerpta
965 4413 1209 4486 quaedam
1237 4428 1305 4470 ex
1332 4413 1435 4470 hac
1448 4412 1591 4480 Vita,
1621 4421 1682 4469 ut
1707 4413 1856 4469 vide-

261 4520 366 4583 tur,
407 4510 501 4569 vel
547 4526 614 4567 ex
660 4508 983 4566 lectionibus
1035 4504 1258 4576 alicujus
1322 4502 1487 4561 ofﬁcii
1533 4502 1592 4561 S.
1639 4503 1851 4561 Isidori.

264 4606 393 4661 Cum
432 4606 493 4663 in
534 4603 601 4660 iis
653 4599 933 4672 Excerptis
983 4598 1211 4668 legatur,
1252 4597 1479 4653 nescitur
1520 4611 1619 4667 quo
1669 4595 1853 4650 ductus

266 4700 463 4769 spiritu,
492 4704 675 4767 posset
694 4708 844 4750 num.
871 4691 907 4747 5
935 4690 1069 4747 Vita:
1093 4688 1312 4747 retineri
1344 4688 1588 4755 nescitur,
1618 4701 1717 4759 pro
1745 4700 1854 4758 quo
1880 4699 1936 4763 ι)

266 4788 540 4846 Florezius
568 4784 737 4844 edidit
764 4784 958 4841 nescio.

866 4892 1095 4952 CAPUT
1130 4893 1247 4949 XV.

272 5008 536 5098 Lectiones
573 5010 631 5066 in
660 5010 792 5081 festo
834 5005 899 5062 S.
932 5003 1127 5061 Isidori
1175 5021 1239 5060 ex
1267 5002 1543 5059 Breviariis
1582 5004 1805 5076 antiquis
1834 5019 1854 5059 :

444 5106 647 5181 Hymni
674 5120 695 5161 :
724 5102 973 5159 memoria
1002 5102 1058 5156 in
1080 5099 1198 5155 aliis
1219 5097 1367 5155 libris
1395 5098 1673 5170 liturgicis.

341 5225 393 5281 1.
440 5242 461 5279 ι
492 5222 751 5287 Isidorus,
778 5216 998 5275 natione
1024 5212 1311 5286 Hispanus,
1346 5228 1414 5269 ex
1442 5210 1590 5266 Nova
1630 5209 1856 5269 Cartha-

1959 3368 2152 3425 tesimo
2181 3367 2455 3437 trigesimo
2497 3364 2707 3434 quinto,
2753 3357 3056 3418 Sisenando
3086 3359 3139 3414 in
3170 3355 3428 3427 Hispania
3454 3370 3545 3410 re-

2975 3451 3125 3506 Unde
3158 3456 3346 3520 postea
3374 3455 3548 3502 trans-

1955 3554 2098 3610 latus
2128 3560 2207 3607 cst
2236 3553 2290 3607 in
2323 3550 2507 3606 urbem
2533 3548 2820 3618 Legionem
2843 3562 2873 3601 a
2900 3542 3185 3601 Fernando
3219 3540 3274 3608 Ι,
3300 3539 3548 3596 Castellm

1956 3646 2115 3702 simul
2147 3652 2202 3699 et
2231 3641 2482 3713 Legionis
2511 3653 2658 3711 rege,
2690 3638 2780 3706 qui
2811 3637 2917 3692 hoc
2948 3634 3015 3689 ab
3048 3634 3220 3688 Eneto
3247 3630 3545 3698 Saracena,

1957 3736 2161 3807 Hispali
2192 3743 2471 3807 regnante,
2496 3731 2703 3802 magnis
2742 3728 2991 3800 precibus
3025 3733 3081 3781 et
3119 3725 3354 3796 praemiis
3378 3723 3550 3794 impe-

1956 3830 2121 3885 travit
2155 3848 2168 3883 :
2197 3829 2350 3898 cujus
2404 3826 2620 3881 nomine
2650 3823 2905 3894 templum
2946 3817 3267 3875 mdiﬁcatum
3321 3824 3404 3872 est
3447 3815 3550 3871 Le-

1956 3921 2151 3990 gione;
2176 3919 2264 3974 ubi
2303 3917 2570 3987 sepultus,
2600 3913 2872 3969 miraculis
2902 3911 3102 3973 clarus,
3131 3907 3328 3964 colitur
3356 3919 3549 3975 magna

1956 4010 2147 4084 populi
2176 4008 2461 4077 religione.
2500 4025 2520 4059 ι

2242 4096 2569 4153 Constantini
2603 4092 2806 4149 abbatis
2833 4089 3075 4162 Cajetani
3102 4094 3264 4143 notat.

2023 4189 2079 4247 2.
2134 4190 2289 4245 Hanc
2330 4187 2391 4244 S.
2422 4185 2615 4242 Isidori
2666 4183 2797 4239 Vitae
2826 4181 3119 4237 Historiam
3166 4177 3436 4232 habuimus
3483 4192 3551 4232 ea:

1955 4299 2015 4339 eo
2062 4281 2233 4337 libello
2284 4281 2371 4352 qui
2420 4278 2691 4351 sejunctim
2739 4276 3020 4347 impressus
3063 4272 3365 4344 Antuerpia:
3412 4267 3553 4325 1572

1956 4377 2303 4449 amplectitur,
2326 4381 2384 4427 ut
2411 4390 2470 4429 eo
2511 4372 2623 4427 loco
2643 4376 2984 4443 praenotatur,
3016 4364 3192 4435 Festa.
3216 4371 3549 4429 sanctorum,

1956 4476 2223 4524 eteorum
2252 4462 2439 4520 Ofﬁcia
2482 4462 2733 4535 propria,
2762 4458 3089 4515 auctoritate
3125 4454 3421 4526 apostolica
3464 4468 3553 4509 re-

1957 4566 2135 4630 cepta,
2163 4570 2282 4628 quae
2308 4557 2362 4611 in
2393 4555 2583 4610 ordine
2611 4553 2720 4608 divi
2749 4550 2939 4607 Jacobi
2967 4549 3021 4603 in
3050 4547 3307 4618 Hispania
3345 4547 3551 4616 specia-

1960 4651 2082 4713 liter
2108 4650 2470 4706 celebrantur.
2503 4644 2702 4700 Eadem
2747 4645 2857 4698 lucc
2896 4656 3092 4713 quoque
3118 4647 3417 4694 sanctorum
3447 4638 3552 4692 Hi-

1959 4738 2470 4816 spanorumOfﬁcia
2514 4740 2569 4792 in
2617 4737 2771 4791 totius
2809 4734 3113 4805 Hispanico:
3151 4730 3402 4787 Ecclesite
3430 4747 3554 4802 gra-

1960 4836 2088 4887 tiam
2132 4831 2260 4886 Pius
2296 4829 2359 4893 V,
2393 4827 2673 4898 Gregorius
2712 4823 2890 4890 XIII,
2939 4831 2989 4877 et
3030 4822 3211 4878 Sixlus
3246 4819 3291 4877 V
3326 4838 3390 4877 ea
3438 4823 3557 4892 ipsa

1960 4925 2266 4980 auctoritate
2287 4922 2571 4990 apostolica
2598 4919 2992 4990 conﬁrmarunt,
3018 4925 3070 4970 et
3088 4924 3470 4980 concesserunt,
3498 4922 3557 4966 ut

1961 5036 2025 5074 ea;
2079 5018 2303 5072 editione
2331 5014 2623 5071 earumdem
2663 5012 2841 5067 Romae
2882 5014 3021 5083 facta
3056 5007 3196 5063 1609
3239 5016 3555 5078 compertum

1966 5110 2138 5165 habui.
2168 5108 2394 5177 Denique
2421 5108 2553 5161 hanc
2580 5107 2748 5177 ipsam
2793 5105 2852 5160 S.
2883 5100 3079 5158 Isidori
3114 5100 3245 5156 Vitta
3284 5099 3557 5155 historiam

1960 5212 2081 5258 ante
2102 5201 2379 5258 concilium
2408 5200 2787 5264 Tridentinum,
2841 5199 2895 5252 in
2940 5196 3170 5268 ejusdem
3202 5194 3397 5249 Isidori
3424 5196 3555 5266 festo

276 5318 416 5391 giue,
461 5316 550 5375 cui
589 5283 746 5388 pater
800 5309 968 5383 ipsius
1008 5283 1333 5365 Severianus
1379 5304 1775 5369 dominabatur,
1825 5317 1858 5359 a
1960 5295 2063 5363 die,
2095 5311 2187 5365 per
2236 5292 2475 5349 lectiones
2515 5292 2639 5346 item
2688 5290 3008 5352 distinctam,
3051 5285 3293 5341 Romana
3317 5283 3557 5338 Ecclesia

277 5411 472 5467 sanctis
528 5408 660 5465 viris
725 5403 970 5461 Leandro
1041 5398 1449 5471 archiepiscOpo
1516 5395 1854 5468 Hispalensi,

279 5510 328 5557 et
375 5499 657 5573 Fulgentio
708 5497 964 5568 episcopo
1016 5490 1356 5561 Astigitano,
1425 5487 1679 5544 fratribus
1723 5486 1857 5556 suis,

280 5598 462 5650 sancte
514 5599 571 5648 et
625 5587 917 5646 liberaliter
963 5584 1016 5641 in
1064 5581 1241 5640 studio
1311 5581 1610 5637 ﬁtterarum
1658 5578 1856 5636 educa-

1960 5386 2229 5453 recitabat,
2259 5395 2316 5441 ut
2357 5385 2649 5441 uidere.est
2677 5384 2732 5438 in
2794 5398 2852 5437 eo
2890 5380 3155 5435 Breriario
3204 5378 3340 5450 quod
3375 5377 3482 5449 95
3522 5393 3558 5430 α

1961 5482 2230 5538 Cardinali
2262 5479 2546 5536 Francisco
2588 5479 2901 5550 Quignonio,
2940 5478 3089 5547 jussu
3126 5473 3402 5528 Clementis
3441 5470 3555 5528 VII

1966 5590 2118 5648 papa:
2172 5576 2477 5645 confectum,
2528 5570 2682 5625 Pauli
2726 5567 2823 5622 III
2874 5585 2991 5622 vero
3039 5566 3355 5636 recognitum
3403 5569 3558 5636 atque

282 5693 367 5743 tus
400 5694 489 5741 est
528 5703 543 5741 :
580 5691 637 5741 et
696 5683 963 5754 ingentem
1018 5677 1319 5735 doctrinam
1373 5675 1599 5741 Latine,
1672 5672 1861 5731 Graec
1966 5667 2159 5722 editum
2204 5674 2297 5721 est.
2354 5663 2466 5729 Qua
2494 5662 2559 5716 de
2586 5677 2743 5715 causa
2794 5676 2944 5714 sacra
2994 5658 3211 5711 istorum
3243 5652 3558 5725 Ofﬁciorum

286 5788 441 5853 atque
470 5778 733 5836 Hebraice
752 5743 895 5830 vcum
933 5786 1128 5844 magna
1171 5770 1405 5827 nominis
1442 5767 1689 5825 claritate
1726 5781 1861 5823 con-
1969 5761 2277 5815 auctoritate
2322 5767 2371 5812 et
2415 5773 2507 5811 nos
2553 5757 2607 5809 in
2670 5753 2766 5806 hoc
2819 5750 3063 5822 opusculo
3119 5762 3221 5799 non
3270 5746 3425 5802 semel
3473 5743 3560 5801 usi

287 5882 515 5931 secutus.
564 5872 664 5929 Hic
706 5870 1017 5927 adolescens
1064 5866 1238 5922 adhuc
1273 5862 1527 5920 haeresim
1577 5860 1862 5927 Ariauam,

289 5954 404 6025 tiliae
428 5958 636 6034 inuitem
658 5952 977 6027 Gothorum,
1002 5940 1268 6029 Hispania-
1296 5950 1553 6011 latissimé
1581 5948 1864 6008 dominans

1970 5868 2165 5907 sumus.

2045 5941 2098 5998 5.
2128 5938 2186 5999 1η
2214 5938 2491 6000 Breviario
2509 5937 2886 6007 Quignoniano
2919 5933 3013 5987 has
3044 5931 3263 5985 casxlem
3298 5930 3559 5984 levtiones
