4048 6364
232 364 302 419 85

1280 342 1690 409 ibiillil’tlANA.
1735 368 1803 381 -——
1843 338 2018 397 PARS
2054 340 2089 395 Ι.
2137 341 2287 397 CAP.
2332 341 2447 399 XV.
3438 342 3506 398 86

234 481 421 556 pellari
452 474 744 543 meruerit;
778 486 1007 541 eumque
1043 475 1256 529 saueius
1279 465 1495 523 Braulio
1521 479 1631 520 non
1656 460 1818 519 modo
1843 462 1897 520 Α
1924 458 2141 517 Demum
2180 479 2272 518 suo
2300 464 2497 517 muneri
2528 478 2632 516 non
2662 462 2936 534 defuerunt
2982 463 3092 533 99
3135 461 3504 532 postulatores,

231 570 728 647 Gregoriojlagno
782 563 1195 636 comparaverit,
1249 560 1345 617 sed
1399 568 1455 615 et
1507 556 1814 615 erudiendae

233 666 501 740 Hispania:
555 664 674 720 loco
702 660 889 735 Jacobi
941 655 1171 730 apostoli
1219 656 1433 712 caelitus
1461 653 1646 710 datum
1696 667 1817 708 esse

233 759 523 834 censuerit.

236 922 242 928 ο
303 853 482 929 Lectio
509 868 584 923 vi.
621 882 694 899 —-
736 868 756 919 t
791 846 1018 919 Scripsit
1056 845 1290 911 Isidorus
1332 845 1498 905 libros
1537 841 1816 914 Etymolo-

232 950 462 1020 giarum,
488 952 545 1009 at
580 943 648 1000 de
690 940 1080 997 Ecclesiasticis
1108 935 1329 1005 Ofﬁciis,
1361 936 1602 1005 aliosque
1631 950 1818 1004 quam-

234 1041 499 1113 plurimos
521 1036 841 1092 Christianae
879 1040 935 1089 et
962 1031 1337 1103 ecclesiasticae
1363 1029 1655 1103 disciplinac
1683 1027 1820 1083 adeo

230 1135 408 1200 utiles,
439 1140 497 1189 ut
542 1137 758 1205 sanctus
803 1126 914 1185 Leo
970 1142 1107 1201 papa
1154 1132 1377 1205 quartus
1422 1124 1488 1179 ad
1533 1122 1820 1193 episcopos

229 1227 524 1299 Britanniae
550 1224 789 1297 scribere
827 1238 937 1293 non
961 1220 1307 1285 dubitaverit,
1342 1218 1480 1281 sicut
1507 1216 1821 1289 Hieronymi
1894 1250 1898 1254 -

230 1333 283 1379 ct
334 1320 641 1390 Augustini,
678 1321 751 1374 ita
804 1318 991 1373 lsidori
1040 1315 1179 1372 dicta
1230 1312 1508 1369 retinenda
1556 1328 1696 1380 esse,
1728 1312 1820 1366 ubi

228 1417 520 1487 contigerit
542 1414 855 1471 inusitatum
878 1410 1175 1482 negotium,
1189 1407 1333 1478 quod
1349 1422 1444 1478 per
1466 1420 1701 1462 canones
1722 1404 1822 1458 mi-

230 1510 372 1565 nime
400 1506 613 1562 definiri
636 1505 825 1591 possit.
852 1501 1041 1557 Plures
1064 1500 1225 1556 etiam
1248 1515 1313 1554 ex
1346 1497 1583 1585 ejusdem
1607 1496 1822 1567 scriptis

227 1601 524 1670 sententis;
544 1600 688 1656 inter
715 1598 1004 1669 canonicas
1033 1594 1287 1671 Ecclesiae
1317 1593 1463 1662 leges
1490 1592 1673 1648 relata:
1695 1606 1824 1647 con-

227 1697 553 1768 spiciuntur.
584 1695 696 1771 9ο
735 1690 954 1765 Praefuit
994 1689 1222 1757 concilio
1268 1686 1532 1745 Toletano
1578 1701 1648 1751 1v,
1702 1700 1821 1739 οιιι-

230 1790 371 1844 nium
402 1786 680 1858 Hispania:
708 1784 1084 1842 celeberrimo.
1115 1780 1355 1850 Denique
1385 1795 1507 1835 cum
1536 1777 1603 1833 ab
1629 1777 1820 1848 Hispa-

1920 556 2005 620 qui
2034 555 2257 609 collectis
2277 554 2501 625 undique
2531 554 2838 608 testimoniis
2865 553 3228 607 excellentiam
3256 555 3508 611 doctrina:

1922 646 1981 700 S.
2010 645 2201 701 Isidori
2221 647 2517 717 plenissime
2554 646 2997 707 demonstrarunt,
3028 646 3167 700 edito
3196 648 3354 701 etiam
3372 648 3505 719 typis

1921 736 2172 807 suffragio
2216 738 2607 792 eminentissimi
2650 737 2847 791 domini
2893 735 3183 791 eardinalis
3236 735 3506 810 Bellugat,

1922 845 2094 884 cauete
2139 830 2399 896 relatoris,
2441 831 2529 900 qui
2571 828 3051 887 animaduersiones
3079 846 3112 883 a
3141 846 3223 884 me
3262 838 3511 902 tanquam

1921 921 2043 991 ﬁdei
2084 931 2375 991 promotore
2416 924 2604 993 factas,
2652 922 2798 976 docte
2838 920 2902 975 de
2928 936 3071 975 more
3111 922 3414 992 confutavit,
3455 932 3507 975 et
3616 964 3643 981 .

1896 1016 2072 1084 :plura
2119 1014 2323 1071 addidit
2359 1016 2415 1070 in
2455 1014 2953 1070 commendationem
2998 1013 3206 1067 exaniat
3249 1012 3506 1069 doctrinm

1920 1105 2152 1177 ejusdem
2179 1106 2244 1161 S.
2277 1104 2492 1162 Isidori.

1997 1200 2083 1255 10.
2130 1198 2285 1266 Quod
2322 1200 2365 1255 si
2392 1200 2651 1256 lectiones
2692 1199 2750 1255 ὃ.
2796 1198 2987 1254 isidori
3032 1196 3103 1252 ad
3147 1196 3513 1253 vetustissima

1924 1301 2275 1349 monumenta
2303 1290 2582 1359 exigendae
2607 1297 2813 1355 essent,
2848 1289 2951 1343 illis
2982 1287 3159 1358 potius
3190 1287 3265 1342 uti
3295 1294 3514 1358 prasta-

1924 1393 2028 1451 ret,
2080 1399 2201 1455 quae
2269 1384 2324 1443 in
2377 1382 2569 1439 ofﬁciis
2619 1382 2853 1453 propriis
2906 1390 3215 1437 sanctorum
3269 1381 3514 1437 ecclesia:

1925 1476 2219 1543 Toletanae,
2250 1475 2405 1533 editis
2434 1474 2631 1531 liatriti
2669 1490 2739 1533 ex
2788 1474 3145 1546 typographia
3173 1472 3318 1541 regia
3350 1468 3508 1532 1618,

1925 1578 2158 1636 exstant,
2200 1570 2406 1628 scilicet
2438 1587 2451 1623 :

1998 1662 2065 1719 In
2105 1663 2329 1727 secundo
2379 1672 2629 1723 nocturno
2672 1677 2740 1716 ex
2766 1658 2982 1715 Braulio
3012 1657 3509 1731 Cmaraugustano,

1925 1766 1973 1815 et
2024 1755 2295 1828 Ildefonso
2343 1754 2593 1815 Toletano
2637 1753 3059 1823 archiepiscopis,
3111 1760 3161 1807 et
3223 1750 3510 1823 Redempto

228 1883 314 1938 nia
362 1881 622 1937 Ariansm
677 1877 925 1933 haeresim
985 1874 1337 1943 eiiminasset,
1394 1880 1568 1928 morte
1620 1886 1717 1926 sua
1764 1878 1819 1925 et

1941 1847 2123 1905 isidori
2169 1848 2442 1920 discipulo,
2489 1855 2641 1915 atque
2680 1859 2745 1899 ea:
2780 1844 2894 1915 ipso
2938 1842 3166 1910 Isidoro,
3211 1853 3261 1897 et
3291 1843 3510 1897 concilio

228 1976 379 2046 regni
411 1972 720 2030 vastatione
750 1987 780 2035 a_
808 1970 1205 2033 Saracenorum
1249 1966 1414 2025 armis
1442 1963 1656 2036 publice
1689 1978 1820 2032 prae-

229 2068 498 2137 nuntiata,
519 2071 802 2139 postquam
833 2060 1188 2137 quadraginta
1215 2058 1431 2119 circiter
1459 2071 1629 2112 annos
1671 2070 1823 2110 suam

214 2158 465 2233 rexisset
500 2150 811 2228 ecclesiam.
846 2150 1048 2223 Hispali
1080 2150 1331 2220 migravit
1361 2148 1415 2217 in
1445 2148 1640 2204 coelum
1681 2160 1824 2201 anno

230 2248 633 2307 sexcentesimo
684 2245 962 2315 trigesimo
1017 2250 1193 2298 sexto.
1252 2239 1378 2311 Ejus
1433 2255 1630 2310 corpus
1686 2239 1827 2293 inter

231 2342 537 2400 Leandrum
580 2340 820 2404 fratrem,
851 2334 1296 2413 etFlorentinam
1332 2344 1597 2397 sororem,
1628 2338 1688 2387 ut
1714 2332 1828 2401 ipse

231 2436 605 2505 mandaverat,
647 2434 823 2509 primo
854 2429 1150 2493 conditum,
1192 2427 1564 2499 Ferdinandus
1600 2428 1822 2498 primus,

229 2532 481 2589 Castellm
510 2539 565 2587 et
592 2528 844 2601 Legionis
884 2542 999 2597 rex,
1031 2526 1098 2582 ab
1128 2522 1298 2592 Eneto
1320 2521 1591 2578 Saraceno
1624 2521 1829 2593 Hispali

230 2626 549 2683 dominante
622 2635 818 2695 magno
889 2619 1063 2691 pretio
1144 2616 1483 2687 redemptum
1536 2614 1829 2685 Legionem

230 2716 547 2781 transtulit,
587 2721 644 2770 et
688 2712 742 2768 in
771 2712 889 2781 ejus
919 2710 1184 2768 honorem
1215 2706 1479 2777 templum
1508 2704 1832 2760 :ediiicatum

228 2816 330 2869 cst,
385 2805 480 2859 ubi
527 2803 798 2859 miraculis
846 2801 1024 2875 clarus
1068 2812 1263 2875 magna
1314 2798 1499 2869 populi
1545 2796 1833 2852 devotione

228 2898 451 2954 colitur.
507 2916 526 2947 ι
582 2907 595 2919 '

303 2993 355 3048 8.
390 2992 726 3063 Concessum
748 2988 849 3055 fuit
869 2986 1104 3063 cilicium
1124 2986 1183 3053 S.
1209 2983 1399 3059 [sideri
1419 2984 1674 3057 episcopi,
1705 2999 1835 3040 con-

230 3084 456 3149 fessoris
487 3093 542 3141 et
570 3084 832 3151 doctoris,
857 3096 980 3139 eum
1005 3081 1089 3138 his
1117 3079 1439 3150 lectionibus
1464 3092 1562 3147 pro
1584 3077 1834 3132 universa

1925 1940 2229 2013 ilispalensi
2258 1954 2314 2005 tt.
2345 1955 2462 2009 cap.
2500 1936 2585 1995 12.

1998 2058 2085 2112 ii.
2148 2056 2323 2112 Lectio
2353 2072 2425 2111 iV.
2462 2088 2533 2098 -
2577 2074 2596 2107 ι
2649 2054 2883 2111 isidorus
2938 2053 3159 2108 natione
3212 2048 3513 2121 Hispanus,

1926 2157 2084 2223 patre
2133 2150 2426 2205 Severiano
2475 2147 2767 2218 provincia:
2814 2142 3297 2213 Carthaginensis,
3343 2146 3520 2195 matre

1928 2244 2161 2301 Turtura
2191 2251 2343 2300 ortus
2373 2251 2475 2300 est.
2507 2242 2551 2296 Α
2597 2241 2799 2297 sanctis
2842 2240 2970 2295 viris
3009 2235 3258 2293 Leandro
3306 2231 3518 2290 archie-

1928 2341 2153 2412 piscopo
2178 2336 2504 2409 Hispalensi,
2526 2343 2582 2391 et
2606 2333 2889 2403 Fulgentio
2910 2332 3167 2409 episcopo
3191 2327 3517 2398 Astigitano,

1927 2434 2185 2491 fratribus
2210 2432 2342 2499 suis,
2375 2437 2563 2486 sancte
2588 2437 2643 2484 et
2671 2426 2966 2483 liberaliter
2992 2424 3271 2488 educatus,
3301 2419 3515 2488 Latine,

1930 2530 2117 2587 Grzece
2155 2535 2319 2599 atque
2348 2525 2614 2581 Hebralce
2641 2522 2856 2585 doctus,
2907 2520 2961 2575 in
2991 2517 3234 2574 omnium
3282 2512 3525 2584 discipli-

1933 2637 2123 2679 narum
2153 2635 2354 2691 genere
2376 2619 2628 2675 eximiam
2658 2614 2978 2673 eruditionis
3005 2612 3220 2668 laudem
3252 2624 3518 2667 consecu—

1934 2724 2020 2770 tus
2051 2722 2153 2770 est.
2187 2712 2519 2768 Adolescens
2544 2724 2669 2765 cum
2711 2714 2855 2764 esset
2881 2705 3077 2769 adhuc,
3127 2702 3385 2758 Arianam
3415 2700 3525 2756 ha!-

1936 2806 2103 2869 resin,
2149 2819 2309 2874 quam
2358 2801 2659 2856 Gothorum
2690 2813 2837 2854 arma
2870 2798 2922 2852 in
2963 2794 3275 2866 Hispaniam
3305 2793 3527 2849 invexe-

1937 2907 2079 2964 rant,
2109 2903 2417 2966 serpentem
2447 2893 2687 2963 quotidie
2714 2892 2894 2957 latius,
2922 2905 2988 2946 ea
3029 2890 3279 2945 libertate
3308 2894 3365 2942 et
3392 2902 3530 2943 con-

1939 2992 2138 3047 stantia
2168 2987 2349 3059 palam
2395 2983 2787 3052 insectabatur,
2821 2990 2881 3037 ut
2919 2995 3111 3052 parum
3138 2980 3368 3035 abfuerit
3394 2978 3528 3048 quin

1941 3083 2009 3136 ab
2050 3080 2263 3135 Arianis
2308 3084 2616 3134 necaretur.
2667 3075 2711 3128 Α
2760 3074 2952 3143 quibus
2995 3071 3143 3127 omni
3172 3067 3531 3141 persuadendi

232 3179 480 3236 Ecclesia
503 3173 1023 3234 abinnocentioliil
1042 3173 1129 3229 die
1154 3170 1439 3239 Q5Aprilis
1458 3169 1615 3237 i722,
1640 3169 1705 3224 de
1725 3185 1833 3239 quo
1878 3238 1899 3239 ί
1941 3171 2166 3228 artiﬁcio
2196 3169 2437 3225 adhibito
2467 3175 2670 3224 tentata
2696 3164 2812 3234 ejus
2857 3164 2991 3220 ﬁdes
3020 3162 3385 3234 nequidquam
3428 3170 3531 3215 est.

234 3188 480 3236 Ecclesia
503 3188 1023 3234 ablnnocenuomu
1042 3188 1129 3229 (lle
1154 3188 1289 3228 35A
1327 3188 1439 3227 Πιιὸ
1458 3188 1482 3226 1
1504 3188 1615 3237 ΙΖΖ,
1640 3188 1705 3224 ue
1725 3188 1833 3239 quo
1941 3188 2166 3228 aruncno
2196 3188 2437 3225 aomntto
2467 3188 2670 3224 tentata
2696 3188 2812 3234 ejus
2859 3188 2991 3220 uuca
3020 3188 3385 3234 ucqusuquaul
3428 3188 3531 3215 cat.

234 3272 407 3332 videri
429 3277 610 3342 potest
634 3263 951 3339 Benedictus
964 3262 1104 3342 XIV,
1128 3265 1164 3319 1.
1197 3278 1251 3319 Iv
1279 3188 1347 3337 ἕο
1369 3261 1582 3335 nestit,
1606 3270 1745 3333 part.
1772 3278 1829 3328 li,
1859 3238 1908 3311 ο
1941 3267 2187 3322 Leandro
2215 3264 2377 3334 igitur
2403 3262 2513 3323 vita
2543 3259 2748 3323 functo,
2796 3255 3028 3316 Isidorus
3058 3254 3201 3323 regis
3231 3244 3532 3309 Reccaredi

238 3382 358 3437 cap.
396 3338 488 3433 ii,
537 3338 685 3435 num.
743 3357 840 3437 15,
902 3359 993 3431 qui
1049 3338 1313 3431 rationem
1360 3348 1507 3423 addit
1547 3372 1561 3409 :
1610 3354 1835 3410 Sanctus

239 3460 427 3534 quippe
480 3456 559 3511 hic
602 3456 716 3527 jam
758 3464 1002 3525 tanquam
1030 3451 1210 3513 ductor
1256 3448 1520 3505 colebatur
1564 3450 1620 3502 in
1660 3449 1833 3519 regnis

248 3548 648 3620 Hispaniarum,
678 3553 728 3611 et
750 3544 806 3601 in
842 3542 1096 3611 Ecclesiis
1119 3542 1412 3606 mulorum
1435 3550 1485 3595 et
1525 3540 1836 3596 continentis

243 3639 524 3699 ludiarum
554 3637 665 3708 regi
692 3630 945 3690 catholico
987 3633 1378 3705 subjectarutn,‘
1409 3647 1473 3703 ea:
1501 3632 1685 3687 litteris
1711 3648 1837 3702 apo-

244 3732 440 3787 stolicis
484 3725 725 3799 Gregorii
751 3720 929 3801 XIII,
966 3724 1057 3789 ubi
1106 3725 1214 3795 haec
1260 3724 1511 3779 habentur
1550 3724 1613 3778 de
1660 3725 1837 3795 ofﬁcio

246 3824 302 3880 S.
338 3822 541 3878 Isidori
586 3837 603 3881 ξ
652 3818 787 3874 Item
818 3818 1069 3893 festivitas;
1122 3818 1181 3874 S.
1228 3816 1422 3887 lsidori
1466 3809 1838 3887 archiepiscopi

246 3914 604 3991 Hispalensis,
646 3929 740 3993 pro
769 3927 868 3982 quo
910 3909 1188 3965 celebretur
1229 3910 1463 4001 ofﬁcium
1503 3906 1749 3972 doctoris,
1790 3917 1841 3963 et

246 4010 483 4063 recitetur
518 4000 682 4061 Credo
703 4005 755 4058 in
785 4002 1126 4071 celebratione
1155 3998 1347 4075 missa},
1377 4008 1481 4071 etc.

313 4101 672 4172 9..Qu;edam
710 4101 764 4155 in
803 4099 887 4167 his
914 4098 1236 4169 lectionibus
1266 4096 1584 4167 traduntur,
1625 4108 1745 4166 quae
1774 4109 1841 4169 ex

248 4166 615 4268 monumentis
659 4189 1053 4285 antiquioribus
1095 4196 1149 4244 et
1186 4166 1333 4261 mtati
1378 4185 1435 4255 S.
1476 4182 1667 4262 [sidori
1712 4166 1843 4274 pro-

250 4289 625 4366 pinquioribus
654 4304 762 4359 non
788 4280 1075 4361 constant;
1107 4284 1312 4355 scilicet
1337 4282 1480 4355 quod
1516 4280 1843 4359 Severianus

250 4394 398 4457 pater
419 4384 474 4441 S.
506 4381 694 4457 Isidori
718 4379 826 4453 dux
849 4378 1009 4453 fuerit
1033 4376 1322 4449 provinciae
1344 4368 1841 4457 Qarthagiqiensis;

254 4481 392 4563 quod
440 4479 759 4550 Fulgentius
798 4474 1296 4547 Carthaginiensem
1341 4460 1717 4557 episcopatum
1761 4478 1844 4543 te.—

255 4573 426 4646 nucrit
446 4591 459 4638 ;
486 4567 635 4663 quod
660 4566 875 4640 Braulio
889 4566 989 4633 sub
1004 4565 1281 4667 disciplina
1304 4562 1494 4653 [sideri
1516 4562 1842 4645 profecerit:

1940 3360 2240 3425 voluntate,
2285 3364 2341 3412 et
2386 3352 2645 3424 singulari
2698 3349 3034 3421 Hispalensis
3080 3344 3264 3417 populi
3326 3344 3535 3411 itetitia,

1940 3464 2224 3508 successor
2253 3447 2308 3502 in
2354 3446 2694 3516 episcopatu,
2725 3440 2818 3496 diu
2866 3438 3204 3508 multumque
3231 3447 3537 3509 repugnans

1941 3546 2174 3616 eligitur.

2012 3636 2191 3697 Lectio
2228 3650 2285 3709 γ.
2315 3652 2435 3699 -,-t
2472 3629 2723 3695 Pontifex
2766 3627 2963 3703 iactus,
3004 3624 3316 3695 intelligens
3356 3636 3418 3679 se
3463 3620 3531 3676 ad

1943 3749 2098 3800 onus,
2128 3747 2235 3786 non
2258 3729 2326 3784 ad
2348 3729 2610 3787 honorem
2630 3731 2903 3792 vocatum,
2929 3720 3128 3779 mirum
3148 3726 3250 3784 est,
3272 3722 3536 3787 quantum

1943 3828 2183 3885 omnium
2210 3825 2469 3885 virtutum
2498 3817 2818 3879 excellentia
2864 3822 2921 3871 et
2958 3810 3245 3883 singularis
3274 3808 3535 3865 doctrina:

1943 3919 2258 3995 prtestantla
2286 3919 2594 3972 universam
2616 3909 2936 3982 Hispaniam
2958 3902 3331 3968 illustraverit.
3363 3900 3537 3957 Disci—

1944 3993 2102 4088 pulos
2129 4012 2330 4066 multos
2357 4006 2605 4073 instituit,
2638 4004 2693 4073 in
2722 4015 2951 4073 quorum
2984 4012 3212 4053 numero
3237 3993 3541 4049 ildetonsus

1946 4083 2068 4174 iuit,
2101 4102 2379 4160 Toletanae
2408 4096 2655 4157 ecclesiae
2696 4103 2883 4166 postea
2926 4088 3385 4167 archiepiscopus.
3414 4083 3541 4139 Elo-

1946 4197 2169 4271 quentia
2193 4191 2293 4255 fuit
2322 4188 2643 4255 admirabili.
2680 4184 3070 4248 “concliorum
3091 4178 3335 4271 regulam
3358 4175 3536 4232 durio-

1947 4267 2061 4347 rem
2111 4285 2453 4359 temperavit,
2496 4290 2554 4338 et
2594 4278 2930 4337 inﬁrmorum
2961 4270 3319 4331 imbecillitati
3357 4267 3539 4325 mitio-

1949 4399 2065 4458 rem
2105 4380 2358 4439 reddidit.
2409 4373 2667 4432 Conclliis
2694 4366 3000 4442 Hispalensi
3041 4382 3079 4422 ιι
3108 4372 3165 4458 et
3191 4362 3458 4441 Toletano
3485 4375 3538 4416 IV
3599 4378 3609 4387 ι

1951 4454 2180 4550 praefuit,
2234 4473 2288 4528 in
2335 4468 2530 4542 quibus
2577 4464 2644 4522 ad
2694 4459 3069 4521 constituenda
3116 4456 3239 4517 ﬁdei
3284 4454 3539 4550 dogmata

1953 4543 2132 4639 magni
2165 4543 2390 4636 semper
2438 4561 2537 4617 iuit
2564 4556 2821 4631 ponderis
2859 4552 3051 4615 lsidori
3077 4547 3367 4608 sententia.
3399 4543 3534 4600 Grca

258 4636 391 4735 quod
433 4636 582 4737 idczm
626 4636 848 4725 'Brauiio
879 4667 1068 4733 auctor
1112 4636 1182 4731 git
1235 4636 1654 4727 camparaiioniﬁ
1704 4655 1844 4718 inter
1874 4636 1929 4697 θ
1952 4636 2162 4730 gorium
2192 4653 2480 4725 quemdam
2508 4650 2705 4721 Syrum
2733 4646 3071 4717 episcOpum,
3105 4636 3544 4709 Acephalitarum

258 4757 576 4830 Gregorium
599 4753 869 4824 Magnum,
892 4751 978 4824 qui
1002 4750 1162 4823 Petro
1182 4749 1460 4813 successit.
1492 4746 1843 4819 eiISidorum,

261 4856 345 4925 qui
374 4854 584 4925 Iacobo
615 4846 861 4924 apostolo
902 4847 952 4913 in
993 4845 1282 4917 erudienda
1314 4842 1572 4917 Hispania
1598 4886 1612 4909 ,
1644 4843 1713 4909 ςιβ
1738 4857 1845 4913 qua

265 4965 381 5025 (ετψο
412 4949 465 5021 4»
496 4946 609 5021 αἰξὶ
639 4963 652 5013 ;
684 4942 826 5019 quod
867 4939 1134 5023 Hispania:
1165 4924 1518 5009 vastationem
1550 4951 1579 4999 ξι
1611 4936 1843 5003 Sarace-

268 5059 451 5100 norum
497 5039 664 5109 armis
692 5032 902 5113 publice
941 5030 1385 5109 prrenuntiaverit
1414 5047 1425 5082 :
1478 5027 1623 5100 quod
1650 5043 1847 5101 corpus

269 5157 419 5211 suum
461 5144 605 5213 inter
660 5130 958 5188 Leandrum
1007 5127 1225 5182 fratrem
1265 5133 1321 5179 et
1363 5122 1730 5195 Florentinam
1760 5137 1849 5176 so-

272 5246 443 5288 rorem
473 5227 632 5287 condi
662 5223 1015 5288 mandaverit,
1043 5226 1104 5273 ut
1144 5218 1247 5272 alia
1277 5215 1520 5271 omittam
1553 5214 1621 5270 de
1645 5214 1844 5275 contir-

273 5308 527 5392 malione,
578 5320 761 5395 pallio,
811 5327 867 5374 et
916 5314 1100 5372 vicarii
1148 5310 1428 5383 apostolici
1484 5325 1725 5369 munere.
1778 5308 1854 5365 De

278 5421 466 5490 quibus
510 5416 759 5473 omnibus
785 5413 896 5482 agit
922 5408 1195 5465 Florezius
1225 5414 1357 5461 tom.
1405 5402 1477 5458 iX
1504 5401 1655 5479 Hisp.
1687 5419 1852 5467 sacr.,

278 5526 398 5583 pag.
434 5510 571 5571 i925;
612 5516 669 5564 et
704 5505 1024 5561 Benedictus
1061 5499 1300 5573 pontifex
1345 5495 1484 5561 XIV,
1515 5496 1606 5565 qui
1636 5510 1854 5565 promo-

282 5604 409 5660 toris
437 5601 561 5657 ﬁdei
588 5613 808 5654 munere
847 5604 976 5657 tunc
1004 5591 1357 5665 iungebatur,
1397 5604 1518 5644 cum
1548 5589 1663 5643 haec
1691 5602 1854 5642 causa

283 5692 463 5750 Romae
484 5694 679 5762 agitata
709 5700 812 5763 est,
828 5686 1208 5759 responsiones
1237 5682 1627 5753 postulatorum
1650 5688 1706 5735 et
1733 5695 1855 5735 car-

285 5786 473 5843 dinalis
517 5787 748 5855 Bellugse
788 5789 975 5839 contra
1010 5794 1138 5836 suas
1180 5775 1674 5832 animadversiones
1702 5789 1858 5829 com-

287 5879 499 5943 insudat
540 5879 575 5935 l.
602 5894 657 5945 tv
702 5874 769 5933 de
796 5873 986 5930 Beatif.
1014 5879 1158 5957 part.
1191 5884 1248 5937 ιι,
1300 5884 1419 5951 cap.
1453 5867 1538 5937 li,
1585 5883 1732 5924 num.
1765 5864 1854 5924 15.

1954 4727 2146 4809 haeresi
2194 4746 2472 4809 infectum,
2520 4742 2636 4812 ipsa
2676 4740 2730 4794 in
2759 4734 2966 4808 synodo
2998 4729 3302 4804 Hispalensi
3335 4727 3546 4799 gravis-

1955 4848 2093 4903 sime
2138 4838 2453 4904 confutavit,
2496 4843 2552 4890 et
2593 4832 2662 4888 ad
2706 4830 2983 4899 meliorem
3028 4836 3267 4893 mentem
3304 4821 3544 4879 reduxit.

1957 4938 2156 4998 Sedem
2192 4932 2348 5006 100
2393 4926 2743 4999 apostolicam
2782 4920 2981 4981 eximia
3021 4915 3326 4975 reverentia
3354 4913 3545 4981 coluit,

1958 5033 2027 5089 de
2071 5029 2225 5100 cujus
2276 5030 2544 5097 potestate
2586 5026 2751 5090 atque
2784 5014 3093 5089 obedientia
3130 5011 3206 5081 ad'
3240 5008 3541 5100 Eugenium

1958 5124 2087 5180 Tole
2096 5097 2279 5176 tanum
2294 5112 2759 5183 archiepiscopum
2778 5107 3038 5169 scribens,
3053 5102 3225 5163 simait
3250 5118 3261 5154 :
3287 5098 3457 5169 Hujus
3469 5097 3547 5153 di-

1958 5218 2137 5291 gnitas
2155 5207 2439 5284 potestatis
2450 5205 2553 5263 etsi
2564 5203 2634 5259 ad
2644 5215 2833 5260 omnes
2857 5197 3248 5256 catholicorum
3262 5193 3549 5263 episcopos

1960 5283 2043 5369 est
2092 5283 2392 5371 transfusa,
2449 5297 2736 5371 specialius
2791 5303 2969 5361 tamen
3020 5291 3269 5363 Romano
3320 5283 3547 5340 antistiti

1959 5400 2216 5473 singulari
2264 5394 2498 5468 quodam
2550 5386 2863 5464 privilegio,
2918 5384 3068 5441 velut
3120 5380 3281 5452 capiti
3335 5376 3546 5432 caeteris

1963 5471 2220 5555 membris
2259 5488 2475 5548 celsiori
2518 5491 2797 5557 permanet
2824 5481 2876 5545 in
2921 5489 3182 5537 aeternum
3218 5493 3231 5528 :
3262 5472 3355 5542 qui
3382 5471 3549 5539 igitur

1962 5591 2199 5647 debitam
2241 5587 2292 5641 ei
2336 5600 2445 5638 non
2488 5578 2711 5636 exhibet
2737 5582 3048 5632 reverenter
3087 5568 3472 5647 obedientiam,
3516 5581 3549 5620 a

1962 5644 2140 5754 capite
2172 5661 2485 5750 sejunctas,
2530 5668 2969 5741 Acaphalitarum
3009 5662 3302 5725 schismate
3332 5644 3451 5729 (sic)
3483 5673 3546 5714 se

1963 5774 2141 5831 reddit
2169 5768 2485 5827 obnoxium.

2048 5864 2221 5929 Lectio
2250 5878 2323 5919 vr.
2357 5889 2424 5901 —-
2471 5876 2489 5909 ι
2525 5854 2704 5915 Multis
2750 5852 2924 5928 iisque
2975 5845 3245 5922 praeclaris
3294 5843 3347 5900 in
3400 5838 3543 5900 onmi
