4048 6364
456 286 523 340 87
625 240 634 250 ξ
887 225 890 227 Δ
1197 279 1285 335 ΑΙ)
1322 279 1552 336 OPERA
1593 281 1651 336 S.
1695 275 1938 335 ISIDORI
1983 273 2420 334 HISPALENSIS
2463 277 2991 340 PROLEGOMENA.

3729 289 3815 350 εε

452 401 749 459 divinarum
779 402 1245 471 humanarumque
1270 400 1572 456 litterarum
1601 411 1798 467 genere
1829 390 2036 464 proprii
2067 392 2112 450 A
2149 391 2303 463 102
2324 392 2404 447 Ad
2427 391 2616 471 Halat.
2649 395 2742 452 Sol
2769 398 2839 471 ab
2870 411 3065 453 occasu
3095 413 3283 455 roseos
3307 399 3373 454 ad
3399 397 3616 465 οιίιιιι.

453 497 650 565 ingenii
698 496 1062 552 monumentis
1105 511 1212 550 non
1241 509 1432 566 parum
1480 491 1843 548 Christianam
1873 487 2038 543 disci-

451 589 656 659 plinam
707 589 886 655 auxit,
933 598 988 643 et
1014 589 1243 644 ornavit.
1276 586 1576 642 Ecclesiam
1622 599 1773 640 suam
1800 581 2036 653 quadra-

451 681 596 748 ginta
647 678 817 735 ferme
856 694 1029 735 annos
1065 678 1401 736 sanctissime
1450 676 1609 732 rexit.
1663 673 2038 730 lmminentem

452 773 554 828 sibi
599 780 828 828 mortem
873 772 1044 828 multo
1073 781 1198 829 ante
1226 770 1551 842 praevidens,
1585 784 1683 842 per
1703 784 1799 824 sex
1824 781 2039 823 menses

452 865 716 935 orationi,
765 866 1096 936 paenitentiae
1146 881 1208 922 ac
1253 863 1634 921 misericordia:
1675 862 1929 934 operibus
1978 875 2040 918 se

453 958 602 1014 dedit
640 959 936 1015 ardentius.
983 958 1140 1013 Morti
1184 973 1313 1014 vero
1349 957 1628 1028 proximus
1671 957 1722 1011 in
1761 955 2038 1011 basilicam

451 1051 508 1106 S.
573 1051 837 1106 Vincentii
881 1051 1122 1116 delatus,
1170 1049 1238 1105 ab
1277 1046 1506 1121 Eparcio
1566 1059 1620 1104 et
1664 1047 1874 1103 Joanne
1926 1046 2039 1117 epi-

450 1145 667 1215 scopis,
715 1160 850 1215 quos
903 1159 966 1200 ea
997 1144 1063 1198 de
1108 1157 1269 1199 causa
1317 1145 1384 1198 ad
1429 1157 1490 1198 se
1532 1149 1815 1210 evocarat,
1863 1139 2039 1196 cilicio

452 1238 690 1303 indutus,
724 1253 786 1293 ac
813 1238 994 1292 cinere
1022 1251 1363 1306 conspersus,
1397 1249 1595 1305 corpus
1629 1246 1684 1290 et
1723 1235 2038 1304 sanguinem

450 1331 664 1386 Domini
710 1331 776 1386 de
829 1346 1014 1385 eorum
1067 1346 1230 1385 manu
1279 1329 1427 1384 humi
1455 1335 1754 1399 prostratus
1807 1328 2035 1397 accepit.

451 1424 668 1480 Publice
700 1424 912 1480 veniam
943 1440 973 1478 a
1003 1424 1204 1494 populo
1235 1430 1460 1494 petens,
1489 1430 1838 1490 mutuamque
1866 1419 2042 1474 omni-

454 1518 555 1572 bus
606 1517 923 1572 charitatcm
975 1517 1398 1583 commendans,
1463 1514 1620 1570 bonis
1675 1513 1926 1568 omnibus
1984 1513 2039 1569 in

449 1624 714 1681 pauperes
736 1610 1060 1675 distributis,
1085 1624 1289 1680 pauper
1317 1608 1432 1679 ipse
1451 1607 1730 1676 spiritu,et
1759 1605 1810 1660 in
1825 1605 2039 1661 Christo

447 1702 596 1759 dives
637 1711 830 1772 quarto
878 1711 1004 1773 post
1052 1703 1171 1769 die,
1213 1690 1430 1758 dierum
1454 1744 1469 1769 ,
1515 1717 1578 1757 ac
1604 1699 1870 1755 bonomm
1909 1713 2041 1769 ope-

447 1808 568 1849 rum
619 1793 812 1864 plenus
867 1794 1114 1863 migravit
1161 1793 1228 1848 ad
1291 1793 1575 1850 Dominum
1632 1791 1804 1863 pridie
1858 1790 2040 1847 Nonas
2073 1791 2119 1851 Β

447 1887 680 1958 Aprilis;
712 1887 1062 1956 sepultusque
1099 1894 1181 1942 est
1209 1885 1431 1957 Hispali.
1474 1885 1588 1953 Qua
1612 1885 1826 1940 civitate
1856 1899 1886 1939 a
1912 1884 2040 1940 bar-

449 1979 594 2032 baris
615 1986 895 2047 occupata,
916 1994 945 2032 a
969 1978 1245 2034 Benabeto
1292 1979 1408 2047 ejus
1447 1992 1572 2048 rege
1610 1978 1880 2033 Saracena
1911 1977 2038 2033 Fer-

449 2069 716 2126 tlinaudus
745 2071 781 2135 Ι,
813 2070 1057 2126 (Iastellze
1087 2085 1149 2125 ac
1194 2069 1444 2140 Legionis
1473 2087 1590 2136 rex,
1618 2070 1822 2140 magnis
1851 2085 2042 2125 mune-

450 2163 598 2218 ribus
627 2163 812 2218 lsidori
845 2180 1040 2234 corpus
1070 2165 1394 2236 impetravit,
1430 2163 1831 2236 Legionemque
1861 2173 2041 2218 trans-

451 2255 572 2312 tulit
607 2273 618 2308 :
654 2255 704 2310 in
759 2256 958 2327 templo
991 2256 1102 2311 Deo
1145 2256 1263 2326 ejus
1289 2257 1509 2313 nomine
1536 2256 1718 2312 dicato
1747 2257 2043 2313 honoriﬁce

450 2349 750 2406 collocavit.
809 2349 1077 2406 Miraculis
1125 2359 1180 2405 et
1207 2350 1363 2407 vivus
1410 2350 1603 2406 claruit
1649 2357 1706 2407 et
1756 2359 2039 2418 mortuus,

448 2444 723 2514 multaque
751 2445 802 2499 in
835 2445 1137 2501 universam
1162 2445 1477 2517 Hispaniam
1498 2443 1998 2502 contulitbeneﬁcia
2025 2463 2040 2501 :

449 2552 699 2607 smpeque
726 2537 1042 2594 Christianis
1071 2540 1285 2610 regibus
1326 2540 1442 2611 ejus
1483 2555 1643 2612 opem
1682 2547 1871 2597 contra
1920 2543 2044 2597 bar-

449 2625 611 2685 baros
640 2630 1050 2701 implorantibus
1079 2641 1273 2702 praesto
1301 2633 1420 2690 fuit.
1459 2652 1479 2687 ι

428 2749 431 2758 ι
521 2722 606 2778 12.
655 2722 897 2796 Ilymnos
946 2725 1001 2781 in
1032 2726 1243 2784 laudem
1290 2727 1347 2785 S.
1397 2727 1590 2784 lsidori
1643 2742 1708 2784 ex
1749 2727 2042 2786 Breviariis

451 2817 688 2888 antiquis
718 2834 824 2873 non
855 2821 1056 2876 umltos
1088 2821 1244 2878 video
1273 2820 1560 2878 celebrari.
1588 2821 1647 2878 In
1675 2819 1879 2878 Ofﬁciis
1909 2838 2039 2893 pro-

451 2909 579 2978 priis
633 2920 943 2967 sanctorum
1003 2912 1260 2970 Ecclesize
1315 2915 1645 2987 Hispalensis
1702 2932 1844 2974 anno
1900 2917 2040 2975 1659

455 3002 665 3058 excusis
694 3004 746 3058 hi
780 3013 907 3060 sunt
937 3006 1118 3077 hymni
1151 3008 1202 3062 in
1230 3007 1368 3064 festo
1398 3009 1485 3064 die
1512 3007 1571 3063 S.
1603 3005 1811 3066 lsidori.

1055 3097 1282 3154 CAPUT
1320 3098 1432 3156 XV.

655 3158 813 3264 10],-
843 3191 1024 3265 Ofﬁcii
1041 3192 1385 3267 Hispalensis
1415 3194 1593 3267 hymni
1618 3198 1672 3250 in
1703 3198 1835 3267 festo
2066 3189 2115 3253 C

1014 3265 1097 3319 die
1148 3265 1208 3319 S.
1252 3263 1466 3320 lsidori.

1102 3377 1386 3421 HYMNUS.

454 3460 540 3517 15.
563 3461 642 3516 Ad
661 3461 814 3534 Vesp.
835 3463 1023 3520 Gentis
1053 3463 1302 3535 Hispanae
1334 3463 1495 3520 Pater
1521 3470 1687 3535 atque
1716 3463 1930 3531 doctor,

846 3535 1011 3603 Digna
1045 3533 1284 3597 przeclari
1313 3535 1532 3592 soboles
1561 3533 1778 3602 Severi,

849 3605 1300 3679 Digue_Leandri,
1331 3608 1630 3679 similisque
1655 3614 1840 3664 sancta

1023 3677 1207 3734 Indole
1236 3678 1423 3748 frater,

847 3769 980 3840 Dum
1011 3777 1130 3824 tuas
1158 3779 1310 3826 curat
1337 3786 1494 3827 soror
1521 3772 1662 3828 alma
1688 3787 1874 3840 cunas,

2234 2245 2316 2300 Ad
2343 2244 2509 2303 Laud.

2533 465 2807 542 L_uce‘qu_i_
2827 478 2996 524 terras
3025 471 3248 526 meliore
3276 471 3551 542 lustrans,

2537 536 2995 609 Noctis'Hispana:
3020 542 3266 611 nebulas,
3301 551 3358 599 et
3389 536 3556 600 atras

2723 611 2953 667 Disculis
2982 613 3197 669 umbras
3211 656 3226 681 ,

2533 705 2700 781 Gujus
2738 717 2931 781 exortu
2963 709 3277 781 tenebrosus
3307 724 3484 781 error,

2535 776 2721 866 Fraus,
2749 779 3142 866 et‘inconstans
3168 780 3334 849 furor,
3354 791 3413 866 et
3437 776 3760 866 profanus

2537 847 2738 924 Luxus,
2767 858 2826 924 et
2841 865 2994 924 vame
3024 851 3211 910 sitiens
3249 847 3483 924 prafugit

2712 920 2956 978 Ambitus
2987 937 3150 978 aurae.

2533 1012 2648 1086 §ed_
2667 1011 2805 1086 redit
2829 1013 2929 1079 fas,
2960 1021 3015 1069 et
3031 1014 3212 1086 pietas
3236 1016 3453 1086 revixit,

2531 1082 2599 1137 Et
2621 1084 2752 1139 ﬁdes
2781 1093 2932 1140 casto
2952 1082 3200 1141 redimita
3223 1087 3390 1151 cultu,

2535 1153 2756 1232 Paxque
2783 1171 2908 1232 cum_
2935 1165 3122 1232 sancta
3149 1159 3448 1228 probitate,
3480 1167 3546 1216 et
3573 1161 3756 1232 arqui

2715 1227 2945 1284 Conscia
2977 1227 3166 1284 virtus.

2531 1319 2764 1392 llispalis
2795 1322 3001 1378 clarum
3022 1322 3198 1392 jubar,
3225 1323 3460 1389 Isidore,

2532 1392 2719 1466 Ijedde
2745 1394 2994 1466 virtutes,
3025 1394 3169 1451 vitiis
3210 1397 3461 1466 repulsis,

2540 1462 2645 1520 Fac
2671 1471 2744 1529 et,
2769 1464 2835 1519 ad
2864 1465 3071 1533 priscos
3097 1462 3321 1523 redeant
3347 1462 3563 1527 caduca

2713 1535 2917 1590 Srcula
2944 1552 3145 1594 mores.

2533 1632 2657 1688 Hzec
2685 1639 2840 1704 rogat
2869 1647 3051 1688 sacras
3083 1641 3170 1688 tua
3199 1648 3330 1704 gens
3355 1635 3420 1690 ad
3449 1651 3608 1703 aras,
3659 1683 3668 1691 .

2538 1705 2674 1776 Dum
2696 1703 2808 1776 Deo
2837 1719 2968 1760 vero
2989 1705 3079 1776 pia
3108 1703 3229 1760 vota
3255 1706 3518 1772 fundunt,

2534 1775 2637 1842 Qui
2662 1776 2754 1847 tibi
2787 1775 2978 1847 festum
2995 1775 3276 1847 peragunt
3301 1786 3559 1846 ovantes,

2716 1845 2873 1902 Βςυῑὶε
2901 1845 3125 1902 alumni.

2535 1939 2695 2013 Laus,
2722 1940 2916 2013 honor,
2946 1939 3115 2013 virtus
3145 1939 3243 2013 tibi
3271 1941 3341 1996 sit
3379 1944 3656 2013 perennis
3679 1986 3696 2010 ,

2538 2009 2693 2066 Celsa
2732 2010 2986 2079 Maiestas
3010 2011 3287 2067 hominum
3317 2009 3579 2080 creatrix,

2536 2081 2711 2148 Quem
2739 2081 2906 2136 Deum
2947 2083 3150 2137 trinum
3174 2084 3472 2151 celebrant,
3495 2095 3555 2140 et
3581 2102 3778 2141 unum

2710 2152 2833 2208 Rite
2863 2153 3067 2209 fideles.

2535 2246 2658 2320 Qui,
2689 2243 2869 2320 Pater,
2903 2247 3098 2320 charos
3125 2249 3358 2319 populos
3381 2249 3688 2320 relinquis,

2535 2317 2732 2390 Missus
2744 2317 2820 2390 ad
2838 2317 3049 2390 celsam
3074 2316 3326 2389 Legionis
3354 2316 3586 2390 urbem',

2542 2388 2672 2456 Qua:
2698 2388 2794 2461 tibi
2826 2389 2930 2443 ﬁdo
2959 2392 3140 2459 posuit
3163 2388 3396 2461 patrono

2720 2458 2886 2529 Regia
2915 2462 3156 2532 templa?

2533 2552 2618 2607 An
2642 2551 2800 2614 times
2837 2551 3052 2608 hostem
3082 2551 3204 2608 ﬁdei
3235 2554 3530 2610 rebellem?

2537 2622 2807 2679 Barbarus
2833 2621 2986 2692 fugit,
3023 2624 3184 2680 liceat
3213 2625 3433 2689 reverti,

2536 2694 2644 2749 Aut
2674 2705 2797 2766 tuos
2818 2695 3009 2751 saltem
3027 2696 3183 2766 juvet
3210 2697 3336 2754 inde
3365 2697 3527 2755 missa

2711 2764 2858 2821 Luce
2887 2764 3089 2822 fovere.

2538 2860 2740 2933 Givitas
2771 2860 2899 2922 felix
2924 2861 3109 2932 spoliis
3138 2861 3334 2933 opimis

2532 2930 2792 3005 Gorporis
2819 2930 2968 2992 sacri
2989 2940 3092 3005 tua,
3111 2930 3247 2988 mira
3276 2933 3435 3005 pictis

2535 3002 2697 3060 Gesta
2713 3014 3004 3076 percenset
3028 3004 3221 3060 tabulis
3235 3045 3251 3072 ,
3277 3002 3563 3076 'tbolisque

2705 3074 2927 3130 Munera
2958 3089 3168 3146 regum.

2539 3167 2700 3293 ἆοθ
2731 3166 2860 3235 Quae
2887 3174 2984 3223 tuo
3004 3169 3173 3238 partis
3197 3169 3392 3225 merito
3415 3169 3724 3245 triumphis

2589 3247 2706 3293 rata
2731 3255 2838 3293 nou
2865 3255 2975 3293 uno
3003 3239 3240 3293 retulere
3268 3241 3434 3293 bello.

2589 3247 2706 3293 rata
2731 3255 2838 3294 non
2865 3255 2975 3294 uno
3003 3239 3240 3296 retulere
3268 3241 3434 3306 bello,

2532 3309 2774 3380 Namque
2801 3318 2857 3365 te
2894 3311 3095 3367 nostris
3123 3319 3177 3366 et
3206 3311 3397 3369 adesse
3425 3312 3622 3371 castris

2717 3381 2879 3437 Fama
2918 3392 3129 3438 vetusta
3156 3392 3281 3439 est.-

2541 3471 2659 3544 Huc
2687 3473 2815 3530 ades
2843 3474 3016 3539 fessis,
3043 3473 3205 3532 Pater
3223 3475 3385 3544 alme,
3417 3478 3577 3534 rebus

2539 3543 2756 3618 Pjosque
2776 3546 3095 3602 commenda
3121 3546 3302 3602 Triadi
3333 3552 3561 3618 potenti,

2537 3614 2703 3686 Cujus
2730 3617 2787 3690 in
2820 3626 3040 3690 cunctas
3066 3627 3287 3674 resonat
3315 3614 3567 3690 perennis

2720 3687 2903 3743 Gloria
2932 3698 3138 3760 gentes.

2220 3783 2307 3838 14.
2355 3781 2463 3840 Hos
2517 3783 2664 3854 ipsos
2701 3783 2932 3855 hymnos
2970 3797 3071 3854 ego
3111 3785 3272 3841 etiam
3314 3786 3442 3841 olim
3480 3801 3587 3844 non
3626 3791 3757 3850 sine

2145 3876 2328 3933 debita
2359 3875 2638 3947 elegantiae
2676 3875 2837 3932 laude
2864 3876 3080 3932 exhibui
3129 3877 3182 3932 in
3213 3877 3513 3950 Hymnodia
3541 3878 3755 3952 Hispa.

2145 3969 2267 4024 nica
2309 3967 2376 4024 ad
2405 3968 2547 4024 diem
2579 3967 2614 4021 4
2643 3968 2840 4038 Aprilis
2866 3986 2879 4021 :
2911 3983 3047 4038 quos
3075 3975 3136 4022 ut
3163 3969 3342 4023 cantui
3370 3969 3756 4032 ecclesiastico

2145 4061 2628 4130 accommodarem,
2666 4069 2900 4132 quatuor
2926 4076 3111 4116 versus
3134 4061 3205 4115 ita
3229 4061 3420 4116 reﬁnxi
3446 4081 3459 4115 :
3491 4065 3542 4118 l.
3575 4062 3748 4124 Luci:

2145 4170 2362 4209 examen
2391 4154 2598 4208 veniens
2625 4150 2690 4205 ab
2720 4167 2870 4216 aura,
2895 4164 3017 4220 pro,
3049 4148 3248 4203 Lucida
3289 4167 3507 4207 examen
3534 4156 3752 4215 veniens

2146 4249 2209 4305 ab
2233 4250 2416 4305 cet/ira.
2440 4248 2495 4301 2.
2531 4247 2617 4301 Sis
2643 4246 2712 4299 ad
2740 4253 2986 4299 aeternam
3013 4242 3276 4312 Triadem,
3300 4262 3591 4316 precamur,
3617 4264 3747 4320 pro,

2146 4339 2274 4397 Esto
2303 4340 2374 4395 ad
2402 4347 2648 4394 wternam
2678 4334 2941 4401 Triadem,
2973 4351 3262 4405 precamur.
3296 4334 3350 4390 5.
3385 4335 3517 4405 Pax,
3549 4340 3745 4409 pudor,

2150 4450 2353 4489 morum
2374 4429 2625 4505 probitas,
2654 4436 2704 4484 et
2727 4429 2881 4501 (equi,
2900 4443 3020 4499 pro,
3050 4430 3265 4504 Paxque
3285 4446 3400 4486 cum
3419 4442 3598 4486 sancta
3620 4451 3747 4503 pro-

2144 4528 2300 4582 bitate
2323 4568 2339 4594 ,
2377 4534 2427 4580 et
2461 4525 2613 4597 ecqui.
2645 4521 2697 4579 4.
2731 4521 2903 4577 Fama
2930 4525 3170 4591 canebat,
3193 4541 3314 4596 pro,
3340 4524 3511 4581 Fama
3542 4537 3744 4583 vetusta

2074 4595 2121 4654 ί)
2151 4630 2248 4674 est.
2313 4595 2581 4674 Recentes
2651 4625 2784 4689 puto
2849 4618 2948 4674 bos
3005 4633 3125 4675 esse
3186 4619 3444 4691 hymnos;
3511 4637 3742 4693 quorum

2151 4722 2342 4769 auctor
2372 4711 2565 4767 fabulis
2604 4714 2670 4769 de
2711 4713 3006 4771 Mahometi
3035 4715 3088 4769 in
3134 4713 3443 4787 HiSpaniam
3471 4709 3740 4786 adventu,

2149 4813 2205 4861 et
2242 4803 2366 4873 fuga
2412 4818 2482 4860 ex
2529 4819 2592 4859 ea
2641 4806 2892 4861 assentiri
2921 4805 3135 4862 videtur
3179 4807 3230 4861 in
3259 4807 3448 4877 quinta
3475 4811 3698 4880 stropha
3722 4852 3741 4882 ,

2151 4895 2357 4950 Prtesul
2403 4897 2696 4966 instauras,
2746 4906 2853 4954 etc.
2879 4936 2896 4963 ,
2940 4898 3044 4955 nisi
3081 4899 3128 4955 si
3176 4897 3314 4955 forte
3343 4900 3740 4974 Acephaloruru

2151 4989 2380 5045 hzeresin
2411 4989 2480 5045 ab
2505 4989 2712 5048 Isidoro
2738 4992 3078 5062 profligatam
3118 4992 3388 5062 intelligit.

846 3839 1045 3895 Lucida
1073 3857 1299 3897 examen
1328 3843 1554 3898 veniens
1577 3843 1646 3899 ab
1667 3860 1798 3900 aura

848 3909 992 3968 Vidit
1020 3912 1239 3986 infantis
1268 3914 1449 3986 nitidis
1470 3913 1680 3986 liquare

1028 3982 1184 4038 Mella
1216 3985 1445 4042 labellis.

846 4078 1012 4153 Dulce
1041 4079 1258 4153 facundi
1291 4078 1389 4135 fuit
1418 4080 1523 4136 hoc
1555 4081 1772 4153 leporis,

849 4151 1024 4224 Atque
1036 4150 1309 4224 doctrinae
1339 4150 1621 4224 specimen
1637 4168 1906 4224 supernze,

847 4219 964 4286 Qua
993 4223 1113 4294 pios
1139 4224 1337 4292 pascis,
1367 4219 1720 4294 stimulisque
1734 4219 1918 4282 sontes

1022 4292 1221 4362 Pungis
1250 4295 1441 4350 acutis.

848 4380 1046 4454 [fungis
1066 4382 1319 4454 infectum
1343 4399 1513 4454 genus
1536 4385 1749 4442 Arianae

855 4451 1055 4527 Pestis,
1090 4453 1294 4510 ultores
1324 4451 1621 4511 mii‘iitantis
1652 4459 1827 4527 ignes:

853 4523 962 4579 Nec
989 4525 1136 4579 furor
1156 4540 1343 4594 regum
1370 4527 1583 4595 juvenis
1612 4523 1814 4585 resistit

1025 4595 1274 4653 Fortibus
1296 4599 1458 4654 ausis.

851 4686 1052 4762 Darsa]
1082 4689 1344 4762 instauras
1376 4691 1500 4748 ﬁdei
1531 4693 1880 4762 triumphum,

857 4757 1103 4835 ferﬁdos
1126 4760 1483 4835 ejusquoque
1513 4757 1816 4835 perduelles

852 4826 1299 4904 Pellis_H_ispanis_
1319 4826 1542 4904 pavidos
1565 4836 1630 4890 ab
1662 4837 1772 4892 oris

1000 4900 1241 4958 Fulminc
1272 4900 1483 4974 linguas.

848 4992 893 5069 ρ
920 4991 1089 5069 Pater
1109 4993 1259 5064 cleri,
1289 4999 1581 5068 populique
1610 5007 1810 5069 pastor,

852 5062 1120 5136 Drphanis
1153 5062 1314 5134 tutor,
1344 5062 1516 5125 viduis
1549 5062 1823 5136 levamen,

853 5135 1132 5205 Virginum
1160 5147 1363 5205 custos,
1394 5140 1675 5196 monachis
1701 5135 1899 5198 severa)

1037 5209 1236 5279 Regula
1272 5212 1392 5265 vitae
1406 5251 1422 5277 ,

851 5302 1004 5378 Iguuc
1035 5302 1089 5358 in
1117 5305 1332 5360 excelso
1359 5306 1602 5378 residens
1630 5307 1866 5378 olympo,

860 5371 1018 5429 Sidus
1041 5391 1075 5430 ο
1114 5386 1308 5431 nostra:
1340 5371 1700 5445 columenque
1726 5371 1916 5444 gentis,

854 5445 1105 5517 Compari
1128 5447 1316 5517 priscis
1347 5447 1766 5516 ﬁdei.magistris

1039 5516 1183 5574 LuCe
1205 5518 1458 5588 refulges.
1513 5597 1522 5605 .

2553 5516 2890 5602 Corriessoris
2912 5548 3097 5603 lsidori

853 5611 939 5689 §is
962 5626 1167 5689 memor
1191 5611 1340 5666 chari
1365 5611 1564 5689 gggis,
1588 5619 1644 5668 et
1664 5619 1924 5685 patronus
2555 5615 2776 5689 honore
2802 5619 2943 5675 colat
2971 5621 3207 5689 celebri,

854 5681 983 5762 Esto
1023 5682 1087 5736 a‘d
1112 5689 1368 5762 aeternam
1408 5680 1681 5750 Triadem,
1704 5699 2007 5762 precamur,
2553 5686 2659 5762 Qui
2685 5688 2834 5762 velut
2860 5691 2990 5748 solis
3012 5680 3220 5758 radius,

857 5755 1060 5832 tiuiicta
1087 5752 1387 5832 cuiuignas
1415 5764 1669 5830 resonent
1698 5752 1794 5826 per
1820 5752 2006 5815 orbeni
2553 5752 2790 5832 Demptis
2800 5776 3030 5832 prorsus
3057 5752 3383 5832 lueresibus.

1028 5820 1233 5877 Saecula
1264 5819 1467 5879 laudes.
1701 5819 1714 5826 ’
2555 5821 2620 5882 Et
2647 5819 2875 5891 devotus
2914 5819 3175 5905 martyrio
3198 5835 3215 5902 ξ

2223 5107 2312 5163 15.
2354 5107 2698 5178 Antiquiores
2752 5108 3003 5163 videntur
3052 5109 3258 5182 hymni,
3309 5124 3446 5181 quos
3497 5109 3553 5165 in
3591 5108 3736 5166 Mar—

2151 5201 2417 5273 tyrologio
2457 5199 2695 5271 Hispano
2734 5200 3003 5275 Tamayus
3031 5203 3290 5260 exscribit
3332 5217 3402 5259 ex
3449 5201 3737 5260 Breviariis

2150 5294 2374 5348 vetustis
2398 5291 2664 5363 Hispaniae
2692 5310 2704 5346 :

2239 5403 2320 5457 Ad
2363 5403 2516 5475 Vesp.
2556 5403 2906 5475 Congaudeat
2932 5405 3210 5472 Ecclesia,

2556 5474 2623 5530 Et
2650 5476 2891 5545 pra-sulis
2926 5477 3190 5533 solemnia
