4048 6364
250 375 308 428 :.‘J
1195 361 1599 422 ISIDORIANA.
1645 390 1712 402 υ-
1753 359 1930 418 PARS
1971 359 2008 416 I.
2051 359 2203 418 CAP.
2247 359 2385 418 XVI.
3419 371 3488 426 90

635 481 891 554 Dogmate
912 482 1060 538 fulsit
1081 479 1248 554 vario.

635 552 1010 626 Hispaniarum
1038 552 1248 626 populis

640 624 838 682 Div—inte
858 624 989 694 legis
1015 625 1230 692 regulis,

634 697 702 751 Et
725 697 1086 753 Romanorum
1119 694 1357 752 moribus

637 768 948 837 lnvigilabat
975 767 1212 822 sedulus.

637 840 694 894 In
715 841 1036 895 clericorum
1076 839 1402 906 commodis,

636 909 701 965 Et
729 925 1022 981 pauperum
1053 910 1298 981 subsidiis

639 980 838 1050 Legum
866 982 1006 1036 lator
1035 980 1356 1036 clarissimus

638 1052 737 1109 llic
765 1053 1059 1107 inhterebat
1085 1053 1306 1107 arctius.

249 1124 394 1195 10!.
422 1125 507 1179 Ad
529 1125 700 1180 Laud.
726 1125 914 1195 Magne
939 1122 1127 1179 doctor
1155 1124 1354 1179 Isidore
1371 1164 1387 1188 ,

635 1197 744 1251 Nos
771 1195 840 1250 de
870 1194 973 1250 hoc
1002 1195 1120 1249 diro
1146 1211 1365 1250 carcere

637 1267 744 1323 Fac
778 1265 885 1336 poli
919 1264 1068 1336 reddi
1094 1266 1230 1323 solio
1249 1307 1264 1329 ,

642 1335 856 1392 Placato
887 1337 982 1391 Dei
1010 1335 1162 1392 Filio.

641 1409 744 1464 Per
771 1416 822 1463 te
841 1450 856 1475 ,
889 1408 1166 1462 confessor
1188 1407 1384 1479 inclyte
1407 1450 1420 1474 ,

639 1480 816 1534 Ovans
845 1479 1042 1534 chorus
1069 1479 1351 1548 Ecclesiae,

639 1551 707 1605 Et
729 1558 942 1605 caterva
969 1549 1202 1606 ﬁdelium

641 1621 917 1677 Collaudat
949 1621 1217 1676 Christum
1244 1622 1543 1678 Dominum.

640 1694 764 1748 Jesu
795 1692 1024 1758 Christe,
1058 1692 1170 1746 Rex
1195 1694 1397 1762 gloriae,

645 1765 778 1820 Vota
808 1779 1086 1820 servorum
1110 1766 1320 1833 suscipe
1339 1808 1356 1832 ,

644 1834 811 1901 Hujus
839 1836 1076 1906 doctoris
1106 1837 1354 1906 precibus

639 1906 803 1962 Nobis
834 1903 955 1961 fave
981 1903 1266 1977 propitius.

641 1977 718 2030 Da
749 1985 1092 2046 peccatorum
1124 1979 1334 2033 veniam
1349 2020 1365 2044 ,

642 2046 840 2118 Ijrtesta
882 2058 1191 2103 sanctorum
1218 2051 1442 2118 gloriam
1464 2091 1479 2115 ,

647 2116 715 2174 Ut
755 2118 885 2172 tanti
919 2120 1089 2174 Patris
1119 2116 1324 2176 meritis

642 2188 776 2246 C(eIi
812 2188 1051 2245 fruamur
1089 2191 1315 2261 gaudiis.

306 2302 394 2357 16.
421 2305 738 2361 Pervetusta
760 2312 918 2362 vocat
933 2303 1202 2378 Tamayus
1222 2305 1514 2376 Breviaria,
1536 2321 1605 2364 ex
1625 2308 1820 2380 quibus

235 2395 337 2452 bos
357 2397 590 2470 hymnos
609 2399 834 2469 profert.
865 2400 972 2458 Sed
1001 2416 1124 2458 cum
1148 2401 1200 2456 in
1227 2401 1407 2458 oftlcio
1431 2400 1661 2459 Gothico
1688 2402 1820 2458 nulli

233 2487 432 2547 fuerint
482 2492 666 2563 hymni
719 2494 774 2550 in
823 2495 1034 2551 laudem
1069 2494 1283 2564 Isidori,
1335 2502 1388 2550 et
1408 2509 1472 2550 ea
1513 2495 1817 2564 breviaria,

233 2597 352 2654 qua:
379 2583 646 2658 Tamayus
694 2588 895 2656 laudat,
951 2589 1019 2645 ad
1061 2591 1224 2646 ritum
1273 2589 1530 2645 Romamn
1571 2588 1822 2646 Ecclesiae

233 2683 346 2738 sint
375 2682 734 2751 conformata,
765 2699 829 2740 ea
850 2693 1090 2741 vetustas
1109 2700 1219 2740 non
1247 2686 1301 2740 in
1322 2685 1540 2756 longum
1564 2685 1823 2755 temporis

233 2778 473 2847 spatium
531 2777 775 2847 protrahi
829 2777 1010 2832 debet.
1067 2778 1276 2834 Saeculo
1344 2795 1438 2834 xm
1493 2779 1826 2848 antiquiores

233 2882 331 2925 eos
372 2869 606 2940 hymnos
632 2885 741 2924 non
775 2883 1010 2925 censeo:
1041 2885 1348 2941 quanquam
1394 2887 1518 2927 cum
1557 2872 1733 2927 solum
1771 2872 1828 2929 in

235 2957 430 3015 Isidori
457 2960 702 3018 laudibus
723 2963 1210 3019 commemorandis
1237 2973 1538 3031 versentur,
1572 2963 1704 3018 nihil
1725 2962 1830 3021 illis

235 3053 384 3110 inest
402 3055 550 3125 quod
570 3056 740 3110 veteri
762 3056 1000 3111 historiae
1021 3067 1302 3127 repugnet.
1319 3057 1585 3128 Neglecta:
1607 3074 1829 3129 prorsus

225 3153 367 3202 "sunt
407 3147 608 3218 regulae
635 3149 909 3204 carminis.
948 3149 1195 3205 Secunda
1225 3151 1445 3222 stropha
1485 3153 1552 3206 ad
1576 3167 1829 3223 vesperas

237 3237 455 3293 videtur
494 3239 776 3310 desumpta
830 3255 897 3295 ex
947 3242 1179 3297 uberiori
1227 3245 1616 3313 praenotatione
1658 3245 1829 3302 Brau-

241 3329 432 3394 lionis,
459 3338 552 3385 aut
571 3346 638 3386 ex
660 3331 884 3402 prologo
907 3332 1039 3388 Vita:
1066 3333 1272 3403 Isidori,
1305 3344 1527 3392 auctore
1555 3338 1828 3397 Canonico

241 3421 476 3490 quodam
507 3421 849 3493 Legionensi,
879 3425 1020 3495 apud
1047 3425 1448 3484 Bollandianos.

314 3535 403 3590 17.
447 3535 526 3592 De
571 3535 968 3610 Martyrologiis
1007 3555 1126 3610 quae
1177 3544 1492 3600 memoriam
1533 3544 1588 3599 S.
1639 3545 1830 3603 lsidori

244 3631 521 3687 celebrant
572 3634 680 3702 agit
733 3632 1100 3690 Henschenius
1157 3636 1208 3690 in
1261 3636 1658 3694 Commentario
1691 3656 1831 3710 prte-

245 3723 327 3775 vio
379 3727 444 3776 ad
481 3723 654 3777 Vitam
705 3724 763 3778 S.
814 3725 1020 3781 Isidori.
1082 3727 1282 3784 Mentio
1349 3741 1609 3801 pncterea
1666 3731 1724 3788 ﬁt
1770 3733 1827 3791 S.

245 3811 426 3870 Isidori
485 3815 542 3870 in
592 3815 969 3886 Martyrologio
1010 3818 1402 3877 Canonicorum
1453 3825 1832 3894 Regularium,

247 3903 298 3960 in
336 3905 442 3963 ﬁne
498 3923 654 3963 novae
709 3907 1070 3980 Martyrologii
1117 3911 1345 3967 Romani
1398 3915 1649 3972 editionis
1685 3917 1833 3986 jussu

250 3997 522 4059 Benedicti
565 4000 712 4069 XIV,
751 4003 816 4058 ad
857 4004 888 4055 4
943 4005 1141 4075 Aprilis
1181 4024 1192 4059 :
1228 4008 1436 4078 Hispali
1486 4011 1538 4061 in
1571 4008 1834 4080 Hispania

188 4166 196 4178 Ἀ
249 4099 410 4152 sancti
476 4095 678 4151 Isidori
746 4096 1104 4169 Canfessoris,
1185 4119 1266 4172 qui
1335 4105 1470 4157 inter
1544 4103 1832 4162 Canonicos

176 4186 194 4252 ξ
250 4182 528 4257 Regulares
557 4189 829 4256 ascriptus,
876 4207 936 4243 ac
977 4192 1117 4246 illius
1148 4195 1364 4248 civitatis
1395 4197 1660 4266 episcOpus
1708 4215 1832 4254 con-

248 4289 493 4350 secratus,
554 4283 827 4336 sanctitate
895 4293 943 4335 et
998 4285 1233 4339 doctrina
1306 4289 1650 4357 conspicuus,
1720 4292 1830 4348 zelo

169 4353 195 4374 Ὗ
249 4370 511 4426 catholica:
537 4372 660 4441 ﬁdei
692 4384 740 4426 et
786 4372 1107 4428 observantia
1137 4353 1497 4432 ecclesiastica:
1542 4353 1833 4450 disciplima

253 4459 534 4532 Hispanias
559 4465 850 4518 illustravit.
877 4463 1225 4521 Prtemittitur
1245 4470 1455 4538 signum
1476 4472 1616 4541 quod
1635 4473 1833 4529 indicat

251 4551 433 4609 festum
464 4555 524 4611 S.
559 4553 746 4610 lsidori
775 4557 963 4611 eodem
1007 4557 1092 4612 dic
1138 4561 1204 4614 ab
1255 4563 1501 4618 omnibus
1545 4563 1831 4623 Canonicis

1831 478 1878 535 Α
1905 485 2136 546 quatuor
2162 479 2347 546 clavis,
2381 486 2436 536 et
2459 482 2690 552 pectoris
2710 481 2896 540 dextra
2917 491 3068 556 parte
3095 485 3368 543 transfixa.
3389 486 3485 544 So-

1913 578 2149 641 quuntur
2169 571 2262 627 fol.
2288 572 2387 627 507
2413 574 2761 644 Rogationes,
2803 578 2918 635 sive
2940 579 3139 635 litanias
3157 586 3488 650 sanctorum,

1913 663 1966 716 in
1995 664 2189 734 quibus
2219 664 2277 720 S.
2309 666 2542 725 Isidorus
2579 670 2898 740 appellatur,
2921 679 2978 727 et
3004 672 3304 729 invocatur.
3335 669 3490 729 Hunc

1912 767 2043 830 puto
2071 775 2191 815 esse
2220 759 2474 818 Codicem
2515 779 2674 834 quem
2725 782 2875 822 num.
2907 766 2978 822 82
3022 767 3288 837 signatum
3325 767 3492 823 Blan-

1913 849 2107 906 chinus
2159 852 2413 910 describit
2452 863 2490 910 t.
2524 856 2565 911 II
2598 856 2798 928 Evang.
2840 859 3138 932 Quadrupl.
3177 874 3301 932 pag.
3353 859 3489 928 6043

1914 942 2067 1012 cujus
2115 945 2487 1003 characterum
2539 951 2811 1020 specimen
2858 967 3114 1009 excusum
3165 961 3250 1009 est
3296 952 3494 1008 ibidem

1915 1034 2025 1089 tab.
2045 1034 2096 1101 6,
2123 1051 2270 1090 num.
2299 1038 2347 1103 1,
2381 1048 2502 1108 post
2520 1055 2643 1111 pag.
2668 1040 2791 1097 600.
2818 1042 3002 1099 Codex
3023 1042 3313 1101 Vaticanus
3339 1042 3497 1102 Otto-

1914 1127 2180 1184 bonianus
2208 1127 2331 1193 576,
2361 1132 2674 1189 charactere
2715 1134 3154 1206 Longobardico,
3183 1136 3298 1192 sive
3325 1135 3498 1192 Bene—

1915 1229 2169 1286 ventano,
2196 1224 2392 1278 saeculo
2415 1240 2447 1278 x
2476 1225 2690 1282 circiter
2715 1235 2985 1292 exaratus,
3017 1228 3259 1284 continet
3283 1227 3497 1285 Missale

1917 1313 2309 1380 monasticnm,
2364 1315 2415 1369 in
2467 1316 2617 1385 cujus
2648 1318 2844 1373 litaniis
2889 1327 3014 1373 sunt
3066 1319 3128 1375 S.
3183 1318 3499 1392 Gregorius,

1918 1405 1979 1458 S.
2003 1405 2049 1458 Η
2059 1406 2316 1477 ysidorus,
2335 1406 2394 1462 S.
2426 1407 2728 1475 Germanus,
2748 1411 3071 1478 Benedictus,
3093 1411 3329 1482 Maurus,
3347 1412 3500 1467 Seve-

1917 1498 2081 1561 rinus,
2109 1509 2212 1552 etc.
2243 1497 2302 1551 ln
2333 1499 2439 1553 alio
2467 1498 2666 1555 Codice
2689 1502 3101 1558 membranaceo
3129 1503 3309 1558 διελευιί
3338 1518 3406 1557 xv
3436 1516 3504 1557 ex

1918 1589 2116 1658 Oppido
2144 1589 2397 1657 Assergio
2424 1589 2668 1646 dicecesis
2691 1590 2988 1660 Aquilanm,
3021 1592 3088 1646 ad
3117 1593 3351 1648 ollicium
3377 1607 3505 1663 pro-

1917 1685 2094 1754 prium
2121 1684 2178 1738 S.
2211 1683 2404 1739 Franci
2450 1684 2738 1755 petendum
2777 1683 3005 1739 Romam
3035 1685 3216 1752 allato,
3273 1685 3339 1740 ad
3384 1700 3504 1740 mo-

1922 1779 2140 1833 nasterii
2168 1779 2415 1847 alicujus,
2451 1789 2506 1833 ut
2534 1778 2768 1845 videtur,
2809 1795 2962 1834 usum
2993 1787 3217 1834 exarato
3237 1823 3254 1850 ,
3308 1779 3508 1834 litanias

1848 1873 1897 1936 B
1923 1882 2231 1930 sanctorum
2279 1881 2477 1942 praeter
2504 1872 2638 1928 alios
2668 1873 2927 1928 exhibent
2972 1872 3030 1928 S.
3078 1871 3364 1938 Francum,
3395 1871 3510 1926 Μα-

1921 1968 2162 2033 carium,
2218 1966 2510 2032 Basilium,
2567 1966 2937 2036 Leonardum,
2992 1966 3303 2033 Ysidorum,
3349 1975 3408 2020 ut
3455 1965 3510 2024 in

1922 2061 2006 2116 his
2053 2060 2382 2116 membranis
2435 2059 2706 2114 scribitur.
2739 2058 2926 2129 Neque
2970 2059 3190 2114 dubium
3235 2056 3363 2112 mihi
3394 2064 3509 2123 est,

1921 2154 2051 2224 quin
2080 2153 2148 2208 de
2177 2161 2366 2208 nostro
2404 2149 2606 2208 Isidoro
2651 2165 2830 2208 sermo
2878 2152 2966 2217 sit,
2999 2151 3243 2223 quamvis
3286 2148 3514 2207 fortasse

1925 2246 2015 2300 alii
2041 2244 2106 2300 de
2132 2244 2338 2300 Isidoro
2365 2243 2630 2299 monacho
2652 2245 3012 2328 suspicentur.

2557 2332 2784 2393 CAPUT
2823 2335 2957 2397 XVI.

1928 2433 2106 2490 Series
2127 2435 2244 2488 vita:
2273 2439 2321 2485 et
2353 2438 2608 2503 gestorum
2639 2429 2702 2486 S.
2749 2429 2964 2498 Isidori,
2992 2443 3055 2485 ea:
3083 2428 3424 2484 monumentis
3465 2433 3516 2484 et

2000 2527 2336 2599 scriptoribus
2365 2527 2590 2598 antiquis
2622 2525 2884 2580 ordinata.
2915 2525 2988 2577 Ac
3019 2523 3239 2595 primum
3267 2523 3517 2595 quaeritur

2005 2619 2069 2674 de
2113 2619 2328 2673 diversis
2380 2615 2628 2682 Isidoris,
2674 2617 3057 2687 comparatione
3081 2631 3297 2687 quorum
3343 2621 3516 2670 noster

2002 2711 2336 2781 Hispalensis
2360 2709 2512 2764 modo
2537 2708 2744 2776 Junior,
2771 2709 2924 2764 modo
2955 2708 3144 2764 Senior
3167 2707 3478 2778 appellatur.

2003 2802 2057 2856 ‘l.
2088 2800 2160 2857 Ut
2187 2817 2218 2858 a
2244 2801 2465 2857 nomine
2491 2799 2680 2857 Isidori
2710 2801 2985 2872 incipiam,
3017 2799 3166 2856 vario
3195 2814 3258 2854 ac
3303 2799 3517 2854 diverso

1932 2896 2094 2953 modo
2142 2897 2196 2952 in
2242 2896 2469 2951 vetustis
2517 2895 2841 2949 membranis
2884 2903 2938 2948 et
2984 2893 3344 2948 monumentis
3385 2892 3518 2947 illud

1931 2992 2192 3061 scriptum
2235 2989 2546 3059 reperitur:
2577 2987 2829 3042 nimirum
2867 2988 3023 3059 106
3050 2985 3329 3048 Ysidorus,
3366 2984 3516 3040 11ξεὶ-

1932 3083 2108 3146 dorus,
2137 3081 2455 3152 Hysidorus,
2491 3079 2786 3151 Hisydorus
2813 3123 2826 3147 ,
2881 3077 3128 3150 Isydorus
3153 3120 3168 3144 ,
3226 3076 3513 3144 Esidorus,

1934 3179 2221 3245 Isodorus,
2270 3177 2566 3248 Ysydorus,
2618 3174 2928 3242 Eisidorus,
2972 3184 3066 3242 et,
3121 3176 3264 3246 quod
3313 3175 3521 3231 caeteris

1853 3270 1903 3338 ο
1934 3270 2350 3345 praeferendum,
2386 3269 2641 3324 Isidorus.
2678 3267 2752 3323 Ea
2773 3268 3133 3340 discrepantia
3161 3283 3226 3323 ex
3252 3268 3400 3324 varia
3423 3283 3522 3339 pro

1936 3362 2160 3418 diversis
2189 3360 2521 3431 temporibus
2569 3359 2837 3416 scribendi
2867 3360 3079 3415 ratione
3121 3374 3369 3430 magnam
3394 3374 3521 3430 par-

1933 3463 2042 3510 tem
2071 3454 2262 3522 oritur,
2283 3460 2342 3509 ut
2368 3452 2500 3507 nihil
2529 3451 2596 3507 de
2621 3452 3050 3523 antiquariorum
3077 3450 3286 3508 incuria
3307 3450 3505 3506 dicam.

1935 3545 2090 3617 Stepe
2119 3547 2260 3601 enim
2291 3561 2420 3600 usus
2449 3545 2692 3611 invaluit,
2728 3553 2786 3600 ut
2831 3563 2863 3617 y
2893 3560 2992 3616 pro
3020 3545 3040 3597 i
3065 3552 3433 3616 usurparetur,
3466 3551 3521 3600 et

1933 3639 2194 3709 aspiratio
2235 3635 2392 3692 facile
2436 3635 2588 3692 initio
2607 3635 2739 3693 .voci
2770 3643 3195 3708 prazponeretur.
3241 3635 3518 3692 Interdum

1933 3733 2095 3790 etiam
2133 3749 2164 3786 e
2207 3747 2306 3802 pro
2350 3733 2370 3785 ί
2411 3729 2784 3786 adhibebatur.
2843 3729 3032 3787 lsidori
3079 3744 3277 3786 nomen
3318 3728 3521 3785 Graeca

1933 3824 2156 3896 originis
2185 3823 2401 3878 videtur
2419 3823 2486 3878 ab
2509 3821 2654 3878 Isis:
2683 3831 2830 3879 certe
2856 3823 2998 3878 inter
3029 3821 3250 3879 Graecos
3268 3820 3421 3878 multi
3451 3836 3519 3878 eo

1935 3918 2153 3973 nomine
2182 3917 2510 3970 claruerunt.
2542 3914 2751 3971 Saeculo
2781 3923 2958 3971 tamen
2990 3931 3098 3985 quo
3136 3914 3370 3970 lsidorus
3414 3911 3518 3969 ilo-

1934 4006 2067 4072 ruit,
2098 4003 2312 4059 Esidori
2343 4019 2540 4059 nomen
2563 4005 2618 4058 iu
2648 4020 2747 4059 usu
2776 4004 2960 4071 fuisse,
2991 4005 3300 4060 testimonio
3328 4005 3387 4059 S.
3417 4000 3514 4058 Ju-

1935 4097 2064 4152 liani
2092 4095 2343 4151 Toletani
2383 4095 2650 4150 evincitur
2692 4095 2745 4149 in
2794 4109 2960 4165 opere
3006 4111 3105 4150 IIIS.
3137 4095 3204 4150 de
3233 4095 3310 4149 Re
3339 4108 3517 4162 gram—

1934 4190 2153 4257 matica,
2180 4186 2324 4258 quod
2352 4202 2472 4257 cap.
2506 4185 2626 4253 I05,
2661 4201 2808 4241 num.
2843 4184 2910 4239 46
2936 4194 2990 4241 et
3009 4200 3161 4256 seqq.
3195 4185 3518 4241 describam.

1935 4283 2012 4339 Ita
2043 4282 2188 4339 enim
2225 4280 2301 4334 ait
2331 4293 2480 4334 num.
2513 4277 2652 4332 5‘24:
2685 4276 2770 4330 Da
2817 4277 2959 4331 aliud
3011 4293 3213 4342 nomen,
3265 4280 3399 4348 quod
3455 4294 3519 4332 ex

1934 4375 2169 4446 plurimis
2208 4371 2438 4444 partibus
2487 4371 2554 4424 sit
2601 4372 2956 4441 compositum.
2988 4365 3246 4423 Esmouus
3278 4386 3290 4421 :
3326 4384 3356 4422 ε
3384 4384 3516 4439 pra:-

1934 4467 2119 4539 positio
2172 4474 2268 4533 est,
2319 4479 2363 4519 sx
2397 4462 2689 4534 conjunctio
2739 4471 2854 4530 est,
2897 4476 2965 4516 no
3010 4459 3213 4516 verbum
3256 4469 3369 4525 est,
3422 4475 3518 4516 nus

1936 4576 2118 4615 nomen
2149 4567 2244 4613 est.

251 4641 599 4712 Regularibus
629 4646 908 4701 celebrari.
941 4647 1140 4703 Ibidem
1177 4650 1228 4704 in
1251 4650 1629 4724 Martyrologio
1675 4658 1829 4728 105
1862 4659 1908 4720 υ
2004 4651 2058 4704 2.
2090 4648 2387 4714 Fabricius,
2420 4657 2552 4704 tom.
2583 4645 2653 4701 IX
2697 4645 2949 4702 Biblioth.
3002 4643 3206 4712 Gnec.,
3242 4658 3364 4716 pag.
3412 4643 3518 4699 956

250 4755 339 4808 pro
369 4743 620 4796 omnibus
651 4743 928 4798 monachis
953 4744 1156 4800 ordinis
1183 4744 1552 4804 Cisterciensis
1581 4749 1645 4804 ad
1687 4751 1828 4808 diem

251 4831 282 4882 4
310 4834 364 4902 A;
389 4836 498 4893 rilis
527 4835 738 4902 Hispali
761 4837 810 4889 in
845 4837 1103 4907 Hispania
1135 4837 1194 4892 S.
1230 4838 1447 4906 Isidori,
1479 4859 1541 4895 ex
1582 4847 1830 4901 monacho

253 4929 438 4983 ordinis
464 4930 634 4983 sancti
657 4927 916 4982 Benedicti
933 4930 1161 5001 ejusdem
1185 4932 1406 4986 civitatis
1418 4937 1659 5006 episcopi,
1678 4954 1832 4992 sanc-

255 5017 408 5085 titate,
441 5038 501 5073 ac
534 5021 769 5075 doctrina
799 5023 1085 5091 conspicui,
1120 5024 1204 5093 qui
1227 5025 1333 5079 zelo
1379 5027 1644 5081 cat/taliae
1671 5030 1824 5099 fidei,

255 5117 348 5164 ctc.
383 5111 424 5164 ll
445 5128 505 5166 rc
535 5113 901 5167 controversia
929 5113 994 5166 de
1017 5113 1204 5169 ordine
1233 5117 1529 5172 monastico
1560 5118 1614 5173 S.
1643 5119 1827 5178 Isidori

256 5215 367 5269 cap.
395 5202 460 5255 19
485 5203 794 5271 agitabitur,
851 5205 936 5258 ubi
969 5206 1223 5260 nonnulla
1254 5207 1416 5263 verba
1459 5210 1727 5280 proteram
1759 5229 1826 5269 ex

258 5291 518 5351 Breviario
548 5296 940 5353 Canonicorum
972 5299 1316 5368 Regularium
1359 5301 1822 5362 Laterancnsium.

321 5383 406 5440 18.
435 5387 630 5458 Reperi
660 5389 818 5445 etiam
837 5389 1023 5445 Isidori
1051 5407 1247 5448 nomen
1280 5393 1330 5448 in
1363 5394 1560 5450 litaniis
1583 5405 1824 5456 veterum

255 5473 525 5545 Codicum,
555 5489 611 5534 ut
632 5481 698 5536 de
721 5481 878 5537 ot‘licii
903 5482 1224 5540 Mozarabici
1249 5485 1447 5542 litaniis
1470 5488 1598 5543 nihil
1626 5490 1820 5548 dicam.

257 5569 340 5626 Sic
362 5574 527 5630 codex
564 5575 848 5631 Vaticanus
877 5575 965 5641 84,
1010 5592 1247 5647 pergam.
1305 5581 1358 5634 in
1403 5576 1518 5648 foll,
1568 5583 1746 5639 saeculi
1794 5601 1830 5642 x

260 5663 483 5732 circiter,
517 5668 567 5721 in
596 5683 703 5737 quo
733 5676 816 5723 est
844 5668 1160 5724 Psalterium
1188 5672 1255 5726 ab
1279 5671 1608 5745 Hieronymo
1635 5692 1825 5734 recen-

261 5759 413 5814 situm
433 5776 553 5817 cum
574 5761 816 5828 canticis,
841 5763 933 5818 fol.
956 5762 1060 5818 274
1081 5765 1296 5820 exhibet
1317 5769 1587 5825 orationes
1612 5771 1677 5826 ad
1700 5772 1826 5827 ado-

263 5852 478 5908 raudam
507 5869 744 5922 crucem,
773 5854 886 5909 sive
914 5857 978 5909 ad
1000 5856 1268 5924 poscenda
1299 5858 1547 5928 suffragia
1582 5863 1820 5917 omnium

264 5948 581 6001 sanctorum.
630 5944 848 6015 Depicta
901 5945 982 6001 est
1025 5944 1222 6004 Christi
1261 5950 1409 6006 cruci
1455 5951 1596 6006 allixi
1649 5954 1824 6021 imago

1935 4761 2050 4816 seq.
2079 4787 2092 4810 ,
2128 4744 2164 4798 l.
2198 4759 2249 4808 v,
2296 4758 2414 4813 cap.
2446 4740 2538 4808 54,
2592 4754 2740 4794 num.
2772 4737 2806 4792 5
2829 4779 2842 4805 ,
2892 4747 3177 4810 postquam
3219 4737 3286 4795 de
3315 4736 3518 4796 {Sidere

1938 4835 2208 4891 Pelusiota
2239 4835 2365 4904 egit,
2397 4834 2608 4888 curiosa
2649 4832 2738 4888 illa
2784 4847 2880 4886 sua
2908 4832 3181 4902 diligentia
3212 4833 3514 4902 catalogum

1937 4928 2108 4984 texuit
2137 4927 2202 4982 de
2229 4927 2387 4982 claris
2426 4924 2544 4980 aliis
2588 4924 2802 4980 Isidoris
2852 4925 3134 4996 plusquam
3165 4926 3402 4995 triginta.
3436 4924 3515 4982 Ex

1936 5023 2187 5094 Ilispanis
2240 5029 2433 5092 praeter
2481 5019 2538 5075 S.
2601 5019 2865 5076 lsidorum
2918 5018 3222 5090 Agricolam
3268 5027 3516 5074 recenset

1934 5116 2196 5172 lsidorum
2263 5113 2700 5179 Asturicensem,
2758 5114 2849 5182 qui
2917 5112 3150 5169 concilio
3200 5111 3515 5172 Bracarensi

1935 5225 2077 5266 anno
2107 5206 2213 5262 675
2253 5208 2592 5279 subscripsit,
2621 5206 2880 5262 lsidorum
2911 5205 3086 5276 patria
3107 5205 3510 5278 Hispalensem,

1932 5301 2026 5357 sed
2068 5301 2376 5370 episcOpum
2409 5298 2962 5367 Caesaraugustanum,
2992 5312 3024 5352 a
3068 5296 3350 5354 Pellizerio
3377 5312 3510 5353 con-

1933 5393 2137 5460 flctum,
2169 5390 2401 5447 lsidoros
2418 5388 2790 5446 Cordubenses
2814 5390 2967 5456 duos,
2998 5388 3202 5459 pariter
3221 5405 3252 5444 a
3276 5389 3511 5444 Pseudo-

1937 5487 2142 5542 Dextro
2168 5483 2452 5553 conﬁctos,
2484 5499 2649 5540 unum
2679 5483 2747 5538 ad
2773 5498 2971 5538 annum
3002 5481 3108 5537 584
3130 5523 3145 5550 ,
3177 5482 3406 5538 alterum
3443 5483 3512 5542 ad

1937 5594 2136 5638 annum
2181 5577 2286 5632 ηδ
2315 5587 2370 5633 et
2399 5577 2520 5644 450,
2550 5577 2811 5634 lsidorum
2839 5586 3080 5632 nostrum
3105 5576 3508 5648 Hispalensetn,

1933 5676 2193 5733 lsidorum
2221 5673 2594 5740 Mercatorem,
2618 5672 2732 5728 sive
2760 5670 3131 5740 Peccatorem,
3159 5670 3509 5728 collectoretn

1935 5771 2285 5827 decretalium
2328 5767 2744 5839 suppositarum,
2774 5765 3031 5822 lsidorum
3061 5763 3352 5822 Pacensem
3372 5803 3389 5832 ,
3410 5763 3508 5822 Isi-

1934 5863 2123 5918 dorum
2161 5862 2528 5918 Sctabienscm
2551 5904 2566 5928 ,
2596 5861 2708 5916 sive
2736 5859 3129 5927 Setabitanum,
3158 5858 3250 5931 qui
3275 5855 3506 5920 conciliti

1935 5952 2194 6012 Toletano
2222 5970 2362 6010 anno
2389 5953 2486 6008 681
2521 5962 2574 6012 et
2595 5951 2700 6008 688
2727 5952 2982 6008 interfuit.
