4048 6364
212 350 300 409 95

1256 340 1669 403 ISIDDRIAHA.
1712 370 1777 381 ——
1818 390 1819 393 η

1921 340 1993 403 as
2032 341 2070 397 ι.
2110 340 2263 413 ειν.
2304 340 2469 419 xvn.
3426 336 3496 400 9t

213 463 276 520 ῑιι
315 459 641 532 Regiovatic.
670 458 777 525 510
806 457 936 523 ibid.
989 455 1254 529 Incipiunt
1297 454 1618 529 Di/fcrentia:
1648 454 1801 527 spiri-
1907 455 2222 529 mianensis,
2244 456 2315 525 ab
2341 455 2545 527 Isidoro
2567 453 2869 528 Hi5paleasi
2918 454 2974 515 in
3002 455 3140 512 libro
3179 455 3247 515 de
3277 453 3386 513 Vir.
3430 451 3499 511 ll-

212 556 394 611 tuales
424 552 618 611 IsidOri
638 553 862 626 cpismpi
887 549 1120 606 Junioris
1144 550 1471 620 Spaniensis.
1502 547 1571 605 Et
1596 562 1800 615 rurSUS,

210 646 421 720 Incipit
451 646 855 721 Soliloquiorum
884 643 1076 699 Isidori
1106 642 1336 697 Junioris
1368 641 1638 714 Spalensis
1662 640 1805 711 cpise

209 740 364 812 copi.
398 737 589 793 Junior
631 739 792 797 etiam
830 737 1027 797 dicitur
1053 735 1287 795 Isidorus
1315 735 1368 799 in
1399 734 1584 791 codice
1609 732 1807 803 Regios

205 831 475 889 vaticano
504 830 629 899 846,
661 830 815 898 ibid.,
861 830 988 885 dum
1018 829 1318 900 fragmenta
1348 826 1806 900 Etymologiarum

205 921 638 987 exscribuntur:
667 921 756 991 qui
784 919 1003 992 quidem
1051 918 1238 979 Codex
1282 918 1478 975 saeculo
1506 933 1596 977 vm
1623 924 1807 988 poste-

204 1017 337 1073 rior
388 1031 496 1071 non
545 1014 775 1070 videtur.
823 1014 1010 1068 Junior
1037 1027 1254 1083 quoque
1284 1020 1514 1067 vocatur
1551 1010 1605 1065 in
1654 1009 1809 1079 titqu

205 1106 467 1164 chronici
512 1104 724 1172 Codicis
769 1102 995 1169 Palatini
1025 1102 1147 1170 9'59,
1199 1118 1316 1174 cap.
1352 1100 1486 1171 102,
1515 1090 1769 1159 ιιιϐιιιιὶιι
1792 1143 1809 1170 ,

205 1206 272 1253 ιιι
305 1197 544 1265 videtur,
570 1197 774 1251 exarati
802 1194 999 1251 scecuio
1029 1212 1083 1263 x,
1108 1195 1344 1255 circiter.
1376 1193 1433 1249 In
1457 1192 1561 1248 line
1591 1193 1809 1269 Etymo-

203 1288 489 1357 Iogiarum
523 1286 722 1341 codicis
752 1283 1024 1347 Urbinatis
1055 1284 1325 1341 cbartacei
1355 1282 1481 1352 479,
1517 1299 1639 1356 cap.
1684 1282 1808 1353 10:1,

203 1379 432 1433 Ysidori
466 1377 718 1445 Junioris,
744 1386 852 1434 etc.
876 1376 935 1431 In
956 1373 1139 1432 Ottob.
1167 1376 1289 1432 cod.
1320 1376 1423 1431 ’556
1453 1374 1812 1449 Etymologia-

202 1486 335 1526 rum
361 1470 544 1526 sreculi
567 1488 679 1539 xtv,
701 1470 932 1537 circiter,
960 1485 1009 1525 c.
1033 1468 1159 1540 105,
1187 1467 1394 1525 Ysidori
1412 1468 1646 1527 lenioris
1666 1511 1681 1533 ,
1703 1476 1808 1524 etc.

203 1562 317 1617 Alii
345 1562 579 1618 Codices
601 1570 756 1617 extra
776 1561 1166 1617 Bibliothecam
1184 1560 1499 1617 Vaticanam
1527 1577 1634 1625 non
1658 1559 1815 1629 dissi-

202 1653 327 1710 mili
357 1653 525 1708 modo
552 1653 784 1709 Junioris
816 1652 1029 1708 titulum
1049 1652 1255 1709 Isidoro
1282 1661 1470 1711 nostro
1494 1652 1771 1708 ascribunt
1795 1669 1809 1707 ε

201 1754 259 1799 ut
307 1745 493 1813 codex
535 1743 793 1801 Lucensis
847 1745 1105 1801 librorum
1135 1756 1323 1801 contra
1348 1743 1581 1813 Jndmos,
1612 1744 1678 1798 de
1707 1759 1813 1819 quo

1906 546 2056 613 lustr,
2108 547 2401 625 recensitus
2425 590 2441 616 ,
2488 547 2566 604 sic
2604 547 2950 607 commendat
2981 566 2993 602 :
3030 545 3174 605 Nam
3214 548 3291 603 vir
3338 548 3495 601 etiam

1903 642 2290 717 sanctissimus,
2338 650 2385 695 et
2424 656 2626 713 magnae
2664 640 2715 695 in
2743 638 2983 695 Ecclesia
3037 640 3217 711 gloria:
3264 636 3497 695 Isidorus

1906 733 2165 805 presbyter
2190 731 2473 809 ngpptius
2509 732 2793 809 Pelusiota,
2816 750 2962 807 quem
2991 733 3092 797 duo
3121 733 3286 799 millia
3311 731 3499 803 episto-

1905 827 2075 891 larurn
2100 829 2167 889 ad
2189 828 2585 901 wdiﬁcationem
2609 823 2856 882 Ecclesia:
2885 827 3029 889 multi
3050 827 3321 897 scripsisse
3347 842 3501 880 nove-

1908 929 2063 987 runt,
2095 921 2179 988 qui
2204 920 2359 973 etiam
2388 938 2480 989 pro
2508 922 2620 974 vitae
2648 936 2709 972 ac
2738 920 3007 989 sapientia:
3046 933 3155 975 sua:
3183 917 3377 972 meritis
3401 957 3416 982 ,
3447 925 3502 971 ut

1910 1023 2055 1085 pater
2079 1011 2142 1067 ab
2169 1013 2280 1084 ipso
2311 1012 2503 1085 Cyrillo
2532 1022 2581 1068 et
2625 1012 2901 1081 honoratus
2939 1019 3015 1075 est
3044 1016 3091 1073 et
3124 1017 3360 1076 vocatus,
3393 1014 3499 1062 etc.

1910 1106 2108 1179 Confer
2150 1106 2393 1165 Natalem
2421 1105 2786 1173 Alexandrum
2819 1104 2953 1163 Hist.
2984 1104 3177 1175 eccles.
3212 1103 3397 1161 saecul.
3428 1119 3500 1165 ιν,

1912 1212 2014 1276 art.
2048 1204 2079 1257 9
2105 1246 2120 1271 ,
2159 1218 2280 1274 cap.
2312 1201 2365 1258 4.
2398 1201 2600 1263 Prodiit
2627 1201 2912 1270 Gottingae,
2941 1216 3083 1267 anno
3113 1197 3271 1265 1737,
3305 1196 3502 1251 disser—

1913 1298 2045 1373 tatio
2089 1295 2460 1364 Christoubori
2509 1295 2791 1363 Augustini
2839 1292 3139 1353 Ilenmanni
3168 1290 3246 1345 De
3292 1289 3504 1343 Isidoro

1914 1388 2180 1447 Pelusiota
2231 1374 2437 1460 ejusque
2489 1386 2749 1456 epistolis,
2800 1402 2925 1456 quas
2972 1385 3253 1439 maximam
3309 1388 3504 1451 partem

1914 1482 2125 1553 fictilias
2171 1496 2280 1539 (sse
2318 1479 2721 1544 demonstratur,
2746 1476 2901 1543 digna
2925 1517 2940 1545 ,
2972 1484 3029 1529 ut
3078 1474 3129 1537 in
3178 1472 3505 1533 Bibliotheca

1914 1572 2059 1640 sclec
2087 1590 2114 1625 a
2145 1573 2395 1631 observat
2438 1570 2504 1624 cl.
2539 1567 2788 1631 Zaccaria
2815 1606 2830 1633 ,
2863 1582 2981 1635 qua:
3010 1582 3038 1621 a
3069 1567 3184 1631 viro
3236 1565 3396 1619 docto
3424 1577 3500 1619 re-

1917 1664 2149 1725 fellatur.
2178 1662 2310 1725 Cutu
2339 1660 2530 1723 Isidori
2558 1660 2841 1723 Pelusiotae
2872 1673 3063 1713 nomen
3098 1656 3505 1715 celeberrimum

1917 1740 1972 1823 iu
2020 1756 2255 1811 Ecclesia
2300 1755 2409 1825 jam
2437 1762 2604 1819 esset,
2628 1768 2738 1822 quo
2768 1759 3012 1821 tempore
3060 1736 3293 1809 Isidorus
3321 1746 3511 1817 Hispal

200 1853 331 1909 cap.
362 1835 459 1902 45,
490 1853 639 1927 num.
672 1836 739 1891 48
764 1855 779 1907 ;
809 1835 994 1893 Codex
1014 1835 1296 1892 Chisianus
1326 1835 1805 1908 Etymologiarum,

1921 1848 2073 1904 [ensis
2098 1846 2394 1911 scribebat,
2437 1845 2569 1909 nihil
2611 1844 2802 1907 mirum
2832 1851 2914 1921 est
2944 1841 2984 1905 si
3032 1841 3284 1919 operibus
3309 1838 3472 1908 huius
3492 1877 3507 1906 ,

198 1929 270 1984 de
291 1943 415 2002 quo
444 1943 565 2001 cap.
599 1926 689 1992 45,
716 1943 867 1983 num.
896 1926 966 1996 ‘2;
998 1927 1400 1998 antiquissimus
1428 1924 1677 1981 Caesenas
1699 1924 1808 1979 Ma-

197 2006 464 2076 latestius
504 2016 996 2090 Etymologiarum,
1045 2018 1112 2073 de
1137 2033 1244 2090 quo
1273 2032 1392 2088 cap.
1422 2015 1526 2084 45,
1577 2032 1723 2070 ηιιιιι.
1755 2014 1807 2069 6.

199 2114 262 2170 In
304 2112 517 2169 Codice
542 2112 596 2191 2,
651 2111 1207 2185 arcliivii'Vaticani,
1260 2110 1328 2166 de
1370 2125 1477 2180 quo
1502 2124 1620 2185 cap.
1676 2106 1808 2174 107,

199 2205 573 2280 Etymologiu:
594 2204 787 2259 Isidori
826 2202 1057 2259 Junioris
1082 2244 1097 2271 ,
1144 2208 1249 2257 etc.
1282 2201 1339 2256 In
1371 2200 1571 2256 Codice
1599 2197 1811 2269 collegii

201 2298 472 2367 Romani,
506 2298 660 2366 lbid.,
700 2296 1008 2357 Cbronicon
1038 2291 1503 2350 IsidoriJunioris.
1536 2290 1668 2364 Cap.
1703 2289 1770 2347 55
1792 2332 1810 2369 ,

201 2406 364 2446 ιιιιιιι.
401 2387 466 2442 18
497 2397 551 2443 et
581 2387 666 2451 19,
698 2387 805 2443 duo
827 2396 1125 2443 occurrunt
1142 2385 1471 2457 exemplaria
1500 2384 1811 2449 Florentius

200 2478 683 2553 Etymologiarum
715 2477 910 2533 Isidori
939 2477 1195 2534 Junioris.
1231 2478 1361 2550 Cap.
1407 2476 1530 2533 eod.
1562 2474 1632 2530 55
1661 2492 1807 2530 ιιυιιι.

200 2571 306 2639 ει,
335 2570 516 2626 codex
541 2570 886 2626 Florentinus
912 2568 969 2624 S.
995 2567 1204 2638 Crueis,
1229 2570 1283 2623 in
1308 2583 1416 2638 quo
1446 2576 1572 2627 sunt
1601 2566 1815 2637 Etymo-

201 2662 376 2732 logia:
402 2660 594 2717 Isidori
616 2662 863 2733 Antiqui,
892 2671 948 2717 et
975 2660 1211 2717 Isidorus
1238 2659 1430 2715 Iunior
1455 2659 1534 2714 De
1554 2668 1808 2729 computo.

199 2752 533 2827 Synonyma
562 2751 755 2808 Isidori
785 2752 1025 2809 Junioris
1053 2758 1299 2807 recenset
1327 2750 1594 2817 Labbeus,
1644 2758 1702 2804 ut
1730 2750 1813 2806 di-

199 2861 335 2906 cam
370 2861 496 2914 cap.
532 2843 618 2908 70,
656 2860 801 2898 num.
835 2844 888 2897 ’5.
935 2842 1175 2912 Epistola
1225 2841 1292 2895 ad
1344 2839 1729 2895 Leudelredum
1760 2839 1813 2894 in

201 2938 429 2997 Codice
452 2936 720 3006 Vigilano,
750 2935 817 2991 de
845 2950 953 3005 quo
978 2950 1098 3005 cap.
1124 2932 1214 3002 75,
1236 2947 1385 2989 num.
1415 2931 1467 2999 7,
1492 2932 1709 2987 nomine
1729 2930 1818 2985 lsi-

204 3032 338 3090 dori
361 3027 938 3085 Juniorisinscribitur.
962 3022 1021 3081 In
1041 3026 1237 3083 Codice
1260 3024 1571 3080 Florentino
1592 3023 1649 3078 S.
1682 3022 1817 3077 Cru-

204 3124 317 3193 eis,
350 3121 425 3176 de
454 3136 560 3191 quo
589 3135 707 3190 cap.
742 3118 829 3181 76,
860 3134 1007 3172 num.
1031 3116 1083 3185 9,
1133 3117 1269 3172 liber
1292 3116 1359 3171 de
1384 3114 1597 3171 Naturae
1637 3128 1816 3170 rerum

208 3216 444 3274 titulum
474 3206 661 3268 Isidori
711 3213 945 3267 Junioris
984 3210 1202 3266 illustris
1232 3208 1467 3265 exhibet.
1500 3204 1690 3263 Isidori
1714 3206 1810 3263 Ju-
1841 3251 1871 3281 η

210 3310 388 3366 nioris
430 3304 883 3375 cbronographia,
936 3304 1050 3359 sive
1092 3302 1388 3358 chronicon
1436 3299 1701 3355 indicatur
1745 3317 1813 3356 ex

212 3401 423 3456 Codice
452 3397 729 3471 Mediceo,
775 3412 895 3466 cap.
928 3395 993 3471 77
1015 3438 1030 3463 ,
1063 3410 1210 3449 num.
1240 3394 1293 3447 7.
1350 3393 1411 3448 In
1449 3392 1647 3449 Codice
1676 3390 1815 3448 Ove-

214 3492 359 3547 tensi
409 3489 591 3545 saeculi
644 3504 752 3556 xu,
800 3487 869 3543 de
913 3502 1020 3556 quo
1070 3502 1190 3557 cap.
1243 3486 1367 3543 eod.
1402 3484 1488 3557 77,
1519 3502 1667 3542 num.
1702 3486 1771 3541 15
1799 3529 1816 3558 ,

140 3570 145 3573 ’
219 3584 594 3657 corographia,
644 3583 758 3637 sive
786 3581 986 3636 rectius
1028 3581 1456 3652 chronographia
1502 3579 1690 3636 Isidori
1719 3577 1814 3634 .Iu-

220 3677 412 3733 nioris.
445 3674 507 3731 In
535 3674 734 3730 Codice
762 3659 1135 3729 Eseurialensi
1188 3674 1369 3728 saeculi
1420 3688 1541 3739 xw,
1595 3673 1661 3728 de
1710 3688 1818 3742 quo

221 3784 341 3840 cap.
373 3768 448 3823 78
472 3810 487 3835 ,
538 3782 688 3823 num.
734 3765 835 3831 18,
880 3766 1175 3821 chronicon
1199 3765 1389 3820 Isidori
1418 3763 1673 3820 Iunioris.
1710 3778 1713 3781 λ

297 3863 463 3933 ιιο
494 3858 582 3915 10.
617 3858 869 3913 Mariana:
902 3856 1239 3927 Bayerioque
1267 3856 1493 3911 libenter
1535 3855 1821 3939 assentior,

225 3953 459 4025 aliquem
518 3951 781 4007 Isidorqu
837 3947 1042 4004 Isidoro
1096 3948 1401 4019 Hispalensi
1465 3947 1822 4018 antiquiorem

225 4045 634 4116 agnoscendum
681 4058 824 4111 esse,
855 4042 1008 4112 cujus
1048 4042 1453 4112 comparatione
1492 4040 1823 4112 IliSpalensis

227 4138 412 4195 Iunior
437 4138 677 4195 dicatur.
709 4133 814 4191 Sed
844 4151 964 4189 cum
1008 4133 1201 4189 Isidori
1242 4132 1603 4190 Cordubensis
1622 4134 1825 4199 mentio

228 4232 282 4287 in
322 4231 593 4300 catalogis
633 4228 963 4299 Hieronymi,
998 4225 1289 4293 Gcnnadii,
1322 4226 1528 4292 Isidori,
1576 4225 1824 4282 Ildefonsl

230 4333 284 4380 et
310 4326 545 4381 aliorum
566 4330 811 4378 veterum
838 4321 905 4376 de
933 4319 1286 4391 scriptoribus
1314 4318 1696 4376 ecclesiasticis
1718 4334 1824 4375 non

233 4424 507 4485 appareat,
542 4429 607 4468 ac
650 4413 853 4483 primus
895 4412 1207 4481 Sigcbertus
1249 4410 1365 4480 ejus
1406 4410 1740 4476 meminerit,
1772 4417 1828 4465 et

236 4511 447 4580 quidem
479 4510 563 4566 sic
586 4507 733 4563 clare
761 4521 968 4573 errans,
1002 4514 1061 4560 ut
1088 4504 1420 4577 Hispalensis
1461 4503 1651 4559 Isidori
1676 4517 1825 4573 quae-

1913 1941 2209 2011 przesertim
2243 1940 2330 1994 ubi
2364 1936 2690 2008 Hispalensis
2721 1934 2958 2006 episcopi
2992 1932 3179 1999 titulus
3202 1946 3307 1986 non
3338 1929 3512 1999 praeli-

1913 2044 2149 2112 geretur,
2176 2032 2374 2103 apponi
2413 2031 2638 2101 creperit
2679 2029 2911 2084 Junioris
2957 2025 3256 2096 inscriptio.
3307 2023 3512 2081 Deinde

1912 2123 2071 2181 facile
2119 2121 2319 2178 librarii
2369 2128 2657 2189 utrumque
2705 2118 2915 2179 titulum
2966 2114 3231 2193 complexi
3277 2121 3422 2178 sunt,
3454 2123 3514 2166 ut

1915 2214 2179 2283 [siderant
2205 2212 2475 2269 Juniorem
2506 2211 2799 2287 episcopum
2831 2207 3194 2279 Hispalensem
3225 2212 3501 2287 vocarent,

1913 2306 2159 2378 quamvis
2189 2303 2366 2373 nullus
2393 2301 2529 2356 alius
2557 2299 2794 2359 Isidorus
2844 2300 3129 2373 episcopus
3180 2292 3513 2381 Hispalensis

1913 2397 2179 2454 Isidorum
2210 2402 2453 2449 nostrum
2484 2391 2846 2469 praecesserit.

1986 2488 2072 2555 12.
2101 2488 2357 2557 Quisnam
2384 2492 2561 2543 autem
2588 2491 2672 2541 est
2694 2482 2928 2537 Isidorus
2950 2478 3159 2557 Junior,
3188 2478 3342 2557 cujus
3366 2492 3487 2532 com

1913 2580 2195 2653 paratione
2238 2574 2567 2649 Hispalensis
2605 2574 2792 2631 Senior
2846 2570 3194 2641 nominatur?
3242 2562 3513 2636 Mariana,

1913 2667 2031 2725 Nic.
2064 2667 2345 2735 Antonius,
2371 2674 2426 2722 et
2455 2664 2713 2737 Bayerius
2741 2667 2893 2743 ιι]
2927 2660 3187 2727 lsidorum
3218 2658 3513 2717 Pacensem

1915 2756 2219 2829 Hispalensi
2248 2757 2517 2821 Juniorem
2547 2754 2775 2826 intelligi
2826 2760 3091 2819 asserunt,
3143 2749 3376 2805 Isidorus
3418 2748 3515 2803 Pa-

1917 2849 2095 2905 censis
2134 2849 2270 2903 vixit
2306 2847 2504 2911 szeculo
2534 2862 2623 2901 vm
2658 2844 3059 2916 progrediente,
3089 2850 3146 2895 ut
3176 2840 3371 2912 probat
3397 2837 3516 2895 Nic.

1917 2941 2182 2997 Antonius
2214 2940 2249 2995 Ι.
2282 2956 2351 3008 v1,
2386 2954 2506 3010 cap.
2551 2938 2603 3007 5,
2638 2947 2691 2992 et
2721 2934 3028 3005 Chronicon
3077 2931 3268 2989 Isidori
3316 2930 3513 3000 Hispa—

1916 3033 2080 3091 lensis
2126 3047 2296 3104 usque
2346 3029 2414 3095 ad
2464 3028 2734 3109 Hispania:
2783 3043 2882 3109 per
2922 3027 3125 3081 Arabes
3178 3024 3515 3082 eversionem

1915 3126 2267 3184 continuavit.
2304 3123 2402 3179 Hic
2422 3131 2571 3187 certe
2613 3116 2845 3194 scriptOr
2871 3130 2987 3189 est,
3034 3121 3125 3191 qui
3155 3118 3358 3177 Isidoro
3393 3116 3515 3173 His-
3548 3148 3553 3151 -

1916 3222 2120 3292 paleusi
2142 3218 2324 3289 junior
2354 3226 2457 3293 est,
2509 3233 2574 3273 ac
2609 3215 2785 3295 reipsa
2817 3214 2888 3281 ita
2918 3230 2949 3279 a
2980 3213 3159 3269 multis
3191 3211 3512 3284 appellatur.

1916 3312 2024 3387 Sed
2053 3314 2385 3379 contendunt
2413 3300 2847 3375 nonnulli,’alios
2878 3304 3040 3367 fuisse
3069 3303 3306 3365 Isidoros
3334 3303 3516 3377 Hispa~

1917 3406 2049 3464 lensi
2079 3405 2433 3471 recentiores,
2460 3418 2689 3475 quorum
2712 3402 2875 3465 etiam
2890 3396 3306 3469 comparatione
3327 3395 3516 3470 HiSpa-

1918 3502 2083 3573 lensis
2101 3500 2290 3561 Senior
2305 3507 2531 3563 vocetur
2560 3516 2571 3551 :
2592 3498 2896 3570 producunt
2916 3495 3179 3559 Isidorum
3202 3497 3515 3569 episcopum

1919 3592 2309 3659 Setabitanum,
2344 3590 2429 3661 cui
2460 3587 2772 3651 Pellizerius
2802 3588 2995 3643 librum
3028 3584 3107 3640 De
3135 3584 3517 3659 signiﬁcatione

1920 3686 2185 3761 nominum
2215 3681 2797 3767 tripuit,Luitpraudus
2825 3681 3219 3753 supposititiam
3238 3680 3517 3736 collectio—

1922 3795 2045 3855 nem
2069 3764 2347 3847 canonum
2368 3764 2466 3839 sub
2495 3776 2682 3845 Isidori
2710 3775 3039 3842 Peccatoris,
3072 3790 3166 3831 seu
3197 3772 3515 3829 Mercatoris

1924 3872 2143 3939 nomine
2191 3871 2411 3931 editam.
2463 3868 2681 3937 Relellit
2730 3870 2827 3929 bas
2875 3868 3083 3935 fabulas
3110 3867 3224 3933 Nic.
3257 3866 3519 3933 Antonius

1924 3956 2018 4014 lib.
2049 3976 2102 4013 vr
2128 3958 2263 4025 Bibl.
2296 3966 2428 4024 vct.,
2462 3974 2582 4028 cap.
2613 3958 2666 4025 5.
2701 3957 2860 4013 Liber
2900 3957 2966 4013 de
3014 3958 3395 4028 signiﬁcatione
3423 3975 3519 4011 no-

1926 4050 2123 4105 minum
2172 4056 2257 4105 est
2306 4044 2440 4103 liber
2490 4046 2675 4107 Isidori
2729 4047 3058 4118 Hispalensis
3098 4047 3160 4099 de
3210 4044 3521 4101 Nominibus

1926 4140 2053 4212 legis
2098 4147 2149 4196 et
2200 4136 2637 4217 Evangeliorum,
2685 4134 2746 4209 ut
2796 4136 3010 4199 Braulio
3059 4135 3333 4209 appellat,
3362 4150 3521 4207 quem
3596 4121 3607 4139 ἱ

1926 4238 2306 4311 Allegoriarum
2331 4236 2491 4315 vulgo
2522 4244 2737 4303 vocant,
2771 4234 3034 4307 Isidorum
3074 4238 3353 4293 auctorem
3404 4228 3520 4285 col-

1927 4322 2174 4383 lectionis
2237 4324 2557 4399 apocrypha:
2609 4324 2961 4406 decretalium
3035 4338 3209 4395 neque
3261 4319 3521 4377 Isidor-um

1930 4416 2239 4490 epi500pum
2272 4415 2663 4482 Setabitanum,
2687 4431 2863 4485 neque
2900 4413 3064 4469 ullum
3117 4412 3280 4467 alium
3328 4408 3522 4481 IIispa~

1930 4525 2057 4563 num
2086 4523 2204 4563 esse
2233 4506 2627 4575 contendimus.
2662 4507 2776 4561 Duo
2814 4514 2995 4573 autem
3046 4500 3235 4571 Isidori
3285 4499 3522 4571 episcopi

239 4598 357 4654 dam
384 4613 554 4672 opera
581 4596 923 4653 Cordubensi
951 4594 1239 4663 adjudicet,
1266 4594 1420 4649 facile
1469 4592 1726 4660 adducor,
1766 4599 1819 4647 ut

1931 4598 2230 4655 Setabitaui
2271 4598 2630 4669 eXstiterunt,
2664 4608 2721 4651 ut
2772 4596 2877 4653 dixi
2912 4614 2923 4649 :
2968 4594 3132 4666 prior,
3176 4588 3266 4664 qui
3316 4589 3523 4665 synodo

243 4646 357 4654 ———.-
386 4646 554 4672 ντνη
589 4646 923 4653 "ﬁn—mn
1490 4646 1521 4648 η
1550 4646 1556 4647 κ
1586 4646 1593 4647 κ
1622 4646 1665 4648 η
1712 4646 1726 4660 ι
1782 4646 1785 4647 ν
1932 4646 2230 4655 “ww—u-
2276 4646 2630 4669 τ-τ-γ-ηςπ---τ
2668 4646 2720 4651 --
2777 4646 2877 4653 ε----
2913 4646 2923 4649 -
2968 4646 3075 4666 ,ηπ
3120 4646 3132 4663 .
3194 4646 3209 4664 .
3347 4646 3365 4665 .
3474 4646 3507 4651 ρ

243 4694 471 4759 credam,
494 4692 759 4748 Isidorum
781 4688 1435 4761 HispalensemJuniorem
1456 4689 1679 4757 dictum,
1702 4688 1827 4758 quia
1857 4646 1908 4712 Π
1934 4690 2206 4747 Toleta'nac
2236 4707 2307 4744 xu
2335 4705 2477 4744 anno
2507 4687 2605 4751 681
2638 4688 2912 4751 interfuit;
2966 4684 3251 4757 posterior,
3280 4682 3369 4753 qui
3395 4702 3523 4757 syn-

246 4796 365 4841 ante
412 4788 588 4858 ipsum
634 4784 896 4840 ﬂoruerat
938 4781 1134 4839 srecnlo
1164 4798 1215 4837 IV
1244 4781 1478 4837 Isidorus
1524 4778 1828 4851 Pelusiota,

246 4877 472 4947 scriptis,
501 4876 813 4944 virtutibus,
843 4873 1109 4944 rebusque
1146 4874 1309 4943 gestis
1351 4874 1401 4927 in
1448 4873 1695 4928 universa
1726 4870 1833 4926 Ec-

250 4968 407 5025 clesia
454 4970 664 5035 clarus,
694 4977 748 5024 et
776 4966 916 5039 apud
965 4968 1253 5037 episcopos
1305 4966 1449 5036 ipsos
1476 4962 1831 5025 venerabilis,

258 5068 313 5115 ut
350 5062 423 5117 ait
466 5060 788 5133 Ephremius
815 5059 1101 5130 episcopus
1129 5057 1496 5113 Antiochenus
1526 5058 1578 5111 in
1608 5053 1835 5127 epistola

258 5151 319 5206 ad
345 5152 635 5211 Zenobium
662 5152 1058 5210 Scholastieum
1088 5151 1229 5222 apud
1272 5148 1521 5204 Photium
1553 5150 1605 5203 in
1638 5144 1835 5201 Biblio-

262 5245 440 5312 theca;
467 5249 533 5303 de
552 5263 660 5318 quo
681 5247 844 5302 etiam
863 5245 1116 5313 Evagrius
1131 5244 1224 5297 lib.
1251 5240 1384 5297 Hist.
1406 5241 1564 5303 eccl.,
1590 5238 1836 5310 Ejusdem

262 5334 527 5397 Theodosii
555 5341 847 5412 principatu
876 5338 1062 5391 claruit
1102 5334 1334 5390 Isidorus
1355 5376 1368 5401 ,
1411 5335 1554 5397 cuius
1584 5332 1838 5386 latissima

262 5440 331 5484 est
355 5434 518 5503 gloria
541 5477 555 5501 ,
585 5442 635 5489 et
662 5433 750 5506 qui
777 5449 889 5486 cum
931 5430 991 5485 ob
1031 5446 1116 5485 res
1144 5439 1313 5503 gestas
1331 5470 1346 5495 ,
1390 5438 1493 5482 tum
1539 5427 1840 5499 eloquentiae.

267 5535 416 5577 causa
443 5526 623 5598 ubique
651 5524 953 5579 celebratur.

335 5615 420 5670 11.
468 5616 594 5672 Erat
642 5617 859 5687 quidem
904 5613 1140 5670 Isidorus
1192 5614 1461 5693 Pelusiota
1518 5612 1839 5684 Egyptlus,

271 5713 420 5770 gente
447 5707 856 5771 Alexandrinus,
886 5714 945 5762 et
982 5706 1138 5777 juxta
1184 5703 1479 5771 Pelusium,
1502 5695 1718 5774 Ᾱῑςγνιί
1750 5716 1840 5758 ur.

272 5791 405 5864 beru,
424 5800 755 5857 monachus:
781 5798 875 5855 sed
904 5814 1009 5854 non
1039 5799 1215 5854 minus
1241 5805 1526 5869 propterea
1553 5796 1689 5852 lauta
1720 5794 1837 5867 ejus

277 5890 408 5965 Ipud
434 5890 653 5954 Latinos
678 5892 893 5966 vigebat
922 5910 940 5951 :
968 5907 1127 5965 quan
1154 5891 1318 5951 etiam
1367 5888 1649 5949 Facundos
1696 5888 1836 5950 Her-

1936 4785 2043 4841 odo
2094 4783 2368 4855 Toletanm
2415 4798 2485 4836 xv
2518 4782 2672 4849 anno
2712 4779 2817 4835 688
2847 4789 2901 4836 et
2948 4797 3035 4836 xv:
3064 4797 3205 4843 anno
3252 4780 3356 4836 693
3400 4782 3522 4834 sul»

1936 4875 2170 4945 scripsit.
2189 4870 2446 4927 Neutrum
2466 4872 2659 4925 horum
2680 4871 2967 4941 quidquam
2992 4872 3269 4943 scripsisse
3289 4880 3522 4937 constat,

1940 4971 2108 5024 multo
2133 4984 2259 5024 vero
2288 4968 2462 5021 minus
2491 4965 2676 5021 falsam
2708 4966 3083 5029 collectionem
3114 4982 3401 5033 canonum,
3428 4982 3522 5021 sae.

1942 5063 2066 5117 ‘culo
2093 5060 2304 5116 demum
2336 5076 2386 5115 1x
2417 5058 2726 5123 confictam.

1940 5166 1949 5169 "
2010 5153 2095 5207 15.
2141 5153 2220 5207 Ab
2259 5151 2462 5207 Isidoro
2507 5150 2727 5207 Pacensi
2768 5151 2928 5207 alium
2957 5151 3214 5208 Isidorum
3255 5153 3522 5208 diversum

1938 5245 2251 5301 Pellizerius
2274 5245 2510 5316 agnovit,
2536 5260 2696 5317 quem
2724 5245 2958 5315 appellat
2985 5247 3046 5307 de
3076 5245 3223 5318 Beja,
3247 5257 3521 5300 auctorem

1940 5338 2215 5413 Cujusdam
2246 5336 2523 5405 Clironici,
2554 5338 2700 5408 quod
2731 5338 2953 5410 incipit:
2991 5341 3098 5395 Sex
3138 5340 3313 5395 diebus
3354 5357 3524 5394 rerum

1939 5436 2165 5491 omnium
2188 5443 2478 5487 creaturam
2499 5434 2737 5505 formavit
2761 5430 2918 5488 Deus.
2936 5431 3186 5499 Fortasse
3216 5431 3520 5487 Pellizerius

1939 5525 2197 5581 Isidorum
2230 5523 2519 5579 Pact‘nsem
2550 5525 2773 5597 putabat
2800 5541 2918 5581 esse
2957 5526 3027 5589 ita
3058 5526 3254 5593 dictum
3295 5540 3359 5578 ex
3392 5526 3525 5583 urbe

1940 5616 2178 5687 Badajo;
2208 5632 2224 5669 :
2258 5614 2309 5669 id
2353 5616 2492 5668 enim
2543 5614 2787 5687 pannulli
2836 5616 2909 5687 ita
2952 5616 3050 5687 sibi
3101 5626 3520 5697 persuaserunt;

1938 5708 2181 5780 plerique
2211 5716 2391 5775 autem
2422 5705 2614 5767 Pacem
2654 5708 2767 5781 sive
2807 5705 3225 5775 Pacem-Iuliam
3269 5709 3523 5781 oppidum

1942 5798 2072 5872 Beja
2097 5790 2400 5868 intelligunt
2426 5813 2564 5854 esse.
2595 5798 2738 5867 Idem
2765 5814 2892 5869 ergo
2914 5808 2995 5873 est
3017 5796 3248 5865 Isidorus
3276 5800 3343 5865 de
3374 5800 3520 5873 Beja,

1941 5897 1996 5946 et
2039 5889 2273 5949 Isidorus
2315 5888 2601 5959 Pacensis;
2632 5891 2773 5951 idem
2803 5889 3127 5960 Chronicon,
3161 5894 3305 5969 quod
3331 5892 3385 5951 in
3413 5894 3523 5953 duo
