4048 6364
444 326 513 383 95
1195 314 1288 370 AD
1323 310 1555 370 OPEBA
1591 307 1654 367 S.
1693 296 1939 362 ISIDORI
1977 292 2419 354 HISPALENSIS
2456 292 2985 353 PROLEGOMENA.

3712 296 3799 347 9:3

444 439 751 500 Pelliserius
776 433 916 492 male
939 429 1231 497 dividebat,
1258 433 1319 484 ut
1344 423 1579 484 ostendit
1604 420 1719 477 Nic.
1750 411 2016 474 Antonius
2044 409 2099 472 Α
2120 409 2277 465 candi
2320 410 2459 465 ratio
2479 450 2495 477 ,
2526 408 2789 466 Isidorum
2816 408 3024 478 origine
3073 407 3238 465 fuisse
3280 408 3540 465 Gothum
3580 427 3600 464 ε
3650 411 3793 464 imo

446 538 552 592 loc.
598 534 691 589 cit.
731 529 897 586 Nimis
942 528 1085 584 enim
1129 521 1365 581 liberalis
1391 518 1599 577 videtur
1626 508 1940 569 Pellizerius
1966 505 2024 561 in

446 622 863 698 multiplicandis
914 630 1025 677 tam
1077 616 1327 690 operibus
1391 625 1554 683 quam
1587 604 1871 698 Alsidoris;
1930 598 2025 671 qui

446 718 583 774 duos
607 694 843 773 Isideres
871 709 1215 782 Hispalenses
1235 748 1252 775 ,
1281 715 1509 776 quorum
1552 696 1690 754 alter
1738 694 2025 782 episcopus

447 812 958 878 Gmsaraugustanns
972 780 1156 869 fuerit,
1186 798 1322 855 duos
1347 790 1740 855 Cordubenses,
1770 785 1904 842 duos
1931 780 2028 838 Pa-

448 918 637 963 censes
666 897 1025 969 conﬁngebat.

518 994 607 1050 14.
647 993 758 1049 Cur
781 999 961 1047 autem
984 1002 1092 1044 non
1121 983 1299 1057 potius
1319 988 1411 1036 aut
1438 976 1766 1042 Pellizerius,
1790 982 1883 1029 aut
1907 972 2029 1044 qui-

450 1094 529 1149 vis
552 1092 684 1146 alius
705 1089 971 1162 Hispanus
998 1085 1064 1139 de
1087 1079 1291 1138 Isidore
1315 1075 1663 1141 Asturicensi,
1685 1070 1776 1142 qui
1798 1068 2026 1127 concilio

451 1186 760 1248 Bracarensi
806 1198 945 1239 anno
997 1177 1101 1233 675
1145 1173 1495 1245 subscripsit,
1554 1170 1694 1226 inter
1740 1167 2028 1237 scriptores

452 1277 806 1337 recensendos
826 1274 1111 1346 quidquam
1132 1275 1470 1327 commentus
1492 1265 1611 1322 est?
1636 1262 1857 1319 Poterat
1882 1258 2027 1315 enim

453 1374 541 1429 hic
577 1367 973 1441 comparatione
1002 1363 1191 1419 Isidori
1219 1359 1551 1432 Hispalensis
1576 1354 1763 1411 Junier
1800 1352 1927 1409 dici.
1951 1350 2029 1407 Ac

453 1480 513 1521 re
546 1467 698 1538 112
740 1475 864 1516 vera
889 1459 1029 1514 inter
1050 1456 1341 1527 scriptores
1366 1451 1523 1508 medii
1562 1449 1661 1505 aevi
1689 1462 1812 1504 eum
1840 1444 2031 1538 Fabri-

450 1558 564 1613 cius
600 1537 650 1609 in
680 1552 1011 1609 Bibliotheca
1035 1548 1249 1618 reponit
1278 1565 1292 1601 :
1323 1544 1415 1601 sed
1441 1541 1564 1614 quid
1601 1543 1655 1595 in
1702 1541 1899 1595 litteras
1933 1537 2032 1591 mi-

452 1651 592 1714 serit,
635 1645 800 1709 addit,
827 1660 943 1697 cum
981 1659 1014 1696 a
1040 1640 1237 1712 Cangie
1278 1640 1410 1693 inter
1438 1636 1711 1707 scriptores
1754 1635 2029 1706 referatur,

452 1736 578 1793 mihi
622 1738 1012 1804 incompertum.
1039 1729 1174 1785 Eum
1206 1728 1400 1783 infelici
1433 1725 1577 1781 exitu
1599 1723 1913 1788 decessisse,
1944 1735 2033 1777 re-

2126 502 2451 559 ceutrarium
2490 501 2717 558 suadent
2761 501 2978 557 nemina
3014 511 3329 572 parentum,
3368 504 3649 559 fratrum
3711 519 3792 560 ac

2124 595 2348 664 sororis,
2387 608 2506 666 qua:
2530 609 2600 651 ex
2626 594 2805 664 lingua
2834 592 3017 650 Latina
3049 601 3103 649 et
3130 591 3315 650 Graeca
3344 597 3527 667 petita
3573 605 3743 652 sunt
3766 638 3785 663 ,

2124 690 2344 745 minime
2365 704 2496 744 vero
2524 704 2592 744 ex
2620 686 2880 755 Gothica;
2927 688 3070 759 quod
3099 689 3278 759 arguit
3304 700 3589 759 parentes
3658 689 3787 744 Isi-

2126 780 2241 835 deri
2272 780 2535 852 Hispanos
2575 779 2790 850 quidem
2835 787 2979 845 ortu,
3013 780 3158 836 cives
3198 787 3378 837 tamen
3428 781 3787 837 Romanos

2125 871 2323 940 fuisse,
2352 875 2499 941 sive,
2541 882 2600 929 ut
2637 882 2794 929 vocat
2842 871 2956 928 Nic.
2991 873 3288 940 Antonius,
3319 873 3781 948 Hispano-Ro-

2126 982 2328 1021 manes.
3403 952 3411 959 ’

2195 1058 2251 1116 2.
2300 1059 2416 1117 Non
2443 1061 2636 1116 desunt
2673 1068 2852 1117 tamen
2884 1061 3023 1117 inter
3048 1060 3332 1132 Hispanos,
3360 1062 3450 1137 qui
3479 1070 3779 1119 conten—

2127 1150 2282 1219 dant,
2312 1150 2658 1209 Severianum
2684 1194 2699 1220 ,
2729 1153 2912 1209 Isidori
2959 1164 3191 1225 patrem,
3224 1155 3431 1227 origine
3468 1154 3773 1211 Gothum

2127 1240 2311 1309 fuisse,
2333 1251 2491 1313 atque
2507 1244 2577 1299 ita
2599 1242 2709 1299 fere
2724 1245 2959 1299 sentiunt
2984 1254 3176 1315 praeter
3196 1245 3648 1316 pseudo-histori
3658 1262 3781 1303 cos

2123 1333 2235 1405 jam
2262 1334 2458 1406 ubique
2487 1338 2736 1407 explosos
2762 1336 3057 1393 Redcricus
3086 1336 3335 1395 Sanctius
3362 1339 3429 1394 de
3454 1340 3770 1404 Arevalo,

2130 1426 2448 1485 Laurentius
2476 1428 2696 1496 Padilla,
2740 1430 2957 1498 Beuler,
2990 1430 3361 1501 Sandovalius,
3403 1448 3503 1489 nec
3559 1450 3774 1504 repu-

2130 1531 2259 1594 gnat
2301 1524 2542 1581 Andreas
2586 1524 2881 1581 Resemlius
2924 1527 2975 1581 in
3017 1526 3241 1596 epistola
3271 1526 3337 1582 ad
3367 1526 3772 1583 Ambrosium

2132 1614 2383 1672 Merales.
2422 1618 2481 1673 In
2526 1620 2965 1687 continuatione,
2996 1621 3108 1676 sive
3145 1621 3516 1693 supplemento
3545 1620 3768 1676 Isido-

2134 1712 2267 1765 riani
2311 1711 2593 1779 Chrenici,
2624 1713 2767 1782 quod
2796 1729 2825 1767 a
2852 1714 2995 1769 Luca
3044 1712 3280 1769 Tudensi
3328 1714 3423 1770 sub
3461 1712 3769 1769 Ildefonsi

453 1827 559 1885 fert
585 1826 643 1883 8.
678 1802 917 1881 Valerius
946 1830 1078 1878 tem.
1116 1819 1234 1876 XVI
1268 1817 1416 1890 Hisp.
1445 1833 1607 1882 sacr.,
1634 1830 1785 1871 num.
1812 1813 1898 1869 '56.
1931 1812 2033 1868 Or-
2065 1802 2112 1866 B
2140 1805 2354 1862 nomine
2372 1806 2639 1877 prolatum
2662 1814 2761 1873 est,
2788 1822 2948 1878 supra
2976 1822 3094 1879 cap.
3122 1806 3189 1860 12
3212 1822 3244 1862 a
3269 1808 3422 1863 nobis
3448 1807 3762 1870 exhibito,

454 1920 595 1978 diuis
623 1915 1017 1984 Querimonim:
1052 1910 1152 1978 Qui
1194 1912 1316 1965 dum
1353 1910 1427 1964 sic
1467 1910 1657 1964 veniret
1686 1909 1944 1961 immissus
1969 1903 2032 1957 ab

457 2013 667 2069 inimico
686 2024 705 2075 ,‘
731 2018 787 2063 ut
831 2024 911 2063 me
939 2008 1158 2061 mitteret
1201 2003 1255 2057 in
1284 2002 1635 2057 cemmetienis
1662 2001 1955 2063 interitum,
1983 2006 2037 2051 et

456 2106 674 2160 aliorum
704 2105 925 2175 fratrum
948 2099 1223 2170 pessimum
1256 2094 1598 2159 scandalum;
1633 2100 1770 2145 recte
1808 2090 2035 2144 videlicet

457 2195 819 2269 omnipotentis
864 2191 1069 2248 Domini
1101 2189 1319 2261 judicio,
1352 2187 1538 2252 lacum,
1566 2199 1711 2257 quem
1741 2181 1885 2236 nobis
1914 2196 2037 2250 ape-

457 2294 577 2358 ruit,
606 2292 715 2361 ipse
738 2295 944 2358 repente
970 2286 1231 2355 ingressus
1271 2288 1364 2336 est.
1396 2273 2037 2347 Eumdemcpestilentissi-

460 2399 598 2439 mum
620 2382 781 2436 virum
808 2383 987 2434 vocat.
1019 2374 1122 2430 Alii
1152 2374 1220 2429 de
1247 2388 1313 2429 ee
1338 2378 1541 2428 tacent.

533 2475 619 2530 l5.
680 2472 876 2528 Verum
931 2484 1052 2525 cum
1092 2466 1278 2522 Isidori
1333 2464 1587 2521 Pacensis
1643 2474 1839 2518 nomen
1897 2459 2039 2513 inter

462 2568 727 2639 Hispanos
754 2564 896 2621 haud
916 2564 1205 2620 obscurum
1227 2558 1405 2624 fuerit,
1430 2557 1650 2612 minime
1677 2553 1885 2620 dubito,
1910 2553 2040 2622 quin

461 2658 649 2715 Isidori
674 2654 906 2712 Junioris
929 2651 1194 2710 vocabulo
1220 2651 1361 2706 hunc
1399 2646 1619 2719 Hispani
1666 2643 2000 2713 insignierint
2021 2682 2037 2709 ,

461 2761 523 2808 ut
547 2750 615 2807 ab
640 2748 843 2805 Isidore
871 2743 1169 2818 Hispalensi
1211 2741 1619 2811 distinguerent.
1646 2735 1831 2792 Exteri
1860 2744 2040 2791 autem

463 2842 608 2899 aliud
656 2841 882 2898 fortasse
910 2841 964 2896 in
993 2845 1173 2894 mente
1214 2835 1518 2891 habuerunt
1548 2831 1677 2903 :qui
1719 2830 1787 2885 de
1838 2827 2042 2886 Isidoro

462 2937 686 2995 Pacensi
716 2951 903 3008 parum
952 2943 1047 2989 aut
1075 2931 1207 2988 nihil
1236 2930 1567 3001 cogitabant.
1613 2925 1831 2982 Scilicet
1855 2930 2045 2978 auctor

462 3030 817 3105 supposititite
882 3024 1216 3083 cellectienis
1260 3036 1525 3079 canonum
1576 3027 1632 3075 et
1674 3016 2041 3082 decretalium,

462 3111 665 3181 sacculo
697 3136 787 3177 vm
813 3128 1064 3187 exeunte,
1096 3132 1156 3174 se
1183 3130 1291 3172 non
1320 3114 1493 3171 solum
1532 3111 1825 3183 Hispanum
1871 3108 2044 3176 ﬁnxit,

2137 1896 2383 1963 traditur,
2413 1896 2561 1965 regio
2584 1896 2883 1953 Gothorum
2923 1900 3180 1969 sanguine
3208 1906 3387 1955 ortum
3428 1899 3606 1955 fuisse
3644 1898 3767 1954 lsi-

2135 1989 2347 2045 derum.
2379 1989 2715 2047 Advertimus
2758 1991 2869 2061 jam
2924 2007 3042 2048 eam
3072 1993 3529 2048 continuationem
3585 1991 3763 2048 falso

2136 2080 2403 2139 lldefenso
2429 2082 2700 2154 imputari,
2724 2092 2780 2139 et
2808 2084 2965 2154 longe
2994 2090 3116 2155 post
3144 2082 3332 2141 Isidori
3355 2082 3763 2154 Ildefonsique

2138 2182 2382 2246 tempera
2407 2172 2569 2230 fuisse
2596 2175 2870 2246 scriptam,
2900 2183 2993 2229 aut
3022 2173 3287 2245 figmentis
3316 2174 3755 2247 interpelatam.

2138 2268 2254 2325 Alia
2302 2280 2479 2326 tamen
2526 2270 2727 2325 addunt
2780 2269 3075 2327 Redericus
3110 2268 3431 2335 Teletanus,
3462 2276 3518 2325 et
3544 2267 3757 2325 Lucas

2139 2362 2420 2429 Tudensis,
2445 2361 2651 2419 scilicet
2676 2361 3067 2419 Theodericum
3098 2362 3345 2418 Amalum
3365 2360 3753 2431 Ostrogothu-

2140 2471 2259 2511 rum
2305 2470 2523 2526 regem,
2552 2454 2674 2524 qui,
2724 2469 2843 2509 cum
2889 2456 2941 2510 in
2990 2454 3139 2511 Italia
3190 2454 3576 2518 dominaretur,
3632 2466 3754 2524 pro

2140 2552 2443 2608 Amalarico
2471 2552 2759 2607 Gethicum
2785 2552 2943 2608 simul
2971 2552 3241 2625 Hispaniae
3267 2565 3488 2622 regnum
3515 2551 3747 2623 aliquot

2143 2646 2297 2701 anuis
2324 2645 2511 2711 tenuit,
2539 2654 2815 2716 parentem
2842 2645 3004 2703 fuisse
3031 2646 3324 2703 Severiano
3347 2644 3533 2701 Isidori
3558 2646 3746 2716 patri.

2212 2736 2267 2791 ὅ.
2324 2736 2450 2804 Alii,
2480 2742 2541 2791 ut
2593 2736 2906 2795 Ambrosius
2955 2736 3210 2804 Morales,
3243 2738 3506 2794 Antonius
3546 2734 3746 2809 lepes,

2143 2828 2401 2896 Mariana,
2434 2826 2746 2885 Franciscus
2774 2828 2976 2885 Padilla
2997 2867 3013 2893 ,
3044 2827 3371 2895 Pellizerius,
3404 2829 3520 2883 Nic.
3552 2830 3748 2885 Anto~

2146 2922 2285 2988 nius,
2314 2921 2440 2978 huic
2467 2922 2759 2978 narrationi
2788 2922 2944 2977 fidem
2974 2930 3191 2991 negant.
3238 2921 3347 2977 Cur
3375 2923 3517 2978 enim
3547 2919 3744 2979 Theo-

2147 3011 2363 3067 dericus
2392 3012 2771 3081 Amalaricum,
2804 3027 2869 3068 ex
2901 3012 3282 3069 Amalasuntha
3312 3013 3418 3067 filia
3450 3021 3745 3086 nepotem,

2148 3105 2298 3174 regni
2317 3119 2682 3165 successorem
2700 3104 2935 3177 reliquit,
2950 3115 3005 3161 et
3026 3121 3130 3161 non
3155 3106 3332 3177 potius
3346 3106 3744 3162 Severianum!

464 3215 557 3271 sed
586 3214 748 3271 etiam
771 3209 1175 3267 celeberrimum
1204 3206 1344 3261 inter
1368 3202 1631 3274 Hispanos
1660 3217 1854 3257 nomen
1880 3216 2033 3254 usur-
2070 3205 2115 3270 ο
2145 3198 2297 3269 Quod
2323 3206 2503 3255 autem
2531 3198 2844 3255 Ambrosius
2881 3199 3111 3256 Merales
3146 3200 3440 3266 contendit,
3475 3200 3745 3257 Theode-

467 3322 623 3382 pans,
662 3303 925 3361 Isidorum
968 3299 1335 3365 Peccatorem,
1365 3295 1479 3353 sive
1524 3293 1876 3349 Mercatorem
1908 3306 2047 3346 nun-

467 3398 699 3471 cupavit.
763 3393 909 3450 Illico
963 3406 1029 3448 ea
1086 3387 1335 3446 collectio
1388 3386 1444 3442 in
1496 3384 1743 3439 manibus
1808 3382 2047 3439 omnium

468 3492 632 3564 cmpit
658 3488 857 3546 versari
884 3504 896 3540 :
927 3492 983 3541 et
1009 3480 1251 3554 quamvis
1277 3478 1540 3535 Isidorum
1579 3486 1818 3533 nostrum
1858 3474 2049 3546 Hispa-

470 3585 676 3640 lensem
721 3586 996 3635 auctorem
1038 3574 1154 3645 ejus
1199 3570 1543 3638 crediderint,
1580 3577 1760 3625 tamen
1807 3568 1918 3635 alii,
1959 3567 2050 3638 qui

471 3676 696 3734 concilia
737 3683 794 3730 et
830 3676 1174 3728 monumenta
1204 3666 1336 3733 alia,
1368 3664 1573 3722 Isidoro
1616 3662 1916 3735 Hispalensi
1959 3676 2051 3719 re-

472 3769 740 3832 centiora,
772 3765 824 3819 in
852 3777 970 3817 eam
1012 3758 1387 3815 collectionem
1434 3757 1640 3811 intrusa
1667 3754 1831 3811 fuisse
1860 3752 2050 3811 obser-

474 3861 674 3917 vabant
697 3897 711 3923 ,
744 3856 904 3913 alium
930 3852 1189 3909 Isidorum
1219 3849 1562 3906 collecterem
1591 3862 1710 3905 esse
1737 3846 2051 3914 intulerunt,

474 3969 654 4025 quem,
686 3958 746 4008 ut
772 3950 839 4006 ab
868 3946 1167 4018 Hispalensi
1195 3944 1603 4015 distinguerent,
1641 3941 1909 3999 Juniorem
1954 3958 2053 4000 vo-

376 4086 389 4111 ς
476 4048 745 4109 citarunt,
786 4051 841 4098 et
887 4039 1076 4097 eadem
1124 4038 1333 4093 ratione
1376 4035 1639 4092 Isidorum
1687 4035 2054 4106 Hispalensem

479 4139 762 4197 Seniorem.
795 4128 1238 4189 Concludeudum
1266 4129 1426 4201 igitur
1446 4136 1547 4193 est,
1570 4126 1830 4183 Isidorum
1860 4124 2056 4196 Hispa-
2082 4141 2091 4147 ‘

477 4232 679 4285 leneem
703 4225 863 4281 modo
882 4222 1181 4291 Juniorem,
1197 4221 1358 4277 modo
1383 4219 1663 4276 Seniorem
1684 4219 1790 4274 dici
1818 4237 1828 4272 :
1854 4218 2061 4276 scilicet

477 4318 749 4377 Juniorem
776 4358 791 4383 ,
822 4315 947 4370 dum
979 4320 1325 4384 comparatur
1371 4309 1578 4366 Isidoro
1616 4308 1901 4365 Pelusiotae
1925 4351 1941 4378 ,
1968 4315 2062 4365 aut

478 4412 640 4467 etiam
663 4451 678 4478 ,
725 4408 771 4465 si
799 4408 873 4462 ita
900 4400 1068 4473 velis,
1107 4403 1308 4461 lsidere
1348 4400 1681 4459 Cordubensi
1722 4417 1751 4456 a
1781 4401 2060 4471 Sigeberto

483 4502 697 4561 laudate
722 4519 736 4555 :
768 4500 1038 4555 Seniorem
1066 4513 1219 4565 vero,
1247 4496 1374 4551 dum
1404 4494 1679 4551 confertur
1704 4494 1907 4550 Isidoro
1936 4509 2059 4552 cum

484 4597 725 4660 Pacensi,
760 4602 872 4650 tum
902 4593 1090 4649 Iictitio
1119 4589 1417 4657 Pcccateri,
1448 4604 1544 4647 seu
1572 4588 1880 4646 Mercatori.

894 4674 897 4675 ⁷
1064 4682 1291 4741 CAPUT
1320 4682 1481 4739 xvn.

592 4782 653 4837 S.
684 4778 875 4834 Isidori
905 4776 1231 4846 Hispalensis
1268 4775 1461 4848 patria,
1493 4784 1760 4847 parentes,
1790 4785 1952 4832 ortus.

557 4873 609 4929 l.
648 4870 906 4927 Isidorum
936 4868 1152 4924 natione
1180 4867 1508 4925 Germanum
1537 4868 1720 4937 fuisse,
1752 4871 1935 4925 nescio
1965 4884 2063 4925 cur

486 4965 831 5024 somniaverit
872 4963 1108 5021 Joannes
1132 4962 1525 5034 Eisengreinius
1569 4963 1623 5019 in
1646 4962 1906 5035 Gatalege
1935 4972 2059 5021 test.

486 5062 669 5125 verit.,
691 5058 775 5114 cui
800 5057 956 5112 fidem
987 5065 1195 5112 tantum
1223 5073 1328 5113 non
1359 5056 1615 5113 adhibent
1639 5058 2063 5125 Centuriateres,

488 5158 631 5207 cent.
679 5151 731 5215 '7,
771 5164 891 5219 cap.
925 5147 1029 5218 18,
1080 5149 1107 5221 §
1150 5147 1203 5203 8.
1248 5147 1562 5220 Suspicatur
1609 5148 1723 5204 Nic.
1770 5149 2065 5222 Antonius,

490 5241 911 5313 Eisengrcinium
939 5242 1296 5311 existimasse,
1325 5240 1559 5298 Gothum
1590 5242 1753 5300 fuisse
1784 5241 2066 5313 Isidorum,

491 5345 546 5390 et
590 5335 692 5389 hac
733 5333 942 5389 ratione
975 5334 1128 5406 113
1169 5334 1416 5404 proprios
1462 5334 1563 5389 sibi
1592 5334 1778 5390 oculos
1806 5334 2071 5392 fascinare

491 5426 742 5482 voluisse.
763 5423 897 5481 Cum
916 5427 1059 5481 enim
1080 5424 1191 5495 jam
1219 5425 1389 5480 multo
1410 5434 1535 5480 ante
1553 5424 1713 5480 Gothi
1736 5425 1787 5479 in
1817 5424 2071 5495 HiSpania

492 5518 879 5587 consedissent,
905 5518 1115 5575 etiamsi
1141 5517 1376 5575 Gothum
1399 5517 1664 5573 Isidorum
1690 5516 1892 5589 tingere
1916 5518 2068 5590 velis,

496 5629 601 5669 non
633 5623 811 5671 tamen
856 5622 1144 5686 propterea
1191 5616 1412 5672 natione
1447 5610 1771 5671 Germanum
1800 5613 2072 5686 appellare

494 5709 731 5780 poteris,
778 5708 882 5764 nisi
932 5705 1259 5765 Germanum
1313 5706 1547 5777 accipias
1598 5720 1696 5778 pro
1744 5704 1922 5763 Gotho
1958 5706 2071 5778 jam

496 5799 761 5873 Hispaniae
789 5800 966 5860 incola
994 5808 1050 5858 et
1076 5801 1209 5859 cive.
1266 5796 1451 5869 Neque
1480 5814 1608 5856 vero
1638 5797 1743 5854 ulla
1787 5807 1869 5855 est
1892 5800 2072 5872 suspi-

2149 3289 2319 3346 ricum
2348 3303 2521 3359 neque
2550 3290 2603 3344 in
2632 3288 2939 3361 Hispaniam
2970 3292 3186 3363 quidem
3215 3308 3449 3363 unquam
3476 3292 3665 3363 ivisse,
3690 3292 3745 3350 id

2149 3391 2295 3438 certe
2322 3382 2528 3438 idoneis
2556 3383 2882 3454 argumentis
2905 3382 3163 3439 refellitur
3181 3399 3211 3438 a
3235 3384 3445 3439 Bivarie
3465 3384 3531 3439 ad
3558 3384 3745 3440 Maxi-

2150 3490 2295 3530 mum
2325 3490 2449 3531 ann.
2484 3475 2605 3533 l09.
2638 3475 2821 3534 Isidori
2852 3480 3014 3534 verba
3053 3478 3183 3535 satis
3213 3477 3495 3535 manifesta
3524 3488 3654 3534 sunt
3686 3480 3745 3536 in

2152 3568 2383 3626 Historia
2411 3570 2709 3627 Gothorum
2732 3587 2839 3627 mra
2864 3572 2966 3629 549
2993 3590 3005 3627 :
3036 3570 3442 3628 Theodericus...
3478 3573 3745 3629 exstincto

2154 3664 2407 3721 Gisaleico
2436 3683 2554 3737 rege
2595 3664 2874 3721 Gothorum
2918 3667 3193 3738 Hispania!
3227 3684 3439 3738 regnum
3468 3683 3537 3722 xv
3579 3669 3747 3724 annis

2154 3759 2388 3824 obtinuit,
2420 3758 2555 3831 quod
2582 3761 2839 3831 superstiti
2865 3759 3162 3815 Amalarice
3190 3761 3361 3829 nepoti
3388 3774 3480 3812 suo
3509 3758 3745 3831 reliquit.

2155 3849 2185 3906 1
2191 3850 2288 3906 nde
2305 3850 3093 3926 Itaiiumjrepetens,inliquandiu
3113 3852 3256 3908 omni
3271 3869 3384 3907 cum
3398 3853 3749 3922 prosperitate

2154 3944 2408 4016 regnavit.

2229 4034 2282 4089 4.
2323 4034 2495 4092 Lucas
2524 4035 2812 4107 Tudensis,
2836 4038 2947 4093 sive
2986 4037 3120 4093 alius
3156 4036 3335 4106 potius
3382 4035 3747 4107 interpolator

2158 4129 2463 4187 Isiderianm
2510 4130 2758 4187 Historia:
2801 4131 2959 4203 ιιι
2996 4129 3329 4199 Gothorum,
3364 4130 3455 4202 qui
3484 4129 3744 4189 Theodo-

2160 4226 2333 4280 ricum
2380 4225 2657 4281 Severiani
2699 4233 2905 4295 patrem
2957 4222 3120 4280 fuisse
3168 4223 3480 4290 afﬁrmavit,
3513 4239 3745 4282 uxorem

2161 4332 2374 4388 quoque
2406 4316 2724 4373 Theoderici
2772 4315 2906 4371 dixit
2936 4315 3100 4374 fuisse
3136 4317 3427 4389 quamdam
3473 4318 3743 4374 nobilissi~

2162 4425 2305 4464 mam
2338 4411 2583 4465 feminam
2613 4408 2949 4466 Toletanam.
2982 4408 3085 4466 Alii
3124 4410 3328 4481 antiqui
3354 4411 3422 4467 de
3446 4418 3618 4466 matre
3643 4411 3744 4467 Se~

2162 4504 2368 4561 veriani
2400 4512 2594 4559 tacent.
2624 4502 3105 4559 Pseudeohistorici
3147 4504 3270 4560 huic
3308 4502 3519 4560 feminae
3547 4520 3743 4563 nomen

2079 4593 2135 4655 D
2156 4596 2527 4667 imposuerunt
2574 4595 2843 4663 Santinw,
2874 4603 2967 4650 aut
3004 4593 3302 4664 Sanctinaz,
3331 4602 3423 4650 aut
3453 4594 3741 4663 Sauctivw,

2161 4700 2256 4747 aut
2285 4691 2533 4747 Sanciw:
2562 4703 2721 4759 quam
2761 4689 2924 4746 etiam
2956 4688 3314 4746 Beuedictinis
3350 4688 3742 4762 Garadigiiense

2160 4781 2220 4838 S.
2254 4781 2398 4837 Petri
2435 4780 2813 4835 monasterium
2854 4779 3218 4835 censtruxisse
3259 4778 3547 4834 commenti
3596 4789 3742 4836 sunt.

2163 4873 2436 4945 Ejusmodi
2488 4872 2735 4941 ligmcnla
2782 4871 3023 4943 expledit
3069 4870 3183 4927 Nic.
3225 4871 3524 4937 Antonius,
3568 4871 3606 4928 l.
3648 4886 3743 4940 tv,

2164 4982 2283 5038 cap.
2331 4964 2392 5034 4,
2438 4964 2692 5020 Biblioth.
2735 4971 2870 5033 vet.,
2911 4964 3003 5036 qui
3042 4963 3228 5020 irridet
3261 4962 3744 5035 pseudo-Hauberti

2169 5058 2567 5116 aﬁ‘ectatienem
2586 5059 2643 5114 iu
2662 5056 2931 5115 Chronico
2951 5058 3018 5114 ad
3039 5074 3164 5116 ann.
3193 5057 3319 5127 554,
3343 5057 3580 5114 Leander
3596 5060 3744 5130 prin-

2169 5169 2286 5224 ceps
2321 5154 2463 5222 ﬁlius
2492 5151 2755 5208 Seueriani
2783 5152 2959 5219 ducis,
2988 5159 3095 5206 etc.

2172 5290 2177 5293 _
2242 5243 2292 5297 5.
2323 5246 2391 5299 At
2420 5247 2668 5309 fortasse,
2690 5243 2898 5298 tametsi
2922 5243 3241 5299 Severianus
3267 5243 3406 5299 filius
3430 5244 3746 5309 Theoderici

2170 5337 2312 5406 regis
2341 5352 2450 5393 non
2491 5337 2686 5403 fuerit,
2722 5345 2897 5392 tamen
2942 5335 3059 5405 ejus
3106 5336 3259 5392 liberi
3300 5352 3369 5392 ex
3411 5339 3558 5408 regia
3586 5340 3748 5410 stirpe

2174 5428 2497 5485 Theoderici
2532 5428 2796 5500 procreati
2824 5436 2984 5484 sunt:
3017 5429 3267 5483 nimirum
3310 5429 3355 5484 si
3398 5446 3541 5486 uxor
3586 5430 3747 5487 Seve-

2173 5522 2308 5579 riani
2357 5520 2518 5578 fuerit
2561 5518 2668 5576 ﬁlia
2697 5520 3033 5579 Theoderici.
3085 5520 3144 5576 Id
3191 5523 3419 5579 asseth
3456 5522 3745 5591 Quintana-

2174 5620 2386 5684 dueﬁas
2407 5627 2463 5683 in
2484 5625 2605 5682 Vita
2620 5624 2679 5683 S.
2700 5621 2986 5697 Fulgentii,
3006 5622 3065 5680 S.
3084 5621 3270 5682 Isidori
3291 5623 3486 5691 fratris,
3509 5625 3748 5681 laudatus

2174 5737 2207 5778 a
2234 5719 2597 5777 Bellandianis
2646 5719 2704 5777 in
2748 5731 2860 5779 not.
2893 5722 2961 5779 ad
2988 5719 3161 5775 Vitam
3206 5719 3267 5776 S.
3296 5719 3513 5785 Isidori,
3544 5734 3661 5789 cap.
3699 5717 3747 5771 l.

2175 5813 2253 5872 Ita
2272 5824 2423 5873 certe
2443 5813 2742 5876 occurritur
2761 5812 3088 5881 difﬁcultati,
3112 5812 3255 5882 quod
3272 5812 3593 5870 Severianus
3614 5808 3748 5867 titius
