4048 6364
175 391 241 456 97
1235 375 1640 443 ιειῡοΒιΑΝΑ.
1675 410 1744 423 -
1782 368 1958 438 PARS
1994 383 2034 438 1.
2075 382 2230 438 CAP.
2271 378 2434 439 XVII.
3357 372 3426 437 98

178 504 496 568 Theodorici
522 518 631 562 non
661 503 871 560 videtur
898 500 1092 568 fuisse,
1122 495 1552 570 quandoquidem
1582 494 1760 549 Theo-
1782 494 1837 556 Δ
1860 496 1977 564 rici,
2008 513 2201 555 nomen
2251 497 2403 553 avide
2431 495 2767 566 arripientes,
2793 493 2894 549 alia
2923 493 2991 550 de
3028 506 3169 563 penu
3211 507 3306 548 sua
3333 494 3431 549 ad—

178 604 359 661 dorico
401 601 454 656 in
482 613 648 670 regno
677 612 783 652 non
813 594 1135 652 Severianus
1157 635 1173 661 ,
1203 591 1295 648 sed
1329 588 1660 646 Amalaricus
1685 602 1751 643 ex

1853 592 2101 648 diderunt
2133 611 2146 646 :
2176 591 2418 647 Flaviam
2456 573 2778 646 Theodoram
2807 586 3087 642 Cervellam
3109 627 3127 656 ,
3167 601 3263 642 seu
3309 583 3432 639 Cor-

177 693 555 752 Amalasuntha
584 688 906 746 Theodorici
956 701 1125 757 nepos
1175 685 1452 741 successit.
1506 679 1753 750 Alioquin
1849 685 2046 754 vilium,
2078 685 2238 740 filiam
2267 683 2443 739 Paula:
2465 683 2533 740 de
2561 697 2757 756 genere
2795 680 3088 738 clarissimo
3125 678 3425 734 Gothorum

178 803 296 844 cum
317 791 686 846 monumenta,
719 797 788 837 ex
813 780 1005 850 quibus
1029 777 1177 848 regia
1205 776 1394 833 lsidori
1425 775 1754 843 fratrumque

179 879 326 948 origo
353 876 613 945 arguitur,
644 871 840 929 saeculo
889 886 963 926 xu
1000 869 1306 938 antiquiora
1335 881 1453 923 esse
1483 881 1591 920 non
1627 879 1758 919 con-

178 978 299 1034 stet,
323 965 650 1038 ejuscemodi
674 963 858 1035 opinio
885 960 1133 1018 sustineri
1163 960 1344 1030 aliquo
1376 957 1538 1013 modo
1563 953 1758 1026 poterit

179 1071 429 1132 tanquam
477 1077 545 1116 ex
590 1056 1044 1127 traditione:pro
1092 1061 1239 1109 certa
1288 1061 1466 1108 autem
1497 1044 1760 1104 venditari

179 1168 282 1210 non
327 1151 521 1216 debet,
563 1150 678 1207 sive
721 1156 948 1203 matrem
997 1145 1182 1201 lsidori
1235 1143 1394 1197 filiam
1444 1137 1760 1195 Theodorici

178 1261 292 1303 esse
312 1244 689 1315 conjiciamus,
721 1243 836 1297 sive
854 1239 1204 1295 Severianum
1225 1232 1546 1290 Theodorici
1573 1230 1758 1298 lilium,

177 1339 286 1393 sive
333 1336 567 1393 eundem
616 1333 967 1390 Severianum
1016 1327 1342 1385 Theodorici
1392 1325 1656 1380 fratrem:
1695 1321 1765 1378 de

177 1445 279 1502 quo
299 1428 615 1485 nonnullam
642 1424 995 1499 quaestionem
1022 1436 1143 1478 esse
1169 1420 1401 1477 innuunt
1429 1411 1765 1474 Bollandiani

177 1521 280 1579 loc.
309 1521 403 1577 cit.

242 1611 291 1668 6.
334 1609 418 1668 Ex
470 1610 831 1668 monumentis
883 1607 1119 1678 antiquis
1170 1605 1226 1661 id
1279 1619 1445 1660 unum
1501 1600 1769 1658 affirmare

176 1717 492 1776 possumus,
519 1700 770 1767 Leandri,
802 1698 1012 1764 lsidori,
1044 1694 1332 1765 Fulgentii,
1363 1702 1418 1749 et
1447 1692 1768 1749 Florentium

179 1808 381 1870 patrem
411 1797 583 1852 fuisse
601 1796 948 1852 Severianum
980 1791 1268 1863 provinciae
1293 1786 1765 1859 Carthaginiensis.

1854 786 2261 848 nuncuparunt:
2286 794 2405 848 qua:
2427 786 2604 833 tamen
2627 791 2656 832 a
2684 773 3246 848 pseudo-Luitprando
3278 771 3438 826 Theo~

1854 871 2004 927 dosia
2030 869 2238 926 Ceruela
2264 870 2477 925 dicitur.
2507 867 2633 924 Haec
2658 867 2889 934 somnia,
2919 882 3038 937 quae
3065 880 3096 919 a
3132 862 3438 934 supposito-

1858 979 1976 1020 rum
2022 962 2401 1018 chronicorum
2452 959 2968 1018 commentatoribus
3005 955 3440 1029 inscriptionibus

1859 1055 2020 1111 etiam
2051 1054 2284 1123 antiquis
2313 1053 2673 1122 illustrantur,
2703 1051 2821 1109 fuse
2849 1052 2964 1109 Nic.
2998 1050 3263 1107 Antonius
3290 1062 3442 1104 more

1859 1165 1958 1206 suo
1983 1147 2198 1214 refutat,
2227 1163 2346 1204 cum
2377 1148 2443 1204 de
2470 1147 2528 1204 S.
2561 1147 2808 1204 Leandre
2836 1147 2965 1218 agit,
2995 1146 3086 1202 ubi
3116 1145 3278 1201 etiam
3307 1143 3441 1200 duas

1860 1257 1929 1299 ex
1951 1241 2237 1297 Ambrosio
2261 1239 2492 1296 Morales
2521 1239 2900 1312 inscriptiones
2920 1237 3189 1310 producit,
3218 1236 3444 1292 alteram

1863 1333 1929 1390 de
1983 1333 2148 1388 Paula
2205 1333 2435 1404 quadam
2484 1331 2776 1388 clarissima
2833 1328 3064 1397 femina,
3112 1329 3336 1386 alteram
3379 1326 3446 1383 de

1863 1424 2105 1482 Cervella
2123 1424 2418 1481 clarissima
2440 1423 2657 1480 femina.
2687 1423 2795 1478 Has
2815 1421 3191 1493 inscriptiones
3215 1417 3446 1491 pseudo-

1865 1516 2104 1574 historici
2133 1531 2243 1587 prae
2275 1516 2447 1572 oculis
2487 1515 2809 1582 habuerunt,
2842 1521 2901 1568 ut
2928 1512 3167 1568 Flaviam
3193 1509 3446 1566 Theodo-

1866 1623 1980 1665 ram
1991 1607 2312 1674 Cervellam,
2326 1604 2504 1662 Paulae
2521 1605 2707 1673 filiam,
2725 1618 2943 1660 uxorem
2957 1601 3232 1659 Severiani
3252 1597 3450 1657 conﬁn-

1867 1710 2084 1772 gerent,
2108 1701 2191 1756 cui
2215 1699 2306 1754 alii
2330 1698 2543 1755 easdem
2566 1696 2940 1767 inscriptiones
2959 1691 3449 1750 accommodarent.

1869 1792 2173 1848 Notandum
2215 1806 2466 1862 quoque,
2513 1788 2781 1845 Ambrosii
2829 1785 3058 1841 Morales
3103 1784 3154 1839 in
3183 1783 3454 1839 veteribus

178 1889 408 1945 Isidorus
463 1887 531 1942 de
561 1886 669 1942 Vir.
715 1885 915 1942 Illustr.
942 1924 955 1950 ,
1004 1899 1123 1954 cap.
1156 1882 1244 1949 41,
1287 1879 1524 1935 Leander
1568 1880 1769 1951 genitus
1801 1875 2309 1955 Binscriptionibus
2356 1881 2716 1953 producendis
2765 1875 2922 1934 fidem
2979 1874 3118 1947 apud
3168 1873 3454 1930 nonnullos

181 1991 320 2054 patre
351 1981 636 2038 Severiano
663 1975 1107 2049 Carthaginiensis
1133 1975 1431 2046 provinciis,
1452 1970 1772 2043 professione

182 2077 486 2140 monachus,
517 2082 626 2131 etc.
654 2074 731 2129 De
760 2072 1041 2128 Severiani
1081 2069 1299 2126 nomine
1327 2083 1514 2125 omnes
1544 2081 1773 2123 consen—

185 2170 354 2226 tiunt:
389 2169 536 2242 quod
566 2167 709 2224 enim
758 2167 814 2223 in
860 2166 1071 2239 hymnis
1111 2165 1284 2222 Officii
1322 2164 1525 2234 proprii
1578 2161 1773 2234 Hispa-

184 2259 374 2329 lensis,
408 2275 569 2331 supra
614 2274 733 2329 cap.
787 2258 880 2327 15,
927 2258 1144 2313 Severus
1192 2255 1420 2323 dicitur,
1465 2253 1519 2310 id
1564 2253 1775 2309 ratione

185 2355 340 2409 metri
370 2353 572 2409 factum
610 2353 796 2424 liquet.
837 2351 1156 2407 Sermonem
1185 2358 1369 2406 autem
1399 2363 1519 2405 esse
1550 2347 1616 2403 de
1642 2363 1774 2418 pro-

185 2447 356 2503 vincia
406 2447 831 2516 Carthaginiensi
877 2446 930 2500 in
986 2443 1276 2515 Hispania,
1320 2458 1431 2499 non
1476 2443 1530 2497 in
1561 2440 1772 2508 Africa,

183 2541 308 2612 quid
331 2557 472 2612 opus
493 2549 576 2598 est
600 2538 1070 2595 animadvertere?
1100 2536 1261 2608 Atqui
1291 2536 1374 2592 his
1395 2535 1574 2592 verbis
1600 2533 1777 2590 alieno

182 2647 343 2691 sensu
393 2635 636 2705 acceptis
658 2673 671 2698 ,
705 2631 938 2688 Joannes
967 2630 1297 2686 Trithemius
1334 2627 1402 2684 de
1429 2627 1542 2683 Vir.
1573 2625 1775 2682 lllustr.

179 2728 297 2784 0rd.
345 2727 651 2792 Benedict.,
683 2727 718 2780 l.
753 2742 819 2792 ιι,
844 2740 963 2795 cap.
990 2723 1042 2791 9,
1075 2732 1130 2780 et
1174 2722 1374 2795 Xystus
1420 2722 1677 2778 Senensis
1724 2721 1780 2775 in

1873 1993 1983 2034 non
2010 1977 2138 2033 satis
2167 1974 2373 2030 firmam
2404 1989 2545 2030 esse.

1951 2069 2108 2139 116
2133 2067 2186 2119 9.
2225 2064 2446 2135 Rejecto
2476 2060 2772 2119 Theodorae
2799 2061 3035 2128 nomine,
3056 2057 3174 2116 Nic.
3198 2055 3458 2113 Antonius

1873 2173 2099 2216 uxorem
2136 2154 2412 2213 Severiani
2443 2153 2733 2210 Turturem
2763 2161 3011 2209 vocatam
3037 2149 3344 2213 contendit,
3378 2146 3459 2200 al-

1873 2252 2128 2322 legatque
2176 2264 2296 2304 cum
2343 2246 2508 2303 verba
2563 2243 2786 2301 Leandri
2833 2259 2960 2300 mox
2999 2239 3305 2309 aﬂerenda,
3349 2246 3461 2294 tum

1875 2345 2140 2401 breviaria
2184 2339 2444 2398 nonnulla
2473 2337 2782 2408 Hispanica,
2814 2351 2932 2407 qua:
2961 2332 3204 2390 Bivarius
3231 2330 3461 2387 viderat.

1878 2439 2183 2505 Florezius,
2218 2447 2349 2494 tom.
2379 2435 2446 2490 IX
2486 2434 2637 2504 Hisp.
2668 2447 2803 2488 sacr.
2828 2473 2844 2501 ,
2874 2429 2991 2487 Nic.
3021 2426 3315 2483 Antonium
3343 2438 3464 2480 cum

1881 2535 2019 2599 aliis,
2072 2541 2128 2588 et
2173 2529 2450 2586 Breviario
2501 2523 2800 2597 Hispalensi
2851 2523 2926 2578 ita
2969 2521 3170 2577 sentire
3213 2516 3461 2573 afﬁrmat.

1878 2623 2248 2682 Nominandus
2293 2629 2419 2677 ante
2464 2620 2598 2675 alios
2645 2626 2725 2673 est
2771 2615 3073 2672 Canonicus
3118 2610 3465 2682 Legionensi

1881 2729 2068 2777 auctor
2108 2718 2240 2774 Vita:
2270 2717 2328 2772 S.
2360 2713 2580 2780 lsidori;
2620 2710 2791 2767 Mater
2817 2727 2933 2765 vero
2975 2707 3198 2763 Turtura
3225 2704 3466 2760 vocitata.

177 2822 438 2880 Biblioth.
468 2824 507 2876 l.
540 2840 591 2878 ιν
619 2821 921 2876 Leandrum
951 2819 1138 2874 Afrum
1177 2832 1298 2874 esse
1336 2815 1774 2887 pronuntiarunt.
1880 2811 1939 2867 S.
1971 2810 2216 2866 Leander
2263 2824 2383 2878 cap.
2417 2806 2514 2861 ult.
2559 2804 2755 2873 regula:
2796 2802 2862 2857 ad
2903 2799 3268 2857 Florentinam
3314 2809 3467 2850 soro-

249 2917 308 2974 7.
340 2913 702 2981 Quaerendum
733 2913 911 2983 potius
931 2921 1032 2977 est,
1055 2926 1124 2966 an
1144 2909 1466 2965 Severianus
1486 2907 1592 2962 dux
1621 2905 1784 2962 fuerit
1881 2919 2021 2970 rem,
2049 2901 2196 2972 quod
2224 2915 2384 2971 supra
2415 2913 2535 2968 cap.
2568 2896 2604 2949 2
2631 2896 2851 2950 allatum
2888 2902 2971 2950 est
2989 2935 3004 2962 ,
3033 2889 3330 2948 communis
3356 2903 3468 2941 ma-

177 3005 645 3075 Carthaginicnsis
695 2979 984 3075 provinciae
1006 3044 1023 3070 ,
1053 3010 1112 3058 ut
1155 3015 1311 3057 more
1357 3000 1498 3056 illius
1523 2998 1702 3054 aetatis
1728 3003 1785 3053 et
1885 2997 1984 3052 tris
2003 2993 2267 3059 meminit,
2301 2999 2461 3059 atque
2484 2989 2623 3043 inter
2652 2986 2757 3041 alia
2778 2985 2860 3041 sic
2880 2983 3042 3040 refert
3066 3000 3078 3036 :
3111 2979 3470 3051 Simplicitatis

179 3100 358 3172 gentis
395 3073 652 3155 Claudius
696 3073 804 3152 dux
851 3098 1006 3169 115
1058 3094 1348 3152 Lusitania:
1396 3092 1532 3160 fuit,
1586 3088 1783 3145 Paulus
1885 3087 2000 3159 ﬁlia
2044 3103 2132 3151 es,
2179 3099 2292 3156 qua:
2341 3081 2562 3136 Turture
2608 3087 2770 3132 matre
2816 3086 2939 3130 nata
2967 3091 3051 3142 es;
3082 3075 3137 3128 in
3165 3073 3341 3127 eadem
3371 3085 3471 3122 una

183 3191 482 3266 provinciae
528 3189 894 3246 Narbonensis
926 3207 940 3242 :
988 3187 1064 3245 ita
1105 3187 1250 3244 enim
1287 3185 1637 3248 vocabantur,
1688 3180 1782 3252 qui
1820 3253 1860 3266 __
1889 3195 2111 3253 persona
2131 3177 2468 3248 complurium
2492 3170 2925 3228 necessitudinum
2952 3167 3108 3222 uteris
3131 3165 3317 3235 ofﬁcio.
3343 3161 3473 3216 Tur-

185 3283 494 3356 provincias
535 3281 1002 3338 administrabant.
1047 3279 1204 3336 Joan.
1251 3277 1495 3349 Baptista
1530 3273 1786 3331 Perezius
1813 3253 1861 3321 ο
1896 3283 2056 3328 turem
2075 3286 2170 3342 pro
2192 3278 2356 3324 matre
2376 3265 2602 3338 respice;
2633 3261 2904 3317 Turturem
2930 3275 3023 3331 pro
3044 3257 3293 3327 magistra
3308 3263 3472 3306 atten-

189 3347 239 3431 in
283 3381 398 3431 not.
445 3372 511 3428 ad
556 3371 816 3428 [siderum
863 3371 1132 3438 observat,
1187 3347 1539 3426 falso'verbis
1589 3363 1780 3421 lsidori
1883 3362 2215 3434 de,etc.Non
2233 3347 3474 3434 potuitclarius,inquitNic.Antonius,adeout

193 3465 388 3522 Lucam
431 3462 735 3519 Tudensem
779 3471 834 3519 et
862 3463 997 3518 alios
1035 3460 1238 3516 addere
1291 3461 1438 3515 duce.
1483 3457 1781 3514 Rodericus
1884 3439 3475 3524 etiamBivarius,hacpermotusauctoritate,apudpseudo-

191 3573 404 3630 quoque
429 3555 726 3611 Toletanns
754 3553 995 3625 ejusdem
1023 3552 1197 3608 aetatis
1219 3594 1236 3621 ,
1267 3566 1333 3608 ac
1361 3549 1534 3606 Lucas
1563 3548 1780 3605 Tuden-

193 3650 280 3716 sis,
312 3656 367 3704 et
395 3656 589 3703 auctor
625 3647 1043 3704 continuationis
1070 3643 1324 3703 Cbronici
1371 3643 1650 3700 lsidoriani
1680 3641 1780 3699 sub

192 3741 437 3802 lldel‘onsi
489 3742 705 3799 nomine
730 3750 919 3813 aperte
944 3739 1294 3798 Severianum
1317 3737 1607 3811 provincia:
1650 3735 1776 3794 Car-

196 3836 543 3909 thaginiensis
591 3835 773 3889 ducem
815 3841 1034 3890 vocant.
1087 3831 1148 3886 In
1198 3829 1489 3886 Breviariis
1546 3828 1780 3898 antiquis

196 3927 494 4000 llispanicis
521 3926 609 3984 vel
636 3927 742 3983 hoc
769 3927 946 3998 ipsum
975 3923 1225 3992 traditur,
1256 3923 1344 3978 vel
1373 3922 1654 3989 asseritur,
1684 3921 1784 3976 Se-

197 4023 467 4078 verianum
506 4028 634 4076 tunc
654 4018 967 4090 Carthagini
1016 4016 1179 4073 Novae
1220 4015 1507 4073 dominari.
1558 4013 1782 4070 Brevia-

196 4113 325 4167 rium
348 4112 656 4168 Romanum
686 4108 1021 4180 recognitum
1048 4106 1252 4178 pariter
1271 4104 1565 4178 provinciae
1590 4102 1784 4160 ducem

197 4204 544 4264 Severianum
569 4211 727 4260 vocat
751 4203 806 4259 iu
835 4202 1154 4259 lectionibus
1181 4200 1239 4257 S.
1269 4197 1479 4256 lsidori.
1503 4196 1788 4254 Nihilomi-

199 4311 291 4353 nus
338 4299 392 4354 in
444 4295 653 4352 Oﬂiciis
697 4294 930 4367 propriis
975 4292 1217 4351 ecclesia:
1256 4291 1566 4359 Toletanae,
1621 4305 1784 4362 supra

200 4403 311 4460 cap.
359 4389 456 4457 15,
497 4388 660 4444 verba
707 4385 896 4443 lsidori
944 4393 1156 4442 retenta
1200 4392 1348 4451 sunt,
1378 4383 1508 4455 quin
1536 4382 1783 4449 addatur,

201 4479 380 4538 ducem
407 4482 582 4538 fuisse
613 4479 982 4535 Severianum.
1017 4476 1264 4534 Breulius
1291 4476 1346 4532 in
1375 4474 1603 4546 epistola
1631 4472 1786 4529 dedi-

203 4577 392 4632 catoria
423 4576 494 4632 ad
526 4573 710 4630 lsidori
732 4571 928 4644 Opera,
957 4572 1253 4629 otiosorum
1275 4569 1594 4628 commentis
1623 4568 1784 4626 fidem

1880 3551 2173 3608 Maximum
2217 3548 2508 3606 lectionem
2545 3543 2830 3600 Theodoro:
2869 3546 3198 3613 cognomento
3225 3534 3474 3590 Ceruella:

1882 3643 2191 3700 mutandam
2207 3639 2477 3698 censuerit
2489 3637 2545 3694 in
2563 3635 2837 3691 Turturum
2862 3638 3196 3704 cognomento
3213 3625 3470 3682 Cerulam.

1957 3735 2043 3790 10.
2081 3733 2154 3790 At
2180 3731 2495 3789 validiorem
2530 3726 2898 3784 adversarium
2934 3723 3037 3778 hac
3083 3722 3135 3775 in
3182 3733 3244 3774 re
3288 3724 3475 3773 nostro

1884 3837 2130 3899 tempore
2157 3834 2346 3882 nactus
2370 3831 2452 3880 est
2469 3821 2586 3877 Nic.
2611 3818 2893 3882 Antonius,
2917 3813 3124 3870 scilicet
3147 3808 3470 3870 Florezium,

1886 3927 2018 3975 tom.
2046 3916 2120 3972 1X
2140 3916 2294 3987 Hisp.
2317 3930 2458 3971 sacr.
2482 3913 2532 3968 ls
2553 3927 2673 3967 cum
2696 3907 2841 3981 apud
2868 3905 3160 3975 scriptores
3183 3901 3382 3958 saiculo
3403 3913 3473 3954 vn

1886 4009 2164 4082 proximos
2192 4019 2393 4062 nomen
2423 4002 2670 4059 Turturis
2715 3997 2868 4054 uxori
2907 3992 3185 4051 Severiani
3211 3992 3473 4046 tributum

1887 4080 1999 4159 non
2030 4098 2318 4169 invenerit,
2343 4095 2491 4152 nullo
2521 4092 2574 4149 id
2601 4089 2953 4147 fundamento
2981 4083 3149 4141 astrui
3181 4097 3336 4153 posse
3362 4080 3477 4136 exi—

1888 4196 2072 4252 stimat
2099 4210 2112 4248 :
2144 4191 2409 4262 siquidem
2458 4184 2688 4243 Leandri
2718 4182 2882 4238 verba
2908 4194 3018 4237 non
3054 4178 3304 4243 innuunt,
3340 4173 3476 4230 Tur-

1890 4300 2066 4348 turem
2091 4295 2340 4346 vocatam
2371 4283 2535 4341 fuisse
2563 4277 2888 4338 Florentium
2917 4283 3164 4338 matrem,
3195 4270 3287 4327 sed
3319 4269 3473 4326 femi-

1892 4402 2017 4443 nam
2038 4383 2324 4456 quamdam
2365 4379 2548 4446 aliam,
2569 4371 2923 4438 monasterio,
2954 4369 3008 4426 in
3035 4383 3142 4440 quo
3165 4365 3473 4422 Florentius

1891 4455 2146 4550 degebat,
2175 4472 2538 4546 praepositam.
2588 4467 2850 4524 Nimirum
2896 4459 3259 4517 Florentinam
3289 4455 3475 4511 horta-

1893 4549 1984 4627 tur
2033 4567 2302 4632 Leander,
2350 4572 2409 4619 ut
2457 4559 2801 4633 praepositam
2847 4567 3000 4611 suam
3047 4549 3331 4605 Turturem
3377 4559 3476 4616 pro

204 4677 452 4737 praestans
476 4710 494 4736 ,
547 4639 817 4733 afﬁrmat,
858 4664 1246 4733 Severianum,
1296 4661 1485 4719 lsidori
1531 4669 1741 4733 patrem
1768 4703 1783 4729 ,
1811 4639 1870 4705 Ῑ)
1893 4662 2169 4733 magistra,
2199 4669 2255 4716 et
2298 4673 2398 4730 pro
2446 4661 2617 4710 matre
2659 4648 2953 4720 respiciat,
3000 4656 3229 4712 eamque
3264 4643 3480 4710 reputet

208 4756 357 4816 fuisse
397 4760 542 4832 regis
571 4757 896 4814 Theodorici
942 4753 1110 4812 ﬁlium
1141 4773 1153 4811 :
1187 4764 1521 4827 matremque
1564 4753 1808 4823 lsidori,.

209 4873 357 4927 quam
382 4857 726 4915 Theodoram
748 4862 926 4920 vocat,
956 4853 1108 4924 regio
1137 4850 1438 4909 Gothorum
1466 4858 1786 4924 prognatam

211 4950 479 5022 sanguine.

278 5041 327 5098 8.
367 5043 667 5100 Theodorae
714 5042 930 5099 nomine
976 5055 1199 5098 uxorem
1237 5038 1514 5096 Severiani
1543 5037 1780 5110 appella-

217 5139 316 5188 tam
336 5135 495 5192 fuisse
508 5176 526 5204 ,
540 5135 837 5191 Rodericus
855 5133 1106 5190 Sanctius
1126 5132 1192 5188 de
1209 5131 1460 5197 Arevalo,
1476 5129 1790 5188 Palentinus

216 5227 517 5299 episcopus,
553 5228 814 5298 scriptum
854 5226 1102 5296 reliquit,
1150 5231 1289 5296 part.
1338 5238 1375 5278 ιι
1424 5221 1560 5277 Hist.
1604 5221 1790 5293 llisp.,

220 5329 328 5388 cap.
357 5317 410 5374 9.
439 5319 498 5375 Id
526 5318 667 5375 unde
710 5317 980 5382 hauserit,
1018 5315 1133 5372 Nic.
1164 5315 1400 5370 Antonio
1441 5329 1550 5369 non
1598 5329 1794 5368 occur-

221 5407 380 5465 rebat.
402 5410 471 5467 At
491 5410 826 5467 Bollandiani
851 5409 906 5465 in
930 5417 1044 5465 not.
1068 5407 1137 5464 ad
1160 5422 1279 5477 cap.
1305 5407 1329 5459 1
1357 5405 1491 5460 Viue
1519 5405 1579 5460 S.
1602 5403 1790 5460 lsidori

219 5499 320 5569 iam
343 5505 780 5572 observaverant,
805 5505 880 5561 ita
903 5517 1126 5559 uxorem
1154 5499 1432 5558 Severiani
1463 5498 1791 5570 appellatam

223 5592 374 5654 fuisse
402 5614 435 5655 a
480 5598 625 5659 Luca
679 5597 914 5655 Tudensi
950 5597 1006 5652 in
1051 5592 1367 5667 praefatione
1412 5592 1479 5648 ad
1500 5591 1789 5648 Chronica.

225 5684 326 5744 lmo
369 5689 472 5747 hoc
510 5692 682 5764 ipsum
726 5691 868 5747 idem
913 5688 1030 5746 Nic.
1081 5684 1343 5743 Antonius
1388 5683 1696 5740 adverterat
1737 5682 1793 5738 in

227 5776 439 5846 epistola
481 5782 548 5839 ad
583 5781 996 5848 Bollandianos,
1035 5777 1190 5849 cujus
1234 5777 1292 5832 hi
1336 5775 1697 5836 meminerunt
1737 5775 1794 5831 in

227 5879 502 5937 cumment.
533 5874 732 5948 praevio
759 5870 829 5932 ad
859 5870 1034 5932 Vitam
1061 5869 1121 5931 S.
1150 5868 1361 5930 lsidori.
1383 5866 1795 5929 Pseudo-histo-

1892 4731 2060 4812 veluti
2103 4760 2330 4809 matrem
2347 4790 2365 4821 ,
2388 4746 2551 4804 etiam
2577 4758 2641 4801 ea
2665 4749 2837 4798 matre
2859 4752 2968 4810 qua
2994 4743 3122 4792 nata
3148 4733 3322 4790 fuerat
3348 4731 3478 4788 cha-

1893 4851 2117 4908 riorem.

1964 4941 2051 4996 11.
2082 4938 2296 5004 Fateor,
2324 4928 2712 5003 aliquantulum
2737 4924 2965 4981 obscura
2989 4934 3110 4978 esse
3124 4916 3288 4975 verba
3311 4914 3480 4973 Lean-

1892 5036 1995 5102 dri,
2024 5033 2308 5088 chariorem
2352 5043 2453 5097 qua
2482 5032 2609 5080 nata
2654 5038 2706 5076 es
2744 5027 2924 5089 reputa
2949 5022 3185 5072 matrem.
3219 5011 3325 5068 Sed
3354 5024 3476 5068 cum

1896 5101 2039 5185 idem
2062 5120 2310 5179 Leander
2333 5118 2503 5174 dicat:
2523 5114 2742 5169 Turture
2766 5119 2930 5165 matre
2955 5115 3080 5162 nata
3104 5121 3177 5160 es.
3203 5101 3272 5158 In
3297 5101 3477 5157 eadem

1892 5235 1998 5273 una
2019 5230 2238 5290 persona
2254 5208 2592 5280 complurium
2612 5201 3043 5260 necessitudinum
3059 5199 3218 5252 uteris
3239 5195 3478 5266 oﬁicio...

1894 5311 1978 5367 Sit
2009 5287 2099 5364 tibi
2128 5306 2274 5361 dulce
2301 5303 2413 5374 ejus
2442 5300 2688 5373 gremium
2726 5297 2838 5368 jam
2875 5301 3127 5363 provecta:
3149 5331 3164 5357 ,
3193 5287 3328 5359 quod
3366 5293 3482 5340 erat

1892 5400 2085 5473 infanti
2113 5395 2498 5470 gratissimum,
2526 5389 2614 5446 vix
2653 5388 2768 5442 haec
2813 5382 3037 5452 intelligi
3088 5385 3346 5451 possunt,
3377 5373 3481 5430 nisi

1894 5468 1962 5550 de
1986 5468 2126 5548 verat
2158 5497 2332 5546 matre
2376 5481 2734 5545 Florentium,
2766 5491 2884 5550 quae
2928 5473 3084 5531 simul
3124 5473 3199 5528 illi
3241 5468 3309 5524 ad
3337 5468 3480 5522 viam

1895 5580 2241 5656 perfectionis
2261 5576 2448 5634 fuisset
2462 5571 2736 5643 magistra,
2751 5575 2806 5625 et
2819 5581 2938 5637 qua:
2959 5571 3245 5636 propterea
3267 5556 3481 5615 charior

1894 5649 2220 5734 ilorentiua:
2237 5685 2356 5728 esse
2379 5667 2622 5730 deberet,
2652 5659 2798 5733 quod
2818 5674 2938 5715 eam
2966 5655 3178 5713 Christo
3202 5649 3480 5706 affectibus
