  <div class='ocr_page' id='page_1' title='image "/cluster/home/n/w/nwhite01/storage/ocr_20150623/81/hvd.32044015469430/055.png"; bbox 0 0 4048 6364; ppageno 0'>
   <div class='ocr_carea' id='block_1_1' title="bbox 466 263 534 321">
    <p class='ocr_par' dir='ltr' id='par_1_1' title="bbox 466 263 534 321">
     <span class='ocr_line' id='line_1_1' title="bbox 466 263 534 321; baseline -0.015 0"><span class='ocrx_word' id='word_1_1' title='bbox 466 263 534 321; x_wconf 77' lang='lat'><strong>99.</strong></span> 
     </span>
    </p>
   </div>
   <div class='ocr_carea' id='block_1_2' title="bbox 1239 245 3027 316">
    <p class='ocr_par' dir='ltr' id='par_1_2' title="bbox 1239 245 3027 316">
     <span class='ocr_line' id='line_1_2' title="bbox 1239 245 3027 316; baseline 0 -6"><span class='ocrx_word' id='word_1_2' title='bbox 1239 253 1328 310; x_wconf 78' lang='lat' dir='ltr'><strong>AD</strong></span> <span class='ocrx_word' id='word_1_3' title='bbox 1365 251 1594 312; x_wconf 80' lang='lat' dir='ltr'><strong>OPERA</strong></span> <span class='ocrx_word' id='word_1_4' title='bbox 1632 255 1690 312; x_wconf 84' lang='lat' dir='ltr'><strong>S.</strong></span> <span class='ocrx_word' id='word_1_5' title='bbox 1732 245 1980 312; x_wconf 78' lang='lat' dir='ltr'><strong>lSlDURl</strong></span> <span class='ocrx_word' id='word_1_6' title='bbox 2020 250 2458 314; x_wconf 82' lang='lat' dir='ltr'><strong>lllSPALENSIS</strong></span> <span class='ocrx_word' id='word_1_7' title='bbox 2498 251 3027 316; x_wconf 76' lang='lat' dir='ltr'><strong>PBOLEGUMENA.</strong></span> 
     </span>
    </p>
   </div>
   <div class='ocr_carea' id='block_1_3' title="bbox 3682 263 3812 319">
    <p class='ocr_par' dir='ltr' id='par_1_3' title="bbox 3682 263 3812 319">
     <span class='ocr_line' id='line_1_3' title="bbox 3682 263 3812 319; baseline 0.015 -2"><span class='ocrx_word' id='word_1_8' title='bbox 3682 263 3812 319; x_wconf 67' lang='grc' dir='ltr'><strong>1ου</strong></span> 
     </span>
    </p>
   </div>
   <div class='ocr_carea' id='block_1_4' title="bbox 475 363 3814 445">
    <p class='ocr_par' dir='ltr' id='par_1_4' title="bbox 475 363 3814 445">
     <span class='ocr_line' id='line_1_4' title="bbox 475 363 3814 445; baseline 0.002 -18"><span class='ocrx_word' id='word_1_9' title='bbox 475 378 659 444; x_wconf 99' lang='lat' dir='ltr'><strong>urget,</strong></span> <span class='ocrx_word' id='word_1_10' title='bbox 687 382 994 426; x_wconf 86' lang='lat' dir='ltr'><strong>sermonem</strong></span> <span class='ocrx_word' id='word_1_11' title='bbox 1043 367 1288 424; x_wconf 87' lang='lat' dir='ltr'><strong>Leandro</strong></span> <span class='ocrx_word' id='word_1_12' title='bbox 1309 383 1429 426; x_wconf 84' lang='lat' dir='ltr'><strong>esse</strong></span> <span class='ocrx_word' id='word_1_13' title='bbox 1468 370 1536 426; x_wconf 91' lang='lat' dir='ltr'><strong>de</strong></span> <span class='ocrx_word' id='word_1_14' title='bbox 1566 369 1798 426; x_wconf 90' lang='lat' dir='ltr'><strong>Turture</strong></span> <span class='ocrx_word' id='word_1_15' title='bbox 1827 368 2060 438; x_wconf 80' lang='lat' dir='ltr'><strong>femina,</strong></span> <span class='ocrx_word' id='word_1_16' title='bbox 2089 370 2140 436; x_wconf 74' lang='grc' dir='ltr'>Α</span> <span class='ocrx_word' id='word_1_17' title='bbox 2167 363 2522 422; x_wconf 86' lang='lat' dir='ltr'><strong>Gosuintbam</strong></span> <span class='ocrx_word' id='word_1_18' title='bbox 2550 409 2568 435; x_wconf 92' lang='lat'><strong>,</strong></span> <span class='ocrx_word' id='word_1_19' title='bbox 2627 381 2804 439; x_wconf 88' lang='lat' dir='ltr'><strong>neque</strong></span> <span class='ocrx_word' id='word_1_20' title='bbox 2854 369 2906 424; x_wconf 90' lang='lat' dir='ltr'><strong>in</strong></span> <span class='ocrx_word' id='word_1_21' title='bbox 2961 368 3356 428; x_wconf 78' lang='lat' dir='ltr'><strong>consuetudine</strong></span> <span class='ocrx_word' id='word_1_22' title='bbox 3408 378 3536 430; x_wconf 71' lang='lat' dir='ltr'><strong>hinc</strong></span> <span class='ocrx_word' id='word_1_23' title='bbox 3605 387 3814 445; x_wconf 67' lang='lat' dir='ltr'><strong>rese.</strong></span> 
     </span>
    </p>
   </div>
   <div class='ocr_carea' id='block_1_5' title="bbox 463 451 2060 536">
    <p class='ocr_par' dir='ltr' id='par_1_5' title="bbox 463 451 2060 536">
     <span class='ocr_line' id='line_1_5' title="bbox 463 451 2060 536; baseline -0.001 -17"><span class='ocrx_word' id='word_1_24' title='bbox 463 479 582 536; x_wconf 47' lang='lat' dir='ltr'><strong>quac</strong></span> <span class='ocrx_word' id='word_1_25' title='bbox 628 465 681 518; x_wconf 93' lang='lat' dir='ltr'><strong>in</strong></span> <span class='ocrx_word' id='word_1_26' title='bbox 720 451 856 517; x_wconf 84' lang='lat' dir='ltr'><strong>vivis</strong></span> <span class='ocrx_word' id='word_1_27' title='bbox 899 469 1025 518; x_wconf 89' lang='lat' dir='ltr'><strong>tunc</strong></span> <span class='ocrx_word' id='word_1_28' title='bbox 1069 468 1288 529; x_wconf 78' lang='lat' dir='ltr'><strong>ageret;</strong></span> <span class='ocrx_word' id='word_1_29' title='bbox 1338 477 1460 518; x_wconf 91' lang='lat' dir='ltr'><strong>cum</strong></span> <span class='ocrx_word' id='word_1_30' title='bbox 1499 471 1678 519; x_wconf 90' lang='lat' dir='ltr'><strong>tamen</strong></span> <span class='ocrx_word' id='word_1_31' title='bbox 1726 461 1889 534; x_wconf 92' lang='lat' dir='ltr'><strong>paulo</strong></span> <span class='ocrx_word' id='word_1_32' title='bbox 1935 467 2060 533; x_wconf 83' lang='lat' dir='ltr'><strong>post</strong></span> 
     </span>
    </p>
   </div>
   <div class='ocr_carea' id='block_1_6' title="bbox 464 545 1912 628">
    <p class='ocr_par' dir='ltr' id='par_1_6' title="bbox 464 545 1912 628">
     <span class='ocr_line' id='line_1_6' title="bbox 464 545 1912 628; baseline -0.002 -15"><span class='ocrx_word' id='word_1_33' title='bbox 464 553 682 624; x_wconf 86' lang='lat' dir='ltr'><strong>referat,</strong></span> <span class='ocrx_word' id='word_1_34' title='bbox 711 561 963 628; x_wconf 79' lang='lat' dir='ltr'><strong>parentes</strong></span> <span class='ocrx_word' id='word_1_35' title='bbox 990 569 1116 610; x_wconf 89' lang='lat' dir='ltr'><strong>suos</strong></span> <span class='ocrx_word' id='word_1_36' title='bbox 1147 551 1212 609; x_wconf 88' lang='lat' dir='ltr'><strong>ad</strong></span> <span class='ocrx_word' id='word_1_37' title='bbox 1245 545 1526 611; x_wconf 88' lang='lat' dir='ltr'><strong>Dominum</strong></span> <span class='ocrx_word' id='word_1_38' title='bbox 1557 571 1912 612; x_wconf 85' lang='lat' dir='ltr'><strong>commeasse.</strong></span> 
     </span>
    </p>
   </div>
   <div class='ocr_carea' id='block_1_7' title="bbox 536 637 2052 719">
    <p class='ocr_par' dir='ltr' id='par_1_7' title="bbox 536 637 2052 719">
     <span class='ocr_line' id='line_1_7' title="bbox 536 637 2052 719; baseline -0.004 -16"><span class='ocrx_word' id='word_1_39' title='bbox 536 645 689 719; x_wconf 75' lang='lat'><strong>117</strong></span> <span class='ocrx_word' id='word_1_40' title='bbox 732 644 820 700; x_wconf 73' lang='grc'>12.</span> <span class='ocrx_word' id='word_1_41' title='bbox 863 637 1122 700; x_wconf 77' lang='lat' dir='ltr'><strong>Nimirum</strong></span> <span class='ocrx_word' id='word_1_42' title='bbox 1175 643 1418 699; x_wconf 79' lang='lat' dir='ltr'><strong>Leander</strong></span> <span class='ocrx_word' id='word_1_43' title='bbox 1470 644 1588 699; x_wconf 87' lang='lat' dir='ltr'><strong>ait:</strong></span> <span class='ocrx_word' id='word_1_44' title='bbox 1637 645 1906 699; x_wconf 79' lang='lat' dir='ltr'><strong>Turturem</strong></span> <span class='ocrx_word' id='word_1_45' title='bbox 1956 662 2052 715; x_wconf 85' lang='lat' dir='ltr'><strong>pro</strong></span> 
     </span>
    </p>
   </div>
   <div class='ocr_carea' id='block_1_8' title="bbox 461 733 2049 809">
    <p class='ocr_par' dir='ltr' id='par_1_8' title="bbox 461 733 2049 809">
     <span class='ocr_line' id='line_1_8' title="bbox 461 733 2049 809; baseline -0.002 -16"><span class='ocrx_word' id='word_1_46' title='bbox 461 740 711 809; x_wconf 79' lang='lat' dir='ltr'><strong>magistra</strong></span> <span class='ocrx_word' id='word_1_47' title='bbox 739 734 983 801; x_wconf 83' lang='lat' dir='ltr'><strong>attende;</strong></span> <span class='ocrx_word' id='word_1_48' title='bbox 1008 737 1056 790; x_wconf 85' lang='lat' dir='ltr'><strong>et</strong></span> <span class='ocrx_word' id='word_1_49' title='bbox 1075 749 1190 806; x_wconf 71' lang='lat' dir='ltr'><strong>qua:</strong></span> <span class='ocrx_word' id='word_1_50' title='bbox 1219 746 1264 789; x_wconf 88' lang='lat' dir='ltr'><strong>te</strong></span> <span class='ocrx_word' id='word_1_51' title='bbox 1291 733 1496 790; x_wconf 77' lang='lat' dir='ltr'><strong>Christo</strong></span> <span class='ocrx_word' id='word_1_52' title='bbox 1523 733 1751 808; x_wconf 80' lang='lat' dir='ltr'><strong>quotidie</strong></span> <span class='ocrx_word' id='word_1_53' title='bbox 1779 733 2049 804; x_wconf 73' lang='lat' dir='ltr'><strong>a/Tectibns</strong></span> 
     </span>
    </p>
   </div>
   <div class='ocr_carea' id='block_1_9' title="bbox 460 824 2048 899">
    <p class='ocr_par' dir='ltr' id='par_1_9' title="bbox 460 824 2048 899">
     <span class='ocr_line' id='line_1_9' title="bbox 460 824 2048 899; baseline 0.001 -17"><span class='ocrx_word' id='word_1_54' title='bbox 460 833 708 899; x_wconf 79' lang='lat' dir='ltr'><strong>generat,</strong></span> <span class='ocrx_word' id='word_1_55' title='bbox 738 824 1062 892; x_wconf 78' lang='lat' dir='ltr'><strong>chariorein,</strong></span> <span class='ocrx_word' id='word_1_56' title='bbox 1111 841 1211 897; x_wconf 86' lang='lat' dir='ltr'><strong>qua</strong></span> <span class='ocrx_word' id='word_1_57' title='bbox 1264 832 1390 880; x_wconf 86' lang='lat' dir='ltr'><strong>nata</strong></span> <span class='ocrx_word' id='word_1_58' title='bbox 1436 835 1529 892; x_wconf 83' lang='lat' dir='ltr'><strong>es,</strong></span> <span class='ocrx_word' id='word_1_59' title='bbox 1582 827 1760 898; x_wconf 84' lang='lat' dir='ltr'><strong>reputa</strong></span> <span class='ocrx_word' id='word_1_60' title='bbox 1809 829 2048 884; x_wconf 74' lang='lat' dir='ltr'><strong>ntali-em.</strong></span> 
     </span>
    </p>
   </div>
   <div class='ocr_carea' id='block_1_10' title="bbox 464 915 2052 994">
    <p class='ocr_par' dir='ltr' id='par_1_10' title="bbox 464 915 2052 994">
     <span class='ocr_line' id='line_1_10' title="bbox 464 915 2052 994; baseline 0.003 -21"><span class='ocrx_word' id='word_1_61' title='bbox 464 918 821 974; x_wconf 80' lang='lat' dir='ltr'><strong>Nihilominus</strong></span> <span class='ocrx_word' id='word_1_62' title='bbox 849 917 903 974; x_wconf 89' lang='lat' dir='ltr'><strong>id</strong></span> <span class='ocrx_word' id='word_1_63' title='bbox 947 915 1016 974; x_wconf 88' lang='lat' dir='ltr'><strong>de</strong></span> <span class='ocrx_word' id='word_1_64' title='bbox 1061 917 1388 975; x_wconf 71' lang='lat' dir='ltr'><strong>Florentina:</strong></span> <span class='ocrx_word' id='word_1_65' title='bbox 1427 929 1600 976; x_wconf 86' lang='lat' dir='ltr'><strong>matre</strong></span> <span class='ocrx_word' id='word_1_66' title='bbox 1629 919 1869 990; x_wconf 76' lang='lat' dir='ltr'><strong>intelligo</strong></span> <span class='ocrx_word' id='word_1_67' title='bbox 1890 963 1906 989; x_wconf 89' lang='lat'><strong>,</strong></span> <span class='ocrx_word' id='word_1_68' title='bbox 1932 937 2052 994; x_wconf 53' lang='lat' dir='ltr'><strong>quas</strong></span> 
     </span>
    </p>
   </div>
   <div class='ocr_carea' id='block_1_11' title="bbox 460 1009 2050 1084">
    <p class='ocr_par' dir='ltr' id='par_1_11' title="bbox 460 1009 2050 1084">
     <span class='ocr_line' id='line_1_11' title="bbox 460 1009 2050 1084; baseline 0.003 -18"><span class='ocrx_word' id='word_1_69' title='bbox 460 1012 564 1083; x_wconf 79' lang='lat' dir='ltr'><strong>iam</strong></span> <span class='ocrx_word' id='word_1_70' title='bbox 597 1012 649 1067; x_wconf 89' lang='lat' dir='ltr'><strong>in</strong></span> <span class='ocrx_word' id='word_1_71' title='bbox 683 1009 879 1069; x_wconf 81' lang='lat' dir='ltr'><strong>ecelum</strong></span> <span class='ocrx_word' id='word_1_72' title='bbox 901 1021 1117 1083; x_wconf 84' lang='lat' dir='ltr'><strong>recepta</strong></span> <span class='ocrx_word' id='word_1_73' title='bbox 1138 1055 1152 1080; x_wconf 97' lang='lat'><strong>,</strong></span> <span class='ocrx_word' id='word_1_74' title='bbox 1183 1009 1398 1069; x_wconf 89' lang='lat' dir='ltr'><strong>Christo</strong></span> <span class='ocrx_word' id='word_1_75' title='bbox 1419 1012 1657 1084; x_wconf 86' lang='lat' dir='ltr'><strong>quotidie</strong></span> <span class='ocrx_word' id='word_1_76' title='bbox 1685 1011 2050 1070; x_wconf 83' lang='lat' dir='ltr'><strong>Florentinam</strong></span> 
     </span>
    </p>
   </div>
   <div class='ocr_carea' id='block_1_12' title="bbox 462 1091 2051 1176">
    <p class='ocr_par' dir='ltr' id='par_1_12' title="bbox 462 1091 2051 1176">
     <span class='ocr_line' id='line_1_12' title="bbox 462 1091 2051 1176; baseline 0.001 -18"><span class='ocrx_word' id='word_1_77' title='bbox 462 1101 741 1160; x_wconf 58' lang='lat' dir='ltr'><strong>amictibus”</strong></span> <span class='ocrx_word' id='word_1_78' title='bbox 788 1103 1098 1172; x_wconf 75' lang='lat' dir='ltr'><strong>gener-abst.</strong></span> <span class='ocrx_word' id='word_1_79' title='bbox 1131 1097 1311 1175; x_wconf 76' lang='lat' dir='ltr'><strong>Pergit</strong></span> <span class='ocrx_word' id='word_1_80' title='bbox 1333 1111 1616 1176; x_wconf 86' lang='lat' dir='ltr'><strong>propterea</strong></span> <span class='ocrx_word' id='word_1_81' title='bbox 1671 1091 1952 1162; x_wconf 85' lang='lat' dir='ltr'><strong>Leander:</strong></span> <span class='ocrx_word' id='word_1_82' title='bbox 1985 1099 2051 1161; x_wconf 85' lang='lat' dir='ltr'><strong>ab</strong></span> 
     </span>
    </p>
   </div>
   <div class='ocr_carea' id='block_1_13' title="bbox 458 1187 2051 1268">
    <p class='ocr_par' dir='ltr' id='par_1_13' title="bbox 458 1187 2051 1268">
     <span class='ocr_line' id='line_1_13' title="bbox 458 1187 2051 1268; baseline 0.001 -18"><span class='ocrx_word' id='word_1_83' title='bbox 458 1196 597 1250; x_wconf 77' lang='lat' dir='ltr'><strong>enini</strong></span> <span class='ocrx_word' id='word_1_84' title='bbox 640 1192 866 1264; x_wconf 76' lang='lat' dir='ltr'><strong>procella</strong></span> <span class='ocrx_word' id='word_1_85' title='bbox 889 1234 906 1259; x_wconf 91' lang='lat'><strong>,</strong></span> <span class='ocrx_word' id='word_1_86' title='bbox 951 1192 1016 1248; x_wconf 82' lang='lat' dir='ltr'><strong>ab</strong></span> <span class='ocrx_word' id='word_1_87' title='bbox 1057 1194 1199 1249; x_wconf 84' lang='lat' dir='ltr'><strong>omni</strong></span> <span class='ocrx_word' id='word_1_88' title='bbox 1229 1193 1489 1248; x_wconf 81' lang='lat' dir='ltr'><strong>mundano</strong></span> <span class='ocrx_word' id='word_1_89' title='bbox 1521 1187 1722 1247; x_wconf 75' lang='lat' dir='ltr'><strong>turbine</strong></span> <span class='ocrx_word' id='word_1_90' title='bbox 1747 1195 1802 1250; x_wconf 89' lang='lat' dir='ltr'><strong>in</strong></span> <span class='ocrx_word' id='word_1_91' title='bbox 1841 1197 1953 1268; x_wconf 84' lang='lat' dir='ltr'><strong>ejus</strong></span> <span class='ocrx_word' id='word_1_92' title='bbox 2005 1201 2051 1253; x_wconf 86' lang='lat' dir='ltr'><strong>te</strong></span> 
     </span>
    </p>
   </div>
   <div class='ocr_carea' id='block_1_14' title="bbox 461 1271 2051 1356">
    <p class='ocr_par' dir='ltr' id='par_1_14' title="bbox 461 1271 2051 1356">
     <span class='ocr_line' id='line_1_14' title="bbox 461 1271 2051 1356; baseline 0.001 -14"><span class='ocrx_word' id='word_1_93' title='bbox 461 1288 658 1342; x_wconf 80' lang='lat' dir='ltr'><strong>sinibus</strong></span> <span class='ocrx_word' id='word_1_94' title='bbox 687 1287 868 1341; x_wconf 71' lang='lat' dir='ltr'><strong>conde;</strong></span> <span class='ocrx_word' id='word_1_95' title='bbox 893 1281 978 1342; x_wconf 80' lang='lat' dir='ltr'><strong>Sit</strong></span> <span class='ocrx_word' id='word_1_96' title='bbox 1020 1271 1110 1341; x_wconf 83' lang='lat' dir='ltr'><strong>tibi</strong></span> <span class='ocrx_word' id='word_1_97' title='bbox 1138 1293 1294 1340; x_wconf 82' lang='lat' dir='ltr'><strong>suave</strong></span> <span class='ocrx_word' id='word_1_98' title='bbox 1320 1285 1431 1356; x_wconf 78' lang='lat' dir='ltr'><strong>ejus</strong></span> <span class='ocrx_word' id='word_1_99' title='bbox 1463 1285 1612 1340; x_wconf 78' lang='lat' dir='ltr'><strong>lateri</strong></span> <span class='ocrx_word' id='word_1_100' title='bbox 1644 1284 1950 1343; x_wconf 66' lang='lat' dir='ltr'><strong>adlutrere:</strong></span> <span class='ocrx_word' id='word_1_101' title='bbox 1982 1289 2051 1344; x_wconf 77' lang='lat' dir='ltr'><strong>sit</strong></span> 
     </span>
    </p>
   </div>
   <div class='ocr_carea' id='block_1_15' title="bbox 459 1377 2113 1460">
    <p class='ocr_par' dir='ltr' id='par_1_15' title="bbox 459 1377 2113 1460">
     <span class='ocr_line' id='line_1_15' title="bbox 459 1377 2113 1460; baseline 0 -24"><span class='ocrx_word' id='word_1_102' title='bbox 459 1381 550 1437; x_wconf 83' lang='lat' dir='ltr'><strong>tibi</strong></span> <span class='ocrx_word' id='word_1_103' title='bbox 597 1379 746 1436; x_wconf 80' lang='lat' dir='ltr'><strong>dulce</strong></span> <span class='ocrx_word' id='word_1_104' title='bbox 787 1381 898 1452; x_wconf 80' lang='lat' dir='ltr'><strong>ejus</strong></span> <span class='ocrx_word' id='word_1_105' title='bbox 950 1382 1197 1454; x_wconf 81' lang='lat' dir='ltr'><strong>gremium</strong></span> <span class='ocrx_word' id='word_1_106' title='bbox 1243 1381 1356 1452; x_wconf 77' lang='lat' dir='ltr'><strong>jam</strong></span> <span class='ocrx_word' id='word_1_107' title='bbox 1415 1389 1666 1450; x_wconf 76' lang='lat' dir='ltr'><strong>provecta:</strong></span> <span class='ocrx_word' id='word_1_108' title='bbox 1719 1377 1883 1454; x_wconf 79' lang='lat' dir='ltr'><strong>(AL,</strong></span> <span class='ocrx_word' id='word_1_109' title='bbox 1930 1382 2048 1452; x_wconf 84' lang='lat' dir='ltr'><strong>jam</strong></span> <span class='ocrx_word' id='word_1_110' title='bbox 2107 1454 2113 1460; x_wconf 83' lang='lat'><em>_</em></span> 
     </span>
    </p>
   </div>
   <div class='ocr_carea' id='block_1_16' title="bbox 458 1463 2047 1549">
    <p class='ocr_par' dir='ltr' id='par_1_16' title="bbox 458 1463 2047 1549">
     <span class='ocr_line' id='line_1_16' title="bbox 458 1463 2047 1549; baseline -0.002 -19"><span class='ocrx_word' id='word_1_111' title='bbox 458 1476 725 1549; x_wconf 71' lang='lat' dir='ltr'><strong>profecto)</strong></span> <span class='ocrx_word' id='word_1_112' title='bbox 766 1475 902 1549; x_wconf 83' lang='lat' dir='ltr'><strong>quod</strong></span> <span class='ocrx_word' id='word_1_113' title='bbox 929 1483 1041 1532; x_wconf 89' lang='lat' dir='ltr'><strong>erat</strong></span> <span class='ocrx_word' id='word_1_114' title='bbox 1079 1475 1269 1548; x_wconf 74' lang='lat' dir='ltr'><strong>infanti</strong></span> <span class='ocrx_word' id='word_1_115' title='bbox 1306 1473 1675 1546; x_wconf 82' lang='lat' dir='ltr'><strong>gratissimum.</strong></span> <span class='ocrx_word' id='word_1_116' title='bbox 1707 1463 1839 1529; x_wconf 84' lang='lat' dir='ltr'><strong>Cum</strong></span> <span class='ocrx_word' id='word_1_117' title='bbox 1865 1481 2047 1528; x_wconf 82' lang='lat' dir='ltr'><strong>autem</strong></span> 
     </span>
    </p>
   </div>
   <div class='ocr_carea' id='block_1_17' title="bbox 461 1555 2042 1626">
    <p class='ocr_par' dir='ltr' id='par_1_17' title="bbox 461 1555 2042 1626">
     <span class='ocr_line' id='line_1_17' title="bbox 461 1555 2042 1626; baseline -0.004 -1"><span class='ocrx_word' id='word_1_118' title='bbox 461 1566 626 1625; x_wconf 90' lang='lat' dir='ltr'><strong>totam</strong></span> <span class='ocrx_word' id='word_1_119' title='bbox 680 1571 820 1626; x_wconf 85' lang='lat' dir='ltr'><strong>hanc</strong></span> <span class='ocrx_word' id='word_1_120' title='bbox 866 1559 1298 1625; x_wconf 80' lang='lat' dir='ltr'><strong>exhortationem</strong></span> <span class='ocrx_word' id='word_1_121' title='bbox 1355 1567 1433 1622; x_wconf 93' lang='lat' dir='ltr'><strong>sic</strong></span> <span class='ocrx_word' id='word_1_122' title='bbox 1485 1563 1732 1621; x_wconf 85' lang='lat' dir='ltr'><strong>Leander</strong></span> <span class='ocrx_word' id='word_1_123' title='bbox 1769 1555 2042 1621; x_wconf 76' lang='lat' dir='ltr'><strong>inchoet:</strong></span> 
     </span>
    </p>
   </div>
   <div class='ocr_carea' id='block_1_18' title="bbox 462 1656 2046 1732">
    <p class='ocr_par' dir='ltr' id='par_1_18' title="bbox 462 1656 2046 1732">
     <span class='ocr_line' id='line_1_18' title="bbox 462 1656 2046 1732; baseline -0.001 -17"><span class='ocrx_word' id='word_1_124' title='bbox 462 1659 589 1717; x_wconf 86' lang='lat' dir='ltr'><strong>Noli</strong></span> <span class='ocrx_word' id='word_1_125' title='bbox 639 1658 702 1715; x_wconf 90' lang='lat' dir='ltr'><strong>ab</strong></span> <span class='ocrx_word' id='word_1_126' title='bbox 731 1678 790 1716; x_wconf 90' lang='lat' dir='ltr'><strong>eo</strong></span> <span class='ocrx_word' id='word_1_127' title='bbox 849 1657 1057 1715; x_wconf 83' lang='lat' dir='ltr'><strong>avolare</strong></span> <span class='ocrx_word' id='word_1_128' title='bbox 1111 1659 1273 1725; x_wconf 84' lang='lat' dir='ltr'><strong>nido,</strong></span> <span class='ocrx_word' id='word_1_129' title='bbox 1305 1658 1442 1732; x_wconf 83' lang='lat' dir='ltr'><strong>quod</strong></span> <span class='ocrx_word' id='word_1_130' title='bbox 1493 1658 1683 1712; x_wconf 76' lang='lat' dir='ltr'><strong>invertit</strong></span> <span class='ocrx_word' id='word_1_131' title='bbox 1740 1663 1926 1722; x_wconf 86' lang='lat' dir='ltr'><strong>turtur,</strong></span> <span class='ocrx_word' id='word_1_132' title='bbox 1960 1656 2046 1714; x_wconf 76' lang='lat' dir='ltr'><strong>ubi</strong></span> 
     </span>
    </p>
   </div>
   <div class='ocr_carea' id='block_1_19' title="bbox 2160 455 3814 534">
    <p class='ocr_par' dir='ltr' id='par_1_19' title="bbox 2160 455 3814 534">
     <span class='ocr_line' id='line_1_19' title="bbox 2160 455 3814 534; baseline 0.004 -22"><span class='ocrx_word' id='word_1_133' title='bbox 2160 455 2366 512; x_wconf 80' lang='lat' dir='ltr'><strong>Gothos</strong></span> <span class='ocrx_word' id='word_1_134' title='bbox 2418 455 2668 513; x_wconf 83' lang='lat' dir='ltr'><strong>habuisse</strong></span> <span class='ocrx_word' id='word_1_135' title='bbox 2691 498 2708 526; x_wconf 88' lang='lat'><strong>,</strong></span> <span class='ocrx_word' id='word_1_136' title='bbox 2739 467 2798 512; x_wconf 90' lang='lat' dir='ltr'><strong>ut</strong></span> <span class='ocrx_word' id='word_1_137' title='bbox 2827 457 3054 523; x_wconf 21' lang='lat' dir='ltr'><strong>feminas,</strong></span> <span class='ocrx_word' id='word_1_138' title='bbox 3079 476 3147 516; x_wconf 79' lang='lat' dir='ltr'><strong>ex</strong></span> <span class='ocrx_word' id='word_1_139' title='bbox 3178 460 3421 518; x_wconf 83' lang='lat' dir='ltr'><strong>Romana</strong></span> <span class='ocrx_word' id='word_1_140' title='bbox 3451 464 3648 534; x_wconf 87' lang='lat' dir='ltr'><strong>stirpe</strong></span> <span class='ocrx_word' id='word_1_141' title='bbox 3681 464 3814 520; x_wconf 73' lang='lat' dir='ltr'><strong>sibi</strong></span> 
     </span>
    </p>
   </div>
   <div class='ocr_carea' id='block_1_20' title="bbox 2156 540 3812 611">
    <p class='ocr_par' dir='ltr' id='par_1_20' title="bbox 2156 540 3812 611">
     <span class='ocr_line' id='line_1_20' title="bbox 2156 540 3812 611; baseline 0.005 -11"><span class='ocrx_word' id='word_1_142' title='bbox 2156 544 2210 601; x_wconf 91' lang='lat' dir='ltr'><strong>in</strong></span> <span class='ocrx_word' id='word_1_143' title='bbox 2238 546 2639 602; x_wconf 75' lang='lat' dir='ltr'><strong>matrimonium</strong></span> <span class='ocrx_word' id='word_1_144' title='bbox 2678 547 3028 606; x_wconf 87' lang='lat' dir='ltr'><strong>collocarent.</strong></span> <span class='ocrx_word' id='word_1_145' title='bbox 3073 548 3311 608; x_wconf 79' lang='lat' dir='ltr'><strong>Joannes</strong></span> <span class='ocrx_word' id='word_1_146' title='bbox 3340 540 3703 611; x_wconf 79' lang='lat' dir='ltr'><strong>Biclarensis</strong></span> <span class='ocrx_word' id='word_1_147' title='bbox 3745 555 3812 609; x_wconf 87' lang='lat' dir='ltr'><strong>in</strong></span> 
     </span>
    </p>
   </div>
   <div class='ocr_carea' id='block_1_21' title="bbox 2155 631 3811 718">
    <p class='ocr_par' dir='ltr' id='par_1_21' title="bbox 2155 631 3811 718">
     <span class='ocr_line' id='line_1_21' title="bbox 2155 631 3811 718; baseline 0.005 -24"><span class='ocrx_word' id='word_1_148' title='bbox 2155 631 2428 696; x_wconf 87' lang='lat' dir='ltr'><strong>Chronico</strong></span> <span class='ocrx_word' id='word_1_149' title='bbox 2470 639 2536 694; x_wconf 90' lang='lat' dir='ltr'><strong>ad</strong></span> <span class='ocrx_word' id='word_1_150' title='bbox 2569 656 2697 695; x_wconf 86' lang='lat' dir='ltr'><strong>ann.</strong></span> <span class='ocrx_word' id='word_1_151' title='bbox 2748 639 2852 695; x_wconf 79' lang='lat'><strong>573</strong></span> <span class='ocrx_word' id='word_1_152' title='bbox 2882 640 2947 695; x_wconf 87' lang='lat' dir='ltr'><strong>de</strong></span> <span class='ocrx_word' id='word_1_153' title='bbox 2996 635 3303 712; x_wconf 85' lang='lat' dir='ltr'><strong>Leovigildo</strong></span> <span class='ocrx_word' id='word_1_154' title='bbox 3353 645 3466 700; x_wconf 88' lang='lat' dir='ltr'><strong>ait:</strong></span> <span class='ocrx_word' id='word_1_155' title='bbox 3500 644 3811 718; x_wconf 79' lang='lat' dir='ltr'><strong>Duosque</strong></span> 
     </span>
    </p>
   </div>
   <div class='ocr_carea' id='block_1_22' title="bbox 2152 719 3808 806">
    <p class='ocr_par' dir='ltr' id='par_1_22' title="bbox 2152 719 3808 806">
     <span class='ocr_line' id='line_1_22' title="bbox 2152 719 3808 806; baseline 0.005 -23"><span class='ocrx_word' id='word_1_156' title='bbox 2152 719 2289 806; x_wconf 77' lang='lat' dir='ltr'><strong>filios</strong></span> <span class='ocrx_word' id='word_1_157' title='bbox 2319 748 2436 785; x_wconf 80' lang='lat' dir='ltr'><strong>suos</strong></span> <span class='ocrx_word' id='word_1_158' title='bbox 2464 747 2526 785; x_wconf 69' lang='lat' dir='ltr'><strong>ex</strong></span> <span class='ocrx_word' id='word_1_159' title='bbox 2554 734 2747 788; x_wconf 84' lang='lat' dir='ltr'><strong>amissa</strong></span> <span class='ocrx_word' id='word_1_160' title='bbox 2776 732 2991 804; x_wconf 85' lang='lat' dir='ltr'><strong>conjuge</strong></span> <span class='ocrx_word' id='word_1_161' title='bbox 3019 729 3477 806; x_wconf 81' lang='lat' dir='ltr'><strong>llermenegildum</strong></span> <span class='ocrx_word' id='word_1_162' title='bbox 3498 745 3548 792; x_wconf 88' lang='lat' dir='ltr'><strong>et</strong></span> <span class='ocrx_word' id='word_1_163' title='bbox 3576 736 3808 792; x_wconf 81' lang='lat' dir='ltr'><strong>Reca-</strong></span> 
     </span>
    </p>
   </div>
   <div class='ocr_carea' id='block_1_23' title="bbox 2152 805 3806 896">
    <p class='ocr_par' dir='ltr' id='par_1_23' title="bbox 2152 805 3806 896">
     <span class='ocr_line' id='line_1_23' title="bbox 2152 805 3806 896; baseline 0.005 -23"><span class='ocrx_word' id='word_1_164' title='bbox 2152 805 2332 875; x_wconf 83' lang='lat' dir='ltr'><strong>redum</strong></span> <span class='ocrx_word' id='word_1_165' title='bbox 2368 831 2631 876; x_wconf 83' lang='lat' dir='ltr'><strong>consortes</strong></span> <span class='ocrx_word' id='word_1_166' title='bbox 2686 822 2830 894; x_wconf 89' lang='lat' dir='ltr'><strong>regni</strong></span> <span class='ocrx_word' id='word_1_167' title='bbox 2877 809 3024 893; x_wconf 87' lang='lat' dir='ltr'><strong>facit.</strong></span> <span class='ocrx_word' id='word_1_168' title='bbox 3069 819 3194 879; x_wconf 75' lang='lat' dir='ltr'><strong>Hzcc</strong></span> <span class='ocrx_word' id='word_1_169' title='bbox 3236 805 3433 896; x_wconf 81' lang='lat' dir='ltr'><strong>conqu</strong></span> <span class='ocrx_word' id='word_1_170' title='bbox 3473 815 3573 882; x_wconf 82' lang='lat' dir='ltr'><strong>fuit</strong></span> <span class='ocrx_word' id='word_1_171' title='bbox 3630 821 3806 882; x_wconf 80' lang='lat' dir='ltr'><strong>Rin-</strong></span> 
     </span>
    </p>
   </div>
   <div class='ocr_carea' id='block_1_24' title="bbox 2155 917 2366 974">
    <p class='ocr_par' dir='ltr' id='par_1_24' title="bbox 2155 917 2366 974">
     <span class='ocr_line' id='line_1_24' title="bbox 2155 917 2366 974; baseline -0.009 0"><span class='ocrx_word' id='word_1_172' title='bbox 2155 917 2366 974; x_wconf 89' lang='lat' dir='ltr'><strong>cbildis.</strong></span> 
     </span>
    </p>
   </div>
   <div class='ocr_carea' id='block_1_25' title="bbox 2219 997 3806 1082">
    <p class='ocr_par' dir='ltr' id='par_1_25' title="bbox 2219 997 3806 1082">
     <span class='ocr_line' id='line_1_25' title="bbox 2219 997 3806 1082; baseline 0.002 -14"><span class='ocrx_word' id='word_1_173' title='bbox 2219 1010 2306 1068; x_wconf 83' lang='grc'>15.</span> <span class='ocrx_word' id='word_1_174' title='bbox 2351 1012 2424 1067; x_wconf 90' lang='lat' dir='ltr'><strong>De</strong></span> <span class='ocrx_word' id='word_1_175' title='bbox 2452 1007 2702 1068; x_wconf 88' lang='lat' dir='ltr'><strong>fratribus</strong></span> <span class='ocrx_word' id='word_1_176' title='bbox 2749 1012 2908 1082; x_wconf 79' lang='lat' dir='ltr'><strong>igitur</strong></span> <span class='ocrx_word' id='word_1_177' title='bbox 2938 997 3132 1068; x_wconf 79' lang='lat' dir='ltr'><strong>lsidori</strong></span> <span class='ocrx_word' id='word_1_178' title='bbox 3183 1013 3288 1070; x_wconf 85' lang='lat' dir='ltr'><strong>hoc</strong></span> <span class='ocrx_word' id='word_1_179' title='bbox 3342 1013 3611 1072; x_wconf 86' lang='lat' dir='ltr'><strong>habemus</strong></span> <span class='ocrx_word' id='word_1_180' title='bbox 3646 1029 3806 1071; x_wconf 79' lang='lat' dir='ltr'><strong>cer-</strong></span> 
     </span>
    </p>
   </div>
   <div class='ocr_carea' id='block_1_26' title="bbox 2153 1099 3798 1172">
    <p class='ocr_par' dir='ltr' id='par_1_26' title="bbox 2153 1099 3798 1172">
     <span class='ocr_line' id='line_1_26' title="bbox 2153 1099 3798 1172; baseline 0.002 -16"><span class='ocrx_word' id='word_1_181' title='bbox 2153 1110 2306 1170; x_wconf 89' lang='lat' dir='ltr'><strong>tum,</strong></span> <span class='ocrx_word' id='word_1_182' title='bbox 2334 1099 2634 1158; x_wconf 88' lang='lat' dir='ltr'><strong>Leandrum</strong></span> <span class='ocrx_word' id='word_1_183' title='bbox 2679 1110 2733 1158; x_wconf 90' lang='lat' dir='ltr'><strong>et</strong></span> <span class='ocrx_word' id='word_1_184' title='bbox 2774 1101 3111 1172; x_wconf 85' lang='lat' dir='ltr'><strong>Fulgentium</strong></span> <span class='ocrx_word' id='word_1_185' title='bbox 3167 1099 3333 1161; x_wconf 89' lang='lat' dir='ltr'><strong>fuisse</strong></span> <span class='ocrx_word' id='word_1_186' title='bbox 3381 1103 3458 1158; x_wconf 92' lang='lat' dir='ltr'><strong>illi</strong></span> <span class='ocrx_word' id='word_1_187' title='bbox 3507 1103 3747 1160; x_wconf 77' lang='lat' dir='ltr'><strong>fratres</strong></span> <span class='ocrx_word' id='word_1_188' title='bbox 3777 1141 3798 1171; x_wconf 88' lang='lat'><strong>,</strong></span> 
     </span>
    </p>
   </div>
   <div class='ocr_carea' id='block_1_27' title="bbox 2151 1185 3801 1268">
    <p class='ocr_par' dir='ltr' id='par_1_27' title="bbox 2151 1185 3801 1268">
     <span class='ocr_line' id='line_1_27' title="bbox 2151 1185 3801 1268; baseline 0.004 -20"><span class='ocrx_word' id='word_1_189' title='bbox 2151 1185 2518 1250; x_wconf 80' lang='lat' dir='ltr'><strong>Fiorentinam</strong></span> <span class='ocrx_word' id='word_1_190' title='bbox 2547 1210 2824 1262; x_wconf 88' lang='lat' dir='ltr'><strong>sororem,</strong></span> <span class='ocrx_word' id='word_1_191' title='bbox 2847 1195 2921 1252; x_wconf 83' lang='lat' dir='ltr'><strong>ita</strong></span> <span class='ocrx_word' id='word_1_192' title='bbox 2971 1202 3027 1252; x_wconf 89' lang='lat' dir='ltr'><strong>ut</strong></span> <span class='ocrx_word' id='word_1_193' title='bbox 3067 1195 3183 1268; x_wconf 89' lang='lat' dir='ltr'><strong>ipse</strong></span> <span class='ocrx_word' id='word_1_194' title='bbox 3223 1197 3462 1252; x_wconf 87' lang='lat' dir='ltr'><strong>omnium</strong></span> <span class='ocrx_word' id='word_1_195' title='bbox 3491 1197 3801 1254; x_wconf 73' lang='lat' dir='ltr'><strong>minimus</strong></span> 
     </span>
    </p>
   </div>
   <div class='ocr_carea' id='block_1_28' title="bbox 2151 1275 3799 1358">
    <p class='ocr_par' dir='ltr' id='par_1_28' title="bbox 2151 1275 3799 1358">
     <span class='ocr_line' id='line_1_28' title="bbox 2151 1275 3799 1358; baseline 0.002 -18"><span class='ocrx_word' id='word_1_196' title='bbox 2151 1292 2281 1340; x_wconf 87' lang='lat' dir='ltr'><strong>natu</strong></span> <span class='ocrx_word' id='word_1_197' title='bbox 2304 1281 2485 1350; x_wconf 89' lang='lat' dir='ltr'><strong>fuerit,</strong></span> <span class='ocrx_word' id='word_1_198' title='bbox 2502 1293 2561 1339; x_wconf 95' lang='lat' dir='ltr'><strong>ut</strong></span> <span class='ocrx_word' id='word_1_199' title='bbox 2585 1284 2884 1340; x_wconf 87' lang='lat' dir='ltr'><strong>ostenditur</strong></span> <span class='ocrx_word' id='word_1_200' title='bbox 2912 1299 2979 1342; x_wconf 80' lang='lat' dir='ltr'><strong>ex</strong></span> <span class='ocrx_word' id='word_1_201' title='bbox 3001 1299 3122 1356; x_wconf 85' lang='lat' dir='ltr'><strong>cap.</strong></span> <span class='ocrx_word' id='word_1_202' title='bbox 3143 1285 3242 1342; x_wconf 91' lang='lat' dir='ltr'><strong>ult.</strong></span> <span class='ocrx_word' id='word_1_203' title='bbox 3271 1285 3468 1358; x_wconf 73' lang='lat' dir='ltr'><strong>regula:</strong></span> <span class='ocrx_word' id='word_1_204' title='bbox 3489 1275 3547 1341; x_wconf 84' lang='lat' dir='ltr'><strong>S.</strong></span> <span class='ocrx_word' id='word_1_205' title='bbox 3574 1286 3799 1344; x_wconf 80' lang='lat' dir='ltr'><strong>Lean-</strong></span> 
     </span>
    </p>
   </div>
   <div class='ocr_carea' id='block_1_29' title="bbox 2150 1363 3792 1446">
    <p class='ocr_par' dir='ltr' id='par_1_29' title="bbox 2150 1363 3792 1446">
     <span class='ocr_line' id='line_1_29' title="bbox 2150 1363 3792 1446; baseline 0.002 -16"><span class='ocrx_word' id='word_1_206' title='bbox 2150 1371 2252 1430; x_wconf 86' lang='lat' dir='ltr'><strong>dri.</strong></span> <span class='ocrx_word' id='word_1_207' title='bbox 2286 1372 2610 1430; x_wconf 74' lang='lat' dir='ltr'><strong>Florentina:</strong></span> <span class='ocrx_word' id='word_1_208' title='bbox 2659 1375 2862 1430; x_wconf 89' lang='lat' dir='ltr'><strong>sororis</strong></span> <span class='ocrx_word' id='word_1_209' title='bbox 2906 1377 3155 1430; x_wconf 86' lang='lat' dir='ltr'><strong>meminit</strong></span> <span class='ocrx_word' id='word_1_210' title='bbox 3181 1381 3398 1446; x_wconf 81' lang='lat' dir='ltr'><strong>qdoque</strong></span> <span class='ocrx_word' id='word_1_211' title='bbox 3431 1363 3694 1434; x_wconf 74' lang='lat' dir='ltr'><strong>Isidorus</strong></span> <span class='ocrx_word' id='word_1_212' title='bbox 3728 1379 3792 1434; x_wconf 85' lang='lat' dir='ltr'><strong>in</strong></span> 
     </span>
    </p>
   </div>
   <div class='ocr_carea' id='block_1_30' title="bbox 2150 1459 3800 1540">
    <p class='ocr_par' dir='ltr' id='par_1_30' title="bbox 2150 1459 3800 1540">
     <span class='ocr_line' id='line_1_30' title="bbox 2150 1459 3800 1540; baseline 0.004 -18"><span class='ocrx_word' id='word_1_213' title='bbox 2150 1467 2325 1537; x_wconf 81' lang='lat' dir='ltr'><strong>elogio</strong></span> <span class='ocrx_word' id='word_1_214' title='bbox 2355 1466 2620 1536; x_wconf 89' lang='lat' dir='ltr'><strong>Leandri,</strong></span> <span class='ocrx_word' id='word_1_215' title='bbox 2651 1483 2810 1538; x_wconf 87' lang='lat' dir='ltr'><strong>quem</strong></span> <span class='ocrx_word' id='word_1_216' title='bbox 2839 1477 3025 1528; x_wconf 83' lang='lat' dir='ltr'><strong>narrat</strong></span> <span class='ocrx_word' id='word_1_217' title='bbox 3069 1470 3386 1540; x_wconf 87' lang='lat' dir='ltr'><strong>opusculum</strong></span> <span class='ocrx_word' id='word_1_218' title='bbox 3415 1459 3674 1534; x_wconf 76' lang='lat' dir='ltr'><strong>edidisse</strong></span> <span class='ocrx_word' id='word_1_219' title='bbox 3712 1471 3800 1528; x_wconf 85' lang='lat' dir='ltr'><strong>de</strong></span> 
     </span>
    </p>
   </div>
   <div class='ocr_carea' id='block_1_31' title="bbox 2152 1549 3796 1632">
    <p class='ocr_par' dir='ltr' id='par_1_31' title="bbox 2152 1549 3796 1632">
     <span class='ocr_line' id='line_1_31' title="bbox 2152 1549 3796 1632; baseline 0.003 -19"><span class='ocrx_word' id='word_1_220' title='bbox 2152 1555 2492 1622; x_wconf 86' lang='lat' dir='ltr'><strong>institutione</strong></span> <span class='ocrx_word' id='word_1_221' title='bbox 2519 1561 2780 1631; x_wconf 85' lang='lat' dir='ltr'><strong>virginum</strong></span> <span class='ocrx_word' id='word_1_222' title='bbox 2825 1561 2894 1616; x_wconf 87' lang='lat' dir='ltr'><strong>ad</strong></span> <span class='ocrx_word' id='word_1_223' title='bbox 2943 1549 3309 1618; x_wconf 81' lang='lat' dir='ltr'><strong>Flurentinam</strong></span> <span class='ocrx_word' id='word_1_224' title='bbox 3335 1578 3601 1620; x_wconf 87' lang='lat' dir='ltr'><strong>sororem.</strong></span> <span class='ocrx_word' id='word_1_225' title='bbox 3643 1563 3796 1632; x_wconf 83' lang='lat' dir='ltr'><strong>Ipse</strong></span> 
     </span>
    </p>
   </div>
   <div class='ocr_carea' id='block_1_32' title="bbox 2152 1643 3793 1712">
    <p class='ocr_par' dir='ltr' id='par_1_32' title="bbox 2152 1643 3793 1712">
     <span class='ocr_line' id='line_1_32' title="bbox 2152 1643 3793 1712; baseline 0.001 -4"><span class='ocrx_word' id='word_1_226' title='bbox 2152 1643 2390 1711; x_wconf 84' lang='lat' dir='ltr'><strong>isidorus</strong></span> <span class='ocrx_word' id='word_1_227' title='bbox 2419 1655 2553 1711; x_wconf 90' lang='lat' dir='ltr'><strong>duos</strong></span> <span class='ocrx_word' id='word_1_228' title='bbox 2583 1655 2745 1710; x_wconf 90' lang='lat' dir='ltr'><strong>libros</strong></span> <span class='ocrx_word' id='word_1_229' title='bbox 2773 1663 2961 1710; x_wconf 91' lang='lat' dir='ltr'><strong>contra</strong></span> <span class='ocrx_word' id='word_1_230' title='bbox 2987 1651 3198 1712; x_wconf 67' lang='lat' dir='ltr'><strong>Iudaeos</strong></span> <span class='ocrx_word' id='word_1_231' title='bbox 3226 1655 3400 1712; x_wconf 87' lang='lat' dir='ltr'><strong>eidem</strong></span> <span class='ocrx_word' id='word_1_232' title='bbox 3438 1656 3617 1712; x_wconf 79' lang='lat' dir='ltr'><strong>sorori</strong></span> <span class='ocrx_word' id='word_1_233' title='bbox 3653 1670 3793 1710; x_wconf 59' lang='lat' dir='ltr'><strong>suae</strong></span> 
     </span>
    </p>
   </div>
   <div class='ocr_carea' id='block_1_33' title="bbox 459 1737 3789 1828">
    <p class='ocr_par' dir='ltr' id='par_1_33' title="bbox 459 1737 3789 1828">
     <span class='ocr_line' id='line_1_33' title="bbox 459 1737 3789 1828; baseline 0 -24"><span class='ocrx_word' id='word_1_234' title='bbox 459 1763 674 1827; x_wconf 77' lang='lat' dir='ltr'><strong>reponat</strong></span> <span class='ocrx_word' id='word_1_235' title='bbox 704 1755 870 1823; x_wconf 79' lang='lat' dir='ltr'><strong>pullos</strong></span> <span class='ocrx_word' id='word_1_236' title='bbox 910 1769 1049 1807; x_wconf 86' lang='lat' dir='ltr'><strong>suos.</strong></span> <span class='ocrx_word' id='word_1_237' title='bbox 1084 1751 1445 1823; x_wconf 88' lang='lat' dir='ltr'><strong>Simplicitatis</strong></span> <span class='ocrx_word' id='word_1_238' title='bbox 1471 1753 1584 1824; x_wconf 79' lang='lat' dir='ltr'><strong>filia</strong></span> <span class='ocrx_word' id='word_1_239' title='bbox 1613 1769 1688 1819; x_wconf 88' lang='lat' dir='ltr'><strong>es,</strong></span> <span class='ocrx_word' id='word_1_240' title='bbox 1709 1769 1823 1826; x_wconf 73' lang='lat' dir='ltr'><strong>qua:</strong></span> <span class='ocrx_word' id='word_1_241' title='bbox 1851 1761 2046 1808; x_wconf 87' lang='lat' dir='ltr'><strong>turture</strong></span> <span class='ocrx_word' id='word_1_242' title='bbox 2077 1764 2127 1828; x_wconf 63' lang='grc' dir='ltr'><strong>Β</strong></span> <span class='ocrx_word' id='word_1_243' title='bbox 2154 1737 2475 1810; x_wconf 61' lang='lat' dir='ltr'><strong>Florentinis</strong></span> <span class='ocrx_word' id='word_1_244' title='bbox 2502 1750 2812 1822; x_wconf 80' lang='lat' dir='ltr'><strong>inscripsit,</strong></span> <span class='ocrx_word' id='word_1_245' title='bbox 2840 1759 2897 1806; x_wconf 88' lang='lat' dir='ltr'><strong>ut</strong></span> <span class='ocrx_word' id='word_1_246' title='bbox 2919 1757 3148 1806; x_wconf 82' lang='lat' dir='ltr'><strong>testatur</strong></span> <span class='ocrx_word' id='word_1_247' title='bbox 3175 1749 3226 1805; x_wconf 91' lang='lat' dir='ltr'><strong>in</strong></span> <span class='ocrx_word' id='word_1_248' title='bbox 3258 1750 3512 1822; x_wconf 66' lang='lat' dir='ltr'><strong>prologo;</strong></span> <span class='ocrx_word' id='word_1_249' title='bbox 3541 1750 3789 1807; x_wconf 73' lang='lat' dir='ltr'><strong>Sancta</strong></span> 
     </span>
    </p>
   </div>
   <div class='ocr_carea' id='block_1_34' title="bbox 458 1841 2041 1910">
    <p class='ocr_par' dir='ltr' id='par_1_34' title="bbox 458 1841 2041 1910">
     <span class='ocr_line' id='line_1_34' title="bbox 458 1841 2041 1910; baseline 0.001 -12"><span class='ocrx_word' id='word_1_250' title='bbox 458 1856 618 1899; x_wconf 85' lang='lat' dir='ltr'><strong>matre</strong></span> <span class='ocrx_word' id='word_1_251' title='bbox 638 1855 762 1898; x_wconf 86' lang='lat' dir='ltr'><strong>nata</strong></span> <span class='ocrx_word' id='word_1_252' title='bbox 803 1859 856 1896; x_wconf 90' lang='lat' dir='ltr'><strong>es</strong></span> <span class='ocrx_word' id='word_1_253' title='bbox 880 1884 895 1909; x_wconf 90' lang='lat'><strong>,</strong></span> <span class='ocrx_word' id='word_1_254' title='bbox 928 1851 1033 1898; x_wconf 89' lang='lat' dir='ltr'><strong>etc.</strong></span> <span class='ocrx_word' id='word_1_255' title='bbox 1062 1883 1077 1908; x_wconf 95' lang='lat'><strong>,</strong></span> <span class='ocrx_word' id='word_1_256' title='bbox 1102 1841 1383 1898; x_wconf 86' lang='lat' dir='ltr'><strong>dubitandi</strong></span> <span class='ocrx_word' id='word_1_257' title='bbox 1427 1842 1604 1899; x_wconf 85' lang='lat' dir='ltr'><strong>adhuc</strong></span> <span class='ocrx_word' id='word_1_258' title='bbox 1649 1842 1796 1899; x_wconf 84' lang='lat' dir='ltr'><strong>ratio</strong></span> <span class='ocrx_word' id='word_1_259' title='bbox 1825 1851 1943 1910; x_wconf 84' lang='lat' dir='ltr'><strong>est,</strong></span> <span class='ocrx_word' id='word_1_260' title='bbox 1973 1859 2041 1899; x_wconf 84' lang='lat' dir='ltr'><strong>an</strong></span> 
     </span>
    </p>
   </div>
   <div class='ocr_carea' id='block_1_35' title="bbox 457 1931 2048 2006">
    <p class='ocr_par' dir='ltr' id='par_1_35' title="bbox 457 1931 2048 2006">
     <span class='ocr_line' id='line_1_35' title="bbox 457 1931 2048 2006; baseline 0 -18"><span class='ocrx_word' id='word_1_261' title='bbox 457 1935 646 1988; x_wconf 83' lang='lat' dir='ltr'><strong>Turmr</strong></span> <span class='ocrx_word' id='word_1_262' title='bbox 691 1948 888 1992; x_wconf 88' lang='lat' dir='ltr'><strong>nomen</strong></span> <span class='ocrx_word' id='word_1_263' title='bbox 940 1933 1216 2006; x_wconf 89' lang='lat' dir='ltr'><strong>proprium</strong></span> <span class='ocrx_word' id='word_1_264' title='bbox 1269 1933 1411 2005; x_wconf 89' lang='lat' dir='ltr'><strong>apud</strong></span> <span class='ocrx_word' id='word_1_265' title='bbox 1461 1931 1765 1989; x_wconf 88' lang='lat' dir='ltr'><strong>Leandrum</strong></span> <span class='ocrx_word' id='word_1_266' title='bbox 1822 1935 1932 2001; x_wconf 84' lang='lat' dir='ltr'><strong>sit,</strong></span> <span class='ocrx_word' id='word_1_267' title='bbox 1980 1951 2048 1989; x_wconf 90' lang='lat' dir='ltr'><strong>an</strong></span> 
     </span>
    </p>
   </div>
   <div class='ocr_carea' id='block_1_36' title="bbox 457 2022 2048 2096">
    <p class='ocr_par' dir='ltr' id='par_1_36' title="bbox 457 2022 2048 2096">
     <span class='ocr_line' id='line_1_36' title="bbox 457 2022 2048 2096; baseline 0.002 -17"><span class='ocrx_word' id='word_1_268' title='bbox 457 2025 635 2095; x_wconf 87' lang='lat' dir='ltr'><strong>potius</strong></span> <span class='ocrx_word' id='word_1_269' title='bbox 667 2030 838 2077; x_wconf 82' lang='lat' dir='ltr'><strong>turtur</strong></span> <span class='ocrx_word' id='word_1_270' title='bbox 866 2023 934 2080; x_wconf 85' lang='lat' dir='ltr'><strong>ab</strong></span> <span class='ocrx_word' id='word_1_271' title='bbox 963 2039 1029 2080; x_wconf 91' lang='lat' dir='ltr'><strong>eo</strong></span> <span class='ocrx_word' id='word_1_272' title='bbox 1064 2031 1236 2080; x_wconf 91' lang='lat' dir='ltr'><strong>mater</strong></span> <span class='ocrx_word' id='word_1_273' title='bbox 1256 2024 1486 2093; x_wconf 88' lang='lat' dir='ltr'><strong>dicatur,</strong></span> <span class='ocrx_word' id='word_1_274' title='bbox 1515 2024 1641 2096; x_wconf 87' lang='lat' dir='ltr'><strong>quia</strong></span> <span class='ocrx_word' id='word_1_275' title='bbox 1688 2022 1882 2082; x_wconf 87' lang='lat' dir='ltr'><strong>turturi</strong></span> <span class='ocrx_word' id='word_1_276' title='bbox 1914 2041 2048 2082; x_wconf 88' lang='lat' dir='ltr'><strong>eon-</strong></span> 
     </span>
    </p>
   </div>
   <div class='ocr_carea' id='block_1_37' title="bbox 455 2109 2000 2172">
    <p class='ocr_par' dir='ltr' id='par_1_37' title="bbox 455 2109 2000 2172">
     <span class='ocr_line' id='line_1_37' title="bbox 455 2109 2000 2172; baseline 0.007 -2"><span class='ocrx_word' id='word_1_277' title='bbox 455 2114 646 2172; x_wconf 76' lang='lat' dir='ltr'><strong>fe&#39;rtur.</strong></span> <span class='ocrx_word' id='word_1_278' title='bbox 1993 2109 2000 2124; x_wconf 80' lang='grc'><em>’</em></span> 
     </span>
    </p>
   </div>
   <div class='ocr_carea' id='block_1_38' title="bbox 527 2197 2051 2279">
    <p class='ocr_par' dir='ltr' id='par_1_38' title="bbox 527 2197 2051 2279">
     <span class='ocr_line' id='line_1_38' title="bbox 527 2197 2051 2279; baseline 0.001 -17"><span class='ocrx_word' id='word_1_279' title='bbox 527 2207 616 2266; x_wconf 75' lang='grc'>15.</span> <span class='ocrx_word' id='word_1_280' title='bbox 656 2197 844 2266; x_wconf 80' lang='lat' dir='ltr'><strong>lsidori</strong></span> <span class='ocrx_word' id='word_1_281' title='bbox 875 2205 1068 2264; x_wconf 84' lang='lat' dir='ltr'><strong>fratres</strong></span> <span class='ocrx_word' id='word_1_282' title='bbox 1088 2205 1232 2279; x_wconf 90' lang='lat' dir='ltr'><strong>quod</strong></span> <span class='ocrx_word' id='word_1_283' title='bbox 1254 2207 1488 2277; x_wconf 89' lang='lat' dir='ltr'><strong>attinet,</strong></span> <span class='ocrx_word' id='word_1_284' title='bbox 1514 2207 1676 2279; x_wconf 88' lang='lat' dir='ltr'><strong>plane</strong></span> <span class='ocrx_word' id='word_1_285' title='bbox 1699 2205 2051 2278; x_wconf 89' lang='lat' dir='ltr'><strong>rejiciendum</strong></span> 
     </span>
    </p>
   </div>
   <div class='ocr_carea' id='block_1_39' title="bbox 456 2288 2050 2373">
    <p class='ocr_par' dir='ltr' id='par_1_39' title="bbox 456 2288 2050 2373">
     <span class='ocr_line' id='line_1_39' title="bbox 456 2288 2050 2373; baseline -0.003 -15"><span class='ocrx_word' id='word_1_286' title='bbox 456 2307 537 2359; x_wconf 81' lang='lat' dir='ltr'><strong>est</strong></span> <span class='ocrx_word' id='word_1_287' title='bbox 567 2345 582 2371; x_wconf 95' lang='lat'><strong>,</strong></span> <span class='ocrx_word' id='word_1_288' title='bbox 616 2288 760 2373; x_wconf 87' lang='lat' dir='ltr'><strong>quod</strong></span> <span class='ocrx_word' id='word_1_289' title='bbox 811 2307 878 2356; x_wconf 84' lang='lat' dir='ltr'><strong>ex</strong></span> <span class='ocrx_word' id='word_1_290' title='bbox 908 2297 1181 2356; x_wconf 88' lang='lat' dir='ltr'><strong>Breviario</strong></span> <span class='ocrx_word' id='word_1_291' title='bbox 1204 2298 1506 2371; x_wconf 81' lang='lat' dir='ltr'><strong>Hispalensi</strong></span> <span class='ocrx_word' id='word_1_292' title='bbox 1535 2297 1780 2356; x_wconf 86' lang='lat' dir='ltr'><strong>Breuiius</strong></span> <span class='ocrx_word' id='word_1_293' title='bbox 1810 2298 1864 2354; x_wconf 90' lang='lat' dir='ltr'><strong>in</strong></span> <span class='ocrx_word' id='word_1_294' title='bbox 1905 2299 2050 2370; x_wconf 90' lang='lat' dir='ltr'><strong>epis-</strong></span> 
     </span>
    </p>
   </div>
   <div class='ocr_carea' id='block_1_40' title="bbox 457 2377 2049 2458">
    <p class='ocr_par' dir='ltr' id='par_1_40' title="bbox 457 2377 2049 2458">
     <span class='ocr_line' id='line_1_40' title="bbox 457 2377 2049 2458; baseline -0.003 -8"><span class='ocrx_word' id='word_1_295' title='bbox 457 2393 565 2450; x_wconf 88' lang='lat' dir='ltr'><strong>tola</strong></span> <span class='ocrx_word' id='word_1_296' title='bbox 596 2377 923 2448; x_wconf 69' lang='lat' dir='ltr'><strong>dedicauit-ia</strong></span> <span class='ocrx_word' id='word_1_297' title='bbox 969 2391 1170 2458; x_wconf 82' lang='lat' dir='ltr'><strong>refert,</strong></span> <span class='ocrx_word' id='word_1_298' title='bbox 1195 2389 1458 2448; x_wconf 88' lang='lat' dir='ltr'><strong>Justinam</strong></span> <span class='ocrx_word' id='word_1_299' title='bbox 1489 2390 1816 2446; x_wconf 87' lang='lat' dir='ltr'><strong>abbatissam</strong></span> <span class='ocrx_word' id='word_1_300' title='bbox 1861 2389 2049 2446; x_wconf 89' lang='lat' dir='ltr'><strong>lsidori</strong></span> 
     </span>
    </p>
   </div>
   <div class='ocr_carea' id='block_1_41' title="bbox 452 2479 2052 2551">
    <p class='ocr_par' dir='ltr' id='par_1_41' title="bbox 452 2479 2052 2551">
     <span class='ocr_line' id='line_1_41' title="bbox 452 2479 2052 2551; baseline -0.003 -11"><span class='ocrx_word' id='word_1_301' title='bbox 452 2495 696 2540; x_wconf 83' lang='lat' dir='ltr'><strong>sororem</strong></span> <span class='ocrx_word' id='word_1_302' title='bbox 747 2481 943 2550; x_wconf 91' lang='lat' dir='ltr'><strong>fuisse,</strong></span> <span class='ocrx_word' id='word_1_303' title='bbox 972 2479 1316 2538; x_wconf 87' lang='lat' dir='ltr'><strong>Braulionem</strong></span> <span class='ocrx_word' id='word_1_304' title='bbox 1361 2479 1896 2551; x_wconf 65' lang='lat' dir='ltr'><strong>Ctesaraugustanum</strong></span> <span class='ocrx_word' id='word_1_305' title='bbox 1943 2481 2052 2536; x_wconf 81' lang='lat' dir='ltr'><strong>fra-</strong></span> 
     </span>
    </p>
   </div>
   <div class='ocr_carea' id='block_1_42' title="bbox 455 2572 2052 2647">
    <p class='ocr_par' dir='ltr' id='par_1_42' title="bbox 455 2572 2052 2647">
     <span class='ocr_line' id='line_1_42' title="bbox 455 2572 2052 2647; baseline -0.003 -15"><span class='ocrx_word' id='word_1_306' title='bbox 455 2585 590 2632; x_wconf 83' lang='lat' dir='ltr'><strong>trem</strong></span> <span class='ocrx_word' id='word_1_307' title='bbox 617 2593 629 2630; x_wconf 90' lang='lat'><strong>:</strong></span> <span class='ocrx_word' id='word_1_308' title='bbox 655 2575 746 2647; x_wconf 85' lang='lat' dir='ltr'><strong>qui</strong></span> <span class='ocrx_word' id='word_1_309' title='bbox 775 2574 924 2630; x_wconf 82' lang='lat' dir='ltr'><strong>addit</strong></span> <span class='ocrx_word' id='word_1_310' title='bbox 949 2576 1017 2632; x_wconf 83' lang='lat' dir='ltr'><strong>ex</strong></span> <span class='ocrx_word' id='word_1_311' title='bbox 1038 2574 1228 2631; x_wconf 72' lang='lat' dir='ltr'><strong>Vasseo</strong></span> <span class='ocrx_word' id='word_1_312' title='bbox 1258 2575 1311 2630; x_wconf 92' lang='lat' dir='ltr'><strong>in</strong></span> <span class='ocrx_word' id='word_1_313' title='bbox 1342 2573 1608 2631; x_wconf 90' lang='lat' dir='ltr'><strong>Chronico</strong></span> <span class='ocrx_word' id='word_1_314' title='bbox 1634 2575 1702 2631; x_wconf 90' lang='lat' dir='ltr'><strong>ad</strong></span> <span class='ocrx_word' id='word_1_315' title='bbox 1723 2590 1921 2631; x_wconf 88' lang='lat' dir='ltr'><strong>annum</strong></span> <span class='ocrx_word' id='word_1_316' title='bbox 1947 2572 2052 2629; x_wconf 83' lang='lat'><strong>567</strong></span> 
     </span>
    </p>
   </div>
   <div class='ocr_carea' id='block_1_43' title="bbox 455 2653 2050 2738">
    <p class='ocr_par' dir='ltr' id='par_1_43' title="bbox 455 2653 2050 2738">
     <span class='ocr_line' id='line_1_43' title="bbox 455 2653 2050 2738; baseline 0 -14"><span class='ocrx_word' id='word_1_317' title='bbox 455 2667 720 2725; x_wconf 83' lang='lat' dir='ltr'><strong>Justinam</strong></span> <span class='ocrx_word' id='word_1_318' title='bbox 752 2661 998 2724; x_wconf 85' lang='lat' dir='ltr'><strong>eamdem</strong></span> <span class='ocrx_word' id='word_1_319' title='bbox 1028 2683 1148 2724; x_wconf 89' lang='lat' dir='ltr'><strong>esse</strong></span> <span class='ocrx_word' id='word_1_320' title='bbox 1177 2675 1339 2738; x_wconf 88' lang='lat' dir='ltr'><strong>atque</strong></span> <span class='ocrx_word' id='word_1_321' title='bbox 1369 2665 1731 2723; x_wconf 85' lang='lat' dir='ltr'><strong>Florentinam</strong></span> <span class='ocrx_word' id='word_1_322' title='bbox 1753 2707 1772 2735; x_wconf 94' lang='lat'><strong>,</strong></span> <span class='ocrx_word' id='word_1_323' title='bbox 1801 2653 2050 2724; x_wconf 76' lang='lat' dir='ltr'><strong>Braulio-</strong></span> 
     </span>
    </p>
   </div>
   <div class='ocr_carea' id='block_1_44' title="bbox 455 2758 2051 2831">
    <p class='ocr_par' dir='ltr' id='par_1_44' title="bbox 455 2758 2051 2831">
     <span class='ocr_line' id='line_1_44' title="bbox 455 2758 2051 2831; baseline -0.001 -15"><span class='ocrx_word' id='word_1_324' title='bbox 455 2775 578 2816; x_wconf 84' lang='lat' dir='ltr'><strong>nem</strong></span> <span class='ocrx_word' id='word_1_325' title='bbox 609 2769 738 2817; x_wconf 82' lang='lat' dir='ltr'><strong>vero</strong></span> <span class='ocrx_word' id='word_1_326' title='bbox 769 2760 910 2817; x_wconf 84' lang='lat' dir='ltr'><strong>inter</strong></span> <span class='ocrx_word' id='word_1_327' title='bbox 948 2758 1140 2816; x_wconf 86' lang='lat' dir='ltr'><strong>lsidori</strong></span> <span class='ocrx_word' id='word_1_328' title='bbox 1170 2761 1364 2817; x_wconf 84' lang='lat' dir='ltr'><strong>fratres</strong></span> <span class='ocrx_word' id='word_1_329' title='bbox 1393 2775 1732 2831; x_wconf 85' lang='lat' dir='ltr'><strong>nequaquam</strong></span> <span class='ocrx_word' id='word_1_330' title='bbox 1759 2773 2051 2816; x_wconf 88' lang='lat' dir='ltr'><strong>recensen-</strong></span> 
     </span>
    </p>
   </div>
   <div class='ocr_carea' id='block_1_45' title="bbox 455 2845 2049 2923">
    <p class='ocr_par' dir='ltr' id='par_1_45' title="bbox 455 2845 2049 2923">
     <span class='ocr_line' id='line_1_45' title="bbox 455 2845 2049 2923; baseline -0.001 -14"><span class='ocrx_word' id='word_1_331' title='bbox 455 2854 599 2909; x_wconf 82' lang='lat' dir='ltr'><strong>dum.</strong></span> <span class='ocrx_word' id='word_1_332' title='bbox 645 2849 837 2910; x_wconf 82' lang='lat' dir='ltr'><strong>Riscu&#39;s</strong></span> <span class='ocrx_word' id='word_1_333' title='bbox 861 2891 879 2920; x_wconf 92' lang='lat'><strong>,</strong></span> <span class='ocrx_word' id='word_1_334' title='bbox 901 2859 1035 2908; x_wconf 89' lang='lat' dir='ltr'><strong>tom.</strong></span> <span class='ocrx_word' id='word_1_335' title='bbox 1068 2848 1218 2905; x_wconf 88' lang='lat' dir='ltr'><strong>XXX</strong></span> <span class='ocrx_word' id='word_1_336' title='bbox 1268 2845 1424 2922; x_wconf 82' lang='lat' dir='ltr'><strong>HiSp.</strong></span> <span class='ocrx_word' id='word_1_337' title='bbox 1453 2866 1590 2918; x_wconf 89' lang='lat' dir='ltr'><strong>sac.,</strong></span> <span class='ocrx_word' id='word_1_338' title='bbox 1619 2865 1673 2923; x_wconf 90' lang='lat' dir='ltr'><strong>p.</strong></span> <span class='ocrx_word' id='word_1_339' title='bbox 1727 2849 1829 2906; x_wconf 72' lang='grc'><strong>145</strong></span> <span class='ocrx_word' id='word_1_340' title='bbox 1853 2893 1869 2921; x_wconf 90' lang='grc'><strong>,</strong></span> <span class='ocrx_word' id='word_1_341' title='bbox 1895 2865 2049 2908; x_wconf 87' lang='lat' dir='ltr'><strong>erro-</strong></span> 
     </span>
    </p>
   </div>
   <div class='ocr_carea' id='block_1_46' title="bbox 461 2939 2050 3014">
    <p class='ocr_par' dir='ltr' id='par_1_46' title="bbox 461 2939 2050 3014">
     <span class='ocr_line' id='line_1_46' title="bbox 461 2939 2050 3014; baseline -0.001 -14"><span class='ocrx_word' id='word_1_342' title='bbox 461 2959 574 3000; x_wconf 92' lang='lat' dir='ltr'><strong>rem</strong></span> <span class='ocrx_word' id='word_1_343' title='bbox 603 2940 754 3001; x_wconf 87' lang='lat' dir='ltr'><strong>Lucil</strong></span> <span class='ocrx_word' id='word_1_344' title='bbox 799 2939 1036 3000; x_wconf 66' lang='lat' dir='ltr'><strong>Marlhtei</strong></span> <span class='ocrx_word' id='word_1_345' title='bbox 1083 2939 1248 2998; x_wconf 84' lang='lat' dir='ltr'><strong>Siculi</strong></span> <span class='ocrx_word' id='word_1_346' title='bbox 1277 2943 1546 3012; x_wconf 81' lang='lat' dir='ltr'><strong>revincit,</strong></span> <span class='ocrx_word' id='word_1_347' title='bbox 1573 2943 1665 3014; x_wconf 90' lang='lat' dir='ltr'><strong>qui</strong></span> <span class='ocrx_word' id='word_1_348' title='bbox 1711 2941 1910 3000; x_wconf 90' lang='lat' dir='ltr'><strong>Isidoro</strong></span> <span class='ocrx_word' id='word_1_349' title='bbox 1939 2942 2050 2999; x_wconf 56' lang='lat' dir='ltr'><strong>fras</strong></span> 
     </span>
    </p>
   </div>
   <div class='ocr_carea' id='block_1_47' title="bbox 457 3026 2052 3102">
    <p class='ocr_par' dir='ltr' id='par_1_47' title="bbox 457 3026 2052 3102">
     <span class='ocr_line' id='line_1_47' title="bbox 457 3026 2052 3102; baseline -0.001 -11"><span class='ocrx_word' id='word_1_350' title='bbox 457 3045 591 3092; x_wconf 88' lang='lat' dir='ltr'><strong>trem</strong></span> <span class='ocrx_word' id='word_1_351' title='bbox 623 3036 714 3091; x_wconf 91' lang='lat' dir='ltr'><strong>dat</strong></span> <span class='ocrx_word' id='word_1_352' title='bbox 743 3043 852 3092; x_wconf 84' lang='lat' dir='ltr'><strong>non</strong></span> <span class='ocrx_word' id='word_1_353' title='bbox 881 3035 1055 3091; x_wconf 84' lang='lat' dir='ltr'><strong>solum</strong></span> <span class='ocrx_word' id='word_1_354' title='bbox 1095 3026 1438 3090; x_wconf 80' lang='lat' dir='ltr'><strong>BraullOnem</strong></span> <span class='ocrx_word' id='word_1_355' title='bbox 1461 3077 1476 3102; x_wconf 92' lang='lat'><strong>,</strong></span> <span class='ocrx_word' id='word_1_356' title='bbox 1504 3033 1599 3091; x_wconf 89' lang='lat' dir='ltr'><strong>sed</strong></span> <span class='ocrx_word' id='word_1_357' title='bbox 1629 3034 1791 3090; x_wconf 89' lang='lat' dir='ltr'><strong>etiam</strong></span> <span class='ocrx_word' id='word_1_358' title='bbox 1821 3033 1879 3091; x_wconf 84' lang='lat' dir='ltr'><strong>S.</strong></span> <span class='ocrx_word' id='word_1_359' title='bbox 1912 3029 2052 3090; x_wconf 73' lang='lat' dir='ltr'><strong>11er-</strong></span> 
     </span>
    </p>
   </div>
   <div class='ocr_carea' id='block_1_48' title="bbox 455 3121 2048 3198">
    <p class='ocr_par' dir='ltr' id='par_1_48' title="bbox 455 3121 2048 3198">
     <span class='ocr_line' id='line_1_48' title="bbox 455 3121 2048 3198; baseline 0.001 -18"><span class='ocrx_word' id='word_1_360' title='bbox 455 3123 811 3196; x_wconf 70' lang='lat' dir='ltr'><strong>t‘a&#39;enegildom</strong></span> <span class='ocrx_word' id='word_1_361' title='bbox 834 3165 850 3187; x_wconf 84' lang='lat'><strong>.</strong></span> <span class='ocrx_word' id='word_1_362' title='bbox 903 3129 958 3180; x_wconf 89' lang='lat' dir='ltr'><strong>et</strong></span> <span class='ocrx_word' id='word_1_363' title='bbox 985 3123 1318 3180; x_wconf 83' lang='lat' dir='ltr'><strong>Recaredum</strong></span> <span class='ocrx_word' id='word_1_364' title='bbox 1347 3138 1550 3198; x_wconf 85' lang='lat' dir='ltr'><strong>regem.</strong></span> <span class='ocrx_word' id='word_1_365' title='bbox 1580 3121 1948 3194; x_wconf 86' lang='lat' dir='ltr'><strong>Braullonetn,</strong></span> <span class='ocrx_word' id='word_1_366' title='bbox 1978 3121 2048 3181; x_wconf 88' lang='lat' dir='ltr'><strong>de</strong></span> 
     </span>
    </p>
   </div>
   <div class='ocr_carea' id='block_1_49' title="bbox 452 3213 2043 3288">
    <p class='ocr_par' dir='ltr' id='par_1_49' title="bbox 452 3213 2043 3288">
     <span class='ocr_line' id='line_1_49' title="bbox 452 3213 2043 3288; baseline -0.001 -16"><span class='ocrx_word' id='word_1_367' title='bbox 452 3216 607 3287; x_wconf 86' lang='lat' dir='ltr'><strong>cujus</strong></span> <span class='ocrx_word' id='word_1_368' title='bbox 656 3229 788 3273; x_wconf 87' lang='lat' dir='ltr'><strong>vera</strong></span> <span class='ocrx_word' id='word_1_369' title='bbox 839 3215 1009 3288; x_wconf 85' lang='lat' dir='ltr'><strong>stirpe</strong></span> <span class='ocrx_word' id='word_1_370' title='bbox 1064 3217 1285 3272; x_wconf 87' lang='lat' dir='ltr'><strong>minime</strong></span> <span class='ocrx_word' id='word_1_371' title='bbox 1339 3213 1480 3271; x_wconf 87' lang='lat' dir='ltr'><strong>inter</strong></span> <span class='ocrx_word' id='word_1_372' title='bbox 1525 3223 1738 3273; x_wconf 82' lang='lat' dir='ltr'><strong>veteres</strong></span> <span class='ocrx_word' id='word_1_373' title='bbox 1790 3217 2043 3286; x_wconf 84' lang='lat' dir='ltr'><strong>censtat,</strong></span> 
     </span>
    </p>
   </div>
   <div class='ocr_carea' id='block_1_50' title="bbox 452 3305 2048 3384">
    <p class='ocr_par' dir='ltr' id='par_1_50' title="bbox 452 3305 2048 3384">
     <span class='ocr_line' id='line_1_50' title="bbox 452 3305 2048 3384; baseline 0.003 -19"><span class='ocrx_word' id='word_1_374' title='bbox 452 3305 850 3380; x_wconf 77' lang='lat' dir='ltr'><strong>Hermenegiidl</strong></span> <span class='ocrx_word' id='word_1_375' title='bbox 877 3315 933 3364; x_wconf 88' lang='lat' dir='ltr'><strong>et</strong></span> <span class='ocrx_word' id='word_1_376' title='bbox 953 3305 1214 3366; x_wconf 78' lang='lat' dir='ltr'><strong>Recaredi</strong></span> <span class='ocrx_word' id='word_1_377' title='bbox 1244 3310 1386 3379; x_wconf 82' lang='lat' dir='ltr'><strong>regis</strong></span> <span class='ocrx_word' id='word_1_378' title='bbox 1409 3309 1628 3366; x_wconf 83' lang='lat' dir='ltr'><strong>fratrem</strong></span> <span class='ocrx_word' id='word_1_379' title='bbox 1657 3309 1820 3368; x_wconf 84' lang='lat' dir='ltr'><strong>fuisse</strong></span> <span class='ocrx_word' id='word_1_380' title='bbox 1843 3313 2048 3384; x_wconf 88' lang='lat' dir='ltr'><strong>primus</strong></span> 
     </span>
    </p>
   </div>
   <div class='ocr_carea' id='block_1_51' title="bbox 455 3395 2045 3476">
    <p class='ocr_par' dir='ltr' id='par_1_51' title="bbox 455 3395 2045 3476">
     <span class='ocr_line' id='line_1_51' title="bbox 455 3395 2045 3476; baseline 0.001 -19"><span class='ocrx_word' id='word_1_381' title='bbox 455 3402 735 3472; x_wconf 87' lang='lat' dir='ltr'><strong>episcopus</strong></span> <span class='ocrx_word' id='word_1_382' title='bbox 777 3399 1152 3457; x_wconf 68' lang='lat' dir='ltr'><strong>(labilonensis</strong></span> <span class='ocrx_word' id='word_1_383' title='bbox 1196 3401 1247 3457; x_wconf 81' lang='lat' dir='ltr'><strong>in</strong></span> <span class='ocrx_word' id='word_1_384' title='bbox 1295 3399 1533 3476; x_wconf 82' lang='lat' dir='ltr'><strong>Topogr.</strong></span> <span class='ocrx_word' id='word_1_385' title='bbox 1566 3403 1731 3460; x_wconf 87' lang='lat' dir='ltr'><strong>verbo</strong></span> <span class='ocrx_word' id='word_1_386' title='bbox 1781 3395 2045 3476; x_wconf 78' lang='lat' dir='ltr'><strong>Hispalis,</strong></span> 
     </span>
    </p>
   </div>
   <div class='ocr_carea' id='block_1_52' title="bbox 456 3490 2047 3568">
    <p class='ocr_par' dir='ltr' id='par_1_52' title="bbox 456 3490 2047 3568">
     <span class='ocr_line' id='line_1_52' title="bbox 456 3490 2047 3568; baseline 0.001 -17"><span class='ocrx_word' id='word_1_387' title='bbox 456 3499 512 3551; x_wconf 89' lang='lat' dir='ltr'><strong>et</strong></span> <span class='ocrx_word' id='word_1_388' title='bbox 573 3490 911 3564; x_wconf 78' lang='lat' dir='ltr'><strong>Mauroiyctis‘</strong></span> <span class='ocrx_word' id='word_1_389' title='bbox 967 3491 1036 3548; x_wconf 79' lang='lat' dir='ltr'><strong>ad</strong></span> <span class='ocrx_word' id='word_1_390' title='bbox 1092 3491 1232 3549; x_wconf 85' lang='lat' dir='ltr'><strong>diem</strong></span> <span class='ocrx_word' id='word_1_391' title='bbox 1286 3491 1358 3549; x_wconf 75' lang='grc'><strong>15</strong></span> <span class='ocrx_word' id='word_1_392' title='bbox 1413 3493 1609 3566; x_wconf 79' lang='lat' dir='ltr'><strong>Aprilis</strong></span> <span class='ocrx_word' id='word_1_393' title='bbox 1663 3495 1844 3568; x_wconf 82' lang='lat' dir='ltr'><strong>inepte</strong></span> <span class='ocrx_word' id='word_1_394' title='bbox 1900 3509 2047 3553; x_wconf 87' lang='lat' dir='ltr'><strong>asse--</strong></span> 
     </span>
    </p>
   </div>
   <div class='ocr_carea' id='block_1_53' title="bbox 459 3593 1126 3644">
    <p class='ocr_par' dir='ltr' id='par_1_53' title="bbox 459 3593 1126 3644">
     <span class='ocr_line' id='line_1_53' title="bbox 459 3593 1126 3644; baseline -0.015 0"><span class='ocrx_word' id='word_1_395' title='bbox 459 3593 702 3644; x_wconf 86' lang='lat' dir='ltr'><strong>ruerunt.</strong></span> <span class='ocrx_word' id='word_1_396' title='bbox 1120 3611 1126 3615; x_wconf 90' lang='grc'><strong>·</strong></span> 
     </span>
    </p>
   </div>
   <div class='ocr_carea' id='block_1_54' title="bbox 485 3672 2043 3750">
    <p class='ocr_par' dir='ltr' id='par_1_54' title="bbox 485 3672 2043 3750">
     <span class='ocr_line' id='line_1_54' title="bbox 485 3672 2043 3750; baseline -0.001 -16"><span class='ocrx_word' id='word_1_397' title='bbox 485 3677 488 3680; x_wconf 81' lang='grc'><strong>’</strong></span> <span class='ocrx_word' id='word_1_398' title='bbox 530 3678 614 3734; x_wconf 71' lang='grc'><strong>14.</strong></span> <span class='ocrx_word' id='word_1_399' title='bbox 657 3677 753 3734; x_wconf 87' lang='lat' dir='ltr'><strong>illa</strong></span> <span class='ocrx_word' id='word_1_400' title='bbox 773 3691 991 3750; x_wconf 89' lang='lat' dir='ltr'><strong>quoque</strong></span> <span class='ocrx_word' id='word_1_401' title='bbox 1010 3672 1229 3734; x_wconf 81' lang='lat' dir='ltr'><strong>traditio</strong></span> <span class='ocrx_word' id='word_1_402' title='bbox 1249 3676 1390 3732; x_wconf 82' lang='lat' dir='ltr'><strong>inter</strong></span> <span class='ocrx_word' id='word_1_403' title='bbox 1415 3675 1680 3748; x_wconf 87' lang='lat' dir='ltr'><strong>Hispanos</strong></span> <span class='ocrx_word' id='word_1_404' title='bbox 1703 3679 1918 3750; x_wconf 76' lang='lat' dir='ltr'><strong>recepta</strong></span> <span class='ocrx_word' id='word_1_405' title='bbox 1941 3688 2043 3746; x_wconf 88' lang='lat' dir='ltr'><strong>est,</strong></span> 
     </span>
    </p>
   </div>
   <div class='ocr_carea' id='block_1_55' title="bbox 454 3758 2059 3838">
    <p class='ocr_par' dir='ltr' id='par_1_55' title="bbox 454 3758 2059 3838">
     <span class='ocr_line' id='line_1_55' title="bbox 454 3758 2059 3838; baseline -0.002 -8"><span class='ocrx_word' id='word_1_406' title='bbox 454 3772 730 3830; x_wconf 84' lang='lat' dir='ltr'><strong>Severiani</strong></span> <span class='ocrx_word' id='word_1_407' title='bbox 765 3769 926 3824; x_wconf 86' lang='lat' dir='ltr'><strong>liliam</strong></span> <span class='ocrx_word' id='word_1_408' title='bbox 973 3769 1192 3825; x_wconf 87' lang='lat' dir='ltr'><strong>nomine</strong></span> <span class='ocrx_word' id='word_1_409' title='bbox 1229 3765 1576 3824; x_wconf 80' lang='lat' dir='ltr'><strong>Theoderam</strong></span> <span class='ocrx_word' id='word_1_410' title='bbox 1619 3769 1814 3838; x_wconf 79' lang='lat' dir='ltr'><strong>fuisse,</strong></span> <span class='ocrx_word' id='word_1_411' title='bbox 1851 3758 2059 3826; x_wconf 15' lang='lat' dir='ltr'><strong>Leovi-I</strong></span> 
     </span>
    </p>
   </div>
   <div class='ocr_carea' id='block_1_56' title="bbox 454 3858 2050 3937">
    <p class='ocr_par' dir='ltr' id='par_1_56' title="bbox 454 3858 2050 3937">
     <span class='ocr_line' id='line_1_56' title="bbox 454 3858 2050 3937; baseline 0.001 -19"><span class='ocrx_word' id='word_1_412' title='bbox 454 3863 595 3935; x_wconf 83' lang='lat' dir='ltr'><strong>gildo</strong></span> <span class='ocrx_word' id='word_1_413' title='bbox 623 3867 844 3935; x_wconf 86' lang='lat' dir='ltr'><strong>nuptam</strong></span> <span class='ocrx_word' id='word_1_414' title='bbox 869 3903 884 3931; x_wconf 91' lang='lat'><strong>,</strong></span> <span class='ocrx_word' id='word_1_415' title='bbox 915 3878 980 3919; x_wconf 76' lang='lat' dir='ltr'><strong>ex</strong></span> <span class='ocrx_word' id='word_1_416' title='bbox 1028 3877 1133 3934; x_wconf 89' lang='lat' dir='ltr'><strong>qua</strong></span> <span class='ocrx_word' id='word_1_417' title='bbox 1171 3863 1228 3919; x_wconf 87' lang='lat' dir='ltr'><strong>S.</strong></span> <span class='ocrx_word' id='word_1_418' title='bbox 1261 3860 1704 3934; x_wconf 82' lang='lat' dir='ltr'><strong>Hermenegiidus</strong></span> <span class='ocrx_word' id='word_1_419' title='bbox 1739 3858 1962 3937; x_wconf 86' lang='lat' dir='ltr'><strong>martyr,</strong></span> <span class='ocrx_word' id='word_1_420' title='bbox 1995 3871 2050 3920; x_wconf 90' lang='lat' dir='ltr'><strong>et</strong></span> 
     </span>
    </p>
   </div>
   <div class='ocr_carea' id='block_1_57' title="bbox 456 3953 2048 4029">
    <p class='ocr_par' dir='ltr' id='par_1_57' title="bbox 456 3953 2048 4029">
     <span class='ocr_line' id='line_1_57' title="bbox 456 3953 2048 4029; baseline 0.001 -16"><span class='ocrx_word' id='word_1_421' title='bbox 456 3955 760 4013; x_wconf 83' lang='lat' dir='ltr'><strong>Recaredus</strong></span> <span class='ocrx_word' id='word_1_422' title='bbox 789 3955 992 4026; x_wconf 85' lang='lat' dir='ltr'><strong>primus</strong></span> <span class='ocrx_word' id='word_1_423' title='bbox 1037 3955 1346 4011; x_wconf 88' lang='lat' dir='ltr'><strong>Gothorum</strong></span> <span class='ocrx_word' id='word_1_424' title='bbox 1387 3953 1688 4012; x_wconf 87' lang='lat' dir='ltr'><strong>catholicus</strong></span> <span class='ocrx_word' id='word_1_425' title='bbox 1717 3973 1810 4012; x_wconf 83' lang='lat' dir='ltr'><strong>rex</strong></span> <span class='ocrx_word' id='word_1_426' title='bbox 1852 3973 2048 4029; x_wconf 86' lang='lat' dir='ltr'><strong>proge-</strong></span> 
     </span>
    </p>
   </div>
   <div class='ocr_carea' id='block_1_58' title="bbox 455 4039 2062 4117">
    <p class='ocr_par' dir='ltr' id='par_1_58' title="bbox 455 4039 2062 4117">
     <span class='ocr_line' id='line_1_58' title="bbox 455 4039 2062 4117; baseline 0 -13"><span class='ocrx_word' id='word_1_427' title='bbox 455 4047 554 4104; x_wconf 87' lang='lat' dir='ltr'><strong>niti</strong></span> <span class='ocrx_word' id='word_1_428' title='bbox 601 4047 818 4102; x_wconf 86' lang='lat' dir='ltr'><strong>fuerint.</strong></span> <span class='ocrx_word' id='word_1_429' title='bbox 864 4039 979 4102; x_wconf 82' lang='lat' dir='ltr'><strong>Nic.</strong></span> <span class='ocrx_word' id='word_1_430' title='bbox 1032 4045 1330 4110; x_wconf 82' lang='lat' dir='ltr'><strong>Antonius,</strong></span> <span class='ocrx_word' id='word_1_431' title='bbox 1361 4047 1450 4116; x_wconf 86' lang='lat' dir='ltr'><strong>qui</strong></span> <span class='ocrx_word' id='word_1_432' title='bbox 1497 4048 1607 4103; x_wconf 89' lang='lat' dir='ltr'><strong>acri</strong></span> <span class='ocrx_word' id='word_1_433' title='bbox 1656 4047 1859 4117; x_wconf 83' lang='lat' dir='ltr'><strong>judicio</strong></span> <span class='ocrx_word' id='word_1_434' title='bbox 1881 4042 2062 4104; x_wconf 44' lang='lat' dir='ltr'><strong>Seve-&#39;</strong></span> 
     </span>
    </p>
   </div>
   <div class='ocr_carea' id='block_1_59' title="bbox 457 4135 2052 4212">
    <p class='ocr_par' dir='ltr' id='par_1_59' title="bbox 457 4135 2052 4212">
     <span class='ocr_line' id='line_1_59' title="bbox 457 4135 2052 4212; baseline -0.001 -16"><span class='ocrx_word' id='word_1_435' title='bbox 457 4140 594 4196; x_wconf 87' lang='lat' dir='ltr'><strong>riani</strong></span> <span class='ocrx_word' id='word_1_436' title='bbox 619 4179 634 4206; x_wconf 90' lang='lat'><strong>,</strong></span> <span class='ocrx_word' id='word_1_437' title='bbox 657 4147 711 4194; x_wconf 89' lang='lat' dir='ltr'><strong>et</strong></span> <span class='ocrx_word' id='word_1_438' title='bbox 737 4135 850 4207; x_wconf 84' lang='lat' dir='ltr'><strong>ejus</strong></span> <span class='ocrx_word' id='word_1_439' title='bbox 871 4137 1038 4210; x_wconf 86' lang='lat' dir='ltr'><strong>prolis</strong></span> <span class='ocrx_word' id='word_1_440' title='bbox 1068 4139 1332 4208; x_wconf 85' lang='lat' dir='ltr'><strong>originem</strong></span> <span class='ocrx_word' id='word_1_441' title='bbox 1363 4137 1645 4194; x_wconf 88' lang='lat' dir='ltr'><strong>Gothicam</strong></span> <span class='ocrx_word' id='word_1_442' title='bbox 1675 4140 1966 4212; x_wconf 56' lang='lat' dir='ltr'><strong>espenditv,</strong></span> <span class='ocrx_word' id='word_1_443' title='bbox 1998 4140 2052 4196; x_wconf 92' lang='lat' dir='ltr'><strong>id</strong></span> 
     </span>
    </p>
   </div>
   <div class='ocr_carea' id='block_1_60' title="bbox 458 4232 2051 4307">
    <p class='ocr_par' dir='ltr' id='par_1_60' title="bbox 458 4232 2051 4307">
     <span class='ocr_line' id='line_1_60' title="bbox 458 4232 2051 4307; baseline 0.002 -21"><span class='ocrx_word' id='word_1_444' title='bbox 458 4241 559 4303; x_wconf 83' lang='lat' dir='ltr'><strong>pro</strong></span> <span class='ocrx_word' id='word_1_445' title='bbox 581 4240 731 4287; x_wconf 87' lang='lat' dir='ltr'><strong>certo</strong></span> <span class='ocrx_word' id='word_1_446' title='bbox 768 4233 978 4288; x_wconf 86' lang='lat' dir='ltr'><strong>statuit.</strong></span> <span class='ocrx_word' id='word_1_447' title='bbox 1031 4232 1145 4288; x_wconf 79' lang='lat' dir='ltr'><strong>Hoc</strong></span> <span class='ocrx_word' id='word_1_448' title='bbox 1196 4235 1472 4307; x_wconf 84' lang='lat' dir='ltr'><strong>afﬁnitatis</strong></span> <span class='ocrx_word' id='word_1_449' title='bbox 1519 4234 1815 4302; x_wconf 79' lang='lat' dir='ltr'><strong>vinculum,</strong></span> <span class='ocrx_word' id='word_1_450' title='bbox 1863 4234 2051 4300; x_wconf 86' lang='lat' dir='ltr'><strong>addit,</strong></span> 
     </span>
    </p>
   </div>
   <div class='ocr_carea' id='block_1_61' title="bbox 460 4315 2052 4401">
    <p class='ocr_par' dir='ltr' id='par_1_61' title="bbox 460 4315 2052 4401">
     <span class='ocr_line' id='line_1_61' title="bbox 460 4315 2052 4401; baseline 0.003 -25"><span class='ocrx_word' id='word_1_451' title='bbox 460 4335 564 4376; x_wconf 86' lang='lat' dir='ltr'><strong>non</strong></span> <span class='ocrx_word' id='word_1_452' title='bbox 615 4322 757 4377; x_wconf 83' lang='lat' dir='ltr'><strong>aliud</strong></span> <span class='ocrx_word' id='word_1_453' title='bbox 789 4350 806 4392; x_wconf 91' lang='lat'><strong>-,</strong></span> <span class='ocrx_word' id='word_1_454' title='bbox 837 4324 1126 4391; x_wconf 68' lang='lat' dir='ltr'><strong>credimus,</strong></span> <span class='ocrx_word' id='word_1_455' title='bbox 1161 4315 1431 4401; x_wconf 78' lang='lat' dir='ltr'><strong>Seueriani</strong></span> <span class='ocrx_word' id='word_1_456' title='bbox 1459 4323 1624 4381; x_wconf 82' lang='lat' dir='ltr'><strong>soboli</strong></span> <span class='ocrx_word' id='word_1_457' title='bbox 1659 4341 1770 4379; x_wconf 86' lang='lat' dir='ltr'><strong>cum</strong></span> <span class='ocrx_word' id='word_1_458' title='bbox 1821 4324 2052 4381; x_wconf 59' lang='grc' dir='ltr'><strong>(θουρίαις</strong></span> 
     </span>
    </p>
   </div>
   <div class='ocr_carea' id='block_1_62' title="bbox 416 4414 2052 4495">
    <p class='ocr_par' dir='ltr' id='par_1_62' title="bbox 416 4414 2052 4495">
     <span class='ocr_line' id='line_1_62' title="bbox 416 4414 2052 4495; baseline 0.003 -24"><span class='ocrx_word' id='word_1_459' title='bbox 416 4470 423 4495; x_wconf 78' lang='lat'><strong>_,</strong></span> <span class='ocrx_word' id='word_1_460' title='bbox 459 4414 663 4488; x_wconf 84' lang='lat' dir='ltr'><strong>regibus</strong></span> <span class='ocrx_word' id='word_1_461' title='bbox 692 4418 1058 4472; x_wconf 83' lang='lat' dir='ltr'><strong>intercessisse.</strong></span> <span class='ocrx_word' id='word_1_462' title='bbox 1093 4417 1162 4472; x_wconf 86' lang='lat' dir='ltr'><strong>At</strong></span> <span class='ocrx_word' id='word_1_463' title='bbox 1184 4419 1229 4473; x_wconf 78' lang='lat' dir='ltr'><strong>si</strong></span> <span class='ocrx_word' id='word_1_464' title='bbox 1259 4433 1494 4490; x_wconf 66' lang='lat' dir='ltr'><strong>quaeras,</strong></span> <span class='ocrx_word' id='word_1_465' title='bbox 1524 4420 1715 4489; x_wconf 87' lang='lat' dir='ltr'><strong>quibus</strong></span> <span class='ocrx_word' id='word_1_466' title='bbox 1743 4421 2052 4476; x_wconf 87' lang='lat' dir='ltr'><strong>auctoribus</strong></span> 
     </span>
    </p>
   </div>
   <div class='ocr_carea' id='block_1_63' title="bbox 462 4508 2050 4580">
    <p class='ocr_par' dir='ltr' id='par_1_63' title="bbox 462 4508 2050 4580">
     <span class='ocr_line' id='line_1_63' title="bbox 462 4508 2050 4580; baseline 0.003 -17"><span class='ocrx_word' id='word_1_467' title='bbox 462 4511 675 4564; x_wconf 87' lang='lat' dir='ltr'><strong>constet</strong></span> <span class='ocrx_word' id='word_1_468' title='bbox 703 4509 978 4566; x_wconf 75' lang='lat' dir='ltr'><strong>exstitiSse</strong></span> <span class='ocrx_word' id='word_1_469' title='bbox 998 4524 1233 4580; x_wconf 86' lang='lat' dir='ltr'><strong>unquam</strong></span> <span class='ocrx_word' id='word_1_470' title='bbox 1257 4508 1595 4567; x_wconf 85' lang='lat' dir='ltr'><strong>Theodoram</strong></span> <span class='ocrx_word' id='word_1_471' title='bbox 1625 4528 1744 4568; x_wconf 88' lang='lat' dir='ltr'><strong>eam</strong></span> <span class='ocrx_word' id='word_1_472' title='bbox 1773 4511 2050 4569; x_wconf 87' lang='lat' dir='ltr'><strong>Severiani</strong></span> 
     </span>
    </p>
   </div>
   <div class='ocr_carea' id='block_1_64' title="bbox 463 4585 2044 4674">
    <p class='ocr_par' dir='ltr' id='par_1_64' title="bbox 463 4585 2044 4674">
     <span class='ocr_line' id='line_1_64' title="bbox 463 4585 2044 4674; baseline 0.004 -22"><span class='ocrx_word' id='word_1_473' title='bbox 463 4596 626 4654; x_wconf 85' lang='lat' dir='ltr'><strong>filiam</strong></span> <span class='ocrx_word' id='word_1_474' title='bbox 646 4641 660 4667; x_wconf 94' lang='lat'><strong>,</strong></span> <span class='ocrx_word' id='word_1_475' title='bbox 693 4599 834 4668; x_wconf 77' lang='lat' dir='ltr'><strong>regis</strong></span> <span class='ocrx_word' id='word_1_476' title='bbox 858 4597 1153 4670; x_wconf 87' lang='lat' dir='ltr'><strong>Leoviglidi</strong></span> <span class='ocrx_word' id='word_1_477' title='bbox 1183 4607 1407 4656; x_wconf 78' lang='lat' dir='ltr'><strong>uxorem</strong></span> <span class='ocrx_word' id='word_1_478' title='bbox 1431 4641 1446 4666; x_wconf 92' lang='lat'><strong>,</strong></span> <span class='ocrx_word' id='word_1_479' title='bbox 1479 4611 1584 4656; x_wconf 87' lang='lat' dir='ltr'><strong>non</strong></span> <span class='ocrx_word' id='word_1_480' title='bbox 1625 4602 1758 4657; x_wconf 86' lang='lat' dir='ltr'><strong>alios</strong></span> <span class='ocrx_word' id='word_1_481' title='bbox 1787 4631 1804 4669; x_wconf 83' lang='lat'><strong>,~</strong></span> <span class='ocrx_word' id='word_1_482' title='bbox 1835 4585 2044 4674; x_wconf 87' lang='lat' dir='ltr'><strong>opinor,</strong></span> 
     </span>
    </p>
   </div>
   <div class='ocr_carea' id='block_1_65' title="bbox 463 4691 2068 4767">
    <p class='ocr_par' dir='ltr' id='par_1_65' title="bbox 463 4691 2068 4767">
     <span class='ocr_line' id='line_1_65' title="bbox 463 4691 2068 4767; baseline 0.006 -22"><span class='ocrx_word' id='word_1_483' title='bbox 463 4691 584 4760; x_wconf 85' lang='lat' dir='ltr'><strong>quis</strong></span> <span class='ocrx_word' id='word_1_484' title='bbox 608 4691 851 4761; x_wconf 87' lang='lat' dir='ltr'><strong>proferet</strong></span> <span class='ocrx_word' id='word_1_485' title='bbox 875 4733 889 4759; x_wconf 96' lang='lat'><strong>,</strong></span> <span class='ocrx_word' id='word_1_486' title='bbox 928 4691 1029 4746; x_wconf 88' lang='lat' dir='ltr'><strong>nisi</strong></span> <span class='ocrx_word' id='word_1_487' title='bbox 1051 4691 1170 4747; x_wconf 90' lang='lat' dir='ltr'><strong>illos</strong></span> <span class='ocrx_word' id='word_1_488' title='bbox 1201 4692 1347 4762; x_wconf 88' lang='lat' dir='ltr'><strong>ipsos</strong></span> <span class='ocrx_word' id='word_1_489' title='bbox 1370 4695 1562 4764; x_wconf 87' lang='lat' dir='ltr'><strong>quibus</strong></span> <span class='ocrx_word' id='word_1_490' title='bbox 1583 4695 1859 4752; x_wconf 64' lang='lat' dir='ltr'><strong>Sereriani</strong></span> <span class='ocrx_word' id='word_1_491' title='bbox 1879 4696 2068 4767; x_wconf 85' lang='lat' dir='ltr'><strong>genus</strong></span> 
     </span>
    </p>
   </div>
   <div class='ocr_carea' id='block_1_66' title="bbox 459 4779 2049 4858">
    <p class='ocr_par' dir='ltr' id='par_1_66' title="bbox 459 4779 2049 4858">
     <span class='ocr_line' id='line_1_66' title="bbox 459 4779 2049 4858; baseline 0.005 -23"><span class='ocrx_word' id='word_1_492' title='bbox 459 4779 768 4849; x_wconf 85' lang='lat' dir='ltr'><strong>Gothicum,</strong></span> <span class='ocrx_word' id='word_1_493' title='bbox 785 4782 968 4837; x_wconf 84' lang='lat' dir='ltr'><strong>uxoris</strong></span> <span class='ocrx_word' id='word_1_494' title='bbox 983 4782 1258 4838; x_wconf 88' lang='lat' dir='ltr'><strong>Severiani</strong></span> <span class='ocrx_word' id='word_1_495' title='bbox 1281 4782 1580 4840; x_wconf 73' lang='lat' dir='ltr'><strong>Theodora:</strong></span> <span class='ocrx_word' id='word_1_496' title='bbox 1602 4801 1817 4853; x_wconf 85' lang='lat' dir='ltr'><strong>nomen,</strong></span> <span class='ocrx_word' id='word_1_497' title='bbox 1837 4788 2049 4858; x_wconf 86' lang='lat' dir='ltr'><strong>aliaque</strong></span> 
     </span>
    </p>
   </div>
   <div class='ocr_carea' id='block_1_67' title="bbox 461 4872 2046 4949">
    <p class='ocr_par' dir='ltr' id='par_1_67' title="bbox 461 4872 2046 4949">
     <span class='ocr_line' id='line_1_67' title="bbox 461 4872 2046 4949; baseline 0.005 -22"><span class='ocrx_word' id='word_1_498' title='bbox 461 4872 628 4927; x_wconf 84' lang='lat' dir='ltr'><strong>multa</strong></span> <span class='ocrx_word' id='word_1_499' title='bbox 687 4873 1084 4941; x_wconf 77' lang='lat' dir='ltr'><strong>asserentlbus,</strong></span> <span class='ocrx_word' id='word_1_500' title='bbox 1127 4875 1347 4930; x_wconf 85' lang='lat' dir='ltr'><strong>minime</strong></span> <span class='ocrx_word' id='word_1_501' title='bbox 1389 4875 1518 4932; x_wconf 81' lang='lat' dir='ltr'><strong>fides</strong></span> <span class='ocrx_word' id='word_1_502' title='bbox 1569 4885 1889 4947; x_wconf 68' lang='lat' dir='ltr'><strong>praastatur,</strong></span> <span class='ocrx_word' id='word_1_503' title='bbox 1921 4880 2046 4949; x_wconf 87' lang='lat' dir='ltr'><strong>quia</strong></span> 
     </span>
    </p>
   </div>
   <div class='ocr_carea' id='block_1_68' title="bbox 461 4963 2045 5041">
    <p class='ocr_par' dir='ltr' id='par_1_68' title="bbox 461 4963 2045 5041">
     <span class='ocr_line' id='line_1_68' title="bbox 461 4963 2045 5041; baseline 0.005 -21"><span class='ocrx_word' id='word_1_504' title='bbox 461 4963 794 5035; x_wconf 84' lang='lat' dir='ltr'><strong>antiquiores</strong></span> <span class='ocrx_word' id='word_1_505' title='bbox 870 4973 1073 5022; x_wconf 82' lang='lat' dir='ltr'><strong>tacent.</strong></span> <span class='ocrx_word' id='word_1_506' title='bbox 1126 4967 1495 5039; x_wconf 80' lang='lat' dir='ltr'><strong>Atquiaeque</strong></span> <span class='ocrx_word' id='word_1_507' title='bbox 1549 4975 1732 5025; x_wconf 82' lang='lat' dir='ltr'><strong>tacent</strong></span> <span class='ocrx_word' id='word_1_508' title='bbox 1780 4970 2045 5041; x_wconf 78' lang='lat' dir='ltr'><strong>ejusmodi</strong></span> 
     </span>
    </p>
   </div>
   <div class='ocr_carea' id='block_1_69' title="bbox 464 5056 2048 5134">
    <p class='ocr_par' dir='ltr' id='par_1_69' title="bbox 464 5056 2048 5134">
     <span class='ocr_line' id='line_1_69' title="bbox 464 5056 2048 5134; baseline 0.005 -21"><span class='ocrx_word' id='word_1_509' title='bbox 464 5056 740 5114; x_wconf 86' lang='lat' dir='ltr'><strong>allinltatis</strong></span> <span class='ocrx_word' id='word_1_510' title='bbox 779 5057 1048 5116; x_wconf 82' lang='lat' dir='ltr'><strong>vinculum</strong></span> <span class='ocrx_word' id='word_1_511' title='bbox 1088 5062 1229 5118; x_wconf 86' lang='lat' dir='ltr'><strong>inter</strong></span> <span class='ocrx_word' id='word_1_512' title='bbox 1280 5057 1439 5134; x_wconf 68' lang='lat'><strong>118&#39;</strong></span> <span class='ocrx_word' id='word_1_513' title='bbox 1489 5061 1830 5132; x_wconf 78' lang='lat' dir='ltr'><strong>Leandrum,</strong></span> <span class='ocrx_word' id='word_1_514' title='bbox 1876 5063 2048 5121; x_wconf 86' lang='lat' dir='ltr'><strong>lsido-</strong></span> 
     </span>
    </p>
   </div>
   <div class='ocr_carea' id='block_1_70' title="bbox 462 5152 2075 5225">
    <p class='ocr_par' dir='ltr' id='par_1_70' title="bbox 462 5152 2075 5225">
     <span class='ocr_line' id='line_1_70' title="bbox 462 5152 2075 5225; baseline 0.004 -17"><span class='ocrx_word' id='word_1_515' title='bbox 462 5168 580 5208; x_wconf 90' lang='lat' dir='ltr'><strong>rnm</strong></span> <span class='ocrx_word' id='word_1_516' title='bbox 608 5195 622 5220; x_wconf 94' lang='lat'><strong>,</strong></span> <span class='ocrx_word' id='word_1_517' title='bbox 655 5161 711 5209; x_wconf 89' lang='lat' dir='ltr'><strong>et</strong></span> <span class='ocrx_word' id='word_1_518' title='bbox 745 5153 900 5225; x_wconf 75' lang='lat' dir='ltr'><strong>reges</strong></span> <span class='ocrx_word' id='word_1_519' title='bbox 941 5152 1241 5211; x_wconf 82' lang='lat' dir='ltr'><strong>Gothorum</strong></span> <span class='ocrx_word' id='word_1_520' title='bbox 1269 5172 1284 5224; x_wconf 90' lang='lat'><strong>;</strong></span> <span class='ocrx_word' id='word_1_521' title='bbox 1312 5157 1456 5225; x_wconf 87' lang='lat' dir='ltr'><strong>quod</strong></span> <span class='ocrx_word' id='word_1_522' title='bbox 1505 5158 1724 5213; x_wconf 87' lang='lat' dir='ltr'><strong>minime</strong></span> <span class='ocrx_word' id='word_1_523' title='bbox 1761 5157 2075 5214; x_wconf 86' lang='lat' dir='ltr'><strong>tacendum</strong></span> 
     </span>
    </p>
   </div>
   <div class='ocr_carea' id='block_1_71' title="bbox 463 5229 2050 5322">
    <p class='ocr_par' dir='ltr' id='par_1_71' title="bbox 463 5229 2050 5322">
     <span class='ocr_line' id='line_1_71' title="bbox 463 5229 2050 5322; baseline 0.003 -20"><span class='ocrx_word' id='word_1_524' title='bbox 463 5241 599 5322; x_wconf 73' lang='lat' dir='ltr'><strong>e&#39;rat.</strong></span> <span class='ocrx_word' id='word_1_525' title='bbox 651 5229 818 5301; x_wconf 70' lang='lat' dir='ltr'><strong>Multa</strong></span> <span class='ocrx_word' id='word_1_526' title='bbox 846 5244 912 5303; x_wconf 87' lang='lat' dir='ltr'><strong>de</strong></span> <span class='ocrx_word' id='word_1_527' title='bbox 943 5246 991 5302; x_wconf 88' lang='lat' dir='ltr'><strong>vi</strong></span> <span class='ocrx_word' id='word_1_528' title='bbox 1046 5247 1206 5317; x_wconf 86' lang='lat' dir='ltr'><strong>hujus</strong></span> <span class='ocrx_word' id='word_1_529' title='bbox 1254 5249 1555 5317; x_wconf 82' lang='lat' dir='ltr'><strong>argumenti</strong></span> <span class='ocrx_word' id='word_1_530' title='bbox 1603 5248 1836 5319; x_wconf 77' lang='lat' dir='ltr'><strong>negatlvi</strong></span> <span class='ocrx_word' id='word_1_531' title='bbox 1883 5249 1935 5305; x_wconf 85' lang='lat' dir='ltr'><strong>in</strong></span> <span class='ocrx_word' id='word_1_532' title='bbox 1989 5266 2050 5306; x_wconf 89' lang='lat' dir='ltr'><strong>re</strong></span> 
     </span>
    </p>
   </div>
   <div class='ocr_carea' id='block_1_72' title="bbox 465 5335 2046 5414">
    <p class='ocr_par' dir='ltr' id='par_1_72' title="bbox 465 5335 2046 5414">
     <span class='ocr_line' id='line_1_72' title="bbox 465 5335 2046 5414; baseline 0.003 -23"><span class='ocrx_word' id='word_1_533' title='bbox 465 5335 714 5405; x_wconf 65' lang='lat' dir='ltr'><strong>praesenti</strong></span> <span class='ocrx_word' id='word_1_534' title='bbox 747 5337 984 5410; x_wconf 80' lang='lat' dir='ltr'><strong>disputat</strong></span> <span class='ocrx_word' id='word_1_535' title='bbox 1008 5337 1279 5414; x_wconf 84' lang='lat' dir='ltr'><strong>Florezius</strong></span> <span class='ocrx_word' id='word_1_536' title='bbox 1309 5336 1415 5392; x_wconf 86' lang='lat' dir='ltr'><strong>loc.</strong></span> <span class='ocrx_word' id='word_1_537' title='bbox 1447 5337 1540 5393; x_wconf 88' lang='lat' dir='ltr'><strong>cit.</strong></span> <span class='ocrx_word' id='word_1_538' title='bbox 1560 5377 1576 5404; x_wconf 91' lang='lat'><strong>,</strong></span> <span class='ocrx_word' id='word_1_539' title='bbox 1607 5340 1900 5408; x_wconf 74' lang='lat' dir='ltr'><strong>praesertim</strong></span> <span class='ocrx_word' id='word_1_540' title='bbox 1923 5342 2046 5410; x_wconf 88' lang='lat' dir='ltr'><strong>quia</strong></span> 
     </span>
    </p>
   </div>
   <div class='ocr_carea' id='block_1_73' title="bbox 466 5426 2045 5504">
    <p class='ocr_par' dir='ltr' id='par_1_73' title="bbox 466 5426 2045 5504">
     <span class='ocr_line' id='line_1_73' title="bbox 466 5426 2045 5504; baseline 0.004 -20"><span class='ocrx_word' id='word_1_541' title='bbox 466 5426 707 5485; x_wconf 78' lang='lat' dir='ltr'><strong>Leander</strong></span> <span class='ocrx_word' id='word_1_542' title='bbox 735 5445 852 5502; x_wconf 87' lang='lat' dir='ltr'><strong>cap.</strong></span> <span class='ocrx_word' id='word_1_543' title='bbox 889 5431 986 5487; x_wconf 90' lang='lat' dir='ltr'><strong>ult.</strong></span> <span class='ocrx_word' id='word_1_544' title='bbox 1016 5432 1214 5502; x_wconf 78' lang='lat' dir='ltr'><strong>regulae</strong></span> <span class='ocrx_word' id='word_1_545' title='bbox 1264 5430 1330 5486; x_wconf 90' lang='lat' dir='ltr'><strong>ad</strong></span> <span class='ocrx_word' id='word_1_546' title='bbox 1359 5429 1725 5486; x_wconf 86' lang='lat' dir='ltr'><strong>Florentinam</strong></span> <span class='ocrx_word' id='word_1_547' title='bbox 1763 5443 2004 5490; x_wconf 77' lang='lat' dir='ltr'><strong>sororem</strong></span> <span class='ocrx_word' id='word_1_548' title='bbox 2031 5478 2045 5504; x_wconf 92' lang='lat'><strong>,</strong></span> 
     </span>
    </p>
   </div>
   <div class='ocr_carea' id='block_1_74' title="bbox 467 5519 2051 5594">
    <p class='ocr_par' dir='ltr' id='par_1_74' title="bbox 467 5519 2051 5594">
     <span class='ocr_line' id='line_1_74' title="bbox 467 5519 2051 5594; baseline 0.005 -20"><span class='ocrx_word' id='word_1_549' title='bbox 467 5534 572 5574; x_wconf 89' lang='lat' dir='ltr'><strong>non</strong></span> <span class='ocrx_word' id='word_1_550' title='bbox 619 5521 752 5577; x_wconf 85' lang='lat' dir='ltr'><strong>alios</strong></span> <span class='ocrx_word' id='word_1_551' title='bbox 795 5520 987 5577; x_wconf 72' lang='lat' dir='ltr'><strong>fratres</strong></span> <span class='ocrx_word' id='word_1_552' title='bbox 1011 5537 1142 5578; x_wconf 86' lang='lat' dir='ltr'><strong>suos</strong></span> <span class='ocrx_word' id='word_1_553' title='bbox 1170 5519 1453 5590; x_wconf 87' lang='lat' dir='ltr'><strong>recenset,</strong></span> <span class='ocrx_word' id='word_1_554' title='bbox 1486 5522 1587 5578; x_wconf 89' lang='lat' dir='ltr'><strong>nisi</strong></span> <span class='ocrx_word' id='word_1_555' title='bbox 1611 5521 1951 5594; x_wconf 85' lang='lat' dir='ltr'><strong>Fulgentium</strong></span> <span class='ocrx_word' id='word_1_556' title='bbox 1997 5531 2051 5582; x_wconf 87' lang='lat' dir='ltr'><strong>et</strong></span> 
     </span>
    </p>
   </div>
   <div class='ocr_carea' id='block_1_75' title="bbox 466 5611 2070 5682">
    <p class='ocr_par' dir='ltr' id='par_1_75' title="bbox 466 5611 2070 5682">
     <span class='ocr_line' id='line_1_75' title="bbox 466 5611 2070 5682; baseline 0.005 -16"><span class='ocrx_word' id='word_1_557' title='bbox 466 5611 762 5678; x_wconf 91' lang='lat' dir='ltr'><strong>lsidorum,</strong></span> <span class='ocrx_word' id='word_1_558' title='bbox 809 5629 916 5670; x_wconf 83' lang='lat' dir='ltr'><strong>non</strong></span> <span class='ocrx_word' id='word_1_559' title='bbox 965 5613 1126 5668; x_wconf 88' lang='lat' dir='ltr'><strong>aliam</strong></span> <span class='ocrx_word' id='word_1_560' title='bbox 1179 5627 1451 5682; x_wconf 86' lang='lat' dir='ltr'><strong>sororem,</strong></span> <span class='ocrx_word' id='word_1_561' title='bbox 1507 5615 1609 5673; x_wconf 86' lang='lat' dir='ltr'><strong>nisi</strong></span> <span class='ocrx_word' id='word_1_562' title='bbox 1655 5614 2070 5675; x_wconf 68' lang='lat' dir='ltr'><strong>Florentinam.</strong></span> 
     </span>
    </p>
   </div>
   <div class='ocr_carea' id='block_1_76' title="bbox 467 5703 2048 5778">
    <p class='ocr_par' dir='ltr' id='par_1_76' title="bbox 467 5703 2048 5778">
     <span class='ocr_line' id='line_1_76' title="bbox 467 5703 2048 5778; baseline 0.006 -20"><span class='ocrx_word' id='word_1_563' title='bbox 467 5705 658 5772; x_wconf 84' lang='lat' dir='ltr'><strong>Addit,</strong></span> <span class='ocrx_word' id='word_1_564' title='bbox 691 5707 824 5761; x_wconf 71' lang='lat' dir='ltr'><strong>duas</strong></span> <span class='ocrx_word' id='word_1_565' title='bbox 852 5703 1016 5761; x_wconf 69' lang='lat' dir='ltr'><strong>ﬁxisse</strong></span> <span class='ocrx_word' id='word_1_566' title='bbox 1045 5719 1242 5760; x_wconf 73' lang='lat' dir='ltr'><strong>uxores</strong></span> <span class='ocrx_word' id='word_1_567' title='bbox 1273 5705 1566 5776; x_wconf 80' lang='lat' dir='ltr'><strong>Leovigiidi</strong></span> <span class='ocrx_word' id='word_1_568' title='bbox 1597 5751 1613 5778; x_wconf 93' lang='lat'><strong>,</strong></span> <span class='ocrx_word' id='word_1_569' title='bbox 1644 5717 1702 5765; x_wconf 88' lang='lat' dir='ltr'><strong>ut</strong></span> <span class='ocrx_word' id='word_1_570' title='bbox 1727 5725 1792 5766; x_wconf 87' lang='lat' dir='ltr'><strong>ex</strong></span> <span class='ocrx_word' id='word_1_571' title='bbox 1824 5713 2048 5768; x_wconf 83' lang='lat' dir='ltr'><strong>vetustis</strong></span> 
     </span>
    </p>
   </div>
   <div class='ocr_carea' id='block_1_77' title="bbox 468 5795 2046 5869">
    <p class='ocr_par' dir='ltr' id='par_1_77' title="bbox 468 5795 2046 5869">
     <span class='ocr_line' id='line_1_77' title="bbox 468 5795 2046 5869; baseline 0.008 -20"><span class='ocrx_word' id='word_1_572' title='bbox 468 5795 733 5851; x_wconf 77' lang='lat' dir='ltr'><strong>historicis</strong></span> <span class='ocrx_word' id='word_1_573' title='bbox 782 5805 1042 5855; x_wconf 77' lang='lat' dir='ltr'><strong>constat.</strong></span> <span class='ocrx_word' id='word_1_574' title='bbox 1103 5797 1324 5852; x_wconf 82' lang='lat' dir='ltr'><strong>alteram</strong></span> <span class='ocrx_word' id='word_1_575' title='bbox 1382 5795 1718 5858; x_wconf 81' lang='lat' dir='ltr'><strong>Rinchildetn</strong></span> <span class='ocrx_word' id='word_1_576' title='bbox 1752 5843 1765 5869; x_wconf 90' lang='lat'><strong>,</strong></span> <span class='ocrx_word' id='word_1_577' title='bbox 1825 5803 2046 5861; x_wconf 86' lang='lat' dir='ltr'><strong>alteram</strong></span> 
     </span>
    </p>
   </div>
   <div class='ocr_carea' id='block_1_78' title="bbox 2155 1839 3788 1913">
    <p class='ocr_par' dir='ltr' id='par_1_78' title="bbox 2155 1839 3788 1913">
     <span class='ocr_line' id='line_1_78' title="bbox 2155 1839 3788 1913; baseline -0.003 -14"><span class='ocrx_word' id='word_1_578' title='bbox 2155 1843 2324 1904; x_wconf 83' lang='lat' dir='ltr'><strong>sorori</strong></span> <span class='ocrx_word' id='word_1_579' title='bbox 2351 1840 2673 1897; x_wconf 72' lang='lat' dir='ltr'><strong>Florentium</strong></span> <span class='ocrx_word' id='word_1_580' title='bbox 2725 1839 2960 1896; x_wconf 78' lang='lat' dir='ltr'><strong>Isidorus</strong></span> <span class='ocrx_word' id='word_1_581' title='bbox 2987 1880 3004 1907; x_wconf 92' lang='lat'><strong>,</strong></span> <span class='ocrx_word' id='word_1_582' title='bbox 3045 1850 3154 1896; x_wconf 88' lang='lat' dir='ltr'><strong>etc.</strong></span> <span class='ocrx_word' id='word_1_583' title='bbox 3203 1840 3333 1896; x_wconf 63' lang='lat' dir='ltr'><strong>Haec</strong></span> <span class='ocrx_word' id='word_1_584' title='bbox 3378 1858 3522 1913; x_wconf 86' lang='lat' dir='ltr'><strong>ergo,</strong></span> <span class='ocrx_word' id='word_1_585' title='bbox 3572 1849 3788 1895; x_wconf 80' lang='lat' dir='ltr'><strong>sancta</strong></span> 
     </span>
    </p>
   </div>
   <div class='ocr_carea' id='block_1_79' title="bbox 2155 1931 3781 2004">
    <p class='ocr_par' dir='ltr' id='par_1_79' title="bbox 2155 1931 3781 2004">
     <span class='ocr_line' id='line_1_79' title="bbox 2155 1931 3781 2004; baseline -0.003 -15"><span class='ocrx_word' id='word_1_586' title='bbox 2155 1951 2329 2004; x_wconf 87' lang='lat' dir='ltr'><strong>soror,</strong></span> <span class='ocrx_word' id='word_1_587' title='bbox 2357 1942 2403 1988; x_wconf 88' lang='lat' dir='ltr'><strong>te</strong></span> <span class='ocrx_word' id='word_1_588' title='bbox 2431 1941 2634 2002; x_wconf 88' lang='lat' dir='ltr'><strong>petente</strong></span> <span class='ocrx_word' id='word_1_589' title='bbox 2663 1932 2724 1987; x_wconf 90' lang='lat' dir='ltr'><strong>ob</strong></span> <span class='ocrx_word' id='word_1_590' title='bbox 2744 1933 3144 1997; x_wconf 76' lang='lat' dir='ltr'><strong>wdiﬁcationem</strong></span> <span class='ocrx_word' id='word_1_591' title='bbox 3167 1934 3322 1987; x_wconf 84' lang='lat' dir='ltr'><strong>studii</strong></span> <span class='ocrx_word' id='word_1_592' title='bbox 3347 1934 3417 1986; x_wconf 87' lang='lat' dir='ltr'><strong>tui</strong></span> <span class='ocrx_word' id='word_1_593' title='bbox 3440 1933 3530 1986; x_wconf 82' lang='lat' dir='ltr'><strong>tibi</strong></span> <span class='ocrx_word' id='word_1_594' title='bbox 3560 1931 3781 1995; x_wconf 78' lang='lat' dir='ltr'><strong>dicavi.</strong></span> 
     </span>
    </p>
   </div>
   <div class='ocr_carea' id='block_1_80' title="bbox 2153 2017 3783 2095">
    <p class='ocr_par' dir='ltr' id='par_1_80' title="bbox 2153 2017 3783 2095">
     <span class='ocr_line' id='line_1_80' title="bbox 2153 2017 3783 2095; baseline -0.001 -19"><span class='ocrx_word' id='word_1_595' title='bbox 2153 2031 2208 2076; x_wconf 89' lang='lat' dir='ltr'><strong>ut</strong></span> <span class='ocrx_word' id='word_1_596' title='bbox 2234 2040 2336 2095; x_wconf 87' lang='lat' dir='ltr'><strong>qua</strong></span> <span class='ocrx_word' id='word_1_597' title='bbox 2361 2029 2599 2077; x_wconf 84' lang='lat' dir='ltr'><strong>consorte</strong></span> <span class='ocrx_word' id='word_1_598' title='bbox 2620 2024 2861 2094; x_wconf 82' lang='lat' dir='ltr'><strong>perfruar</strong></span> <span class='ocrx_word' id='word_1_599' title='bbox 2885 2025 3152 2094; x_wconf 80' lang='lat' dir='ltr'><strong>sanguinis</strong></span> <span class='ocrx_word' id='word_1_600' title='bbox 3169 2062 3186 2087; x_wconf 89' lang='lat'><strong>,</strong></span> <span class='ocrx_word' id='word_1_601' title='bbox 3216 2017 3531 2076; x_wconf 77' lang='lat' dir='ltr'><strong>cohwredem</strong></span> <span class='ocrx_word' id='word_1_602' title='bbox 3561 2023 3783 2093; x_wconf 79' lang='lat' dir='ltr'><strong>faciam</strong></span> 
     </span>
    </p>
   </div>
   <div class='ocr_carea' id='block_1_81' title="bbox 2154 2103 3780 2170">
    <p class='ocr_par' dir='ltr' id='par_1_81' title="bbox 2154 2103 3780 2170">
     <span class='ocr_line' id='line_1_81' title="bbox 2154 2103 3780 2170; baseline -0.002 0"><span class='ocrx_word' id='word_1_603' title='bbox 2154 2125 2205 2170; x_wconf 87' lang='lat' dir='ltr'><strong>et</strong></span> <span class='ocrx_word' id='word_1_604' title='bbox 2228 2116 2325 2170; x_wconf 87' lang='lat' dir='ltr'><strong>mei</strong></span> <span class='ocrx_word' id='word_1_605' title='bbox 2364 2111 2579 2170; x_wconf 87' lang='lat' dir='ltr'><strong>laboris.</strong></span> <span class='ocrx_word' id='word_1_606' title='bbox 2628 2112 2871 2169; x_wconf 81' lang='lat' dir='ltr'><strong>Meminit</strong></span> <span class='ocrx_word' id='word_1_607' title='bbox 2895 2115 3056 2170; x_wconf 89' lang='lat' dir='ltr'><strong>etiam</strong></span> <span class='ocrx_word' id='word_1_608' title='bbox 3085 2113 3302 2170; x_wconf 88' lang='lat' dir='ltr'><strong>Braulio</strong></span> <span class='ocrx_word' id='word_1_609' title='bbox 3344 2103 3679 2169; x_wconf 69' lang='lat' dir='ltr'><strong>Florentium</strong></span> <span class='ocrx_word' id='word_1_610' title='bbox 3718 2113 3780 2168; x_wconf 87' lang='lat' dir='ltr'><strong>in</strong></span> 
     </span>
    </p>
   </div>
   <div class='ocr_carea' id='block_1_82' title="bbox 2153 2194 3777 2280">
    <p class='ocr_par' dir='ltr' id='par_1_82' title="bbox 2153 2194 3777 2280">
     <span class='ocr_line' id='line_1_82' title="bbox 2153 2194 3777 2280; baseline 0 -18"><span class='ocrx_word' id='word_1_611' title='bbox 2153 2205 2551 2280; x_wconf 82' lang='lat' dir='ltr'><strong>praenotatione</strong></span> <span class='ocrx_word' id='word_1_612' title='bbox 2579 2205 2840 2261; x_wconf 89' lang='lat' dir='ltr'><strong>librorum</strong></span> <span class='ocrx_word' id='word_1_613' title='bbox 2871 2194 3091 2261; x_wconf 87' lang='lat' dir='ltr'><strong>lsidori:</strong></span> <span class='ocrx_word' id='word_1_614' title='bbox 3125 2207 3321 2262; x_wconf 82' lang='lat' dir='ltr'><strong>Contra</strong></span> <span class='ocrx_word' id='word_1_615' title='bbox 3365 2204 3601 2275; x_wconf 82' lang='lat' dir='ltr'><strong>Judceos,</strong></span> <span class='ocrx_word' id='word_1_616' title='bbox 3629 2224 3777 2278; x_wconf 82' lang='lat' dir='ltr'><strong>pos-</strong></span> 
     </span>
    </p>
   </div>
   <div class='ocr_carea' id='block_1_83' title="bbox 2155 2289 3778 2370">
    <p class='ocr_par' dir='ltr' id='par_1_83' title="bbox 2155 2289 3778 2370">
     <span class='ocr_line' id='line_1_83' title="bbox 2155 2289 3778 2370; baseline 0 -18"><span class='ocrx_word' id='word_1_617' title='bbox 2155 2289 2353 2353; x_wconf 81' lang='lat' dir='ltr'><strong>tutante</strong></span> <span class='ocrx_word' id='word_1_618' title='bbox 2412 2295 2724 2351; x_wconf 82' lang='lat' dir='ltr'><strong>Fiorenlina</strong></span> <span class='ocrx_word' id='word_1_619' title='bbox 2752 2339 2769 2366; x_wconf 94' lang='lat'><strong>,</strong></span> <span class='ocrx_word' id='word_1_620' title='bbox 2814 2315 3062 2370; x_wconf 86' lang='lat' dir='ltr'><strong>germana</strong></span> <span class='ocrx_word' id='word_1_621' title='bbox 3127 2315 3251 2367; x_wconf 83' lang='lat' dir='ltr'><strong>sua,</strong></span> <span class='ocrx_word' id='word_1_622' title='bbox 3307 2301 3590 2370; x_wconf 64' lang='lat' dir='ltr'><strong>praeposita</strong></span> <span class='ocrx_word' id='word_1_623' title='bbox 3647 2301 3778 2353; x_wconf 75' lang='lat' dir='ltr'><strong>vir—</strong></span> 
     </span>
    </p>
   </div>
   <div class='ocr_carea' id='block_1_84' title="bbox 2163 2381 3777 2466">
    <p class='ocr_par' dir='ltr' id='par_1_84' title="bbox 2163 2381 3777 2466">
     <span class='ocr_line' id='line_1_84' title="bbox 2163 2381 3777 2466; baseline 0.002 -21"><span class='ocrx_word' id='word_1_624' title='bbox 2163 2381 2360 2466; x_wconf 71' lang='lat' dir='ltr'><strong>ginum,</strong></span> <span class='ocrx_word' id='word_1_625' title='bbox 2381 2389 2540 2445; x_wconf 84' lang='lat' dir='ltr'><strong>libros</strong></span> <span class='ocrx_word' id='word_1_626' title='bbox 2565 2388 2717 2460; x_wconf 84' lang='lat' dir='ltr'><strong>duos,</strong></span> <span class='ocrx_word' id='word_1_627' title='bbox 2744 2397 2846 2447; x_wconf 88' lang='lat' dir='ltr'><strong>etc.</strong></span> <span class='ocrx_word' id='word_1_628' title='bbox 2868 2385 3162 2447; x_wconf 84' lang='lat' dir='ltr'><strong>Ildefonsus</strong></span> <span class='ocrx_word' id='word_1_629' title='bbox 3183 2391 3340 2446; x_wconf 89' lang='lat' dir='ltr'><strong>simili</strong></span> <span class='ocrx_word' id='word_1_630' title='bbox 3373 2393 3532 2448; x_wconf 88' lang='lat' dir='ltr'><strong>modo</strong></span> <span class='ocrx_word' id='word_1_631' title='bbox 3554 2409 3684 2466; x_wconf 88' lang='lat' dir='ltr'><strong>cap.</strong></span> <span class='ocrx_word' id='word_1_632' title='bbox 3710 2408 3777 2449; x_wconf 70' lang='grc' dir='ltr'><strong>ιι</strong></span> 
     </span>
    </p>
   </div>
   <div class='ocr_carea' id='block_1_85' title="bbox 2153 2470 3775 2552">
    <p class='ocr_par' dir='ltr' id='par_1_85' title="bbox 2153 2470 3775 2552">
     <span class='ocr_line' id='line_1_85' title="bbox 2153 2470 3775 2552; baseline 0.001 -13"><span class='ocrx_word' id='word_1_633' title='bbox 2153 2479 2221 2540; x_wconf 86' lang='lat' dir='ltr'><strong>de</strong></span> <span class='ocrx_word' id='word_1_634' title='bbox 2244 2473 2355 2538; x_wconf 75' lang='lat' dir='ltr'><strong>Vir.</strong></span> <span class='ocrx_word' id='word_1_635' title='bbox 2394 2481 2588 2540; x_wconf 89' lang='lat' dir='ltr'><strong>iiiustr.</strong></span> <span class='ocrx_word' id='word_1_636' title='bbox 2615 2481 2767 2552; x_wconf 87' lang='lat' dir='ltr'><strong>Quod</strong></span> <span class='ocrx_word' id='word_1_637' title='bbox 2798 2470 3108 2540; x_wconf 76' lang='lat' dir='ltr'><strong>Florentina</strong></span> <span class='ocrx_word' id='word_1_638' title='bbox 3132 2485 3320 2541; x_wconf 86' lang='lat' dir='ltr'><strong>eodem</strong></span> <span class='ocrx_word' id='word_1_639' title='bbox 3350 2501 3471 2540; x_wconf 93' lang='lat' dir='ltr'><strong>cum</strong></span> <span class='ocrx_word' id='word_1_640' title='bbox 3496 2483 3775 2541; x_wconf 86' lang='lat' dir='ltr'><strong>fratribus</strong></span> 
     </span>
    </p>
   </div>
   <div class='ocr_carea' id='block_1_86' title="bbox 2153 2569 3772 2650">
    <p class='ocr_par' dir='ltr' id='par_1_86' title="bbox 2153 2569 3772 2650">
     <span class='ocr_line' id='line_1_86' title="bbox 2153 2569 3772 2650; baseline -0.002 -15"><span class='ocrx_word' id='word_1_641' title='bbox 2153 2579 2263 2635; x_wconf 86' lang='lat' dir='ltr'><strong>s&#39;uis</strong></span> <span class='ocrx_word' id='word_1_642' title='bbox 2313 2569 2556 2633; x_wconf 83' lang='lat' dir='ltr'><strong>Leandre</strong></span> <span class='ocrx_word' id='word_1_643' title='bbox 2615 2581 2668 2634; x_wconf 91' lang='lat' dir='ltr'><strong>et</strong></span> <span class='ocrx_word' id='word_1_644' title='bbox 2717 2577 2922 2634; x_wconf 86' lang='lat' dir='ltr'><strong>isidoro</strong></span> <span class='ocrx_word' id='word_1_645' title='bbox 2975 2577 3224 2650; x_wconf 87' lang='lat' dir='ltr'><strong>sepulcro</strong></span> <span class='ocrx_word' id='word_1_646' title='bbox 3278 2577 3496 2634; x_wconf 87' lang='lat' dir='ltr'><strong>condita</strong></span> <span class='ocrx_word' id='word_1_647' title='bbox 3549 2578 3772 2648; x_wconf 86' lang='lat' dir='ltr'><strong>fuerit,</strong></span> 
     </span>
    </p>
   </div>
   <div class='ocr_carea' id='block_1_87' title="bbox 2152 2666 3772 2742">
    <p class='ocr_par' dir='ltr' id='par_1_87' title="bbox 2152 2666 3772 2742">
     <span class='ocr_line' id='line_1_87' title="bbox 2152 2666 3772 2742; baseline 0.002 -19"><span class='ocrx_word' id='word_1_648' title='bbox 2152 2672 2402 2724; x_wconf 88' lang='lat' dir='ltr'><strong>narratur</strong></span> <span class='ocrx_word' id='word_1_649' title='bbox 2430 2667 2482 2722; x_wconf 91' lang='lat' dir='ltr'><strong>in</strong></span> <span class='ocrx_word' id='word_1_650' title='bbox 2523 2668 2798 2739; x_wconf 89' lang='lat' dir='ltr'><strong>epitaphio</strong></span> <span class='ocrx_word' id='word_1_651' title='bbox 2829 2673 2990 2739; x_wconf 86' lang='lat' dir='ltr'><strong>supra</strong></span> <span class='ocrx_word' id='word_1_652' title='bbox 3022 2684 3142 2740; x_wconf 89' lang='lat' dir='ltr'><strong>cap.</strong></span> <span class='ocrx_word' id='word_1_653' title='bbox 3183 2668 3236 2724; x_wconf 86' lang='lat'><strong>7.</strong></span> <span class='ocrx_word' id='word_1_654' title='bbox 3286 2666 3391 2725; x_wconf 89' lang='lat' dir='ltr'><strong>Sed</strong></span> <span class='ocrx_word' id='word_1_655' title='bbox 3416 2669 3772 2742; x_wconf 78' lang='lat' dir='ltr'><strong>epitaphium</strong></span> 
     </span>
    </p>
   </div>
   <div class='ocr_carea' id='block_1_88' title="bbox 2152 2757 3766 2830">
    <p class='ocr_par' dir='ltr' id='par_1_88' title="bbox 2152 2757 3766 2830">
     <span class='ocr_line' id='line_1_88' title="bbox 2152 2757 3766 2830; baseline 0.001 -13"><span class='ocrx_word' id='word_1_656' title='bbox 2152 2759 2282 2817; x_wconf 83' lang='lat' dir='ltr'><strong>illud</strong></span> <span class='ocrx_word' id='word_1_657' title='bbox 2310 2757 2371 2817; x_wconf 84' lang='lat' dir='ltr'><strong>S.</strong></span> <span class='ocrx_word' id='word_1_658' title='bbox 2418 2757 2708 2828; x_wconf 85' lang='lat' dir='ltr'><strong>lldelonsi,</strong></span> <span class='ocrx_word' id='word_1_659' title='bbox 2737 2759 2824 2816; x_wconf 84' lang='lat' dir='ltr'><strong>cui</strong></span> <span class='ocrx_word' id='word_1_660' title='bbox 2869 2760 3140 2828; x_wconf 87' lang='lat' dir='ltr'><strong>tribuitur,</strong></span> <span class='ocrx_word' id='word_1_661' title='bbox 3169 2777 3276 2816; x_wconf 92' lang='lat' dir='ltr'><strong>non</strong></span> <span class='ocrx_word' id='word_1_662' title='bbox 3323 2767 3538 2818; x_wconf 88' lang='lat' dir='ltr'><strong>constat</strong></span> <span class='ocrx_word' id='word_1_663' title='bbox 3587 2778 3717 2818; x_wconf 86' lang='lat' dir='ltr'><strong>esse</strong></span> <span class='ocrx_word' id='word_1_664' title='bbox 3745 2802 3766 2830; x_wconf 86' lang='lat'><strong>,</strong></span> 
     </span>
    </p>
   </div>
   <div class='ocr_carea' id='block_1_89' title="bbox 2157 2843 3766 2930">
    <p class='ocr_par' dir='ltr' id='par_1_89' title="bbox 2157 2843 3766 2930">
     <span class='ocr_line' id='line_1_89' title="bbox 2157 2843 3766 2930; baseline -0.002 -15"><span class='ocrx_word' id='word_1_665' title='bbox 2157 2866 2214 2915; x_wconf 88' lang='lat' dir='ltr'><strong>et</strong></span> <span class='ocrx_word' id='word_1_666' title='bbox 2261 2855 2446 2912; x_wconf 89' lang='lat' dir='ltr'><strong>multis</strong></span> <span class='ocrx_word' id='word_1_667' title='bbox 2474 2861 2663 2913; x_wconf 87' lang='lat' dir='ltr'><strong>contra</strong></span> <span class='ocrx_word' id='word_1_668' title='bbox 2712 2865 2916 2930; x_wconf 85' lang='lat' dir='ltr'><strong>pugnat</strong></span> <span class='ocrx_word' id='word_1_669' title='bbox 2941 2853 3223 2912; x_wconf 84' lang='lat' dir='ltr'><strong>Florezius</strong></span> <span class='ocrx_word' id='word_1_670' title='bbox 3259 2857 3393 2912; x_wconf 87' lang='lat' dir='ltr'><strong>tom.</strong></span> <span class='ocrx_word' id='word_1_671' title='bbox 3441 2854 3488 2911; x_wconf 84' lang='lat' dir='ltr'><strong>X</strong></span> <span class='ocrx_word' id='word_1_672' title='bbox 3526 2843 3766 2929; x_wconf 86' lang='lat' dir='ltr'><strong>ilispan.</strong></span> 
     </span>
    </p>
   </div>
   <div class='ocr_carea' id='block_1_90' title="bbox 2155 2947 3767 3022">
    <p class='ocr_par' dir='ltr' id='par_1_90' title="bbox 2155 2947 3767 3022">
     <span class='ocr_line' id='line_1_90' title="bbox 2155 2947 3767 3022; baseline -0.001 -17"><span class='ocrx_word' id='word_1_673' title='bbox 2155 2953 2294 3007; x_wconf 73' lang='lat' dir='ltr'><strong>Sacr.</strong></span> <span class='ocrx_word' id='word_1_674' title='bbox 2323 2989 2339 3016; x_wconf 87' lang='lat'><strong>,</strong></span> <span class='ocrx_word' id='word_1_675' title='bbox 2371 2948 2465 3021; x_wconf 88' lang='lat' dir='ltr'><strong>qui</strong></span> <span class='ocrx_word' id='word_1_676' title='bbox 2518 2947 2685 3018; x_wconf 87' lang='lat' dir='ltr'><strong>Astigi</strong></span> <span class='ocrx_word' id='word_1_677' title='bbox 2724 2947 2988 3021; x_wconf 89' lang='lat' dir='ltr'><strong>sepultam</strong></span> <span class='ocrx_word' id='word_1_678' title='bbox 3013 2991 3030 3019; x_wconf 90' lang='lat'><strong>,</strong></span> <span class='ocrx_word' id='word_1_679' title='bbox 3062 2947 3240 3022; x_wconf 89' lang='lat' dir='ltr'><strong>ibique</strong></span> <span class='ocrx_word' id='word_1_680' title='bbox 3279 2949 3509 3019; x_wconf 86' lang='lat' dir='ltr'><strong>jacuisse</strong></span> <span class='ocrx_word' id='word_1_681' title='bbox 3549 2952 3720 3006; x_wconf 88' lang='lat' dir='ltr'><strong>tradit</strong></span> <span class='ocrx_word' id='word_1_682' title='bbox 3751 2993 3767 3020; x_wconf 78' lang='lat'><strong>,</strong></span> 
     </span>
    </p>
   </div>
   <div class='ocr_carea' id='block_1_91' title="bbox 2153 3029 3767 3116">
    <p class='ocr_par' dir='ltr' id='par_1_91' title="bbox 2153 3029 3767 3116">
     <span class='ocr_line' id='line_1_91' title="bbox 2153 3029 3767 3116; baseline -0.004 -14"><span class='ocrx_word' id='word_1_683' title='bbox 2153 3037 2330 3102; x_wconf 83' lang='lat' dir='ltr'><strong>donec</strong></span> <span class='ocrx_word' id='word_1_684' title='bbox 2355 3081 2370 3108; x_wconf 89' lang='lat'><strong>,</strong></span> <span class='ocrx_word' id='word_1_685' title='bbox 2404 3039 2715 3114; x_wconf 79' lang='lat' dir='ltr'><strong>Hispaniam</strong></span> <span class='ocrx_word' id='word_1_686' title='bbox 2749 3029 3124 3116; x_wconf 81' lang='lat' dir='ltr'><strong>invadehtlbus</strong></span> <span class='ocrx_word' id='word_1_687' title='bbox 3162 3037 3359 3097; x_wconf 82' lang='lat' dir='ltr'><strong>Mauris</strong></span> <span class='ocrx_word' id='word_1_688' title='bbox 3382 3083 3398 3109; x_wconf 95' lang='lat'><strong>,</strong></span> <span class='ocrx_word' id='word_1_689' title='bbox 3428 3041 3492 3096; x_wconf 88' lang='lat' dir='ltr'><strong>ad</strong></span> <span class='ocrx_word' id='word_1_690' title='bbox 3541 3047 3767 3097; x_wconf 85' lang='lat' dir='ltr'><strong>montes</strong></span> 
     </span>
    </p>
   </div>
   <div class='ocr_carea' id='block_1_92' title="bbox 2153 3123 3766 3206">
    <p class='ocr_par' dir='ltr' id='par_1_92' title="bbox 2153 3123 3766 3206">
     <span class='ocr_line' id='line_1_92' title="bbox 2153 3123 3766 3206; baseline -0.001 -17"><span class='ocrx_word' id='word_1_691' title='bbox 2153 3129 2581 3206; x_wconf 79' lang='lat' dir='ltr'><strong>Aquil&#39;u&#39;pianos,</strong></span> <span class='ocrx_word' id='word_1_692' title='bbox 2614 3133 2727 3190; x_wconf 80' lang='lat' dir='ltr'><strong>sive</strong></span> <span class='ocrx_word' id='word_1_693' title='bbox 2773 3123 3164 3205; x_wconf 75' lang='lat' dir='ltr'><strong>Gnadalu&#39;pzeos</strong></span> <span class='ocrx_word' id='word_1_694' title='bbox 3220 3133 3477 3189; x_wconf 88' lang='lat' dir='ltr'><strong>translata</strong></span> <span class='ocrx_word' id='word_1_695' title='bbox 3511 3131 3633 3188; x_wconf 85' lang='lat' dir='ltr'><strong>fuit.</strong></span> <span class='ocrx_word' id='word_1_696' title='bbox 3682 3133 3766 3188; x_wconf 85' lang='lat' dir='ltr'><strong>De</strong></span> 
     </span>
    </p>
   </div>
   <div class='ocr_carea' id='block_1_93' title="bbox 2153 3215 3492 3298">
    <p class='ocr_par' dir='ltr' id='par_1_93' title="bbox 2153 3215 3492 3298">
     <span class='ocr_line' id='line_1_93' title="bbox 2153 3215 3492 3298; baseline -0.003 -14"><span class='ocrx_word' id='word_1_697' title='bbox 2153 3227 2378 3284; x_wconf 85' lang='lat' dir='ltr'><strong>diversis</strong></span> <span class='ocrx_word' id='word_1_698' title='bbox 2407 3226 2734 3285; x_wconf 81' lang='lat' dir='ltr'><strong>Florentinae</strong></span> <span class='ocrx_word' id='word_1_699' title='bbox 2764 3215 3071 3284; x_wconf 75' lang='lat' dir='ltr'><strong>&quot;nominibus</strong></span> <span class='ocrx_word' id='word_1_700' title='bbox 3099 3225 3220 3282; x_wconf 78' lang='lat' dir='ltr'><strong>Vide</strong></span> <span class='ocrx_word' id='word_1_701' title='bbox 3249 3242 3371 3298; x_wconf 86' lang='lat' dir='ltr'><strong>cap.</strong></span> <span class='ocrx_word' id='word_1_702' title='bbox 3406 3223 3492 3280; x_wconf 87' lang='lat'><strong>66.</strong></span> 
     </span>
    </p>
   </div>
   <div class='ocr_carea' id='block_1_94' title="bbox 2229 3311 3764 3392">
    <p class='ocr_par' dir='ltr' id='par_1_94' title="bbox 2229 3311 3764 3392">
     <span class='ocr_line' id='line_1_94' title="bbox 2229 3311 3764 3392; baseline 0.003 -19"><span class='ocrx_word' id='word_1_703' title='bbox 2229 3311 2318 3376; x_wconf 89' lang='lat'><strong>16.</strong></span> <span class='ocrx_word' id='word_1_704' title='bbox 2359 3319 2440 3376; x_wconf 84' lang='lat' dir='ltr'><strong>Ad</strong></span> <span class='ocrx_word' id='word_1_705' title='bbox 2489 3313 2831 3392; x_wconf 72' lang='lat' dir='ltr'><strong>Fulgentiurﬁ</strong></span> <span class='ocrx_word' id='word_1_706' title='bbox 2861 3335 3079 3390; x_wconf 92' lang='lat' dir='ltr'><strong>quoque</strong></span> <span class='ocrx_word' id='word_1_707' title='bbox 3103 3362 3117 3387; x_wconf 92' lang='lat'><strong>,</strong></span> <span class='ocrx_word' id='word_1_708' title='bbox 3144 3317 3360 3375; x_wconf 85' lang='lat' dir='ltr'><strong>fratrem</strong></span> <span class='ocrx_word' id='word_1_709' title='bbox 3390 3335 3543 3374; x_wconf 89' lang='lat' dir='ltr'><strong>suum</strong></span> <span class='ocrx_word' id='word_1_710' title='bbox 3569 3360 3585 3384; x_wconf 91' lang='lat'><strong>,</strong></span> <span class='ocrx_word' id='word_1_711' title='bbox 3618 3317 3764 3378; x_wconf 83' lang='lat' dir='ltr'><strong>duos</strong></span> 
     </span>
    </p>
   </div>
   <div class='ocr_carea' id='block_1_95' title="bbox 2150 3403 3762 3470">
    <p class='ocr_par' dir='ltr' id='par_1_95' title="bbox 2150 3403 3762 3470">
     <span class='ocr_line' id='line_1_95' title="bbox 2150 3403 3762 3470; baseline 0.001 -4"><span class='ocrx_word' id='word_1_712' title='bbox 2150 3409 2318 3468; x_wconf 86' lang='lat' dir='ltr'><strong>libros</strong></span> <span class='ocrx_word' id='word_1_713' title='bbox 2358 3403 2428 3470; x_wconf 83' lang='lat' dir='ltr'><strong>de</strong></span> <span class='ocrx_word' id='word_1_714' title='bbox 2464 3410 2862 3468; x_wconf 89' lang='lat' dir='ltr'><strong>Ecciesiasticis</strong></span> <span class='ocrx_word' id='word_1_715' title='bbox 2911 3409 3102 3467; x_wconf 84' lang='lat' dir='ltr'><strong>oﬂiciis</strong></span> <span class='ocrx_word' id='word_1_716' title='bbox 3157 3409 3396 3466; x_wconf 79' lang='lat' dir='ltr'><strong>Isidorus</strong></span> <span class='ocrx_word' id='word_1_717' title='bbox 3443 3411 3607 3466; x_wconf 88' lang='lat' dir='ltr'><strong>misit.</strong></span> <span class='ocrx_word' id='word_1_718' title='bbox 3638 3407 3762 3467; x_wconf 88' lang='lat' dir='ltr'><strong>Etsi</strong></span> 
     </span>
    </p>
   </div>
   <div class='ocr_carea' id='block_1_96' title="bbox 2157 3499 3762 3574">
    <p class='ocr_par' dir='ltr' id='par_1_96' title="bbox 2157 3499 3762 3574">
     <span class='ocr_line' id='line_1_96' title="bbox 2157 3499 3762 3574; baseline -0.003 -14"><span class='ocrx_word' id='word_1_719' title='bbox 2157 3504 2302 3560; x_wconf 90' lang='lat' dir='ltr'><strong>enim</strong></span> <span class='ocrx_word' id='word_1_720' title='bbox 2332 3505 2612 3574; x_wconf 87' lang='lat' dir='ltr'><strong>inscriptio</strong></span> <span class='ocrx_word' id='word_1_721' title='bbox 2643 3504 2716 3559; x_wconf 83' lang='lat' dir='ltr'><strong>ita</strong></span> <span class='ocrx_word' id='word_1_722' title='bbox 2746 3503 2923 3560; x_wconf 87' lang='lat' dir='ltr'><strong>solum</strong></span> <span class='ocrx_word' id='word_1_723' title='bbox 2952 3502 3115 3558; x_wconf 88' lang='lat' dir='ltr'><strong>refert</strong></span> <span class='ocrx_word' id='word_1_724' title='bbox 3144 3521 3157 3557; x_wconf 90' lang='lat'>:</span> <span class='ocrx_word' id='word_1_725' title='bbox 3189 3501 3394 3557; x_wconf 88' lang='lat' dir='ltr'><strong>Domno</strong></span> <span class='ocrx_word' id='word_1_726' title='bbox 3431 3520 3543 3558; x_wconf 86' lang='lat' dir='ltr'><strong>meo</strong></span> <span class='ocrx_word' id='word_1_727' title='bbox 3562 3510 3610 3556; x_wconf 87' lang='lat' dir='ltr'><strong>et</strong></span> <span class='ocrx_word' id='word_1_728' title='bbox 3655 3499 3762 3556; x_wconf 88' lang='lat' dir='ltr'><strong>Dei</strong></span> 
     </span>
    </p>
   </div>
   <div class='ocr_carea' id='block_1_97' title="bbox 2150 3591 3760 3668">
    <p class='ocr_par' dir='ltr' id='par_1_97' title="bbox 2150 3591 3760 3668">
     <span class='ocr_line' id='line_1_97' title="bbox 2150 3591 3760 3668; baseline -0.002 -17"><span class='ocrx_word' id='word_1_729' title='bbox 2150 3613 2297 3652; x_wconf 86' lang='lat' dir='ltr'><strong>servo</strong></span> <span class='ocrx_word' id='word_1_730' title='bbox 2349 3593 2624 3668; x_wconf 81' lang='lat' dir='ltr'><strong>Fuigentio</strong></span> <span class='ocrx_word' id='word_1_731' title='bbox 2687 3595 2925 3668; x_wconf 85' lang='lat' dir='ltr'><strong>episcopo</strong></span> <span class='ocrx_word' id='word_1_732' title='bbox 2975 3591 3212 3650; x_wconf 83' lang='lat' dir='ltr'><strong>Isidorus</strong></span> <span class='ocrx_word' id='word_1_733' title='bbox 3241 3638 3258 3665; x_wconf 88' lang='lat'><strong>,</strong></span> <span class='ocrx_word' id='word_1_734' title='bbox 3308 3602 3486 3649; x_wconf 89' lang='lat' dir='ltr'><strong>tamen</strong></span> <span class='ocrx_word' id='word_1_735' title='bbox 3537 3591 3760 3648; x_wconf 84' lang='lat' dir='ltr'><strong>Braulio</strong></span> 
     </span>
    </p>
   </div>
   <div class='ocr_carea' id='block_1_98' title="bbox 2150 3683 3759 3762">
    <p class='ocr_par' dir='ltr' id='par_1_98' title="bbox 2150 3683 3759 3762">
     <span class='ocr_line' id='line_1_98' title="bbox 2150 3683 3759 3762; baseline -0.001 -19"><span class='ocrx_word' id='word_1_736' title='bbox 2150 3683 2338 3760; x_wconf 82' lang='lat' dir='ltr'><strong>aperte</strong></span> <span class='ocrx_word' id='word_1_737' title='bbox 2370 3691 2484 3743; x_wconf 87' lang='lat' dir='ltr'><strong>ait:</strong></span> <span class='ocrx_word' id='word_1_738' title='bbox 2515 3687 2599 3743; x_wconf 85' lang='lat' dir='ltr'><strong>Ad</strong></span> <span class='ocrx_word' id='word_1_739' title='bbox 2643 3705 2946 3762; x_wconf 88' lang='lat' dir='ltr'><strong>germanum</strong></span> <span class='ocrx_word' id='word_1_740' title='bbox 2986 3703 3134 3743; x_wconf 86' lang='lat' dir='ltr'><strong>suum</strong></span> <span class='ocrx_word' id='word_1_741' title='bbox 3181 3685 3510 3757; x_wconf 85' lang='lat' dir='ltr'><strong>Fulgentium</strong></span> <span class='ocrx_word' id='word_1_742' title='bbox 3555 3689 3759 3757; x_wconf 58' lang='lat' dir='ltr'><strong>episcoo</strong></span> 
     </span>
    </p>
   </div>
   <div class='ocr_carea' id='block_1_99' title="bbox 2115 3777 3760 3853">
    <p class='ocr_par' dir='ltr' id='par_1_99' title="bbox 2115 3777 3760 3853">
     <span class='ocr_line' id='line_1_99' title="bbox 2115 3777 3760 3853; baseline 0.001 -18"><span class='ocrx_word' id='word_1_743' title='bbox 2115 3843 2122 3852; x_wconf 37' lang='grc' dir='ltr'><strong>ε</strong></span> <span class='ocrx_word' id='word_1_744' title='bbox 2149 3799 2268 3853; x_wconf 82' lang='lat' dir='ltr'><strong>pum</strong></span> <span class='ocrx_word' id='word_1_745' title='bbox 2298 3777 2610 3852; x_wconf 84' lang='lat' dir='ltr'><strong>Officiorum</strong></span> <span class='ocrx_word' id='word_1_746' title='bbox 2656 3781 2815 3836; x_wconf 85' lang='lat' dir='ltr'><strong>libros</strong></span> <span class='ocrx_word' id='word_1_747' title='bbox 2861 3781 3008 3835; x_wconf 88' lang='lat' dir='ltr'><strong>duos.</strong></span> <span class='ocrx_word' id='word_1_748' title='bbox 3058 3777 3198 3836; x_wconf 87' lang='lat' dir='ltr'><strong>Editi</strong></span> <span class='ocrx_word' id='word_1_749' title='bbox 3228 3777 3429 3836; x_wconf 81' lang='lat' dir='ltr'><strong>addunt</strong></span> <span class='ocrx_word' id='word_1_750' title='bbox 3456 3781 3760 3852; x_wconf 83' lang='lat' dir='ltr'><strong>episcopum</strong></span> 
     </span>
    </p>
   </div>
   <div class='ocr_carea' id='block_1_100' title="bbox 2148 3862 3754 3946">
    <p class='ocr_par' dir='ltr' id='par_1_100' title="bbox 2148 3862 3754 3946">
     <span class='ocr_line' id='line_1_100' title="bbox 2148 3862 3754 3946; baseline 0 -18"><span class='ocrx_word' id='word_1_751' title='bbox 2148 3869 2502 3946; x_wconf 81' lang='lat' dir='ltr'><strong>Astigitanum</strong></span> <span class='ocrx_word' id='word_1_752' title='bbox 2526 3913 2540 3938; x_wconf 91' lang='lat'><strong>,</strong></span> <span class='ocrx_word' id='word_1_753' title='bbox 2571 3873 2714 3943; x_wconf 91' lang='lat' dir='ltr'><strong>quod</strong></span> <span class='ocrx_word' id='word_1_754' title='bbox 2763 3873 3085 3944; x_wconf 84' lang='lat' dir='ltr'><strong>exprimitur</strong></span> <span class='ocrx_word' id='word_1_755' title='bbox 3120 3862 3279 3946; x_wconf 74' lang='lat'><strong>119</strong></span> <span class='ocrx_word' id='word_1_756' title='bbox 3323 3873 3483 3927; x_wconf 89' lang='lat' dir='ltr'><strong>etiam</strong></span> <span class='ocrx_word' id='word_1_757' title='bbox 3514 3875 3563 3925; x_wconf 92' lang='lat' dir='ltr'><strong>in</strong></span> <span class='ocrx_word' id='word_1_758' title='bbox 3604 3886 3754 3942; x_wconf 60' lang='lat' dir='ltr'><strong>prae-</strong></span> 
     </span>
    </p>
   </div>
   <div class='ocr_carea' id='block_1_101' title="bbox 2148 3960 3752 4032">
    <p class='ocr_par' dir='ltr' id='par_1_101' title="bbox 2148 3960 3752 4032">
     <span class='ocr_line' id='line_1_101' title="bbox 2148 3960 3752 4032; baseline -0.004 -9"><span class='ocrx_word' id='word_1_759' title='bbox 2148 3967 2441 4023; x_wconf 86' lang='lat' dir='ltr'><strong>notationis</strong></span> <span class='ocrx_word' id='word_1_760' title='bbox 2455 3965 2703 4020; x_wconf 81' lang='lat' dir='ltr'><strong>versione</strong></span> <span class='ocrx_word' id='word_1_761' title='bbox 2724 3962 2904 4020; x_wconf 87' lang='lat' dir='ltr'><strong>Italica</strong></span> <span class='ocrx_word' id='word_1_762' title='bbox 2929 3961 3173 4020; x_wconf 86' lang='lat' dir='ltr'><strong>Alchaini</strong></span> <span class='ocrx_word' id='word_1_763' title='bbox 3198 3964 3322 4019; x_wconf 90' lang='lat' dir='ltr'><strong>anni</strong></span> <span class='ocrx_word' id='word_1_764' title='bbox 3347 3960 3497 4026; x_wconf 82' lang='lat'><strong>1570,</strong></span> <span class='ocrx_word' id='word_1_765' title='bbox 3517 3978 3639 4032; x_wconf 85' lang='lat' dir='ltr'><strong>cap.</strong></span> <span class='ocrx_word' id='word_1_766' title='bbox 3659 3961 3752 4030; x_wconf 90' lang='lat'><strong>70,</strong></span> 
     </span>
    </p>
   </div>
   <div class='ocr_carea' id='block_1_102' title="bbox 2150 4045 3757 4128">
    <p class='ocr_par' dir='ltr' id='par_1_102' title="bbox 2150 4045 3757 4128">
     <span class='ocr_line' id='line_1_102' title="bbox 2150 4045 3757 4128; baseline -0.002 -14"><span class='ocrx_word' id='word_1_767' title='bbox 2150 4075 2302 4114; x_wconf 88' lang='lat' dir='ltr'><strong>num.</strong></span> <span class='ocrx_word' id='word_1_768' title='bbox 2344 4057 2425 4123; x_wconf 89' lang='lat' dir='ltr'><strong>i7,</strong></span> <span class='ocrx_word' id='word_1_769' title='bbox 2474 4049 2867 4114; x_wconf 79' lang='lat' dir='ltr'><strong>describenda:</strong></span> <span class='ocrx_word' id='word_1_770' title='bbox 2906 4055 3124 4112; x_wconf 78' lang='lat' dir='ltr'><strong>Vescovo</strong></span> <span class='ocrx_word' id='word_1_771' title='bbox 3167 4055 3498 4128; x_wconf 78' lang='lat' dir='ltr'><strong>Astigitano;</strong></span> <span class='ocrx_word' id='word_1_772' title='bbox 3531 4071 3634 4126; x_wconf 80' lang='lat' dir='ltr'><strong>qua</strong></span> <span class='ocrx_word' id='word_1_773' title='bbox 3683 4045 3757 4110; x_wconf 85' lang='lat' dir='ltr'><strong>de</strong></span> 
     </span>
    </p>
   </div>
   <div class='ocr_carea' id='block_1_103' title="bbox 2150 4145 3753 4220">
    <p class='ocr_par' dir='ltr' id='par_1_103' title="bbox 2150 4145 3753 4220">
     <span class='ocr_line' id='line_1_103' title="bbox 2150 4145 3753 4220; baseline 0 -18"><span class='ocrx_word' id='word_1_774' title='bbox 2150 4163 2209 4202; x_wconf 91' lang='lat' dir='ltr'><strong>re</strong></span> <span class='ocrx_word' id='word_1_775' title='bbox 2238 4145 2360 4202; x_wconf 84' lang='lat' dir='ltr'><strong>vide</strong></span> <span class='ocrx_word' id='word_1_776' title='bbox 2412 4153 2599 4201; x_wconf 86' lang='lat' dir='ltr'><strong>notata</strong></span> <span class='ocrx_word' id='word_1_777' title='bbox 2655 4149 2816 4216; x_wconf 81' lang='lat' dir='ltr'><strong>supra</strong></span> <span class='ocrx_word' id='word_1_778' title='bbox 2845 4162 2967 4217; x_wconf 89' lang='lat' dir='ltr'><strong>cap.</strong></span> <span class='ocrx_word' id='word_1_779' title='bbox 3012 4145 3065 4201; x_wconf 75' lang='grc'><strong>5.</strong></span> <span class='ocrx_word' id='word_1_780' title='bbox 3111 4145 3421 4216; x_wconf 71' lang='lat' dir='ltr'><strong>Fuigentius</strong></span> <span class='ocrx_word' id='word_1_781' title='bbox 3464 4147 3753 4220; x_wconf 60' lang='lat' dir='ltr'><strong>epi:c0pus</strong></span> 
     </span>
    </p>
   </div>
   <div class='ocr_carea' id='block_1_104' title="bbox 2151 4233 3749 4310">
    <p class='ocr_par' dir='ltr' id='par_1_104' title="bbox 2151 4233 3749 4310">
     <span class='ocr_line' id='line_1_104' title="bbox 2151 4233 3749 4310; baseline 0 -15"><span class='ocrx_word' id='word_1_782' title='bbox 2151 4236 2482 4310; x_wconf 81' lang='lat' dir='ltr'><strong>Astigitanus</strong></span> <span class='ocrx_word' id='word_1_783' title='bbox 2510 4245 2628 4295; x_wconf 90' lang='lat' dir='ltr'><strong>erat</strong></span> <span class='ocrx_word' id='word_1_784' title='bbox 2671 4251 2814 4296; x_wconf 86' lang='lat' dir='ltr'><strong>anno</strong></span> <span class='ocrx_word' id='word_1_785' title='bbox 2859 4237 2961 4294; x_wconf 89' lang='grc'><strong>610</strong></span> <span class='ocrx_word' id='word_1_786' title='bbox 2986 4281 3000 4306; x_wconf 94' lang='grc'><strong>,</strong></span> <span class='ocrx_word' id='word_1_787' title='bbox 3031 4255 3140 4310; x_wconf 87' lang='lat' dir='ltr'><strong>quo</strong></span> <span class='ocrx_word' id='word_1_788' title='bbox 3171 4241 3390 4295; x_wconf 84' lang='lat' dir='ltr'><strong>decreto</strong></span> <span class='ocrx_word' id='word_1_789' title='bbox 3419 4233 3749 4295; x_wconf 86' lang='lat' dir='ltr'><strong>Gundemari</strong></span> 
     </span>
    </p>
   </div>
   <div class='ocr_carea' id='block_1_105' title="bbox 2151 4319 3753 4403">
    <p class='ocr_par' dir='ltr' id='par_1_105' title="bbox 2151 4319 3753 4403">
     <span class='ocr_line' id='line_1_105' title="bbox 2151 4319 3753 4403; baseline -0.001 -14"><span class='ocrx_word' id='word_1_790' title='bbox 2151 4341 2271 4389; x_wconf 77' lang='lat' dir='ltr'><strong>cuin</strong></span> <span class='ocrx_word' id='word_1_791' title='bbox 2328 4331 2532 4388; x_wconf 89' lang='lat' dir='ltr'><strong>Isidoro</strong></span> <span class='ocrx_word' id='word_1_792' title='bbox 2579 4331 2942 4403; x_wconf 83' lang='lat' dir='ltr'><strong>subscripsit,</strong></span> <span class='ocrx_word' id='word_1_793' title='bbox 2997 4339 3058 4386; x_wconf 92' lang='lat' dir='ltr'><strong>ut</strong></span> <span class='ocrx_word' id='word_1_794' title='bbox 3112 4329 3286 4388; x_wconf 90' lang='lat' dir='ltr'><strong>dicam</strong></span> <span class='ocrx_word' id='word_1_795' title='bbox 3342 4347 3463 4403; x_wconf 87' lang='lat' dir='ltr'><strong>cap.</strong></span> <span class='ocrx_word' id='word_1_796' title='bbox 3522 4319 3637 4397; x_wconf 73' lang='lat'><strong>21,</strong></span> <span class='ocrx_word' id='word_1_797' title='bbox 3697 4344 3753 4388; x_wconf 79' lang='lat' dir='ltr'><strong>rt</strong></span> 
     </span>
    </p>
   </div>
   <div class='ocr_carea' id='block_1_106' title="bbox 2150 4413 3752 4496">
    <p class='ocr_par' dir='ltr' id='par_1_106' title="bbox 2150 4413 3752 4496">
     <span class='ocr_line' id='line_1_106' title="bbox 2150 4413 3752 4496; baseline -0.001 -17"><span class='ocrx_word' id='word_1_798' title='bbox 2150 4439 2295 4480; x_wconf 89' lang='lat' dir='ltr'><strong>anno</strong></span> <span class='ocrx_word' id='word_1_799' title='bbox 2318 4422 2449 4491; x_wconf 83' lang='lat'><strong>618,</strong></span> <span class='ocrx_word' id='word_1_800' title='bbox 2482 4439 2582 4479; x_wconf 91' lang='lat' dir='ltr'><strong>seu</strong></span> <span class='ocrx_word' id='word_1_801' title='bbox 2610 4421 2735 4490; x_wconf 88' lang='lat'><strong>619,</strong></span> <span class='ocrx_word' id='word_1_802' title='bbox 2781 4438 2888 4494; x_wconf 92' lang='lat' dir='ltr'><strong>quo</strong></span> <span class='ocrx_word' id='word_1_803' title='bbox 2910 4423 3138 4480; x_wconf 85' lang='lat' dir='ltr'><strong>concilio</strong></span> <span class='ocrx_word' id='word_1_804' title='bbox 3168 4429 3207 4480; x_wconf 83' lang='lat' dir='ltr'><strong>it</strong></span> <span class='ocrx_word' id='word_1_805' title='bbox 3243 4421 3546 4496; x_wconf 86' lang='lat' dir='ltr'><strong>Hispalensi</strong></span> <span class='ocrx_word' id='word_1_806' title='bbox 3577 4413 3752 4478; x_wconf 82' lang='lat' dir='ltr'><strong>inter-</strong></span> 
     </span>
    </p>
   </div>
   <div class='ocr_carea' id='block_1_107' title="bbox 2139 4506 3748 4587">
    <p class='ocr_par' dir='ltr' id='par_1_107' title="bbox 2139 4506 3748 4587">
     <span class='ocr_line' id='line_1_107' title="bbox 2139 4506 3748 4587; baseline -0.001 -16"><span class='ocrx_word' id='word_1_807' title='bbox 2139 4506 2259 4572; x_wconf 87' lang='lat' dir='ltr'><strong>.fult</strong></span> <span class='ocrx_word' id='word_1_808' title='bbox 2286 4559 2302 4585; x_wconf 93' lang='lat'><strong>,</strong></span> <span class='ocrx_word' id='word_1_809' title='bbox 2337 4523 2396 4573; x_wconf 89' lang='lat' dir='ltr'><strong>ut</strong></span> <span class='ocrx_word' id='word_1_810' title='bbox 2439 4513 2562 4573; x_wconf 88' lang='lat' dir='ltr'><strong>eod.</strong></span> <span class='ocrx_word' id='word_1_811' title='bbox 2594 4531 2713 4587; x_wconf 87' lang='lat' dir='ltr'><strong>cap.</strong></span> <span class='ocrx_word' id='word_1_812' title='bbox 2747 4516 2999 4572; x_wconf 87' lang='lat' dir='ltr'><strong>referam.</strong></span> <span class='ocrx_word' id='word_1_813' title='bbox 3031 4516 3149 4573; x_wconf 83' lang='lat' dir='ltr'><strong>Nic.</strong></span> <span class='ocrx_word' id='word_1_814' title='bbox 3190 4517 3457 4572; x_wconf 80' lang='lat' dir='ltr'><strong>Antonius</strong></span> <span class='ocrx_word' id='word_1_815' title='bbox 3489 4515 3528 4573; x_wconf 91' lang='lat' dir='ltr'><strong>l.</strong></span> <span class='ocrx_word' id='word_1_816' title='bbox 3555 4534 3608 4583; x_wconf 91' lang='lat' dir='ltr'><strong>v,</strong></span> <span class='ocrx_word' id='word_1_817' title='bbox 3632 4532 3681 4572; x_wconf 91' lang='lat' dir='ltr'><strong>c.</strong></span> <span class='ocrx_word' id='word_1_818' title='bbox 3720 4515 3748 4569; x_wconf 88' lang='grc'><strong>1</strong></span> 
     </span>
    </p>
   </div>
   <div class='ocr_carea' id='block_1_108' title="bbox 2154 4605 3751 4679">
    <p class='ocr_par' dir='ltr' id='par_1_108' title="bbox 2154 4605 3751 4679">
     <span class='ocr_line' id='line_1_108' title="bbox 2154 4605 3751 4679; baseline -0.001 -14"><span class='ocrx_word' id='word_1_819' title='bbox 2154 4607 2292 4665; x_wconf 84' lang='lat' dir='ltr'><strong>Bibl.</strong></span> <span class='ocrx_word' id='word_1_820' title='bbox 2320 4615 2428 4664; x_wconf 90' lang='lat' dir='ltr'><strong>vet.</strong></span> <span class='ocrx_word' id='word_1_821' title='bbox 2479 4607 2626 4679; x_wconf 89' lang='lat' dir='ltr'><strong>Hisp.</strong></span> <span class='ocrx_word' id='word_1_822' title='bbox 2648 4651 2664 4678; x_wconf 92' lang='lat'><strong>,</strong></span> <span class='ocrx_word' id='word_1_823' title='bbox 2706 4616 2759 4663; x_wconf 84' lang='grc' dir='ltr'>η.</span> <span class='ocrx_word' id='word_1_824' title='bbox 2812 4605 2906 4676; x_wconf 89' lang='grc'><strong>16,</strong></span> <span class='ocrx_word' id='word_1_825' title='bbox 2938 4611 3161 4677; x_wconf 89' lang='lat' dir='ltr'><strong>asserit,</strong></span> <span class='ocrx_word' id='word_1_826' title='bbox 3193 4605 3531 4679; x_wconf 86' lang='lat' dir='ltr'><strong>Fulgentium</strong></span> <span class='ocrx_word' id='word_1_827' title='bbox 3564 4609 3751 4665; x_wconf 87' lang='lat' dir='ltr'><strong>conci-</strong></span> 
     </span>
    </p>
   </div>
   <div class='ocr_carea' id='block_1_109' title="bbox 2158 4697 3750 4773">
    <p class='ocr_par' dir='ltr' id='par_1_109' title="bbox 2158 4697 3750 4773">
     <span class='ocr_line' id='line_1_109' title="bbox 2158 4697 3750 4773; baseline -0.001 -16"><span class='ocrx_word' id='word_1_828' title='bbox 2158 4700 2247 4757; x_wconf 88' lang='lat' dir='ltr'><strong>liis</strong></span> <span class='ocrx_word' id='word_1_829' title='bbox 2266 4701 2475 4757; x_wconf 86' lang='lat' dir='ltr'><strong>duobus</strong></span> <span class='ocrx_word' id='word_1_830' title='bbox 2499 4697 3188 4773; x_wconf 75' lang='lat' dir='ltr'><strong>Hispalensinletanoque</strong></span> <span class='ocrx_word' id='word_1_831' title='bbox 3209 4719 3329 4758; x_wconf 91' lang='lat' dir='ltr'><strong>cum</strong></span> <span class='ocrx_word' id='word_1_832' title='bbox 3353 4701 3557 4760; x_wconf 84' lang='lat' dir='ltr'><strong>lsidoro</strong></span> <span class='ocrx_word' id='word_1_833' title='bbox 3579 4703 3750 4757; x_wconf 86' lang='lat' dir='ltr'><strong>inter-</strong></span> 
     </span>
    </p>
   </div>
   <div class='ocr_carea' id='block_1_110' title="bbox 2154 4785 3748 4857">
    <p class='ocr_par' dir='ltr' id='par_1_110' title="bbox 2154 4785 3748 4857">
     <span class='ocr_line' id='line_1_110' title="bbox 2154 4785 3748 4857; baseline 0.001 -10"><span class='ocrx_word' id='word_1_834' title='bbox 2154 4793 2356 4848; x_wconf 79' lang='lat' dir='ltr'><strong>fuisse:</strong></span> <span class='ocrx_word' id='word_1_835' title='bbox 2398 4792 2611 4848; x_wconf 87' lang='lat' dir='ltr'><strong>scilicet</strong></span> <span class='ocrx_word' id='word_1_836' title='bbox 2660 4791 2922 4849; x_wconf 87' lang='lat' dir='ltr'><strong>Toletano</strong></span> <span class='ocrx_word' id='word_1_837' title='bbox 2968 4797 3090 4848; x_wconf 89' lang='lat' dir='ltr'><strong>anni</strong></span> <span class='ocrx_word' id='word_1_838' title='bbox 3136 4787 3276 4857; x_wconf 78' lang='grc' dir='ltr'>61ος</span> <span class='ocrx_word' id='word_1_839' title='bbox 3329 4798 3450 4848; x_wconf 82' lang='lat' dir='ltr'><strong>nam</strong></span> <span class='ocrx_word' id='word_1_840' title='bbox 3494 4799 3639 4849; x_wconf 84' lang='lat' dir='ltr'><strong>num.</strong></span> <span class='ocrx_word' id='word_1_841' title='bbox 3678 4785 3748 4848; x_wconf 73' lang='lat'><strong>13</strong></span> 
     </span>
    </p>
   </div>
   <div class='ocr_carea' id='block_1_111' title="bbox 2154 4875 3772 4958">
    <p class='ocr_par' dir='ltr' id='par_1_111' title="bbox 2154 4875 3772 4958">
     <span class='ocr_line' id='line_1_111' title="bbox 2154 4875 3772 4958; baseline 0 -18"><span class='ocrx_word' id='word_1_842' title='bbox 2154 4885 2444 4954; x_wconf 90' lang='lat' dir='ltr'><strong>docuerat,</strong></span> <span class='ocrx_word' id='word_1_843' title='bbox 2465 4883 2515 4955; x_wconf 11' lang='lat' dir='ltr'><strong>1F</strong></span> <span class='ocrx_word' id='word_1_844' title='bbox 2521 4886 2813 4955; x_wconf 84' lang='lat' dir='ltr'><strong>ulgentium</strong></span> <span class='ocrx_word' id='word_1_845' title='bbox 2839 4886 3040 4942; x_wconf 87' lang='lat' dir='ltr'><strong>obiisse</strong></span> <span class='ocrx_word' id='word_1_846' title='bbox 3069 4894 3195 4942; x_wconf 89' lang='lat' dir='ltr'><strong>ante</strong></span> <span class='ocrx_word' id='word_1_847' title='bbox 3223 4903 3422 4942; x_wconf 91' lang='lat' dir='ltr'><strong>annum</strong></span> <span class='ocrx_word' id='word_1_848' title='bbox 3453 4875 3558 4940; x_wconf 73' lang='lat'><strong>623</strong></span> <span class='ocrx_word' id='word_1_849' title='bbox 3588 4886 3772 4958; x_wconf 54' lang='grc' dir='ltr'><strong>(ωτι</strong></span> 
     </span>
    </p>
   </div>
   <div class='ocr_carea' id='block_1_112' title="bbox 2153 4973 3737 5049">
    <p class='ocr_par' dir='ltr' id='par_1_112' title="bbox 2153 4973 3737 5049">
     <span class='ocr_line' id='line_1_112' title="bbox 2153 4973 3737 5049; baseline 0.003 -19"><span class='ocrx_word' id='word_1_850' title='bbox 2153 4975 2266 5044; x_wconf 85' lang='lat' dir='ltr'><strong>rige</strong></span> <span class='ocrx_word' id='word_1_851' title='bbox 2305 4973 2440 5046; x_wconf 75' lang='grc'>655)</span> <span class='ocrx_word' id='word_1_852' title='bbox 2468 5018 2482 5042; x_wconf 91' lang='grc'><strong>,</strong></span> <span class='ocrx_word' id='word_1_853' title='bbox 2514 4993 2623 5048; x_wconf 92' lang='lat' dir='ltr'><strong>quo</strong></span> <span class='ocrx_word' id='word_1_854' title='bbox 2681 4979 3020 5049; x_wconf 87' lang='lat' dir='ltr'><strong>subscriptus</strong></span> <span class='ocrx_word' id='word_1_855' title='bbox 3075 4977 3269 5049; x_wconf 86' lang='lat' dir='ltr'><strong>legitur</strong></span> <span class='ocrx_word' id='word_1_856' title='bbox 3302 4977 3531 5036; x_wconf 91' lang='lat' dir='ltr'><strong>concilio</strong></span> <span class='ocrx_word' id='word_1_857' title='bbox 3585 4975 3737 5035; x_wconf 79' lang='lat' dir='ltr'><strong>Tole-</strong></span> 
     </span>
    </p>
   </div>
   <div class='ocr_carea' id='block_1_113' title="bbox 2161 5059 3737 5146">
    <p class='ocr_par' dir='ltr' id='par_1_113' title="bbox 2161 5059 3737 5146">
     <span class='ocr_line' id='line_1_113' title="bbox 2161 5059 3737 5146; baseline 0.005 -21"><span class='ocrx_word' id='word_1_858' title='bbox 2161 5071 2284 5126; x_wconf 85' lang='lat' dir='ltr'><strong>tano</strong></span> <span class='ocrx_word' id='word_1_859' title='bbox 2315 5087 2366 5126; x_wconf 82' lang='lat' dir='ltr'><strong>tv</strong></span> <span class='ocrx_word' id='word_1_860' title='bbox 2395 5059 2692 5128; x_wconf 81' lang='lat' dir='ltr'><strong>Habentlus</strong></span> <span class='ocrx_word' id='word_1_861' title='bbox 2714 5072 2999 5143; x_wconf 88' lang='lat' dir='ltr'><strong>episcopus</strong></span> <span class='ocrx_word' id='word_1_862' title='bbox 3026 5071 3372 5144; x_wconf 87' lang='lat' dir='ltr'><strong>Astigitanus.</strong></span> <span class='ocrx_word' id='word_1_863' title='bbox 3405 5071 3486 5129; x_wconf 84' lang='lat' dir='ltr'><strong>Ah</strong></span> <span class='ocrx_word' id='word_1_864' title='bbox 3511 5064 3737 5146; x_wconf 76' lang='lat' dir='ltr'><strong>Fuigen-</strong></span> 
     </span>
    </p>
   </div>
   <div class='ocr_carea' id='block_1_114' title="bbox 2161 5159 3744 5237">
    <p class='ocr_par' dir='ltr' id='par_1_114' title="bbox 2161 5159 3744 5237">
     <span class='ocr_line' id='line_1_114' title="bbox 2161 5159 3744 5237; baseline 0.006 -19"><span class='ocrx_word' id='word_1_865' title='bbox 2161 5162 2264 5218; x_wconf 90' lang='lat' dir='ltr'><strong>tius</strong></span> <span class='ocrx_word' id='word_1_866' title='bbox 2285 5161 2475 5219; x_wconf 89' lang='lat' dir='ltr'><strong>lsidori</strong></span> <span class='ocrx_word' id='word_1_867' title='bbox 2525 5162 2692 5219; x_wconf 89' lang='lat' dir='ltr'><strong>frater</strong></span> <span class='ocrx_word' id='word_1_868' title='bbox 2719 5163 3010 5233; x_wconf 88' lang='lat' dir='ltr'><strong>quidquam</strong></span> <span class='ocrx_word' id='word_1_869' title='bbox 3039 5167 3352 5237; x_wconf 87' lang='lat' dir='ltr'><strong>scripserit,</strong></span> <span class='ocrx_word' id='word_1_870' title='bbox 3383 5159 3600 5226; x_wconf 79' lang='lat' dir='ltr'><strong>disserit</strong></span> <span class='ocrx_word' id='word_1_871' title='bbox 3628 5167 3744 5229; x_wconf 79' lang='lat' dir='ltr'><strong>Nic.</strong></span> 
     </span>
    </p>
   </div>
   <div class='ocr_carea' id='block_1_115' title="bbox 2152 5245 3740 5333">
    <p class='ocr_par' dir='ltr' id='par_1_115' title="bbox 2152 5245 3740 5333">
     <span class='ocr_line' id='line_1_115' title="bbox 2152 5245 3740 5333; baseline 0.006 -24"><span class='ocrx_word' id='word_1_872' title='bbox 2152 5256 2437 5326; x_wconf 74' lang='lat' dir='ltr'><strong>Antonius,</strong></span> <span class='ocrx_word' id='word_1_873' title='bbox 2465 5263 2520 5312; x_wconf 89' lang='lat' dir='ltr'><strong>et</strong></span> <span class='ocrx_word' id='word_1_874' title='bbox 2546 5261 2670 5328; x_wconf 89' lang='lat' dir='ltr'><strong>post</strong></span> <span class='ocrx_word' id='word_1_875' title='bbox 2695 5264 2817 5313; x_wconf 86' lang='lat' dir='ltr'><strong>eum</strong></span> <span class='ocrx_word' id='word_1_876' title='bbox 2845 5255 3122 5314; x_wconf 71' lang='lat' dir='ltr'><strong>Flore‘zius</strong></span> <span class='ocrx_word' id='word_1_877' title='bbox 3151 5265 3285 5316; x_wconf 90' lang='lat' dir='ltr'><strong>tom.</strong></span> <span class='ocrx_word' id='word_1_878' title='bbox 3313 5251 3364 5314; x_wconf 84' lang='lat' dir='ltr'><strong>X</strong></span> <span class='ocrx_word' id='word_1_879' title='bbox 3392 5245 3544 5333; x_wconf 67' lang='lat' dir='ltr'><strong>Hisp.</strong></span> <span class='ocrx_word' id='word_1_880' title='bbox 3576 5279 3740 5332; x_wconf 89' lang='lat' dir='ltr'><strong>sacr.,</strong></span> 
     </span>
    </p>
   </div>
   <div class='ocr_carea' id='block_1_116' title="bbox 2154 5339 3740 5426">
    <p class='ocr_par' dir='ltr' id='par_1_116' title="bbox 2154 5339 3740 5426">
     <span class='ocr_line' id='line_1_116' title="bbox 2154 5339 3740 5426; baseline 0.005 -22"><span class='ocrx_word' id='word_1_881' title='bbox 2154 5350 2244 5420; x_wconf 83' lang='lat' dir='ltr'><strong>qui</strong></span> <span class='ocrx_word' id='word_1_882' title='bbox 2275 5348 2594 5415; x_wconf 88' lang='lat' dir='ltr'><strong>contendit,</strong></span> <span class='ocrx_word' id='word_1_883' title='bbox 2626 5347 2867 5404; x_wconf 86' lang='lat' dir='ltr'><strong>doctoris</strong></span> <span class='ocrx_word' id='word_1_884' title='bbox 2893 5347 3104 5405; x_wconf 80' lang='lat' dir='ltr'><strong>titulum</strong></span> <span class='ocrx_word' id='word_1_885' title='bbox 3136 5393 3154 5422; x_wconf 89' lang='lat'><strong>,</strong></span> <span class='ocrx_word' id='word_1_886' title='bbox 3182 5366 3339 5421; x_wconf 91' lang='lat' dir='ltr'><strong>quem</strong></span> <span class='ocrx_word' id='word_1_887' title='bbox 3370 5353 3511 5424; x_wconf 90' lang='lat' dir='ltr'><strong>apud</strong></span> <span class='ocrx_word' id='word_1_888' title='bbox 3543 5339 3740 5426; x_wconf 74' lang='lat' dir='ltr'><strong>Hispa~</strong></span> 
     </span>
    </p>
   </div>
   <div class='ocr_carea' id='block_1_117' title="bbox 2155 5439 3745 5513">
    <p class='ocr_par' dir='ltr' id='par_1_117' title="bbox 2155 5439 3745 5513">
     <span class='ocr_line' id='line_1_117' title="bbox 2155 5439 3745 5513; baseline 0.007 -19"><span class='ocrx_word' id='word_1_889' title='bbox 2155 5453 2252 5496; x_wconf 90' lang='lat' dir='ltr'><strong>nos</strong></span> <span class='ocrx_word' id='word_1_890' title='bbox 2279 5449 2556 5513; x_wconf 84' lang='lat' dir='ltr'><strong>assecutus</strong></span> <span class='ocrx_word' id='word_1_891' title='bbox 2583 5439 2800 5509; x_wconf 84' lang='lat' dir='ltr'><strong>dicitur,</strong></span> <span class='ocrx_word' id='word_1_892' title='bbox 2829 5442 3103 5500; x_wconf 89' lang='lat' dir='ltr'><strong>veteribus</strong></span> <span class='ocrx_word' id='word_1_893' title='bbox 3131 5447 3495 5504; x_wconf 87' lang='lat' dir='ltr'><strong>monumentis</strong></span> <span class='ocrx_word' id='word_1_894' title='bbox 3519 5447 3745 5506; x_wconf 87' lang='lat' dir='ltr'><strong>minime</strong></span> 
     </span>
    </p>
   </div>
   <div class='ocr_carea' id='block_1_118' title="bbox 2153 5533 3560 5592">
    <p class='ocr_par' dir='ltr' id='par_1_118' title="bbox 2153 5533 3560 5592">
     <span class='ocr_line' id='line_1_118' title="bbox 2153 5533 3560 5592; baseline 0 -3"><span class='ocrx_word' id='word_1_895' title='bbox 2153 5533 2394 5589; x_wconf 80' lang='lat' dir='ltr'><strong>innixum</strong></span> <span class='ocrx_word' id='word_1_896' title='bbox 2423 5549 2560 5592; x_wconf 81' lang='lat' dir='ltr'><strong>esse.</strong></span> <span class='ocrx_word' id='word_1_897' title='bbox 2919 5568 2923 5572; x_wconf 97' lang='lat'><strong><em>-</em></strong></span> <span class='ocrx_word' id='word_1_898' title='bbox 3555 5548 3560 5552; x_wconf 76' lang='lat'><strong><em>‘</em></strong></span> 
     </span>
    </p>
   </div>
   <div class='ocr_carea' id='block_1_119' title="bbox 2224 5619 3743 5706">
    <p class='ocr_par' dir='ltr' id='par_1_119' title="bbox 2224 5619 3743 5706">
     <span class='ocr_line' id='line_1_119' title="bbox 2224 5619 3743 5706; baseline 0.005 -30"><span class='ocrx_word' id='word_1_899' title='bbox 2224 5619 2310 5677; x_wconf 78' lang='lat'><strong>17.</strong></span> <span class='ocrx_word' id='word_1_900' title='bbox 2341 5621 2608 5694; x_wconf 87' lang='lat' dir='ltr'><strong>Fuigentii</strong></span> <span class='ocrx_word' id='word_1_901' title='bbox 2639 5635 2744 5678; x_wconf 89' lang='lat' dir='ltr'><strong>non</strong></span> <span class='ocrx_word' id='word_1_902' title='bbox 2795 5627 3072 5706; x_wconf 76' lang='lat' dir='ltr'><strong>vulgarem</strong></span> <span class='ocrx_word' id='word_1_903' title='bbox 3101 5621 3403 5685; x_wconf 87' lang='lat' dir='ltr'><strong>doctrinam</strong></span> <span class='ocrx_word' id='word_1_904' title='bbox 3431 5631 3606 5702; x_wconf 72' lang='lat' dir='ltr'><strong>arguit</strong></span> <span class='ocrx_word' id='word_1_905' title='bbox 3648 5627 3743 5690; x_wconf 74' lang='lat' dir='ltr'><strong>do.</strong></span> 
     </span>
    </p>
   </div>
   <div class='ocr_carea' id='block_1_120' title="bbox 2150 5717 3742 5791">
    <p class='ocr_par' dir='ltr' id='par_1_120' title="bbox 2150 5717 3742 5791">
     <span class='ocr_line' id='line_1_120' title="bbox 2150 5717 3742 5791; baseline 0.005 -19"><span class='ocrx_word' id='word_1_906' title='bbox 2150 5719 2459 5772; x_wconf 84' lang='lat' dir='ltr'><strong>eumenium</strong></span> <span class='ocrx_word' id='word_1_907' title='bbox 2488 5725 2643 5772; x_wconf 86' lang='lat' dir='ltr'><strong>vetus</strong></span> <span class='ocrx_word' id='word_1_908' title='bbox 2668 5720 2850 5778; x_wconf 59' lang='lat' dir='ltr'><strong>saeculi</strong></span> <span class='ocrx_word' id='word_1_909' title='bbox 2889 5744 2962 5791; x_wconf 82' lang='lat' dir='ltr'><strong>vn</strong></span> <span class='ocrx_word' id='word_1_910' title='bbox 3002 5717 3142 5791; x_wconf 76' lang='lat' dir='ltr'><strong>apud</strong></span> <span class='ocrx_word' id='word_1_911' title='bbox 3167 5718 3469 5777; x_wconf 76' lang='lat' dir='ltr'><strong>Floreziun’t</strong></span> <span class='ocrx_word' id='word_1_912' title='bbox 3503 5727 3633 5779; x_wconf 81' lang='lat' dir='ltr'><strong>tom.</strong></span> <span class='ocrx_word' id='word_1_913' title='bbox 3680 5723 3742 5781; x_wconf 75' lang='lat' dir='ltr'><strong>lli</strong></span> 
     </span>
    </p>
   </div>
   <div class='ocr_carea' id='block_1_121' title="bbox 2149 5801 3738 5899">
    <p class='ocr_par' dir='ltr' id='par_1_121' title="bbox 2149 5801 3738 5899">
     <span class='ocr_line' id='line_1_121' title="bbox 2149 5801 3738 5899; baseline 0.006 -34"><span class='ocrx_word' id='word_1_914' title='bbox 2149 5806 2300 5881; x_wconf 76' lang='lat' dir='ltr'><strong>Hisp.</strong></span> <span class='ocrx_word' id='word_1_915' title='bbox 2357 5823 2494 5865; x_wconf 86' lang='lat' dir='ltr'><strong>sacr.</strong></span> <span class='ocrx_word' id='word_1_916' title='bbox 2525 5849 2540 5875; x_wconf 92' lang='lat'><strong>,</strong></span> <span class='ocrx_word' id='word_1_917' title='bbox 2593 5812 2830 5879; x_wconf 81' lang='lat' dir='ltr'><strong>appetiti.</strong></span> <span class='ocrx_word' id='word_1_918' title='bbox 2857 5865 2873 5888; x_wconf 69' lang='grc'><strong>,</strong></span> <span class='ocrx_word' id='word_1_919' title='bbox 2917 5829 3071 5899; x_wconf 60' lang='lat' dir='ltr'><strong>“nm.</strong></span> <span class='ocrx_word' id='word_1_920' title='bbox 3105 5801 3177 5880; x_wconf 67' lang='lat'><strong>‘5,</strong></span> <span class='ocrx_word' id='word_1_921' title='bbox 3216 5819 3334 5883; x_wconf 86' lang='lat' dir='ltr'><strong>pag.</strong></span> <span class='ocrx_word' id='word_1_922' title='bbox 3376 5807 3478 5869; x_wconf 74' lang='lat'><strong>390</strong></span> <span class='ocrx_word' id='word_1_923' title='bbox 3512 5815 3618 5875; x_wconf 82' lang='lat' dir='ltr'><strong>:Et</strong></span> <span class='ocrx_word' id='word_1_924' title='bbox 3671 5823 3738 5875; x_wconf 72' lang='lat' dir='ltr'><strong>sic</strong></span> 
     </span>
    </p>
   </div>
  </div>
