4048 6364
246 249 340 307 iOl

1236 245 1645 307 ISIDORIANA.
1686 280 1757 295 -—
1796 248 1975 312 PARS
2013 252 2053 311 Ι.
2095 252 2248 313 CAP.
2287 251 2457 314 XVII.

3409 254 3511 320 102

240 366 395 421 crevit
427 364 557 435 ﬁdes
596 360 850 419 catholica
891 364 909 434 (
934 365 985 418 in
1009 360 1304 433 Hispania)
1333 365 1616 435 paulisper,
1644 366 1827 433 donec.
1854 370 1910 431 Δ
1932 368 2001 425 de
2031 371 2135 427 hoc
2153 370 2344 428 exsilio
2365 384 2432 427 ac
2448 368 2519 427 de
2540 369 2716 441 patria
2733 369 3007 443 loquitur:
3031 379 3217 430 monet
3243 386 3508 444 sororem,

239 463 300 517 de
320 462 618 517 art/todoxis
642 471 688 516 et
710 459 976 515 catholicis
1006 461 1125 514 viris
1157 460 1257 529 fuit
1282 460 1544 523 illustrata
1570 500 1585 527 ,
1618 461 1671 514 id
1700 470 1778 515 est
1806 500 1822 528 ,

239 552 535 628 Fulgentio,
564 534 738 622 l’etro,
758 552 999 609 Leandre
1020 594 1040 631 g,
1070 544 1277 633 Isidoro
1304 595 1319 620 ,
1345 530 1634 625 lidefonso,
1658 551 1825 608 Fruc-

237 660 381 706 tuoso
410 692 424 718 ,
470 646 708 703 Iuliano.
738 638 1126 701 Testimonium
1167 642 1414 699 Roderici
1453 640 1696 698 Toletani
1726 658 1825 715 pro

235 730 496 813 Fulgentii
527 740 769 796 doctrina
818 732 883 794 ad
912 724 1165 796 saeculum
1200 753 1294 791 xm
1329 726 1599 805 pertinet:
1634 730 1823 791 eodem

234 840 423 897 seculo
453 839 631 892 iloruit
673 834 844 891 Lucas
886 830 1185 898 Tudensis,
1218 831 1309 902 qui
1359 831 1410 884 in
1445 822 1629 886 isidori
1661 816 1823 885 chro—

233 936 351 990 nico
382 930 558 987 simile
591 926 957 986 testimonium
985 916 1227 997 protulit.
1262 904 1373 981 ilac
1404 914 1469 979 de
1499 914 1821 980 controVer-

232 1027 305 1083 siti
337 1022 481 1081 {alitro
516 1015 655 1079 1725
679 1026 857 1079 aetum
887 1010 985 1076 luit
1008 1020 1059 1074 in
1082 1024 1234 1075 sacra
1267 1008 1482 1071 [lituum
1533 1016 1824 1084 congrega-

232 1118 374 1177 tione
397 1162 412 1187 ,
442 1116 501 1174 iit
528 1114 750 1188 eitponit
770 1110 1093 1171 Benedictus
1120 1109 1358 1183 pontifex
1392 1102 1505 1164 XIV
1529 1096 1597 1164 de
1630 1105 1819 1162 Beatii.

229 1220 264 1275 1.
292 1210 363 1280 tv,
396 1212 452 1283 ii.
490 1194 556 1277 ἓ,
591 1216 641 1266 c.
672 1194 734 1265 ll
762 1250 777 1274 ,
809 1204 899 1277 qui
930 1216 997 1263 eo
1028 1210 1272 1277 tempore
1304 1201 1672 1258 Promotorcm
1702 1195 1825 1256 ﬁdei

228 1300 456 1371 ageiiati
494 1304 550 1355 et
593 1294 663 1354 ita
712 1294 1074 1352 narrationem
1126 1290 1393 1348 absnirit:
1429 1287 1591 1344 Nor-is
1625 1286 1825 1359 suppli-

227 1386 515 1450 cationibus
564 1389 803 1446 exhibitis
853 1394 1017 1442 sacra?
1073 1383 1461 1457 congregationi
1516 1396 1573 1437 eo
1604 1394 1825 1451 praeer-

226 1483 313 1540 am
336 1480 701 1557 fundamento,
725 1480 858 1553 quod
896 1481 957 1533 ab
988 1480 1195 1559 antiqui)
1230 1486 1454 1545 tempore
1486 1472 1685 1528 titulum
1731 1472 1825 1525 lia-

226 1567 405 1631 bttisset
428 1575 657 1630 doctoris
677 1574 724 1627 iit
745 1572 1007 1627 nonnullis
1027 1564 1398 1639 Hispaniarum
1414 1562 1727 1627 diocesibm,
1743 1563 1827 1617 dié

228 1670 287 1723 l7
307 1664 506 1740 Aprilis
536 1654 673 1721 1793
689 1672 987 1737 responsum
1011 1660 1127 1734 fuit,
1150 1662 1203 1714 tit
1228 1661 1281 1714 in
1312 1659 1486 1729 ofﬁcio
1510 1658 1569 1711 S.
1597 1653 1826 1726 Fulgen-

1925 482 1995 523 ne
2024 466 2076 521 in
2106 465 2369 537 patriam,
2388 462 2532 519 unde
2562 478 2682 519 eam
2709 462 2853 521 Deus
2881 464 3009 520 olim
3039 464 3307 536 ejecerat,
3332 466 3513 527 redire

1924 557 2167 625 cogitet,
2193 553 2612 625 esemplumque'
2634 553 2820 610 matris
2866 555 3151 627 proponit,
3181 569 3299 626 qua:
3337 572 3395 612 se
3425 573 3513 627 pa.

1924 648 2081 701 triatn
2107 685 2122 710 ,
2157 632 2297 700 unde
2325 642 2513 700 salutis
2550 659 2712 701 causa
2765 644 3009 713 exierat,
3054 646 3327 718 nunquam
3368 648 3512 703 visu-

1925 754 2037 794 ram
2069 746 2212 810 sazpe
2235 728 2627 805 db‘testabatur,
2659 745 2821 810 atque
2848 736 2901 793 in
2934 737 3108 794 exsilii
3138 734 3261 795 loco
3281 780 3296 807 ,
3322 737 3377 794 in
3405 754 3513 811 quo

1926 830 2093 886 Deum
2151 830 2315 901 erepit
2366 840 2701 901 agnoscere,
2749 828 2967 901 sepeliri
3020 830 3210 887 voluit.
3266 826 3515 902 Suspicio

1925 918 2148 978 suborta
2197 924 2281 978 est
2310 922 2424 978 Nic.
2472 920 2707 979 Antonio
2733 962 2748 989 ,
2780 928 2845 977 an
2891 924 3031 978 uxor
3079 921 3359 979 Severiani
3389 924 3518 979 oiitn

1927 1004 2128 1070 Ariano
2186 1022 2373 1071 errore
2415 1014 2673 1088 implicita
2730 1014 2951 1085 Fuisset,
3003 1024 3162 1089 qnem
3218 1016 3272 1074 in
3330 1018 3519 1076 exsilio

1926 1100 2191 1163 deit'stata
2234 1104 2434 1163 fuerit:
2466 1107 2559 1163 sed
2613 1102 2761 1164 recte
2791 1108 3060 1174 advertit,
3095 1110 3257 1173 Verba
3284 1108 3519 1166 Leandri

1928 1196 1999 1255 ita
2026 1201 2053 1254 is
2082 1190 2246 1269 teliigi
2292 1216 2453 1272 posse
2478 1243 2492 1270 ,
2527 1208 2587 1257 ut
2611 1202 2783 1259 mater
2811 1202 2927 1274 ejus
2974 1204 3235 1275 majorem
3264 1205 3478 1277 pietatis
3501 1245 3519 1274 ,

1927 1314 2086 1370 quam
2117 1296 2264 1370 prius
2287 1286 2561 1354 habuisset
2585 1339 2600 1363 ,
2648 1308 2863 1355 sensum
2894 1298 2945 1354 in
2979 1286 3168 1357 Exsilio
3194 1300 3518 1372 ptirceperit.

1998 1390 2088 1445 Ἡ.
2130 1387 2244 1445 lmo
2286 1400 2409 1445 eum
2453 1391 2635 1443 exierit
2680 1390 2863 1446 salutis
2902 1398 3061 1446 causa
3102 1407 3132 1447 e
3161 1392 3369 1462 patria,
3401 1398 3522 1447 ma-

1928 1479 2091 1553 gnum
2115 1482 2491 1553 ai'gttmenttim
2516 1482 2619 1537 hoc
2645 1488 2727 1537 est
2752 1525 2766 1551 ,
2796 1488 2913 1538 eam
2943 1480 3308 1539 calamitatem
3331 1484 3521 1541 bontt‘a

1928 1571 2203 1629 Severiani
2227 1571 2476 1638 domum,
2500 1571 2645 1642 quod
2673 1566 2820 1643 121
2852 1568 2975 1628 ildei
3004 1572 3281 1643 tiathOiica‘;
3308 1572 3524 1632 addicta

1930 1672 2073 1720 esset
2104 1707 2119 1732 ,
2146 1661 2306 1720 fuisse
2333 1676 2363 1717 a
2395 1660 2584 1718 Gothis
2616 1662 2826 1719 Arianis
2851 1668 3175 1734 promatatii.
3208 1662 3328 1733 Qud
3359 1665 3524 1724 animi

223 1758 276 1814 ill
297 1754 454 1815 solita
476 1750 831 1814 'ObS'et‘Utll'éliil‘
847 1750 1158 1809 consuetudo
1179 1752 1348 1822 quoad
1370 1752 1526 1803 ritimt
1572 1746 1816 1837 ductoris.
1854 1777 1897 1837 Β
1927 1756 2123 1811 ardore
2150 1754 2394 1810 Leander
2438 1753 2679 1809 hmresim
2729 1746 2981 1809 Arianam
3020 1740 3342 1825 confoderit,
3375 1764 3525 1813 com-

292 1850 376 1907 l8.
420 1840 637 1908 Clarlor
664 1852 751 1905 res
791 1844 871 1903 est
922 1847 988 1901 de
1032 1840 1090 1899 Β.
1117 1842 1365 1898 Leandrd
1392 1884 1406 1909 ,
1438 1838 1596 1910 tinem
1652 1834 1821 1891 isido-

221 1966 310 2005 rus
336 1946 390 2004 iii
432 1944 575 2003 iib‘ro
619 1943 687 2001 de
715 1945 828 1998 Vir.
857 1940 1057 1995 lilustr.
1096 1932 1334 1992 laudavit
1361 1953 1371 1987 τ
1401 1935 1453 1989 in
1495 1930 1721 2002 epistola
1754 1926 1821 1985 ad

221 2036 503 2097 Claudium
548 2028 738 2093 dueetn
770 2033 985 2090 vocavit
1019 2030 1335 2086 communem
1371 2036 1603 2082 uestrum
1643 2025 1817 2079 docto-

220 2151 323 2188 rem
343 2175 357 2200 ,
392 2138 449 2187 et
479 2128 534 2186 lii
560 2128 801 2187 versibus
826 2116 1167 2181 bibliotltecte
1191 2120 1293 2176 non
1316 2118 1571 2190 imparem
1595 2110 1819 2185 antiquis

220 2224 560 2283 doctoribus:
607 2224 675 2278 de
724 2206 918 2293 quibus
968 2227 1146 2273 tamen
1199 2213 1425 2286 epistola
1479 2218 1535 2293 et
1578 2209 1821 2265 vorsibus

218 2314 477 2388 judiéi‘ui’ri
506 2318 606 2371 suo
648 2292 766 2368 loco
816 2308 1040 2374 feretur,
1068 2322 1135 2364 an
1166 2308 1397 2379 getiuitia
1426 2292 1619 2359 lsidori
1650 2308 1819 2373 Opera

220 2400 344 2465 sini.
395 2404 721 2465 Benedictus
744 2391 880 2467 XlV,
906 2400 997 2473 qui
1040 2392 1141 2456 ioc.
1176 2400 1270 2455 cit.
1318 2396 1420 2453 alia
1452 2392 1504 2450 iii
1536 2396 1657 2451 eam
1687 2408 1817 2451 sen-

217 2498 443 2557 tentiain
500 2500 737 2571 p'r'Oi'ert,
771 2494 845 2551 ita
900 2492 967 2550 de
998 2493 1206 2571 eodem
1263 2490 1505 2545 Leamlro
1545 2485 1815 2543 absolvit:

218 2595 283 2651 In
333 2570 566 2650 ecclesiis
620 2588 829 2656 autem,
879 2580 925 2643 et
974 2570 1271 2642 diwcesibus
1310 2580 1612 2655 Hispalensi
1670 2582 1821 2650 atque

215 2682 639 2757 Carthaginiensi
685 2678 970 2737 celebratur
1019 2676 1253 2752 ofﬁcium
1300 2674 1362 2730 de
1409 2679 1519 2745 ipso
1576 2682 1820 2745 tanquam

211 2756 459 2843 doctore,
492 2774 741 2846 hujus-que
970 2768 1135 2841 'oﬂicii
1164 2768 1397 2822 extensio
1429 2767 1512 2820 die
1538 2760 1609 2819 25
1659 2763 1820 2834 Apri-

207 2873 273 2929 lis
320 2852 465 2926 “9‘2
492 2866 633 2941 facta
680 2866 755 2922 est
801 2866 869 2919 ad
898 2872 1055 2941 (olant
1108 2846 1459 2932 illepaniam,
1491 2866 1539 2911 et
1589 2854 1821 2925 regiones

210 2966 322 3038 regi
354 2940 628 3019 Catholica
660 2959 936 3030 subjectus.
992 2940 1202 3038 Laudes
1235 2945 1465 3006 Leandrl
1497 2952 1623 3004 ante
1650 2940 1821 3003 isidoo

214 3036 335 3116 runt
390 3046 689 3114 celebravit
715 3036 771 3107 S.
802 3044 1093 3122 Gregorius
1142 3036 1363 3117 Magnus
1404 3046 1453 3098 in
1483 3038 1725 3114 epistolis
1754 3038 1822 3094 ad

213 3135 383 3215 eum;
434 3146 530 3218 qui
562 3146 725 3203 etiam
776 3138 1022 3200 Leandre
1074 3130 1289 3212 pallium
1336 3134 1480 3194 iiiisit
1511 3179 1527 3207 ,
1558 3136 1613 3193 et
1657 3132 1820 3191 libros

215 3243 504 3299 Moralium
536 3242 586 3297 in
620 3240 723 3297 Job
752 3238 1042 3295 dedicavit.
1598 3236 1603 3241 ’

240 3330 372 3389 'i9.
416 3326 511 3387 llis
562 3328 858 3402 ‘e‘xpositis,
919 3326 1039 3400 qum
1088 3325 1155 3383 ad
1214 3330 1467 3402 parentes
1515 3318 1818 3395 fratresque

220 3422 401 3484 [sideri
436 3400 707 3498 pertineni
735 3467 749 3488 ,
779 3425 845 3479 de
875 3422 992 3495 ejus
1026 3421 1149 3477 loco
1197 3400 1361 3474 natali
1394 3417 1660 3489 agendum
1710 3424 1813 3472 est.

222 3516 568 3575 Severianum
602 3514 766 3572 i‘uisse
797 3531 827 3570 e
853 3513 1127 3587 provincia
1156 3510 1587 3579 Carthaginiensi
1619 3508 1813 3579 Hispa-

222 3612 351 3682 niae,
381 3613 498 3682 ipse
548 3600 781 3666 isidorus
830 3608 1091 3680 scriptum
1142 3605 1358 3676 reliquit
1392 3649 1405 3672 ,
1469 3604 1813 3675 Leandrum,

220 3698 273 3760 et
299 3696 665 3759 Florentinam
703 3692 1025 3770 Carthagine
1074 3698 1125 3754 in
1156 3690 1411 3769 Hispania
1450 3705 1607 3752 natos
1634 3738 1647 3764 ,
1680 3694 1811 3752 Bre-

222 3797 382 3853 viaria
437 3792 678 3869 Hispana
730 3794 968 3850 tradunt.
1019 3793 1094 3848 De
1144 3792 1427 3861 Fuigentio
1482 3791 1586 3845 hoc
1637 3791 1811 3861 ipsum

223 3886 369 3947 multi
412 3887 726 3952 aliirmant,
780 3877 925 3956 quod
986 3885 1102 3942 Nic.
1158 3883 1426 3939 Antonius
1480 3897 1585 3936 non
1647 3881 1812 3935 audet

229 3983 488 4043 asserere.
542 3982 620 4040 De
668 3980 875 4037 isidoro
916 3980 1092 4050 major
1118 3987 1200 4035 est
1235 3975 1637 4035 contraversia:
1672 3975 1813 4032 fama

223 4088 299 4136 est
320 4122 334 4148 ,
366 4068 574 4151 Hispali
602 4087 782 4133 natum
810 4118 827 4145 ,
852 4092 959 4146 quo
986 4083 1239 4146 parentes
1268 4090 1298 4128 e
1318 4090 1455 4129 nova
1484 4071 1809 4140 Carthagine

224 4172 422 4227 exsules
451 4176 855 4229 concesserant.
890 4160 1049 4236 Quod
1080 4166 1130 4221 in
1166 4164 1453 4222 Breviariis
1481 4163 1804 4235 Hispanicis,

224 4260 272 4317 in
314 4256 589 4319 Breviario
644 4258 973 4328 Quignonii,
1029 4267 1083 4313 et
1137 4258 1188 4312 in
1239 4256 1484 4312 Romano
1525 4256 1806 4325 recogniio

226 4352 406 4411 dicitur
450 4346 695 4411 Isidorus
742 4353 951 4406 natione
1000 4346 1266 4421 Hispanus
1295 4366 1358 4403 ea:
1407 4365 1534 4403 novo
1583 4347 1805 4403 Cartha-

227 4447 332 4517 gine
354 4489 368 4514 ,
394 4446 445 4503 id
475 4464 546 4503 ex
566 4444 666 4501 bac
690 4445 820 4501 urbe
843 4442 1127 4499 oriundum
1155 4436 1417 4498 isidorum
1449 4443 1620 4497 innuit
1648 4486 1662 4509 ,
1697 4458 1803 4497 non

227 4532 274 4601 in
316 4557 373 4596 ea
430 4552 636 4597 natum.
687 4535 988 4594 Rodericus
1022 4538 1396 4601 ‘Cerratensis,
1448 4544 1502 4592 et
1557 4534 1802 4607 quietiam

230 4626 479 4706 Breviaria
511 4640 700 4687 vetera
727 4632 937 4685 natione
958 4628 1421 4702 Carthaginensem
1447 4622 1810 4683 dicuntﬁBrc—

230 4722 436 4780 viarium
466 4718 626 4779 vetus
670 4721 984 4793 liispalensc
1012 4740 1023 4774 :
1059 4716 1143 4775 Ea:
1183 4722 1387 4775 civitate
1416 4719 1813 4792 Cartltaginensi

235 4800 489 4881 provincia:
524 4815 800 4886 Hispania:
841 4814 1091 4884 originem
1129 4812 1293 4866 duxit.
1328 4811 1383 4866 in
1415 4811 1621 4867 duobus
1651 4804 1812 4867 Codi-

240 4904 373 4961 cibus
402 4890 729 4963 Florentinis
758 4903 1015 4961 librorum
1048 4913 1237 4959 contra
1270 4894 1503 4971 intimos,
1521 4903 1587 4959 de
1615 4903 1810 4974 Quibus

234 5009 339 5066 cap.
368 4992 433 5053 45
457 5014 613 5070 agam
643 5041 656 5065 ,
688 4994 925 5056 isidorus
956 4996 1153 5053 dicitur
1184 4986 1462 5052 Toletanus
1494 4996 1765 5068 episcopus
1789 5035 1805 5062 ,

236 5098 318 5144 aut
366 5091 637 5148 Toletanus
689 5091 1022 5163 Hispalensis
1075 5092 1341 5163 episcOpus
1378 5105 1396 5144 :
1428 5087 1519 5144 sed
1575 5088 1626 5144 id
1672 5089 1801 5159 quin

236 5182 388 5236 errori
433 5183 635 5240 librarii
684 5178 1027 5239 tribuendum
1084 5181 1192 5247 sit,
1245 5195 1406 5236 nemo
1454 5178 1800 5235 dubitaverit.

239 5262 366 5323 idem
396 5287 543 5328 error
571 5276 809 5330 occurrit
837 5273 889 5329 in
933 5271 1205 5330 nonnullis
1233 5274 1363 5330 mss.
1398 5274 1803 5346 exemplaribus

239 5353 554 5443 bibliothecte
607 5365 906 5433 Vaticana),
959 5356 1186 5437 aliisque
1232 5358 1564 5434 Cddicibus,
1608 5366 1802 5437 quibus

242 5440 365 5507 idem
385 5471 513 5531 opus
537 5464 723 5515 contra
746 5448 961 5516 Iudaeos
990 5459 1318 5516 continetur.

302 5542 380 5600 Ἣ).
416 5542 680 5619 Quoniam
709 5560 840 5611 vero
869 5569 937 5610 ex
957 5560 1242 5626 parentum
1273 5551 1462 5610 exsilio
1494 5553 1800 5625 conjicitur,

242 5625 481 5695 Isidorum
510 5638 563 5697 in
596 5640 788 5699 eorum
833 5625 1006 5716 patria
1045 5643 1285 5714 genitum
1319 5661 1425 5700 non
1456 5642 1619 5701 luisse
1644 5690 1658 5715 ,
1688 5644 1802 5717 pri-

245 5736 374 5782 mum
399 5732 549 5801 quale
592 5736 696 5792 hoc
726 5735 887 5791 luerit
916 5735 1197 5801 exsilium,
1225 5735 1521 5791 videamus.
1556 5736 1802 5792 Leander

248 5829 350 5887 ων.
372 5824 457 5879 ait.
474 5829 666 5900 regula:
688 5828 756 5886 ad
772 5822 1140 5886 Fiorentinam
1151 5844 1393 5887 sororem
1411 5830 1592 5902 (supra
1608 5848 1665 5886 ea
1674 5848 1726 5903 p.
1742 5832 1798 5901 ἓ)

1925 1856 2193 1903 memorat
2246 1845 2482 1902 isidorus
2537 1845 2605 1901 de
2654 1846 2767 1902 Vir.
2824 1845 3020 1901 liinstr.
3077 1848 3201 1918 cap.
3251 1845 3314 1901 ll
3360 1866 3377 1902 :
3418 1848 3522 1903 Hie

1921 1946 2144 2011 namque
2192 1938 2247 1992 in
2297 1938 2467 1991 exsilii
2497 1937 2576 1991 sui
2620 1939 3037 2009 peregrinatione
3079 1942 3367 2010 composuit
3393 1944 3523 1996 duos

1921 2031 2166 2084 adversus
2197 2029 2555 2083 hmticorum
2602 2030 2846 2100 dogmata
2894 2030 3055 2085 libros
3080 2069 3096 2097 ,
3119 2032 3407 2088 eruditione
3435 2049 3524 2089 sa-

1922 2128 2134 2176 crarum
2190 2122 2479 2176 litterarum
2531 2121 2813 2175 ditissimos
2844 2160 2859 2186 ,
2890 2123 2947 2176 in
3000 2124 3182 2195 quibus
3240 2127 3523 2181 vehementi

1922 2215 2060 2285 ston
2087 2214 2301 2269 Ariona
2330 2215 2614 2284 impietatis
2643 2215 2877 2286 confodit
2906 2223 3057 2285 atque
3084 2217 3273 2289 detegit
3300 2221 3523 2285 prauita-

1922 2312 2063 2364 tem:
2095 2307 2371 2364 ostendens
2416 2308 2648 2369 scilicet,
2682 2308 2805 2378 quid
2853 2317 3036 2361 contra
3075 2307 3281 2364 eosdem
3331 2311 3521 2366 habeat

1923 2399 2181 2455 catholica
2205 2397 2474 2465 Ecclesia,
2496 2399 2572 2453 vel
2600 2408 2849 2470 quantum
2876 2399 3035 2454 distat
3061 2398 3125 2454 ab
3151 2401 3227 2455 eis
3252 2403 3524 2474 retigionc,

1921 2486 1997 2544 vel
2027 2488 2150 2560 ﬁdei
2188 2489 2559 2545 sacratnentis.
2606 2487 2800 2543 Exstat
2826 2499 2874 2544 et
2914 2491 3060 2546 aliud
3106 2491 3371 2547 laudabile
3413 2495 3524 2566 ejus

1922 2583 2225 2648 anniculam
2277 2582 2524 2637 adversus
2575 2584 2814 2637 instituta
2863 2581 3220 2649 Arianorum,
3273 2586 3327 2639 in
3381 2600 3481 2653 quo
3507 2628 3524 2655 ,

1920 2678 2202 2748 propositis
2258 2690 2435 2731 eorum
2472 2674 2663 2743 dictis,
2713 2692 2836 2731 sum
2875 2678 3238 2746 responsiones
3287 2678 3519 2749 opponit.

1924 2766 2190 2823 Pratt‘orsa
2241 2768 2405 2822 edidit
2457 2783 2617 2821 unum
2662 2765 2732 2820 ad
2786 2766 3153 2823 Elorcntinom
3201 2782 3430 2825 sororem
3460 2768 3524 2825 de

1921 2859 2248 2913 institutione
2269 2859 2529 2931 virginum
2550 2888 2573 2927 ,η
2598 2868 2705 2914 etc.

2003 2951 2098 3005 εξ.
2139 2950 2642 3020 Peregrinationetn
2664 2951 2837 3007 exsilii
2855 2991 2871 3018 ,
2897 2967 3058 3022 quam
3086 2950 3321 3011 lsidbrus
3347 2960 3524 3022 vocat,

1927 3046 2154 3116 intelligi
2185 3054 2369 3117 potest
2411 3059 2753 3102 communem
2780 3046 3287 3119 fuisse-parentibus
3309 3091 3326 3118 ,
3361 3054 3526 3125 atque

1849 3170 1894 3234 ς
1926 3156 2045 3234 eam
2075 3140 2246 3234 ipsam
2272 3153 2446 3234 quam
2468 3136 2713 3193 Leander
2742 3153 2862 3207 cap.
2908 3138 3004 3219 ult.
3050 3136 3249 3234 regula:
3289 3139 3407 3197 sive
3456 3135 3525 3194 de

1924 3231 2264 3288 institutione
2315 3229 2581 3300 virginum
2614 3268 2631 3295 ,
2686 3238 3097 3305 commemorat.
3156 3229 3357 3286 Verum
3413 3246 3521 3286 non

1921 3326 2098 3382 solum
2118 3323 2366 3381 Leander
2394 3323 2644 3380 exsilium
2672 3339 2783 3380 suae
2805 3323 2999 3381 domus
3025 3340 3091 3380 eo
3113 3324 3233 3382 loco
3251 3334 3523 3395 recenset,

1920 3416 2016 3474 sed
2056 3416 2219 3472 etiam
2269 3416 2458 3486 patria:
2489 3415 2827 3473 eversionem
2858 3416 3137 3473 describit.
3190 3415 3306 3490 Ego
3353 3426 3524 3472 tamen

1918 3516 2161 3579 expertus
2184 3510 2385 3581 loquor,
2416 3509 2490 3563 sic
2516 3508 2803 3578 perdidisse
2832 3518 3019 3564 statum
3041 3517 3089 3562 et
3115 3508 3338 3580 speciem
3374 3509 3523 3563 illam

1918 3604 2177 3673 patriam,
2210 3612 2266 3655 ut
2314 3618 2405 3657 nec
2451 3600 2579 3656 liber
2606 3604 2874 3674 quisquam
2911 3603 2967 3656 in
3017 3619 3080 3656 ea
3126 3604 3387 3675 supersit,
3431 3622 3525 3660 nec

1920 3704 2059 3750 terra
2088 3697 2204 3766 ipsa
2232 3696 2389 3751 solita
2415 3696 2482 3749 sit
2512 3693 2743 3749 ubertate
2786 3696 3049 3767 fecunda:
3080 3705 3129 3769 et
3158 3713 3257 3752 non
3289 3699 3403 3752 sine
3429 3695 3523 3753 Dei

1910 3785 2133 3855 judicio.
2166 3785 2325 3840 Terra
2349 3787 2485 3840 enim
2515 3828 2529 3854 ,
2557 3788 2638 3839 cui
2668 3788 2799 3841 cives
2829 3788 2988 3857 erepti
3018 3796 3175 3852 sunt,
3208 3797 3258 3843 et
3288 3791 3519 3845 concessi

1915 3886 2163 3931 extraneo
2187 3918 2202 3943 ,
2228 3892 2349 3930 mox
2375 3886 2431 3930 ut
2450 3877 2757 3947 dignitatem
2782 3878 3039 3946 perdidit,
3065 3863 3231 3933 caruit
3271 3889 3319 3935 et
3341 3864 3522 3951 fecun-

1917 3968 2096 4021 ditate.
2150 3965 2215 4021 Et
2241 3968 2496 4036 quoniam
2541 3969 2629 4023 vix
2681 3969 2900 4023 dubium
2941 3978 3064 4037 est,
3095 3972 3225 4039 quin
3264 3974 3331 4027 de
3382 3973 3513 4028 Car-

1918 4059 2133 4129 thagine
2188 4058 2506 4132 Spartaria,
2558 4075 2655 4117 seu
2706 4052 2894 4125 Nova,
2952 4058 3196 4115 Leander
3237 4062 3511 4133 loquathr,

1914 4152 2194 4209 subversio
2239 4151 2577 4225 Carthaginis
2603 4156 2712 4225 quo
2743 4144 2986 4225 tempore
3015 4152 3311 4223 acciderit,
3339 4157 3520 4215 inves-

1915 4246 2188 4317 tigandum
2220 4248 2322 4302 est.

1922 4336 1927 4415 ξ
1983 4335 2072 4391 25.
2113 4334 2348 4391 isidorus
2401 4334 2437 4391 l.
2493 4321 2564 4391 iv
2612 4334 2877 4408 Etymoi.,
2912 4350 3032 4409 cap.
3087 4328 3140 4404 1,
3180 4338 3258 4395 sic
3312 4339 3515 4397 habet:

1912 4428 2029 4503 Afri
2043 4431 2135 4486 sub
2153 4429 2408 4487 Annibale
2424 4429 2631 4503 (melius
2647 4430 2737 4486 sub
2757 4428 3108 4501 Hasdrubale)
3124 4434 3384 4487 maritima
3396 4433 3444 4487 Η
3453 4435 3519 4491 is-

1912 4522 2083 4593 pania:
2114 4518 2821 4593 occupantes,Cartltaginem
2853 4518 3183 4591 Spartariam
3213 4532 3518 4578 construxe-

1917 4614 2071 4683 runt,
2110 4632 2227 4689 qua:
2271 4620 2393 4670 mox
2435 4633 2467 4668 (ι
2515 4604 2767 4668 Romanis
2809 4614 2989 4682 ‘cap'ta,
3022 4623 3072 4666 et
3109 4614 3314 4669 colonia
3341 4616 3511 4687 facta,

1916 4727 2102 4765 nomen
2120 4708 2397 4779 provincia:
2422 4698 2582 4761 dedit.
2618 4692 2773 4760 Nunc
2795 4714 2966 4759 autem
2982 4723 3011 4759 a
3044 4703 3225 4761 Gothis
3246 4707 3509 4787 subversa,

1914 4810 2066 4871 atque
2114 4803 2169 4855 in
2212 4798 2582 4856 desolationem
2629 4797 2838 4852 redacta
2887 4807 2981 4851 est.
3035 4797 3311 4856 Florezius
3337 4840 3352 4864 ,
3385 4800 3421 4855 i.
3454 4812 3511 4872 ν,

1912 4890 2064 4965 Hisp.
2097 4908 2265 4963 sacr.,
2298 4899 2456 4947 tract.
2487 4891 2538 4956 4,
2571 4900 2693 4961 cap.
2721 4887 2774 4955 2,
2809 4882 3060 4957 allirmat,
3105 4890 3254 4959 prius
3283 4891 3512 4947 Cartha-

1910 4986 2089 5058 ginem
2119 5000 2148 5039 a
2177 4980 2434 5039 Vandaiis
2466 4982 2779 5039 subversam
2812 4981 2973 5037 fuisse
2992 5023 3005 5046 ,
3032 4980 3229 5038 deinde
3258 4998 3286 5037 a
3317 4982 3510 5041 Gothis

1906 5088 2072 5145 tunc,
2108 5095 2229 5136 cum
2278 5078 2511 5136 isidorus
2559 5076 2849 5135 scribebat.
2901 5070 3054 5135 Hunc
3098 5080 3242 5135 enim
3288 5095 3508 5137 sensum

1905 5173 2093 5230 lsidori
2122 5172 2300 5229 verbis
2338 5170 2607 5247 imputat:
2639 5174 2779 5228 Aora
2820 5169 2981 5227 acaba
3008 5172 3073 5227 'de
3117 5188 3198 5229 ser
3241 5174 3508 5229 destruida

1906 5284 2002 5340 por
2048 5268 2125 5324 los
2177 5266 2372 5324 Godos.
2414 5265 2673 5338 Equidem
2723 5262 2982 5321 isidoru'ni
3028 5264 3100 5321 ita
3131 5262 3373 5336 intelligo
3406 5309 3421 5335 ,
3448 5272 3509 5321 ut

1908 5369 2020 5418 tres
2045 5361 2191 5417 urbis
2216 5368 2385 5419 status
2428 5360 2617 5416 innuat
2642 5401 2655 5427 ,
2687 5356 2919 5433 primum
2948 5354 3047 5416 sub
3070 5358 3240 5425 Afris,
3275 5353 3506 5414 alterum

1907 5456 2007 5513 sub
2038 5446 2324 5524 Romanis,
2368 5454 2586 5513 tertium
2636 5454 2757 5513 eum
2792 5457 2845 5511 in
2892 5454 3000 5526 quo
3031 5448 3160 5511 tunc
3210 5456 3262 5511 in
3296 5452 3507 5511 desdia-

1910 5549 2110 5605 tionem
2137 5548 2246 5620 jam
2295 5549 2512 5606 redacta
2543 5546 2931 5620 reperiebatur,
2964 5545 3092 5617 quin
3122 5545 3272 5616 argui
3301 5543 3500 5618 possit,

1908 5650 2181 5700 recentem
2216 5661 2333 5701 esse
2364 5661 2484 5700 eam
2516 5624 2928 5699 desolationem.

1978 5738 2066 5794 24.
2109 5738 2373 5795 Putarunt
2400 5736 2644 5793 nonnulli
2674 5778 2688 5801 ,
2720 5735 2859 5790 hanc
2888 5731 3230 5803 Carthaginis
3259 5730 3499 5789 eversio;

1906 5847 2029 5887 nem
2061 5830 2222 5888 fuisse
2246 5844 2408 5902 quam
2436 5826 2688 5883 Vauciaiis
2715 5816 2901 5882 tribuit
2920 5822 3157 5884 isidorus
3181 5824 3235 5883 in
3265 5822 3497 5884 Historia
