4048 6364
584 345 690 403 103

576 570 786 629 Primus
815 585 985 631 autem
1023 577 1078 632 in
1106 576 1365 648 Hispania
1411 580 1730 637 Gundericus
1761 600 1852 637 rex
1886 583 2152 640 Vandale-

574 680 687 720 rum
707 707 721 732 ,
752 676 854 725 etc.
883 667 1179 725 Balearicus
1208 671 1611 729 Tarraconensis
1638 677 1913 747 provincia:
1952 678 2151 733 insulas

572 761 921 832 deprazdatur.
954 761 1151 817 Deinde
1176 761 1491 837 Carthagine
1513 766 1793 837 Spartaria
1822 786 1997 824 eversa
2036 787 2150 825 cum

572 854 807 908 omnibus
842 853 1095 909 Vandalis
1120 857 1189 909 ad
1232 855 1478 912 Bwticam
1509 861 1693 913 transit
1720 902 1734 925 ,
1780 860 2044 932 Hispalim
2070 862 2151 917 di-

569 951 710 1017 ruit,
740 959 957 1021 actaque
1009 952 1148 1006 caede
1200 952 1254 1005 in
1282 953 1621 1024 direptionem
1674 957 1845 1010 mittit.
1874 954 1981 1012 Sed
2027 974 2148 1015 cum

568 1040 814 1099 Leander
853 1043 1015 1099 aliam
1061 1042 1224 1100 fuisse
1280 1044 1639 1117 direptionem
1682 1048 2019 1121 Carthaginis
2068 1050 2149 1107 in-

566 1145 741 1204 nuat,
797 1137 949 1209 cujus
994 1154 1157 1195 causa
1202 1150 1456 1210 parentes
1506 1141 1621 1212 ejus
1670 1140 1723 1195 in
1780 1141 2032 1198 Baeticam
2089 1158 2149 1201 se

566 1230 890 1288 contulerint
918 1272 936 1301 ,
960 1231 1196 1289 Isidorus
1222 1249 1441 1305 quoque
1471 1236 1524 1291 in
1552 1235 1643 1291 lib.
1678 1252 1745 1290 xv
1775 1235 1951 1308 Etym.
1980 1238 2147 1293 intel-

564 1322 805 1395 llgendus
827 1332 911 1381 est
954 1326 1022 1381 de
1059 1325 1161 1383 hac
1188 1326 1305 1399 ipsa
1348 1327 1650 1397 direptione
1693 1342 1853 1396 quam
1904 1326 2146 1385 Leander

561 1426 864 1486 memorat;
922 1434 1097 1491 eoque
1151 1420 1315 1476 etiam
1365 1420 1568 1490 magis,
1622 1421 1749 1491 quia
1805 1421 1857 1476 in
1908 1420 2143 1478 Historia

562 1506 930 1566 Vandalorum
975 1511 1355 1580 Carthaginem
1386 1512 1453 1567 ab
1496 1512 1579 1568 his
1608 1526 1849 1569 eversam
1881 1514 2043 1569 tradit
2087 1515 2141 1570 in

557 1595 597 1651 l.
628 1614 697 1653 xv
739 1598 969 1671 Etymol.
1022 1618 1054 1657 a
1103 1601 1293 1658 Gothis
1336 1620 1351 1657 :
1392 1618 1570 1673 neque
1612 1604 1901 1660 verisimile
1954 1614 2036 1661 est
2085 1614 2142 1661 ut

558 1688 764 1747 Gothos
792 1708 890 1763 pro
920 1690 1171 1749 Vandalis
1194 1696 1483 1765 acceperit.

626 1805 715 1860 9.5.
756 1805 1017 1876 Bivarius,
1041 1808 1096 1863 in
1118 1818 1412 1866 comment.
1440 1810 1508 1866 ad
1529 1809 1817 1866 Maximum
1849 1827 1990 1868 anno
2012 1810 2166 1881 509,“

555 1900 932 1969 Carthaginem
952 1900 1281 1973 Spartariam
1306 1904 1374 1959 ab
1402 1904 1625 1973 Agilane
1645 1921 1786 1960 anno
1808 1906 2005 1962 Christi
2032 1908 2141 1963 552

555 2006 799 2047 eversam
824 1990 990 2049 tuisse
1011 1993 1304 2049 existimat.
1336 1994 1404 2049 Et
1436 1996 1644 2052 idoneis
1672 1997 1887 2067 quidem
1916 2000 2136 2056 rationi-

556 2085 654 2139 bus
695 2082 787 2141 ille
834 2084 1072 2153 evincit,
1106 2085 1371 2160 duplicem
1396 2087 1826 2158 distinguendam
1855 2106 1973 2148 esse
1996 2091 2135 2147 Car-

554 2176 783 2247 thaginis
809 2177 975 2235 Nova:
1000 2179 1337 2237 eversionem
1364 2180 1619 2236 :alteram
1635 2223 1651 2249 ,
1677 2182 1746 2238 de
1772 2197 1876 2252 qua
1905 2183 2137 2242 Isidorus
2170 2200 2183 2222 ο

550 2269 605 2325 in
627 2269 721 2327 lib.
755 2286 824 2327 xv
846 2270 1079 2345 Etymol.
1110 2270 1270 2327 Nune
1295 2282 1468 2327 autem
1497 2290 1529 2326 a
1558 2272 1737 2328 Gothis
1763 2290 1968 2344 eversa,
1999 2284 2131 2344 etc.;

549 2360 775 2417 alteram
802 2363 1159 2433 antiquiorem
1184 2402 1199 2428 ,
1230 2364 1296 2419 de
1321 2379 1427 2434 qua
1456 2364 1663 2421 Idacius
1692 2365 1747 2422 in
1773 2365 2041 2423 Chronico
2062 2367 2133 2423 ad

547 2467 674 2507 ann.
718 2452 745 2507 1
777 2452 1087 2523 Theodosii,
1134 2457 1247 2511 sive
1274 2471 1474 2511 annum
1502 2455 1703 2514 Christi
1723 2457 1829 2514 423
1856 2477 1870 2513 ε
1902 2458 2131 2515 Vandali

546 2544 844 2603 Balearicus
884 2550 1082 2605 insulas
1130 2549 1541 2620 deprenduntur:
1584 2553 1770 2609 deinde
1815 2553 2131 2628 Carthagine

546 2640 824 2712 Spartaria
845 2683 860 2710 ,
889 2652 939 2697 et
968 2642 1180 2714 Hispali
1207 2660 1414 2715 eversa,
1442 2653 1492 2700 et
1521 2645 1798 2717 Hispaniis
1818 2648 2129 2721 depraadatis

544 2732 927 2790 Mauritaniam
965 2736 1232 2790 invadunt.
1283 2734 1420 2795 Huic
1465 2740 1698 2809 antiquae
1742 2742 2006 2798 eversioni
2031 2758 2129 2815 per

542 2825 815 2885 Vandalos
842 2829 1135 2887 convenire
1162 2842 1433 2901 nequeunt
1453 2831 1642 2891 lsidori
1674 2832 1837 2890 verba
1862 2876 1878 2904 ,
1902 2837 1993 2906 qui
2015 2852 2124 2893 non

541 2924 717 2983 solum
735 2923 944 2983 Gothos
967 2924 1166 2982 diserte
1191 2926 1467 2996 nominat,
1492 2928 1589 2985 sed
1612 2945 1727 2987 rem
1751 2946 1851 2988 suo
1882 2938 2125 3003 tempore

539 3027 748 3091 gestam
774 3021 921 3077 clare
949 3018 1147 3077 innuit.

607 3136 700 3193 86.
739 3136 869 3195 Erat
901 3139 1089 3210 Agita,
1115 3154 1210 3196 rex
1239 3138 1538 3199 Gothorum
1572 3185 1587 3212 ,
1620 3142 2007 3203 infensissimus
2035 3160 2120 3202 re-

539 3229 751 3302 Iigionis
804 3231 1083 3289 catholica:
1135 3232 1343 3302 hostis,
1392 3242 1451 3289 ut
1495 3234 1663 3306 liquet
1700 3250 1769 3291 ex
1818 3235 2020 3292 Isidoro
2066 3237 2117 3292 in

538 3322 835 3381 Gothorum
879 3323 1117 3382 Historia
1156 3326 1222 3382 ad
1248 3342 1409 3383 aaram
1438 3327 1544 3383 587
1573 3347 1587 3384 :
1618 3330 1771 3402 Agilo
1797 3346 1889 3385 rex
1929 3333 2119 3387 consti-

538 3419 714 3485 tuitur,
747 3437 972 3491 regnans
1020 3424 1172 3479 annis
1209 3439 1261 3479 v.
1297 3422 1405 3479 Iste
1450 3423 1692 3480 adversus
1745 3424 2121 3481 Cordubensent

537 3514 708 3569 urbem
734 3516 971 3586 prwlium
990 3533 1219 3586 movens,
1260 3517 1381 3571 dum
1408 3518 1461 3571 in
1494 3526 1834 3589 contemptum
1854 3518 2121 3572 catholica:

519 3606 801 3676 religionis
824 3604 1104 3662 beatissimi
1130 3608 1371 3677 martyris
1392 3607 1581 3661 Aciscli
1610 3607 1854 3677 injuriam
1881 3610 2116 3680 inferret,

537 3695 854 3769 hostiumque
908 3714 970 3753 ac
1018 3697 1367 3770 jumentorum
1411 3715 1591 3753 cruore
1639 3716 1845 3753 sacrum
1900 3701 2118 3770 sepulcri

537 3787 649 3861 ejus
698 3790 895 3858 locum,
920 3798 975 3844 ut
1020 3792 1347 3861 profanator,
1391 3793 1637 3861 pollueret
1666 3828 1683 3857 ,
1715 3791 1842 3845 inito
1872 3792 2116 3846 adversus

536 3878 889 3937 Cordubenses
932 3883 1065 3937 cives
1112 3883 1423 3952 certamine,
1453 3898 1631 3953 plenas
1680 3882 1891 3955 dignas,
1923 3886 2116 3941 sanetis

528 3974 872 4059 inferentibus
885 4017 901 4044 ,
932 3976 1138 4031 meruit.

604 4090 695 4145 27.
734 4090 792 4148 Si
845 4106 975 4162 ergo
1022 4099 1345 4158 teneamus,
1396 4090 1674 4161 Agilanem
1733 4092 2113 4165 Carthaginem

536 4180 864 4257 Spartariam
909 4184 1173 4242 excidisse
1195 4224 1211 4252 ,
1242 4185 1667 4242 concludendum
1696 4188 1829 4255 erit,
1859 4200 2113 4259 parentes

538 4279 767 4337 Leandri
794 4288 849 4335 et
872 4278 1197 4336 Florentium
1217 4300 1245 4346 ,η
1267 4278 1547 4336 catholicae
1570 4280 1844 4351 religionis
1871 4290 2109 4353 tenaces,

512 4372 635 4439 hac
666 4370 975 4428 calamitate
1016 4371 1204 4441 patria:
1227 4385 1520 4428 concussos
1556 4372 1612 4428 in
1638 4374 1887 4430 exsilium
1913 4376 2112 4432 abiisse

533 4479 673 4519 anno
720 4461 933 4519 circiter
973 4458 1095 4516 552.
1143 4460 1273 4517 Post
1322 4461 1377 4519 id
1416 4470 1630 4535 tempus
1675 4464 2012 4535 Fulgentium
2056 4474 2111 4523 et

535 4555 793 4611 lsidorum
845 4560 1003 4611 natos
1043 4552 1403 4622 crediderim;
1461 4556 1557 4612 sed
1606 4572 1783 4629 neque
1832 4559 1899 4614 de
1922 4574 2103 4628 anno,

529 4663 704 4717 neque
744 4647 813 4703 de
860 4645 983 4702 loco
1024 4644 1285 4714 judicium
1313 4656 1521 4703 certum
1569 4647 1696 4705 ferri
1746 4658 1962 4721 potest,
2002 4652 2105 4709 nisi
2130 4652 2181 4714 D

525 4739 667 4813 quod
691 4738 833 4795 fama
858 4747 969 4804 est,
994 4737 1251 4811 Hispalim
1296 4739 1481 4797 lsidori
1507 4742 1689 4799 natale
1717 4743 1890 4800 solum
1914 4744 2101 4804 fuisse.

512 4830 684 4893 Ortus
733 4830 850 4901 ejus
903 4831 1102 4902 poterit
1145 4847 1214 4888 ex
1241 4832 1553 4904 conjectura
1582 4834 1773 4891 referri
1814 4837 1881 4892 ad
1904 4855 2103 4894 annum

523 4928 735 4985 circiter
746 4926 870 5001 560,
884 4926 1147 5003 siquidem
1167 4929 1455 5001 episcopus
1474 4931 1678 4988 electus
1698 4932 1798 4989 fuit
1817 4950 1960 4990 anno
1978 4936 2102 5006 600,

524 5021 761 5089 circiter,
799 5023 953 5094 123
983 5029 1044 5078 ut
1068 5038 1195 5078 mox
1220 5022 1432 5089 dicam;
1464 5033 1521 5080 et
1548 5024 1801 5081 credibile
1826 5034 1910 5082 est
1938 5069 1954 5096 ,
1979 5042 2102 5084 eum

522 5131 633 5172 non
657 5122 782 5171 ante
809 5114 1275 5186 quadragesimum
1302 5115 1476 5173 aetatis
1505 5131 1701 5173 annum
1730 5120 2100 5190 episcopatum

519 5207 819 5278 accepisse,
850 5216 908 5264 ut
951 5209 1317 5280 pnescribitur
1359 5209 1414 5264 in
1460 5210 1687 5280 epistola
1734 5210 1910 5268 Siricii
1945 5229 2097 5285 papa:

518 5300 590 5357 ad
615 5298 907 5357 Himerium
935 5299 1397 5358 Tarraconensem
1437 5306 1580 5357 ann‘o
1618 5300 1724 5356 385
1769 5304 1952 5361 missa.
1980 5303 2098 5361 Non

510 5393 674 5457 video
702 5407 797 5449 cur
822 5393 1129 5463 Florezius,
1152 5394 1192 5450 I.
1221 5410 1257 5448 x
1283 5390 1435 5463 Hisp.
1466 5406 1608 5448 sacr.
1630 5434 1647 5462 ,
1677 5409 1733 5465 ι).
1763 5393 1867 5450 120
1887 5436 1902 5462 ,
1931 5396 2095 5453 veluti

516 5498 616 5557 pro
643 5494 793 5544 certo
819 5491 1014 5559 ponat,
1043 5486 1305 5544 Isidorum
1330 5484 1656 5555 Carthagine
1694 5495 1879 5544 natum
1906 5489 2088 5547 fuisse.

514 5574 776 5652 Dupinius
827 5588 1014 5640 contra
1063 5591 1197 5641 tom.
1222 5580 1291 5643 ,γ
1342 5579 1484 5638 Bibl.
1540 5581 1688 5639 Eccl.
1732 5580 1937 5658 Hispali
1973 5604 2095 5646 eum

437 5750 445 5755 _
512 5679 692 5732 ortum
716 5671 965 5732 alﬁrmat.
1476 5702 1479 5703 ν

1073 5762 1304 5823 CAPUT
1341 5762 1522 5824 XVIII.

515 5852 711 5924 lsidori
728 5861 985 5936 pueritia;
1008 5869 1261 5919 ostentum
1280 5863 1344 5922 de
1365 5866 1603 5922 examine
1632 5882 1815 5941 apum:
1840 5870 2092 5929 institutio

1320 346 1415 407 AD
1452 350 1683 409 OPERA
1724 356 1783 412 S.
1823 354 2067 413 ISIDORI
2113 360 2558 427 HISPALENSIS
2591 366 3120 438 PROLEGOMENA.

578 477 939 536 Vandalorum
966 483 1034 539 ad
1081 474 1241 541 teram
1270 484 1374 540 459
1408 491 1562 561 122
1612 504 1754 545 anno
1782 488 1974 546 Christi
2023 492 2146 547 Ωιι
2178 480 2229 539 Α

3737 398 3842 455 {Oi

2326 480 2376 533 in
2408 484 2673 543 virtutibus
2718 497 2769 543 et
2814 491 3017 549 litteris.
3069 494 3194 553 Non
3224 498 3320 566 fuit
3367 498 3601 575 Gregorii
3645 506 3843 581 Magni

2328 575 2628 646 discipulus.
2660 578 2769 636 Iter
2798 582 3087 644 Romanum
3116 587 3311 649 lsidori
3339 603 3454 664 ipsa
3483 610 3626 656 nocte
3655 600 3718 655 Ν
3722 575 3843 657 ata-

2324 671 2388 724 lis
2405 670 2615 729 Domini
2636 681 3053 739 commentitium.
3068 685 3148 740 An
3170 685 3405 745 Isidorus
3429 694 3557 749 vices
3572 692 3837 764 Leandri,

2324 762 2445 818 dum
2485 766 2568 820 hic
2608 771 2899 839 exsularet,
2927 779 3156 845 gesserit.
3194 777 3482 837 Disseritur
3508 783 3572 839 de
3601 762 3841 842 Leandri

2323 858 2579 931 legatione
2605 872 2655 918 et
2671 866 2853 923 exsilio
2873 908 2890 937 ,
2913 886 2975 923 ac
2995 872 3058 927 de
3079 871 3467 950 Hermenegildi
3487 884 3765 954 martyrio.

2323 970 2374 1024 1.
2414 970 2672 1031 lsidorum
2721 979 2832 1035 oris
2879 984 3057 1053 specie
3102 1000 3132 1040 a
3178 1002 3349 1058 puero
3393 995 3838 1053 commendatum

2248 1058 2450 1129 fuisse,
2509 1065 2715 1139 colligit
2748 1068 2866 1125 Nic.
2917 1072 3181 1133 Antonius
3227 1094 3294 1134 ex
3350 1082 3525 1139 verbis
3573 1084 3841 1145 Ildel'onsi

2248 1168 2369 1224 cap.
2404 1171 2457 1210 ιι
2498 1158 2565 1213 de
2598 1158 2709 1215 Vir.
2742 1162 2936 1219 illustr.
2965 1184 2978 1219 :
3016 1165 3111 1222 Vir
3140 1170 3323 1227 decore
3347 1175 3505 1230 simul
3541 1180 3839 1253 etingenio

2248 1247 2446 1315 pollens
2468 1289 2482 1314 ,
2515 1252 2660 1319 quod
2708 1257 2985 1327 conceptis
3014 1261 3203 1327 ,verbis
3245 1263 3408 1321 tradit
3451 1278 3641 1326 auctor
3679 1247 3839 1329 Vitae

2244 1338 2302 1431 S.
2325 1339 2511 1397 lsidori
2532 1342 2836 1406 Canonicus
2856 1349 3217 1423 Legionensis.
3244 1358 3398 1431 Apud
3421 1362 3564 1421 hunc
3580 1368 3838 1424 eumdem

2245 1430 2560 1490 historicum
2585 1477 2601 1504 ,
2630 1440 2709 1493 uti
2764 1444 2927 1497 etiam
2974 1447 3113 1517 apud
3162 1430 3486 1508 Rodericum
3534 1455 3834 1516 Cerraten-

2242 1536 2356 1578 sum
2388 1565 2405 1593 ,
2432 1541 2595 1619 supra
2637 1539 2799 1602 caput
2824 1532 2893 1587 14
2919 1574 2935 1601 ,
2964 1535 3068 1607 legi
3117 1550 3296 1609 potest
3340 1545 3684 1619 miraculum,
3715 1552 3837 1611 sive

2241 1622 2516 1672 ostentum
2562 1618 2629 1675 de
2675 1624 2924 1681 examine
2969 1642 3130 1698 apum
3176 1633 3321 1703 quod
3375 1635 3563 1695 infanti
3614 1618 3834 1700 Isidoro

2241 1708 2431 1799 astitit.
2476 1710 2532 1768 Id
2590 1713 2645 1769 in
2691 1716 2812 1772 aliis
2866 1733 3081 1790 quoque
3136 1726 3425 1799 accidisse,
3452 1729 3616 1788 veluti
3666 1749 3831 1791 omen

2242 1795 2431 1888 futura:
2474 1801 2732 1861 doctrinae
2750 1848 2765 1874 ,
2796 1807 2913 1865 sive
2943 1812 3122 1869 suavis
3149 1795 3470 1888 eloquentiae
3491 1858 3508 1887 ,
3539 1825 3833 1880 conﬁrmat

2169 1868 2216 1931 Β
2242 1887 2607 1982 Herneggerus
2661 1868 2958 1955 miscellan.
3009 1868 3469 1982 Observa:

2245 1979 2376 2037 Vita:
2398 1983 2456 2039 S.
2480 1986 2671 2079 lsidori
2694 2000 2879 2047 narrat
2902 2008 3129 2052 examen
3166 2014 3329 2070 apum
3354 1979 3424 2058 ab
3450 2002 3640 2061 lsidori
3669 2017 3830 2079 patre

2236 2075 2429 2174 visum.
2478 2078 2536 2134 In
2588 2081 2908 2143 lectionibus
2936 2090 3165 2162 pr0priis
3206 2092 3264 2149 S.
3312 2094 3640 2155 Florentium
3669 2075 3828 2174 apud

2237 2166 2503 2240 Hispanos
2526 2175 2768 2230 nonnihil
2795 2180 2968 2234 variat
2993 2181 3107 2237 hsce
3135 2187 3407 2243 narratio:
3434 2186 3612 2261 Digna
3638 2166 3824 2260 sedsit,

2234 2270 2290 2314 ut
2314 2263 2376 2316 de
2396 2263 2721 2322 institutione
2772 2273 2974 2340 pueruli
2988 2275 3170 2345 fratris
3192 2279 3273 2333 sui
3296 2276 3493 2335 lsidori
3514 2293 3641 2338 natu
3659 2285 3827 2342 mino-

2234 2355 2309 2410 ris
2342 2372 2522 2413 curam
2548 2363 2858 2432 susciperet,
2873 2382 3020 2434 quem
3040 2367 3175 2423 lacte
3188 2370 3400 2439 spiritus
3425 2376 3647 2445 nutrire,
3668 2387 3826 2451 atque

2232 2449 2288 2502 in
2336 2453 2476 2505 omni
2521 2452 2761 2525 dogmate
2806 2457 2930 2526 ﬁdei
2961 2460 3217 2517 instruere
3259 2480 3368 2519 una
3416 2482 3532 2521 cum
3576 2449 3823 2526 Leandre

2232 2540 2505 2613 diligenter
2532 2547 2746 2602 curavit.
2778 2546 2944 2607 Tanto
2973 2560 3145 2609 autem
3164 2556 3416 2614 alacriori
3442 2576 3569 2615 cura
3592 2563 3822 2618 sanctis-

2230 2632 2358 2687 sime
2419 2634 2792 2694 instituendum
2819 2644 3047 2713 putavit,
3072 2656 3264 2717 quanto
3317 2649 3386 2703 ad
3405 2649 3461 2703 id
3479 2667 3544 2705 ea:
3563 2668 3623 2707 eo
3650 2653 3822 2725 magis

2227 2725 2574 2795 excitabatur,
2597 2732 2734 2802 quod
2758 2734 2883 2787 dum
2907 2735 2962 2789 in
2990 2736 3258 2794 cunabulis
3276 2750 3412 2811 erat,
3443 2744 3550 2798 uiso
3578 2749 3823 2800 examine

2227 2832 2380 2888 apum
2410 2818 2467 2873 in
2492 2836 2578 2875 os'
2601 2822 2714 2893 ejus
2765 2825 3009 2897 ingredi,
3058 2838 3209 2900 atque
3263 2831 3451 2886 exinde
3502 2835 3726 2906 egredi,
3764 2836 3821 2890 in

2224 2911 2502 2985 coelumque
2528 2916 2756 2987 evolare,
2776 2920 2960 2974 territa
2977 2958 2993 2987 ,
3034 2922 3158 2993 quid
3188 2922 3283 2978 hoc
3321 2932 3474 2995 esset,
3496 2925 3553 2981 in
3580 2929 3819 2984 oratione

2222 3006 2394 3075 posita
2418 3047 2434 3075 ,
2465 3008 2615 3065 illum
2676 3028 2921 3084 magnum
2976 3012 3227 3073 Ecclesite
3284 3017 3545 3076 doctorem
3584 3022 3817 3094 futurum

2221 3098 2506 3173 intellexit,
2534 3103 2622 3177 qui
2646 3104 2911 3164 hareticos
2937 3107 3002 3163 ab
3030 3108 3309 3183 Hispania:
3334 3111 3525 3184 finibus
3553 3124 3668 3170 erat
3688 3133 3816 3174 oro-

2219 3191 2461 3261 pulsurus

2146 3266 2192 3330 C
2219 3247 2233 3261 ”
2297 3282 2349 3338 2.
2391 3247 2546 3357 Apud
2574 3298 2824 3346 auctores
2850 3289 2985 3347 Vitae
3012 3247 3345 3352 Canonicum
3375 3293 3811 3370 Legionensem,

2223 3385 2281 3430 et
2330 3375 2654 3436 Rodericum
2699 3381 3077 3442 Cerratensem
3115 3394 3273 3458 pater
3310 3386 3499 3445 lsidori
3539 3399 3812 3449 ostentum

2223 3469 2393 3536 vidit,
2426 3472 2584 3542 idque
2610 3475 2662 3529 in
2693 3475 2851 3531 horto
2877 3494 2889 3530 :
2918 3479 2972 3532 in
3014 3478 3334 3538 lectionibus
3381 3480 3442 3537 S.
3484 3480 3813 3541 Florentium

2220 3558 2335 3615 haec
2383 3560 2435 3614 in
2489 3565 2768 3621 cunabulis
2820 3581 3047 3624 examen
3099 3585 3260 3641 apum
3308 3571 3623 3631 observasse
3650 3576 3811 3650 125

2222 3652 2466 3720 traditur,
2500 3654 2600 3710 nisi
2622 3657 2892 3727 explicare
2918 3660 3051 3717 velis
3077 3703 3093 3730 ,
3118 3662 3239 3717 dum
3267 3664 3324 3719 in
3351 3665 3621 3721 cunabulis
3650 3677 3807 3735 esset,

2218 3746 2321 3804 hoc
2349 3755 2431 3803 est
2456 3748 2582 3804 dum
2607 3750 2785 3808 adhuc
2825 3751 3001 3809 infans
3040 3764 3205 3811 esset.
3245 3756 3323 3813 Ita
3362 3760 3679 3830 contingere
3706 3777 3808 3833 po-

2219 3840 2355 3908 tuit,
2390 3850 2446 3896 ut
2494 3852 2548 3897 et
2589 3854 2742 3913 pater
2787 3854 2842 3900 et
2887 3860 3042 3904 soror
3084 3848 3273 3907 lsidori
3319 3862 3589 3910 ostentum
3639 3870 3807 3927 apum

2218 3932 2269 3988 in
2321 3934 2478 3992 horto
2507 3935 2842 4009 inSpexerint
2868 3958 2880 3993 :
2910 3956 3085 4011 neque
3113 3944 3257 3999 enim
3295 3947 3435 4003 ratio
3463 3947 3571 4003 ulla
3598 3956 3716 4018 est,
3745 3960 3806 4007 ut

2218 4021 2520 4082 istiusmodi
2550 4028 2868 4085 miraculum
2915 4031 2996 4087 bis
3034 4035 3321 4105 contigisse
3358 4038 3661 4096 credamus.
3696 4037 3805 4098 Ta-

2214 4132 2403 4188 mayus
2440 4118 2492 4172 in
2540 4119 2760 4191 Martyr.
2791 4119 2941 4192 Hisp.
2994 4128 3127 4180 Acta
3182 4112 3373 4184 lsidori
3418 4145 3486 4185 ex
3514 4132 3674 4189 variis
3696 4173 3711 4200 ,
3738 4141 3804 4190 ut

2213 4208 2330 4277 ait,
2380 4208 2635 4279 collegit,
2682 4212 2771 4267 ubi
2819 4216 2887 4268 de
2935 4213 3242 4272 Florentina
3290 4220 3369 4276 sic
3395 4221 3630 4293 legitur:
3664 4224 3803 4282 Hart:

2210 4299 2460 4373 infantuli
2486 4305 2724 4373 spiritum
2748 4305 3130 4374 deprehendens
3152 4349 3167 4376 ,
3200 4319 3251 4365 et
3276 4312 3333 4367 in
3370 4330 3431 4369 eo
3459 4332 3616 4386 supra
3643 4328 3801 4373 natu-

2211 4410 2324 4449 ram
2358 4397 2613 4466 specimen
2652 4406 3010 4469 perscrutato;
3050 4417 3173 4456 nam
3213 4402 3491 4471 aliquando
3533 4406 3799 4466 Isidorum

2210 4508 2238 4545 e
2277 4508 2410 4546 cuna
2451 4500 2673 4547 erectum
2710 4510 2864 4566 super
2906 4495 3040 4550 aeris
3089 4497 3529 4568 diaphaneitatem
3556 4504 3798 4573 evolare,

2210 4587 2489 4659 aliquando
2536 4596 2770 4642 monstra
2822 4588 3077 4661 deformia
3127 4591 3366 4647 manibus
3415 4596 3742 4667 exstinguere
3774 4615 3796 4655 :

2209 4696 2411 4735 omnem
2440 4697 2616 4734 curam
2642 4697 2880 4752 prasaga
2913 4684 3072 4753 futuri
3107 4685 3162 4738 in
3192 4686 3301 4756 ejus
3327 4688 3630 4743 educatione
3653 4705 3795 4757 prce-

2209 4772 2399 4840 posuit.
2423 4769 2550 4837 Qua:
2581 4771 2710 4825 mihi
2740 4771 2958 4841 quidem
2988 4772 3043 4827 in
3066 4773 3185 4830 aliis
3211 4791 3450 4846 reperire
3478 4795 3588 4835 non
3618 4779 3793 4837 licuit.

2280 4863 2333 4918 '5.
2374 4863 2672 4932 Florezius,
2703 4871 2834 4920 tom.
2878 4864 2972 4931 IX,
3004 4880 3126 4937 pag.
3158 4867 3262 4924 194
3284 4911 3299 4937 ,
3332 4886 3444 4927 rem
3494 4886 3562 4927 ex
3606 4872 3791 4928 Cano-

2209 4956 2331 5012 nico
2362 4956 2678 5025 Legionensi
2698 5001 2715 5028 ,
2744 4969 2970 5017 auctore
2994 4960 3130 5018 Vitae
3172 4963 3227 5018 S.
3259 4963 3449 5022 lsidori
3476 5007 3490 5032 ,
3518 4973 3574 5021 et
3599 4963 3789 5023 Rude-

2209 5050 2320 5105 rico
2368 5050 2675 5109 Cerratensi
2708 5064 2929 5109 narrat:
2979 5064 3035 5111 et
3078 5058 3323 5126 quamvis
3366 5060 3533 5116 multa
3589 5061 3658 5116 ab
3703 5062 3787 5121 his

2208 5144 2561 5213 scriptoribus
2611 5147 2777 5203 relata
2833 5149 2974 5204 inter
3018 5148 3226 5207 fabulas
3272 5162 3539 5223 reponat,
3566 5154 3635 5211 de
3682 5156 3785 5212 hoc

2208 5242 2418 5292 ostento
2466 5237 2637 5293 simile
2671 5236 2931 5309 judicium
2980 5239 3221 5312 proferre
3270 5259 3377 5299 non
3424 5245 3627 5311 audet,
3660 5248 3785 5317 quia

2204 5326 2409 5383 scilicet
2449 5328 2575 5382 nihil
2607 5344 2673 5385 ex
2712 5330 2946 5399 antiquis
2993 5334 3359 5392 monumentis
3401 5336 3610 5392 eruitur
3636 5339 3785 5407 quod

2204 5420 2534 5475 contrarium
2562 5421 2729 5477 videri
2775 5422 2961 5492 possit.
2995 5422 3075 5481 Ita
3102 5427 3264 5482 etiam
3315 5428 3479 5485 sentit
3503 5428 3573 5486 de
3620 5443 3783 5501 argu-

2202 5518 2385 5567 mento
2437 5511 2579 5581 quod
2605 5528 2736 5582 puer
2777 5511 3014 5573 Isidorus
3059 5516 3127 5572 ad
3172 5520 3467 5589 marginem
3520 5523 3668 5592 putei
3712 5536 3783 5580 ex

2201 5615 2335 5657 saxo
2383 5598 2750 5671 frequentibus
2794 5604 2959 5674 guttis
2998 5616 3260 5687 excavato
3301 5608 3370 5664 ad
3414 5610 3781 5670 ditﬁcultatem

2199 5693 2439 5751 scientiae
2481 5694 2856 5764 comparandas
2903 5696 3091 5756 labore
3117 5707 3174 5754 et
3204 5705 3571 5770 perseveranti
3599 5705 3780 5762 studio

2199 5785 2557 5857 superandam
2604 5786 2865 5857 collegit,
2893 5789 3223 5864 quodiidem
3267 5794 3560 5865 scriptores
3583 5799 3781 5871 aliique

2199 5876 2437 5948 ejusdem
2479 5876 2593 5934 fere
2623 5881 2885 5949 temporis
2932 5894 3375 5949 commemorant.
3414 5885 3559 5945 Idem
3583 5886 3779 5946 Flam.
