4048 6364
235 333 330 398 ιοδ

1210 332 1626 392 ISIDORIANA.
1667 358 1738 374 —-
1775 332 1952 393 PARS
1995 335 2034 392 I.
2076 335 2228 396 CAP.
2272 343 2456 402 XVIII.

3394 362 3496 416 IOb

231 451 338 510 lius
387 455 523 504 ῑοω·
559 449 605 506 Χ
631 461 797 520 ,ρθςι
840 446 944 503 ηθ
970 486 988 514 ν
1034 456 1266 541 amant,
1313 450 1360 504 si
1412 456 1700 515 statuatur,
1751 451 1890 510 ulA
1986 452 2037 508 6.
2079 455 2399 518 Nonnullam
2430 473 2608 522 tamen
2655 479 2863 539 partem
2909 475 2959 528 in
2990 476 3090 532 hac
3130 477 3316 536 Isidori
3345 483 3500 541 insti-

231 541 564 601 statueudum
590 551 765 614 putat,
793 541 1053 598 Isidorum
1073 540 1399 617 carthagine
1420 551 1602 598 uatum
1627 544 1812 610 fuisse,

232 637 500 694 conterere
527 653 633 692 non
665 652 822 708 posse
844 679 859 703 ,
891 636 1034 706 quod
1061 637 1372 694 Florentius
1401 653 1630 693 examen
1653 653 1815 709 apum

230 729 464 794 viderit,
509 737 564 784 et
615 729 684 784 ad
737 729 1033 784 orationem
1095 729 1409 798 confugiens
1451 730 1810 792 intellexerit,

232 822 484 879 Isidorqu
515 835 764 891 magnum
794 821 1047 877 Ecclesiae
1075 821 1353 877 doctorem
1384 823 1641 888 futurum,
1666 823 1812 892 quod

231 915 557 974 Breviarium
601 927 754 971 vetus
782 914 1100 987 Hispaleuse
1129 917 1341 985 aliaque
1381 925 1603 972 narrant
1641 935 1656 969 ;
1689 932 1810 971 nam

231 1007 469 1063 Leander
497 1045 512 1069 ,
545 1022 666 1076 cap.
724 1004 830 1060 Ult.
883 1007 1116 1075 regulae,
1149 1007 1221 1061 ita
1268 1007 1634 1062 Florentiuam
1678 1007 1812 1062 allo.

230 1102 402 1172 quitur
435 1117 448 1151 :
483 1098 562 1152 Ea
588 1101 706 1154 inae
737 1101 798 1170 (e
829 1098 1041 1170 patria)
1072 1108 1222 1154 aetate
1251 1099 1510 1154 abstracta
1536 1117 1610 1165 es,
1641 1109 1697 1152 ut
1737 1100 1813 1154 vel

228 1195 268 1248 si
290 1191 481 1248 ibidem
502 1202 627 1247 nata
649 1195 809 1264 fueris
833 1234 848 1260 ,
878 1210 982 1247 non
1009 1194 1326 1248 memineris.
1349 1191 1515 1247 Nulla
1540 1203 1614 1247 est
1641 1210 1815 1247 recor-

228 1289 361 1343 datio
391 1330 408 1354 ,
439 1304 554 1360 qua:
597 1297 797 1342 moveat
817 1328 833 1354 ,
866 1287 1133 1342 desideriis
1170 1288 1420 1340 animam.
1466 1285 1573 1341 Sed
1602 1286 1812 1341 etiamsi

229 1381 387 1438 verba
420 1380 648 1436 Leandri
693 1379 760 1434 de
807 1379 1029 1433 Infantia
1061 1378 1383 1434 Florentium
1410 1379 1656 1449 accipere
1683 1377 1813 1433 veli-

233 1489 376 1537 mus,
416 1471 559 1540 quod
590 1471 810 1525 minime
853 1481 930 1525 est
975 1484 1198 1526 necesse
1222 1509 1236 1533 ,
1271 1469 1485 1524 aliunde
1542 1485 1651 1524 non
1680 1484 1814 1525 con-

226 1573 347 1630 stat,
365 1563 632 1618 Isidorum
663 1562 986 1633 Carthagine
1008 1563 1188 1632 potius
1210 1577 1368 1632 quam
1397 1561 1600 1632 Hispali
1627 1569 1813 1616 natum

226 1659 386 1713 fuisse
410 1700 425 1722 ,
455 1657 588 1711 utin
624 1654 730 1712 fine
757 1671 876 1728 cap.
909 1656 974 1709 I7
1001 1656 1131 1711 dixi.

294 1748 342 1803 4.
384 1747 596 1818 Hispali
628 1748 817 1818 primis
865 1747 1166 1803 litterarum
1209 1747 1525 1803 rudimentis
1553 1746 1810 1802 Isidormn

1923 548 2129 647 tutione
2171 552 2419 611 habuisse
2449 558 2830 629 Florentinam,
2879 567 3137 625 lectiones
3179 573 3313 642 ejus,
3366 591 3502 647 quas

1921 643 2080 736 paulo
2108 655 2232 702 ante
2261 651 2479 719 protuli,
2501 653 2756 710 referunt.
2785 657 2860 713 De
2883 660 3160 730 Fulgentio
3189 643 3401 736 quoque
3421 670 3502 727 sic

1917 732 2177 790 lectiones
2215 739 2333 807 ejus
2360 740 2518 797 officii
2564 746 2764 800 habent
2797 767 2807 800 :
2852 749 3010 822 Cujus
3038 756 3112 808 rei
3150 732 3282 811 illud
3305 732 3504 831 quoque

1918 837 2273 927 arqumentum
2298 840 2394 899 est,
2442 835 2576 906 quod
2603 841 2833 911 egregius
2862 843 2994 897 idem
3027 847 3206 902 doctor
3235 850 3500 927 Isidorus,

1917 920 2004 989 qui
2034 919 2184 1013 abeo
2211 925 2381 988 fuerat
2405 927 2667 995 educatus,
2713 943 2760 984 et
2785 935 2883 1000 piis
2912 937 3229 995 documentis
3255 919 3499 1013 imbutus,

1917 1019 2025 1066 etc.
2075 1012 2226 1078 Quod
2256 1016 2432 1085 aliqua
2462 1034 2526 1072 ex
2557 1030 2708 1090 parte
2739 1039 2924 1079 verum
2954 1042 3093 1096 esse,
3134 1033 3265 1086 nihil
3295 1044 3378 1090 est
3410 1012 3506 1092 cur

1919 1118 2194 1172 negemus,
2238 1108 2331 1162 sed
2362 1111 2434 1165 ita
2463 1120 2641 1169 tamen
2686 1125 2746 1171 ut
2773 1120 3100 1190 praecipuum
3150 1124 3339 1182 Isidori
3387 1145 3506 1183 ma-

1918 1201 2142 1267 gistrum
2175 1200 2472 1259 Leandrum
2515 1209 2888 1280 praedicamus,
2936 1229 3042 1269 non
3083 1217 3254 1272 solum
3293 1222 3417 1290 quia
3450 1223 3505 1276 id

1917 1290 2166 1346 Leander
2179 1293 2369 1356 innuit,
2392 1296 2486 1352 sed
2499 1299 2620 1366 quia
2637 1302 2796 1356 etiam
2815 1304 2927 1372 ipse
2943 1303 3176 1361 Isidorus
3198 1310 3249 1361 in
3273 1311 3503 1379 epistola

1918 1382 1986 1437 ad
2008 1383 2288 1440 Claudium
2319 1387 2509 1442 ducem
2540 1390 2615 1444 sic
2638 1394 2914 1459 profitetur
2941 1414 2954 1448 :
2986 1395 3246 1453 Memento
3270 1417 3503 1456 commu-

1918 1478 1999 1532 nis
2028 1481 2191 1534 nostri
2221 1479 2443 1536 doctoris
2479 1486 2634 1554 126
2661 1483 2906 1552 Leandri,
2948 1497 2998 1543 et
3024 1491 3138 1561 ejus
3161 1493 3319 1561 ﬁdem
3347 1503 3505 1566 atque

1917 1570 2207 1625 doctrinam
2249 1590 2342 1642 pro
2371 1575 2558 1629 viribus
2587 1578 2809 1632 imitare.
2859 1579 3009 1634 Multi
3046 1589 3222 1637 tamen
3262 1587 3502 1654 spuriam

1919 1661 2058 1718 hanc
2085 1677 2207 1719 esse
2232 1663 2420 1719 Isidori
2449 1666 2518 1720 ad
2544 1667 2818 1724 Claudium
2847 1672 3129 1741 epistolam
3159 1677 3502 1736 existimant:

1918 1751 1989 1809 de
2015 1770 2121 1824 quo
2149 1771 2246 1811 nos
2275 1757 2420 1814 alibi.
2446 1760 2816 1816 Commentum
2846 1772 2928 1818 est
2954 1766 3406 1833 pseudo-Maximi
3438 1771 3507 1826 ad

225 1841 491 1897 imbutum
529 1839 697 1895 fuisse
719 1880 734 1904 ,
764 1855 832 1895 ex
860 1838 980 1893 Vita
1025 1853 1169 1909 saepe
1198 1839 1361 1892 citata
1409 1847 1623 1894 constat
1655 1857 1667 1892 :
1702 1854 1809 1908 quo
1839 1836 1892 1898 Β
1917 1860 2044 1900 anu.
2069 1846 2192 1914 568,
2221 1864 2368 1903 num.
2394 1849 2448 1916 8,
2471 1851 2725 1907 Isidorum
2753 1855 2952 1910 Davide
2979 1856 3282 1928 Hispalensi
3307 1864 3508 1932 magis-

225 1943 471 2005 tempore
496 1974 512 2001 ,
540 1941 600 1987 ut
627 1932 825 1987 ibidem
856 1940 1128 1998 narratur,
1154 1933 1349 1987 accidit
1378 1932 1453 1998 id,
1482 1932 1625 2002 quod
1646 1932 1810 1987 modo

224 2025 474 2081 dicebam
507 2066 524 2093 ,
555 2023 817 2080 Isidorum
847 2040 1073 2095 puerum
1121 2026 1369 2095 exemplo
1399 2026 1516 2080 saxi
1561 2025 1811 2096 frequen-

224 2118 364 2175 tibus
389 2118 560 2189 guttis
579 2117 849 2186 excavati,
873 2125 929 2172 et
956 2118 1084 2186 ligni
1115 2117 1380 2186 frequenti
1407 2116 1613 2172 funium
1644 2116 1808 2173 ductu

223 2209 278 2267 in
331 2209 542 2266 canalis
589 2207 816 2263 formam
865 2209 1106 2274 redacti,
1153 2209 1407 2265 didicisse
1446 2224 1506 2265 se
1545 2224 1762 2280 quoque
1795 2252 1812 2277 ,

222 2303 472 2372 quamvis
519 2302 766 2373 improbo
808 2303 996 2359 labore
1018 2345 1034 2369 ,
1065 2302 1408 2359 difﬁcultates
1434 2319 1552 2372 quae
1582 2303 1635 2357 iu
1666 2302 1812 2358 litte-

225 2410 404 2450 rarum
459 2395 729 2450 curriculo
780 2411 1064 2452 occurrere
1114 2397 1292 2452 solent
1331 2411 1490 2466 posse
1536 2409 1813 2466 superare.

227 2481 350 2540 Hzec
379 2484 598 2553 quidem
623 2485 889 2555 sequioris
915 2487 1093 2541 aetatis
1133 2485 1475 2542 documentis
1504 2487 1815 2541 traduntur.

222 2576 329 2633 Sed
361 2577 780 2651 12510aunes
826 2579 1064 2634 Mariana
1114 2579 1167 2634 in
1215 2579 1354 2634 Hist.
1404 2578 1553 2649 Hisp.
1585 2579 1680 2633 lib.
1724 2594 1819 2644 vt,

222 2682 346 2737 cap.
378 2669 438 2736 't,
465 2677 654 2724 auctor
681 2677 764 2724 est
795 2710 810 2734 ,
843 2669 1053 2724 ostendi
1099 2668 1272 2723 adhuc
1303 2659 1518 2737 Hispali
1553 2668 1668 2737 ejus
1694 2683 1820 2722 nar-

220 2762 453 2817 rationis
499 2763 766 2831 vestigia:
823 2763 1169 2826 Asseroatur,
1227 2761 1441 2829 inquit,
1494 2761 1550 2813 in
1599 2760 1817 2813 ecclesia

223 2849 537 2909 Hispalensi
563 2853 626 2908 S.
661 2851 857 2907 Isidori
882 2869 1004 2920 pars
1032 2852 1252 2922 putealis
1272 2868 1337 2906 ea:
1365 2868 1624 2906 marmore
1646 2893 1662 2917 ,
1685 2853 1821 2922 quod

221 2947 371 3020 funis
422 2960 520 3000 usu
547 2952 595 3000 et
643 2943 822 2999 attritu
849 2953 1151 2999 excavatum
1198 2941 1436 2999 Isidorus
1490 2959 1616 3015 puer
1643 2942 1820 2998 obser-

221 3040 381 3093 vavit.
437 3036 568 3093 Illud
619 3045 828 3092 certum
885 3036 953 3090 de
1008 3035 1192 3091 Isidori
1248 3037 1624 3099 institutione,
1675 3036 1822 3107 quod

222 3129 480 3186 Leander
506 3145 624 3200 cap.
656 3129 754 3183 ult.
802 3129 999 3200 regulae
1026 3128 1268 3199 profert:
1319 3128 1590 3183 Postremo
1619 3129 1820 3184 charis-

223 3224 412 3276 simam
447 3237 493 3275 te
532 3237 835 3292 germanam
863 3237 989 3293 rogo
1013 3262 1028 3286 ,
1055 3231 1112 3274 ut
1147 3221 1247 3275 mei
1293 3221 1492 3275 orando
1526 3222 1820 3276 memineris

225 3331 317 3368 nec
354 3315 584 3385 junioris
632 3314 813 3384 fratris
864 3311 1058 3366 Isidori
1105 3310 1462 3377 obliviscaris;
1507 3329 1653 3384 quem
1699 3313 1821 3383 quia

227 3407 316 3461 sub
378 3407 479 3461 Dei
531 3407 746 3461 tuitione
775 3444 790 3471 ,
825 3415 874 3460 et
933 3407 1092 3459 tribus
1149 3407 1407 3476 germanis
1463 3404 1819 3476 superstitibus

229 3509 467 3570 parentes
487 3499 802 3567 reliquerunt
829 3512 1121 3551 communes
1149 3536 1164 3560 ,
1198 3497 1304 3550 laeti
1329 3538 1344 3556 ,
1375 3505 1423 3549 et
1452 3495 1513 3548 de
1557 3495 1669 3567 ejus
1690 3495 1821 3549 nihil

230 3590 574 3661 formidantes
603 3589 849 3658 infantia,
872 3588 940 3641 ad
959 3587 1236 3640 Dominum
1263 3597 1631 3641 commearunt.
1658 3585 1821 3651 Quem

229 3701 340 3737 cum
381 3699 477 3753 ego
526 3691 582 3734 ut
611 3697 722 3734 vere
754 3681 920 3749 ﬁlium
941 3678 1289 3746 Itabeam,nec
1322 3679 1598 3749 temporale
1624 3677 1822 3749 aliquid

230 3777 338 3844 eius
367 3772 621 3826 cltaritati
649 3787 978 3841 prwponam,
1024 3778 1175 3840 atque
1206 3770 1257 3822 in
1298 3770 1410 3838 ejus
1440 3784 1631 3836 pronus
1661 3767 1819 3822 dilec-

229 3866 365 3921 tione
405 3863 738 3924 recumbam,
774 3871 914 3916 tanto
963 3878 1078 3914 eum
1116 3861 1319 3914 charius
1364 3861 1518 3930 dilige
1541 3904 1554 3923 ,
1580 3869 1823 3925 tantoque

231 3954 404 4011 Iesum
431 3973 598 4011 exora
629 3971 722 4023 pro
746 3953 838 4007 illo
862 3993 878 4018 ,
903 3962 1093 4025 quanto
1141 3953 1277 4006 nosti
1315 3969 1426 4005 eum
1457 3969 1488 4004 a
1528 3950 1820 4022 parentibus

234 4051 451 4102 terrenis
479 4047 644 4119 fuisse
670 4045 934 4099 dilectum.

300 4139 350 4196 5.
393 4142 764 4195 Decesserunt
811 4152 941 4206 ergo
987 4137 1176 4192 Isidori
1226 4145 1506 4206 parentes,
1555 4136 1684 4191 dum
1733 4135 1822 4192 illc

233 4234 401 4290 adhuc
429 4235 484 4289 in
534 4231 757 4287 infantia
797 4241 959 4295 esset,
1009 4247 1167 4302 quem
1208 4242 1496 4302 propterea
1527 4234 1696 4288 tribus
1730 4248 1821 4288 su-

235 4327 545 4396 perstitibus
591 4325 771 4379 liberis
793 4333 920 4379 natu
951 4324 1261 4393 majoribus,
1295 4325 1560 4391 Leandro,
1593 4325 1825 4395 Fulgen-

237 4417 335 4485 tio,
384 4417 718 4473 Florentium
764 4416 1148 4473 instituendum
1194 4420 1662 4474 commendarunt.
1717 4420 1820 4476 Sed

234 4521 350 4564 cum
397 4506 651 4564 Leander
678 4523 859 4562 curam
889 4507 1079 4562 domus
1106 4516 1340 4576 gereret,
1388 4511 1586 4579 quippe
1614 4511 1818 4580 primo-

1922 1943 2008 1992 tro
2057 1955 2212 1994 usum
2262 1941 2423 1996 fuisse
2457 1959 2469 1995 :
2502 1957 2661 2013 quem
2712 1944 2890 2002 locum
2930 1947 3005 2002 ita
3041 1949 3309 2005 illustrare
3334 1953 3508 2009 voluit

1916 2029 2181 2099 Bivarius,
2229 2041 2288 2086 ut
2313 2033 2518 2088 dubitet
2543 2038 2794 2104 primum,
2843 2054 2909 2094 an
2937 2040 3038 2095 iste
3066 2040 3233 2096 David
3261 2043 3506 2101 diversus

1915 2121 2078 2179 fuerit
2103 2139 2132 2178 a
2164 2124 2360 2179 Davide
2385 2125 2682 2195 Hispalensi
2712 2130 2964 2200 episeopo
2994 2149 3005 2183 :
3036 2130 3231 2188 deinde
3258 2133 3510 2203 advertit,

1919 2216 2248 2285 Leandrum,
2291 2218 2415 2273 dum
2444 2220 2498 2274 in
2546 2223 2873 2278 monasterio
2904 2224 3142 2294 degeret,
3189 2227 3364 2285 minus
3393 2229 3511 2285 ido-

1919 2323 2080 2364 neum
2127 2309 2307 2373 fuisse,
2356 2317 2419 2365 ut
2449 2325 2545 2380 per
2569 2327 2628 2367 se
2675 2313 2934 2368 Isidorum
2983 2316 3178 2372 litteris
3224 2318 3508 2376 imbueret.

1919 2397 2225 2456 Canonicus
2271 2400 2636 2470 Legionensis,
2687 2413 2876 2461 auctor
2903 2405 3058 2475 Vita),
3103 2416 3296 2477 prseter
3335 2409 3513 2466 Lean-

1921 2490 2078 2546 drum
2118 2493 2238 2548 aliis
2277 2509 2493 2562 quoque
2530 2497 2821 2565 magistris,
2854 2515 3006 2556 usum
3036 2499 3201 2556 fuisse
3249 2499 3512 2557 Isidorum

1923 2586 2107 2649 tradit,
2152 2597 2211 2641 ut
2236 2587 2443 2644 scilicet
2469 2592 2920 2661 encyclopmdiam
2964 2592 3108 2646 illam
3147 2593 3513 2662 scientiarum,

1921 2693 2042 2746 qua:
2081 2676 2304 2734 mirifice
2346 2692 2716 2750 exaggerator,
2761 2693 3151 2754 assequeretur.
3198 2685 3513 2755 Quanquam

1923 2768 2197 2826 fatendum
2243 2781 2347 2837 est,
2388 2773 2668 2840 Isidorum,
2708 2792 2805 2844 pro
2834 2785 2993 2846 captu
3040 2777 3251 2831 illorum
3299 2787 3514 2848 tempo-

1925 2878 2067 2927 rum,
2120 2872 2427 2931 portentum
2480 2865 2747 2932 quoddam
2797 2867 2851 2921 in
2898 2867 3234 2922 smcularium
3283 2871 3514 2926 maxime

1925 2951 2222 3008 litterarum
2253 2953 2430 3010 studio
2458 2953 2640 3022 fuisse,
2669 2972 2773 3011 non
2802 2957 2945 3025 quod
2974 2958 3025 3010 in
3052 2959 3273 3026 singulis
3303 2960 3516 3028 linguis,

1927 3053 2022 3099 aut
2065 3046 2118 3099 iu
2145 3047 2368 3114 singulis
2411 3043 2750 3102 facultatibus
2793 3048 3096 3113 eminuerit,
3129 3047 3224 3103 sed
3253 3049 3377 3118 quia
3405 3057 3517 3106 tam

1928 3138 2210 3208 multiplici
2257 3140 2590 3195 diversarum
2638 3154 2840 3207 rerum,
2883 3148 2938 3194 et
2965 3142 3286 3211 scriptorum
3334 3143 3518 3212 cogni-

1849 3205 1898 3268 ο
1929 3230 2075 3285 tione
2090 3205 2340 3284 imbutus
2368 3229 2486 3294 fuit,
2538 3239 2598 3285 ut
2625 3205 3034 3286 admirationem
3074 3205 3290 3302 quoque
3319 3205 3520 3291 nostris

1923 3320 2255 3390 temporibus
2285 3321 2512 3388 ingerat.

1999 3412 2048 3465 7.
2093 3411 2382 3478 Qumritur,
2415 3413 2646 3468 fueritne
2674 3414 2908 3471 Isidorus
2943 3414 3184 3483 Gregorii
3215 3415 3391 3484 Magni
3421 3433 3521 3472 au-

1923 3503 2085 3558 ditor.
2137 3503 2214 3557 Ita
2259 3504 2400 3559 enim
2449 3515 2694 3560 asserunt
2739 3505 2930 3561 Lucius
2980 3506 3263 3560 Marinmus
3306 3507 3522 3563 Siculus

1923 3593 1960 3648 I.
1994 3609 2027 3648 v
2053 3593 2120 3648 de
2146 3593 2281 3648 Reb.
2312 3593 2462 3664 Hisp.
2490 3639 2504 3661 ,
2535 3595 2801 3651 Arnoldus
2827 3596 2984 3651 Wiou
3014 3597 3048 3650 Ι.
3085 3614 3120 3652 ιι
3164 3598 3310 3667 Ligui
3355 3600 3481 3654 vitae
3502 3640 3519 3665 ,

1923 3685 2323 3757 Eisengreinius
2359 3689 2411 3742 in
2450 3688 2624 3743 Catal.
2655 3697 2780 3744 test.
2811 3691 2963 3744 verit.
2999 3733 3014 3757 ,
3052 3698 3107 3744 et
3134 3691 3520 3747 Constantinus

1923 3779 2212 3846 Cajetanus
2240 3796 2293 3848 p.
2326 3778 2414 3832 45.
2459 3778 2712 3833 Fidenter
2755 3779 2986 3835 Joannes
3025 3782 3266 3837 Andreas
3305 3782 3519 3848 Quens-

1925 3868 2038 3922 tedt
2065 3868 2132 3922 de
2161 3867 2303 3921 Patr.
2331 3868 2520 3922 illustr.
2547 3868 2658 3922 Vir.
2684 3883 2803 3937 pag.
2832 3870 2864 3921 lt
2890 3889 2902 3921 :
2931 3871 2990 3924 S.
3017 3869 3277 3924 Isidorum
3314 3874 3516 3940 episco-

1923 3973 2065 4026 pum,
2111 3974 2174 4010 ac
2203 3958 2468 4010 alumnum
2508 3976 2656 4011 suum
2684 3967 2953 4011 ueneratur
2983 3959 3239 4028 Hispalis,
3284 3961 3524 4030 Gregorii

1924 4047 2109 4118 Magni
2155 4048 2219 4100 ab
2265 4049 2468 4101 ineunte
2509 4057 2661 4101 estate
2702 4049 3027 4117 discipulum.
3088 4049 3202 4103 Nic.
3251 4051 3520 4103 Antonius

1923 4141 2246 4211 suspicatur,
2291 4139 2342 4193 id
2379 4139 2502 4194 inde
2527 4141 2787 4209 originem
2827 4139 3098 4204 habuisse,
3135 4139 3279 4208 quod
3318 4139 3522 4194 Isidoro

1924 4249 2045 4289 cum
2075 4232 2337 4302 Gregorio
2365 4248 2557 4303 magna
2582 4243 2665 4289 est
2690 4233 2977 4289 consensio
3004 4249 3108 4288 non
3134 4234 3524 4288 sententiarum

1926 4336 2158 4394 tantum,
2179 4327 2273 4382 sed
2299 4335 2355 4382 et
2380 4328 2667 4382 verborum
2695 4345 2707 4380 :
2733 4327 2876 4398 quod
2907 4328 3081 4383 Lucas
3109 4325 3374 4382 Tudensis
3405 4327 3440 4380 l.
3465 4343 3524 4394 ιι,

1924 4438 2044 4493 cap.
2075 4422 2131 4489 4,
2164 4420 2423 4476 adversus
2449 4421 2763 4490 Albigeuses
2790 4422 2856 4476 ad
2885 4421 3210 4492 peculiarem
3238 4421 3525 4490 quamdam

1925 4517 2158 4588 Spiritus
2186 4517 2359 4572 sancti
2389 4516 2798 4587 inspiratiouem
2843 4513 3045 4568 referre
3075 4529 3180 4567 non
3213 4512 3476 4565 dubitavit
3509 4529 3524 4566 :

235 4601 471 4672 εθηίιυες
521 4607 586 4653 ιιι
607 4599 835 4663 Videtur,
881 4598 1218 4666 Flllgemium
1267 4599 1318 4653 ίη
1363 4601 1589 4670 Patriam
1637 4602 1782 4657 ιηίεῖῑ
1809 4621 1825 4668 ;
1852 4592 1908 4654 θ
1931 4624 2038 4677 quo
2066 4611 2290 4664 fortasse
2315 4609 2475 4663 etiam
2506 4608 2750 4662 allusisse
2769 4606 3036 4660 videbitur
3055 4602 3374 4657 Prudentius
3395 4602 3527 4657 Tre-

237 4691 373 4760 quod
400 4692 517 4763 ipse
548 4691 625 4744 sic
656 4690 760 4744 loc.
796 4690 889 4745 cit.
922 4690 1087 4745 refert
1119 4709 1130 4743 :
1167 4690 1264 4759 Tu,
1289 4708 1480 4762 quaeso,
1511 4710 1650 4757 cave,
1681 4711 1829 4749 soror

242 4779 570 4847 Florentina,
621 4779 756 4853 quod
802 4791 967 4835 mater
1013 4784 1198 4846 timuit,
1243 4792 1291 4836 et
1319 4786 1534 4850 malum,
1573 4787 1707 4856 quod
1735 4786 1828 4840 illa

239 4889 445 4947 experta
473 4877 629 4949 fugit,
660 4886 709 4929 tu
739 4876 1019 4945 prudenter
1047 4876 1196 4929 evita.
1232 4876 1479 4932 Miserum
1508 4881 1629 4933 me!
1657 4880 1825 4947 doleo,

240 4969 317 5036 qui
359 4970 552 5024 ibidem
580 4985 898 5022 communem
929 4969 1144 5038 fratrem
1173 4955 1436 5024 transmisi
1464 4971 1827 5043 Fulgentium,

243 5061 380 5130 cujus
404 5061 624 5132 periculi
645 5062 759 5131 jugi
789 5059 1065 5131 formidine
1091 5061 1410 5130 pertimesco.
1447 5062 1625 5118 Tutior
1651 5074 1825 5119 tamen

242 5153 352 5219 erit,
374 5156 417 5207 si
445 5164 498 5207 tu
523 5155 772 5216 securior,
799 5161 846 5205 et
870 5151 1050 5205 absens
1069 5169 1162 5219 pro
1183 5153 1273 5206 illo
1295 5156 1540 5209 oraveris.
1574 5155 1826 5212 Fortasse

245 5244 481 5314 qumdam
529 5245 584 5299 in
637 5243 827 5312 patria,
869 5241 1010 5296 unde
1051 5243 1262 5296 exsules
1307 5243 1567 5310 exierant,
1611 5249 1825 5313 negotia

246 5343 611 5401 occurrerant,
640 5349 759 5404 qum
790 5332 1031 5387 Leander
1061 5348 1154 5402 per
1187 5332 1521 5402 Fulgentium
1553 5337 1824 5405 procurari

249 5427 506 5494 voluerat,
555 5426 679 5480 dum
721 5425 904 5493 junior
933 5424 1106 5478 adhuc
1134 5433 1278 5480 esset
1316 5425 1569 5495 Isidorus,
1602 5436 1657 5482 et
1701 5428 1824 5483 Flo-

249 5519 452 5574 rentina
499 5519 640 5572 inter
675 5516 909 5585 virgines
959 5515 1068 5569 Deo
1117 5516 1336 5570 devotas
1383 5527 1824 5575 commoraretur.

254 5607 518 5682 Pmcipua
549 5622 678 5677 ergo
706 5623 832 5662 cura
858 5605 1044 5661 Isidori
1085 5605 1391 5661 instituendi
1435 5609 1630 5662 mansit
1667 5624 1829 5678 penes

257 5697 572 5768 Leaiidrum,
614 5700 758 5770 quod
804 5699 848 5754 is
893 5707 1116 5770 paterno
1164 5700 1343 5769 potius
1384 5715 1543 5770 quam
1592 5702 1830 5761 fraterno

257 5804 432 5851 amore
457 5794 770 5866 peragebat.

535 5906 804 5967 ΡΑτιιυι..
845 5905 1128 5969 LXXXI.

1932 4701 2105 4755 censis
2135 4700 2392 4755 adversus
2433 4698 2716 4766 Erigenam
2745 4697 2812 4751 de
2846 4695 3180 4760 Prmdestiu.,
3215 4695 3266 4748 in
3290 4693 3526 4750 editione

1932 4809 2117 4848 eorum
2163 4799 2442 4847 auctorum
2486 4791 2575 4860 qui
2619 4790 2684 4843 de
2715 4787 3189 4858 prsedestinatioue
3232 4802 3374 4841 nono
3419 4801 3526 4841 ste-

1933 4884 2055 4938 culo
2108 4883 2466 4952 scripserunt,
2522 4891 2656 4936 tom.
2689 4880 2750 4946 II,
2782 4894 2906 4950 pag.
2937 4878 3061 4944 2I5,
3103 4886 3158 4934 et
3188 4887 3228 4932 t.
3260 4877 3356 4934 XV
3384 4877 3523 4933 Bibl.

1933 4973 2150 5029 Patrum
2193 4972 2584 5040 Lugdunensis,
2623 4987 2745 5042 pag.
2776 4971 2900 5025 474.
2944 4969 3106 5035 Quem
3136 4968 3524 5042 (Gregorium)

1932 5079 2134 5123 secutus
2155 5077 2261 5120 tam
2290 5067 2394 5137 fide
2421 5082 2571 5135 quam
2601 5081 2753 5119 sensu
2781 5073 2831 5119 et
2854 5064 3037 5128 verbis,
3059 5074 3264 5117 sanctus
3289 5060 3525 5116 Isidorus

1933 5161 2262 5233 Hispalensis
2307 5161 2575 5230 episcopus
2601 5159 2834 5212 eamdem
2879 5173 3007 5224 pene
3031 5156 3335 5209 sententiam
3375 5154 3526 5205 dictis

1932 5255 2037 5307 suis
2066 5251 2389 5320 interposuit,
2432 5267 2554 5320 quos
2583 5250 2810 5322 quisquis
2843 5249 3080 5318 conferre
3108 5245 3344 5309 uoluerit,
3384 5245 3526 5296 inve-

1931 5346 2038 5399 niet
2072 5346 2146 5397 ita
2180 5361 2282 5397 uno
2309 5359 2392 5396 eos
2421 5345 2602 5412 spiritu
2641 5351 2792 5412 atque
2828 5358 2917 5394 ore
2945 5341 3159 5404 locutos,
3205 5347 3261 5391 ut
3286 5335 3524 5391 eumdem

1934 5434 2184 5506 Spiritum
2205 5445 2438 5487 sanctum
2453 5433 2678 5504 utrisque
2695 5432 2927 5500 a/fuisse,
2945 5440 2991 5484 et
3011 5449 3101 5500 per
3113 5439 3379 5496 utrumque
3398 5440 3526 5478 unct-

1932 5527 2138 5582 nimiter
2162 5527 2384 5580 locutum
2412 5526 2621 5580 minime
2650 5524 2862 5577 dubitet.
2908 5522 3180 5576 Isidorus:
3205 5518 3420 5573 Gemina
3448 5525 3525 5572 est

1931 5618 2334 5690 prwdestinatio,
2353 5625 2456 5671 etc.
2481 5615 2652 5670 Verba
2680 5615 2883 5683 profert
2904 5629 2971 5667 ex
2999 5613 3034 5666 Ι.
3053 5629 3090 5666 ιι
3110 5610 3350 5665 Sentent.
3368 5648 3383 5673 ,
3401 5622 3518 5676 cap.

1935 5711 1988 5764 6.
2037 5709 2226 5764 Fusius
2270 5709 2343 5771 id,
2393 5707 2567 5761 allatis
2593 5708 2753 5761 etiam
2785 5705 3098 5769 rationibus,
3148 5702 3376 5771 probare
3424 5717 3518 5755 co-

1936 5810 2093 5858 natur
2123 5801 2293 5856 Lucas
2321 5798 2582 5854 Tudensis
2607 5799 2711 5854 loc.
2742 5798 2835 5851 cit.
2902 5796 2994 5850 aui
3028 5795 3179 5867 127
3209 5793 3478 5860 concludit
3499 5818 3515 5838 ο

3085 5909 3120 5969 ὁ
