  <div class='ocr_page' id='page_1' title='image "/cluster/home/n/w/nwhite01/storage/ocr_20150623/81/hvd.32044015469430/060.png"; bbox 0 0 4048 6364; ppageno 0'>
   <div class='ocr_carea' id='block_1_1' title="bbox 202 375 302 434">
    <p class='ocr_par' dir='ltr' id='par_1_1' title="bbox 202 375 302 434">
     <span class='ocr_line' id='line_1_1' title="bbox 202 375 302 434; baseline -0.04 -1"><span class='ocrx_word' id='word_1_1' title='bbox 202 375 302 434; x_wconf 70' lang='grc'><strong>109</strong></span> 
     </span>
    </p>
   </div>
   <div class='ocr_carea' id='block_1_2' title="bbox 1207 340 2448 415">
    <p class='ocr_par' dir='ltr' id='par_1_2' title="bbox 1207 340 2448 415">
     <span class='ocr_line' id='line_1_2' title="bbox 1207 340 2448 415; baseline 0 -2"><span class='ocrx_word' id='word_1_2' title='bbox 1207 355 1617 415; x_wconf 68' lang='grc' dir='ltr'>ιειοοιιιΑΝιι.</span> <span class='ocrx_word' id='word_1_3' title='bbox 1659 387 1730 400; x_wconf 93' lang='grc'><strong><em>-</em></strong></span> <span class='ocrx_word' id='word_1_4' title='bbox 1756 342 1947 411; x_wconf 70' lang='lat' dir='ltr'><strong>ratis</strong></span> <span class='ocrx_word' id='word_1_5' title='bbox 1984 353 2026 411; x_wconf 89' lang='grc' dir='ltr'><strong>ι.</strong></span> <span class='ocrx_word' id='word_1_6' title='bbox 2060 352 2218 411; x_wconf 68' lang='grc' dir='ltr'><strong>ωε».</strong></span> <span class='ocrx_word' id='word_1_7' title='bbox 2264 340 2448 413; x_wconf 85' lang='lat' dir='ltr'><strong>xvni.</strong></span> 
     </span>
    </p>
   </div>
   <div class='ocr_carea' id='block_1_3' title="bbox 3360 356 3470 423">
    <p class='ocr_par' dir='ltr' id='par_1_3' title="bbox 3360 356 3470 423">
     <span class='ocr_line' id='line_1_3' title="bbox 3360 356 3470 423; baseline 0.027 -3"><span class='ocrx_word' id='word_1_8' title='bbox 3360 356 3470 423; x_wconf 74' lang='lat' dir='ltr'><strong>‘HO</strong></span> 
     </span>
    </p>
   </div>
   <div class='ocr_carea' id='block_1_4' title="bbox 202 466 3469 555">
    <p class='ocr_par' dir='ltr' id='par_1_4' title="bbox 202 466 3469 555">
     <span class='ocr_line' id='line_1_4' title="bbox 202 466 3469 555; baseline -0.003 -9"><span class='ocrx_word' id='word_1_9' title='bbox 202 499 358 546; x_wconf 64' lang='lat' dir='ltr'><strong>tatem</strong></span> <span class='ocrx_word' id='word_1_10' title='bbox 398 490 733 552; x_wconf 80' lang='lat' dir='ltr'><strong>agnosceret.</strong></span> <span class='ocrx_word' id='word_1_11' title='bbox 782 474 934 551; x_wconf 75' lang='lat' dir='ltr'><strong>Quod</strong></span> <span class='ocrx_word' id='word_1_12' title='bbox 980 478 1067 533; x_wconf 91' lang='lat' dir='ltr'><strong>ille</strong></span> <span class='ocrx_word' id='word_1_13' title='bbox 1115 476 1205 532; x_wconf 88' lang='lat' dir='ltr'><strong>diu</strong></span> <span class='ocrx_word' id='word_1_14' title='bbox 1252 475 1511 539; x_wconf 72' lang='lat' dir='ltr'><strong>rel‘utans,</strong></span> <span class='ocrx_word' id='word_1_15' title='bbox 1555 474 1771 529; x_wconf 79' lang='lat' dir='ltr'><strong>tandem</strong></span> <span class='ocrx_word' id='word_1_16' title='bbox 1798 481 1847 536; x_wconf 74' lang='grc' dir='ltr'><strong>Α</strong></span> <span class='ocrx_word' id='word_1_17' title='bbox 1875 466 2216 547; x_wconf 72' lang='lat' dir='ltr'><strong>perduxisset,</strong></span> <span class='ocrx_word' id='word_1_18' title='bbox 2241 486 2388 529; x_wconf 85' lang='lat' dir='ltr'><strong>omne</strong></span> <span class='ocrx_word' id='word_1_19' title='bbox 2414 474 2513 527; x_wconf 84' lang='lat' dir='ltr'><strong>tuis</strong></span> <span class='ocrx_word' id='word_1_20' title='bbox 2544 472 2771 541; x_wconf 68' lang='lat' dir='ltr'><strong>auribus,</strong></span> <span class='ocrx_word' id='word_1_21' title='bbox 2797 466 2933 548; x_wconf 73' lang='lat' dir='ltr'><strong>quod</strong></span> <span class='ocrx_word' id='word_1_22' title='bbox 2958 479 3126 533; x_wconf 82' lang='lat' dir='ltr'><strong>tle&#39;me</strong></span> <span class='ocrx_word' id='word_1_23' title='bbox 3146 466 3469 555; x_wconf 63' lang='lat' dir='ltr'><strong>displicebat,</strong></span> 
     </span>
    </p>
   </div>
   <div class='ocr_carea' id='block_1_5' title="bbox 199 561 1771 643">
    <p class='ocr_par' dir='ltr' id='par_1_5' title="bbox 199 561 1771 643">
     <span class='ocr_line' id='line_1_5' title="bbox 199 561 1771 643; baseline -0.014 -7"><span class='ocrx_word' id='word_1_24' title='bbox 199 584 492 636; x_wconf 75' lang='lat' dir='ltr'><strong>commotus</strong></span> <span class='ocrx_word' id='word_1_25' title='bbox 522 574 589 627; x_wconf 88' lang='lat' dir='ltr'><strong>ad</strong></span> <span class='ocrx_word' id='word_1_26' title='bbox 619 573 734 643; x_wconf 83' lang='lat' dir='ltr'><strong>ejus</strong></span> <span class='ocrx_word' id='word_1_27' title='bbox 775 568 1224 640; x_wconf 60' lang='lat' dir='ltr'><strong>praedicationem,</strong></span> <span class='ocrx_word' id='word_1_28' title='bbox 1273 578 1565 621; x_wconf 81' lang='lat' dir='ltr'><strong>conversus</strong></span> <span class='ocrx_word' id='word_1_29' title='bbox 1594 571 1677 617; x_wconf 89' lang='lat' dir='ltr'><strong>est</strong></span> <span class='ocrx_word' id='word_1_30' title='bbox 1705 561 1771 615; x_wconf 88' lang='lat' dir='ltr'><strong>ad</strong></span> 
     </span>
    </p>
   </div>
   <div class='ocr_carea' id='block_1_6' title="bbox 197 652 1767 739">
    <p class='ocr_par' dir='ltr' id='par_1_6' title="bbox 197 652 1767 739">
     <span class='ocr_line' id='line_1_6' title="bbox 197 652 1767 739; baseline -0.011 -12"><span class='ocrx_word' id='word_1_31' title='bbox 197 662 359 739; x_wconf 80' lang='lat' dir='ltr'><strong>legem</strong></span> <span class='ocrx_word' id='word_1_32' title='bbox 390 665 727 736; x_wconf 74' lang='lat' dir='ltr'><strong>catholicam.</strong></span> <span class='ocrx_word' id='word_1_33' title='bbox 750 660 1025 732; x_wconf 79' lang='lat' dir='ltr'><strong>‘Explicari</strong></span> <span class='ocrx_word' id='word_1_34' title='bbox 1056 668 1236 713; x_wconf 90' lang='lat' dir='ltr'><strong>tamen</strong></span> <span class='ocrx_word' id='word_1_35' title='bbox 1278 652 1392 712; x_wconf 62' lang='lat' dir='ltr'><strong>hinc</strong></span> <span class='ocrx_word' id='word_1_36' title='bbox 1420 657 1491 710; x_wconf 86' lang='lat' dir='ltr'><strong>ita</strong></span> <span class='ocrx_word' id='word_1_37' title='bbox 1524 665 1767 725; x_wconf 88' lang='lat' dir='ltr'><strong>possunt,</strong></span> 
     </span>
    </p>
   </div>
   <div class='ocr_carea' id='block_1_7' title="bbox 182 748 1772 831">
    <p class='ocr_par' dir='ltr' id='par_1_7' title="bbox 182 748 1772 831">
     <span class='ocr_line' id='line_1_7' title="bbox 182 748 1772 831; baseline -0.011 -13"><span class='ocrx_word' id='word_1_38' title='bbox 182 774 247 818; x_wconf 84' lang='lat' dir='ltr'><strong>‘ut</strong></span> <span class='ocrx_word' id='word_1_39' title='bbox 282 759 534 831; x_wconf 77' lang='lat' dir='ltr'><strong>[agundis</strong></span> <span class='ocrx_word' id='word_1_40' title='bbox 571 755 938 828; x_wconf 79' lang='lat' dir='ltr'><strong>praedicationi</strong></span> <span class='ocrx_word' id='word_1_41' title='bbox 987 752 1197 807; x_wconf 90' lang='lat' dir='ltr'><strong>doctior</strong></span> <span class='ocrx_word' id='word_1_42' title='bbox 1248 750 1352 804; x_wconf 91' lang='lat' dir='ltr'><strong>alia</strong></span> <span class='ocrx_word' id='word_1_43' title='bbox 1397 748 1671 819; x_wconf 83' lang='lat' dir='ltr'><strong>persuasio</strong></span> <span class='ocrx_word' id='word_1_44' title='bbox 1717 755 1772 802; x_wconf 88' lang='lat' dir='ltr'><strong>et</strong></span> 
     </span>
    </p>
   </div>
   <div class='ocr_carea' id='block_1_8' title="bbox 186 838 1771 912">
    <p class='ocr_par' dir='ltr' id='par_1_8' title="bbox 186 838 1771 912">
     <span class='ocr_line' id='line_1_8' title="bbox 186 838 1771 912; baseline -0.009 -4"><span class='ocrx_word' id='word_1_45' title='bbox 186 853 424 910; x_wconf 76' lang='lat' dir='ltr'><strong>hortatio</strong></span> <span class='ocrx_word' id='word_1_46' title='bbox 475 846 704 904; x_wconf 77' lang='lat' dir='ltr'><strong>Leandri</strong></span> <span class='ocrx_word' id='word_1_47' title='bbox 749 845 1071 912; x_wconf 87' lang='lat' dir='ltr'><strong>accesserit,</strong></span> <span class='ocrx_word' id='word_1_48' title='bbox 1117 850 1179 898; x_wconf 89' lang='lat' dir='ltr'><strong>ut</strong></span> <span class='ocrx_word' id='word_1_49' title='bbox 1221 842 1346 896; x_wconf 90' lang='lat' dir='ltr'><strong>huic</strong></span> <span class='ocrx_word' id='word_1_50' title='bbox 1391 841 1670 910; x_wconf 64' lang='lat' dir='ltr'><strong>praecipuae</strong></span> <span class='ocrx_word' id='word_1_51' title='bbox 1708 838 1771 894; x_wconf 80' lang='lat' dir='ltr'><strong>in</strong></span> 
     </span>
    </p>
   </div>
   <div class='ocr_carea' id='block_1_9' title="bbox 190 930 1772 1011">
    <p class='ocr_par' dir='ltr' id='par_1_9' title="bbox 190 930 1772 1011">
     <span class='ocr_line' id='line_1_9' title="bbox 190 930 1772 1011; baseline -0.01 -11"><span class='ocrx_word' id='word_1_52' title='bbox 190 936 582 1011; x_wconf 38' lang='lat' dir='ltr'><strong>l‘lermenegildi</strong></span> <span class='ocrx_word' id='word_1_53' title='bbox 610 939 962 995; x_wconf 83' lang='lat' dir='ltr'><strong>conversione</strong></span> <span class='ocrx_word' id='word_1_54' title='bbox 991 944 1174 1007; x_wconf 88' lang='lat' dir='ltr'><strong>partes</strong></span> <span class='ocrx_word' id='word_1_55' title='bbox 1206 932 1541 988; x_wconf 86' lang='lat' dir='ltr'><strong>ascribantur</strong></span> <span class='ocrx_word' id='word_1_56' title='bbox 1571 949 1585 985; x_wconf 89' lang='lat'><strong>:</strong></span> <span class='ocrx_word' id='word_1_57' title='bbox 1626 930 1772 999; x_wconf 83' lang='lat' dir='ltr'><strong>quod</strong></span> 
     </span>
    </p>
   </div>
   <div class='ocr_carea' id='block_1_10' title="bbox 191 1023 1838 1103">
    <p class='ocr_par' dir='ltr' id='par_1_10' title="bbox 191 1023 1838 1103">
     <span class='ocr_line' id='line_1_10' title="bbox 191 1023 1838 1103; baseline -0.01 -13"><span class='ocrx_word' id='word_1_58' title='bbox 191 1036 443 1103; x_wconf 77' lang='lat' dir='ltr'><strong>Gregorio</strong></span> <span class='ocrx_word' id='word_1_59' title='bbox 472 1023 685 1103; x_wconf 79' lang='lat' dir='ltr'><strong>Magno,</strong></span> <span class='ocrx_word' id='word_1_60' title='bbox 714 1024 943 1087; x_wconf 81' lang='lat' dir='ltr'><strong>Leandri</strong></span> <span class='ocrx_word' id='word_1_61' title='bbox 980 1028 1327 1090; x_wconf 88' lang='lat' dir='ltr'><strong>amicissimo,</strong></span> <span class='ocrx_word' id='word_1_62' title='bbox 1367 1030 1771 1079; x_wconf 66' lang='lat' dir='ltr'><strong>asserentt‘om-</strong></span> <span class='ocrx_word' id='word_1_63' title='bbox 1818 1066 1838 1090; x_wconf 77' lang='grc'><strong>,</strong></span> 
     </span>
    </p>
   </div>
   <div class='ocr_carea' id='block_1_11' title="bbox 189 1112 1771 1189">
    <p class='ocr_par' dir='ltr' id='par_1_11' title="bbox 189 1112 1771 1189">
     <span class='ocr_line' id='line_1_11' title="bbox 189 1112 1771 1189; baseline -0.01 -6"><span class='ocrx_word' id='word_1_64' title='bbox 189 1132 311 1183; x_wconf 83' lang='grc' dir='ltr'>ιιὶιιο</span> <span class='ocrx_word' id='word_1_65' title='bbox 335 1124 664 1183; x_wconf 85' lang='lat' dir='ltr'><strong>credendum</strong></span> <span class='ocrx_word' id='word_1_66' title='bbox 696 1130 796 1178; x_wconf 89' lang='lat' dir='ltr'><strong>est.</strong></span> <span class='ocrx_word' id='word_1_67' title='bbox 842 1119 982 1177; x_wconf 83' lang='lat' dir='ltr'><strong>Urbs</strong></span> <span class='ocrx_word' id='word_1_68' title='bbox 1007 1134 1165 1189; x_wconf 86' lang='lat' dir='ltr'><strong>quam</strong></span> <span class='ocrx_word' id='word_1_69' title='bbox 1202 1112 1613 1184; x_wconf 83' lang='lat' dir='ltr'><strong>Hermenegildo</strong></span> <span class='ocrx_word' id='word_1_70' title='bbox 1640 1126 1771 1169; x_wconf 89' lang='lat' dir='ltr'><strong>con-</strong></span> 
     </span>
    </p>
   </div>
   <div class='ocr_carea' id='block_1_12' title="bbox 188 1207 1771 1284">
    <p class='ocr_par' dir='ltr' id='par_1_12' title="bbox 188 1207 1771 1284">
     <span class='ocr_line' id='line_1_12' title="bbox 188 1207 1771 1284; baseline -0.01 -6"><span class='ocrx_word' id='word_1_71' title='bbox 188 1233 386 1279; x_wconf 86' lang='lat' dir='ltr'><strong>cessam</strong></span> <span class='ocrx_word' id='word_1_72' title='bbox 430 1217 755 1276; x_wconf 83' lang='lat' dir='ltr'><strong>Turonensis</strong></span> <span class='ocrx_word' id='word_1_73' title='bbox 786 1218 883 1284; x_wconf 91' lang='lat' dir='ltr'><strong>ait,</strong></span> <span class='ocrx_word' id='word_1_74' title='bbox 920 1215 1147 1270; x_wconf 82' lang='lat' dir='ltr'><strong>fortasse</strong></span> <span class='ocrx_word' id='word_1_75' title='bbox 1181 1220 1263 1267; x_wconf 89' lang='lat' dir='ltr'><strong>est</strong></span> <span class='ocrx_word' id='word_1_76' title='bbox 1300 1208 1553 1279; x_wconf 79' lang='lat' dir='ltr'><strong>Hispalis,</strong></span> <span class='ocrx_word' id='word_1_77' title='bbox 1581 1214 1685 1277; x_wconf 72' lang='lat' dir='ltr'><strong>Qua</strong></span> <span class='ocrx_word' id='word_1_78' title='bbox 1714 1207 1771 1263; x_wconf 87' lang='lat' dir='ltr'><strong>in</strong></span> 
     </span>
    </p>
   </div>
   <div class='ocr_carea' id='block_1_13' title="bbox 187 1294 1771 1389">
    <p class='ocr_par' dir='ltr' id='par_1_13' title="bbox 187 1294 1771 1389">
     <span class='ocr_line' id='line_1_13' title="bbox 187 1294 1771 1389; baseline -0.01 -19"><span class='ocrx_word' id='word_1_79' title='bbox 187 1314 312 1370; x_wconf 88' lang='lat' dir='ltr'><strong>urbe</strong></span> <span class='ocrx_word' id='word_1_80' title='bbox 360 1314 648 1389; x_wconf 86' lang='lat' dir='ltr'><strong>episcopus</strong></span> <span class='ocrx_word' id='word_1_81' title='bbox 696 1319 813 1366; x_wconf 88' lang='lat' dir='ltr'><strong>erat</strong></span> <span class='ocrx_word' id='word_1_82' title='bbox 868 1298 1129 1364; x_wconf 77' lang='lat' dir='ltr'><strong>Leander.</strong></span> <span class='ocrx_word' id='word_1_83' title='bbox 1182 1304 1464 1359; x_wconf 86' lang='lat' dir='ltr'><strong>&#39;Florezius</strong></span> <span class='ocrx_word' id='word_1_84' title='bbox 1506 1310 1653 1357; x_wconf 85' lang='lat' dir='ltr'><strong>tum.</strong></span> <span class='ocrx_word' id='word_1_85' title='bbox 1692 1294 1771 1355; x_wconf 72' lang='lat' dir='ltr'><strong>IX</strong></span> 
     </span>
    </p>
   </div>
   <div class='ocr_carea' id='block_1_14' title="bbox 184 1392 1769 1476">
    <p class='ocr_par' dir='ltr' id='par_1_14' title="bbox 184 1392 1769 1476">
     <span class='ocr_line' id='line_1_14' title="bbox 184 1392 1769 1476; baseline -0.009 -14"><span class='ocrx_word' id='word_1_86' title='bbox 184 1405 328 1476; x_wconf 80' lang='lat' dir='ltr'><strong>Hisp.</strong></span> <span class='ocrx_word' id='word_1_87' title='bbox 380 1416 559 1473; x_wconf 43' lang='lat' dir='ltr'><strong>Sacr“,</strong></span> <span class='ocrx_word' id='word_1_88' title='bbox 606 1419 662 1475; x_wconf 92' lang='lat' dir='ltr'><strong>p.</strong></span> <span class='ocrx_word' id='word_1_89' title='bbox 703 1401 824 1469; x_wconf 76' lang='grc'><strong>162,</strong></span> <span class='ocrx_word' id='word_1_90' title='bbox 879 1392 1347 1469; x_wconf 83' lang='lat' dir='ltr'><strong>Hermenegildum</strong></span> <span class='ocrx_word' id='word_1_91' title='bbox 1395 1396 1580 1452; x_wconf 84' lang='lat' dir='ltr'><strong>sedem</strong></span> <span class='ocrx_word' id='word_1_92' title='bbox 1616 1408 1769 1451; x_wconf 88' lang='lat' dir='ltr'><strong>suam</strong></span> 
     </span>
    </p>
   </div>
   <div class='ocr_carea' id='block_1_15' title="bbox 183 1485 1171 1567">
    <p class='ocr_par' dir='ltr' id='par_1_15' title="bbox 183 1485 1171 1567">
     <span class='ocr_line' id='line_1_15' title="bbox 183 1485 1171 1567; baseline -0.007 -14"><span class='ocrx_word' id='word_1_93' title='bbox 183 1485 385 1567; x_wconf 75' lang='lat' dir='ltr'><strong>Hispali</strong></span> <span class='ocrx_word' id='word_1_94' title='bbox 414 1497 592 1553; x_wconf 76' lang='lat' dir='ltr'><strong>ﬁxisse</strong></span> <span class='ocrx_word' id='word_1_95' title='bbox 622 1508 763 1550; x_wconf 89' lang='lat' dir='ltr'><strong>anno</strong></span> <span class='ocrx_word' id='word_1_96' title='bbox 782 1493 899 1549; x_wconf 86' lang='lat'><strong>579</strong></span> <span class='ocrx_word' id='word_1_97' title='bbox 925 1491 1171 1547; x_wconf 81' lang='lat' dir='ltr'><strong>amrmat.</strong></span> 
     </span>
    </p>
   </div>
   <div class='ocr_carea' id='block_1_16' title="bbox 252 1579 1768 1659">
    <p class='ocr_par' dir='ltr' id='par_1_16' title="bbox 252 1579 1768 1659">
     <span class='ocr_line' id='line_1_16' title="bbox 252 1579 1768 1659; baseline -0.005 -16"><span class='ocrx_word' id='word_1_98' title='bbox 252 1591 335 1644; x_wconf 75' lang='grc'><strong>14.</strong></span> <span class='ocrx_word' id='word_1_99' title='bbox 381 1586 461 1657; x_wconf 86' lang='lat' dir='ltr'><strong>De</strong></span> <span class='ocrx_word' id='word_1_100' title='bbox 489 1598 733 1659; x_wconf 91' lang='lat' dir='ltr'><strong>tempore</strong></span> <span class='ocrx_word' id='word_1_101' title='bbox 760 1598 938 1641; x_wconf 86' lang='lat' dir='ltr'><strong>autem</strong></span> <span class='ocrx_word' id='word_1_102' title='bbox 967 1600 1073 1656; x_wconf 90' lang='lat' dir='ltr'><strong>quo</strong></span> <span class='ocrx_word' id='word_1_103' title='bbox 1098 1585 1211 1639; x_wconf 71' lang='lat' dir='ltr'><strong>haec</strong></span> <span class='ocrx_word' id='word_1_104' title='bbox 1239 1582 1551 1647; x_wconf 85' lang='lat' dir='ltr'><strong>acciderint,</strong></span> <span class='ocrx_word' id='word_1_105' title='bbox 1581 1579 1768 1636; x_wconf 82' lang='lat' dir='ltr'><strong>confe-</strong></span> 
     </span>
    </p>
   </div>
   <div class='ocr_carea' id='block_1_17' title="bbox 181 1671 1769 1749">
    <p class='ocr_par' dir='ltr' id='par_1_17' title="bbox 181 1671 1769 1749">
     <span class='ocr_line' id='line_1_17' title="bbox 181 1671 1769 1749; baseline -0.006 -13"><span class='ocrx_word' id='word_1_106' title='bbox 181 1682 375 1749; x_wconf 74' lang='lat' dir='ltr'><strong>rendas</strong></span> <span class='ocrx_word' id='word_1_107' title='bbox 405 1689 487 1736; x_wconf 91' lang='lat' dir='ltr'><strong>est</strong></span> <span class='ocrx_word' id='word_1_108' title='bbox 531 1679 785 1743; x_wconf 84' lang='lat' dir='ltr'><strong>Isidorus,</strong></span> <span class='ocrx_word' id='word_1_109' title='bbox 815 1678 905 1747; x_wconf 91' lang='lat' dir='ltr'><strong>qui</strong></span> <span class='ocrx_word' id='word_1_110' title='bbox 950 1677 1002 1731; x_wconf 89' lang='lat' dir='ltr'><strong>in</strong></span> <span class='ocrx_word' id='word_1_111' title='bbox 1051 1675 1318 1730; x_wconf 89' lang='lat' dir='ltr'><strong>Chronico</strong></span> <span class='ocrx_word' id='word_1_112' title='bbox 1345 1673 1414 1727; x_wconf 91' lang='lat' dir='ltr'><strong>ad</strong></span> <span class='ocrx_word' id='word_1_113' title='bbox 1462 1686 1659 1727; x_wconf 86' lang='lat' dir='ltr'><strong>annum</strong></span> <span class='ocrx_word' id='word_1_114' title='bbox 1702 1671 1769 1726; x_wconf 84' lang='lat' dir='ltr'><strong>ab</strong></span> 
     </span>
    </p>
   </div>
   <div class='ocr_carea' id='block_1_18' title="bbox 182 1766 1765 1838">
    <p class='ocr_par' dir='ltr' id='par_1_18' title="bbox 182 1766 1765 1838">
     <span class='ocr_line' id='line_1_18' title="bbox 182 1766 1765 1838; baseline -0.005 -11"><span class='ocrx_word' id='word_1_115' title='bbox 182 1773 305 1828; x_wconf 87' lang='lat' dir='ltr'><strong>orbe</strong></span> <span class='ocrx_word' id='word_1_116' title='bbox 345 1772 573 1833; x_wconf 86' lang='lat' dir='ltr'><strong>condito</strong></span> <span class='ocrx_word' id='word_1_117' title='bbox 618 1769 778 1837; x_wconf 80' lang='grc'><strong>5780,</strong></span> <span class='ocrx_word' id='word_1_118' title='bbox 820 1771 935 1837; x_wconf 83' lang='lat' dir='ltr'><strong>ait:</strong></span> <span class='ocrx_word' id='word_1_119' title='bbox 980 1766 1210 1822; x_wconf 81' lang='lat' dir='ltr'><strong>Tiberius</strong></span> <span class='ocrx_word' id='word_1_120' title='bbox 1257 1774 1437 1838; x_wconf 86' lang='lat' dir='ltr'><strong>regnat</strong></span> <span class='ocrx_word' id='word_1_121' title='bbox 1486 1766 1637 1819; x_wconf 87' lang='lat' dir='ltr'><strong>annis</strong></span> <span class='ocrx_word' id='word_1_122' title='bbox 1666 1780 1765 1820; x_wconf 85' lang='lat' dir='ltr'><strong>vn.</strong></span> 
     </span>
    </p>
   </div>
   <div class='ocr_carea' id='block_1_19' title="bbox 1877 564 3470 639">
    <p class='ocr_par' dir='ltr' id='par_1_19' title="bbox 1877 564 3470 639">
     <span class='ocr_line' id='line_1_19' title="bbox 1877 564 3470 639; baseline 0.008 -22"><span class='ocrx_word' id='word_1_123' title='bbox 1877 566 2109 634; x_wconf 72' lang='lat' dir='ltr'><strong>exposui.</strong></span> <span class='ocrx_word' id='word_1_124' title='bbox 2150 565 2197 618; x_wconf 75' lang='grc' dir='ltr'><strong>Α</strong></span> <span class='ocrx_word' id='word_1_125' title='bbox 2223 580 2329 635; x_wconf 95' lang='lat' dir='ltr'><strong>quo</strong></span> <span class='ocrx_word' id='word_1_126' title='bbox 2357 573 2534 619; x_wconf 86' lang='lat' dir='ltr'><strong>autem</strong></span> <span class='ocrx_word' id='word_1_127' title='bbox 2563 565 2667 633; x_wconf 88' lang='lat' dir='ltr'><strong>alio</strong></span> <span class='ocrx_word' id='word_1_128' title='bbox 2695 578 2818 633; x_wconf 61' lang='lat' dir='ltr'><strong>rege</strong></span> <span class='ocrx_word' id='word_1_129' title='bbox 2848 580 2944 636; x_wconf 88' lang='lat' dir='ltr'><strong>pro</strong></span> <span class='ocrx_word' id='word_1_130' title='bbox 2976 570 3151 624; x_wconf 82' lang='lat' dir='ltr'><strong>causis</strong></span> <span class='ocrx_word' id='word_1_131' title='bbox 3181 564 3298 639; x_wconf 72' lang='lat' dir='ltr'><strong>ﬂuet</strong></span> <span class='ocrx_word' id='word_1_132' title='bbox 3330 574 3470 630; x_wconf 89' lang='lat' dir='ltr'><strong>mitti</strong></span> 
     </span>
    </p>
   </div>
   <div class='ocr_carea' id='block_1_20' title="bbox 1877 646 3465 733">
    <p class='ocr_par' dir='ltr' id='par_1_20' title="bbox 1877 646 3465 733">
     <span class='ocr_line' id='line_1_20' title="bbox 1877 646 3465 733; baseline 0.008 -25"><span class='ocrx_word' id='word_1_133' title='bbox 1877 657 2055 725; x_wconf 87' lang='lat' dir='ltr'><strong>potuit</strong></span> <span class='ocrx_word' id='word_1_134' title='bbox 2103 655 2369 721; x_wconf 87' lang='lat' dir='ltr'><strong>Leander,</strong></span> <span class='ocrx_word' id='word_1_135' title='bbox 2430 654 2529 712; x_wconf 86' lang='lat' dir='ltr'><strong>nisi</strong></span> <span class='ocrx_word' id='word_1_136' title='bbox 2578 646 2645 711; x_wconf 84' lang='lat' dir='ltr'><strong>ab</strong></span> <span class='ocrx_word' id='word_1_137' title='bbox 2694 651 3152 731; x_wconf 74' lang='lat' dir='ltr'><strong>Hermenegildo?</strong></span> <span class='ocrx_word' id='word_1_138' title='bbox 3196 664 3465 733; x_wconf 72' lang='lat' dir='ltr'><strong>Auxilimn</strong></span> 
     </span>
    </p>
   </div>
   <div class='ocr_carea' id='block_1_21' title="bbox 1878 739 3473 823">
    <p class='ocr_par' dir='ltr' id='par_1_21' title="bbox 1878 739 3473 823">
     <span class='ocr_line' id='line_1_21' title="bbox 1878 739 3473 823; baseline 0.009 -21"><span class='ocrx_word' id='word_1_139' title='bbox 1878 746 2019 802; x_wconf 88' lang='lat' dir='ltr'><strong>enim</strong></span> <span class='ocrx_word' id='word_1_140' title='bbox 2074 744 2412 818; x_wconf 80' lang='lat' dir='ltr'><strong>imperatoris</strong></span> <span class='ocrx_word' id='word_1_141' title='bbox 2452 739 2904 818; x_wconf 72' lang='lat' dir='ltr'><strong>Hermehegildus</strong></span> <span class='ocrx_word' id='word_1_142' title='bbox 2948 746 3045 823; x_wconf 78' lang='lat' dir='ltr'><strong>pro</strong></span> <span class='ocrx_word' id='word_1_143' title='bbox 3080 741 3473 819; x_wconf 71' lang='lat' dir='ltr'><strong>catholicorum</strong></span> 
     </span>
    </p>
   </div>
   <div class='ocr_carea' id='block_1_22' title="bbox 1876 828 3475 921">
    <p class='ocr_par' dir='ltr' id='par_1_22' title="bbox 1876 828 3475 921">
     <span class='ocr_line' id='line_1_22' title="bbox 1876 828 3475 921; baseline 0.007 -28"><span class='ocrx_word' id='word_1_144' title='bbox 1876 830 2039 893; x_wconf 81' lang='lat' dir='ltr'><strong>causa</strong></span> <span class='ocrx_word' id='word_1_145' title='bbox 2082 847 2267 894; x_wconf 85' lang='lat' dir='ltr'><strong>contra</strong></span> <span class='ocrx_word' id='word_1_146' title='bbox 2310 840 2536 895; x_wconf 70' lang='lat' dir='ltr'><strong>Ari‘anos</strong></span> <span class='ocrx_word' id='word_1_147' title='bbox 2576 832 2891 912; x_wconf 75' lang='lat' dir='ltr'><strong>expetebat,</strong></span> <span class='ocrx_word' id='word_1_148' title='bbox 2926 828 3335 920; x_wconf 67' lang='lat' dir='ltr'><strong>Leaniirmniiue</strong></span> <span class='ocrx_word' id='word_1_149' title='bbox 3378 849 3475 921; x_wconf 78' lang='lat' dir='ltr'><strong>de-</strong></span> 
     </span>
    </p>
   </div>
   <div class='ocr_carea' id='block_1_23' title="bbox 1876 922 3472 1015">
    <p class='ocr_par' dir='ltr' id='par_1_23' title="bbox 1876 922 3472 1015">
     <span class='ocr_line' id='line_1_23' title="bbox 1876 922 3472 1015; baseline 0.008 -34"><span class='ocrx_word' id='word_1_150' title='bbox 1876 928 2037 1015; x_wconf 77' lang='lat' dir='ltr'><strong>legit,</strong></span> <span class='ocrx_word' id='word_1_151' title='bbox 2089 938 2249 1015; x_wconf 77' lang='lat' dir='ltr'><strong>quem</strong></span> <span class='ocrx_word' id='word_1_152' title='bbox 2297 930 2397 984; x_wconf 82' lang='lat' dir='ltr'><strong>hac</strong></span> <span class='ocrx_word' id='word_1_153' title='bbox 2441 930 2509 985; x_wconf 87' lang='lat' dir='ltr'><strong>de</strong></span> <span class='ocrx_word' id='word_1_154' title='bbox 2555 942 2615 986; x_wconf 85' lang='lat' dir='ltr'><strong>re</strong></span> <span class='ocrx_word' id='word_1_155' title='bbox 2659 931 2894 1011; x_wconf 78' lang='lat' dir='ltr'><strong>legatum</strong></span> <span class='ocrx_word' id='word_1_156' title='bbox 2946 922 3472 1015; x_wconf 65' lang='lat' dir='ltr'><strong>consumitiepoﬁm</strong></span> 
     </span>
    </p>
   </div>
   <div class='ocr_carea' id='block_1_24' title="bbox 1863 1006 3475 1095">
    <p class='ocr_par' dir='ltr' id='par_1_24' title="bbox 1863 1006 3475 1095">
     <span class='ocr_line' id='line_1_24' title="bbox 1863 1006 3475 1095; baseline 0.006 -23"><span class='ocrx_word' id='word_1_157' title='bbox 1863 1012 2135 1074; x_wconf 72' lang='lat' dir='ltr'><strong>&#39;tnltteret.</strong></span> <span class='ocrx_word' id='word_1_158' title='bbox 2164 1006 2450 1075; x_wconf 71' lang='lat' dir='ltr'><strong>&#39;Fl‘orezitts</strong></span> <span class='ocrx_word' id='word_1_159' title='bbox 2468 1028 2603 1076; x_wconf 79' lang='lat' dir='ltr'><strong>tom.</strong></span> <span class='ocrx_word' id='word_1_160' title='bbox 2635 1008 2726 1089; x_wconf 66' lang='grc' dir='ltr'>ιχ,</span> <span class='ocrx_word' id='word_1_161' title='bbox 2757 1038 2811 1093; x_wconf 81' lang='grc' dir='ltr'>ι).</span> <span class='ocrx_word' id='word_1_162' title='bbox 2842 1016 2965 1090; x_wconf 77' lang='lat' dir='ltr'><strong>ise,</strong></span> <span class='ocrx_word' id='word_1_163' title='bbox 2986 1006 3475 1095; x_wconf 71' lang='lat' dir='ltr'><strong>‘Bdllandiaherum</strong></span> 
     </span>
    </p>
   </div>
   <div class='ocr_carea' id='block_1_25' title="bbox 1878 1102 3479 1187">
    <p class='ocr_par' dir='ltr' id='par_1_25' title="bbox 1878 1102 3479 1187">
     <span class='ocr_line' id='line_1_25' title="bbox 1878 1102 3479 1187; baseline 0.006 -23"><span class='ocrx_word' id='word_1_164' title='bbox 1878 1110 2187 1180; x_wconf 89' lang='lat' dir='ltr'><strong>opinionem</strong></span> <span class='ocrx_word' id='word_1_165' title='bbox 2215 1110 2411 1179; x_wconf 89' lang='lat' dir='ltr'><strong>rejicit,</strong></span> <span class='ocrx_word' id='word_1_166' title='bbox 2436 1112 2529 1181; x_wconf 87' lang='lat' dir='ltr'><strong>qui</strong></span> <span class='ocrx_word' id='word_1_167' title='bbox 2557 1120 2778 1168; x_wconf 87' lang='lat' dir='ltr'><strong>censent</strong></span> <span class='ocrx_word' id='word_1_168' title='bbox 2798 1104 3098 1169; x_wconf 75' lang='lat' dir='ltr'><strong>Leandrum</strong></span> <span class='ocrx_word' id='word_1_169' title='bbox 3132 1112 3276 1187; x_wconf 73' lang='lat' dir='ltr'><strong>prius</strong></span> <span class='ocrx_word' id='word_1_170' title='bbox 3296 1102 3479 1174; x_wconf 66' lang='lat' dir='ltr'><strong>Cons-</strong></span> 
     </span>
    </p>
   </div>
   <div class='ocr_carea' id='block_1_26' title="bbox 1876 1192 3479 1272">
    <p class='ocr_par' dir='ltr' id='par_1_26' title="bbox 1876 1192 3479 1272">
     <span class='ocr_line' id='line_1_26' title="bbox 1876 1192 3479 1272; baseline 0.006 -17"><span class='ocrx_word' id='word_1_171' title='bbox 1876 1196 2255 1271; x_wconf 79' lang='lat' dir='ltr'><strong>tantinopolim</strong></span> <span class='ocrx_word' id='word_1_172' title='bbox 2294 1199 2489 1256; x_wconf 81' lang='lat' dir='ltr'><strong>adiisse</strong></span> <span class='ocrx_word' id='word_1_173' title='bbox 2519 1214 2681 1271; x_wconf 88' lang='lat' dir='ltr'><strong>quam</strong></span> <span class='ocrx_word' id='word_1_174' title='bbox 2718 1192 3346 1272; x_wconf 67' lang='lat' dir='ltr'><strong>Hermeuegildusﬂdem</strong></span> <span class='ocrx_word' id='word_1_175' title='bbox 3384 1223 3479 1264; x_wconf 85' lang='lat' dir='ltr'><strong>ca-</strong></span> 
     </span>
    </p>
   </div>
   <div class='ocr_carea' id='block_1_27' title="bbox 1878 1274 3476 1373">
    <p class='ocr_par' dir='ltr' id='par_1_27' title="bbox 1878 1274 3476 1373">
     <span class='ocr_line' id='line_1_27' title="bbox 1878 1274 3476 1373; baseline 0.005 -27"><span class='ocrx_word' id='word_1_176' title='bbox 1878 1284 2138 1347; x_wconf 78' lang='lat' dir='ltr'><strong>tholiCam</strong></span> <span class='ocrx_word' id='word_1_177' title='bbox 2180 1290 2627 1373; x_wconf 81' lang='lat' dir='ltr'><strong>amplecteretur,</strong></span> <span class='ocrx_word' id='word_1_178' title='bbox 2659 1294 2759 1348; x_wconf 80' lang='lat' dir='ltr'><strong>hac</strong></span> <span class='ocrx_word' id='word_1_179' title='bbox 2786 1290 3018 1363; x_wconf 70' lang='lat' dir='ltr'><strong>permoti</strong></span> <span class='ocrx_word' id='word_1_180' title='bbox 3045 1274 3476 1371; x_wconf 36' lang='lat' dir='ltr'><strong>«sacriﬁcanti</strong></span> 
     </span>
    </p>
   </div>
   <div class='ocr_carea' id='block_1_28' title="bbox 1858 1379 3478 1456">
    <p class='ocr_par' dir='ltr' id='par_1_28' title="bbox 1858 1379 3478 1456">
     <span class='ocr_line' id='line_1_28' title="bbox 1858 1379 3478 1456; baseline 0.004 -18"><span class='ocrx_word' id='word_1_181' title='bbox 1858 1379 2168 1453; x_wconf 77' lang='lat' dir='ltr'><strong>Gregorius</strong></span> <span class='ocrx_word' id='word_1_182' title='bbox 2198 1381 2420 1453; x_wconf 82' lang='lat' dir='ltr'><strong>Magnus</strong></span> <span class='ocrx_word' id='word_1_183' title='bbox 2446 1383 2489 1436; x_wconf 48' lang='lat' dir='ltr'><strong>&#39;l.</strong></span> <span class='ocrx_word' id='word_1_184' title='bbox 2522 1398 2581 1439; x_wconf 87' lang='grc' dir='ltr'><strong>ιιι</strong></span> <span class='ocrx_word' id='word_1_185' title='bbox 2606 1381 2811 1454; x_wconf 79' lang='lat' dir='ltr'><strong>Dialbg.</strong></span> <span class='ocrx_word' id='word_1_186' title='bbox 2839 1426 2855 1451; x_wconf 94' lang='lat'><strong>,</strong></span> <span class='ocrx_word' id='word_1_187' title='bbox 2888 1396 3007 1456; x_wconf 86' lang='lat' dir='ltr'><strong>cap.</strong></span> <span class='ocrx_word' id='word_1_188' title='bbox 3032 1380 3131 1452; x_wconf 66' lang='lat'><strong>&#39;31,</strong></span> <span class='ocrx_word' id='word_1_189' title='bbox 3164 1385 3478 1445; x_wconf 69' lang='lat' dir='ltr'><strong>conversio-</strong></span> 
     </span>
    </p>
   </div>
   <div class='ocr_carea' id='block_1_29' title="bbox 1875 1470 3475 1546">
    <p class='ocr_par' dir='ltr' id='par_1_29' title="bbox 1875 1470 3475 1546">
     <span class='ocr_line' id='line_1_29' title="bbox 1875 1470 3475 1546; baseline 0.004 -15"><span class='ocrx_word' id='word_1_190' title='bbox 1875 1492 2000 1545; x_wconf 82' lang='lat' dir='ltr'><strong>nem</strong></span> <span class='ocrx_word' id='word_1_191' title='bbox 2046 1470 2443 1544; x_wconf 80' lang='lat' dir='ltr'><strong>ﬂermenegildi</strong></span> <span class='ocrx_word' id='word_1_192' title='bbox 2475 1488 2638 1546; x_wconf 81' lang='lat' dir='ltr'><strong>nuper</strong></span> <span class='ocrx_word' id='word_1_193' title='bbox 2666 1475 2858 1530; x_wconf 82' lang='lat' dir='ltr'><strong>factam</strong></span> <span class='ocrx_word' id='word_1_194' title='bbox 2899 1476 2994 1541; x_wconf 79' lang='lat' dir='ltr'><strong>ait,</strong></span> <span class='ocrx_word' id='word_1_195' title='bbox 3028 1476 3315 1533; x_wconf 84' lang='lat' dir='ltr'><strong>amicitiam</strong></span> <span class='ocrx_word' id='word_1_196' title='bbox 3354 1478 3384 1534; x_wconf 69' lang='lat' dir='ltr'><strong>‘a</strong></span> <span class='ocrx_word' id='word_1_197' title='bbox 3408 1480 3475 1537; x_wconf 79' lang='lat' dir='ltr'><strong>se</strong></span> 
     </span>
    </p>
   </div>
   <div class='ocr_carea' id='block_1_30' title="bbox 1874 1560 3474 1644">
    <p class='ocr_par' dir='ltr' id='par_1_30' title="bbox 1874 1560 3474 1644">
     <span class='ocr_line' id='line_1_30' title="bbox 1874 1560 3474 1644; baseline 0.003 -15"><span class='ocrx_word' id='word_1_198' title='bbox 1874 1578 1998 1629; x_wconf 90' lang='lat' dir='ltr'><strong>‘cum</strong></span> <span class='ocrx_word' id='word_1_199' title='bbox 2017 1560 2273 1628; x_wconf 84' lang='lat' dir='ltr'><strong>‘Leau&#39;dro</strong></span> <span class='ocrx_word' id='word_1_200' title='bbox 2304 1580 2635 1627; x_wconf 87' lang='lat' dir='ltr'><strong>contraetam</strong></span> <span class='ocrx_word' id='word_1_201' title='bbox 2664 1560 2876 1626; x_wconf 82' lang='lat' dir='ltr'><strong>dudum.</strong></span> <span class='ocrx_word' id='word_1_202' title='bbox 2920 1562 3474 1644; x_wconf 50' lang='lat' dir='ltr'><strong>Reportltﬁoreziue,</strong></span> 
     </span>
    </p>
   </div>
   <div class='ocr_carea' id='block_1_31' title="bbox 1876 1663 3476 1738">
    <p class='ocr_par' dir='ltr' id='par_1_31' title="bbox 1876 1663 3476 1738">
     <span class='ocr_line' id='line_1_31' title="bbox 1876 1663 3476 1738; baseline 0.004 -19"><span class='ocrx_word' id='word_1_203' title='bbox 1876 1680 1984 1720; x_wconf 93' lang='lat' dir='ltr'><strong>non</strong></span> <span class='ocrx_word' id='word_1_204' title='bbox 2025 1665 2263 1738; x_wconf 85' lang='lat' dir='ltr'><strong>potuisse</strong></span> <span class='ocrx_word' id='word_1_205' title='bbox 2290 1663 2593 1719; x_wconf 86' lang='lat' dir='ltr'><strong>Leandrum</strong></span> <span class='ocrx_word' id='word_1_206' title='bbox 2620 1663 2686 1719; x_wconf 87' lang='lat' dir='ltr'><strong>ab</strong></span> <span class='ocrx_word' id='word_1_207' title='bbox 2715 1663 3131 1734; x_wconf 82' lang='lat' dir='ltr'><strong>Hermenegildo</strong></span> <span class='ocrx_word' id='word_1_208' title='bbox 3170 1666 3269 1738; x_wconf 91' lang='lat' dir='ltr'><strong>pro</strong></span> <span class='ocrx_word' id='word_1_209' title='bbox 3298 1668 3476 1726; x_wconf 67' lang='lat' dir='ltr'><strong>cautis</strong></span> 
     </span>
    </p>
   </div>
   <div class='ocr_carea' id='block_1_32' title="bbox 1876 1743 3479 1829">
    <p class='ocr_par' dir='ltr' id='par_1_32' title="bbox 1876 1743 3479 1829">
     <span class='ocr_line' id='line_1_32' title="bbox 1876 1743 3479 1829; baseline 0.005 -20"><span class='ocrx_word' id='word_1_210' title='bbox 1876 1756 1999 1813; x_wconf 83' lang='lat' dir='ltr'><strong>lidei</strong></span> <span class='ocrx_word' id='word_1_211' title='bbox 2060 1756 2583 1827; x_wconf 90' lang='lat' dir='ltr'><strong>Constantinopolim</strong></span> <span class='ocrx_word' id='word_1_212' title='bbox 2643 1757 2803 1821; x_wconf 86' lang='lat' dir='ltr'><strong>mitti,</strong></span> <span class='ocrx_word' id='word_1_213' title='bbox 3032 1746 3289 1828; x_wconf 19' lang='lat' dir='ltr'><strong>‘n’isiijja‘m</strong></span> <span class='ocrx_word' id='word_1_214' title='bbox 3325 1766 3479 1817; x_wconf 81' lang='lat' dir='ltr'><strong>esset</strong></span> 
     </span>
    </p>
   </div>
   <div class='ocr_carea' id='block_1_33' title="bbox 180 1848 3475 1933">
    <p class='ocr_par' dir='ltr' id='par_1_33' title="bbox 180 1848 3475 1933">
     <span class='ocr_line' id='line_1_33' title="bbox 180 1848 3475 1933; baseline -0.003 -16"><span class='ocrx_word' id='word_1_215' title='bbox 180 1860 532 1933; x_wconf 82' lang='lat' dir='ltr'><strong>Langobardi,</strong></span> <span class='ocrx_word' id='word_1_216' title='bbox 579 1860 742 1930; x_wconf 81' lang='lat' dir='ltr'><strong>pulsis</strong></span> <span class='ocrx_word' id='word_1_217' title='bbox 774 1856 1044 1923; x_wconf 77' lang='lat' dir='ltr'><strong>Romanis,</strong></span> <span class='ocrx_word' id='word_1_218' title='bbox 1090 1855 1305 1909; x_wconf 79' lang='lat' dir='ltr'><strong>Italiam</strong></span> <span class='ocrx_word' id='word_1_219' title='bbox 1348 1856 1554 1908; x_wconf 82' lang='lat' dir='ltr'><strong>adeunt.</strong></span> <span class='ocrx_word' id='word_1_220' title='bbox 1614 1854 1769 1909; x_wconf 82' lang='lat' dir='ltr'><strong>Gothi</strong></span> <span class='ocrx_word' id='word_1_221' title='bbox 1801 1872 1850 1932; x_wconf 75' lang='grc' dir='ltr'><strong>Β</strong></span> <span class='ocrx_word' id='word_1_222' title='bbox 1877 1849 2194 1905; x_wconf 86' lang='lat' dir='ltr'><strong>catholicus.</strong></span> <span class='ocrx_word' id='word_1_223' title='bbox 2237 1848 2534 1903; x_wconf 83' lang='lat' dir='ltr'><strong>Probabilis</strong></span> <span class='ocrx_word' id='word_1_224' title='bbox 2560 1848 2776 1919; x_wconf 85' lang='lat' dir='ltr'><strong>quidem</strong></span> <span class='ocrx_word' id='word_1_225' title='bbox 2804 1849 2918 1903; x_wconf 70' lang='lat' dir='ltr'><strong>haec</strong></span> <span class='ocrx_word' id='word_1_226' title='bbox 2943 1849 3208 1916; x_wconf 78' lang='lat' dir='ltr'><strong>est&#39;ratio,</strong></span> <span class='ocrx_word' id='word_1_227' title='bbox 3238 1849 3336 1906; x_wconf 84' lang='lat' dir='ltr'><strong>sed</strong></span> <span class='ocrx_word' id='word_1_228' title='bbox 3363 1866 3475 1908; x_wconf 89' lang='lat' dir='ltr'><strong>non</strong></span> 
     </span>
    </p>
   </div>
   <div class='ocr_carea' id='block_1_34' title="bbox 176 1944 1770 2025">
    <p class='ocr_par' dir='ltr' id='par_1_34' title="bbox 176 1944 1770 2025">
     <span class='ocr_line' id='line_1_34' title="bbox 176 1944 1770 2025; baseline -0.007 -17"><span class='ocrx_word' id='word_1_229' title='bbox 176 1971 265 2025; x_wconf 85' lang='lat' dir='ltr'><strong>per</strong></span> <span class='ocrx_word' id='word_1_230' title='bbox 302 1952 793 2025; x_wconf 81' lang='lat' dir='ltr'><strong>Hermenegildum,</strong></span> <span class='ocrx_word' id='word_1_231' title='bbox 847 1947 1127 2019; x_wconf 78' lang='lat' dir='ltr'><strong>Leovigildi</strong></span> <span class='ocrx_word' id='word_1_232' title='bbox 1174 1949 1307 2017; x_wconf 81' lang='lat' dir='ltr'><strong>regis</strong></span> <span class='ocrx_word' id='word_1_233' title='bbox 1350 1947 1534 2016; x_wconf 84' lang='lat' dir='ltr'><strong>ﬁlium,</strong></span> <span class='ocrx_word' id='word_1_234' title='bbox 1584 1944 1770 2016; x_wconf 77' lang='lat' dir='ltr'><strong>bifaria</strong></span> 
     </span>
    </p>
   </div>
   <div class='ocr_carea' id='block_1_35' title="bbox 180 2034 1770 2112">
    <p class='ocr_par' dir='ltr' id='par_1_35' title="bbox 180 2034 1770 2112">
     <span class='ocr_line' id='line_1_35' title="bbox 180 2034 1770 2112; baseline -0.008 -11"><span class='ocrx_word' id='word_1_235' title='bbox 180 2049 351 2112; x_wconf 82' lang='lat' dir='ltr'><strong>divisi,</strong></span> <span class='ocrx_word' id='word_1_236' title='bbox 396 2055 575 2100; x_wconf 86' lang='lat' dir='ltr'><strong>mutua</strong></span> <span class='ocrx_word' id='word_1_237' title='bbox 622 2044 762 2099; x_wconf 67' lang='lat' dir='ltr'><strong>ccede</strong></span> <span class='ocrx_word' id='word_1_238' title='bbox 806 2051 1093 2096; x_wconf 76' lang='lat' dir='ltr'><strong>vastantur.</strong></span> <span class='ocrx_word' id='word_1_239' title='bbox 1155 2034 1219 2093; x_wconf 83' lang='lat' dir='ltr'><strong>Et</strong></span> <span class='ocrx_word' id='word_1_240' title='bbox 1266 2052 1448 2092; x_wconf 87' lang='lat' dir='ltr'><strong>rursus</strong></span> <span class='ocrx_word' id='word_1_241' title='bbox 1477 2038 1543 2091; x_wconf 89' lang='lat' dir='ltr'><strong>ad</strong></span> <span class='ocrx_word' id='word_1_242' title='bbox 1573 2052 1770 2090; x_wconf 86' lang='lat' dir='ltr'><strong>annum</strong></span> 
     </span>
    </p>
   </div>
   <div class='ocr_carea' id='block_1_36' title="bbox 180 2133 1765 2203">
    <p class='ocr_par' dir='ltr' id='par_1_36' title="bbox 180 2133 1765 2203">
     <span class='ocr_line' id='line_1_36' title="bbox 180 2133 1765 2203; baseline -0.004 -12"><span class='ocrx_word' id='word_1_243' title='bbox 180 2136 305 2192; x_wconf 80' lang='lat'><strong>5801</strong></span> <span class='ocrx_word' id='word_1_244' title='bbox 339 2140 411 2193; x_wconf 90' lang='lat' dir='ltr'><strong>ab</strong></span> <span class='ocrx_word' id='word_1_245' title='bbox 440 2137 571 2193; x_wconf 89' lang='lat' dir='ltr'><strong>orbe</strong></span> <span class='ocrx_word' id='word_1_246' title='bbox 598 2135 816 2192; x_wconf 92' lang='lat' dir='ltr'><strong>condito</strong></span> <span class='ocrx_word' id='word_1_247' title='bbox 843 2152 855 2189; x_wconf 90' lang='lat'><strong>:</strong></span> <span class='ocrx_word' id='word_1_248' title='bbox 886 2133 1171 2188; x_wconf 71' lang='lat' dir='ltr'><strong>Mauricius</strong></span> <span class='ocrx_word' id='word_1_249' title='bbox 1202 2140 1381 2203; x_wconf 80' lang='lat' dir='ltr'><strong>regnat</strong></span> <span class='ocrx_word' id='word_1_250' title='bbox 1410 2133 1559 2185; x_wconf 81' lang='lat' dir='ltr'><strong>armis</strong></span> <span class='ocrx_word' id='word_1_251' title='bbox 1583 2146 1765 2185; x_wconf 56' lang='grc' dir='ltr'>ξιιμ..</span> 
     </span>
    </p>
   </div>
   <div class='ocr_carea' id='block_1_37' title="bbox 179 2222 1770 2299">
    <p class='ocr_par' dir='ltr' id='par_1_37' title="bbox 179 2222 1770 2299">
     <span class='ocr_line' id='line_1_37' title="bbox 179 2222 1770 2299; baseline -0.004 -17"><span class='ocrx_word' id='word_1_252' title='bbox 179 2229 291 2285; x_wconf 74' lang='lat' dir='ltr'><strong>Hoc</strong></span> <span class='ocrx_word' id='word_1_253' title='bbox 318 2240 545 2299; x_wconf 85' lang='lat' dir='ltr'><strong>tempore</strong></span> <span class='ocrx_word' id='word_1_254' title='bbox 574 2227 814 2282; x_wconf 85' lang='lat' dir='ltr'><strong>Leander</strong></span> <span class='ocrx_word' id='word_1_255' title='bbox 835 2228 1100 2297; x_wconf 85' lang='lat' dir='ltr'><strong>episcopus</strong></span> <span class='ocrx_word' id='word_1_256' title='bbox 1128 2227 1183 2279; x_wconf 88' lang='lat' dir='ltr'><strong>in</strong></span> <span class='ocrx_word' id='word_1_257' title='bbox 1212 2222 1487 2295; x_wconf 81' lang='lat' dir='ltr'><strong>Hispaniis</strong></span> <span class='ocrx_word' id='word_1_258' title='bbox 1510 2222 1580 2275; x_wconf 90' lang='lat' dir='ltr'><strong>ad</strong></span> <span class='ocrx_word' id='word_1_259' title='bbox 1606 2222 1770 2292; x_wconf 82' lang='lat' dir='ltr'><strong>gentis</strong></span> 
     </span>
    </p>
   </div>
   <div class='ocr_carea' id='block_1_38' title="bbox 181 2315 1770 2386">
    <p class='ocr_par' dir='ltr' id='par_1_38' title="bbox 181 2315 1770 2386">
     <span class='ocr_line' id='line_1_38' title="bbox 181 2315 1770 2386; baseline -0.006 -10"><span class='ocrx_word' id='word_1_260' title='bbox 181 2320 463 2377; x_wconf 82' lang='lat' dir='ltr'><strong>Gothorum</strong></span> <span class='ocrx_word' id='word_1_261' title='bbox 509 2321 889 2376; x_wconf 84' lang='lat' dir='ltr'><strong>conuersionem</strong></span> <span class='ocrx_word' id='word_1_262' title='bbox 938 2318 1173 2373; x_wconf 84' lang='lat' dir='ltr'><strong>doctrina</strong></span> <span class='ocrx_word' id='word_1_263' title='bbox 1201 2315 1324 2386; x_wconf 80' lang='lat' dir='ltr'><strong>ﬁdei</strong></span> <span class='ocrx_word' id='word_1_264' title='bbox 1354 2323 1403 2368; x_wconf 88' lang='lat' dir='ltr'><strong>et</strong></span> <span class='ocrx_word' id='word_1_265' title='bbox 1440 2315 1770 2369; x_wconf 84' lang='lat' dir='ltr'><strong>scientiarum</strong></span> 
     </span>
    </p>
   </div>
   <div class='ocr_carea' id='block_1_39' title="bbox 180 2404 1768 2479">
    <p class='ocr_par' dir='ltr' id='par_1_39' title="bbox 180 2404 1768 2479">
     <span class='ocr_line' id='line_1_39' title="bbox 180 2404 1768 2479; baseline -0.006 -12"><span class='ocrx_word' id='word_1_266' title='bbox 180 2414 384 2468; x_wconf 85' lang='lat' dir='ltr'><strong>claruit.</strong></span> <span class='ocrx_word' id='word_1_267' title='bbox 431 2412 491 2467; x_wconf 92' lang='lat' dir='ltr'><strong>In</strong></span> <span class='ocrx_word' id='word_1_268' title='bbox 534 2412 766 2479; x_wconf 84' lang='lat' dir='ltr'><strong>Historia</strong></span> <span class='ocrx_word' id='word_1_269' title='bbox 796 2424 927 2466; x_wconf 88' lang='lat' dir='ltr'><strong>vero</strong></span> <span class='ocrx_word' id='word_1_270' title='bbox 979 2409 1278 2464; x_wconf 87' lang='lat' dir='ltr'><strong>Gothorum</strong></span> <span class='ocrx_word' id='word_1_271' title='bbox 1329 2405 1395 2461; x_wconf 85' lang='lat' dir='ltr'><strong>ad</strong></span> <span class='ocrx_word' id='word_1_272' title='bbox 1438 2421 1599 2461; x_wconf 87' lang='lat' dir='ltr'><strong>aeram</strong></span> <span class='ocrx_word' id='word_1_273' title='bbox 1642 2404 1768 2473; x_wconf 70' lang='lat'><strong>624,</strong></span> 
     </span>
    </p>
   </div>
   <div class='ocr_carea' id='block_1_40' title="bbox 178 2494 1769 2569">
    <p class='ocr_par' dir='ltr' id='par_1_40' title="bbox 178 2494 1769 2569">
     <span class='ocr_line' id='line_1_40' title="bbox 178 2494 1769 2569; baseline -0.006 -10"><span class='ocrx_word' id='word_1_274' title='bbox 178 2504 292 2559; x_wconf 84' lang='lat' dir='ltr'><strong>sive</strong></span> <span class='ocrx_word' id='word_1_275' title='bbox 322 2520 521 2559; x_wconf 88' lang='lat' dir='ltr'><strong>annum</strong></span> <span class='ocrx_word' id='word_1_276' title='bbox 567 2502 766 2558; x_wconf 82' lang='lat' dir='ltr'><strong>Christi</strong></span> <span class='ocrx_word' id='word_1_277' title='bbox 793 2500 917 2569; x_wconf 89' lang='lat'><strong>586,</strong></span> <span class='ocrx_word' id='word_1_278' title='bbox 968 2516 1109 2555; x_wconf 88' lang='lat' dir='ltr'><strong>anno</strong></span> <span class='ocrx_word' id='word_1_279' title='bbox 1139 2497 1173 2553; x_wconf 73' lang='grc' dir='ltr'><strong>ὅ</strong></span> <span class='ocrx_word' id='word_1_280' title='bbox 1204 2497 1543 2567; x_wconf 87' lang='lat' dir='ltr'><strong>imperatoris</strong></span> <span class='ocrx_word' id='word_1_281' title='bbox 1572 2494 1769 2550; x_wconf 82' lang='lat' dir='ltr'><strong>Mauri-</strong></span> 
     </span>
    </p>
   </div>
   <div class='ocr_carea' id='block_1_41' title="bbox 177 2590 1768 2670">
    <p class='ocr_par' dir='ltr' id='par_1_41' title="bbox 177 2590 1768 2670">
     <span class='ocr_line' id='line_1_41' title="bbox 177 2590 1768 2670; baseline -0.004 -19"><span class='ocrx_word' id='word_1_282' title='bbox 177 2595 245 2651; x_wconf 88' lang='lat' dir='ltr'><strong>cii</strong></span> <span class='ocrx_word' id='word_1_283' title='bbox 278 2617 289 2649; x_wconf 88' lang='lat'>:</span> <span class='ocrx_word' id='word_1_284' title='bbox 325 2595 623 2670; x_wconf 82' lang='lat' dir='ltr'><strong>Leovigildo</strong></span> <span class='ocrx_word' id='word_1_285' title='bbox 652 2596 915 2667; x_wconf 75' lang='lat' dir='ltr'><strong>defuncto,</strong></span> <span class='ocrx_word' id='word_1_286' title='bbox 962 2595 1100 2664; x_wconf 77' lang='lat' dir='ltr'><strong>ﬁlius</strong></span> <span class='ocrx_word' id='word_1_287' title='bbox 1131 2593 1242 2663; x_wconf 86' lang='lat' dir='ltr'><strong>ejus</strong></span> <span class='ocrx_word' id='word_1_288' title='bbox 1284 2590 1581 2645; x_wconf 79' lang='lat' dir='ltr'><strong>Recaredus</strong></span> <span class='ocrx_word' id='word_1_289' title='bbox 1609 2607 1768 2660; x_wconf 85' lang='lat' dir='ltr'><strong>regno</strong></span> 
     </span>
    </p>
   </div>
   <div class='ocr_carea' id='block_1_42' title="bbox 175 2674 1769 2755">
    <p class='ocr_par' dir='ltr' id='par_1_42' title="bbox 175 2674 1769 2755">
     <span class='ocr_line' id='line_1_42' title="bbox 175 2674 1769 2755; baseline -0.008 -11"><span class='ocrx_word' id='word_1_290' title='bbox 175 2698 249 2744; x_wconf 83' lang='lat' dir='ltr'><strong>est</strong></span> <span class='ocrx_word' id='word_1_291' title='bbox 277 2697 625 2743; x_wconf 84' lang='lat' dir='ltr'><strong>coronatus...</strong></span> <span class='ocrx_word' id='word_1_292' title='bbox 681 2674 745 2741; x_wconf 83' lang='lat' dir='ltr'><strong>In</strong></span> <span class='ocrx_word' id='word_1_293' title='bbox 793 2686 919 2755; x_wconf 80' lang='lat' dir='ltr'><strong>ipsis</strong></span> <span class='ocrx_word' id='word_1_294' title='bbox 947 2685 1083 2737; x_wconf 88' lang='lat' dir='ltr'><strong>enim</strong></span> <span class='ocrx_word' id='word_1_295' title='bbox 1122 2684 1279 2752; x_wconf 81' lang='lat'><strong>130</strong></span> <span class='ocrx_word' id='word_1_296' title='bbox 1306 2680 1450 2751; x_wconf 83' lang='lat' dir='ltr'><strong>regni</strong></span> <span class='ocrx_word' id='word_1_297' title='bbox 1496 2681 1576 2733; x_wconf 86' lang='lat' dir='ltr'><strong>sui</strong></span> <span class='ocrx_word' id='word_1_298' title='bbox 1619 2695 1769 2732; x_wconf 74' lang='lat' dir='ltr'><strong>exor-</strong></span> 
     </span>
    </p>
   </div>
   <div class='ocr_carea' id='block_1_43' title="bbox 173 2772 1770 2850">
    <p class='ocr_par' dir='ltr' id='par_1_43' title="bbox 173 2772 1770 2850">
     <span class='ocr_line' id='line_1_43' title="bbox 173 2772 1770 2850; baseline -0.007 -16"><span class='ocrx_word' id='word_1_299' title='bbox 173 2782 273 2835; x_wconf 87' lang='lat' dir='ltr'><strong>diis</strong></span> <span class='ocrx_word' id='word_1_300' title='bbox 323 2782 630 2835; x_wconf 81' lang='lat' dir='ltr'><strong>catholicam</strong></span> <span class='ocrx_word' id='word_1_301' title='bbox 673 2778 829 2850; x_wconf 84' lang='lat' dir='ltr'><strong>[idem</strong></span> <span class='ocrx_word' id='word_1_302' title='bbox 872 2777 1108 2847; x_wconf 87' lang='lat' dir='ltr'><strong>adeptus,</strong></span> <span class='ocrx_word' id='word_1_303' title='bbox 1140 2776 1292 2829; x_wconf 79' lang='lat' dir='ltr'><strong>totius</strong></span> <span class='ocrx_word' id='word_1_304' title='bbox 1337 2772 1565 2828; x_wconf 73' lang='lat' dir='ltr'><strong>Gothica:</strong></span> <span class='ocrx_word' id='word_1_305' title='bbox 1608 2773 1770 2843; x_wconf 84' lang='lat' dir='ltr'><strong>gentis</strong></span> 
     </span>
    </p>
   </div>
   <div class='ocr_carea' id='block_1_44' title="bbox 172 2863 1772 2941">
    <p class='ocr_par' dir='ltr' id='par_1_44' title="bbox 172 2863 1772 2941">
     <span class='ocr_line' id='line_1_44' title="bbox 172 2863 1772 2941; baseline -0.008 -15"><span class='ocrx_word' id='word_1_306' title='bbox 172 2873 395 2941; x_wconf 82' lang='lat' dir='ltr'><strong>populos</strong></span> <span class='ocrx_word' id='word_1_307' title='bbox 414 2911 429 2935; x_wconf 93' lang='lat'><strong>,</strong></span> <span class='ocrx_word' id='word_1_308' title='bbox 475 2870 643 2923; x_wconf 87' lang='lat' dir='ltr'><strong>inoliti</strong></span> <span class='ocrx_word' id='word_1_309' title='bbox 673 2869 863 2922; x_wconf 83' lang='lat' dir='ltr'><strong>erroris</strong></span> <span class='ocrx_word' id='word_1_310' title='bbox 892 2866 1005 2918; x_wconf 88' lang='lat' dir='ltr'><strong>labe</strong></span> <span class='ocrx_word' id='word_1_311' title='bbox 1035 2866 1268 2926; x_wconf 87' lang='lat' dir='ltr'><strong>deserta,</strong></span> <span class='ocrx_word' id='word_1_312' title='bbox 1299 2863 1367 2915; x_wconf 91' lang='lat' dir='ltr'><strong>ad</strong></span> <span class='ocrx_word' id='word_1_313' title='bbox 1399 2863 1590 2914; x_wconf 83' lang='lat' dir='ltr'><strong>cultum</strong></span> <span class='ocrx_word' id='word_1_314' title='bbox 1620 2868 1772 2914; x_wconf 76' lang='lat' dir='ltr'><strong>recta:</strong></span> 
     </span>
    </p>
   </div>
   <div class='ocr_carea' id='block_1_45' title="bbox 164 2952 1771 3032">
    <p class='ocr_par' dir='ltr' id='par_1_45' title="bbox 164 2952 1771 3032">
     <span class='ocr_line' id='line_1_45' title="bbox 164 2952 1771 3032; baseline -0.006 -16"><span class='ocrx_word' id='word_1_315' title='bbox 164 2964 302 3032; x_wconf 69' lang='lat' dir='ltr'><strong>fidei</strong></span> <span class='ocrx_word' id='word_1_316' title='bbox 333 2968 555 3015; x_wconf 74' lang='lat' dir='ltr'><strong>reuocat.</strong></span> <span class='ocrx_word' id='word_1_317' title='bbox 606 2958 758 3014; x_wconf 77' lang='lat' dir='ltr'><strong>Adde</strong></span> <span class='ocrx_word' id='word_1_318' title='bbox 782 2954 1354 3013; x_wconf 83' lang='lat' dir='ltr'><strong>abhatisBiclariensis</strong></span> <span class='ocrx_word' id='word_1_319' title='bbox 1383 2954 1546 3008; x_wconf 84' lang='lat' dir='ltr'><strong>verba</strong></span> <span class='ocrx_word' id='word_1_320' title='bbox 1576 2972 1587 3004; x_wconf 92' lang='lat'>:</span> <span class='ocrx_word' id='word_1_321' title='bbox 1623 2952 1771 3006; x_wconf 76' lang='lat' dir='ltr'><strong>Anno</strong></span> 
     </span>
    </p>
   </div>
   <div class='ocr_carea' id='block_1_46' title="bbox 164 3044 1773 3123">
    <p class='ocr_par' dir='ltr' id='par_1_46' title="bbox 164 3044 1773 3123">
     <span class='ocr_line' id='line_1_46' title="bbox 164 3044 1773 3123; baseline -0.007 -14"><span class='ocrx_word' id='word_1_322' title='bbox 164 3056 331 3109; x_wconf 77' lang='lat' dir='ltr'><strong>tertia</strong></span> <span class='ocrx_word' id='word_1_323' title='bbox 380 3052 627 3107; x_wconf 74' lang='lat' dir='ltr'><strong>Mauricii</strong></span> <span class='ocrx_word' id='word_1_324' title='bbox 660 3052 772 3123; x_wconf 82' lang='lat' dir='ltr'><strong>(qui</strong></span> <span class='ocrx_word' id='word_1_325' title='bbox 802 3058 883 3106; x_wconf 90' lang='lat' dir='ltr'><strong>est</strong></span> <span class='ocrx_word' id='word_1_326' title='bbox 910 3048 1203 3116; x_wconf 71' lang='lat' dir='ltr'><strong>Lcoﬁgildi</strong></span> <span class='ocrx_word' id='word_1_327' title='bbox 1234 3047 1495 3116; x_wconf 86' lang='lat' dir='ltr'><strong>septimus</strong></span> <span class='ocrx_word' id='word_1_328' title='bbox 1534 3044 1773 3099; x_wconf 89' lang='lat' dir='ltr'><strong>decimus</strong></span> 
     </span>
    </p>
   </div>
   <div class='ocr_carea' id='block_1_47' title="bbox 176 3132 1770 3216">
    <p class='ocr_par' dir='ltr' id='par_1_47' title="bbox 176 3132 1770 3216">
     <span class='ocr_line' id='line_1_47' title="bbox 176 3132 1770 3216; baseline -0.008 -15"><span class='ocrx_word' id='word_1_329' title='bbox 176 3144 380 3216; x_wconf 84' lang='lat' dir='ltr'><strong>annus)</strong></span> <span class='ocrx_word' id='word_1_330' title='bbox 411 3142 838 3213; x_wconf 82' lang='lat' dir='ltr'><strong>Hermenegildus</strong></span> <span class='ocrx_word' id='word_1_331' title='bbox 859 3142 914 3195; x_wconf 78' lang='lat' dir='ltr'><strong>in</strong></span> <span class='ocrx_word' id='word_1_332' title='bbox 936 3139 1061 3194; x_wconf 75' lang='lat' dir='ltr'><strong>urbe</strong></span> <span class='ocrx_word' id='word_1_333' title='bbox 1084 3136 1463 3193; x_wconf 73' lang='lat' dir='ltr'><strong>Tarraconensi</strong></span> <span class='ocrx_word' id='word_1_334' title='bbox 1484 3152 1515 3187; x_wconf 91' lang='lat' dir='ltr'><strong>a</strong></span> <span class='ocrx_word' id='word_1_335' title='bbox 1540 3132 1770 3189; x_wconf 76' lang='lat' dir='ltr'><strong>Sisturto</strong></span> 
     </span>
    </p>
   </div>
   <div class='ocr_carea' id='block_1_48' title="bbox 168 3258 509 3341">
    <p class='ocr_par' dir='ltr' id='par_1_48' title="bbox 168 3258 509 3341">
     <span class='ocr_line' id='line_1_48' title="bbox 168 3258 509 3341; baseline -0.009 -25"><span class='ocrx_word' id='word_1_336' title='bbox 168 3258 509 3341; x_wconf 70' lang='lat' dir='ltr'><strong>interﬁcitur.</strong></span> 
     </span>
    </p>
   </div>
   <div class='ocr_carea' id='block_1_49' title="bbox 249 3363 1776 3441">
    <p class='ocr_par' dir='ltr' id='par_1_49' title="bbox 249 3363 1776 3441">
     <span class='ocr_line' id='line_1_49' title="bbox 249 3363 1776 3441; baseline -0.01 -10"><span class='ocrx_word' id='word_1_337' title='bbox 249 3376 337 3431; x_wconf 96' lang='grc'><strong>15.</strong></span> <span class='ocrx_word' id='word_1_338' title='bbox 379 3374 632 3431; x_wconf 82' lang='lat' dir='ltr'><strong>Petavius</strong></span> <span class='ocrx_word' id='word_1_339' title='bbox 662 3374 714 3429; x_wconf 92' lang='lat' dir='ltr'><strong>in</strong></span> <span class='ocrx_word' id='word_1_340' title='bbox 744 3372 1058 3429; x_wconf 74' lang='lat' dir='ltr'><strong>Rationario</strong></span> <span class='ocrx_word' id='word_1_341' title='bbox 1088 3381 1410 3441; x_wconf 81' lang='lat' dir='ltr'><strong>temporum,</strong></span> <span class='ocrx_word' id='word_1_342' title='bbox 1442 3374 1581 3437; x_wconf 83' lang='lat' dir='ltr'><strong>part.</strong></span> <span class='ocrx_word' id='word_1_343' title='bbox 1614 3382 1653 3432; x_wconf 89' lang='grc' dir='ltr'>ι,</span> <span class='ocrx_word' id='word_1_344' title='bbox 1683 3363 1776 3418; x_wconf 91' lang='lat' dir='ltr'><strong>lib.</strong></span> 
     </span>
    </p>
   </div>
   <div class='ocr_carea' id='block_1_50' title="bbox 183 3456 1780 3539">
    <p class='ocr_par' dir='ltr' id='par_1_50' title="bbox 183 3456 1780 3539">
     <span class='ocr_line' id='line_1_50' title="bbox 183 3456 1780 3539; baseline -0.01 -14"><span class='ocrx_word' id='word_1_345' title='bbox 183 3484 289 3539; x_wconf 84' lang='lat' dir='ltr'><strong>vm,</strong></span> <span class='ocrx_word' id='word_1_346' title='bbox 321 3486 446 3538; x_wconf 86' lang='lat' dir='ltr'><strong>cap.</strong></span> <span class='ocrx_word' id='word_1_347' title='bbox 480 3467 569 3537; x_wconf 69' lang='grc'><strong>12,</strong></span> <span class='ocrx_word' id='word_1_348' title='bbox 599 3478 653 3522; x_wconf 91' lang='lat' dir='ltr'><strong>ct</strong></span> <span class='ocrx_word' id='word_1_349' title='bbox 682 3467 873 3534; x_wconf 79' lang='lat' dir='ltr'><strong>Pagius</strong></span> <span class='ocrx_word' id='word_1_350' title='bbox 900 3466 967 3521; x_wconf 86' lang='lat' dir='ltr'><strong>ad</strong></span> <span class='ocrx_word' id='word_1_351' title='bbox 993 3466 1305 3531; x_wconf 87' lang='lat' dir='ltr'><strong>Baronium,</strong></span> <span class='ocrx_word' id='word_1_352' title='bbox 1336 3476 1478 3519; x_wconf 89' lang='lat' dir='ltr'><strong>anno</strong></span> <span class='ocrx_word' id='word_1_353' title='bbox 1510 3456 1633 3525; x_wconf 73' lang='grc'><strong>584,</strong></span> <span class='ocrx_word' id='word_1_354' title='bbox 1666 3456 1780 3511; x_wconf 84' lang='lat' dir='ltr'><strong>col-</strong></span> 
     </span>
    </p>
   </div>
   <div class='ocr_carea' id='block_1_51' title="bbox 184 3546 1778 3632">
    <p class='ocr_par' dir='ltr' id='par_1_51' title="bbox 184 3546 1778 3632">
     <span class='ocr_line' id='line_1_51' title="bbox 184 3546 1778 3632; baseline -0.011 -15"><span class='ocrx_word' id='word_1_355' title='bbox 184 3560 367 3632; x_wconf 79' lang='lat' dir='ltr'><strong>ligunt,</strong></span> <span class='ocrx_word' id='word_1_356' title='bbox 400 3558 793 3628; x_wconf 76' lang='lat' dir='ltr'><strong>Hernienegildi</strong></span> <span class='ocrx_word' id='word_1_357' title='bbox 830 3558 1144 3629; x_wconf 80' lang='lat' dir='ltr'><strong>martyrium</strong></span> <span class='ocrx_word' id='word_1_358' title='bbox 1173 3555 1459 3623; x_wconf 79' lang='lat' dir='ltr'><strong>contigisse</strong></span> <span class='ocrx_word' id='word_1_359' title='bbox 1487 3566 1629 3613; x_wconf 88' lang='lat' dir='ltr'><strong>anno</strong></span> <span class='ocrx_word' id='word_1_360' title='bbox 1654 3546 1778 3613; x_wconf 89' lang='lat'><strong>585,</strong></span> 
     </span>
    </p>
   </div>
   <div class='ocr_carea' id='block_1_52' title="bbox 182 3643 1779 3728">
    <p class='ocr_par' dir='ltr' id='par_1_52' title="bbox 182 3643 1779 3728">
     <span class='ocr_line' id='line_1_52' title="bbox 182 3643 1779 3728; baseline -0.011 -16"><span class='ocrx_word' id='word_1_361' title='bbox 182 3657 323 3728; x_wconf 81' lang='lat' dir='ltr'><strong>quod</strong></span> <span class='ocrx_word' id='word_1_362' title='bbox 350 3655 512 3715; x_wconf 77' lang='lat' dir='ltr'><strong>facile</strong></span> <span class='ocrx_word' id='word_1_363' title='bbox 542 3654 709 3717; x_wconf 78' lang='lat' dir='ltr'><strong>cuivis</strong></span> <span class='ocrx_word' id='word_1_364' title='bbox 738 3652 1162 3723; x_wconf 81' lang='lat' dir='ltr'><strong>persuadebitur,</strong></span> <span class='ocrx_word' id='word_1_365' title='bbox 1193 3648 1436 3720; x_wconf 84' lang='lat' dir='ltr'><strong>quamvis</strong></span> <span class='ocrx_word' id='word_1_366' title='bbox 1466 3662 1571 3700; x_wconf 90' lang='lat' dir='ltr'><strong>non</strong></span> <span class='ocrx_word' id='word_1_367' title='bbox 1597 3643 1779 3697; x_wconf 84' lang='lat' dir='ltr'><strong>defue-</strong></span> 
     </span>
    </p>
   </div>
   <div class='ocr_carea' id='block_1_53' title="bbox 186 3734 1776 3819">
    <p class='ocr_par' dir='ltr' id='par_1_53' title="bbox 186 3734 1776 3819">
     <span class='ocr_line' id='line_1_53' title="bbox 186 3734 1776 3819; baseline -0.01 -15"><span class='ocrx_word' id='word_1_368' title='bbox 186 3752 287 3807; x_wconf 72' lang='lat' dir='ltr'><strong>rint</strong></span> <span class='ocrx_word' id='word_1_369' title='bbox 313 3750 403 3819; x_wconf 79' lang='lat' dir='ltr'><strong>qui</strong></span> <span class='ocrx_word' id='word_1_370' title='bbox 434 3764 637 3809; x_wconf 74' lang='lat' dir='ltr'><strong>annum</strong></span> <span class='ocrx_word' id='word_1_371' title='bbox 666 3756 761 3802; x_wconf 81' lang='lat' dir='ltr'><strong>aut.</strong></span> <span class='ocrx_word' id='word_1_372' title='bbox 792 3745 927 3813; x_wconf 79' lang='grc'><strong>585,</strong></span> <span class='ocrx_word' id='word_1_373' title='bbox 957 3755 1050 3801; x_wconf 89' lang='lat' dir='ltr'><strong>aut</strong></span> <span class='ocrx_word' id='word_1_374' title='bbox 1079 3742 1209 3808; x_wconf 75' lang='grc'><strong>584,</strong></span> <span class='ocrx_word' id='word_1_375' title='bbox 1242 3751 1335 3796; x_wconf 88' lang='lat' dir='ltr'><strong>aut</strong></span> <span class='ocrx_word' id='word_1_376' title='bbox 1361 3739 1494 3804; x_wconf 88' lang='lat'><strong>586,</strong></span> <span class='ocrx_word' id='word_1_377' title='bbox 1526 3746 1617 3791; x_wconf 89' lang='lat' dir='ltr'><strong>aut</strong></span> <span class='ocrx_word' id='word_1_378' title='bbox 1642 3734 1776 3802; x_wconf 90' lang='lat'><strong>588,</strong></span> 
     </span>
    </p>
   </div>
   <div class='ocr_carea' id='block_1_54' title="bbox 189 3828 1780 3911">
    <p class='ocr_par' dir='ltr' id='par_1_54' title="bbox 189 3828 1780 3911">
     <span class='ocr_line' id='line_1_54' title="bbox 189 3828 1780 3911; baseline -0.011 -15"><span class='ocrx_word' id='word_1_379' title='bbox 189 3851 275 3898; x_wconf 81' lang='lat' dir='ltr'><strong>aut</strong></span> <span class='ocrx_word' id='word_1_380' title='bbox 303 3839 433 3907; x_wconf 83' lang='lat'><strong>589,</strong></span> <span class='ocrx_word' id='word_1_381' title='bbox 467 3856 569 3911; x_wconf 85' lang='lat' dir='ltr'><strong>pro</strong></span> <span class='ocrx_word' id='word_1_382' title='bbox 610 3836 1001 3906; x_wconf 74' lang='lat' dir='ltr'><strong>Hermenegildi</strong></span> <span class='ocrx_word' id='word_1_383' title='bbox 1048 3834 1295 3904; x_wconf 83' lang='lat' dir='ltr'><strong>martyris</strong></span> <span class='ocrx_word' id='word_1_384' title='bbox 1339 3832 1490 3885; x_wconf 86' lang='lat' dir='ltr'><strong>obitu</strong></span> <span class='ocrx_word' id='word_1_385' title='bbox 1537 3828 1780 3895; x_wconf 79' lang='lat' dir='ltr'><strong>designa-</strong></span> 
     </span>
    </p>
   </div>
   <div class='ocr_carea' id='block_1_55' title="bbox 190 3912 1780 4000">
    <p class='ocr_par' dir='ltr' id='par_1_55' title="bbox 190 3912 1780 4000">
     <span class='ocr_line' id='line_1_55' title="bbox 190 3912 1780 4000; baseline -0.013 -13"><span class='ocrx_word' id='word_1_386' title='bbox 190 3934 374 3989; x_wconf 87' lang='lat' dir='ltr'><strong>verint.</strong></span> <span class='ocrx_word' id='word_1_387' title='bbox 420 3930 721 4000; x_wconf 82' lang='lat' dir='ltr'><strong>Leovigildi</strong></span> <span class='ocrx_word' id='word_1_388' title='bbox 764 3936 992 3987; x_wconf 86' lang='lat' dir='ltr'><strong>mortem</strong></span> <span class='ocrx_word' id='word_1_389' title='bbox 1022 3924 1284 3981; x_wconf 87' lang='lat' dir='ltr'><strong>Baronius</strong></span> <span class='ocrx_word' id='word_1_390' title='bbox 1330 3920 1393 3975; x_wconf 88' lang='lat' dir='ltr'><strong>ad</strong></span> <span class='ocrx_word' id='word_1_391' title='bbox 1436 3934 1633 3973; x_wconf 88' lang='lat' dir='ltr'><strong>annum</strong></span> <span class='ocrx_word' id='word_1_392' title='bbox 1677 3912 1780 3967; x_wconf 88' lang='lat'><strong>585</strong></span> 
     </span>
    </p>
   </div>
   <div class='ocr_carea' id='block_1_56' title="bbox 190 4009 1780 4093">
    <p class='ocr_par' dir='ltr' id='par_1_56' title="bbox 190 4009 1780 4093">
     <span class='ocr_line' id='line_1_56' title="bbox 190 4009 1780 4093; baseline -0.011 -14"><span class='ocrx_word' id='word_1_393' title='bbox 190 4026 382 4093; x_wconf 87' lang='lat' dir='ltr'><strong>retulit,</strong></span> <span class='ocrx_word' id='word_1_394' title='bbox 422 4041 493 4081; x_wconf 84' lang='lat' dir='ltr'><strong>ac</strong></span> <span class='ocrx_word' id='word_1_395' title='bbox 542 4032 664 4093; x_wconf 87' lang='lat' dir='ltr'><strong>post</strong></span> <span class='ocrx_word' id='word_1_396' title='bbox 711 4023 814 4081; x_wconf 88' lang='lat' dir='ltr'><strong>hoc</strong></span> <span class='ocrx_word' id='word_1_397' title='bbox 857 4020 1031 4091; x_wconf 87' lang='lat' dir='ltr'><strong>ipsum</strong></span> <span class='ocrx_word' id='word_1_398' title='bbox 1072 4023 1389 4080; x_wconf 88' lang='lat' dir='ltr'><strong>retractans,</strong></span> <span class='ocrx_word' id='word_1_399' title='bbox 1430 4012 1602 4065; x_wconf 86' lang='lat' dir='ltr'><strong>minus</strong></span> <span class='ocrx_word' id='word_1_400' title='bbox 1642 4009 1780 4062; x_wconf 89' lang='lat' dir='ltr'><strong>bene</strong></span> 
     </span>
    </p>
   </div>
   <div class='ocr_carea' id='block_1_57' title="bbox 191 4100 1778 4175">
    <p class='ocr_par' dir='ltr' id='par_1_57' title="bbox 191 4100 1778 4175">
     <span class='ocr_line' id='line_1_57' title="bbox 191 4100 1778 4175; baseline -0.008 -7"><span class='ocrx_word' id='word_1_401' title='bbox 191 4116 386 4175; x_wconf 83' lang='lat' dir='ltr'><strong>distulit</strong></span> <span class='ocrx_word' id='word_1_402' title='bbox 423 4117 493 4171; x_wconf 89' lang='lat' dir='ltr'><strong>ad</strong></span> <span class='ocrx_word' id='word_1_403' title='bbox 545 4130 742 4170; x_wconf 89' lang='lat' dir='ltr'><strong>annum</strong></span> <span class='ocrx_word' id='word_1_404' title='bbox 783 4112 903 4168; x_wconf 79' lang='lat' dir='ltr'><strong>59L</strong></span> <span class='ocrx_word' id='word_1_405' title='bbox 956 4109 1245 4173; x_wconf 85' lang='lat' dir='ltr'><strong>Bollandus</strong></span> <span class='ocrx_word' id='word_1_406' title='bbox 1289 4108 1342 4169; x_wconf 85' lang='lat' dir='ltr'><strong>in</strong></span> <span class='ocrx_word' id='word_1_407' title='bbox 1390 4100 1778 4160; x_wconf 88' lang='lat' dir='ltr'><strong>commentario</strong></span> 
     </span>
    </p>
   </div>
   <div class='ocr_carea' id='block_1_58' title="bbox 192 4193 1779 4265">
    <p class='ocr_par' dir='ltr' id='par_1_58' title="bbox 192 4193 1779 4265">
     <span class='ocr_line' id='line_1_58' title="bbox 192 4193 1779 4265; baseline -0.008 -4"><span class='ocrx_word' id='word_1_408' title='bbox 192 4208 252 4261; x_wconf 88' lang='lat' dir='ltr'><strong>ad</strong></span> <span class='ocrx_word' id='word_1_409' title='bbox 277 4210 447 4263; x_wconf 82' lang='lat' dir='ltr'><strong>Vitam</strong></span> <span class='ocrx_word' id='word_1_410' title='bbox 477 4208 541 4263; x_wconf 84' lang='lat' dir='ltr'><strong>S.</strong></span> <span class='ocrx_word' id='word_1_411' title='bbox 574 4207 800 4263; x_wconf 86' lang='lat' dir='ltr'><strong>Leandri</strong></span> <span class='ocrx_word' id='word_1_412' title='bbox 832 4205 901 4260; x_wconf 90' lang='lat' dir='ltr'><strong>ad</strong></span> <span class='ocrx_word' id='word_1_413' title='bbox 929 4220 1125 4259; x_wconf 90' lang='lat' dir='ltr'><strong>annum</strong></span> <span class='ocrx_word' id='word_1_414' title='bbox 1166 4202 1267 4256; x_wconf 78' lang='lat'><strong>587</strong></span> <span class='ocrx_word' id='word_1_415' title='bbox 1298 4206 1536 4261; x_wconf 86' lang='lat' dir='ltr'><strong>revocat,</strong></span> <span class='ocrx_word' id='word_1_416' title='bbox 1586 4193 1779 4265; x_wconf 81' lang='lat' dir='ltr'><strong>Pagius</strong></span> 
     </span>
    </p>
   </div>
   <div class='ocr_carea' id='block_1_59' title="bbox 194 4291 1777 4367">
    <p class='ocr_par' dir='ltr' id='par_1_59' title="bbox 194 4291 1777 4367">
     <span class='ocr_line' id='line_1_59' title="bbox 194 4291 1777 4367; baseline -0.009 -10"><span class='ocrx_word' id='word_1_417' title='bbox 194 4302 512 4367; x_wconf 81' lang='lat' dir='ltr'><strong>probabilius</strong></span> <span class='ocrx_word' id='word_1_418' title='bbox 551 4317 617 4356; x_wconf 80' lang='lat' dir='ltr'><strong>ex</strong></span> <span class='ocrx_word' id='word_1_419' title='bbox 658 4300 969 4355; x_wconf 85' lang='lat' dir='ltr'><strong>Biclariensi</strong></span> <span class='ocrx_word' id='word_1_420' title='bbox 1006 4298 1074 4353; x_wconf 88' lang='lat' dir='ltr'><strong>ad</strong></span> <span class='ocrx_word' id='word_1_421' title='bbox 1114 4312 1312 4353; x_wconf 86' lang='lat' dir='ltr'><strong>annum</strong></span> <span class='ocrx_word' id='word_1_422' title='bbox 1355 4291 1479 4349; x_wconf 87' lang='lat'><strong>585.</strong></span> <span class='ocrx_word' id='word_1_423' title='bbox 1532 4291 1606 4344; x_wconf 83' lang='lat' dir='ltr'><strong>De</strong></span> <span class='ocrx_word' id='word_1_424' title='bbox 1636 4305 1777 4345; x_wconf 90' lang='lat' dir='ltr'><strong>anno</strong></span> 
     </span>
    </p>
   </div>
   <div class='ocr_carea' id='block_1_60' title="bbox 196 4380 1775 4459">
    <p class='ocr_par' dir='ltr' id='par_1_60' title="bbox 196 4380 1775 4459">
     <span class='ocr_line' id='line_1_60' title="bbox 196 4380 1775 4459; baseline -0.006 -13"><span class='ocrx_word' id='word_1_425' title='bbox 196 4392 362 4450; x_wconf 82' lang='lat' dir='ltr'><strong>obitus</strong></span> <span class='ocrx_word' id='word_1_426' title='bbox 402 4392 805 4459; x_wconf 77' lang='lat' dir='ltr'><strong>Hermenegildi</strong></span> <span class='ocrx_word' id='word_1_427' title='bbox 851 4399 907 4451; x_wconf 79' lang='lat' dir='ltr'><strong>et,</strong></span> <span class='ocrx_word' id='word_1_428' title='bbox 949 4388 1242 4458; x_wconf 79' lang='lat' dir='ltr'><strong>Leovigildi</strong></span> <span class='ocrx_word' id='word_1_429' title='bbox 1290 4384 1563 4439; x_wconf 86' lang='lat' dir='ltr'><strong>Florezius</strong></span> <span class='ocrx_word' id='word_1_430' title='bbox 1614 4380 1775 4450; x_wconf 83' lang='lat' dir='ltr'><strong>Pagio</strong></span> 
     </span>
    </p>
   </div>
   <div class='ocr_carea' id='block_1_61' title="bbox 198 4477 1773 4552">
    <p class='ocr_par' dir='ltr' id='par_1_61' title="bbox 198 4477 1773 4552">
     <span class='ocr_line' id='line_1_61' title="bbox 198 4477 1773 4552; baseline -0.011 -11"><span class='ocrx_word' id='word_1_431' title='bbox 198 4486 449 4543; x_wconf 73' lang='lat' dir='ltr'><strong>consentit</strong></span> <span class='ocrx_word' id='word_1_432' title='bbox 474 4481 707 4541; x_wconf 74' lang='lat' dir='ltr'><strong>tomJX</strong></span> <span class='ocrx_word' id='word_1_433' title='bbox 736 4481 885 4551; x_wconf 77' lang='lat' dir='ltr'><strong>Hisp.</strong></span> <span class='ocrx_word' id='word_1_434' title='bbox 918 4497 1054 4537; x_wconf 83' lang='lat' dir='ltr'><strong>sacr.</strong></span> <span class='ocrx_word' id='word_1_435' title='bbox 1082 4521 1098 4546; x_wconf 94' lang='lat'><strong>,</strong></span> <span class='ocrx_word' id='word_1_436' title='bbox 1131 4496 1183 4552; x_wconf 87' lang='lat' dir='ltr'><strong>p.</strong></span> <span class='ocrx_word' id='word_1_437' title='bbox 1217 4477 1339 4542; x_wconf 77' lang='grc'><strong>165,</strong></span> <span class='ocrx_word' id='word_1_438' title='bbox 1372 4484 1425 4530; x_wconf 85' lang='lat' dir='ltr'><strong>et</strong></span> <span class='ocrx_word' id='word_1_439' title='bbox 1453 4484 1610 4528; x_wconf 83' lang='lat' dir='ltr'><strong>antea</strong></span> <span class='ocrx_word' id='word_1_440' title='bbox 1644 4484 1773 4527; x_wconf 94' lang='lat' dir='ltr'><strong>tom.</strong></span> 
     </span>
    </p>
   </div>
   <div class='ocr_carea' id='block_1_62' title="bbox 196 4562 1777 4643">
    <p class='ocr_par' dir='ltr' id='par_1_62' title="bbox 196 4562 1777 4643">
     <span class='ocr_line' id='line_1_62' title="bbox 196 4562 1777 4643; baseline -0.008 -14"><span class='ocrx_word' id='word_1_441' title='bbox 196 4569 279 4636; x_wconf 74' lang='lat' dir='ltr'><strong>VI,</strong></span> <span class='ocrx_word' id='word_1_442' title='bbox 298 4590 350 4643; x_wconf 87' lang='lat' dir='ltr'><strong>p.</strong></span> <span class='ocrx_word' id='word_1_443' title='bbox 380 4574 506 4642; x_wconf 71' lang='lat'><strong>409,</strong></span> <span class='ocrx_word' id='word_1_444' title='bbox 540 4589 738 4635; x_wconf 81' lang='lat' dir='ltr'><strong>annum</strong></span> <span class='ocrx_word' id='word_1_445' title='bbox 770 4570 873 4627; x_wconf 87' lang='lat'><strong>585</strong></span> <span class='ocrx_word' id='word_1_446' title='bbox 902 4587 998 4642; x_wconf 83' lang='lat' dir='ltr'><strong>pro</strong></span> <span class='ocrx_word' id='word_1_447' title='bbox 1024 4586 1091 4629; x_wconf 88' lang='lat' dir='ltr'><strong>eo</strong></span> <span class='ocrx_word' id='word_1_448' title='bbox 1120 4570 1270 4631; x_wconf 88' lang='lat' dir='ltr'><strong>obitu</strong></span> <span class='ocrx_word' id='word_1_449' title='bbox 1296 4573 1571 4622; x_wconf 82' lang='lat' dir='ltr'><strong>statuerat.</strong></span> <span class='ocrx_word' id='word_1_450' title='bbox 1604 4562 1777 4617; x_wconf 83' lang='lat' dir='ltr'><strong>Inves-</strong></span> 
     </span>
    </p>
   </div>
   <div class='ocr_carea' id='block_1_63' title="bbox 198 4647 1863 4737">
    <p class='ocr_par' dir='ltr' id='par_1_63' title="bbox 198 4647 1863 4737">
     <span class='ocr_line' id='line_1_63' title="bbox 198 4647 1863 4737; baseline -0.008 -17"><span class='ocrx_word' id='word_1_451' title='bbox 198 4666 463 4735; x_wconf 71' lang='lat' dir='ltr'><strong>tigaudunr</strong></span> <span class='ocrx_word' id='word_1_452' title='bbox 492 4682 627 4737; x_wconf 83' lang='lat' dir='ltr'><strong>ergo</strong></span> <span class='ocrx_word' id='word_1_453' title='bbox 656 4683 797 4723; x_wconf 82' lang='lat' dir='ltr'><strong>nunc</strong></span> <span class='ocrx_word' id='word_1_454' title='bbox 820 4674 923 4730; x_wconf 87' lang='lat' dir='ltr'><strong>est,</strong></span> <span class='ocrx_word' id='word_1_455' title='bbox 965 4680 1072 4735; x_wconf 92' lang='lat' dir='ltr'><strong>quo</strong></span> <span class='ocrx_word' id='word_1_456' title='bbox 1104 4676 1342 4732; x_wconf 85' lang='lat' dir='ltr'><strong>tempore</strong></span> <span class='ocrx_word' id='word_1_457' title='bbox 1372 4656 1614 4715; x_wconf 86' lang='lat' dir='ltr'><strong>Leander</strong></span> <span class='ocrx_word' id='word_1_458' title='bbox 1642 4656 1777 4711; x_wconf 85' lang='lat' dir='ltr'><strong>Gre-</strong></span> <span class='ocrx_word' id='word_1_459' title='bbox 1810 4647 1863 4707; x_wconf 85' lang='grc' dir='ltr'><strong>Ι)</strong></span> 
     </span>
    </p>
   </div>
   <div class='ocr_carea' id='block_1_64' title="bbox 199 4752 1783 4834">
    <p class='ocr_par' dir='ltr' id='par_1_64' title="bbox 199 4752 1783 4834">
     <span class='ocr_line' id='line_1_64' title="bbox 199 4752 1783 4834; baseline -0.006 -18"><span class='ocrx_word' id='word_1_460' title='bbox 199 4763 391 4827; x_wconf 85' lang='lat' dir='ltr'><strong>gorium</strong></span> <span class='ocrx_word' id='word_1_461' title='bbox 434 4763 689 4834; x_wconf 75' lang='lat' dir='ltr'><strong>Magnum</strong></span> <span class='ocrx_word' id='word_1_462' title='bbox 717 4759 1179 4829; x_wconf 84' lang='lat' dir='ltr'><strong>Constantinopoli</strong></span> <span class='ocrx_word' id='word_1_463' title='bbox 1222 4756 1553 4812; x_wconf 87' lang='lat' dir='ltr'><strong>convenerit.</strong></span> <span class='ocrx_word' id='word_1_464' title='bbox 1613 4752 1783 4807; x_wconf 88' lang='lat' dir='ltr'><strong>Baro-</strong></span> 
     </span>
    </p>
   </div>
   <div class='ocr_carea' id='block_1_65' title="bbox 203 4844 1783 4919">
    <p class='ocr_par' dir='ltr' id='par_1_65' title="bbox 203 4844 1783 4919">
     <span class='ocr_line' id='line_1_65' title="bbox 203 4844 1783 4919; baseline -0.007 -14"><span class='ocrx_word' id='word_1_465' title='bbox 203 4853 310 4909; x_wconf 87' lang='lat' dir='ltr'><strong>nius</strong></span> <span class='ocrx_word' id='word_1_466' title='bbox 336 4855 403 4910; x_wconf 87' lang='lat' dir='ltr'><strong>ad</strong></span> <span class='ocrx_word' id='word_1_467' title='bbox 431 4869 634 4911; x_wconf 75' lang='lat' dir='ltr'><strong>annum</strong></span> <span class='ocrx_word' id='word_1_468' title='bbox 678 4850 803 4919; x_wconf 76' lang='lat'><strong>585,</strong></span> <span class='ocrx_word' id='word_1_469' title='bbox 844 4869 897 4907; x_wconf 83' lang='grc' dir='ltr'><strong>η.</strong></span> <span class='ocrx_word' id='word_1_470' title='bbox 931 4850 1017 4919; x_wconf 78' lang='lat' dir='ltr'><strong>ll,</strong></span> <span class='ocrx_word' id='word_1_471' title='bbox 1058 4848 1269 4919; x_wconf 88' lang='lat' dir='ltr'><strong>probat,</strong></span> <span class='ocrx_word' id='word_1_472' title='bbox 1308 4846 1365 4901; x_wconf 92' lang='lat' dir='ltr'><strong>S.</strong></span> <span class='ocrx_word' id='word_1_473' title='bbox 1397 4844 1712 4913; x_wconf 80' lang='lat' dir='ltr'><strong>Gregorium</strong></span> <span class='ocrx_word' id='word_1_474' title='bbox 1751 4856 1783 4895; x_wconf 89' lang='lat' dir='ltr'><strong>a</strong></span> 
     </span>
    </p>
   </div>
   <div class='ocr_carea' id='block_1_66' title="bbox 203 4932 1782 5015">
    <p class='ocr_par' dir='ltr' id='par_1_66' title="bbox 203 4932 1782 5015">
     <span class='ocr_line' id='line_1_66' title="bbox 203 4932 1782 5015; baseline -0.006 -20"><span class='ocrx_word' id='word_1_475' title='bbox 203 4936 406 5013; x_wconf 75' lang='lat' dir='ltr'><strong>Pelagio</strong></span> <span class='ocrx_word' id='word_1_476' title='bbox 428 4944 472 4999; x_wconf 74' lang='lat' dir='ltr'><strong>il</strong></span> <span class='ocrx_word' id='word_1_477' title='bbox 501 4942 757 5015; x_wconf 82' lang='lat' dir='ltr'><strong>pontiﬁce</strong></span> <span class='ocrx_word' id='word_1_478' title='bbox 785 4940 1187 5011; x_wconf 85' lang='lat' dir='ltr'><strong>apocrisiarium</strong></span> <span class='ocrx_word' id='word_1_479' title='bbox 1214 4937 1325 4993; x_wconf 86' lang='lat' dir='ltr'><strong>sive</strong></span> <span class='ocrx_word' id='word_1_480' title='bbox 1354 4937 1582 5003; x_wconf 82' lang='lat' dir='ltr'><strong>legatum</strong></span> <span class='ocrx_word' id='word_1_481' title='bbox 1613 4932 1782 4987; x_wconf 91' lang='lat' dir='ltr'><strong>Cons-</strong></span> 
     </span>
    </p>
   </div>
   <div class='ocr_carea' id='block_1_67' title="bbox 206 5023 1780 5106">
    <p class='ocr_par' dir='ltr' id='par_1_67' title="bbox 206 5023 1780 5106">
     <span class='ocr_line' id='line_1_67' title="bbox 206 5023 1780 5106; baseline -0.006 -20"><span class='ocrx_word' id='word_1_482' title='bbox 206 5033 554 5106; x_wconf 84' lang='lat' dir='ltr'><strong>tantinopolin</strong></span> <span class='ocrx_word' id='word_1_483' title='bbox 579 5050 647 5091; x_wconf 83' lang='lat' dir='ltr'><strong>eo</strong></span> <span class='ocrx_word' id='word_1_484' title='bbox 674 5035 789 5105; x_wconf 88' lang='lat' dir='ltr'><strong>ipso</strong></span> <span class='ocrx_word' id='word_1_485' title='bbox 816 5048 958 5088; x_wconf 86' lang='lat' dir='ltr'><strong>anno</strong></span> <span class='ocrx_word' id='word_1_486' title='bbox 988 5030 1093 5085; x_wconf 82' lang='lat'><strong>585</strong></span> <span class='ocrx_word' id='word_1_487' title='bbox 1129 5029 1349 5085; x_wconf 90' lang='lat' dir='ltr'><strong>missum</strong></span> <span class='ocrx_word' id='word_1_488' title='bbox 1392 5027 1571 5081; x_wconf 81' lang='lat' dir='ltr'><strong>fuisse.</strong></span> <span class='ocrx_word' id='word_1_489' title='bbox 1624 5023 1780 5078; x_wconf 88' lang='lat' dir='ltr'><strong>Anno</strong></span> 
     </span>
    </p>
   </div>
   <div class='ocr_carea' id='block_1_68' title="bbox 209 5116 1780 5191">
    <p class='ocr_par' dir='ltr' id='par_1_68' title="bbox 209 5116 1780 5191">
     <span class='ocr_line' id='line_1_68' title="bbox 209 5116 1780 5191; baseline -0.004 -12"><span class='ocrx_word' id='word_1_490' title='bbox 209 5117 303 5179; x_wconf 67' lang='grc'><strong>584</strong></span> <span class='ocrx_word' id='word_1_491' title='bbox 344 5133 609 5191; x_wconf 63' lang='lat' dir='ltr'><strong>exeunte.</strong></span> <span class='ocrx_word' id='word_1_492' title='bbox 639 5135 734 5183; x_wconf 86' lang='lat' dir='ltr'><strong>aut</strong></span> <span class='ocrx_word' id='word_1_493' title='bbox 777 5142 917 5189; x_wconf 86' lang='lat' dir='ltr'><strong>anno</strong></span> <span class='ocrx_word' id='word_1_494' title='bbox 956 5122 1061 5177; x_wconf 87' lang='lat'><strong>585</strong></span> <span class='ocrx_word' id='word_1_495' title='bbox 1108 5122 1350 5187; x_wconf 85' lang='lat' dir='ltr'><strong>ineunte,</strong></span> <span class='ocrx_word' id='word_1_496' title='bbox 1394 5118 1450 5173; x_wconf 91' lang='lat' dir='ltr'><strong>S.</strong></span> <span class='ocrx_word' id='word_1_497' title='bbox 1492 5116 1780 5184; x_wconf 80' lang='lat' dir='ltr'><strong>Gregorius</strong></span> 
     </span>
    </p>
   </div>
   <div class='ocr_carea' id='block_1_69' title="bbox 211 5210 1781 5293">
    <p class='ocr_par' dir='ltr' id='par_1_69' title="bbox 211 5210 1781 5293">
     <span class='ocr_line' id='line_1_69' title="bbox 211 5210 1781 5293; baseline -0.011 -12"><span class='ocrx_word' id='word_1_498' title='bbox 211 5217 717 5293; x_wconf 64' lang='lat' dir='ltr'><strong>Constantinopolim</strong></span> <span class='ocrx_word' id='word_1_499' title='bbox 740 5220 977 5290; x_wconf 85' lang='lat' dir='ltr'><strong>reliquit,</strong></span> <span class='ocrx_word' id='word_1_500' title='bbox 998 5228 1052 5275; x_wconf 92' lang='lat' dir='ltr'><strong>et</strong></span> <span class='ocrx_word' id='word_1_501' title='bbox 1074 5217 1299 5273; x_wconf 81' lang='lat' dir='ltr'><strong>Romam</strong></span> <span class='ocrx_word' id='word_1_502' title='bbox 1325 5214 1490 5279; x_wconf 88' lang='lat' dir='ltr'><strong>venit,</strong></span> <span class='ocrx_word' id='word_1_503' title='bbox 1515 5220 1572 5267; x_wconf 92' lang='lat' dir='ltr'><strong>ut</strong></span> <span class='ocrx_word' id='word_1_504' title='bbox 1588 5210 1781 5280; x_wconf 82' lang='lat' dir='ltr'><strong>Pagius</strong></span> 
     </span>
    </p>
   </div>
   <div class='ocr_carea' id='block_1_70' title="bbox 208 5309 495 5377">
    <p class='ocr_par' dir='ltr' id='par_1_70' title="bbox 208 5309 495 5377">
     <span class='ocr_line' id='line_1_70' title="bbox 208 5309 495 5377; baseline 0.017 -15"><span class='ocrx_word' id='word_1_505' title='bbox 208 5309 495 5377; x_wconf 75' lang='lat' dir='ltr'><strong>conﬁrmat.</strong></span> 
     </span>
    </p>
   </div>
   <div class='ocr_carea' id='block_1_71' title="bbox 276 5392 1782 5474">
    <p class='ocr_par' dir='ltr' id='par_1_71' title="bbox 276 5392 1782 5474">
     <span class='ocr_line' id='line_1_71' title="bbox 276 5392 1782 5474; baseline -0.006 -19"><span class='ocrx_word' id='word_1_506' title='bbox 276 5400 358 5457; x_wconf 83' lang='lat' dir='ltr'><strong>l6.</strong></span> <span class='ocrx_word' id='word_1_507' title='bbox 396 5404 583 5474; x_wconf 83' lang='lat' dir='ltr'><strong>Itaque</strong></span> <span class='ocrx_word' id='word_1_508' title='bbox 606 5419 748 5463; x_wconf 77' lang='lat' dir='ltr'><strong>anno</strong></span> <span class='ocrx_word' id='word_1_509' title='bbox 777 5402 900 5465; x_wconf 80' lang='grc'><strong>585,</strong></span> <span class='ocrx_word' id='word_1_510' title='bbox 930 5411 1023 5458; x_wconf 85' lang='lat' dir='ltr'><strong>aut</strong></span> <span class='ocrx_word' id='word_1_511' title='bbox 1049 5400 1314 5471; x_wconf 68' lang='lat' dir='ltr'><strong>sequenti,</strong></span> <span class='ocrx_word' id='word_1_512' title='bbox 1347 5396 1586 5453; x_wconf 86' lang='lat' dir='ltr'><strong>Leander</strong></span> <span class='ocrx_word' id='word_1_513' title='bbox 1613 5392 1782 5449; x_wconf 89' lang='lat' dir='ltr'><strong>Cons-</strong></span> 
     </span>
    </p>
   </div>
   <div class='ocr_carea' id='block_1_72' title="bbox 216 5489 1780 5572">
    <p class='ocr_par' dir='ltr' id='par_1_72' title="bbox 216 5489 1780 5572">
     <span class='ocr_line' id='line_1_72' title="bbox 216 5489 1780 5572; baseline -0.005 -22"><span class='ocrx_word' id='word_1_514' title='bbox 216 5492 519 5565; x_wconf 60' lang='lat' dir='ltr'><strong>tantinopoli</strong></span> <span class='ocrx_word' id='word_1_515' title='bbox 563 5497 1016 5572; x_wconf 82' lang='lat' dir='ltr'><strong>commorabatur,</strong></span> <span class='ocrx_word' id='word_1_516' title='bbox 1058 5494 1124 5550; x_wconf 91' lang='lat' dir='ltr'><strong>de</strong></span> <span class='ocrx_word' id='word_1_517' title='bbox 1165 5510 1273 5562; x_wconf 92' lang='lat' dir='ltr'><strong>quo</strong></span> <span class='ocrx_word' id='word_1_518' title='bbox 1310 5495 1365 5547; x_wconf 88' lang='lat' dir='ltr'><strong>S.</strong></span> <span class='ocrx_word' id='word_1_519' title='bbox 1398 5490 1687 5557; x_wconf 79' lang='lat' dir='ltr'><strong>Gregorius</strong></span> <span class='ocrx_word' id='word_1_520' title='bbox 1725 5489 1780 5542; x_wconf 89' lang='lat' dir='ltr'><strong>in</strong></span> 
     </span>
    </p>
   </div>
   <div class='ocr_carea' id='block_1_73' title="bbox 217 5582 1777 5657">
    <p class='ocr_par' dir='ltr' id='par_1_73' title="bbox 217 5582 1777 5657">
     <span class='ocr_line' id='line_1_73' title="bbox 217 5582 1777 5657; baseline 0.001 -20"><span class='ocrx_word' id='word_1_521' title='bbox 217 5582 515 5648; x_wconf 56' lang='lat' dir='ltr'><strong>praefatione</strong></span> <span class='ocrx_word' id='word_1_522' title='bbox 558 5586 746 5643; x_wconf 71' lang='lat' dir='ltr'><strong>Morel.</strong></span> <span class='ocrx_word' id='word_1_523' title='bbox 779 5606 792 5640; x_wconf 88' lang='lat'>:</span> <span class='ocrx_word' id='word_1_524' title='bbox 826 5587 1031 5641; x_wconf 85' lang='lat' dir='ltr'><strong>Dudum</strong></span> <span class='ocrx_word' id='word_1_525' title='bbox 1067 5597 1133 5654; x_wconf 90' lang='lat' dir='ltr'><strong>te,</strong></span> <span class='ocrx_word' id='word_1_526' title='bbox 1177 5589 1337 5657; x_wconf 74' lang='lat' dir='ltr'><strong>frater</strong></span> <span class='ocrx_word' id='word_1_527' title='bbox 1375 5585 1683 5650; x_wconf 70' lang='lat' dir='ltr'><strong>beatissime,</strong></span> <span class='ocrx_word' id='word_1_528' title='bbox 1723 5586 1777 5639; x_wconf 79' lang='lat' dir='ltr'><strong>in</strong></span> 
     </span>
    </p>
   </div>
   <div class='ocr_carea' id='block_1_74' title="bbox 223 5669 1777 5748">
    <p class='ocr_par' dir='ltr' id='par_1_74' title="bbox 223 5669 1777 5748">
     <span class='ocr_line' id='line_1_74' title="bbox 223 5669 1777 5748; baseline 0.006 -25"><span class='ocrx_word' id='word_1_529' title='bbox 223 5669 775 5745; x_wconf 56' lang='lat' dir='ltr'><strong>Constantinopolim“</strong></span> <span class='ocrx_word' id='word_1_530' title='bbox 821 5682 943 5733; x_wconf 82' lang='lat' dir='ltr'><strong>urbe</strong></span> <span class='ocrx_word' id='word_1_531' title='bbox 999 5695 1324 5748; x_wconf 76' lang='lat' dir='ltr'><strong>cognoscens,</strong></span> <span class='ocrx_word' id='word_1_532' title='bbox 1383 5693 1496 5733; x_wconf 74' lang='lat' dir='ltr'><strong>eum</strong></span> <span class='ocrx_word' id='word_1_533' title='bbox 1548 5695 1625 5732; x_wconf 91' lang='lat' dir='ltr'><strong>me</strong></span> <span class='ocrx_word' id='word_1_534' title='bbox 1671 5678 1777 5737; x_wconf 80' lang='lat' dir='ltr'><strong>illic</strong></span> 
     </span>
    </p>
   </div>
   <div class='ocr_carea' id='block_1_75' title="bbox 221 5763 1775 5854">
    <p class='ocr_par' dir='ltr' id='par_1_75' title="bbox 221 5763 1775 5854">
     <span class='ocr_line' id='line_1_75' title="bbox 221 5763 1775 5854; baseline 0.008 -41"><span class='ocrx_word' id='word_1_535' title='bbox 221 5763 346 5854; x_wconf 58' lang='lat' dir='ltr'><strong>sedis</strong></span> <span class='ocrx_word' id='word_1_536' title='bbox 367 5768 659 5834; x_wconf 67' lang='lat' dir='ltr'><strong>apostolicae</strong></span> <span class='ocrx_word' id='word_1_537' title='bbox 686 5784 928 5838; x_wconf 76' lang='lat' dir='ltr'><strong>responsa</strong></span> <span class='ocrx_word' id='word_1_538' title='bbox 956 5773 1373 5839; x_wconf 78' lang='lat' dir='ltr'><strong>comtringerent,</strong></span> <span class='ocrx_word' id='word_1_539' title='bbox 1401 5781 1449 5825; x_wconf 78' lang='lat' dir='ltr'><strong>et</strong></span> <span class='ocrx_word' id='word_1_540' title='bbox 1478 5782 1522 5825; x_wconf 91' lang='lat' dir='ltr'><strong>te</strong></span> <span class='ocrx_word' id='word_1_541' title='bbox 1550 5772 1667 5825; x_wconf 87' lang='lat' dir='ltr'><strong>illuc</strong></span> <span class='ocrx_word' id='word_1_542' title='bbox 1696 5773 1775 5827; x_wconf 87' lang='lat' dir='ltr'><strong>in-</strong></span> 
     </span>
    </p>
   </div>
   <div class='ocr_carea' id='block_1_76' title="bbox 226 5858 1775 5935">
    <p class='ocr_par' dir='ltr' id='par_1_76' title="bbox 226 5858 1775 5935">
     <span class='ocr_line' id='line_1_76' title="bbox 226 5858 1775 5935; baseline 0.013 -37"><span class='ocrx_word' id='word_1_543' title='bbox 226 5862 386 5921; x_wconf 49' lang='lat' dir='ltr'><strong>iuncta</strong></span> <span class='ocrx_word' id='word_1_544' title='bbox 436 5872 527 5911; x_wconf 76' lang='lat' dir='ltr'><strong>vro</strong></span> <span class='ocrx_word' id='word_1_545' title='bbox 566 5858 732 5915; x_wconf 80' lang='lat' dir='ltr'><strong>causis</strong></span> <span class='ocrx_word' id='word_1_546' title='bbox 792 5858 904 5911; x_wconf 80' lang='lat' dir='ltr'><strong>ﬁdei</strong></span> <span class='ocrx_word' id='word_1_547' title='bbox 960 5862 1090 5932; x_wconf 78' lang='lat' dir='ltr'><strong>regis</strong></span> <span class='ocrx_word' id='word_1_548' title='bbox 1134 5859 1534 5935; x_wconf 80' lang='lat' dir='ltr'><strong>Wisigotharum</strong></span> <span class='ocrx_word' id='word_1_549' title='bbox 1591 5866 1775 5935; x_wconf 65' lang='lat' dir='ltr'><strong>legatt&#39;.‘</strong></span> 
     </span>
    </p>
   </div>
   <div class='ocr_carea' id='block_1_77' title="bbox 1876 1938 3477 2012">
    <p class='ocr_par' dir='ltr' id='par_1_77' title="bbox 1876 1938 3477 2012">
     <span class='ocr_line' id='line_1_77' title="bbox 1876 1938 3477 2012; baseline 0.002 -17"><span class='ocrx_word' id='word_1_550' title='bbox 1876 1956 2095 2012; x_wconf 88' lang='lat' dir='ltr'><strong>prorsus</strong></span> <span class='ocrx_word' id='word_1_551' title='bbox 2116 1940 2336 2003; x_wconf 86' lang='lat' dir='ltr'><strong>evidens</strong></span> <span class='ocrx_word' id='word_1_552' title='bbox 2361 1959 2370 1992; x_wconf 93' lang='lat'>:</span> <span class='ocrx_word' id='word_1_553' title='bbox 2398 1940 2574 2009; x_wconf 90' lang='lat' dir='ltr'><strong>potuit</strong></span> <span class='ocrx_word' id='word_1_554' title='bbox 2598 1940 2739 1994; x_wconf 90' lang='lat' dir='ltr'><strong>enim</strong></span> <span class='ocrx_word' id='word_1_555' title='bbox 2771 1938 3477 2009; x_wconf 78' lang='lat' dir='ltr'><strong>Hermenegildus‘nOndum</strong></span> 
     </span>
    </p>
   </div>
   <div class='ocr_carea' id='block_1_78' title="bbox 1876 2031 3479 2113">
    <p class='ocr_par' dir='ltr' id='par_1_78' title="bbox 1876 2031 3479 2113">
     <span class='ocr_line' id='line_1_78' title="bbox 1876 2031 3479 2113; baseline 0 -24"><span class='ocrx_word' id='word_1_556' title='bbox 1876 2033 2176 2089; x_wconf 84' lang='lat' dir='ltr'><strong>catholicus</strong></span> <span class='ocrx_word' id='word_1_557' title='bbox 2204 2048 2323 2086; x_wconf 89' lang='lat' dir='ltr'><strong>eam</strong></span> <span class='ocrx_word' id='word_1_558' title='bbox 2368 2031 2689 2100; x_wconf 79' lang='lat' dir='ltr'><strong>legationem</strong></span> <span class='ocrx_word' id='word_1_559' title='bbox 2720 2032 3034 2113; x_wconf 76' lang='lat' dir='ltr'><strong>decernere,</strong></span> <span class='ocrx_word' id='word_1_560' title='bbox 3075 2035 3219 2105; x_wconf 88' lang='lat' dir='ltr'><strong>quod</strong></span> <span class='ocrx_word' id='word_1_561' title='bbox 3249 2035 3479 2091; x_wconf 87' lang='lat' dir='ltr'><strong>catholi-</strong></span> 
     </span>
    </p>
   </div>
   <div class='ocr_carea' id='block_1_79' title="bbox 1875 2120 3481 2192">
    <p class='ocr_par' dir='ltr' id='par_1_79' title="bbox 1875 2120 3481 2192">
     <span class='ocr_line' id='line_1_79' title="bbox 1875 2120 3481 2192; baseline 0.002 -16"><span class='ocrx_word' id='word_1_562' title='bbox 1875 2122 1952 2176; x_wconf 85' lang='lat' dir='ltr'><strong>cis</strong></span> <span class='ocrx_word' id='word_1_563' title='bbox 1989 2123 2101 2191; x_wconf 86' lang='lat' dir='ltr'><strong>ipse</strong></span> <span class='ocrx_word' id='word_1_564' title='bbox 2148 2120 2369 2186; x_wconf 81' lang='lat' dir='ltr'><strong>faveret,</strong></span> <span class='ocrx_word' id='word_1_565' title='bbox 2412 2129 2465 2175; x_wconf 90' lang='lat' dir='ltr'><strong>et</strong></span> <span class='ocrx_word' id='word_1_566' title='bbox 2493 2120 2727 2176; x_wconf 82' lang='lat' dir='ltr'><strong>vicissim</strong></span> <span class='ocrx_word' id='word_1_567' title='bbox 2778 2120 3031 2185; x_wconf 79' lang='lat' dir='ltr'><strong>‘catholici</strong></span> <span class='ocrx_word' id='word_1_568' title='bbox 3075 2122 3317 2191; x_wconf 86' lang='lat' dir='ltr'><strong>partibus</strong></span> <span class='ocrx_word' id='word_1_569' title='bbox 3363 2123 3481 2192; x_wconf 82' lang='lat' dir='ltr'><strong>ejus</strong></span> 
     </span>
    </p>
   </div>
   <div class='ocr_carea' id='block_1_80' title="bbox 1874 2202 3478 2284">
    <p class='ocr_par' dir='ltr' id='par_1_80' title="bbox 1874 2202 3478 2284">
     <span class='ocr_line' id='line_1_80' title="bbox 1874 2202 3478 2284; baseline 0 -16"><span class='ocrx_word' id='word_1_570' title='bbox 1874 2214 2226 2268; x_wconf 74' lang='lat' dir='ltr'><strong>adluererent.</strong></span> <span class='ocrx_word' id='word_1_571' title='bbox 2256 2210 2535 2266; x_wconf 87' lang='lat' dir='ltr'><strong>Sententia</strong></span> <span class='ocrx_word' id='word_1_572' title='bbox 2561 2211 3032 2275; x_wconf 80' lang='lat' dir='ltr'><strong>Bollan‘dianowm</strong></span> <span class='ocrx_word' id='word_1_573' title='bbox 3063 2202 3192 2267; x_wconf 84' lang='lat' dir='ltr'><strong>mihi</strong></span> <span class='ocrx_word' id='word_1_574' title='bbox 3218 2214 3478 2284; x_wconf 88' lang='lat' dir='ltr'><strong>placeret,</strong></span> 
     </span>
    </p>
   </div>
   <div class='ocr_carea' id='block_1_81' title="bbox 1874 2301 3478 2373">
    <p class='ocr_par' dir='ltr' id='par_1_81' title="bbox 1874 2301 3478 2373">
     <span class='ocr_line' id='line_1_81' title="bbox 1874 2301 3478 2373; baseline 0 -12"><span class='ocrx_word' id='word_1_575' title='bbox 1874 2306 1917 2361; x_wconf 90' lang='lat' dir='ltr'><strong>si</strong></span> <span class='ocrx_word' id='word_1_576' title='bbox 1966 2314 2242 2360; x_wconf 88' lang='lat' dir='ltr'><strong>constaret</strong></span> <span class='ocrx_word' id='word_1_577' title='bbox 2289 2303 2607 2373; x_wconf 80' lang='lat' dir='ltr'><strong>Gregorium</strong></span> <span class='ocrx_word' id='word_1_578' title='bbox 2657 2303 3046 2373; x_wconf 86' lang='lat' dir='ltr'><strong>pr0prle‘tatem</strong></span> <span class='ocrx_word' id='word_1_579' title='bbox 3100 2301 3478 2361; x_wconf 85' lang='lat' dir='ltr'><strong>adverbiorum</strong></span> 
     </span>
    </p>
   </div>
   <div class='ocr_carea' id='block_1_82' title="bbox 1872 2380 3467 2465">
    <p class='ocr_par' dir='ltr' id='par_1_82' title="bbox 1872 2380 3467 2465">
     <span class='ocr_line' id='line_1_82' title="bbox 1872 2380 3467 2465; baseline 0 -11"><span class='ocrx_word' id='word_1_580' title='bbox 1872 2407 2113 2454; x_wconf 87' lang='lat' dir='ltr'><strong>secutum</strong></span> <span class='ocrx_word' id='word_1_581' title='bbox 2138 2398 2336 2465; x_wconf 80' lang='lat' dir='ltr'><strong>fuisse;</strong></span> <span class='ocrx_word' id='word_1_582' title='bbox 2362 2397 2456 2452; x_wconf 88' lang='lat' dir='ltr'><strong>sed</strong></span> <span class='ocrx_word' id='word_1_583' title='bbox 2485 2396 2703 2451; x_wconf 88' lang='lat' dir='ltr'><strong>minime</strong></span> <span class='ocrx_word' id='word_1_584' title='bbox 2727 2396 2777 2451; x_wconf 91' lang='lat' dir='ltr'><strong>id</strong></span> <span class='ocrx_word' id='word_1_585' title='bbox 2801 2404 3031 2452; x_wconf 88' lang='lat' dir='ltr'><strong>constat.</strong></span> <span class='ocrx_word' id='word_1_586' title='bbox 3051 2380 3171 2453; x_wconf 79' lang='lat' dir='ltr'><strong>Nic.</strong></span> <span class='ocrx_word' id='word_1_587' title='bbox 3197 2396 3467 2454; x_wconf 87' lang='lat' dir='ltr'><strong>Antonius</strong></span> 
     </span>
    </p>
   </div>
   <div class='ocr_carea' id='block_1_83' title="bbox 1872 2489 3479 2561">
    <p class='ocr_par' dir='ltr' id='par_1_83' title="bbox 1872 2489 3479 2561">
     <span class='ocr_line' id='line_1_83' title="bbox 1872 2489 3479 2561; baseline -0.001 -14"><span class='ocrx_word' id='word_1_588' title='bbox 1872 2508 1927 2547; x_wconf 87' lang='grc' dir='ltr'>ιι.</span> <span class='ocrx_word' id='word_1_589' title='bbox 1955 2490 2045 2559; x_wconf 91' lang='grc'><strong>85,</strong></span> <span class='ocrx_word' id='word_1_590' title='bbox 2096 2492 2198 2547; x_wconf 89' lang='lat' dir='ltr'><strong>iter</strong></span> <span class='ocrx_word' id='word_1_591' title='bbox 2229 2490 2454 2546; x_wconf 88' lang='lat' dir='ltr'><strong>Leandri</strong></span> <span class='ocrx_word' id='word_1_592' title='bbox 2476 2489 3148 2559; x_wconf 75' lang='lat' dir='ltr'><strong>Constantintipolitanum</strong></span> <span class='ocrx_word' id='word_1_593' title='bbox 3190 2498 3313 2561; x_wconf 88' lang='lat' dir='ltr'><strong>post</strong></span> <span class='ocrx_word' id='word_1_594' title='bbox 3338 2490 3479 2547; x_wconf 84' lang='lat' dir='ltr'><strong>Her-</strong></span> 
     </span>
    </p>
   </div>
   <div class='ocr_carea' id='block_1_84' title="bbox 1872 2583 3475 2654">
    <p class='ocr_par' dir='ltr' id='par_1_84' title="bbox 1872 2583 3475 2654">
     <span class='ocr_line' id='line_1_84' title="bbox 1872 2583 3475 2654; baseline -0.001 -14"><span class='ocrx_word' id='word_1_595' title='bbox 1872 2583 2160 2654; x_wconf 82' lang='lat' dir='ltr'><strong>menegildl</strong></span> <span class='ocrx_word' id='word_1_596' title='bbox 2186 2585 2595 2641; x_wconf 82' lang='lat' dir='ltr'><strong>conversionem</strong></span> <span class='ocrx_word' id='word_1_597' title='bbox 2620 2583 2878 2639; x_wconf 76' lang='lat' dir='ltr'><strong>accidisse</strong></span> <span class='ocrx_word' id='word_1_598' title='bbox 2901 2584 3128 2651; x_wconf 84' lang='lat' dir='ltr'><strong>statuit;</strong></span> <span class='ocrx_word' id='word_1_599' title='bbox 3155 2584 3274 2651; x_wconf 84' lang='lat' dir='ltr'><strong>sed,</strong></span> <span class='ocrx_word' id='word_1_600' title='bbox 3301 2596 3356 2639; x_wconf 85' lang='grc' dir='ltr'><strong>ιι.</strong></span> <span class='ocrx_word' id='word_1_601' title='bbox 3378 2583 3475 2650; x_wconf 76' lang='lat'><strong>87,</strong></span> 
     </span>
    </p>
   </div>
   <div class='ocr_carea' id='block_1_85' title="bbox 1875 2671 3478 2744">
    <p class='ocr_par' dir='ltr' id='par_1_85' title="bbox 1875 2671 3478 2744">
     <span class='ocr_line' id='line_1_85' title="bbox 1875 2671 3478 2744; baseline -0.001 -14"><span class='ocrx_word' id='word_1_602' title='bbox 1875 2684 2131 2730; x_wconf 87' lang='lat' dir='ltr'><strong>constare</strong></span> <span class='ocrx_word' id='word_1_603' title='bbox 2181 2683 2342 2744; x_wconf 82' lang='lat' dir='ltr'><strong>negat</strong></span> <span class='ocrx_word' id='word_1_604' title='bbox 2387 2674 2691 2730; x_wconf 79' lang='lat' dir='ltr'><strong>Leandrum</strong></span> <span class='ocrx_word' id='word_1_605' title='bbox 2749 2674 2876 2729; x_wconf 76' lang='lat' dir='ltr'><strong>ante</strong></span> <span class='ocrx_word' id='word_1_606' title='bbox 2921 2671 3217 2744; x_wconf 82' lang='lat' dir='ltr'><strong>Leovigildi</strong></span> <span class='ocrx_word' id='word_1_607' title='bbox 3269 2673 3478 2731; x_wconf 71' lang='lat' dir='ltr'><strong>obitum</strong></span> 
     </span>
    </p>
   </div>
   <div class='ocr_carea' id='block_1_86' title="bbox 1873 2765 3481 2839">
    <p class='ocr_par' dir='ltr' id='par_1_86' title="bbox 1873 2765 3481 2839">
     <span class='ocr_line' id='line_1_86' title="bbox 1873 2765 3481 2839; baseline 0.001 -18"><span class='ocrx_word' id='word_1_608' title='bbox 1873 2765 2187 2835; x_wconf 81' lang='lat' dir='ltr'><strong>Hispaniain</strong></span> <span class='ocrx_word' id='word_1_609' title='bbox 2232 2766 2474 2821; x_wconf 86' lang='lat' dir='ltr'><strong>rediisse.</strong></span> <span class='ocrx_word' id='word_1_610' title='bbox 2524 2766 2642 2821; x_wconf 83' lang='lat' dir='ltr'><strong>Alia</strong></span> <span class='ocrx_word' id='word_1_611' title='bbox 2682 2766 3120 2835; x_wconf 83' lang='lat' dir='ltr'><strong>interpunctione</strong></span> <span class='ocrx_word' id='word_1_612' title='bbox 3147 2768 3481 2839; x_wconf 68' lang='lat' dir='ltr'><strong>cognorimus</strong></span> 
     </span>
    </p>
   </div>
   <div class='ocr_carea' id='block_1_87' title="bbox 1876 2852 3482 2927">
    <p class='ocr_par' dir='ltr' id='par_1_87' title="bbox 1876 2852 3482 2927">
     <span class='ocr_line' id='line_1_87' title="bbox 1876 2852 3482 2927; baseline 0.004 -18"><span class='ocrx_word' id='word_1_613' title='bbox 1876 2873 2075 2923; x_wconf 79' lang='lat' dir='ltr'><strong>nuper,</strong></span> <span class='ocrx_word' id='word_1_614' title='bbox 2128 2852 2561 2926; x_wconf 76' lang='lat' dir='ltr'><strong>Hermenegildus</strong></span> <span class='ocrx_word' id='word_1_615' title='bbox 2609 2871 2726 2922; x_wconf 70' lang='lat' dir='ltr'><strong>rem,</strong></span> <span class='ocrx_word' id='word_1_616' title='bbox 2780 2871 2942 2924; x_wconf 82' lang='lat' dir='ltr'><strong>quam</strong></span> <span class='ocrx_word' id='word_1_617' title='bbox 2988 2856 3155 2913; x_wconf 83' lang='lat' dir='ltr'><strong>modo</strong></span> <span class='ocrx_word' id='word_1_618' title='bbox 3188 2857 3482 2927; x_wconf 78' lang='lat' dir='ltr'><strong>explicui,</strong></span> 
     </span>
    </p>
   </div>
   <div class='ocr_carea' id='block_1_88' title="bbox 1873 2944 3479 3017">
    <p class='ocr_par' dir='ltr' id='par_1_88' title="bbox 1873 2944 3479 3017">
     <span class='ocr_line' id='line_1_88' title="bbox 1873 2944 3479 3017; baseline 0.001 -17"><span class='ocrx_word' id='word_1_619' title='bbox 1873 2945 2164 3001; x_wconf 84' lang='lat' dir='ltr'><strong>diﬂicultas</strong></span> <span class='ocrx_word' id='word_1_620' title='bbox 2214 2944 2687 3005; x_wconf 85' lang='lat' dir='ltr'><strong>Bollandianorum</strong></span> <span class='ocrx_word' id='word_1_621' title='bbox 2734 2946 3023 3007; x_wconf 78' lang='lat' dir='ltr'><strong>evanescit.</strong></span> <span class='ocrx_word' id='word_1_622' title='bbox 3079 2946 3230 3007; x_wconf 72' lang='lat' dir='ltr'><strong>Multi</strong></span> <span class='ocrx_word' id='word_1_623' title='bbox 3268 2955 3479 3017; x_wconf 79' lang='lat' dir='ltr'><strong>putent,</strong></span> 
     </span>
    </p>
   </div>
   <div class='ocr_carea' id='block_1_89' title="bbox 1875 3034 3481 3109">
    <p class='ocr_par' dir='ltr' id='par_1_89' title="bbox 1875 3034 3481 3109">
     <span class='ocr_line' id='line_1_89' title="bbox 1875 3034 3481 3109; baseline 0.002 -18"><span class='ocrx_word' id='word_1_624' title='bbox 1875 3036 2181 3094; x_wconf 84' lang='lat' dir='ltr'><strong>Leandrum</strong></span> <span class='ocrx_word' id='word_1_625' title='bbox 2228 3038 2281 3095; x_wconf 90' lang='lat' dir='ltr'><strong>in</strong></span> <span class='ocrx_word' id='word_1_626' title='bbox 2329 3036 2576 3095; x_wconf 80' lang='lat' dir='ltr'><strong>exsilium</strong></span> <span class='ocrx_word' id='word_1_627' title='bbox 2630 3037 2852 3092; x_wconf 87' lang='lat' dir='ltr'><strong>missum</strong></span> <span class='ocrx_word' id='word_1_628' title='bbox 2900 3044 3027 3109; x_wconf 83' lang='lat' dir='ltr'><strong>post</strong></span> <span class='ocrx_word' id='word_1_629' title='bbox 3077 3034 3481 3107; x_wconf 78' lang='lat' dir='ltr'><strong>Hermonegildi</strong></span> 
     </span>
    </p>
   </div>
   <div class='ocr_carea' id='block_1_90' title="bbox 1874 3126 3557 3199">
    <p class='ocr_par' dir='ltr' id='par_1_90' title="bbox 1874 3126 3557 3199">
     <span class='ocr_line' id='line_1_90' title="bbox 1874 3126 3557 3199; baseline 0.002 -16"><span class='ocrx_word' id='word_1_630' title='bbox 1874 3128 2193 3199; x_wconf 81' lang='lat' dir='ltr'><strong>martyrium</strong></span> <span class='ocrx_word' id='word_1_631' title='bbox 2222 3146 2235 3181; x_wconf 85' lang='lat'><strong>:</strong></span> <span class='ocrx_word' id='word_1_632' title='bbox 2271 3143 2394 3182; x_wconf 82' lang='lat' dir='ltr'><strong>nam</strong></span> <span class='ocrx_word' id='word_1_633' title='bbox 2424 3127 2540 3182; x_wconf 82' lang='lat' dir='ltr'><strong>Ado</strong></span> <span class='ocrx_word' id='word_1_634' title='bbox 2574 3126 2894 3184; x_wconf 77' lang='lat' dir='ltr'><strong>Viennensis</strong></span> <span class='ocrx_word' id='word_1_635' title='bbox 2936 3136 3143 3197; x_wconf 74' lang='lat' dir='ltr'><strong>narrat,</strong></span> <span class='ocrx_word' id='word_1_636' title='bbox 3180 3136 3303 3198; x_wconf 83' lang='lat' dir='ltr'><strong>post</strong></span> <span class='ocrx_word' id='word_1_637' title='bbox 3339 3129 3480 3187; x_wconf 80' lang='lat' dir='ltr'><strong>Her-</strong></span> <span class='ocrx_word' id='word_1_638' title='bbox 3538 3168 3557 3185; x_wconf 87' lang='lat'><strong>.</strong></span> 
     </span>
    </p>
   </div>
   <div class='ocr_carea' id='block_1_91' title="bbox 1803 3217 3472 3318">
    <p class='ocr_par' dir='ltr' id='par_1_91' title="bbox 1803 3217 3472 3318">
     <span class='ocr_line' id='line_1_91' title="bbox 1803 3217 3472 3318; baseline 0.001 -42"><span class='ocrx_word' id='word_1_639' title='bbox 1803 3257 1845 3318; x_wconf 66' lang='grc' dir='ltr'>ε</span> <span class='ocrx_word' id='word_1_640' title='bbox 1876 3218 2177 3318; x_wconf 66' lang='lat' dir='ltr'><strong>menegildi</strong></span> <span class='ocrx_word' id='word_1_641' title='bbox 2209 3219 2408 3275; x_wconf 61' lang='lat' dir='ltr'><strong>caedem</strong></span> <span class='ocrx_word' id='word_1_642' title='bbox 2462 3226 2668 3289; x_wconf 83' lang='lat' dir='ltr'><strong>patrem</strong></span> <span class='ocrx_word' id='word_1_643' title='bbox 2718 3217 3090 3287; x_wconf 80' lang='lat' dir='ltr'><strong>Leovigildum</strong></span> <span class='ocrx_word' id='word_1_644' title='bbox 3136 3220 3472 3279; x_wconf 77' lang='lat' dir='ltr'><strong>acerbiorem</strong></span> 
     </span>
    </p>
   </div>
   <div class='ocr_carea' id='block_1_92' title="bbox 1883 3312 3476 3381">
    <p class='ocr_par' dir='ltr' id='par_1_92' title="bbox 1883 3312 3476 3381">
     <span class='ocr_line' id='line_1_92' title="bbox 1883 3312 3476 3381; baseline 0.001 -14"><span class='ocrx_word' id='word_1_645' title='bbox 1883 3313 1937 3367; x_wconf 90' lang='lat' dir='ltr'><strong>in</strong></span> <span class='ocrx_word' id='word_1_646' title='bbox 1983 3312 2276 3369; x_wconf 88' lang='lat' dir='ltr'><strong>catholicos</strong></span> <span class='ocrx_word' id='word_1_647' title='bbox 2319 3312 2750 3381; x_wconf 72' lang='lat' dir='ltr'><strong>persecutionem</strong></span> <span class='ocrx_word' id='word_1_648' title='bbox 2797 3313 3096 3375; x_wconf 76' lang='lat' dir='ltr'><strong>excitasse.</strong></span> <span class='ocrx_word' id='word_1_649' title='bbox 3156 3313 3476 3371; x_wconf 68' lang='lat' dir='ltr'><strong>orthodoxis</strong></span> 
     </span>
    </p>
   </div>
   <div class='ocr_carea' id='block_1_93' title="bbox 1856 3402 2907 3475">
    <p class='ocr_par' dir='ltr' id='par_1_93' title="bbox 1856 3402 2907 3475">
     <span class='ocr_line' id='line_1_93' title="bbox 1856 3402 2907 3475; baseline -0.003 -17"><span class='ocrx_word' id='word_1_650' title='bbox 1856 3428 1857 3431; x_wconf 54' lang='grc' dir='ltr'><strong>η</strong></span> <span class='ocrx_word' id='word_1_651' title='bbox 1883 3402 2147 3475; x_wconf 84' lang='lat' dir='ltr'><strong>episcopis</strong></span> <span class='ocrx_word' id='word_1_652' title='bbox 2173 3403 2226 3457; x_wconf 86' lang='lat' dir='ltr'><strong>in</strong></span> <span class='ocrx_word' id='word_1_653' title='bbox 2253 3402 2467 3459; x_wconf 80' lang='lat' dir='ltr'><strong>diversa</strong></span> <span class='ocrx_word' id='word_1_654' title='bbox 2495 3402 2612 3463; x_wconf 80' lang='lat' dir='ltr'><strong>loca</strong></span> <span class='ocrx_word' id='word_1_655' title='bbox 2636 3402 2907 3470; x_wconf 81' lang='lat' dir='ltr'><strong>relegatis.</strong></span> 
     </span>
    </p>
   </div>
   <div class='ocr_carea' id='block_1_94' title="bbox 1957 3490 3479 3565">
    <p class='ocr_par' dir='ltr' id='par_1_94' title="bbox 1957 3490 3479 3565">
     <span class='ocr_line' id='line_1_94' title="bbox 1957 3490 3479 3565; baseline 0.005 -19"><span class='ocrx_word' id='word_1_656' title='bbox 1957 3493 2042 3547; x_wconf 86' lang='grc'><strong>17,</strong></span> <span class='ocrx_word' id='word_1_657' title='bbox 2067 3490 2274 3547; x_wconf 88' lang='lat' dir='ltr'><strong>Censeo</strong></span> <span class='ocrx_word' id='word_1_658' title='bbox 2293 3490 2539 3563; x_wconf 82' lang='lat' dir='ltr'><strong>equidem</strong></span> <span class='ocrx_word' id='word_1_659' title='bbox 2560 3491 2889 3562; x_wconf 84' lang='lat' dir='ltr'><strong>Leandrum,</strong></span> <span class='ocrx_word' id='word_1_660' title='bbox 2911 3492 3183 3563; x_wconf 79' lang='lat' dir='ltr'><strong>legatione</strong></span> <span class='ocrx_word' id='word_1_661' title='bbox 3205 3492 3479 3565; x_wconf 61' lang='lat' dir='ltr'><strong>fundum,</strong></span> 
     </span>
    </p>
   </div>
   <div class='ocr_carea' id='block_1_95' title="bbox 1887 3586 3480 3657">
    <p class='ocr_par' dir='ltr' id='par_1_95' title="bbox 1887 3586 3480 3657">
     <span class='ocr_line' id='line_1_95' title="bbox 1887 3586 3480 3657; baseline -0.006 -13"><span class='ocrx_word' id='word_1_662' title='bbox 1887 3586 2358 3657; x_wconf 80' lang='lat' dir='ltr'><strong>Constantinopoli</strong></span> <span class='ocrx_word' id='word_1_663' title='bbox 2389 3588 2445 3642; x_wconf 89' lang='lat' dir='ltr'><strong>in</strong></span> <span class='ocrx_word' id='word_1_664' title='bbox 2473 3586 2784 3655; x_wconf 81' lang='lat' dir='ltr'><strong>Hispaniam</strong></span> <span class='ocrx_word' id='word_1_665' title='bbox 2812 3602 3105 3654; x_wconf 80' lang='lat' dir='ltr'><strong>remeasse,</strong></span> <span class='ocrx_word' id='word_1_666' title='bbox 3159 3588 3270 3651; x_wconf 83' lang='lat' dir='ltr'><strong>imo</strong></span> <span class='ocrx_word' id='word_1_667' title='bbox 3296 3596 3354 3645; x_wconf 67' lang='lat' dir='ltr'><strong>et</strong></span> <span class='ocrx_word' id='word_1_668' title='bbox 3380 3603 3480 3655; x_wconf 69' lang='lat' dir='ltr'><strong>au.</strong></span> 
     </span>
    </p>
   </div>
   <div class='ocr_carea' id='block_1_96' title="bbox 1883 3676 3480 3750">
    <p class='ocr_par' dir='ltr' id='par_1_96' title="bbox 1883 3676 3480 3750">
     <span class='ocr_line' id='line_1_96' title="bbox 1883 3676 3480 3750; baseline 0 -13"><span class='ocrx_word' id='word_1_669' title='bbox 1883 3681 2100 3737; x_wconf 71' lang='lat' dir='ltr'><strong>xiliares</strong></span> <span class='ocrx_word' id='word_1_670' title='bbox 2157 3679 2340 3749; x_wconf 82' lang='lat' dir='ltr'><strong>copias</strong></span> <span class='ocrx_word' id='word_1_671' title='bbox 2393 3679 2461 3739; x_wconf 83' lang='lat' dir='ltr'><strong>ab</strong></span> <span class='ocrx_word' id='word_1_672' title='bbox 2516 3679 2846 3748; x_wconf 86' lang='lat' dir='ltr'><strong>imperatore</strong></span> <span class='ocrx_word' id='word_1_673' title='bbox 2901 3694 3001 3748; x_wconf 86' lang='lat' dir='ltr'><strong>pro</strong></span> <span class='ocrx_word' id='word_1_674' title='bbox 3061 3676 3480 3750; x_wconf 78' lang='lat' dir='ltr'><strong>Hermencgildo</strong></span> 
     </span>
    </p>
   </div>
   <div class='ocr_carea' id='block_1_97' title="bbox 1883 3767 3481 3838">
    <p class='ocr_par' dir='ltr' id='par_1_97' title="bbox 1883 3767 3481 3838">
     <span class='ocr_line' id='line_1_97' title="bbox 1883 3767 3481 3838; baseline 0.003 -13"><span class='ocrx_word' id='word_1_675' title='bbox 1883 3772 2201 3829; x_wconf 83' lang='lat' dir='ltr'><strong>obtinuisse.</strong></span> <span class='ocrx_word' id='word_1_676' title='bbox 2251 3769 2444 3835; x_wconf 84' lang='lat' dir='ltr'><strong>Narrat</strong></span> <span class='ocrx_word' id='word_1_677' title='bbox 2488 3771 2630 3827; x_wconf 90' lang='lat' dir='ltr'><strong>enim</strong></span> <span class='ocrx_word' id='word_1_678' title='bbox 2680 3767 2973 3838; x_wconf 70' lang='lat' dir='ltr'><strong>Gregorius</strong></span> <span class='ocrx_word' id='word_1_679' title='bbox 3025 3768 3481 3835; x_wconf 78' lang='lat' dir='ltr'><strong>Turonensisl.v</strong></span> 
     </span>
    </p>
   </div>
   <div class='ocr_carea' id='block_1_98' title="bbox 1882 3863 3481 3937">
    <p class='ocr_par' dir='ltr' id='par_1_98' title="bbox 1882 3863 3481 3937">
     <span class='ocr_line' id='line_1_98' title="bbox 1882 3863 3481 3937; baseline 0.004 -18"><span class='ocrx_word' id='word_1_680' title='bbox 1882 3864 2018 3919; x_wconf 87' lang='lat' dir='ltr'><strong>llist.</strong></span> <span class='ocrx_word' id='word_1_681' title='bbox 2052 3865 2332 3928; x_wconf 79' lang='lat' dir='ltr'><strong>Francor.,</strong></span> <span class='ocrx_word' id='word_1_682' title='bbox 2364 3881 2411 3919; x_wconf 92' lang='lat' dir='ltr'><strong>c.</strong></span> <span class='ocrx_word' id='word_1_683' title='bbox 2442 3863 2513 3921; x_wconf 74' lang='grc'><strong>58</strong></span> <span class='ocrx_word' id='word_1_684' title='bbox 2543 3865 2908 3934; x_wconf 80' lang='lat' dir='ltr'><strong>Leovigiidum</strong></span> <span class='ocrx_word' id='word_1_685' title='bbox 2960 3864 3215 3935; x_wconf 67' lang='lat' dir='ltr'><strong>praefecto</strong></span> <span class='ocrx_word' id='word_1_686' title='bbox 3242 3869 3481 3937; x_wconf 80' lang='lat' dir='ltr'><strong>impere-</strong></span> 
     </span>
    </p>
   </div>
   <div class='ocr_carea' id='block_1_99' title="bbox 1884 3954 3481 4027">
    <p class='ocr_par' dir='ltr' id='par_1_99' title="bbox 1884 3954 3481 4027">
     <span class='ocr_line' id='line_1_99' title="bbox 1884 3954 3481 4027; baseline 0.001 -15"><span class='ocrx_word' id='word_1_687' title='bbox 1884 3957 2019 4012; x_wconf 78' lang='lat' dir='ltr'><strong>toris</strong></span> <span class='ocrx_word' id='word_1_688' title='bbox 2051 3958 2266 4023; x_wconf 77' lang='lat' dir='ltr'><strong>triginta</strong></span> <span class='ocrx_word' id='word_1_689' title='bbox 2296 3954 2467 4013; x_wconf 80' lang='lat' dir='ltr'><strong>millia</strong></span> <span class='ocrx_word' id='word_1_690' title='bbox 2489 3956 2784 4015; x_wconf 78' lang='lat' dir='ltr'><strong>solidorum</strong></span> <span class='ocrx_word' id='word_1_691' title='bbox 2830 3956 3062 4023; x_wconf 87' lang='lat' dir='ltr'><strong>dedisse,</strong></span> <span class='ocrx_word' id='word_1_692' title='bbox 3104 3965 3161 4017; x_wconf 83' lang='lat' dir='ltr'><strong>ut</strong></span> <span class='ocrx_word' id='word_1_693' title='bbox 3204 3976 3260 4019; x_wconf 72' lang='lat' dir='ltr'><strong>se</strong></span> <span class='ocrx_word' id='word_1_694' title='bbox 3302 3976 3336 4012; x_wconf 81' lang='grc' dir='ltr'><em>α</em></span> <span class='ocrx_word' id='word_1_695' title='bbox 3379 3959 3481 4027; x_wconf 72' lang='lat' dir='ltr'><strong>ﬁlii</strong></span> 
     </span>
    </p>
   </div>
   <div class='ocr_carea' id='block_1_100' title="bbox 1881 4045 3478 4117">
    <p class='ocr_par' dir='ltr' id='par_1_100' title="bbox 1881 4045 3478 4117">
     <span class='ocr_line' id='line_1_100' title="bbox 1881 4045 3478 4117; baseline 0.003 -15"><span class='ocrx_word' id='word_1_696' title='bbox 1881 4048 2069 4102; x_wconf 86' lang='lat' dir='ltr'><strong>solatio</strong></span> <span class='ocrx_word' id='word_1_697' title='bbox 2100 4055 2382 4113; x_wconf 82' lang='lat' dir='ltr'><strong>revocaret,</strong></span> <span class='ocrx_word' id='word_1_698' title='bbox 2417 4046 2492 4101; x_wconf 83' lang='lat' dir='ltr'><strong>uti</strong></span> <span class='ocrx_word' id='word_1_699' title='bbox 2524 4047 2717 4100; x_wconf 85' lang='lat' dir='ltr'><strong>tactum</strong></span> <span class='ocrx_word' id='word_1_700' title='bbox 2746 4054 2847 4101; x_wconf 85' lang='lat' dir='ltr'><strong>est.</strong></span> <span class='ocrx_word' id='word_1_701' title='bbox 2880 4045 3311 4117; x_wconf 70' lang='lat' dir='ltr'><strong>Hmegildus</strong></span> <span class='ocrx_word' id='word_1_702' title='bbox 3337 4065 3478 4117; x_wconf 74' lang='lat' dir='ltr'><strong>vero,</strong></span> 
     </span>
    </p>
   </div>
   <div class='ocr_carea' id='block_1_101' title="bbox 1881 4134 3479 4208">
    <p class='ocr_par' dir='ltr' id='par_1_101' title="bbox 1881 4134 3479 4208">
     <span class='ocr_line' id='line_1_101' title="bbox 1881 4134 3479 4208; baseline 0.003 -18"><span class='ocrx_word' id='word_1_703' title='bbox 1881 4141 2056 4208; x_wconf 78' lang='lat' dir='ltr'><strong>pergit</strong></span> <span class='ocrx_word' id='word_1_704' title='bbox 2090 4137 2229 4193; x_wconf 82' lang='lat' dir='ltr'><strong>idem</strong></span> <span class='ocrx_word' id='word_1_705' title='bbox 2260 4137 2572 4204; x_wconf 81' lang='lat' dir='ltr'><strong>historicus,</strong></span> <span class='ocrx_word' id='word_1_706' title='bbox 2602 4138 2793 4197; x_wconf 70' lang='lat' dir='ltr'><strong>vocatis</strong></span> <span class='ocrx_word' id='word_1_707' title='bbox 2823 4134 3040 4203; x_wconf 63' lang='lat' dir='ltr'><strong>Gracia,</strong></span> <span class='ocrx_word' id='word_1_708' title='bbox 3068 4147 3251 4201; x_wconf 70' lang='lat' dir='ltr'><strong>contra</strong></span> <span class='ocrx_word' id='word_1_709' title='bbox 3279 4147 3479 4207; x_wconf 75' lang='lat' dir='ltr'><strong>patrem</strong></span> 
     </span>
    </p>
   </div>
   <div class='ocr_carea' id='block_1_102' title="bbox 1882 4226 3480 4300">
    <p class='ocr_par' dir='ltr' id='par_1_102' title="bbox 1882 4226 3480 4300">
     <span class='ocr_line' id='line_1_102' title="bbox 1882 4226 3480 4300; baseline -0.002 -20"><span class='ocrx_word' id='word_1_710' title='bbox 1882 4228 2164 4297; x_wconf 82' lang='lat' dir='ltr'><strong>egreditur,</strong></span> <span class='ocrx_word' id='word_1_711' title='bbox 2196 4227 2375 4281; x_wconf 84' lang='lat' dir='ltr'><strong>relicta</strong></span> <span class='ocrx_word' id='word_1_712' title='bbox 2405 4229 2461 4283; x_wconf 83' lang='lat' dir='ltr'><strong>in</strong></span> <span class='ocrx_word' id='word_1_713' title='bbox 2491 4226 2617 4281; x_wconf 85' lang='lat' dir='ltr'><strong>urbe</strong></span> <span class='ocrx_word' id='word_1_714' title='bbox 2646 4227 2863 4299; x_wconf 81' lang='lat' dir='ltr'><strong>conjuge</strong></span> <span class='ocrx_word' id='word_1_715' title='bbox 2891 4245 3007 4287; x_wconf 80' lang='lat' dir='ltr'><strong>sua.</strong></span> <span class='ocrx_word' id='word_1_716' title='bbox 3037 4227 3267 4300; x_wconf 76' lang='lat' dir='ltr'><strong>Cumque</strong></span> <span class='ocrx_word' id='word_1_717' title='bbox 3296 4230 3480 4293; x_wconf 68' lang='grc' dir='ltr'><strong>ιωυί.</strong></span> 
     </span>
    </p>
   </div>
   <div class='ocr_carea' id='block_1_103' title="bbox 1874 4318 3477 4394">
    <p class='ocr_par' dir='ltr' id='par_1_103' title="bbox 1874 4318 3477 4394">
     <span class='ocr_line' id='line_1_103' title="bbox 1874 4318 3477 4394; baseline 0.007 -24"><span class='ocrx_word' id='word_1_718' title='bbox 1874 4318 2052 4387; x_wconf 47' lang='grc' dir='ltr'><strong>ηθὶιαυε</strong></span> <span class='ocrx_word' id='word_1_719' title='bbox 2074 4335 2138 4373; x_wconf 74' lang='lat' dir='ltr'><strong>ea:</strong></span> <span class='ocrx_word' id='word_1_720' title='bbox 2158 4318 2373 4373; x_wconf 76' lang='lat' dir='ltr'><strong>adverso</strong></span> <span class='ocrx_word' id='word_1_721' title='bbox 2395 4319 2603 4383; x_wconf 81' lang='lat' dir='ltr'><strong>veniret,</strong></span> <span class='ocrx_word' id='word_1_722' title='bbox 2629 4320 2836 4385; x_wconf 74' lang='lat' dir='ltr'><strong>relictus</strong></span> <span class='ocrx_word' id='word_1_723' title='bbox 2860 4338 2892 4372; x_wconf 90' lang='lat' dir='ltr'><strong>a</strong></span> <span class='ocrx_word' id='word_1_724' title='bbox 2911 4321 3100 4385; x_wconf 77' lang='lat' dir='ltr'><strong>solutio</strong></span> <span class='ocrx_word' id='word_1_725' title='bbox 3117 4321 3477 4394; x_wconf 59' lang='lat' dir='ltr'><strong>(Gratiarum)</strong></span> 
     </span>
    </p>
   </div>
   <div class='ocr_carea' id='block_1_104' title="bbox 1881 4408 3475 4485">
    <p class='ocr_par' dir='ltr' id='par_1_104' title="bbox 1881 4408 3475 4485">
     <span class='ocr_line' id='line_1_104' title="bbox 1881 4408 3475 4485; baseline 0.008 -24"><span class='ocrx_word' id='word_1_726' title='bbox 1881 4408 2331 4479; x_wconf 79' lang='lat' dir='ltr'><strong>Hermenegildus,</strong></span> <span class='ocrx_word' id='word_1_727' title='bbox 2380 4426 2496 4464; x_wconf 88' lang='lat' dir='ltr'><strong>cum</strong></span> <span class='ocrx_word' id='word_1_728' title='bbox 2524 4410 2715 4465; x_wconf 77' lang='lat' dir='ltr'><strong>videret</strong></span> <span class='ocrx_word' id='word_1_729' title='bbox 2744 4411 2875 4467; x_wconf 79' lang='lat' dir='ltr'><strong>nihil</strong></span> <span class='ocrx_word' id='word_1_730' title='bbox 2901 4428 2956 4471; x_wconf 68' lang='lat' dir='ltr'><strong>se</strong></span> <span class='ocrx_word' id='word_1_731' title='bbox 2983 4415 3263 4480; x_wconf 65' lang='lat' dir='ltr'><strong>praealch</strong></span> <span class='ocrx_word' id='word_1_732' title='bbox 3303 4433 3475 4485; x_wconf 76' lang='lat' dir='ltr'><strong>pom,</strong></span> 
     </span>
    </p>
   </div>
   <div class='ocr_carea' id='block_1_105' title="bbox 1880 4500 3474 4570">
    <p class='ocr_par' dir='ltr' id='par_1_105' title="bbox 1880 4500 3474 4570">
     <span class='ocr_line' id='line_1_105' title="bbox 1880 4500 3474 4570; baseline 0.004 -15"><span class='ocrx_word' id='word_1_733' title='bbox 1880 4509 1985 4555; x_wconf 90' lang='lat' dir='ltr'><strong>etc.</strong></span> <span class='ocrx_word' id='word_1_734' title='bbox 2043 4500 2240 4567; x_wconf 85' lang='lat' dir='ltr'><strong>Addit,</strong></span> <span class='ocrx_word' id='word_1_735' title='bbox 2294 4500 2619 4570; x_wconf 82' lang='lat' dir='ltr'><strong>lugundetn,</strong></span> <span class='ocrx_word' id='word_1_736' title='bbox 2677 4500 3072 4569; x_wconf 78' lang='lat' dir='ltr'><strong>Hermenegildi</strong></span> <span class='ocrx_word' id='word_1_737' title='bbox 3122 4520 3389 4570; x_wconf 80' lang='lat' dir='ltr'><strong>uxorem,</strong></span> <span class='ocrx_word' id='word_1_738' title='bbox 3441 4522 3474 4561; x_wconf 89' lang='lat' dir='ltr'><strong>a</strong></span> 
     </span>
    </p>
   </div>
   <div class='ocr_carea' id='block_1_106' title="bbox 1884 4589 3475 4662">
    <p class='ocr_par' dir='ltr' id='par_1_106' title="bbox 1884 4589 3475 4662">
     <span class='ocr_line' id='line_1_106' title="bbox 1884 4589 3475 4662; baseline 0.003 -16"><span class='ocrx_word' id='word_1_739' title='bbox 1884 4591 2084 4653; x_wconf 58' lang='lat' dir='ltr'><strong>Graecis</strong></span> <span class='ocrx_word' id='word_1_740' title='bbox 2112 4599 2379 4660; x_wconf 83' lang='lat' dir='ltr'><strong>ereptam,</strong></span> <span class='ocrx_word' id='word_1_741' title='bbox 2410 4599 2469 4647; x_wconf 88' lang='lat' dir='ltr'><strong>ut</strong></span> <span class='ocrx_word' id='word_1_742' title='bbox 2496 4606 2615 4645; x_wconf 88' lang='lat' dir='ltr'><strong>eam</strong></span> <span class='ocrx_word' id='word_1_743' title='bbox 2661 4589 2730 4649; x_wconf 85' lang='lat' dir='ltr'><strong>ad</strong></span> <span class='ocrx_word' id='word_1_744' title='bbox 2779 4592 3158 4660; x_wconf 75' lang='lat' dir='ltr'><strong>imperatorem</strong></span> <span class='ocrx_word' id='word_1_745' title='bbox 3208 4593 3475 4662; x_wconf 82' lang='lat' dir='ltr'><strong>perduce-</strong></span> 
     </span>
    </p>
   </div>
   <div class='ocr_carea' id='block_1_107' title="bbox 1888 4684 3474 4751">
    <p class='ocr_par' dir='ltr' id='par_1_107' title="bbox 1888 4684 3474 4751">
     <span class='ocr_line' id='line_1_107' title="bbox 1888 4684 3474 4751; baseline 0.003 -10"><span class='ocrx_word' id='word_1_746' title='bbox 1888 4692 2030 4751; x_wconf 89' lang='lat' dir='ltr'><strong>rent,</strong></span> <span class='ocrx_word' id='word_1_747' title='bbox 2061 4685 2114 4740; x_wconf 91' lang='lat' dir='ltr'><strong>in</strong></span> <span class='ocrx_word' id='word_1_748' title='bbox 2141 4685 2321 4741; x_wconf 78' lang='lat' dir='ltr'><strong>Africa</strong></span> <span class='ocrx_word' id='word_1_749' title='bbox 2349 4684 2662 4741; x_wconf 84' lang='lat' dir='ltr'><strong>decessisse.</strong></span> <span class='ocrx_word' id='word_1_750' title='bbox 2695 4685 2807 4739; x_wconf 90' lang='lat' dir='ltr'><strong>lloe</strong></span> <span class='ocrx_word' id='word_1_751' title='bbox 2830 4685 3149 4745; x_wconf 76' lang='lat' dir='ltr'><strong>crediderim</strong></span> <span class='ocrx_word' id='word_1_752' title='bbox 3189 4701 3311 4749; x_wconf 84' lang='lat' dir='ltr'><strong>esse</strong></span> <span class='ocrx_word' id='word_1_753' title='bbox 3338 4696 3474 4745; x_wconf 84' lang='lat' dir='ltr'><strong>tem-</strong></span> 
     </span>
    </p>
   </div>
   <div class='ocr_carea' id='block_1_108' title="bbox 1886 4774 3473 4847">
    <p class='ocr_par' dir='ltr' id='par_1_108' title="bbox 1886 4774 3473 4847">
     <span class='ocr_line' id='line_1_108' title="bbox 1886 4774 3473 4847; baseline 0.002 -16"><span class='ocrx_word' id='word_1_754' title='bbox 1886 4792 1986 4846; x_wconf 90' lang='lat' dir='ltr'><strong>pus</strong></span> <span class='ocrx_word' id='word_1_755' title='bbox 2013 4792 2120 4847; x_wconf 90' lang='lat' dir='ltr'><strong>quo</strong></span> <span class='ocrx_word' id='word_1_756' title='bbox 2150 4776 2409 4841; x_wconf 83' lang='lat' dir='ltr'><strong>Leander,</strong></span> <span class='ocrx_word' id='word_1_757' title='bbox 2441 4774 2852 4842; x_wconf 84' lang='lat' dir='ltr'><strong>Hermenegildo</strong></span> <span class='ocrx_word' id='word_1_758' title='bbox 2881 4783 3062 4844; x_wconf 89' lang='lat' dir='ltr'><strong>capto,</strong></span> <span class='ocrx_word' id='word_1_759' title='bbox 3092 4785 3149 4831; x_wconf 89' lang='lat' dir='ltr'><strong>et</strong></span> <span class='ocrx_word' id='word_1_760' title='bbox 3176 4775 3291 4846; x_wconf 85' lang='lat' dir='ltr'><strong>ejus</strong></span> <span class='ocrx_word' id='word_1_761' title='bbox 3317 4794 3473 4834; x_wconf 53' lang='lat' dir='ltr'><strong>exert-</strong></span> 
     </span>
    </p>
   </div>
   <div class='ocr_carea' id='block_1_109' title="bbox 1886 4864 3472 4938">
    <p class='ocr_par' dir='ltr' id='par_1_109' title="bbox 1886 4864 3472 4938">
     <span class='ocr_line' id='line_1_109' title="bbox 1886 4864 3472 4938; baseline 0.003 -16"><span class='ocrx_word' id='word_1_762' title='bbox 1886 4868 1996 4923; x_wconf 88' lang='lat' dir='ltr'><strong>citu</strong></span> <span class='ocrx_word' id='word_1_763' title='bbox 2034 4867 2238 4935; x_wconf 78' lang='lat' dir='ltr'><strong>exciso,</strong></span> <span class='ocrx_word' id='word_1_764' title='bbox 2288 4867 2441 4921; x_wconf 79' lang='lat' dir='ltr'><strong>exsul</strong></span> <span class='ocrx_word' id='word_1_765' title='bbox 2492 4866 2546 4921; x_wconf 91' lang='lat' dir='ltr'><strong>in</strong></span> <span class='ocrx_word' id='word_1_766' title='bbox 2592 4864 2853 4936; x_wconf 82' lang='lat' dir='ltr'><strong>Africam,</strong></span> <span class='ocrx_word' id='word_1_767' title='bbox 2898 4865 3129 4929; x_wconf 83' lang='lat' dir='ltr'><strong>lortasse</strong></span> <span class='ocrx_word' id='word_1_768' title='bbox 3171 4866 3472 4938; x_wconf 85' lang='lat' dir='ltr'><strong>Ingundcm</strong></span> 
     </span>
    </p>
   </div>
   <div class='ocr_carea' id='block_1_110' title="bbox 1884 4956 3472 5029">
    <p class='ocr_par' dir='ltr' id='par_1_110' title="bbox 1884 4956 3472 5029">
     <span class='ocr_line' id='line_1_110' title="bbox 1884 4956 3472 5029; baseline 0.003 -17"><span class='ocrx_word' id='word_1_769' title='bbox 1884 4967 2124 5025; x_wconf 87' lang='lat' dir='ltr'><strong>secutus,</strong></span> <span class='ocrx_word' id='word_1_770' title='bbox 2155 4973 2298 5013; x_wconf 90' lang='lat' dir='ltr'><strong>anno</strong></span> <span class='ocrx_word' id='word_1_771' title='bbox 2326 4956 2433 5011; x_wconf 77' lang='grc'><strong>584</strong></span> <span class='ocrx_word' id='word_1_772' title='bbox 2462 4956 2806 5024; x_wconf 85' lang='lat' dir='ltr'><strong>concesserit,</strong></span> <span class='ocrx_word' id='word_1_773' title='bbox 2840 4964 2897 5012; x_wconf 86' lang='lat' dir='ltr'><strong>ut</strong></span> <span class='ocrx_word' id='word_1_774' title='bbox 2925 4973 3109 5020; x_wconf 82' lang='lat' dir='ltr'><strong>verum</strong></span> <span class='ocrx_word' id='word_1_775' title='bbox 3157 4974 3277 5015; x_wconf 89' lang='lat' dir='ltr'><strong>esse</strong></span> <span class='ocrx_word' id='word_1_776' title='bbox 3303 4961 3472 5029; x_wconf 89' lang='lat' dir='ltr'><strong>possit</strong></span> 
     </span>
    </p>
   </div>
   <div class='ocr_carea' id='block_1_111' title="bbox 1881 5049 3467 5121">
    <p class='ocr_par' dir='ltr' id='par_1_111' title="bbox 1881 5049 3467 5121">
     <span class='ocr_line' id='line_1_111' title="bbox 1881 5049 3467 5121; baseline 0.002 -15"><span class='ocrx_word' id='word_1_777' title='bbox 1881 5053 2027 5121; x_wconf 87' lang='lat' dir='ltr'><strong>quod</strong></span> <span class='ocrx_word' id='word_1_778' title='bbox 2055 5050 2354 5107; x_wconf 88' lang='lat' dir='ltr'><strong>Canonicus</strong></span> <span class='ocrx_word' id='word_1_779' title='bbox 2383 5049 2733 5121; x_wconf 81' lang='lat' dir='ltr'><strong>Legionensis</strong></span> <span class='ocrx_word' id='word_1_780' title='bbox 2750 5092 2769 5119; x_wconf 87' lang='lat'><strong>,</strong></span> <span class='ocrx_word' id='word_1_781' title='bbox 2817 5051 3053 5121; x_wconf 83' lang='lat' dir='ltr'><strong>scriptor</strong></span> <span class='ocrx_word' id='word_1_782' title='bbox 3078 5051 3214 5111; x_wconf 72' lang='lat' dir='ltr'><strong>Vita:</strong></span> <span class='ocrx_word' id='word_1_783' title='bbox 3258 5050 3467 5120; x_wconf 88' lang='lat' dir='ltr'><strong>lsi‘dori,</strong></span> 
     </span>
    </p>
   </div>
   <div class='ocr_carea' id='block_1_112' title="bbox 1884 5142 3469 5215">
    <p class='ocr_par' dir='ltr' id='par_1_112' title="bbox 1884 5142 3469 5215">
     <span class='ocr_line' id='line_1_112' title="bbox 1884 5142 3469 5215; baseline 0.001 -17"><span class='ocrx_word' id='word_1_784' title='bbox 1884 5143 2069 5213; x_wconf 80' lang='lat' dir='ltr'><strong>refert,</strong></span> <span class='ocrx_word' id='word_1_785' title='bbox 2100 5143 2422 5210; x_wconf 88' lang='lat' dir='ltr'><strong>Leandrum,</strong></span> <span class='ocrx_word' id='word_1_786' title='bbox 2458 5142 2711 5200; x_wconf 79' lang='lat' dir='ltr'><strong>defuncto</strong></span> <span class='ocrx_word' id='word_1_787' title='bbox 2739 5142 3050 5212; x_wconf 81' lang='lat' dir='ltr'><strong>Leovigildo</strong></span> <span class='ocrx_word' id='word_1_788' title='bbox 3077 5185 3093 5211; x_wconf 93' lang='lat'><strong>,</strong></span> <span class='ocrx_word' id='word_1_789' title='bbox 3144 5145 3469 5215; x_wconf 72' lang='lat' dir='ltr'><strong>Carthagine</strong></span> 
     </span>
    </p>
   </div>
   <div class='ocr_carea' id='block_1_113' title="bbox 1882 5234 2546 5305">
    <p class='ocr_par' dir='ltr' id='par_1_113' title="bbox 1882 5234 2546 5305">
     <span class='ocr_line' id='line_1_113' title="bbox 1882 5234 2546 5305; baseline 0.003 -16"><span class='ocrx_word' id='word_1_790' title='bbox 1882 5234 1939 5289; x_wconf 90' lang='lat' dir='ltr'><strong>in</strong></span> <span class='ocrx_word' id='word_1_791' title='bbox 1967 5234 2278 5305; x_wconf 81' lang='lat' dir='ltr'><strong>Hispaniam</strong></span> <span class='ocrx_word' id='word_1_792' title='bbox 2306 5234 2546 5292; x_wconf 90' lang='lat' dir='ltr'><strong>rediisse.</strong></span> 
     </span>
    </p>
   </div>
   <div class='ocr_carea' id='block_1_114' title="bbox 1959 5323 3467 5397">
    <p class='ocr_par' dir='ltr' id='par_1_114' title="bbox 1959 5323 3467 5397">
     <span class='ocr_line' id='line_1_114' title="bbox 1959 5323 3467 5397; baseline 0.003 -20"><span class='ocrx_word' id='word_1_793' title='bbox 1959 5324 2044 5377; x_wconf 89' lang='grc'><strong>18.</strong></span> <span class='ocrx_word' id='word_1_794' title='bbox 2088 5323 2301 5379; x_wconf 84' lang='lat' dir='ltr'><strong>Rationi</strong></span> <span class='ocrx_word' id='word_1_795' title='bbox 2332 5326 2494 5380; x_wconf 86' lang='lat' dir='ltr'><strong>etiam</strong></span> <span class='ocrx_word' id='word_1_796' title='bbox 2523 5340 2761 5396; x_wconf 85' lang='lat' dir='ltr'><strong>congrua</strong></span> <span class='ocrx_word' id='word_1_797' title='bbox 2808 5335 2893 5384; x_wconf 90' lang='lat' dir='ltr'><strong>est</strong></span> <span class='ocrx_word' id='word_1_798' title='bbox 2939 5327 3179 5397; x_wconf 75' lang='lat' dir='ltr'><strong>ejusdem</strong></span> <span class='ocrx_word' id='word_1_799' title='bbox 3227 5326 3467 5383; x_wconf 90' lang='lat' dir='ltr'><strong>historici</strong></span> 
     </span>
    </p>
   </div>
   <div class='ocr_carea' id='block_1_115' title="bbox 1885 5415 3468 5488">
    <p class='ocr_par' dir='ltr' id='par_1_115' title="bbox 1885 5415 3468 5488">
     <span class='ocr_line' id='line_1_115' title="bbox 1885 5415 3468 5488; baseline 0.004 -19"><span class='ocrx_word' id='word_1_800' title='bbox 1885 5415 2141 5480; x_wconf 84' lang='lat' dir='ltr'><strong>narratio,</strong></span> <span class='ocrx_word' id='word_1_801' title='bbox 2174 5415 2317 5483; x_wconf 90' lang='lat' dir='ltr'><strong>quod</strong></span> <span class='ocrx_word' id='word_1_802' title='bbox 2340 5416 2573 5488; x_wconf 80' lang='lat' dir='ltr'><strong>lsidprus</strong></span> <span class='ocrx_word' id='word_1_803' title='bbox 2595 5459 2612 5486; x_wconf 90' lang='lat'><strong>,</strong></span> <span class='ocrx_word' id='word_1_804' title='bbox 2641 5417 2766 5473; x_wconf 90' lang='lat' dir='ltr'><strong>dum</strong></span> <span class='ocrx_word' id='word_1_805' title='bbox 2794 5418 2964 5476; x_wconf 80' lang='lat' dir='ltr'><strong>frater</strong></span> <span class='ocrx_word' id='word_1_806' title='bbox 2988 5419 3234 5477; x_wconf 84' lang='lat' dir='ltr'><strong>Leander</strong></span> <span class='ocrx_word' id='word_1_807' title='bbox 3257 5420 3468 5487; x_wconf 81' lang='lat' dir='ltr'><strong>aberat,</strong></span> 
     </span>
    </p>
   </div>
   <div class='ocr_carea' id='block_1_116' title="bbox 1886 5505 3464 5581">
    <p class='ocr_par' dir='ltr' id='par_1_116' title="bbox 1886 5505 3464 5581">
     <span class='ocr_line' id='line_1_116' title="bbox 1886 5505 3464 5581; baseline 0.004 -23"><span class='ocrx_word' id='word_1_808' title='bbox 1886 5505 2161 5573; x_wconf 76' lang='lat' dir='ltr'><strong>religionis</strong></span> <span class='ocrx_word' id='word_1_809' title='bbox 2187 5522 2402 5563; x_wconf 86' lang='lat' dir='ltr'><strong>causam</strong></span> <span class='ocrx_word' id='word_1_810' title='bbox 2420 5517 2649 5581; x_wconf 83' lang='lat' dir='ltr'><strong>strenue</strong></span> <span class='ocrx_word' id='word_1_811' title='bbox 2700 5510 2933 5578; x_wconf 86' lang='lat' dir='ltr'><strong>agebat,</strong></span> <span class='ocrx_word' id='word_1_812' title='bbox 2982 5526 3092 5567; x_wconf 89' lang='lat' dir='ltr'><strong>non</strong></span> <span class='ocrx_word' id='word_1_813' title='bbox 3136 5511 3310 5567; x_wconf 87' lang='lat' dir='ltr'><strong>solum</strong></span> <span class='ocrx_word' id='word_1_814' title='bbox 3356 5526 3464 5565; x_wconf 90' lang='lat' dir='ltr'><strong>non</strong></span> 
     </span>
    </p>
   </div>
   <div class='ocr_carea' id='block_1_117' title="bbox 1880 5596 3466 5672">
    <p class='ocr_par' dir='ltr' id='par_1_117' title="bbox 1880 5596 3466 5672">
     <span class='ocr_line' id='line_1_117' title="bbox 1880 5596 3466 5672; baseline 0.006 -23"><span class='ocrx_word' id='word_1_815' title='bbox 1880 5596 2185 5661; x_wconf 84' lang='lat' dir='ltr'><strong>cohibente,</strong></span> <span class='ocrx_word' id='word_1_816' title='bbox 2229 5599 2324 5653; x_wconf 86' lang='lat' dir='ltr'><strong>sed</strong></span> <span class='ocrx_word' id='word_1_817' title='bbox 2367 5601 2673 5670; x_wconf 85' lang='lat' dir='ltr'><strong>impellente</strong></span> <span class='ocrx_word' id='word_1_818' title='bbox 2714 5602 2890 5672; x_wconf 78' lang='lat' dir='ltr'><strong>potius</strong></span> <span class='ocrx_word' id='word_1_819' title='bbox 2918 5602 3182 5657; x_wconf 83' lang='lat' dir='ltr'><strong>Leandre.</strong></span> <span class='ocrx_word' id='word_1_820' title='bbox 3232 5602 3466 5659; x_wconf 71' lang='lat' dir='ltr'><strong>Audiens</strong></span> 
     </span>
    </p>
   </div>
   <div class='ocr_carea' id='block_1_118' title="bbox 1879 5688 3465 5763">
    <p class='ocr_par' dir='ltr' id='par_1_118' title="bbox 1879 5688 3465 5763">
     <span class='ocr_line' id='line_1_118' title="bbox 1879 5688 3465 5763; baseline 0.008 -27"><span class='ocrx_word' id='word_1_821' title='bbox 1879 5694 2047 5737; x_wconf 85' lang='lat' dir='ltr'><strong>autent</strong></span> <span class='ocrx_word' id='word_1_822' title='bbox 2094 5688 2396 5749; x_wconf 76' lang='lat' dir='ltr'><strong>reverendus</strong></span> <span class='ocrx_word' id='word_1_823' title='bbox 2442 5689 2621 5753; x_wconf 79' lang='lat' dir='ltr'><strong>doctor</strong></span> <span class='ocrx_word' id='word_1_824' title='bbox 2667 5688 2906 5749; x_wconf 79' lang='lat' dir='ltr'><strong>Leander</strong></span> <span class='ocrx_word' id='word_1_825' title='bbox 2949 5690 3224 5763; x_wconf 72' lang='lat' dir='ltr'><strong>fortissimi</strong></span> <span class='ocrx_word' id='word_1_826' title='bbox 3260 5690 3465 5763; x_wconf 68' lang='lat' dir='ltr'><strong>juvenis</strong></span> 
     </span>
    </p>
   </div>
   <div class='ocr_carea' id='block_1_119' title="bbox 1880 5773 3463 5855">
    <p class='ocr_par' dir='ltr' id='par_1_119' title="bbox 1880 5773 3463 5855">
     <span class='ocr_line' id='line_1_119' title="bbox 1880 5773 3463 5855; baseline 0.007 -30"><span class='ocrx_word' id='word_1_827' title='bbox 1880 5773 2078 5827; x_wconf 78' lang='lat' dir='ltr'><strong>lsidori</strong></span> <span class='ocrx_word' id='word_1_828' title='bbox 2108 5780 2469 5843; x_wconf 83' lang='lat' dir='ltr'><strong>constantiam,</strong></span> <span class='ocrx_word' id='word_1_829' title='bbox 2516 5784 2567 5841; x_wconf 81' lang='lat' dir='ltr'><strong>in</strong></span> <span class='ocrx_word' id='word_1_830' title='bbox 2610 5780 2833 5845; x_wconf 69' lang='lat' dir='ltr'><strong>[tantillo</strong></span> <span class='ocrx_word' id='word_1_831' title='bbox 2874 5783 3101 5855; x_wconf 72' lang='lat' dir='ltr'><strong>gauisus,</strong></span> <span class='ocrx_word' id='word_1_832' title='bbox 3147 5789 3252 5838; x_wconf 88' lang='lat' dir='ltr'><strong>etc.</strong></span> <span class='ocrx_word' id='word_1_833' title='bbox 3315 5782 3463 5838; x_wconf 74' lang='lat' dir='ltr'><strong>Misit</strong></span> 
     </span>
    </p>
   </div>
   <div class='ocr_carea' id='block_1_120' title="bbox 1881 5871 3462 5950">
    <p class='ocr_par' dir='ltr' id='par_1_120' title="bbox 1881 5871 3462 5950">
     <span class='ocr_line' id='line_1_120' title="bbox 1881 5871 3462 5950; baseline 0.006 -23"><span class='ocrx_word' id='word_1_834' title='bbox 1881 5872 1927 5927; x_wconf 74' lang='lat' dir='ltr'><strong>ei</strong></span> <span class='ocrx_word' id='word_1_835' title='bbox 1956 5871 2124 5927; x_wconf 79' lang='lat' dir='ltr'><strong>imaue</strong></span> <span class='ocrx_word' id='word_1_836' title='bbox 2148 5876 2413 5943; x_wconf 83' lang='lat' dir='ltr'><strong>epistolam</strong></span> <span class='ocrx_word' id='word_1_837' title='bbox 2445 5876 2499 5928; x_wconf 85' lang='lat' dir='ltr'><strong>in</strong></span> <span class='ocrx_word' id='word_1_838' title='bbox 2525 5892 2623 5949; x_wconf 86' lang='lat' dir='ltr'><strong>qua</strong></span> <span class='ocrx_word' id='word_1_839' title='bbox 2652 5885 2954 5949; x_wconf 59' lang='lat' dir='ltr'><strong>praemonet,</strong></span> <span class='ocrx_word' id='word_1_840' title='bbox 2991 5885 3205 5932; x_wconf 80' lang='lat' dir='ltr'><strong>mortem</strong></span> <span class='ocrx_word' id='word_1_841' title='bbox 3234 5896 3328 5949; x_wconf 81' lang='lat' dir='ltr'><strong>pro</strong></span> <span class='ocrx_word' id='word_1_842' title='bbox 3357 5876 3462 5950; x_wconf 73' lang='lat' dir='ltr'><strong>[ide</strong></span> 
     </span>
    </p>
   </div>
   <div class='ocr_carea' id='block_1_121' title="bbox 3539 1359 3560 1397">
    <p class='ocr_par' dir='ltr' id='par_1_121' title="bbox 3539 1359 3560 1397">
     <span class='ocr_line' id='line_1_121' title="bbox 3539 1359 3560 1397; baseline 0 0"><span class='ocrx_word' id='word_1_843' title='bbox 3539 1359 3560 1397; x_wconf 57' lang='grc' dir='ltr'>ἱ</span> 
     </span>
    </p>
   </div>
  </div>
