4048 6364
610 284 709 341 III

1313 285 1404 339 AD
1439 283 1667 340 OPEBA
1701 286 1757 340 S.
1801 283 2042 342 ISIDOBI
2082 281 2522 341 HISPALENSIS
2561 286 3087 346 PBULEGOMENA.

3759 302 3869 360 “2

604 397 864 454 catholica
917 398 1193 471 quidquam
1249 415 1353 452 non
1407 416 1517 453 esse
1573 400 1870 455 timendam.
1926 398 2051 453 Haec
2107 403 2268 460 estA
2365 400 2416 454 '5.
2459 400 2693 458 Validius
2747 413 2925 460 tamen
2973 416 3344 476 argumentum
3404 411 3695 481 Cajetanus
3741 433 3872 479 esse

603 489 834 560 epistola
859 492 1011 559 cujus
1039 492 1280 546 meminit
1315 491 1551 546 Isidorus
1576 492 1642 546 de
1672 492 1779 546 Vir.
1811 491 2033 555 Illustr.,
2061 506 2182 560 cap.

602 578 691 646 M,
728 579 884 650 132
931 580 999 634 de
1040 578 1285 635 Leandro
1309 598 1322 634 :
1350 581 1570 652 Scripsit
1597 592 1642 634 et
1669 582 1909 652 epistolas
1954 583 2139 634 multas
2167 599 2181 635 :

600 669 672 724 ad
695 687 889 742 papam
916 669 1220 743 Gregorium
1247 673 1312 725 de
1340 671 1586 742 baptismo
1623 689 1776 725 unam
1797 715 1811 739 ,
1853 674 2070 726 alteram
2117 674 2186 726 ad

598 761 816 831 fratrem
840 799 857 826 ,
904 762 961 815 in
1004 778 1103 832 qua
1150 773 1448 833 praemonet,
1481 763 1658 832 cuique
1700 774 1912 816 mortem
1943 779 2045 817 non
2075 781 2184 819 esse

597 851 902 906 timendam.
927 851 1116 908 Isidori
1144 855 1446 909 constantia
1474 863 1658 908 contra
1688 854 1988 919 blanditias,
2019 864 2185 910 terro-

595 959 706 1010 res,
729 951 785 1000 et
812 954 1079 1001 tormenta
1111 947 1178 1000 ab
1205 946 1468 1002 Inureticis
1497 946 1708 1000 Arianis
1735 947 1881 1001 illata
1904 947 1971 1001 ab
1991 946 2181 1002 eodem

513 1052 519 1066 ι
594 1032 730 1092 Vita:
756 1044 979 1092 auctore
1005 1048 1268 1091 narratur.

513 1112 521 1139 ³
667 1126 755 1183 19.
795 1127 1017 1184 Collatis
1047 1129 1187 1183 inter
1215 1143 1274 1184 se
1303 1137 1664 1198 accurateque
1709 1131 1958 1200 expensis
1988 1145 2181 1185 monu-

501 1215 504 1218 ’
591 1221 787 1276 mentis
815 1236 932 1291 quae
962 1219 1332 1290 produximus,
1383 1221 1529 1274 clare
1576 1220 1991 1290 deprehenditur
2027 1237 2182 1277 error

589 1312 858 1367 Ambrosii
887 1311 1116 1366 Morales
1146 1310 1241 1365 lib.
1273 1327 1326 1375 x,
1360 1326 1482 1380 cap.
1533 1309 1584 1377 5,
1636 1312 1724 1382 qui
1774 1311 2074 1367 Leandrum
2105 1314 2181 1368 ait

587 1401 818 1458 concilio
845 1402 1179 1457 (ecumenico
1209 1419 1242 1456 v
1271 1400 1868 1472 Constantinopolitano
1894 1420 2016 1459 cum
2044 1404 2178 1460 Gre-

583 1491 740 1562 gorio
771 1490 965 1560 Magno
995 1492 1344 1558 interfuisse;
1394 1509 1551 1563 quem
1575 1493 1863 1558 Florezius,
1916 1503 2048 1550 tom.
2083 1494 2174 1561 IX,

581 1598 636 1653 ι).
669 1580 774 1636 185
799 1598 940 1653 seq.,
986 1582 1152 1639 fusius
1181 1583 1391 1639 refellit.
1428 1585 1741 1642 Moralesius
1789 1588 1911 1642 inde
1953 1589 2176 1656 collige-

579 1673 692 1738 bat,
723 1672 1029 1728 Leandrum
1062 1674 1220 1742 longo
1252 1675 1504 1742 temporis
1551 1678 1724 1744 spatio
1773 1677 1951 1732 sedem
1980 1677 2174 1748 Hispa-

2291 500 2464 561 putat,
2501 495 2644 562 quod
2683 511 2750 550 ex
2806 499 2988 567 regula
3019 500 3075 554 S.
3126 500 3310 557 lsidori
3360 503 3646 575 depromit,
3699 528 3869 581 quam

2288 585 2685 643 Benedictinam
2716 605 2834 645 esse
2855 591 3040 660 jactat.
3075 593 3176 648 Alii
3218 610 3339 650 cum
3366 595 3572 669 Iepesio
3599 600 3866 662 Benedic-

2292 677 2401 731 tino
2432 680 2628 734 rectius
2667 683 2719 736 in
2759 683 2919 737 aliam
2948 694 3077 739 eunt
3101 690 3446 758 sententiam,
3468 700 3523 746 et
3560 708 3626 748 ex
3656 695 3864 765 Regula

2287 768 2402 838 ipsa
2423 768 2610 826 lsidori
2639 774 2893 844 colligunt
2919 790 3039 830 eum
3080 793 3186 832 non
3225 779 3386 836 fuisse
3426 781 3861 845 Benedictinum.

2286 861 2400 916 Non
2447 863 2706 918 disserant
2737 866 2840 921 hoc
2880 868 2999 923 loco
3028 869 3094 924 de
3121 871 3372 939 opinione
3399 873 3692 930 doctissimi
3724 877 3866 935 Her-

2287 952 2529 1008 nandezii
2574 955 2624 1008 in
2668 957 2809 1011 notis
2850 958 2914 1011 ad
2955 959 3311 1030 Conspectum
3365 964 3615 1021 editionis
3658 968 3866 1027 Zacca-

2283 1044 2446 1100 rianze
2475 1045 2533 1100 S.
2564 1046 2771 1114 lsidori,
2804 1066 2922 1120 cap.
2951 1051 3039 1115 42,
3070 1054 3456 1124 producendis,
3489 1073 3578 1127 qut
3621 1064 3862 1129 regulam

2281 1140 2692 1209 monachorum,
2746 1144 2843 1197 sub
2877 1144 3063 1201 lsidori
3110 1149 3328 1203 nomine
3366 1150 3652 1220 vulgatam,
3699 1155 3863 1209 alium

2279 1227 2482 1286 habere
2510 1243 2784 1288 auctorem
2815 1237 3155 1306 suspicatur:
3189 1240 3312 1308 quia
3361 1251 3548 1297 auctor
3583 1259 3642 1298 se
3671 1262 3864 1300 mona-

2280 1325 2439 1380 chum
2486 1330 2722 1384 ostendit
2767 1349 2779 1384 :
2821 1330 3083 1386 Isidorum
3131 1344 3319 1402 autem,
3366 1337 3550 1403 addit,
3604 1341 3860 1394 cucullum

2277 1417 2507 1472 induisse
2537 1421 2709 1474 nullus
2737 1422 2944 1489 dixerit,
2976 1427 3094 1495 quin
3123 1427 3556 1483 obccecatissimus
3586 1438 3634 1483 et
3665 1431 3857 1486 habea-

2281 1517 2380 1570 tur,
2411 1518 2460 1562 et
2483 1511 2570 1563 sit.
2605 1511 2801 1567 Conler
2829 1530 2946 1584 cap.
2979 1515 3066 1580 71,
3099 1518 3186 1570 ubi
3209 1519 3531 1588 observabo,
3558 1521 3609 1574 in
3624 1524 3858 1590 quodam

2279 1597 2632 1657 Escurialensi
2693 1606 2879 1661 codice
2933 1610 3112 1663 steculi
3158 1627 3230 1675 Ix,
3282 1620 3376 1666 aut
3422 1613 3652 1668 ineuntis
3686 1632 3751 1680 ι,
3793 1617 3860 1671 ab

2278 1690 2458 1758 aliquo
2491 1692 2672 1762 ithplO
2720 1695 2938 1750 librario
2969 1699 3310 1768 epigraphem
3339 1703 3476 1758 hanc
3505 1707 3808 1774 appositam
3840 1724 3854 1762 :

578 1764 786 1865 ξθηδθηῖ
837 1765 1157 1865 (Ἦῑίθυίξδθι
1213 1765 1647 1865 «ιυεξιιιιοιιξξῑάεω
1701 1784 1840 1823 anno
1895 1768 2021 1834 5549
2069 1785 2174 1838 (1υο
2213 1780 2250 1835 ll
2283 1777 2473 1848 Incipit
2503 1783 2680 1852 regula
2704 1784 2763 1838 S.
2797 1783 2968 1840 Patris
2992 1764 3183 1843 Isidori
3197 1790 3417 1846 abbatis.
3451 1764 3614 1863 Urget
3641 1794 3857 1865 Cajeta—

577 1855 694 1924 ipse
721 1855 1009 1910 concilium
1042 1855 1692 1926 Constantinopolitanmn
1724 1875 1779 1922 n,
1827 1869 1881 1913 et
1927 1875 1960 1912 v
2010 1875 2173 1928 gene-

577 1943 691 1997 rale
720 1944 970 2010 collocat,
1015 1943 1264 2001 Leander
1287 1944 1398 2016 jam
1429 1955 1537 2001 tum
1569 1949 1792 2004 antistes
1840 1949 2172 2018 llispalensis

576 2034 807 2088 concilio
858 2035 932 2089 illi
988 2036 1244 2101 interluit,
1301 2037 1440 2091 unde
1488 2039 1695 2092 initium
1746 2041 1994 2094 amicitiae
2033 2041 2173 2095 inter

575 2123 877 2181 Leandrum
929 2138 984 2184 et
1012 2127 1329 2199 Gregorium
1379 2130 1631 2200 Magnum
1683 2141 1974 2187 contracta:
2005 2133 2166 2187 ducit.

572 2213 678 2271 Sed
708 2231 884 2286 neque
932 2219 1090 2288 hujus
1137 2221 1215 2275 rei
1267 2231 1516 2277 auctores
1563 2223 1697 2277 alios
1747 2223 1946 2290 laudat,
1997 2240 2170 2295 neque

574 2314 883 2378 temporum
911 2311 1052 2367 ratio
1078 2312 1130 2366 id
1160 2313 1413 2368 sustineri
1445 2313 1554 2368 ullo
1583 2314 1745 2370 modo
1773 2316 1995 2385 patitur.

1167 2426 1394 2482 CAPUT
1434 2426 1569 2480 XI’X.

569 2521 806 2580 Isidorus
836 2543 902 2581 an
931 2530 1272 2581 monasticum
1290 2528 1499 2599 aliquod
1519 2529 1826 2593 institutum,
1851 2528 2168 2586 velCanoni—

636 2634 809 2672 corum
831 2617 1164 2690 Reqularium
1187 2621 1263 2674 vel
1287 2619 1680 2674 Carmelitarum
1701 2623 1962 2692 professus
1993 2625 2166 2693 fuerit,

638 2730 691 2786 I.
749 2731 887 2788 Pace
939 2733 1194 2789 Ecclesiae
1256 2732 1504 2803 Hispanae
1558 2748 1589 2786 a
1646 2732 1921 2788 Becaredo
1968 2735 2166 2790 donata

565 2832 711 2876 anno
738 2822 957 2877 circiter
984 2821 1108 2889 586,
1144 2822 1385 2878 Leander
1431 2821 1647 2877 fratrem
1698 2839 1852 2877 suum
1900 2823 2166 2880 Isidorum

564 2929 671 2968 non
697 2913 918 2968 invitum
950 2914 1084 2970 cella
1108 2914 1374 2970 inclusum
1405 2915 1600 2982 degere
1629 2915 1856 2978 curavit,
1907 2917 1949 2970 si
1981 2932 2164 2971 verum

563 3013 750 3059 narrat
799 3015 987 3062 auctor
1035 3005 1190 3061 Vitae.
1229 3005 1583 3060 Consentiunt
1638 3006 1852 3075 quidem
1897 3007 2169 3063 Breviaria

467 3133 470 3136 .
561 3104 752 3151 vetera
772 3095 1066 3152 Leandrum
1094 3097 1301 3152 cavisse
1317 3111 1385 3150 ne
1400 3095 1633 3151 Isidorus
1662 3098 1713 3150 in
1734 3099 2004 3166 publicum
2032 3115 2161 3168 pro-

2276 1887 2395 1934 nus,
2423 1872 2679 1929 Isidorum
2721 1893 2824 1930 non
2852 1879 3027 1932 solum
3055 1881 3289 1948 regulam
3321 1886 3708 1940 monachorum
3739 1904 3858 1957 qua:

2274 1974 2465 2031 exstat,
2496 1967 2589 2021 sed
2618 1969 2892 2024 uberiores
2929 1971 2979 2024 in
3021 1971 3274 2040 Regulam
3309 1973 3364 2028 8.
3404 1974 3678 2030 Benedicti
3707 1994 3859 2033 com-

2273 2059 2568 2114 mentarios
2604 2061 2911 2130 deperditos
2940 2065 3256 2133 scripsisse;
3287 2081 3513 2134 quorum
3559 2067 3854 2134 fragmenta

2271 2150 2514 2220 qumdam
2547 2150 2751 2221 profert
2781 2169 2848 2207 ex
2877 2152 3037 2209 Petro
3067 2154 3293 2209 diacono
3321 2155 3620 2222 Casinensi,
3664 2161 3754 2227 qui
3807 2161 3854 2213 in

2272 2242 2399 2309 epit.
2430 2259 2530 2296 ms.
2559 2259 2720 2312 super
2749 2245 2918 2312 regul.
2963 2245 3020 2298 S.
3061 2244 3334 2299 Benedicti
3365 2247 3441 2301 sic
3471 2249 3543 2300 ait
3577 2265 3594 2300 :
3627 2248 3737 2303 Sed
3765 2268 3857 2304 nos

2270 2335 2463 2389 idcirco
2523 2336 2737 2390 breviter
2788 2337 2918 2389 hanc
2963 2353 3298 2406 exponemus,
3343 2339 3462 2407 quia
3506 2341 3557 2391 in
3600 2341 3755 2410 hujus
3788 2345 3856 2394 rei

2272 2427 2476 2495 negotio
2504 2442 2710 2496 Operam
2741 2426 2992 2479 dederunt
3028 2427 3218 2480 l’aulus
3247 2428 3543 2483 Casinensis
3586 2431 3853 2496 diaconus,

2273 2515 2521 2570 Rabanus
2578 2517 2833 2580 Maurus,
2887 2519 3066 2571 doctor
3113 2517 3382 2584 Isidorus,
3447 2520 3742 2589 Stephanus
3799 2540 3855 2577 ac

2272 2609 2471 2663 Paulus
2495 2608 2719 2662 abbates.
2759 2608 2914 2662 Mitto
2948 2591 3165 2663 Naudtei
3209 2610 3544 2682 aliorumque
3593 2617 3856 2684 suspicio-

2273 2717 2415 2768 nem,
2449 2702 2539 2770 qui
2561 2701 2821 2770 Cajetano
2851 2717 2977 2758 mss.
3008 2710 3190 2756 vetera
3221 2705 3547 2774 exemplaria
3576 2706 3853 2776 alleganti,

2270 2811 2380 2850 non
2409 2796 2538 2849 satis
2566 2794 2750 2849 ﬁdunt.

2341 2907 2393 2960 4.
2436 2906 2518 2960 Ad
2571 2922 2684 2962 rem
2741 2905 2856 2960 Nic.
2913 2907 3177 2963 Antonius
3230 2909 3540 2979 respondet,
3596 2912 3852 2982 pleraque

2272 2997 2572 3052 istiusmodi
2609 2997 2901 3067 fragmenta
2930 2999 2982 3053 in
3012 3000 3195 3068 regula
3228 3001 3342 3070 ipsa
3378 3001 3567 3056 lsidori
3595 3012 3814 3060 exstare
3834 3047 3850 3075 ,

2273 3089 2376 3142 alia
2427 3104 2494 3142 ex
2549 3089 2664 3144 aliis
2718 3088 2904 3144 lsidori
2951 3091 3200 3160 operibus
3237 3107 3357 3146 esse
3396 3092 3718 3165 desumpta;
3760 3099 3851 3168 qui

557 3187 736 3242 diret:
773 3189 867 3243 sed
900 3189 953 3242 id
969 3204 1035 3243 eo
1055 3196 1299 3258 tempore
1326 3187 1583 3243 accidisse
1613 3159 1815 3254 dicunt,
1839 3204 1948 3258 quo
1979 3159 2159 3246 Ariani
2191 3159 2236 3218 Ο
2266 3181 2450 3246 etiam,
2485 3197 2631 3234 num.
2665 3180 2787 3246 I58,
2818 3197 2884 3236 ex
2915 3181 3203 3237 Benedicto
3233 3182 3458 3238 Halteno
3480 3185 3514 3238 l.
3551 3159 3848 3259 x—Disqu-is.

556 3288 742 3334 contra
769 3280 1066 3336 catholicos
1095 3280 1415 3345 saeviebant;
1441 3281 1770 3350 quippecmn
1798 3283 2040 3338 Leander
2066 3285 2159 3339 Isi-

556 3371 746 3428 dorum
770 3376 838 3429 ab
860 3373 1233 3428 hzereticorum
1247 3372 1429 3428 furore
1440 3387 1660 3428 servare
1676 3383 1923 3429 tentaret.
1958 3377 2159 3431 Auctor

559 3465 695 3521 Vitae
716 3467 848 3521 alias
878 3481 1068 3522 causas
1090 3464 1205 3534 ejus
1227 3465 1539 3520 inclusionis
1561 3468 1807 3536 exponit.
1840 3467 2154 3537 Antiquiora

560 3566 912 3614 monumenta
940 3557 1164 3614 omnino
1188 3557 1368 3611 silent.
1395 3557 1528 3611 Cum
1557 3571 1620 3612 ea
1643 3565 1772 3612 tunc
1795 3559 2000 3626 vigeret
2019 3574 2152 3612 con-

555 3649 809 3714 suetudo,
833 3657 892 3704 ut
913 3648 1177 3716 nonnulli,
1200 3648 1532 3703 consortium
1564 3649 1841 3704 hominum
1865 3649 2149 3718 fugientes,

553 3741 612 3799 in
632 3742 824 3798 cellam
846 3743 1022 3812 aliqua
1036 3757 1087 3795 m
1105 3755 1226 3796 sese
1249 3741 1610 3806 recluderent,
1635 3742 1863 3798 fortasse
1883 3741 2141 3808 Isidorus,

565 3843 842 3891 annuente
894 3833 1162 3900 Leandro,
1201 3834 1466 3903 ejusmodi
1496 3835 1617 3889 vitae
1664 3847 1831 3902 genus
1870 3836 2149 3905 amplexus

559 3935 647 3983 est
671 3946 684 3983 :
709 3942 831 3982 nam
853 3926 995 3996 quod
1019 3927 1135 3996 ipse
1162 3927 1412 3983 Leander
1433 3927 1550 3997 ejus
1573 3927 1784 3983 consilii
1815 3927 2018 3997 primus
2047 3942 2146 3981 au-

552 4024 674 4072 ctor
702 4016 881 4079 fuerit,
918 4015 1095 4071 minus
1134 4017 1329 4072 rationi
1359 4025 1786 4072 consentaneum
1818 4016 2070 4070 arbitror.

622 4106 674 4162 2.
693 4106 1008 4176 Suspicatur
1035 4106 1149 4164 Nic.
1174 4108 1461 4174 Antonius,
1492 4125 1521 4161 a
1549 4108 1701 4162 cellae
1720 4108 1822 4162 hac
1847 4107 2143 4163 inclusione

557 4212 873 4270 persuasum
920 4197 1086 4254 fuisse
1135 4199 1405 4254 nonnullis
1441 4197 1703 4252 Isidorum
1751 4197 1803 4250 in
1847 4198 2142 4253 monastico

552 4292 734 4361 aliquo
762 4291 952 4348 ordine
995 4293 1213 4347 vixisse.
1263 4292 1455 4346 Actum
1500 4292 1567 4346 de
1614 4292 1716 4346 hoc
1755 4300 2068 4358 argumento
2110 4307 2141 4346 a

555 4381 925 4443 Bollandianis
964 4383 1016 4438 in
1044 4382 1347 4438 Comment.
1383 4383 1602 4453 praevio.
1627 4382 1772 4436 Inter
1799 4397 1894 4437 eos
1915 4383 2008 4451 qui
2041 4383 2138 4436 lsi-

553 4475 744 4529 dorum
768 4474 942 4529 ordini
963 4475 1313 4530 Benedictino
1333 4483 1939 4529 asseruntrecensentur
1983 4475 2136 4545 133

2266 3280 2520 3335 monast.,
2557 3281 2710 3325 tract.
2742 3288 2812 3335 vr,
2845 3271 2981 3340 disq.
3014 3271 3066 3336 5,
3096 3273 3362 3337 observat,
3390 3274 3628 3341 regulam
3660 3293 3851 3333 mona-

2263 3364 2487 3418 chorum
2515 3364 2571 3418 S.
2603 3364 2788 3420 lsidori
2835 3364 3048 3434 Regula:
3078 3365 3133 3419 S.
3168 3365 3438 3420 Benedicti
3481 3366 3712 3422 similem
3743 3385 3850 3424 non

2260 3471 2396 3511 esse.
2441 3456 2614 3510 Verba
2645 3465 2824 3511 autem
2871 3456 3014 3510 Petri
3076 3457 3230 3528 135.
3270 3454 3576 3511 Casinensis
3623 3472 3689 3512 ex
3744 3475 3847 3516 ms.

2259 3567 2423 3622 opere
2450 3552 2521 3605 ita
2551 3540 2803 3621 explicat,
2836 3560 2892 3604 ut
2931 3550 3123 3606 Petrus
3152 3567 3217 3605 ex
3259 3549 3446 3605 lsidori
3477 3551 3660 3619 regula
3692 3553 3847 3622 plura

2257 3647 2322 3699 ad
2377 3646 2611 3715 regulam
2663 3647 2719 3699 S.
2776 3644 3048 3701 Benedicti
3098 3645 3467 3700 illustrandam
3506 3645 3844 3715 proferrese

2256 3735 2462 3801 innuat,
2522 3751 2627 3789 non
2674 3734 2814 3806 quod
2865 3733 3094 3788 Isidorus
3145 3733 3384 3802 regulam
3435 3732 3843 3790 Benedictinam

2253 3829 2571 3899 respexerit,
2602 3828 2694 3882 sed
2724 3827 2845 3897 quia
2878 3826 3185 3881 monasticae
3216 3826 3412 3894 regulae
3439 3825 3607 3879 multa
3638 3827 3842 3882 habent

2252 3925 2391 3978 inter
2418 3939 2474 3977 se
2500 3923 2801 3976 communia
2835 3938 2846 3973 :
2891 3921 2990 3974 nisi
3021 3919 3174 3972 malis
3231 3916 3386 3972 fateri
3432 3918 3671 3988 potuisse
3701 3935 3840 3988 quo-

2250 4034 2354 4088 que
2383 4017 2596 4071 Petrum
2625 4015 2970 4069 Casinensem
3001 4012 3194 4080 decipi,
3236 4011 3278 4065 si
3307 4025 3374 4064 ex
3402 4009 3585 4078 regula
3615 4010 3840 4079 vulgata

2249 4107 2436 4161 lsidori
2468 4105 2746 4172 collegerit
2788 4118 2908 4157 eum
2956 4100 3231 4156 Benedicti
3279 4099 3518 4166 regulam
3563 4113 3842 4168 exponere

2248 4199 2501 4253 voluisse.

2319 4288 2369 4346 5.
2430 4291 2498 4342 At
2551 4287 2838 4356 Cajetanus
2903 4284 3207 4340 vehementi
3256 4283 3348 4337 illo
3405 4297 3505 4337 suo
3558 4281 3838 4339 desiderio

2245 4387 2460 4456 quosvis
2486 4392 2702 4438 sanctos
2746 4380 2919 4436 ordini
2951 4378 3298 4433 Benedictino
3339 4375 3660 4444 aggregandi
3698 4376 3838 4432 inci-

2245 4485 2407 4537 tatus.
2432 4476 2652 4528 ulterius
2675 4473 2836 4527 etiam
2861 4469 3215 4540 progreditur.
3236 4467 3280 4520 Η
3290 4470 3334 4520 is
3356 4465 3612 4532 omnibus,
3637 4467 3836 4536 inquit,

545 4564 840 4630 Sandoval,
867 4564 1116 4622 Leander
1144 4581 1174 4620 a
1203 4564 1263 4620 S.
1296 4564 1503 4619 Thoma
1537 4565 1588 4618 in
1616 4565 1955 4620 Benedictin.
1989 4544 2142 4622 Lusi-
2170 4544 2218 4602 D
2245 4566 2660 4639 irrefragabilem
2710 4582 2907 4633 quoque
2959 4565 3211 4618 rationem
3261 4560 3600 4614 ascribamus.
3663 4559 3836 4616 Extra

543 4659 706 4713 sitan.
739 4659 1080 4726 additionib.,
1135 4674 1254 4728 cap.
1311 4659 1365 4726 5,
1424 4659 1900 4725 Quintanaduenas
1947 4660 1996 4713 in
2036 4660 2134 4714 SS.

545 4751 968 4822 Hispalensibus,
1009 4752 1245 4807 Joannes
1271 4752 1526 4808 Cisneros
1558 4753 1609 4806 in
1639 4751 1760 4806 Vita
1791 4753 1977 4807 lsidori
2009 4770 2133 4820 ms.,

541 4843 814 4914 Tamayus
853 4845 907 4899 in
938 4845 1159 4915 Martyr.
1191 4844 1370 4915 Hisp.,
1413 4854 1468 4899 et
1493 4844 1576 4898 vel
1601 4846 1651 4898 in
1681 4845 1866 4914 primis
1895 4844 2132 4900 referen-

540 4939 642 4995 dus
670 4939 1051 4996 Constantinus
1071 4941 1379 5010 Cajetanus,
1400 4943 1492 5010 qui
1520 4940 1740 4994 Petrum
1762 4940 2129 5003 Bicordatum,

542 5031 677 5086 Ilist.
709 5041 968 5096 monast.,
997 5033 1132 5087 diar.
1163 5032 1218 5100 4,
1241 5031 1622 5103 Hieronymum
1653 5030 1861 5084 Platum
1889 5030 1965 5084 De
1987 5031 2127 5085 bono

539 5131 712 5178 status
739 5124 914 5193 relig.,
939 5124 977 5179 l.
1008 5141 1044 5188 ι,
1076 5139 1124 5179 c.
1152 5124 1240 5190 51,
1267 5132 1321 5180 et
1351 5125 1648 5180 Arnoldum
1669 5121 1830 5177 Wion
1861 5122 2128 5191 objurgat,

541 5219 666 5288 quia
696 5217 797 5272 etsi
823 5217 1185 5273 Benedictinis
1205 5217 1465 5273 Isidorum
1495 5217 1790 5280 ascribunt,
1816 5225 1993 5269 tamen
2020 5225 2128 5270 tam

540 5309 751 5378 supine,
773 5309 941 5375 utait,
969 5309 1248 5377 obiterque
1270 5323 1384 5363 rem
1414 5309 1706 5377 attingunt,
1734 5305 1976 5360 utsatius
1998 5304 2130 5359 fuis-

539 5410 641 5466 set,
677 5400 721 5454 si
751 5415 873 5454 eum
913 5399 1124 5455 silentio
1170 5400 1574 5469 prasteriissent.
1605 5396 1791 5450 lsidori
1837 5396 2121 5466 imaginem

540 5491 683 5549 inter
741 5494 1046 5564 complures
1112 5493 1244 5547 alios
1299 5493 1587 5546 illustrium
1655 5489 2123 5544 Benedictinorum

541 5586 841 5642 monastico
868 5587 1011 5641 cultu
1041 5593 1164 5640 ante
1195 5583 1298 5637 NO
1329 5581 1496 5638 ferme
1519 5596 1689 5635 annos
1723 5580 1987 5651 depictam
2027 5583 2125 5636 Ar-

543 5678 733 5735 noldus
753 5727 755 5730 .
777 5678 933 5735 Wion
964 5684 1307 5734 narraverat:
1357 5674 1506 5738 Quod
1532 5681 1580 5728 et
1610 5690 1701 5744 ego
1730 5690 1951 5748 quoque,
1983 5673 2126 5729 addit

546 5770 856 5847 Cajetanus,
887 5774 1143 5847 afﬁrmare
1162 5786 1265 5824 non
1289 5766 1514 5839 ambigo.

2243 4657 2638 4711 controversiam
2667 4657 2890 4725 positum
2917 4663 3012 4718 est,
3040 4653 3237 4706 nullum
3266 4668 3355 4721 per
3379 4668 3441 4704 ea
3465 4659 3721 4718 tempora,
3747 4656 3837 4722 qui

2241 4747 2520 4800 monachus
2538 4763 2640 4798 non
2657 4755 2804 4808 esset,
2827 4745 3193 4799 monachorum
3216 4744 3518 4810 magistrum
3533 4744 3834 4796 exstitisse:

2239 4843 2344 4895 imo
2387 4838 2577 4908 piaculi
2621 4839 2732 4892 loco
2756 4837 3004 4903 habitum,
3048 4838 3089 4889 si
3116 4837 3227 4906 quis
3271 4835 3550 4888 monachus
3600 4835 3833 4888 alienum

2240 4932 2420 4984 audire
2447 4930 2617 4999 aliqua
2646 4937 2796 4996 pacto
2827 4930 3252 4996 pra’sumpsisset.
3293 4925 3443 4978 Itane
3469 4938 3598 4977 vero
3623 4924 3645 4976 ?
3678 4924 3746 4975 At
3779 4926 3831 4978 in

2238 5020 2476 5076 conciliis
2506 5018 2772 5088 Hispaniae
2803 5017 2946 5071 aliud
2968 5016 3245 5070 ‘dclinilum
3277 5015 3598 5070 invenimus.
3625 5012 3830 5068 Conci-

2236 5115 2363 5168 liqu
2394 5111 2628 5166 Oscense
2658 5126 2796 5164 anno
2832 5108 2955 5172 598,
2990 5125 3109 5163 can.
3143 5108 3166 5160 I
3195 5126 3206 5161 :
3245 5107 3308 5161 In
3355 5109 3561 5162 nomine
3610 5104 3826 5161 Domini

2234 5208 2396 5261 nostri
2426 5209 2548 5257 Jesn
2577 5203 2768 5258 Christi
2796 5203 3144 5256 convenientes
3173 5218 3349 5256 omnes
3377 5202 3431 5254 in
3461 5216 3618 5253 unum
3643 5201 3823 5253 conci-

2231 5301 2300 5354 lio
2329 5298 2562 5363 Oscensi,
2594 5298 2688 5350 hoc
2717 5296 2943 5366 synodus
2970 5305 3152 5347 sancta
3186 5293 3301 5364 ﬁeri
3337 5294 3516 5362 elegit,
3546 5301 3602 5344 ut
3633 5293 3820 5344 annuis

2231 5390 2420 5445 vicibus
2448 5389 2790 5459 unusquisque
2818 5394 3048 5440 nostrum
3078 5401 3253 5439 omnes
3296 5383 3506 5436 abbates
3553 5392 3820 5436 monaste-

2232 5485 2448 5547 riorum,
2479 5485 2553 5535 vel
2582 5479 2902 5550 presbyteros
2928 5516 2942 5539 ,
2975 5485 3021 5530 et
3051 5477 3298 5529 diaconos
3339 5490 3447 5528 sua:
3489 5473 3721 5527 dimcesis
3750 5471 3820 5527 ad

2232 5580 2398 5633 locum
2424 5575 2509 5627 ubi
2537 5573 2802 5642 episcopus
2840 5572 3048 5641 elegerit
3088 5584 3399 5640 congregare
3428 5567 3736 5638 praecipiat,
3768 5573 3821 5621 et

2231 5683 2454 5725 ouumus
2492 5679 2738 5720 REGULAM
2771 5677 3119 5717 nauousrnsr
3151 5659 3369 5713 ducendi
3393 5659 3542 5721 vitas,
3577 5665 3820 5711 cunctos-

2232 5779 2326 5833 que
2350 5762 2440 5814 sub
2469 5755 2827 5813 ecclesiasticis
2852 5754 3043 5826 regalis
3070 5752 3251 5806 adesse
3286 5755 3626 5827 prtenwneat,
3657 5764 3815 5820 quos-
