4048 6364
194 399 295 460 ’115

1232 376 1649 438 ISIDORIANA.
1678 402 1748 417 -ι
1779 374 1956 431 PARS
1995 373 2037 430 1.
2076 372 2228 431 CAP.
2272 372 2413 429 XIX.

3345 370 3453 428 114

192 537 284 597 qui
316 516 468 571 etiam
512 506 864 584 parcimoniaa,
894 510 943 557 et
983 499 1294 562 sobrietatis,
1328 505 1476 567 atque
1514 492 1753 547 veridij
1781 491 1832 552 A
1857 489 2187 559 comparari,
2220 497 2279 543 ut
2306 492 2639 559 propositum
2668 484 2943 555 religionis
2972 480 3313 550 Fructuose,
3343 497 3457 541 non

965 595 974 597 -
1216 592 1229 597 -
1675 584 1686 597 .
1725 592 1736 597 -
1868 580 1885 597 .
1919 582 1967 597 ..
2260 580 2291 597 ..
2544 576 2771 597 mum.
2842 576 3065 597 mh“
3134 573 3455 597 -___-..__.--_-

193 584 500 671 castimoniae
555 603 883 657 honeston
926 595 1151 650 uirorum
1204 592 1374 663 forma
1420 584 1760 644 commendet.

192 703 352 764 Paulo
378 704 502 773 post
539 695 776 754 Isidorus
809 690 1096 763 episcopus
1123 685 1448 742 constitutus
1477 680 1594 773 fuit.
1625 675 1764 745 Quid

191 811 313 869 ergo
354 769 579 856 mirum,
628 786 676 843 si
722 780 999 840 monachis
1041 777 1280 848 regulam
1304 815 1320 842 ,
1362 769 1609 842 quamvis
1654 782 1763 822 non

193 885 501 952 incnachus,
522 874 907 952 praescripserit
926 874 951 926 ἲ

254 1006 303 1061 6.
344 1000 519 1056 Minus
547 993 887 1053 tolerandum
912 997 1016 1056 est,
1044 987 1189 1056 quod
1226 982 1407 1039 subdit
1436 978 1726 1047 Cajetanus
1744 1013 1761 1038 ,

185 1096 306 1154 illud
338 1097 394 1148 in
437 1092 674 1161 confesso
709 1101 837 1151 esse,
870 1076 1317 1138 celeberrimarum
1356 1070 1649 1128 scholarum
1675 1082 1766 1120 ca-

186 1188 384 1244 thedras
413 1201 519 1239 non
545 1181 645 1236 nisi
676 1174 1035 1234 Benedictinos
1054 1169 1353 1233 obtinuisse,
1374 1180 1588 1237 quarum
1608 1161 1765 1215 etiam

183 1281 447 1353 plerasque
475 1275 887 1345 fundaverant...
917 1265 1122 1323 Cavisse
1152 1262 1418 1318 Romanos
1459 1252 1762 1329 pontifices,

182 1346 233 1427 ut
256 1346 613 1443 grassantibus
654 1383 717 1420 ea
748 1368 1047 1433 tempestate
1091 1374 1181 1426 per
1212 1352 1563 1409 Christianum
1591 1346 1766 1401 orbem

160 1441 305 1530 'Arii,
334 1461 536 1531 Pelagii
566 1459 887 1525 aliorumque
917 1453 970 1507 id
994 1449 1195 1523 generis
1228 1454 1567 1500 monstrorum
1601 1441 1766 1494 hane-

181 1555 308 1612 sibus
337 1555 542 1610 obviam
580 1554 771 1614 iretur,
822 1564 885 1601 ne
930 1558 1097 1600 sacrw
1125 1544 1308 1596 littertz
1353 1534 1479 1591 alibi
1530 1550 1683 1604 quam
1709 1534 1763 1586 in

181 1647 502 1701 monasteriis
530 1654 580 1699 et
608 1661 641 1697 a
686 1638 951 1696 monachis
992 1636 1315 1690 docerentur.
1366 1626 1521 1695 Quod
1559 1632 1767 1695 postre—

180 1756 316 1795 mum
359 1740 412 1794 in
461 1736 665 1807 Anglia:
704 1749 868 1804 regno
898 1746 996 1803 pro
1023 1736 1174 1785 certo
1202 1725 1423 1789 statuit,
1478 1722 1530 1775 iu
1559 1717 1768 1774 caeteris

180 1834 485 1903 regionibus
519 1828 800 1901 probabile
829 1827 882 1882 in
926 1822 1111 1894 primis
1138 1835 1257 1876 esse
1286 1816 1432 1873 dicit.
1470 1812 1618 1869 Unde
1643 1827 1768 1865 con-

180 1929 315 1981 tinuo
346 1925 599 1996 sequitur,
622 1922 716 1987 ait,
748 1919 1032 1982 Isidorum,
1059 1916 1146 1987 qui
1173 1930 1263 1985 per
1284 1909 1378 1965 illa
1399 1910 1512 1978 ipsa
1541 1916 1772 1973 tempora

179 2036 444 2075 sacrarum
483 2019 772 2073 litterarum
792 2011 1270 2082 interpretationem
1312 2004 1513 2076 publice
1552 2000 1767 2073 proﬁte-

180 2113 344 2180 batur,
374 2110 688 2166 monachum
714 2104 1002 2161 necessario
1031 2102 1218 2175 fuisse,
1254 2113 1347 2152 nec
1383 2103 1533 2149 extra
1560 2107 1774 2147 monas-

182 2206 305 2259 teria
326 2205 381 2257 id
412 2210 666 2271 prwstare
691 2200 936 2261 potuisse.
964 2192 1107 2261 Quid
1134 2190 1301 2247 facias
1341 2194 1531 2256 arguto
1558 2184 1644 2239 isti
1664 2181 1774 2239 dis-

179 2295 471 2352 sertatori?
514 2292 683 2349 Vellet
708 2332 722 2355 .
756 2290 950 2360 opinor
971 2328 987 2354 ,
1018 2298 1205 2341 omnes
1234 2281 1519 2351 episcopos
1539 2321 1552 2344 ,
1585 2289 1774 2331 omnes

180 2389 514 2456 sacerdotes,
545 2386 638 2457 qui
668 2401 734 2441 eo
762 2393 1007 2454 tempore
1034 2378 1340 2441 ﬂorebant,
1392 2370 1556 2428 fuisse
1601 2369 1775 2423 Bene-

178 2476 426 2536 dictinos'.
448 2479 607 2534 Certe
634 2479 688 2531 in
710 2474 941 2531 concilio
968 2470 1232 2526 Toletano
1262 2482 1340 2533 ιν,
1371 2478 1514 2519 anno
1536 2459 1657 2525 655,
1686 2458 1774 2515 cui

177 2570 387 2643 praefuit
423 2578 610 2625 noster
654 2566 913 2629 Isidorus,
956 2563 1008 2618 id
1057 2568 1316 2617 statutum
1365 2556 1523 2628 135
1548 2553 1776 2623 legimus

175 2674 295 2716 can.
354 2658 427 2713 25
469 2676 484 2714 :
543 2658 887 2731 Ignorantia,
944 2663 1108 2707 mater
1148 2659 1447 2704 cunctorum
1498 2659 1772 2709 errorum,

173 2757 401 2807 maxime
426 2752 483 2805 in
523 2748 874 2806 sacerdotibus
925 2745 1022 2799 Dei
1058 2743 1267 2799 vitanda
1297 2748 1394 2805 est,
1434 2739 1521 2810 qui
1559 2733 1776 2791 docendi

172 2845 398 2916 oﬂicium
420 2844 474 2897 in
497 2843 701 2912 papulis
716 2845 1067 2906 susceperunt.
1102 2834 1414 2887 Sacerdotes
1438 2828 1574 2881 enim
1605 2827 1775 2895 legere

171 2914 388 2993 sanctas
431 2934 735 3005 Scripturas
766 2929 1108 2983 admonentur
1135 2966 1151 2989 ,
1197 2921 1367 2975 Paulo
1417 2916 1650 2989 apostolo
1697 2914 1778 2968 di-

171 3038 322 3084 cente
344 3028 416 3081 ad
443 3024 767 3080 Timotheum
796 3039 809 3073 :
852 3016 1072 3073 Intende
1111 3012 1341 3079 lectioni,
1384 3005 1735 3063 exhortationi
1761 3046 1777 3072 ,

175 3119 432 3174 doctrina:
462 3134 481 3170 :
510 3130 710 3185 semper
731 3124 976 3183 permane
1001 3110 1055 3162 in
1086 3107 1185 3160 his.
1211 3102 1393 3158 Sciant
1421 3100 1583 3170 igitur
1602 3112 1776 3150 sacer-

178 3213 321 3268 dotes
362 3210 666 3279 Scripturas
708 3211 919 3258 sanctas
967 3208 1017 3276 et
1065 3211 1325 3259 canones,
1379 3201 1433 3246 ut
1471 3206 1620 3245 omne
1648 3203 1776 3257 opus

181 3322 352 3361 eorum
407 3305 465 3357 in
509 3298 880 3371 praedicatione
927 3303 977 3348 et
1018 3292 1254 3347 doctrina
1293 3287 1573 3349 consistat,
1626 3289 1776 3353 atque

185 3398 438 3465 aediﬁcent
468 3401 676 3448 cunctos
706 3398 813 3445 tam
838 3387 963 3458 ﬁdei
1003 3384 1221 3441 scientia
1247 3396 1401 3453 quam
1425 3391 1636 3449 cperam
1670 3375 1780 3428 dis-

187 3487 397 3558 ciplina.
551 3551 561 3561 .
600 3488 605 3493 '

256 3600 305 3654 7.
349 3598 574 3655 Poterat
596 3595 663 3651 ad
684 3590 1092 3650 Benedictinum
1112 3587 1168 3643 S.
1191 3583 1382 3641 Isidori
1401 3578 1782 3636 monachatum

190 3690 523 3762 probandum
554 3686 776 3756 allegari
803 3680 1250 3754 Martyrologium
1280 3691 1380 3747 pro
1408 3668 1785 3762 Cisterciensi-

193 3758 284 3839 bus
330 3782 398 3837 ad
452 3781 616 3835 tinem
666 3772 1034 3846 Martyrologii
1087 3767 1314 3825 Romani
1356 3765 1513 3835 jussu
1554 3758 1784 3817 Benedi-

194 3873 259 3929 cti
282 3872 421 3938 XIV,
455 3869 616 3940 cujus
634 3868 800 3924 verba
822 3863 1022 3936 protuli
1051 3876 1174 3929 cap.
1208 3858 1296 3912 15.
1328 3855 1436 3912 Sed
1464 3869 1589 3909 cum
1621 3850 1785 3906 simili

195 3964 344 4023 modo
373 3958 819 4032 Martyrologium
859 3969 959 4025 pro
989 3946 1279 4007 Canonicis
1311 3941 1669 4012 Regularibus
1697 3953 1786 4032 as-

196 4064 351 4124 truat,
389 4053 447 4111 S.
480 4029 749 4109 Isidorum
776 4046 919 4103 inter
958 4040 1264 4099 Canonicos
1293 4034 1589 4105 Regulares
1620 4029 1788 4085 ascri-

197 4158 339 4221 ptum
380 4148 575 4213 fuisse,
614 4141 730 4212 ejus
768 4133 1137 4209 Martyrologii
1182 4128 1474 4185 auctoritas
1503 4125 1606 4179 hac
1648 4123 1702 4177 in
1729 4136 1791 4177 re

200 4214 346 4294 dubia
366 4236 637 4299 redditur,
668 4246 789 4287 cum
812 4228 1027 4296 utrique
1049 4222 1224 4280 ordini
1249 4232 1402 4290 aeque
1426 4215 1624 4270 faveat.
1649 4214 1793 4268 lnter

208 4326 383 4384 Officia
414 4323 640 4398 propria
667 4327 980 4378 sanctorum
1010 4312 1406 4370 Canonicorum
1444 4305 1793 4373 Regularium

213 4435 277 4476 ex
294 4394 513 4492 speciali
541 4416 600 4470 S.
631 4412 712 4467 Pii
734 4410 777 4465 V
807 4407 1159 4465 concessione
1186 4419 1216 4457 a
1246 4399 1662 4469 congregatione
1692 4394 1795 4449 La-

206 4488 460 4568 teranensi
504 4505 804 4569 recitanda,
849 4498 1138 4557 Mediolani
1180 4495 1324 4551 edita
1350 4491 1513 4557 1751,
1543 4490 1611 4545 ad
1652 4488 1793 4543 diem

207 4602 238 4655 4
266 4604 454 4675 Aprilis
482 4598 727 4657 occurrit
754 4594 971 4649 Festum
1018 4590 1078 4645 S.
1126 4586 1339 4651 Isidori,
1371 4585 1529 4655 episc.
1576 4590 1623 4635 et
1666 4596 1794 4635 con-

212 4670 347 4766 fess},
373 4691 631 4749 Canonici
679 4686 974 4759 Regularis,
1006 4682 1094 4736 ubi
1140 4680 1193 4734 in
1242 4678 1414 4748 prima
1460 4673 1694 4729 lectione
1724 4670 1791 4725 ad

211 4758 492 4838 sccnndum
527 4784 777 4833 nocturn.
807 4774 920 4827 haec
956 4768 1223 4824 habentur
1251 4782 1265 4817 :
1300 4761 1522 4817 Sanctus
1553 4758 1791 4812 Isidorus

216 4888 273 4925 ex
299 4871 582 4927 Gothorum
624 4867 784 4934 stirpe
822 4860 1150 4934 progenitus,
1200 4856 1341 4926 ﬁlius
1387 4854 1483 4924 fuit
1529 4849 1796 4906 Seueriani

220 4962 352 5015 ducis
404 4954 874 5028 Carthaginensis,
927 4960 976 5005 et
1027 4951 1191 5021 frater
1226 4945 1403 5014 ntagni
1444 4942 1587 4997 illius
1629 4938 1799 4993 sancti

224 5049 438 5107 Leandri
466 5051 596 5107 olim
632 5043 961 5115 Hispalensis
989 5038 1234 5110 episcopi.
1268 5033 1649 5088 Canonicorum
1690 5028 1797 5082 Re-

225 5146 471 5216 gularium
496 5145 788 5202 institutum
812 5140 1095 5210 professus,
1128 5148 1243 5187 cum
1272 5127 1485 5185 summis
1525 5122 1798 5179 virtutibus

229 5238 447 5309 polleret,
465 5237 514 5291 11
522 5232 798 5307 ispalensis
814 5228 1065 5284 Ecclesiae
1084 5222 1274 5295 prwsul
1304 5228 1380 5276 est
1398 5225 1797 5274 consecratus...

231 5329 399 5389 Verba
432 5349 498 5389 ea:
544 5329 826 5387 Gothorum
860 5325 1047 5395 stirpe,
1096 5328 1152 5378 et
1204 5319 1349 5373 ducis
1394 5312 1660 5385 sequioris
1703 5310 1802 5366 aevi

233 5422 585 5479 monumentis
618 5420 877 5475 nituntur.

301 5535 351 5590 8.
389 5536 501 5591 Nic.
534 5535 800 5591 Antonius
829 5532 883 5587 in
928 5530 1069 5585 hanc
1106 5524 1430 5585 sententiam
1462 5516 1760 5591 propendet
1784 5553 1801 5580 ,

238 5622 486 5683 Isidorum
535 5627 673 5683 inter
718 5625 1023 5681 Canonicos
1071 5619 1366 5689 Regulares
1419 5610 1808 5669 recensendum

245 5734 387 5788 esse;
422 5737 545 5777 cum
574 5722 718 5777 enim
747 5720 1105 5782 observasset,
1138 5715 1190 5768 in
1220 5712 1396 5779 elogio
1436 5707 1493 5763 S.
1526 5702 1809 5761 Fructuosi

245 5816 440 5872 abbatis
468 5827 524 5873 et
550 5816 785 5889 episcopi
815 5810 1179 5875 Bracarensis,
1211 5807 1277 5861 de
1304 5819 1412 5875 quo
1448 5818 1548 5859 nos
1567 5816 1688 5870 cap.
1718 5796 1807 5864 55,

248 5920 297 5961 n.
326 5908 377 5978 '5,
402 5906 644 5980 agemus,
677 5908 750 5964 ita
792 5906 930 5962 inter
966 5917 1025 5961 se
1068 5901 1423 5959 Fructuosum
1466 5903 1523 5953 et
1548 5891 1810 5951 Isidorum

1864 580 2091 648 Isidoro,
2150 580 2493 647 attribuatur,
2539 576 2795 645 subdidit,
2841 576 3071 646 idipsum
3128 573 3459 632 confirmare

1867 669 2063 727 Lucam
2091 670 2393 727 Tudensem
2416 669 2499 724 his
2520 667 2701 723 verbis
2729 666 2930 723 Chron.
2976 666 3014 721 l.
3039 682 3120 735 ut,
3153 666 3209 722 in
3233 665 3412 737 princ.
3438 681 3455 720 :

1866 763 2130 819 Praeterea
2156 774 2304 833 pater
2331 762 2528 817 exstitit
2558 761 2879 825 clericorum,
2912 759 3121 828 doctor“
3159 764 3210 811 et
3238 763 3448 813 susten-

1867 864 2003 910 tator
2024 854 2394 910 monachorum
2419 861 2467 907 et
2495 850 2819 906 manialium.
2835 848 3040 916 Quibus
3065 846 3316 903 docuisse
3335 859 3463 901 eum

1867 959 1923 1005 et
1949 948 2147 1003 aluisse
2173 947 2492 1011 monachos,
2520 941 2795 1015 praefuisse
2833 948 3011 997 autem
3049 938 3262 996 clericis
3283 977 3302 1004 ,
3348 953 3462 994 non

1866 1041 2100 1097 obscure
2140 1040 2425 1110 signiﬁcat.
2477 1037 2651 1092 Patris
2695 1036 2839 1092 enim
2881 1032 3172 1104 appellatio
3203 1028 3463 1102 praefecto

1868 1132 2110 1203 adaptari
2138 1130 2318 1197 solet,
2349 1128 2428 1183 uti
2454 1127 2737 1183 abbatibus
2763 1141 2886 1182 can.
2921 1124 2988 1179 10
3018 1122 3217 1180 concil.
3254 1119 3462 1191 Hispal.

1868 1242 1925 1293 ιι,
1958 1233 2123 1294 atque
2150 1224 2277 1279 item
2305 1237 2426 1278 can.
2467 1219 2556 1285 11,
2588 1228 2644 1275 et
2684 1219 2829 1274 alibi.
2880 1215 2992 1273 Nec
3035 1214 3180 1270 cellis
3219 1226 3420 1275 nomen
3445 1250 3465 1279 ,

1871 1318 2085 1388 pergit,
2134 1315 2275 1370 intra
2316 1313 2553 1368 claustra
2600 1308 3031 1381 restringendum
3062 1314 3184 1370 est,
3229 1320 3352 1361 cum
3396 1316 3499 1379 ex!

1872 1406 2154 1478 Redempti
2173 1405 2436 1461 relatione
2464 1410 2695 1466 constet,
2726 1401 2990 1456 Isidorum
3007 1398 3120 1469 jam
3144 1396 3469 1452 moriturum

1871 1520 1902 1559 e
1931 1500 2125 1558 cellula
2150 1515 2269 1562 sua,
2301 1500 2407 1554 hoc
2435 1506 2519 1552 est
2543 1510 2758 1551 camera
2779 1495 2971 1550 domus
3002 1493 3159 1564 136
3178 1493 3464 1561 episcopa-

1872 1594 1958 1658 lis,
2006 1608 2065 1647 se
2110 1590 2304 1646 fecisse
2356 1590 2410 1643 in
2459 1587 2743 1643 ecclesiam
2785 1585 3058 1655 deportari
3104 1601 3118 1639 :
3168 1581 3468 1653 cellultsque

1871 1684 2286 1755 presbyterorum
2311 1688 2360 1734 et
2378 1680 2649 1734 levitarum
2679 1677 2733 1732 in
2754 1692 2873 1732 can.
2893 1674 2963 1730 25
2984 1674 3181 1731 concil.
3211 1671 3389 1729 Totet.
3411 1686 3467 1728 tv

1873 1777 2074 1832 mentio
2106 1774 2215 1829 liat.
2248 1774 2512 1829 Observat
2544 1771 2708 1826 etiam
2746 1770 2800 1823 in
2824 1767 3100 1838 epitaphio
3126 1765 3315 1821 Isidori
3338 1805 3355 1833 ,
3404 1764 3474 1820 de

1802 1881 1849 1941 Β
1874 1883 1983 1937 quo
2008 1881 2171 1936 supra
2202 1881 2324 1934 cap.
2357 1864 2410 1927 7,
2444 1861 2737 1917 Antonium
2767 1858 2969 1930 Lupian
2999 1857 3201 1927 Zapata
3224 1870 3320 1925 pro
3339 1855 3476 1923 prio-

1875 1979 1993 2016 rum
2021 1978 2086 2015 επ
2107 1960 2291 2015 ordine
2314 1968 2487 2012 uatum
2508 1956 2593 2010 vel
2618 1954 2889 2010 invenisse
2916 1950 3114 2007 alicubi
3140 1949 3229 2005 vel
3254 1945 3476 2004 ﬁnxisse

1876 2068 2061 2123 parum
2102 2067 2166 2105 ea:
2208 2048 2390 2104 ordine
2419 2048 2690 2110 abbatum,
2739 2052 2799 2098 ut
2849 2041 3041 2100 Isidori
3084 2038 3473 2096 monachatum

1874 2142 2285 2213 comprobaret;
2336 2154 2459 2195 cum
2489 2146 2670 2193 tamen
2708 2135 3020 2190 adverbium
3050 2149 3235 2205 parum
3284 2145 3477 2187 mona-

1875 2234 2056 2293 chatui
2096 2234 2278 2305 potius
2334 2232 2571 2289 resistat.
2618 2228 2871 2284 Fortasse
2910 2227 3082 2283 voluit
3124 2224 3365 2296 Zapata,
3420 2232 3487 2280 ut»

1874 2328 2069 2399 aliquis
2098 2326 2400 2396 conjiceret
2423 2366 2438 2391 ,
2490 2331 2700 2394 patrum
2744 2340 2811 2379 ea:
2847 2320 3030 2377 ordine
3058 2318 3320 2373 abbatum.
3368 2314 3477 2371 Sed

1876 2436 2005 2476 vera
2032 2419 2215 2486 lectio,
2249 2425 2313 2473 ut
2337 2432 2404 2473 eo
2431 2416 2556 2472 loco
2587 2415 2823 2479 ostendi,
2843 2420 2928 2468 est
2953 2413 3184 2483 priorum
3211 2425 3276 2463 ea:
3295 2407 3478 2463 ordine

1873 2521 2080 2578 uatum,
2129 2518 2189 2565 ut
2235 2508 2504 2565 Isidorum
2551 2506 2899 2576 intelligatur,
2924 2502 3093 2559 fuisse
3141 2498 3479 2557 sacerdotem

1877 2604 2037 2675 primi
2068 2603 2293 2659 ordinis.

1947 2693 2000 2749 9.
2044 2692 2274 2762 Vigebat
2302 2699 2433 2746 tunc
2477 2692 2532 2746 in
2581 2689 2835 2761 Hispania
2857 2684 3131 2757 quoddam
3172 2682 3297 2738 vita:
3324 2694 3479 2737 com-

1878 2784 2054 2838 munis
2080 2797 2249 2852 genus
2300 2781 2355 2835 in
2404 2781 2611 2836 aedibus
2639 2780 3043 2849 episcoporum,
3071 2772 3218 2842 quod
3244 2768 3479 2826 Canoni-

1880 2886 2068 2928 corum
2094 2870 2440 2940 Regularium
2467 2869 2642 2924 ordini
2672 2876 2854 2937 potest
2875 2861 3203 2933 comparari.
3226 2859 3308 2914 Ita
3336 2858 3481 2914 enim

1879 2962 2123 3019 decernit
2150 2961 2437 3017 concilium
2466 2958 2789 3013 Toletanum
2830 2971 2903 3017 iv,
2959 2952 3188 3024 praeside
3224 2948 3435 3005 Isidoro
3460 2988 3479 3016 ,

1881 3072 2004 3112 can.
2027 3054 2098 3127 22
2123 3054 2267 3110 et25
2300 3072 2313 3106 :
2348 3053 2564 3123 Oportet
2607 3053 2873 3122 episcopos
2906 3045 3253 3103 testimonium
3290 3041 3483 3121 proba-

1882 3148 2059 3202 bilium
2087 3160 2425 3217 personarum
2452 3145 2509 3197 in
2538 3143 2770 3197 conclavi
2811 3156 2904 3195 suo
2935 3137 3155 3205 habere,
3205 3143 3261 3190 ut
3290 3142 3341 3189 et
3370 3132 3485 3189 Deo

1806 3263 1850 3325 ρ
1880 3242 2119 3310 placeant
2167 3256 2259 3309 per
2303 3238 2679 3293 conscientiam
2732 3251 2953 3306 puram,
2996 3241 3046 3287 et
3092 3230 3346 3286 Ecclesia
3394 3244 3485 3300 per

1883 3334 2132 3404 optimam
2154 3334 2371 3401 famam.
2406 3328 2531 3385 Non
2556 3330 2713 3384 aliter
2731 3327 2948 3399 placuit,
2973 3334 3029 3379 ut
3053 3322 3485 3396 quemadmodum

1884 3426 2170 3491 antistites,
2198 3424 2273 3476 ita
2299 3421 2587 3493 presbyteri
2616 3429 2768 3489 atque
2796 3420 2981 3484 (evitat,
3012 3433 3140 3489 quos
3166 3418 3301 3482 forte
3329 3414 3486 3484 inﬁr-

1883 3519 2062 3583 mitas,
2089 3527 2178 3570 aut
2203 3517 2373 3570 artatis
2400 3516 2629 3586 gravitas
2662 3515 2719 3568 in
2754 3513 2984 3567 conclavi
3012 3510 3237 3580 episcopi
3265 3519 3477 3564 manere

1884 3627 1990 3665 non
2021 3610 2164 3675 sinit,
2193 3617 2249 3661 ut
2276 3608 2434 3663 iidem
2454 3608 2512 3660 in
2542 3606 2741 3661 cellulis
2765 3606 2874 3659 suis
2905 3612 3057 3658 testes
3084 3604 3202 3657 vitm
3225 3600 3483 3666 habeant,

1888 3701 2137 3770 uitamque
2166 3714 2337 3766 suam,
2365 3697 2501 3751 sicut
2528 3697 2761 3763 nomine,
2807 3696 2885 3749 ita
2922 3701 2972 3748 et
3012 3692 3211 3747 meritis
3254 3696 3484 3745 teneant.

1886 3791 2165 3846 Institutio
2193 3789 2359 3844 etiam
2388 3786 2806 3849 Canonicorum,
2840 3784 2895 3838 in
2935 3781 3167 3838 concilio
3193 3779 3487 3849 Aquisgra-

1889 3881 2040 3937 uensi
2059 3895 2202 3934 anno
2223 3878 2328 3932 8t6
2353 3877 2649 3947 proposita,
2673 3890 2743 3930 ex
2757 3874 2987 3929 aliorum
3015 3885 3234 3941 quoque
3262 3869 3481 3925 Patrum

1887 3969 2186 4034 sententiis,
2217 3967 2313 4023 sed
2336 3982 2405 4021 ex
2427 3965 2617 4022 Isidori
2646 3965 2914 4034 praecipue
2938 3963 3192 4033 operibus
3226 3967 3484 4017 contexta

1892 4069 1994 4126 est,
2029 4068 2086 4114 ut
2114 4072 2233 4129 cap.
2273 4056 2337 4111 51
2371 4055 2653 4112 ostendant
2684 4073 2698 4109 :
2747 4070 2816 4110 ex
2840 4068 2950 4123 quo
2978 4052 3200 4119 factum,
3232 4059 3293 4105 ut
3319 4065 3481 4121 regu-

1892 4152 2000 4207 lam
2023 4149 2425 4207 Canonicorum
2461 4147 2723 4203 Isidorum
2768 4144 3051 4216 scripsisse
3096 4141 3341 4199 nonnulli
3377 4156 3485 4211 pu-

1892 4253 2029 4301 tent.
2058 4244 2380 4313 Pennottus,
2406 4243 2461 4298 in
2483 4240 2687 4300 Histor.
2710 4238 2970 4296 Canonic.
3000 4236 3282 4308 Regulam,
3305 4235 3399 4292 lib.
3423 4250 3481 4298 ιι,

1895 4351 2017 4406 cap.
2050 4335 2140 4399 51,
2192 4349 2343 4389 num.
2376 4331 2434 4399 5,
2462 4348 2586 4388 cum
2633 4331 2843 4388 Joanne
2886 4328 2956 4385 de
2999 4327 3306 4399 Nigravalle
3354 4326 3490 4381 inter

1896 4427 2151 4484 ecclesias
2226 4425 2625 4482 Canonicorum
2707 4420 3053 4493 Regularium
3118 4418 3491 4489 Hispaleusent

1896 4518 2178 4575 ecclesiam
2209 4516 2685 4585 metropolitanam
2728 4519 2977 4569 recenset
3012 4528 3026 4564 :
3078 4519 3128 4563 et
3173 4509 3356 4563 merito
3378 4507 3492 4576 qui-

1901 4609 2040 4675 dem,
2066 4607 2164 4674 ait,
2220 4622 2335 4660 cum
2361 4605 2503 4659 illius
2552 4603 2893 4673 archiprcesul
2924 4601 3080 4671 fuerit
3112 4597 3175 4653 Β.
3210 4596 3450 4652 Isidorus
3471 4634 3490 4662 ,

1901 4719 2048 4774 quem
2076 4700 2285 4754 dubium
2313 4715 2415 4752 non
2440 4705 2538 4764 est,
2580 4696 2635 4749 in
2664 4695 2846 4750 ordine
2874 4692 3128 4747 canonico
3159 4692 3213 4744 in
3253 4687 3491 4743 Ecclesia

1905 4793 2282 4864 Hispaniarum
2308 4785 2643 4853 restituendo,
2676 4785 2739 4839 ab
2762 4801 2822 4838 ea
2851 4782 2997 4853 cujus
3018 4782 3131 4850 ipse
3154 4788 3266 4835 erat
3287 4779 3491 4850 episco-

1905 4902 1998 4958 pus
2030 4893 2228 4939 tantnm
2272 4881 2529 4951 negotium
2573 4876 2833 4945 auspicari
2860 4875 3100 4930 voluisse.
3133 4872 3267 4928 Cum
3308 4880 3493 4929 autem

1907 4977 2303 5034 Canonicorutn
2358 4971 2704 5041 Regularium
2757 4967 3017 5039 originem
3077 4965 3325 5021 nonnulli
3370 4979 3495 5021 cum

1910 5066 2264 5123 Thomassino
2292 5061 2567 5131 Disciplin.
2594 5061 2789 5117 eceles.
2820 5074 2875 5129 ι).
2917 5074 2954 5124 ι,
2994 5057 3087 5113 lib.
3120 5072 3157 5123 ι,
3190 5070 3310 5126 cap.
3350 5053 3421 5108 40
3443 5065 3497 5112 el

1908 5175 2026 5230 seq.
2052 5173 2083 5212 a
2111 5156 2170 5212 S.
2205 5153 2500 5223 Augustino
2541 5159 2811 5223 repetant,
2838 5151 2965 5207 hinc
2999 5149 3060 5206 S.
3093 5148 3360 5205 Isidorum
3387 5146 3496 5202 Au-

1910 5246 2224 5320 gustinianis
2253 5258 2541 5301 accensere
2568 5243 2785 5313 quidam
2814 5242 3125 5297 voluerunt.

1982 5337 2071 5393 I0.
2132 5334 2291 5391 Aliud
2342 5342 2717 5403 argumentum
2769 5347 2877 5402 pro
2926 5328 3119 5385 Isidori
3166 5325 3496 5385 monacham

1913 5430 2120 5486 eruitur
2147 5442 2215 5483 ex
2263 5442 2329 5482 eo
2362 5423 2508 5495 quod
2555 5422 2720 5478 frater
2756 5421 2873 5491 ejus
2921 5418 3168 5476 Leander
3203 5413 3496 5473 monachus

1912 5518 2090 5582 fuerit,
2108 5517 2481 5585 Isidorumque
2501 5514 2814 5570 instituerit.
2834 5511 3032 5568 Verum
3050 5511 3165 5566 haec
3178 5506 3495 5577 conjectura

1910 5613 2042 5670 satis
2070 5611 2199 5666 levis
2227 5618 2330 5677 est,
2361 5623 2483 5664 cum
2505 5607 2707 5677 optime
2754 5604 3043 5667 cohaereat,
3073 5599 3219 5671 quod
3247 5596 3495 5654 Leander

1910 5703 1997 5760 vel
2026 5710 2151 5757 ante
2178 5699 2580 5765 monachatum,
2622 5696 2709 5751 vel
2726 5695 2836 5765 jam
2867 5692 3185 5753 monachus,
3231 5686 3494 5743 Isidorum

1912 5794 2108 5866 partim
2138 5789 2457 5853 instituerit,
2507 5790 2702 5859 partim
2761 5783 2966 5841 institui
3016 5778 3318 5845 curaverit,
3364 5776 3493 5847 quin

1913 5885 2150 5944 Isidorus
2194 5896 2426 5952 unquam
2462 5881 2613 5961 137
2646 5876 3002 5939 monasticam
3043 5869 3286 5929 ordinem
3331 5868 3490 5933 fuerit
