4048 6364
212 311 308 370 H7

1274 302 1677 361 lSIDOBlANA.
1718 331 1788 346 --
1825 304 2002 361 PARS
2046 302 2086 359 Ι.
2128 303 2279 362 CAP.
2320 300 2436 365 XX.

3357 308 3463 370 118

214 424 269 481 la
290 418 410 489 £26,
438 433 558 493 quae
598 425 870 491 postrema
913 418 983 477 ad
1026 432 1228 479 annum
1278 416 1381 475 599
1426 423 1673 487 retertur,
1704 418 1782 475 uti
1810 423 1865 487 ἀι
1958 417 2009 474 5.
2054 418 2321 479 Iit-molam
2369 419 2561 479 lsidoct
2599 428 2749 488 gesta
2797 421 2852 475 in
2901 420 3216 491 episcopatu
3243 422 3465 479 adimiti-

214 515 310 571 alia
339 511 528 567 eodem
548 510 688 568 libro
717 510 785 566 ad
806 508 1163 576 Becaredum,
1192 525 1339 566 num.
1373 508 1500 577 l27,
1551 524 1671 579 quae
1699 517 1783 565 est

212 600 551 677 gratulatoria
573 601 641 656 de
667 600 782 671 ejus
810 601 1187 656 conversione.
1216 594 1277 657 In
1324 598 1559 656 editione
1579 599 1780 656 Mauri:-

214 698 397 751 norum
422 694 504 747 hae
526 694 641 747 duae
669 693 909 763 epistolae
930 699 1055 747 sunt
1083 682 1210 762 121,
1235 687 1359 760 122,
1399 688 1526 747 libri
1574 708 1651 759 rx,
1702 691 1785 748 inv

212 780 505 849 dictioneﬂ,
537 780 641 840 hoc
671 792 749 839 est
778 798 918 838 anno
939 780 1064 849 599,
1096 776 1190 838 sed
1209 782 1283 838 ita
1305 778 1363 837 ut
1391 778 1612 837 indictio
1642 779 1678 835 2
1698 782 1782 837 ἰη-

211 879 366 950 cipiat
394 894 425 931 a
456 893 640 932 mense
667 872 973 947 Septembri
1003 874 1131 931 anni
1160 868 1286 931 598.
1320 873 1400 930 Ex
1424 876 1509 933 his
1541 874 1783 945 epistolis

214 966 381 1040 colligi
406 982 610 1041 posset,
638 962 939 1024 Leandrum
972 967 1038 1021 ad
1067 962 1264 1022 annum
1308 964 1413 1023 599
1457 966 1648 1021 saltem
1688 980 1783 1021 su—

212 1060 483 1137 perstitem
514 1061 696 1119 fuisse.
723 1061 792 1116 At
820 1061 934 1115 Nic.
964 1048 1227 1115 Antonius
1247 1059 1516 1114 existimat
1536 1052 1634 1113 bas
1655 1056 1787 1112 duas

211 1156 463 1226 epistolas
492 1172 601 1211 non
634 1171 731 1210 suo
757 1170 876 1209 esse
906 1154 1095 1209 ordine
1119 1142 1434 1208 collocatas.
1476 1151 1593 1206 Non
1644 1150 1786 1206 enim

209 1246 375 1302 simile
403 1263 536 1302 vero
566 1252 669 1311 est,
695 1245 1013 1313 Gregorium
1063 1236 1476 1314 gratulationem
1532 1242 1599 1297 de
1649 1258 1779 1298 coa-

210 1340 449 1394 versione
472 1337 753 1402 Recaredi,
777 1338 1105 1409 palliumque
1135 1330 1381 1393 Leaudro
1422 1336 1789 1392 transmitten-

208 1429 329 1485 dum
390 1430 578 1485 tandiu
632 1429 924 1492 distulisse,
959 1428 1165 1483 scilicet
1219 1436 1341 1498 post
1396 1427 1718 1482 decennium
1770 1443 1784 1479 :

209 1537 327 1576 nam
355 1536 421 1576 ea
451 1520 681 1590 epistola
715 1519 817 1572 4:16
850 1519 942 1574 lib.
964 1535 1036 1575 vn
1060 1518 1277 1589 pallium
1295 1502 1364 1574 ad
1386 1516 1688 1574 Leandrum
1729 1531 1791 1573 se

209 1610 574 1665 transmittere
606 1609 682 1663 ait
703 1606 1009 1677 Gregorius.

276 1699 327 1754 2.
364 1700 545 1755 Aliam
577 1714 705 1770 ergo
726 1700 869 1755 viam
916 1700 1015 1754 init
1057 1699 1169 1755 Nic.
1197 1698 1483 1766 Antonius,
1512 1707 1568 1753 ut
1593 1712 1793 1753 annum

1884 511 2104 567 strando
2142 509 2445 568 Canonicus
2473 511 2822 581 Legionensis
2850 520 2906 568 et
2943 511 3245 569 Rodericus
3275 510 3467 568 Cena--

1886 603 2051 658 tensis
2088 600 2140 658 in
2163 602 2277 674 ejus
2306 596 2429 658 Vita
2458 598 2763 658 distinctius
2787 612 2842 658 et
2865 598 3186 672 explicatius
3214 612 3466 669 narrant;

1886 710 2004 764 quae
2031 695 2275 765 quamvis
2316 693 2390 750 ita
2419 694 2723 765 singillatim
2770 690 3028 764 expressa
3071 694 3469 765 antiquioribus

1876 787 2244 841 monumentis
2286 802 2399 842 non
2448 793 2728 851 constent,
2760 782 2908 840 certe
2953 785 3147 840 similia
3175 785 3289 840 veri
3318 793 3465 851 sunt,

1887 887 1943 933 et
1982 892 2175 946 magna
2209 877 2363 948 141
2396 892 2466 934 ex
2494 887 2645 947 parte
2670 891 2801 932 vera
2828 891 2967 943 esse,
3002 893 3109 931 non
3131 876 3328 933 invitus
3353 890 3471 930 cre-

1888 966 2029 1026 dam.
2054 968 2190 1024 Illud
2214 970 2269 1023 in
2299 970 2484 1039 primis
2530 968 2949 1039 investigatione
2989 968 3208 1035 dignum
3235 966 3474 1034 videtur,

1889 1077 1953 1118 an
1983 1076 2112 1118 vere
2143 1063 2547 1128 monasterium,
2601 1061 2714 1116 sive
2760 1060 3043 1127 collegium
3097 1056 3302 1127 Hispali
3350 1071 3474 1111 con-

1890 1154 2173 1221 struxerit,
2206 1170 2313 1223 quo
2361 1151 2588 1224 juvenes
2633 1151 3009 1207 ecclesiasticis
3052 1148 3344 1220 disciplinis
3375 1147 3476 1199 im-

1890 1252 2099 1306 bueret.
2132 1246 2189 1301 id
2220 1246 2363 1301 enim
2394 1260 2501 1300 non
2529 1245 2703 1298 solum
2733 1242 2934 1297 laudati
2964 1250 3211 1295 auctores
3236 1251 3474 1293 comme-

1890 1349 2125 1407 morant,
2155 1341 2247 1394 sed
2288 1336 2616 1394 recentiores
2644 1335 2731 1389 alii
2760 1334 3102 1396 conﬁrmant,
3130 1330 3257 1384 inde
3285 1328 3474 1382 Patres

1894 1432 2109 1490 concilii
2163 1429 2461 1485 Tridentini
2518 1426 2583 1481 ad
2639 1425 2958 1481 clericorum
3006 1420 3293 1477 seminaria
3333 1419 3480 1473 iusti-

1899 1525 2096 1581 tuenda
2142 1522 2419 1592 exemplar
2462 1518 2775 1588 sumpsisse.
2810 1517 2927 1571 Duo
2955 1521 3079 1570 sunt
3108 1526 3229 1582 quae
3258 1513 3311 1567 in
3341 1512 3481 1565 hanc

1896 1631 1985 1671 me
2034 1614 2352 1670 sententiam
2383 1610 2717 1683 perlrahtmt,
2752 1622 2927 1662 canon
2956 1604 3030 1658 24
3076 1602 3291 1660 concilii
3320 1601 3481 1657 Tole-

1899 1707 2011 1760 tani
2059 1720 2132 1771 tv,
2176 1704 2261 1759 cui
2290 1702 2523 1757 lsidorus
2552 1698 2797 1771 praefuit,
2846 1704 2900 1752 et
2946 1695 3184 1751 narratio
3227 1692 3484 1749 Cixilanis

206 1791 377 1848 obitus
407 1789 646 1847 Leandri
676 1792 985 1847 constituat.
1018 1789 1241 1847 Constat
1286 1790 1551 1848 Isidorum
1595 1791 1793 1845 obiisse
1825 1799 1872 1858 B
1899 1799 1955 1853 in
1983 1799 2101 1851 Vita
2125 1796 2182 1850 S.
2214 1794 2483 1849 Ildeionsi.

206 1898 342 1938 anno
369 1881 502 1952 636,
532 1892 589 1938 ut
643 1898 709 1938 ex
763 1877 1066 1952 Redempto
1116 1882 1376 1952 arguitur,
1428 1881 1609 1937 sedem
1659 1897 1789 1937 vero

205 1973 576 2046 Hispalensem
610 1977 845 2033 tenuisse
876 1975 1029 2030 annis
1078 1975 1246 2030 ferme
1274 1975 1375 2045 40,
1420 1985 1479 2030 ιιι
1515 1958 1668 2046 ιω
1718 1975 1793 2029 ait

206 2064 531 2122 lldefonsus.
587 2065 868 2135 Colligitur
916 2081 1043 2136 ergo
1074 2063 1332 2121 Isidorum
1364 2081 1504 2119 anno
1536 2060 1659 2131 596,
1699 2074 1793 2119 aut

206 2160 362 2229 paulo
412 2169 553 2231 post,
580 2154 645 2215 ad
687 2140 1052 2230 episcopatum
1098 2166 1345 2213 evectum
1393 2157 1574 2222 fuisse,
1626 2166 1791 2226 atque

205 2249 336 2305 adeo
365 2250 528 2320 paulo
559 2256 683 2304 ante
732 2247 1036 2303 Leandrum
1069 2240 1230 2301 vitam
1261 2262 1383 2301 cum
1416 2253 1591 2300 morte
1640 2260 1792 2299 com-

206 2354 460 2400 mutasse.
495 2344 724 2413 Conjicit
753 2352 1034 2413 praeterea,
1078 2357 1220 2396 anno
1252 2336 1373 2407 597,
1419 2355 1527 2409 quo
1552 2347 1795 2409 tempore

204 2438 346 2493 aliud
390 2438 681 2494 concilium
713 2436 1036 2491 Toletanum
1089 2436 1188 2489 sub
1229 2431 1506 2488 Recaredo
1552 2428 1795 2487 celebra-

204 2525 378 2593 batur,
414 2524 590 2582 adhuc
619 2540 836 2581 vacasse
864 2523 1159 2579 Ecclesium
1215 2522 1617 2593 Hispalensem;
1668 2537 1795 2576 nam

201 2619 354 2676 deest
382 2619 706 2690 subscriptio
725 2618 961 2689 episcopi
986 2612 1334 2689 HISpalensis,
1356 2630 1474 2670 cum
1498 2630 1566 2671 ex
1590 2610 1792 2670 metro-

202 2712 458 2782 politanis
486 2710 826 2768 interlberin't
853 2708 1103 2763 Massona
1134 2704 1486 2762 Emeritensis
1504 2746 1520 2770 ,
1552 2706 1796 2774 Migetius

199 2800 575 2857 Narbonensis
595 2842 609 2867 ,
657 2807 713 2855 et
760 2799 1053 2867 Adelphius
1081 2797 1376 2851 Toletanus
1410 2814 1424 2850 τ
1457 2812 1521 2852 ex
1554 2813 1662 2864 quo
1685 2795 1799 2849 col-

196 2890 288 2960 ligi
324 2900 533 2961 potest,
565 2891 728 2946 totius
758 2888 1023 2958 Hispanim
1054 2895 1107 2943 et
1149 2886 1334 2943 Galliae
1358 2888 1586 2954 gothicrc
1611 2886 1797 2942 conci-

196 2981 333 3037 lium
376 2980 564 3049 luisse,
605 2982 850 3053 quamvis
878 2980 1148 3036 sexdecim
1182 2988 1386 3034 tantum
1418 2980 1703 3052 episc0pos
1732 2979 1800 3034 ad

197 3072 253 3128 id
280 3074 608 3129 convenisse
636 3073 688 3127 iu
721 3071 855 3127 actis
892 3072 1133 3140 legatur;
1185 3071 1238 3124 in
1282 3071 1419 3126 hanc
1471 3070 1641 3139 ipsam
1674 3084 1798 3124 sen-

1969 1889 2021 1943 6.
2052 1887 2354 1943 Concilium
2385 1884 2705 1940 Toletanum
2736 1896 2788 1937 iv
2817 1882 2890 1936 ita
2921 1878 3219 1950 praescribit
3245 1892 3367 1932 can.
3392 1877 3483 1931 24.

1899 1983 2077 2037 Prona
2101 1990 2175 2035 est
2204 1981 2369 2035 omnis
2402 1990 2525 2033 wtas
2548 1976 2611 2030 ab
2641 1975 2991 2030 adolescentia
3020 1975 3072 2026 in
3104 1973 3297 2025 malum
3315 1987 3332 2035 ;
3358 1968 3487 2023 nihil

1898 2075 2036 2129 enim
2064 2073 2308 2125 incertius
2338 2084 2488 2142 quam
2527 2071 2629 2123 vita
2661 2067 3060 2122 adolescentium
3113 2062 3191 2115 0b
3233 2063 3327 2115 hoc
3365 2077 3490 2115 cou-

1898 2165 2213 2221 stituendum
2248 2164 2490 2234 oportuit,
2532 2170 2586 2214 ut
2618 2162 2659 2214 si
2688 2162 2772 2231 qui
2818 2160 2873 2212 in
2919 2158 3054 2211 clero
3094 2155 3308 2225 puberes
3353 2152 3483 2225 (AL,

1898 2257 2207 2329 intpuberes)
2240 2265 2327 2309 aut
2373 2253 2723 2308 adolescentes
2772 2252 3025 2313 existunt,
3078 2262 3254 2302 omnes
3298 2245 3353 2298 in
3387 2260 3487 2297 uno

1901 2354 2131 2407 conclavi
2172 2351 2293 2404 atrii
2336 2354 2733 2411 commoremur,
2765 2353 2820 2397 ut
2860 2342 3070 2396 lubrica:
3115 2340 3284 2395 relatis
3327 2351 3494 2390 annos

1903 2458 2009 2499 non
2040 2446 2095 2498 in
2127 2442 2358 2505 luxuria,
2406 2440 2496 2494 sed
2524 2441 2577 2492 in
2612 2435 2895 2506 disciplinis
2926 2432 3494 2506 ecclesiasticisagunt,

1904 2535 2132 2607 deputati
2164 2531 2528 2604 probatissimo
2554 2526 2769 2591 seniori,
2799 2539 2946 2593 quem
2975 2525 3278 2585 magistrum
3309 2520 3497 2575 doctri‘

1907 2642 1986 2682 me
2014 2636 2063 2682 et
2091 2634 2265 2681 testem
2295 2627 2409 2680 vitae
2452 2624 2767 2678 habeant....
2801 2616 2901 2683 Qui
2930 2628 3098 2672 autent
3124 2617 3203 2670 his
3228 2614 3498 2686 praeceptis

1904 2718 2281 2782 resultaverint,
2308 2716 2633 2770 monasteriis
2673 2713 3001 2782 deputentur,
3025 2718 3081 2762 ut
3109 2714 3354 2778 vagantes
3379 2703 3499 2757 ani-

1907 2812 1977 2864 mi
1999 2818 2047 2863 et
2073 2808 2275 2877 superbi
2294 2809 2533 2862 severiori
2559 2805 2734 2874 regula
2763 2802 3160 2872 distringmitur.
3181 2797 3309 2863 Quis
3336 2796 3499 2863 igitur

1905 2899 2012 2953 sibi
2038 2912 2144 2951 non
2176 2897 2515 2967 persuadeat,
2545 2893 2837 2959 lsidorum,
2870 2892 3033 2946 etiam
3079 2898 3367 2957 antequam
3395 2886 3500 2941 hoc

1907 2990 2200 3045 concilium
2233 2988 2473 3042 habitum
2505 2985 2719 3053 fuisset,
2753 2994 2866 3039 tam
2922 2981 3054 3037 utile
3101 2979 3363 3035 monitum
3394 2994 3503 3034 nou

1907 3080 2226 3135 observasse
2241 3081 2266 3134 Τ

201 3165 427 3220 teutiun
454 3165 742 3219 inclinasse
764 3163 974 3217 videtur
995 3159 1421 3231 pseudo-Iuliani
1447 3160 1791 3215 architectus.
1825 3182 1875 3241 α
1980 3171 2032 3226 τ,
2064 3170 2284 3226 Accedit
2310 3168 2506 3234 cuna,
2536 3170 2626 3239 qui
2649 3168 2826 3224 Vitam
2865 3164 2921 3222 s,
2955 3164 3208 3220 “defungi
3239 3163 3317 3218 sic
3345 3178 3501 3218 excf.

270 3258 324 3309 5.
355 3253 521 3309 Aliud
547 3262 723 3309 tamen
749 3252 912 3308 sentit
934 3251 1090 3307 Joan.
1124 3252 1365 3321 Baptista
1397 3250 1559 3306 Peres
1590 3250 1642 3305 in
1675 3261 1789 3306 not.

204 3349 268 3405 ad
308 3350 404 3406 lib.
451 3348 643 3405 lsidori
694 3349 761 3403 de
789 3347 900 3404 Vir.
934 3347 1157 3415 lilustr.,
1188 3361 1306 3419 cap.
1338 3348 1427 3415 41,
1480 3348 1571 3417 qui
1628 3348 1800 3404 Lean-

205 3443 357 3498 drum
388 3456 537 3497 a-nno
561 3439 666 3495 600
692 3449 960 3496 mortuum
991 3441 1165 3521 arguit
1190 3442 1276 3496 his
1300 3442 1647 3511 coniecturis.
1680 3439 1801 3496 Pri-

207 3548 349 3588 mum
377 3533 509 3603 quia
556 3530 792 3589 lsidorus
833 3533 909 3587 ait
951 3546 1073 3588 eum
1114 3533 1222 3588 vita
1280 3533 1522 3588 functum
1555 3540 1803 3603 tempore

209 3626 481 3683 Recaredi
504 3629 669 3696 regis,
704 3627 797 3697 qui
825 3626 960 3682 obiit
989 3641 1134 3681 anno
1177 3624 1301 3681 600.
1333 3623 1453 3681 Non
1502 3638 1635 3681 vero
1662 3638 1802 3680 mue

211 3728 358 3776 tuum
390 3720 701 3777 Leandrum
730 3727 857 3775 ante
886 3719 1045 3775 istum
1073 3732 1270 3773 summ
1300 3717 1407 3773 600
1428 3733 1495 3773 ex
1517 3732 1584 3773 eo
1610 3718 1799 3789 liquet,

209 3811 349 3879 quod
403 3811 705 3882 Gregorius
759 3824 901 3880 papa
952 3810 1017 3864 ad
1069 3809 1373 3864 Leandrum
1424 3809 1610 3865 scribit
1657 3820 1802 3864 anno

212 3900 326 3957 599.
360 3901 438 3958 ita
465 3901 742 3958 constabit
788 3914 1001 3957 summa
1030 3915 1295 3956 annorum
1336 3900 1682 3969 episcopatus
1708 3894 1805 3954 lsi-

211 3993 321 4048 dori
368 3994 550 4050 ferme
578 3992 677 4059 40,-
712 4000 772 4047 ut
812 3992 888 4046 ait
936 3990 1252 4047 lldcfonsus.
1310 3988 1443 4045 Nam
1488 3990 1578 4059 qui
1632 4002 1805 4044 annos

211 4079 372 4139 fcrme
394 4083 468 4138 ιθ
498 4082 665 4150 dicit,
714 4079 1002 4138 commode
1048 4080 1275 4151 intelligi
1314 4078 1513 4150 poterit
1550 4079 1618 4135 de
1648 4080 1804 4134 annis

211 4174 292 4229 '56.
324 4176 929 4233 Vehementertamen
971 4172 1161 4229 dubito
1209 4188 1277 4227 an
1329 4170 1647 4239 lldel'ousus,
1710 4172 1803 4240 qui

212 4273 350 4321 certe
377 4278 653 4324 annorum
691 4278 974 4322 numerum
1006 4266 1151 4322 scire
1173 4264 1385 4329 debuit,
1436 4264 1507 4318 ita
1539 4264 1683 4333 loqui
1718 4276 1805 4317 vo-

214 4355 392 4426 luerit;
426 4372 560 4413 nam
596 4357 667 4413 de
695 4356 937 4427 Eugenio
983 4354 1026 4410 ll
1070 4357 1187 4412 ait:
1221 4354 1365 4411 Vixit
1412 4356 1469 4409 in
1512 4353 1801 4413 sacerdotio

218 4450 315 4519 {ere
341 4453 590 4506 undecim
614 4452 788 4515 annis,
825 4458 879 4503 et
908 4450 975 4504 de
1012 4448 1253 4517 Eugenio
1277 4446 1344 4503 lll
1374 4446 1511 4502 Fere
1532 4447 1802 4502 duodecim

1904 3263 2090 3319 ditur:
2119 3261 2256 3317 Ecce
2307 3263 2469 3333 dapes
2513 3261 2747 3331 melli/Ini
2785 3260 2930 3315 illius
2977 3258 3172 3313 domini
3215 3255 3501 3325 Ildefbnsi,

1905 3366 2036 3424 quas
2066 3352 2128 3406 de
2154 3351 2409 3405 Paradiso
2441 3348 2537 3405 Bet'
2563 3351 2793 3422 rapiens,
2825 3358 2873 3403 et
2894 3362 2985 3419 per
3009 3357 3167 3402 totum
3195 3344 3499 3416 Hesperiam

1907 3443 2231 3515 dispergens,
2272 3441 2501 3495 inediam
2539 3450 2772 3495 nostram
2796 3441 2992 3511 ingenti
3017 3442 3225 3493 satias-it
3255 3439 3453 3509 eloquio
3482 3453 3499 3491 :

1910 3549 2016 3588 non
2045 3535 2215 3602 impar
2252 3533 2447 3586 meritis
2490 3533 2806 3586 sanctissimi
2854 3532 2994 3585 illius
3041 3531 3235 3585 domini
3285 3529 3501 3594 Isidori,

1908 3624 1979 3677 de
1994 3623 2141 3693 cujus
2163 3626 2303 3692 fonte
2325 3612 2494 3676 adhuc
2518 3623 2793 3677 clientulus
2812 3625 3117 3693 purissimos
3142 3623 3322 3676 latices
3343 3622 3500 3676 bibit:

1909 3730 2035 3769 nam
2062 3714 2287 3767 directus
2335 3731 2367 3767 a
2415 3722 2596 3767 sancto
2645 3731 2705 3767 ac
2750 3713 3031 3767 venerabili
3072 3730 3209 3783 papa
3242 3713 3497 3783 Eugenio,

1916 3802 2183 3863 Toletanc
2196 3806 2331 3860 sedis
2353 3806 2750 3875 metropolitano
2766 3806 3024 3875 episcopo,-
3050 3804 3120 3859 ad
3145 3804 3503 3874 supradictum

1910 3906 2204 3969 doctorem,
2266 3899 2629 3970 Hispalensem
2678 3899 3132 3967 metropolitanum
3183 3899 3496 3967 episcopum,

1910 4002 2028 4044 om
2054 3990 2153 4044 sibi
2189 3990 2305 4061 jam
2342 3987 2530 4043 ariolus
2558 3987 2845 4049 videbatur,
2898 3986 3028 4039 adeo
3072 3986 3135 4038 ab
3163 4002 3222 4039 eo
3253 3995 3423 4038 tentus
3454 3993 3504 4037 et

1911 4081 2171 4147 curuatas,
2202 4089 2272 4147 et,
2302 4090 2358 4134 ut
2387 4082 2577 4150 ferunt,
2613 4076 2883 4149 temporali
2914 4079 3053 4149 [Erro
3089 4076 3415 4142 constrictus,
3446 4085 3505 4130 ut

1909 4174 1961 4227 si
1981 4172 2102 4244 quid
2130 4173 2360 4227 scientia
2385 4172 2579 4238 deerat,
2622 4169 2822 4241 plenius
2844 4172 3128 4223 instructus
3164 4168 3234 4222 ad
3261 4169 3505 4239 pwdago-

1913 4278 2036 4338 gum
2078 4280 2225 4319 suum
2278 4264 2522 4320 damnum
2573 4262 2864 4335 Eugenium
2914 4274 3190 4327 renteans,
3237 4276 3341 4315 non
3387 4269 3504 4330 post

1911 4358 2101 4413 mltos
2124 4358 2234 4411 dies
2264 4357 2432 4411 adhuc
2477 4355 2705 4409 diaconii
2753 4355 2984 4425 ofﬁcium
3013 4369 3282 4425 peragens,
3316 4353 3372 4405 in
3420 4367 3505 4406 ec-

1912 4446 2071 4505 clesia
2100 4458 2397 4504 sanctorum
2424 4445 2625 4502 Cosmw
2649 4454 2699 4498 et
2737 4441 3006 4510 Damiani,
3055 4456 3169 4509 qua
3196 4443 3298 4495 sita
3326 4448 3404 4494 est
3444 4442 3500 4494 in

216 4548 360 4600 annis
391 4556 575 4601 tenens
601 4544 935 4619 dignitatem;
964 4552 1126 4615 atque
1150 4544 1223 4598 ita
1247 4542 1494 4598 similiter
1519 4542 1576 4597 in
1596 4540 1805 4596 lsidoro
1835 4558 1892 4620 ι)
1912 4542 2157 4598 subnrbio
2182 4539 2453 4607 Toletano,
2487 4537 3016 4608 abba‘pratﬁceretur.

216 4637 420 4694 videtur
454 4640 706 4703 innuero,
765 4652 887 4692 eum
936 4646 1141 4692 annum
1185 4636 1655 4707 quadragesimum
1697 4635 1807 4706 epi-

217 4742 461 4802 scopatus
488 4744 666 4803 prope
704 4731 960 4799 attigisse,
992 4745 1100 4785 non
1130 4736 1308 4785 tamen
1330 4729 1708 4801 mplevisse.

286 4821 338 4877 4.
368 4823 671 4886 nomine,
705 4830 835 4877 tem.
860 4820 931 4875 lx
977 4819 1129 4891 iiiSp.
1164 4835 1328 4883 εδει,
1360 4834 1484 4891 pag.
1513 4819 1635 4885 +82,
1662 4832 1806 4875 erro-

221 4918 330 4968 rem
376 4913 593 4969 numeri
636 4910 866 4967 adt'ertit
916 4911 970 4965 in
1010 4906 1339 4965 Kaiendario
1380 4910 1552 4965 veteri
1593 4909 1743 4963 edito
1772 4922 1802 4960 a

224 4995 534 5072 Iuratorio,
591 5008 733 5073 part.
766 5018 830 5067 tt,
881 5010 1013 5057 tam.
1042 5000 1087 5056 ll
1135 4998 1333 5071 Setipt.
1379 5014 1487 5057 rer.
1518 4999 1656 5067 ital.,
1695 4999 1803 5055 cui.

223 5087 392 5150 Μαι
425 5093 579 5150 Era
617 5104 756 5150 me
801 5093 937 5148 obiit
967 5092 1207 5147 Leander
1249 5093 1550 5164 episcopus,
1583 5091 1688 5147 hoc
1725 5098 1811 5147 est

229 5183 531 5239 annum.
583 5183 705 5255 ipse
748 5199 894 5239 anno
926 5182 1031 5239 B99
1072 5192 1131 5239 et
1176 5183 1477 5239 Leandrum
1508 5182 1725 5250 abiisse,
1752 5194 1811 5237 et

231 5268 483 5332 bidorutn
505 5284 883 5334 conuersatam
908 5278 1219 5347 episcopum
1238 5275 1607 5347 Hispalensem
1624 5277 1808 5347 me,

234 5367 560 5435 probabilius
584 5383 709 5423 esse
737 5369 1007 5439 opinatur.
1060 5367 1249 5438 Neque
1288 5368 1620 5423 immorabor
1648 5369 1701 5424 in
1730 5383 1813 5425 re-

235 5453 457 5513 fellendo
483 5470 670 5515 amre
689 5458 904 5514 Codicis
923 5458 1201 5528 cujusdam
1227 5458 1521 5515 Florentini
1545 5459 1806 5517 librorum

234 5555 415 5604 contra
440 5548 681 5617 «intimos,
719 5563 883 5618 quem
907 5564 1028 5619 cap.
1062 5547 1133 5603 45
1156 5549 1486 5616 describam,
1545 5548 1807 5606 lsidorom

240 5634 399 5696 fuisse
422 5640 732 5697 Toletuniun
757 5641 1071 5711 episcopum,
1094 5642 1208 5697 sive
1234 5641 1425 5697 innuat
1452 5641 1615 5701 fuisse
1636 5642 1810 5712 patria

242 5727 556 5787 Toletum
584 5741 639 5787 et
667 5732 981 5803 episcopum
1007 5732 1410 5804 Hispalensem,
1441 5735 1556 5792 sive
1598 5735 1813 5806 episco-

246 5834 421 5891 patum
450 5825 771 5881 Tuletauum
802 5826 1056 5882 tenuisse.

1990 4633 2044 4688 8.
2074 4631 2154 4688 Ex
2173 4647 2242 4688 eo
2268 4631 2496 4700 collegio
2522 4628 2843 4699 Hispalensi,
2874 4627 2927 4680 in
2956 4639 3065 4694 quo
3090 4621 3387 4677 lidefonsus
3414 4636 3504 4677 ec-

1919 4723 2231 4783 clesiasticis
2257 4722 2553 4792 disciplinis
2574 4716 2821 4775 excultus
2848 4716 2967 4781 fuit,
2992 4714 3333 4771 Braulibnem
3364 4729 3504 4786 quo-

1919 4831 2026 4887 que
2055 4817 2339 4873 emicuisse
2382 4815 2674 4883 scriptores
2709 4811 2891 4867 siccati
2936 4824 3029 4867 xm
3070 4809 3268 4879 aliique
3312 4822 3503 4864 recen-

1920 4910 2088 4965 tiores
2126 4907 2386 4963 reierunt.
2416 4904 2731 4960 Consouant
2758 4900 2932 4959 cilicia
2961 4901 3247 4971 Hispanico
3286 4908 3505 4957 sancto-

1918 5012 2041 5054 rum
2072 4999 2139 5053 ad
2163 4998 2306 5054 diem
2340 4995 2405 5050 18
2435 4994 2647 5061 Martii,
2675 5009 2785 5065 quo
2812 4992 2872 5050 S.
2904 4994 3124 5049 Braulio
3152 4992 3457 5048 celebratur
3488 5010 3500 5044 :

1920 5087 2135 5144 Litteris
2158 5102 2275 5143 vero
2297 5085 2660 5159 informandus
2698 5082 2988 5139 SJsidoro
3026 5084 3265 5155 episcopo
3307 5082 3500 5148 Hispa-

1918 5184 2053 5239 lensi
2083 5184 2321 5247 traditus,
2350 5181 2409 5236 id
2432 5181 2653 5251 primum
2680 5172 2841 5249 142⁷
2862 5185 2940 5231 est
2970 5184 3254 5243 assecutus,
3282 5183 3337 5227 ut
3362 5173 3429 5228 ab
3446 5189 3506 5228 eo

1920 5277 2213 5333 charissimi
2242 5275 2339 5345 ﬁlii
2382 5275 2493 5329 loco
2541 5272 2845 5337 haberetur;
2892 5272 3027 5325 tanti
3074 5271 3315 5341 deinceps
3358 5268 3505 5322 illum

1922 5369 2125 5442 fecerit,
2165 5378 2221 5421 nt
2248 5366 2407 5422 libros
2433 5366 2479 5421 ei
2520 5381 2639 5420 suos
2666 5363 2735 5417 ad
2765 5362 3143 5423 emendandum
3183 5372 3334 5429 atque
3368 5360 3507 5414 ordi-

1920 5463 2157 5519 nandum
2183 5459 2579 5517 commendaret.
2618 5456 2745 5523 Se'd,
2777 5463 2836 5511 ut
2863 5469 2987 5527 cap.
3018 5454 3054 5509 ι
3081 5454 3251 5520 innui,
3280 5463 3349 5507 ex
3374 5451 3510 5506 auti-

1922 5553 2046 5626 quis
2070 5554 2435 5623 monumentis
2456 5552 2508 5608 id
2548 5550 2751 5621 liquido
2780 5553 2890 5606 no'n
2908 5554 3142 5605 constat.
3170 5542 3508 5602 Probabilior

1921 5646 2234 5716 conjectura
2280 5653 2364 5701 est
2406 5645 2473 5699 de
2523 5642 2845 5713 Redempto,
2913 5640 3007 5711 qui
3048 5639 3407 5694 narrationem
3436 5636 3506 5693 de

1924 5740 2077 5795 obitu
2115 5739 2172 5794 S.
2204 5738 2390 5794 lsidori
2413 5737 2655 5808 scripsit;
2687 5750 2811 5790 nam
2838 5748 2961 5790 cum
2990 5735 3036 5789 is
3066 5732 3295 5787 clericus
3325 5733 3504 5788 eccle-

1924 5830 2022 5887 sise
2048 5829 2378 5903 liispaleusis
2410 5830 2463 5887 in
2512 5826 2837 5887 membranis
2863 5824 3250 5898 antiquissimis
3279 5824 3504 5896 dicatur,
