4048 6364
593 387 699 445 119

1333 390 1425 449 Αἰ)
1462 392 1691 450 OPERA
1729 391 1789 449 S.
1813 390 2073 449 'ISIDORI
2115 387 2547 449 HISPALENSIS
2588 388 3128 455 PROLEGOMENA.

3753 404 3855 465 193

588 497 962 575 [siderumque
988 506 1263 561 dominum
1304 522 1460 563 suum
1490 516 1665 575 vocet,
1692 521 1903 577 aquum
1934 517 2017 561 est
2048 521 2165 563 cre-
2191 504 2246 564 A
2268 502 2418 570 (lori.
2467 506 2693 577 aliisque
2731 509 2955 566 vetustis
3009 513 3371 568 monumentis
3422 513 3696 573 Florezius
3727 533 3834 590 pag

587 593 746 660 dere,
779 597 833 651 in
859 598 1087 668 collegio
1130 597 1433 669 Hispalensi
1459 614 1583 654 eum
1622 599 1760 654 inter
1785 598 1921 654 alios
1943 598 2169 668 juvenes
2272 594 2395 663 100,
2434 596 2470 651 I.
2501 615 2578 667 rx,
2608 600 2864 655 ostendit.
2895 600 3045 667 Quod
3077 610 3257 657 autem
3297 618 3487 661 vocem
3514 612 3851 667 secretarium

585 685 817 743 clericos
842 688 1148 745 institutum
1176 689 1365 747 fuisse.

1180 800 1408 857 CAPUT
1445 802 1560 856 XXI

586 887 821 945 Isidem
866 909 1005 948 anno
1051 893 1156 949 610
1206 895 1409 948 decreto
1464 894 1783 948 Cundemari
1846 895 2164 962 subscripsit.

658 982 857 1038 Deinde
876 986 1107 1040 conciliis
1138 986 1184 1039 II
1193 988 1435 1056 ispalensi
1460 1003 1496 1041 ιι
1514 997 1564 1040 et
1597 987 1844 1042 Toletano
1867 1004 1918 1042 tv
1935 988 2162 1059 praefuit.

652 1076 734 1128 An
762 1075 880 1130 aliis
910 1079 1066 1131 etiam
1094 1078 1325 1131 conciliis
1354 1078 1683 1149 interfuerit?

656 1168 707 1221 1.
740 1167 873 1221 Cum
901 1184 956 1222 tn
987 1168 1192 1239 synodo
1218 1168 1480 1223 Toletaua
1518 1169 1618 1223 sub
1647 1167 1992 1224 Gundemaro
2022 1184 2164 1225 anno

582 1257 685 1311 610
717 1259 954 1328 episcopi
982 1259 1437 1327 Carthaginiensis
1460 1260 1749 1329 provincia
1775 1260 2161 1328 declarassem,

574 1350 979 1420 metropolitani
1021 1352 1254 1406 nominis
1284 1352 1661 1406 auctoritatem
1713 1353 1766 1407 in
1814 1369 2001 1407 omnes
2042 1355 2161 1424 epi-

576 1454 774 1508 scopos
819 1440 1059 1509 ejusdem
1110 1443 1403 1513 provincia
1441 1457 1510 1497 ex
1551 1444 1892 1513 antiquorum
1944 1444 2160 1501 Patrum

570 1530 819 1602 synodali
839 1535 1107 1588 sententia
1130 1535 1359 1588 antistiti
1386 1533 1649 1595 Toletano
1678 1536 1986 1601 convenire,
2015 1536 2161 1591 Gun-

571 1624 823 1681 demarus
850 1642 945 1681 rex
966 1627 1158 1683 eodem
1189 1643 1330 1683 anno
1361 1628 1635 1684 decretum
1666 1629 1852 1695 edidit,
1883 1647 1993 1700 quo
2018 1631 2159 1701 ejus-

570 1716 715 1771 modi
762 1717 1185 1774 declarationem
1238 1717 1607 1775 conﬁrmatam
1670 1738 1789 1777 esse
1835 1724 2021 1790 voluit,
2071 1726 2157 1779 cui

567 1817 694 1877 post
745 1806 1143 1863 Gundemarum
1191 1810 1623 1881 subscripserunt
1646 1812 1714 1866 26
1743 1814 2016 1884 episc0pi,
2064 1817 2154 1884 qui

2270 684 2653 756 interpretatur
2679 690 2747 745 de
2776 691 2895 745 aula
2932 689 3210 760 Ecclesia,
3254 694 3309 749 in
3337 710 3443 765 qua
3489 707 3703 765 secreto,
3741 702 3851 759 sive

2270 779 2529 835 obseratis
2558 782 2761 838 foribus
2789 783 3027 840 habitum
3067 785 3166 841 fuit
3194 790 3500 855 concilium,
3546 802 3603 848 et
3630 810 3850 851 causam

2271 872 2505 942 episcopi
2542 872 2685 945 Syri,
2714 889 2837 944 qua
2862 875 2915 930 in
2942 875 3047 932 line
3077 878 3274 933 dicitur
3314 880 3562 937 absoluta
3588 885 3644 937 in
3689 887 3849 941 tribas

2266 963 2577 1031 secretariis,
2604 965 2664 1031 in
2694 967 2862 1023 tribus
2903 968 3125 1024 secretis
3172 973 3545 1040 congressibus
3574 973 3847 1033 deﬁnitam

2266 1054 2520 1123 explicat,
2574 1064 2738 1125 atque
2793 1056 2932 1113 hanc
2984 1061 3247 1114 secretarii
3300 1063 3750 1132 signiﬁcationem
3799 1071 3848 1126 in

2268 1142 2599 1202 Dictionario
2631 1147 2886 1218 Ducangii
2912 1150 3121 1217 deesse,
3148 1152 3379 1223 addique
3403 1170 3561 1225 posse
3590 1156 3845 1227 afﬁrmat,

2266 1251 2380 1290 rem
2406 1252 2507 1292 acu
2527 1238 2744 1294 minime
2766 1240 2957 1311 tetigit.
2977 1240 3110 1295 Nam
3138 1246 3488 1300 secretarium
3520 1256 3638 1302 erat
3667 1265 3847 1305 sacra-

2266 1326 2405 1381 rium
2434 1328 2811 1395 ecclesiarum,
2856 1346 2997 1385 nunc
3037 1333 3317 1398 sucristia;
3367 1344 3420 1389 et
3459 1336 3511 1389 in
3554 1339 3848 1394 secretario

2264 1417 2575 1484 congregari
2600 1416 2758 1473 solita
2791 1415 2952 1475 fuisse
2977 1422 3223 1487 concilia,
3248 1425 3427 1481 multis
3451 1427 3717 1496 exemplis
3744 1427 3847 1482 Du-

2265 1508 2486 1576 cangius
2502 1508 2856 1578 demonstrat,
2880 1514 2973 1583 qui
3002 1514 3178 1570 addit:
3200 1514 3249 1569 Ν
3257 1520 3340 1571 inc
3368 1520 3495 1588 ipsa
3511 1522 3845 1576 conciliorum

2262 1614 2514 1653 sessiones
2535 1603 2811 1657 secretaria
2842 1606 2948 1674 fere
2977 1622 3175 1676 semper
3204 1608 3529 1677 appellantur
3552 1626 3570 1663 :
3599 1624 3663 1665 ac
3696 1613 3845 1684 plura

2264 1693 2573 1747 testimonia
2602 1696 2864 1765 producit.
2894 1695 3165 1753 Pratereo
3180 1698 3847 1758 eruditissimumCancel-

2261 1784 2397 1840 lierii
2420 1802 2555 1856 opus
2576 1786 2656 1841 De
2683 1791 2974 1844 secretariis
2996 1801 3235 1845 veterum.
3266 1791 3566 1848 Adfuerunt
3592 1793 3845 1851 Sisisclus

569 1899 640 1952 ad
688 1900 1019 1968 provinciam
1072 1878 1570 1970 Carthaginiensem
1640 1919 1749 1957 non
1776 1878 1791 1883 -
1814 1878 2149 1972 Spectabat-tt.
2190 1883 2230 1940 Β
2259 1884 2440 1972 ηψπ
2469 1892 2647 1932 "mu"
2678 1878 3010 1972 ρυωίεετυηι
3030 1921 3045 1947 ν
3078 1881 3191 1935 Sive
3221 1882 3449 1951 publica
3488 1899 3728 1940 ³¹¹¹¹⁰¹¹³
3755 1886 3843 1940 ad‘

565 1985 766 2043 Eorum
796 1992 999 2061 primus
1026 1992 1259 2049 Isidorus
1290 1995 1360 2048 ita
1387 2013 1399 2047 :
1424 1994 1539 2066 Ego
1566 1994 1802 2052 Isidorus
1826 2000 2154 2069 Hispalensis

568 2078 817 2136 Ecclesia:
857 2085 1132 2148 provinciae
1172 2084 1381 2140 Bmtica:
1410 2088 1831 2157 metropolitanus
1860 2093 2151 2160 episcopus,

567 2169 689 2223 dum
705 2172 759 2225 in
780 2174 951 2227 urbem
975 2173 1276 2230 Toletanam
1296 2194 1390 2247 pro
1407 2194 1621 2233 occursu
1648 2181 1789 2251 regio
1811 2181 2153 2250 advenissent,

565 2265 756 2333 agnitis
785 2265 863 2320 Itis
893 2268 1345 2324 constitutionibus
1376 2287 1643 2326 assensum
1684 2275 1904 2343 praebui,
1937 2286 1987 2330 et
2034 2278 2155 2331 sub-

564 2355 768 2423 scripsi.
819 2356 1133 2429 Succedunt
1181 2362 1625 2431 metropolitanus
1674 2363 2057 2434 Emeritensis,
2099 2378 2155 2423 et

564 2443 654 2497 alii
684 2446 942 2517 episcopi,
966 2448 1019 2503 in
1046 2450 1240 2519 quibus
1269 2450 1584 2523 Fulgentius
1611 2457 1939 2525 Astigitanus
1963 2458 2153 2516 lsidori

560 2532 748 2591 frater.
787 2536 1072 2596 Decretum
1121 2539 1449 2600 Gundemari
1495 2547 1587 2616 qui
1637 2563 1735 2617 pro
1766 2550 1999 2618 primatu
2049 2549 2153 2608 Ec—

560 2622 735 2682 clesia
780 2628 1053 2685 Toletana
1081 2631 1135 2686 in
1162 2633 1439 2688 universas
1468 2636 1721 2693 ecclesias
1768 2637 2039 2709 Hispania:
2067 2643 2150 2698 al-

560 2720 767 2791 legant,
798 2737 985 2794 parum
1013 2724 1307 2794 prudenter
1334 2737 1517 2796 agunt.

628 2815 682 2869 2.
709 2816 764 2870 In
794 2816 1050 2875 Conciliis
1069 2818 1337 2891 Hispania
1358 2822 1475 2879 hac
1496 2832 1676 2881 exstat
1702 2826 1890 2885 lsidori
1920 2832 2144 2887 mentio.

557 2904 799 2965 Concilio
838 2925 876 2966 ιι
901 2908 1237 2982 Ilispalensi,
1280 2924 1543 2984 regnante
1570 2916 1843 2987 Sisebuto,
1873 2938 2016 2977 anno
2041 2924 2146 2979 619

556 3002 671 3057 sive
698 3000 824 3079 618,
875 3011 935 3057 ut
980 3004 1172 3076 Pagius
1200 3007 1545 3079 Mansiusque
1592 3012 1646 3067 in
1694 3023 1808 3068 not.
1844 3014 1914 3068 ad
1942 3014 2142 3071 Baron.

556 3108 686 3147 ann.
717 3076 820 3147 619
845 3094 1075 3160 malunt,
1110 3097 1341 3168 prafuit.
1364 3076 1664 3157 Rodericus
1692 3102 1986 3160 Toletanus
2014 3106 2054 3160 ι.
2086 3123 2146 3174 ιι,

556 3195 609 3235 c.
629 3180 717 3249 17,
744 3196 943 3239 annum
973 3186 1132 3255 hujus
1159 3187 1391 3245 Concilii
1418 3192 1560 3247 male
1584 3196 1851 3261 protraxit
1881 3196 1951 3250 ad
1980 3212 2144 3252 aram

556 3270 683 3343 661,
729 3275 845 3331 sive
892 3292 1090 3333 annum
1146 3280 1359 3336 Domini
1403 3280 1527 3336 625.
1559 3260 1864 3353 Elorezius,
1914 3302 1967 3356 p.
2016 3285 2141 3353 258,
2170 3260 2219 3323 δ

556 3377 687 3425 tom.
717 3369 806 3437 IX,
838 3387 1037 3429 annum
1084 3374 1190 3431 619
1235 3380 1450 3442 statuit,
1483 3378 1627 3449 quod
1670 3378 1796 3435 Mss.
1828 3395 2016 3436 omnes
2042 3379 2142 3437 Co-

554 3462 699 3519 dices
727 3466 870 3536 apud
900 3465 1179 3522 Perezium
1212 3475 1268 3522 et
1291 3467 1539 3524 Loaisam
1574 3469 1629 3524 in
1669 3469 1998 3541 designanda
2033 3488 2141 3529 ara

554 3552 661 3611 657
709 3560 1084 3627 consentiant;
1135 3560 1380 3630 adeoque
1427 3575 1569 3615 anno
1620 3561 1651 3614 7
1704 3560 1977 3633 Sisebuti,
2032 3581 2141 3622 non

554 3664 723 3717 nono,
776 3662 835 3707 ut
880 3653 1096 3721 quidam
1127 3653 1346 3719 habent,
1400 3655 1690 3710 concilium
1730 3666 1979 3713 coactum
2009 3673 2143 3714 con-

558 3741 746 3797 cludit.
796 3743 954 3815 ιή3
988 3743 1142 3813 Apud
1191 3745 1504 3813 Dupinium,
1538 3756 1669 3802 tom.
1716 3748 1756 3801 V
1800 3749 1935 3805 Bibl.
1970 3749 2141 3818 Ech.,

555 3850 709 3890 error
738 3838 1159 3907 typographicus
1187 3838 1397 3894 videtur
1440 3856 1612 3897 annus
1640 3842 1745 3897 614
1775 3859 1873 3914 pro
1899 3845 2003 3900 618
2049 3854 2144 3902 aut

556 3927 676 3983 619.
711 3927 787 3983 En
816 3926 1104 3985 Exordium
1137 3949 1148 3984 :
1179 3932 1247 3986 In
1289 3936 1496 3990 nomine
1522 3934 1737 3991 Domini
1764 3947 1812 3992 et
1851 3938 2141 3996 Saluatoris

554 4021 717 4073 nostri
745 4019 871 4074 Jesu
913 4019 1106 4076 Christi
1147 4021 1406 4092 Isidorus,
1434 4025 1675 4096 Bisinus,
1709 4026 1964 4098 Rufﬁnus,
1993 4027 2143 4083 Cam-

555 4111 668 4176 bra,
701 4110 995 4177 Fidentius,
1053 4114 1437 4187 Theodulphus,
1479 4130 1525 4172 et
1578 4118 1844 4174 Honorius
1891 4122 2137 4191 episcopi,

554 4205 642 4275 qui
668 4207 861 4275 pariter
873 4207 929 4260 in
953 4205 1076 4261 urbe
1106 4207 1407 4280 Hispalensi
1435 4229 1529 4282 pro
1558 4212 1810 4283 aliquibus
1830 4214 2142 4268 ecclesiasti-

554 4299 628 4351 cis
655 4300 871 4369 negotiis
900 4300 1181 4356 coadunati
1231 4319 1427 4357 sumus.
1479 4302 1873 4359 Considentibus
1913 4305 2058 4360 nobis
2083 4308 2138 4363 in

552 4391 832 4444 secretario
862 4400 1209 4447 sacrosancta:
1253 4392 1581 4448 Hierusalem
1617 4394 1943 4465 Hispalensis
1971 4399 2137 4451 eccle-

554 4481 648 4533 sia:
676 4496 790 4533 cum
815 4480 1102 4535 illustribus
1130 4484 1252 4536 viris
1280 4483 1514 4548 Sisisclo,
1546 4494 1742 4540 rectore
1770 4504 1940 4541 rerum
1966 4488 2139 4557 publi-

553 4587 763 4640 carum,
835 4583 989 4644 atque
1043 4573 1364 4643 Suanilane,
1410 4587 1582 4631 actore
1629 4595 1797 4633 rerum
1844 4581 2132 4651 ﬁscalium,

2260 1962 2616 2037 ministrator,
2650 1981 2705 2026 et
2754 1970 3004 2039 Suanila,
3055 1974 3168 2029 sive
3211 1975 3481 2031 Suinthila
3532 1978 3843 2049 patrimonii

2258 2062 2391 2128 regii
2420 2071 2658 2118 curator.
2688 2062 2789 2119 llic
2811 2064 2950 2120 ﬁlius
2978 2074 3095 2120 erat
3126 2065 3409 2133 Recaredi,
3434 2069 3541 2124 dux
3569 2073 3842 2127 exercitus

2259 2168 2291 2206 a
2320 2152 2570 2208 Sisebuto
2612 2152 2808 2209 deinde
2836 2156 3178 2223 constitutus,
3208 2166 3263 2211 et
3303 2168 3489 2226 postea
3519 2160 3585 2214 ad
3618 2174 3841 2229 regnum

2258 2255 2497 2310 evectus,
2552 2244 2769 2301 tandem
2798 2262 2829 2301 a
2858 2245 3158 2302 Sisenando
3187 2256 3243 2303 et
3285 2264 3316 2302 a
3354 2249 3586 2304 concilio
3619 2248 3841 2308 Toleta-

2257 2352 2329 2392 no
2359 2352 2411 2392 tv
2439 2338 2739 2406 depositus,
2768 2347 2826 2393 ut
2856 2336 3065 2409 Pueyus
3091 2339 3143 2394 in
3174 2350 3287 2395 not.
3319 2342 3565 2399 advertit.

2336 2452 2495 2526 ιω
2519 2452 2573 2508 4.
2611 2452 2911 2509 Concilium
2941 2454 3045 2509 hoc
3069 2454 3383 2525 Hispalense
3423 2472 3460 2512 ιι
3506 2458 3770 2515 eruditum
3795 2470 3839 2516 et

2257 2546 2464 2601 doctum
2484 2553 2577 2610 est,
2601 2545 2737 2616 juris
2762 2545 2925 2599 civilis
2952 2554 3001 2599 et
3025 2546 3261 2600 canonici
3282 2547 3537 2615 sapientia
3566 2550 3839 2620 refertum,

2257 2646 2318 2691 ut
2346 2644 2494 2692 recte
2522 2638 2601 2691 ait
2623 2636 2815 2691 Loaisa
2842 2637 2895 2690 in
2923 2637 3086 2692 notis.
3117 2635 3263 2692 Inter
3288 2638 3415 2704 alia,
3454 2653 3576 2710 cap.
3601 2638 3638 2691 2
3656 2650 3839 2697 actum

2255 2737 2339 2783 est
2384 2729 2451 2783 de
2495 2728 2827 2786 discussione
2876 2730 3017 2783 inter
3061 2727 3434 2799 Fulgentium,
3480 2729 3839 2801 Astigitanum

2254 2822 2590 2892 episcopum,
2634 2822 2822 2878 lsidori
2851 2822 3091 2889 fratrem,
3120 2832 3175 2877 et
3204 2820 3499 2878 Honorium
3524 2821 3838 2882 Corduben-

2252 2928 2370 2968 sem
2398 2915 2710 2985 episcopum
2740 2916 2940 2983 agitata
2979 2921 3201 2985 propter
3230 2913 3537 2984 parochiam
3576 2916 3838 2983 basilica,

2253 3017 2414 3071 quam
2444 3003 2635 3058 horum
2664 3003 2802 3059 alter
2828 3003 3294 3073 Calesticensem,
3316 3005 3454 3061 alter
3480 3006 3839 3077 Reginensem

2254 3093 2503 3148 asseruit.

2323 3202 2376 3257 5.
2407 3202 2623 3259 Braulio
2661 3205 2714 3259 in
2761 3208 3152 3275 pranotatione
3180 3222 3404 3278 operum
3440 3207 3631 3265 lsidori
3663 3211 3742 3265 ita
3776 3211 3838 3266 de

2252 3292 2418 3362 gestis
2444 3294 2496 3348 in
2544 3294 2646 3350 hoc
2674 3295 2907 3351 concilio
2933 3296 3098 3352 refert
3127 3315 3139 3350 :
3176 3297 3288 3365 Quo
3326 3315 3443 3353 vero
3484 3299 3699 3369 ﬂumine
3723 3305 3838 3358 etc-

2248 3392 2493 3455 quenttaz,
2515 3396 2563 3440 et
2601 3396 2720 3457 quot
2757 3388 2949 3458 jaculis
2975 3389 3264 3445 divinarum
3287 3392 3700 3461 Scripturarum,
3744 3414 3834 3452 seu

2247 3477 2469 3532 Patrum
2493 3482 2795 3535 testimoniis
2825 3482 3243 3552 Aceplzalitarum
3270 3485 3492 3540 haresin
3518 3489 3836 3559 confuderit,

2248 3569 2522 3638 synodalia
2560 3580 2704 3640 gesta
2742 3586 2917 3627 coram
2940 3588 2999 3627 eo
3022 3570 3235 3643 Hispali
3285 3585 3403 3630 acta
3444 3577 3730 3633 declarant.
3774 3580 3835 3637 In

2245 3679 2347 3731 qua
2368 3670 2551 3716 contra
2581 3662 2885 3733 Gregorium
2908 3676 3147 3737 pratum
3177 3668 3386 3724 haeresis
3414 3673 3698 3727 antistitem
3716 3691 3834 3729 eam

2247 3754 2467 3807 asseruit
2510 3754 2797 3808 veritatem.
2853 3753 3059 3812 Isidoro
3105 3755 3319 3813 Braulio
3369 3758 3642 3828 adiudicat
3713 3778 3835 3820 eam

2247 3845 2439 3901 saltem
2466 3855 2745 3916 gestorum
2778 3856 2987 3916 partem
3006 3889 3021 3914 ,
3071 3850 3125 3904 in
3153 3864 3260 3921 qua
3284 3850 3353 3905 de
3391 3850 3835 3922 Acephalitarum

2245 3936 2436 3992 haresi
2479 3939 2778 3993 disseritur.
2809 3938 3047 3996 Isidorus
3073 3939 3327 3999 Pacensis
3353 3942 3406 3997 in
3449 3940 3725 4000 Chronico
3769 3947 3835 4002 ad

2244 4042 2406 4083 aram
2462 4027 2566 4083 650
2597 4047 2612 4089 :
2651 4029 3017 4102 Hispalensem
3058 4030 3321 4088 Isidorum
3377 4034 3834 4105 metropolitanum

2241 4122 2540 4193 pontiﬁcem
2584 4123 2782 4179 clarum
2828 4124 3090 4180 doctorem
3142 4125 3400 4197 Hispania
3454 4127 3697 4194 celebrat,
3748 4132 3835 4200 qui

2242 4232 2382 4270 anno
2410 4217 2625 4283 septimo
2655 4219 2915 4289 suprafati
2946 4219 3194 4290 principis
3227 4219 3453 4274 Sisebuti
3479 4231 3665 4274 contra
3694 4226 3830 4279 Acco

2239 4308 2516 4378 phalorum
2555 4308 2792 4363 haresim
2844 4325 3036 4380 magna
3081 4310 3388 4364 auctoritate
3418 4308 3636 4381 Hispali
3663 4313 3720 4366 in
3747 4330 3832 4367 se-

2240 4402 2463 4455 cretario
2490 4411 2685 4455 sancta:
2715 4400 3048 4456 Hierusalem
3084 4403 3357 4457 concilium
3395 4402 3587 4474 agitat.
3642 4403 3832 4460 Flore-

2241 4500 2354 4556 zius
2382 4513 2504 4570 pag.
2533 4498 2657 4563 258,
2704 4507 2834 4554 tom.
2874 4497 2977 4564 IX,
3011 4499 3278 4570 opinatur,
3319 4515 3429 4556 non
3466 4501 3610 4557 hanc
3640 4504 3829 4573 praci-

2242 4605 2405 4661 puam
2448 4589 2613 4646 fuisse
2653 4590 2844 4661 synodi
2887 4590 3247 4660 congregandi
3292 4607 3532 4659 causam,
3578 4594 3677 4650 sed
3723 4596 3829 4651 alia

554 4670 762 4717 astante
783 4642 1168 4734 religiosissima
1190 4666 1489 4721 clericorum
1509 4679 1657 4723 cam.
1682 4668 1925 4729 Ecclesia
1947 4671 2133 4743 Hispa-
2164 4642 2215 4703 θ
2240 4642 2604 4738 ecclesiastica
2624 4642 2859 4751 negotia,
2877 4689 2934 4738 et
2949 4680 3060 4752 jam
3088 4682 3339 4738 inchoato
3363 4682 3594 4739 concilio
3622 4699 3826 4739 novum

555 4753 719 4809 lensis
747 4753 941 4810 dicitur
968 4754 1299 4812 Hierusalem
1318 4797 1333 4823 ,
1364 4759 1613 4814 nimirum
1644 4775 1710 4815 ex
1742 4762 1959 4818 civitate
2006 4761 2131 4820 Ilie-

554 4845 812 4913 rusalem,
842 4862 1001 4916 quam
1027 4846 1261 4904 Joannes
1298 4851 1351 4905 in
1395 4852 1720 4924 Apocalypsi
1746 4855 2021 4912 describit.

626 4934 679 4989 5.
704 4934 782 4990 Ita
811 4938 973 4992 etiam
1010 4939 1238 4995 ecclesia
1268 4939 1616 4998 Emeritensis
1643 4944 1840 5001 dicitur
1875 4945 2132 5005 Hierusa-

554 5025 662 5080 lem
688 5025 741 5080 in
773 5027 1003 5082 concilio
1031 5026 1381 5099 Emeritensi,
1410 5041 1465 5088 et
1492 5033 1633 5101 apud
1680 5033 1901 5091 Paulum
1929 5035 2131 5095 Emeri-

556 5126 762 5173 tensem
791 5135 908 5189 cap.
944 5120 1012 5174 12
1040 5137 1055 5175 :
1084 5121 1333 5179 Ecclesia:
1350 5130 1586 5194 senioris,
1613 5145 1728 5199 qua:
1752 5139 1962 5184 vocatur
1984 5131 2131 5187 San-

555 5217 639 5262 cta
665 5208 1013 5267 Hierusalem.
1039 5212 1224 5270 Simile
1252 5216 1379 5271 illud
1409 5230 1492 5273 est
1518 5220 1571 5273 in
1611 5220 1794 5277 libello
1822 5224 2131 5280 orationum

554 5296 1048 5373 Gothicooﬂispano
1082 5320 1150 5359 ex
1196 5305 1392 5362 Codice
1434 5308 1734 5366 Veronensi
1776 5330 1804 5366 a
1837 5313 2131 5372 Blanchino

553 5391 699 5447 edito
727 5407 847 5463 pag.
863 5393 964 5448 65:
985 5393 1120 5449 Item
1146 5400 1481 5465 completuria
1504 5409 1621 5469 post
1640 5405 1906 5472 explicitas
1927 5406 2128 5474 laudes,

2240 4771 2370 4827 illud
2396 4781 2586 4827 contra
2612 4770 2919 4843 Acephalos
2941 4780 3212 4830 certamen
3240 4773 3596 4830 intervenisse
3627 4791 3644 4829 :
3674 4775 3827 4843 quod

2238 4878 2341 4932 ego
2373 4872 2550 4919 tamen
2572 4864 2749 4920 minus
2770 4864 3047 4935 probabile
3068 4880 3285 4921 censeo.
3309 4863 3421 4920 Etsi
3442 4866 3585 4921 enim
3608 4865 3820 4923 leviora

2240 4956 2481 5026 quadam
2531 4958 2746 5026 negotia
2794 4956 2943 5029 prius
2989 4956 3171 5014 decisa
3214 4967 3371 5026 sunt,
3417 4966 3598 5014 tamen
3645 4962 3826 5031 potuit

2240 5050 2531 5119 disputatio
2546 5059 2735 5105 contra
2755 5050 3070 5120 episcopum
3086 5048 3281 5122 Syrum
3303 5050 3388 5107 vel
3409 5051 3481 5107 ob
3496 5051 3638 5107 hanc
3651 5052 3826 5123 ipsam

2236 5156 2453 5198 causam
2499 5140 2730 5205 diﬁerri,
2779 5142 2907 5212 quia
2955 5143 3217 5198 maturius
3263 5157 3490 5199 examen
3540 5144 3823 5212 exigebat.

2237 5232 2432 5288 Totum
2472 5249 2600 5290 vero
2629 5234 2735 5291 hoc
2760 5236 3044 5291 concilium
3075 5236 3330 5292 doctrina
3356 5237 3547 5294 lsidori
3575 5240 3824 5295 tribuen-

2236 5326 2362 5382 dum
2382 5364 2398 5389 ,
2430 5326 2571 5381 idem
2594 5326 2868 5383 Florezius
2892 5344 3014 5399 pag.
3047 5328 3145 5383 261
3186 5330 3459 5385 existimat
3490 5347 3503 5384 :
3531 5327 3822 5388 Cellierius

2235 5430 2451 5487 quoque
2480 5427 2612 5473 tom.
2629 5417 2771 5475 XVII
2787 5421 2839 5475 in
2862 5422 3156 5477 canonibus
3181 5422 3401 5478 concilii
3427 5422 3764 5496 Hispalensis
3787 5440 3821 5483 ιι

549 5497 683 5557 quas
704 5486 976 5587 psallendo
1014 5487 1213 5587 eadunt
1252 5505 1411 5587 usque
1438 5493 1508 5587 ad
1536 5492 1739 5587 Sancta
1775 5495 2127 5565 Hierusalem,
2148 5564 2161 5575 ,
2238 5508 2412 5562 zelum
2440 5510 2637 5567 veteris
2666 5512 3044 5569 ecclesiastica
3073 5513 3367 5586 disciplina
3410 5486 3665 5587 perspici,
3696 5533 3819 5573 eos-

552 5591 669 5647 qua:
696 5577 751 5629 in
799 5584 978 5632 sancto
1006 5575 1294 5633 Fructuose
1324 5581 1542 5636 dicenda
1588 5594 1682 5639 est.
1718 5586 1909 5642 Sermo
1939 5600 2022 5644 est
2066 5592 2134 5647 de

2252 5615 2343 5669 rue
2371 5617 2507 5669 opus
2533 5603 2683 5662 credi
2730 5603 2916 5660 lsidori
2955 5575 3225 5663 allirmat:
3258 5609 3375 5665 Non
3403 5575 3675 5666 immerito
3718 5612 3816 5681 ἱεὶς

553 5665 783 5766 θεοίθδίεξ
805 5665 1210 5766 Ίῖδτηθθυθηξίν
1238 5687 1355 5766 (ινφ
1376 5673 1431 5727 S.
1457 5674 1753 5733 Fructuoso
1773 5680 1951 5735 dicata
1981 5694 2128 5738 erat:
2166 5690 2173 5697 “
2238 5665 2326 5746 tur
2374 5693 2513 5749 inter
2570 5696 2894 5765 appendices
2953 5697 3057 5754 hoc
3100 5701 3384 5757 concilium
3434 5701 3811 5766 collocabitur,

553 5766 611 5863 ut
661 5757 945 5863 ecclesiam
993 5761 1286 5831 principem
1337 5762 1703 5837 Hispalensem
1754 5771 1811 5827 S.
1845 5772 2129 5833 Vincentio
2236 5786 2529 5851 prasertim
2561 5757 2933 5844 cuitnlsidorus
2958 5788 3207 5847 Pacensis
3222 5793 3324 5848 loc.
3348 5794 3440 5849 cit.
3478 5792 3550 5848 ita
3578 5801 3770 5863 pergat
3792 5811 3805 5823 ·

551 5845 780 5905 dicatam
809 5849 1002 5922 luisse,
1034 5870 1099 5911 ex
1140 5855 1400 5915 relatione
1449 5858 1727 5935 Redempti
1757 5867 1823 5923 de
1852 5870 2000 5926 obitu
2030 5871 2129 5930 lsi-
2234 5845 2397 5942 ﬁtque
2423 5892 2516 5945 per
2543 5878 2761 5933 veridica
2800 5880 3063 5939 doctorum
3090 5886 3379 5942 testimonia
3411 5845 3603 5960 Syrus;
3628 5845 3803 5963 quem-
