4048 6364
204 367 292 426 ﬁt

1231 349 1637 409 ISIDORIANA.
1681 376 1748 388 —
1789 346 1968 404 PARS
2007 347 2046 402 I.
2087 346 2238 402 CAP.
2281 343 2422 402 XXI.

3352 341 3460 402 122

200 485 313 539 dam
356 474 730 546 Acephalorum
778 473 1070 542 episcopum
1091 508 1106 535 ,
1160 467 1484 536 suprafatam
1532 461 1770 516 haeresim
1800 459 1848 518 A
1948 459 2001 513 9.
2035 459 2110 515 De
2137 459 2406 529 judicibus
2435 474 2596 529 vero,
2627 460 2727 516 sub
2752 472 2983 530 quorum
3012 460 3295 529 praesentia
3317 458 3460 516 Malt-

201 573 550 634 vindicantem,
573 573 868 637 exsuperat,
891 573 946 615 ut
974 577 1092 614 vera
1120 557 1323 613 concilii
1353 565 1550 610 asserta
1580 553 1773 623 confir-

201 672 352 728 mant,
375 661 486 732 ejus
516 658 808 730 eloquentia
850 655 1084 716 damnat,
1116 660 1265 719 atque
1292 667 1324 702 a
1352 649 1568 719 pristino
1599 661 1785 726 errore.

201 757 470 830 prafatttm
498 750 794 823 pontificem
822 747 908 801 diu
959 744 1274 816 insequendo
1308 741 1671 812 perpetualiter
1700 738 1777 792 li-

201 850 350 903 berat.

265 937 316 992 6.
343 935 703 992 Subscribunt
733 941 857 987 octo
884 928 1120 1000 episcopi
1152 929 1205 984 in
1233 927 1456 984 exordio
1486 923 1769 987 nominati,

200 1041 250 1088 et
286 1031 458 1101 primo
490 1029 607 1082 loco
638 1043 650 1079 :
686 1024 920 1080 Isidorus
958 1024 1012 1076 in
1050 1019 1240 1075 Christi
1284 1020 1489 1073 nomine
1528 1015 1775 1070 Ecclesia

200 1123 521 1194 Hispalensis
563 1122 831 1190 episcopus
870 1117 1171 1186 subscripsi.
1216 1113 1418 1180 Quarto
1449 1111 1570 1166 loco
1601 1127 1614 1162 :
1652 1107 1777 1161 Ful-

199 1218 388 1290 gentius
429 1217 488 1270 in
517 1214 707 1268 Christi
754 1211 960 1265 nomine
1008 1208 1253 1262 Ecclesia
1285 1205 1443 1278 145
1472 1204 1778 1272 Astigitante

199 1309 462 1377 episc0pus
483 1303 784 1368 subscripsi.
802 1301 876 1354 De
897 1300 1084 1355 hmresi
1109 1296 1504 1366 Acepbalorum
1533 1291 1779 1361 quaedam

199 1407 342 1453 notat
371 1396 562 1452 Loaisa
593 1411 661 1448 ex
688 1393 896 1448 Isidoro
924 1392 962 1445 l.
991 1407 1114 1456 vnt,
1146 1389 1347 1458 Etytn.,
1378 1402 1426 1440 c.
1457 1386 1508 1449 5,
1543 1393 1598 1439 et
1626 1383 1781 1438 Nice-

199 1492 365 1562 phoro
398 1491 435 1543 Ι.
472 1505 599 1543 xvnt
622 1487 826 1542 Eccles.
858 1485 1018 1547 IIist.,
1046 1499 1162 1554 cap.
1188 1482 1276 1536 45.

263 1584 312 1638 7.
347 1581 478 1636 Post
507 1581 611 1636 hoc
639 1579 926 1635 concilium
958 1576 1278 1634 Hisnalense
1308 1591 1343 1628 ll
1365 1617 1379 1641 ,
1411 1581 1466 1628 et
1495 1581 1620 1625 ante
1649 1585 1780 1624 con-

198 1677 369 1732 cilium
398 1673 722 1729 Toletanum
749 1688 823 1738 IV,
853 1687 994 1725 anno
1020 1668 1126 1723 655
1150 1668 1412 1732 habitum,
1445 1664 1588 1719 aliud
1619 1663 1781 1718 fuisse

197 1764 505 1837 Hispalense
537 1763 823 1818 concilium
867 1777 934 1817 ex
973 1760 1202 1817 concilio
1234 1759 1496 1814 Toletano
1526 1773 1599 1813 vt.
1640 1769 1780 1808 anno

1879 550 2058 605 tiauus
2087 549 2328 621 dejectus
2354 550 2442 605 vel
2471 550 2748 621 depositus
2787 550 2922 617 fuit,
2969 548 3275 605 decernitur
3312 550 3459 620 judi-

1879 660 2051 710 casse,
2083 662 2186 700 non
2228 656 2363 707 astu,
2397 661 2558 717 neque
2586 643 2919 716 depravando
2962 643 3235 714 iudicium,
3267 643 3358 697 sed
3387 645 3464 716 fe-

1880 737 2074 792 fellisse
2105 753 2190 790 eos
2221 736 2487 806 fallaciam
2521 737 2724 790 testium
2759 734 3002 789 Hidcirco
3041 743 3089 787 et
3178 733 3384 787 abentio
3414 742 3466 788 et

1881 825 2150 882 Martiano
2182 830 2434 898 episcopis
2459 836 2640 882 contra
2660 844 2747 882 eos
2769 826 3044 880 intercludi
3064 826 3260 879 aditum
3290 824 3466 894 appel-

1881 919 2111 974 lationis.
2131 918 2188 972 In
2209 919 2292 973 his
2315 919 2582 987 judicibus
2600 917 2811 974 videtur
2830 917 3211 988 comprehendi
3233 915 3467 970 Isidorus

1879 1012 1988 1082 jam
2045 1012 2370 1077 defunctus;
2431 1012 2772 1082 prmmittitur
2825 1011 2967 1065 enim
3010 1027 3022 1062 :
3065 1008 3132 1062 Et
3177 1022 3469 1080 quanquam

1882 1106 2113 1159 maxima
2155 1121 2278 1174 pars
2323 1104 2556 1173 judicum
2598 1106 2716 1158 vita:
2765 1104 3032 1174 praesentis
3072 1102 3189 1172 jam
3239 1099 3475 1155 habuerit

1883 1215 2166 1263 excessum,
2191 1209 2296 1253 etc.
2320 1197 2425 1253 Sed
2448 1214 2628 1268 neque
2648 1206 2800 1254 certo
2827 1197 3002 1266 colligi
3034 1206 3232 1267 potest,
3257 1195 3476 1250 Martia-

1885 1308 2012 1346 num
2043 1292 2233 1347 Isidori
2265 1292 2477 1347 calculo
2507 1293 2668 1348 fuisse
2695 1293 3044 1357 damnatum;
3074 1301 3132 1345 ut
3169 1291 3310 1345 enim
3341 1290 3474 1344 Acta

1884 1383 1951 1438 de
2002 1383 2266 1439 Martiano
2314 1399 2537 1438 narrare
2591 1393 2822 1453 pergunt
2867 1383 3028 1437 :Nec
3078 1400 3361 1438 consonam
3408 1379 3475 1434 ab

1882 1477 2007 1547 ipsis
2037 1477 2300 1546 judicibus
2328 1478 2524 1546 accepit
2554 1479 2882 1544 sententiam,
2929 1479 3050 1530 dum
3091 1477 3184 1530 alii
3235 1493 3371 1543 eum,
3420 1481 3480 1530 ut

1883 1568 1984 1637 ipsi
2012 1569 2235 1639 confessi
2265 1579 2402 1634 sunt,
2432 1585 2490 1623 eo
2511 1570 2566 1622 in
2608 1577 2835 1638 tempore
2861 1569 3089 1624 dixerint
3133 1568 3482 1639 innocentem,

1885 1658 1980 1712 alii
2000 1661 2431 1729 proclamaverint
2457 1659 2787 1730 culpabilem.

1968 1752 2048 1807 10.
2077 1751 2197 1819 Quo
2227 1764 2406 1808 autem
2431 1771 2572 1808 anno
2609 1754 2902 1810 Martianus
2926 1755 2980 1808 in
3023 1755 3253 1810 concilio
3282 1754 3478 1825 Hispa-

199 1857 297 1911 658
324 1864 539 1922 coacto,
579 1854 999 1909 demonstratur.
1032 1851 1178 1906 Inter
1219 1859 1338 1905 acta
1369 1848 1526 1916 hujus
1566 1845 1784 1901 concilii
1818 1854 1866 1915 Β
1892 1844 2025 1900 lensi
2055 1845 2331 1914 depositus
2360 1845 2542 1910 fuerit,
2595 1846 2811 1902 difficile
2840 1859 2922 1902 est
2951 1847 3207 1914 deﬁnire;
3239 1848 3333 1902 sed
3363 1864 3485 1904 cum

197 1945 439 2001 Toletani
463 1961 515 1999 vt
552 1928 726 2000 é'xstat
752 1943 1034 2013 exemplar
1058 1941 1245 2011 judicii
1294 1941 1436 1995 inter
1464 1938 1786 1993 Martianttm

197 2048 247 2093 et
275 2037 600 2092 Habentium
619 2035 930 2105 episcopus,
960 2035 1012 2088 in
1037 2048 1144 2103 quo
1168 2033 1232 2086 ha
1251 2048 1280 2087 c
1305 2031 1555 2100 legimus:
1577 2027 1787 2082 Dudum

198 2131 252 2183 in
281 2129 504 2184 concilio
533 2126 840 2198 Hispalensi
885 2125 1184 2180 Martiunus
1211 2125 1522 2195 Astigitana:
1561 2121 1788 2176 ecclesite

197 2222 462 2292 episcOpus
495 2220 647 2290 falsis
670 2219 973 2274 criminibus
997 2227 1362 2272 exauctoratus
1385 2216 1453 2268 ad
1481 2213 1788 2268 universalis

198 2314 464 2382 prmsentis
493 2312 700 2366 concilii
731 2311 964 2382 confugit
993 2310 1274 2364 remedium
1302 2310 1623 2380 purgandus,
1651 2306 1788 2360 indi-

197 2420 393 2475 gnoque
413 2413 614 2468 questu,
636 2411 692 2456 ut
707 2402 964 2472 judicium
987 2400 1339 2462 damnationis
1366 2416 1472 2453 sua:
1493 2406 1793 2452 retractare-

197 2505 296 2559 tur,
327 2503 404 2549 est
432 2495 758 2564 deprecatus.
781 2492 903 2547 Jant
929 2495 1066 2547 enim
1097 2495 1148 2546 in
1178 2493 1491 2563 prcecedenti
1514 2491 1792 2545 universali

196 2585 416 2638 concilio
441 2601 506 2638 ea:
545 2593 692 2654 parte
732 2587 904 2655 fuerat
939 2585 1146 2637 auditus
1173 2598 1221 2638 et
1262 2582 1448 2654 gradui
1485 2591 1700 2645 tantum,
1744 2589 1794 2634 et

194 2693 297 2732 non
327 2678 442 2732 loco
471 2680 759 2744 restitutus,
793 2679 1041 2749 quoniam
1069 2677 1312 2747 angustia
1344 2677 1604 2743 temporis,
1634 2690 1697 2727 ne
1725 2672 1794 2726 ad

192 2769 402 2841 plenum
452 2772 716 2841 negotium
759 2786 908 2824 suum
957 2770 1309 2836 ventilaretur,
1365 2769 1532 2838 fuerat
1579 2769 1797 2820 interce-

192 2869 358 2933 ptum.
395 2859 598 2914 Putant
640 2861 883 2914 nonnulli
926 2859 1150 2915 indicari
1201 2858 1489 2913 concilium
1518 2874 1550 2906 v
1581 2857 1798 2912 Toleta-

193 2967 348 3014 num,
383 2949 475 3005 cui
515 2949 804 3022 episcopus
833 2950 1166 3019 Astigitanus
1219 2964 1325 3004 non
1368 2948 1629 3012 interfuit,
1663 2956 1718 3002 et
1741 2949 1798 3004 itt

192 3058 305 3113 quo
333 3051 562 3098 censent
582 3056 804 3096 causam
827 3040 1076 3096 Martiani
1107 3041 1388 3096 retractari
1419 3040 1666 3109 coepisse.
1692 3038 1798 3094 Sed

203 3149 328 3190 cum
355 3132 661 3204 pracedens
690 3133 988 3196 concilium,
1020 3131 1073 3185 in
1096 3146 1203 3201 quo
1233 3129 1524 3186 Martianus
1554 3144 1618 3184 ex
1650 3138 1800 3199 parte

1896 1951 2040 1991 anno
2067 1935 2172 1991 658
2199 1939 2428 1992 maxima
2457 1955 2576 2008 pars
2599 1939 2834 2009 judicum
2882 1937 3127 1993 Martiani
3174 1940 3284 2008 jam
3311 1938 3487 1994 deces-

1899 2031 2115 2096 sissent,
2150 2046 2378 2101 arguere
2423 2048 2726 2102 possumus,
2762 2033 3099 2102 Fulgentium
3130 2034 3488 2102 Astigitanum

1895 2123 2207 2192 episcOpum
2263 2131 2385 2192 post
2425 2124 2711 2179 concilium
2764 2123 3078 2194 Hispalense
3126 2141 3184 2192 ιι,
3235 2125 3321 2178 cui
3365 2123 3490 2179 διώ-

1894 2214 2125 2283 scripsit,
2157 2230 2264 2270 non
2295 2214 2385 2268 diu
2413 2215 2758 2285 superstitem
2799 2216 2991 2282 fuisse;
3026 2215 3178 2285 cujus
3207 2231 3490 2272 successor

1895 2307 2189 2363 Martianus
2219 2316 2340 2377 post
2368 2325 2476 2363 non
2521 2309 2724 2364 multos
2765 2325 2956 2376 annos,
2989 2319 3042 2364 et
3093 2309 3320 2364 lortasse
3347 2311 3490 2366 circa

1895 2413 2095 2452 annum
2127 2397 2230 2451 624
2259 2410 2643 2456 exauctoratus
2690 2400 2810 2456 fuit.
2843 2401 3088 2457 Concilio
3131 2418 3183 2456 vr
3228 2401 3490 2457 Toletano

1896 2503 2072 2554 neque
2111 2488 2432 2557 Martianus,
2467 2507 2642 2561 neque
2683 2490 2983 2549 Habentius
3033 2493 3490 2562 subscripserunt.

1897 2577 2162 2635 Iudicium
2186 2583 2328 2636 inter
2358 2591 2648 2654 utrumque
2685 2601 2714 2638 a
2746 2584 2995 2642 Florezio
3024 2587 3260 2656 primum
3288 2585 3490 2640 editum

1898 2669 2038 2740 fuit,
2090 2672 2283 2729 deinde
2334 2691 2583 2731 tecusutn
2641 2677 2694 2731 in
2743 2675 3080 2733 Collectione
3134 2677 3488 2733 conciliorutn

1902 2761 2190 2833 Hispaniae,
2220 2781 2250 2818 a
2282 2767 2542 2823 Silvestro
2575 2767 2756 2840 Pueyo
2783 2768 2850 2822 ad
2867 2769 3004 2838 juris
3033 2769 3280 2824 canonici
3308 2784 3496 2838 corpo-

1901 2854 1976 2908 ris
2005 2858 2312 2925 exemplum
2365 2859 2594 2926 digesta.
2626 2859 2867 2915 Concilio
2906 2857 3171 2914 Toletano
3197 2875 3249 2914 tv
3291 2857 3496 2913 Ilabeu-

1903 2948 2009 3004 tius
2039 2948 2158 3004 loco
2183 2950 2459 3019 trigesimo
2486 2959 2679 3006 octavo
2708 2952 3041 3022 subscripsit,
3075 2959 3195 3021 post
3220 2965 3378 3019 quem
3403 2948 3495 3004 alii

1903 3038 1975 3092 24
2004 3040 2246 3112 episcopi
2292 3043 2755 3113 subscripserunt;
2815 3042 2867 3098 id
2897 3042 3089 3112 arguit,
3137 3041 3336 3096 multos
3374 3048 3498 3096 ante

1904 3145 2076 3185 annos
2114 3129 2434 3187 Habentium
2477 3133 2660 3188 sedem
2687 3133 3065 3202 Astigitanam,
3095 3132 3320 3204 expulso
3353 3129 3492 3187 Mar-

196 3225 374 3280 fuerat
413 3223 649 3288 auditus,
684 3221 894 3278 dicatur
921 3222 1229 3288 universale,
1258 3222 1364 3276 hoc
1393 3230 1475 3276 est
1503 3220 1798 3288 nationale,
1829 3250 1874 3312 ο
1907 3223 2055 3278 tiano
2079 3263 2095 3289 ,
2163 3224 2479 3290 obtinuisse.
2532 3224 2664 3279 Nam
2717 3227 2771 3280 in
2821 3225 3304 3296 subscriptionibus
3363 3223 3498 3281 ordo

201 3332 310 3373 non
367 3324 553 3386 potest
608 3315 833 3385 intelligi
881 3329 1001 3370 esse
1053 3314 1343 3370 concilium
1373 3329 1425 3379 v,
1458 3313 1543 3368 cui
1588 3321 1796 3367 tantum

205 3417 442 3478 quatuor
471 3416 527 3464 et
563 3408 750 3477 viginti
795 3405 1153 3462 interfuerunt
1199 3405 1476 3476 episcopi,
1508 3412 1564 3458 et
1614 3403 1796 3458 vicarii

203 3501 602 3572 episcoporum,
633 3509 688 3554 et
727 3516 865 3555 unus
893 3498 1364 3568 metropolitanus,
1384 3497 1593 3552 scilicet
1621 3493 1798 3564 Euge-

205 3595 322 3648 nius
348 3593 641 3664 episcopus
668 3592 982 3647 Toletanus.
1011 3589 1273 3646 Dicuntur
1299 3589 1518 3660 quidem
1541 3588 1798 3644 sacerdo-

208 3692 285 3741 tes
313 3702 382 3742 ex
432 3686 664 3742 diversis
690 3685 962 3756 Hispaniae
1002 3686 1290 3755 provinciis
1319 3684 1630 3753 congregati
1657 3702 1670 3737 :
1703 3683 1800 3738 sed

208 3796 326 3836 cum
355 3781 652 3837 concilium
675 3789 792 3835 erat
816 3780 1112 3848 nationale,
1135 3777 1404 3849 Hispania:
1434 3788 1594 3849 atque
1615 3776 1801 3831 Gallia:

207 3874 516 3930 sacerdotes
564 3873 985 3939 conveniebant,
1037 3887 1068 3927 e
1115 3871 1308 3940 quibus
1354 3881 1462 3925 tres
1505 3880 1803 3940 quatuorve

208 3972 294 4018 aut
329 3965 574 4036 quinque
616 3972 775 4021 erant
823 3963 1248 4033 metropolitani.
1277 3959 1505 4034 Oportet
1559 3975 1688 4028 ergo
1746 3969 1803 4015 ut

208 4053 570 4126 intelligamus
598 4071 906 4112 sermonem
935 4070 1057 4110 esse
1079 4054 1148 4109 de
1187 4053 1416 4109 concilio
1442 4067 1492 4108 tv
1516 4051 1801 4116 'I'oletano,

209 4150 290 4204 cui
317 4149 560 4208 Isidorus
601 4150 812 4205 ortelttit
837 4157 890 4205 et
922 4147 1163 4204 interfuit
1188 4147 1482 4203 Habentius
1511 4147 1799 4216 episcopus

210 4244 560 4315 Astigitanus.

274 4337 325 4395 8.
351 4339 624 4396 Defuncto
654 4339 937 4408 Fulgentio
962 4348 1083 4410 post
1108 4339 1395 4396 concilium
1423 4336 1741 4408 Hispalense
1767 4353 1803 4391 ιι

213 4431 464 4486 successit
494 4430 825 4496 Martianus,
850 4430 941 4499 qui
971 4431 1024 4484 in
1055 4431 1288 4500 quodam
1321 4428 1627 4501 IIiSpalensi
1669 4445 1803 4485 con-

213 4517 327 4574 cilio
355 4527 742 4576 exauctoratus
771 4519 900 4584 luit,
943 4520 1234 4591 subrogato
1261 4519 1550 4586 Habentio,
1594 4521 1716 4589 qui,
1748 4529 1808 4576 ut

1907 3316 2244 3385 antiquitatis
2276 3317 2595 3386 plerumque
2622 3317 2962 3373 servabatur.

1985 3409 2072 3465 I-I.
2107 3409 2324 3465 Pratfuit
2368 3412 2532 3465 etiam
2579 3410 2816 3466 Isidorus
2848 3410 3079 3466 concilio
3123 3409 3388 3465 Toletano
3417 3423 3488 3473 ιν,

1904 3524 2045 3564 anno
2072 3505 2196 3572 655,
2223 3504 2368 3575 quod
2399 3504 2496 3559 fuit
2524 3506 2818 3570 nationale,
2847 3513 2904 3561 et
2945 3505 3185 3560 omnium
3233 3503 3500 3580 Hispanias

1904 3601 2258 3658 conciliorum
2289 3598 2741 3664 celeberrimum,
2796 3613 2861 3652 ac
2906 3610 3115 3665 magna:
3159 3597 3214 3651 in
3244 3596 3497 3650 universa

1907 3694 2148 3750 Ecclesia
2189 3691 2550 3746 auctoritatis.
2586 3690 2660 3746 De
2699 3708 2805 3760 quo
2837 3691 2910 3745 ita
2961 3689 3226 3745 Baronius
3272 3689 3339 3742 ad
3367 3703 3497 3742 ann.

1906 3786 2030 3848 655,
2062 3803 2117 3839 n.
2150 3784 2218 3837 68
2253 3803 2264 3836 :
2306 3783 2526 3853 I’rtefuit
2557 3782 2618 3837 S.
2645 3782 2905 3850 Isidorus,
2936 3781 3260 3852 Hispalensis
3290 3781 3492 3849 episco-

1906 3893 2022 3948 pus,
2055 3877 2252 3946 primus
2293 3874 2474 3928 ordine
2505 3875 2806 3937 recensitus,
2839 3881 2889 3925 et
2935 3889 2990 3925 tn
3037 3870 3499 3940 subscriptionibus

1905 3966 2262 4036 episcoporum
2291 3964 2491 4017 cceteris
2519 3964 2787 4032 prcelatus.
2822 3961 2906 4015 Ex
2933 3961 3112 4031 quibus
3138 3961 3371 4013 dubitare
3399 3961 3500 4012 mi-

1908 4054 2043 4106 nime
2089 4051 2260 4111 liceat,
2321 4050 2476 4120 fuisse
2534 4049 2684 4120 ll")
2732 4047 2869 4101 idem
2937 4046 3211 4100 concilium
3271 4045 3501 4115 ejusdem

1908 4141 2104 4197 Isidori
2126 4139 2350 4196 nobilem
2371 4149 2575 4211 partum
2599 4137 2754 4208 probe
2778 4140 3076 4204 formatum,
3101 4145 3502 4208 ceterorumque

1907 4244 2266 4313 episcoporum
2319 4239 2581 4292 sententiis
2631 4246 2958 4290 exornatum.
3011 4233 3069 4288 In
3099 4231 3346 4289 eamdem
3386 4231 3500 4288 fere

1881 4333 2230 4395 sententiam
2274 4328 2557 4386 descendit
2587 4327 2864 4382 Florezius
2905 4334 3040 4382 tom.
3087 4322 3189 4391 IX,
3220 4339 3342 4394 pag.
3378 4322 3501 4390 196,

1909 4426 1998 4496 qui
2030 4425 2295 4480 Isidorum
2337 4423 2609 4494 praefuisse
2647 4421 2752 4488 ait,
2803 4419 2950 4489 quod
2983 4418 3191 4473 cmteris
3230 4425 3502 4486 metropo-

1879 4579 1881 4581 ,
1909 4519 2089 4574 litanis
2117 4517 2395 4588 antiquior
2425 4527 2587 4581 esset,
2623 4531 2730 4570 non
2759 4513 2938 4583 quod,
2974 4520 3031 4566 ut
3061 4511 3173 4565 vult
3198 4507 3499 4573 Cellierius,

216 4612 366 4668 modo
396 4613 784 4680 dixi,concilio
816 4630 867 4668 tv
887 4612 1152 4669 Toletano
1181 4615 1482 4685 suscripsit.
1509 4615 1803 4671 Damnatus
1836 4641 1885 4698 υ
1913 4611 2158 4666 doctrina
2189 4625 2252 4664 ac
2281 4609 2566 4664 sanctitate
2597 4608 2730 4661 alios
2761 4605 3114 4675 praecelleret.
3145 4601 3380 4656 Isidorus
3408 4599 3501 4654 Pa~

217 4716 336 4772 ergo
362 4704 461 4760 fuit
487 4704 791 4760 Martianus
819 4705 872 4758 in
903 4704 1132 4758 concilio
1162 4703 1490 4773 Hispalensi,
1519 4705 1606 4760 cui
1635 4704 1804 4761 Isido-

218 4807 302 4848 rus
331 4804 457 4852 tunc
485 4794 746 4851 Ecclesia:
793 4793 1127 4864 Hispalensis
1176 4795 1623 4865 metropolitanus
1671 4811 1806 4866 pne-

220 4881 389 4952 fuerit,
425 4901 655 4943 necesse
684 4894 784 4941 est.
820 4884 877 4939 In
908 4885 1137 4941 concilio
1186 4885 1448 4941 Toletano
1495 4902 1566 4954 tv,
1617 4895 1676 4941 ut
1704 4901 1806 4956 ego

224 4970 565 5046 interpretor,
596 4975 784 5046 gradui
811 4991 929 5041 suo,
956 4976 1051 5030 sed
1081 4992 1187 5031 non
1210 4976 1331 5032 loco
1361 4979 1640 5034 restitutus
1670 4977 1802 5034 fuit:

224 5079 281 5121 ac
310 5078 598 5140 propterea
637 5069 952 5138 subscripsit
992 5069 1284 5127 Habentius
1312 5069 1568 5126 Ecclesia:
1609 5073 1806 5143 Astigi-

227 5163 356 5212 lana:
381 5159 950 5230 episcopus.Cont:i!io
977 5159 1240 5215 Toletano
1264 5177 1293 5215 v
1320 5161 1494 5217 nullus
1524 5164 1806 5234 episc0pus

229 5248 548 5317 Astigitanus
593 5253 834 5310 interfuit
869 5272 881 5308 :
912 5255 1112 5325 quippe
1143 5254 1468 5319 universale,
1511 5269 1607 5309 seu
1631 5256 1798 5310 natio-

231 5343 343 5399 nale
369 5347 526 5418 ιω
547 5348 830 5403 concilium
860 5363 966 5402 non
995 5347 1114 5400 fu'tt.
1134 5346 1188 5400 In
1212 5347 1439 5401 concilio
1462 5345 1727 5402 Toletano
1753 5363 1786 5398 ν

232 5441 518 5494 retra'ctato
561 5438 781 5508 judicio,
834 5454 864 5492 e
909 5437 1036 5491 sede
1084 5439 1397 5506 Astigitanaz
1442 5437 1692 5495 Ecclesia;
1721 5455 1806 5495 re-

233 5535 401 5581 motus
422 5528 522 5585 fuit
549 5529 862 5593 Habentins,
895 5537 1057 5598 atque
1085 5528 1377 5586 Martianus
1398 5531 1700 5601 restitutus,
1731 5533 1804 5588 ita

235 5624 291 5671 ut
337 5618 631 5678 Habentius
689 5624 786 5678 sub
850 5622 1220 5678 satisfactione
1285 5625 1614 5694 poenitentiae
1666 5627 1807 5698 apud

238 5707 544 5770 Martianunt
569 5724 779 5771 retento
803 5716 1009 5771 honore
1029 5715 1349 5770 subderetur
1375 5734 1387 5768 :
1413 5731 1534 5771 cum
1558 5716 1805 5772 Habentii

239 5806 450 5862 consilio
503 5817 557 5863 et
612 5823 716 5878 ope
773 5807 904 5863 falsa
960 5817 1150 5864 contra
1202 5808 1524 5866 Martianum
1583 5813 1806 5868 crimina

257 5896 448 5956 uissent
476 5912 750 5973 congesta.

1910 4701 2089 4756 censis
2119 4700 2295 4755 solum
2327 4697 2513 4763 refert,
2544 4695 2689 4765 quod
2717 4692 3048 4750 Sisenandus
3077 4692 3182 4747 hoc
3208 4691 3496 4746 concilium

1911 4794 2226 4858 celebravit,
2255 4799 2525 4847 constante
2571 4790 2738 4843 adhuc
2787 4787 3089 4858 Hispalensi
3130 4785 3336 4842 Isidoro
3383 4791 3496 4856 epi-

1911 4908 2065 4962 scopo
2090 4894 2164 4944 vel
2195 4891 2248 4942 in
2270 4889 2444 4941 multis
2458 4890 2572 4957 jam
2601 4884 2748 4938 libris
2779 4883 3006 4956 fulgente
3031 4881 3271 4953 miriﬁce.
3305 4880 3498 4936 Mabil-

1915 4985 2110 5048 Ionius,
2162 4979 2346 5038 tom.I
2396 4978 2586 5034 Annal.
2621 4977 2923 5045 Benedict.,
2975 4990 3097 5047 pag.
3145 4976 3271 5044 561,
3331 4976 3497 5039 addit.

1915 5075 1972 5130 S.
2006 5073 2270 5128 Isidorum
2301 5079 2576 5126 auctorem
2607 5068 2771 5124 fuisse
2799 5082 3065 5124 canonum
3097 5066 3256 5136 hujus
3283 5065 3500 5122 concilii

1913 5165 2161 5221 Toletani
2192 5180 2270 5218 tv.

1985 5257 2071 5312 I2.
2101 5255 2451 5321 Sisenandus,
2476 5254 2565 5325 qui
2596 5252 2882 5309 Suintilani
2913 5267 3080 5321 regno
3103 5259 3267 5307 exuto
3290 5263 3498 5304 succes-

1912 5359 2084 5412 serat,
2117 5355 2176 5402 ut
2225 5346 2507 5417 imperium
2559 5361 2713 5401 suum
2763 5344 3131 5411 conﬁrmaret,
3179 5339 3497 5398 convocavit

1914 5443 2078 5498 totius
2125 5439 2298 5510 gentis
2355 5447 2411 5492 et
2465 5439 2704 5493 omnium
2760 5437 3155 5507 provinciarum
3205 5432 3490 5506 synodum.

1914 5534 2252 5591 Postremum
2282 5533 2443 5603 igitur
2471 5541 2662 5602 caput,
2696 5530 2838 5600 quod
2886 5537 2969 5584 est
2998 5528 3086 5592 75,
3139 5529 3212 5581 ita
3261 5525 3449 5594 incipit
3478 5540 3492 5583 :

1917 5627 2042 5681 Post
2068 5628 2304 5680 instituta
2325 5625 2560 5695 quwdam
2589 5622 2920 5677 ecclesiastici
2961 5621 3180 5686 orainis,
3219 5618 3297 5672 vel
3320 5618 3496 5673 decre-

1915 5737 1989 5789 ta,
2019 5741 2133 5795 qua:
2160 5724 2229 5776 ad
2253 5722 2589 5794 quorumdam
2627 5721 2882 5790 pertinent
2913 5716 3264 5785 disciplinam,
3292 5721 3493 5779 postm-

1916 5834 2000 5869 nta
2026 5815 2172 5871 nobis
2199 5816 2396 5868 cunctis
2420 5810 2772 5867 sacerdotibus
2802 5807 3056 5863 sententia
3085 5815 3160 5860 est
3189 5823 3284 5877 pro
3313 5805 3496 5861 robore

1916 5920 2208 5967 nostrorum
2249 5923 2445 5978 regum,
2473 5914 2521 5960 et
2560 5903 2842 5959 stabilitate
2869 5900 3034 5972 gentis
3061 5896 3342 5956 Gothorum
3369 5913 3499 5972 pou-
