4048 6364
603 364 709 425 ω

1335 361 1425 416 ΑΙ)
1463 356 1696 416 ΟΡΕΙΙΑ
1732 354 1796 412 S.
1838 352 2097 412 ISIDORi
2119 350 2571 409 νηιεΡΑιεΝδιδ
2606 347 3141 405 PROLEGOMENA.

3780 353 3881 409 ﬁt

596 476 796 552 illeille
818 477 1054 532 ultimum
1080 475 1173 531 sub
1218 475 1319 531 Del
1352 477 1528 547 judice
1558 477 1692 548 ferre
1719 475 1999 528 demtum.
2046 469 2180 524 Sub-
2204 467 2255 529 Α
2284 484 2413 541 guns
2434 477 2521 521 tua
2546 468 2807 539 perlegere
2830 468 3035 539 eloquia
3065 483 3083 520 :
3108 466 3281 522 statim
3307 475 3365 521 ut
3403 468 3581 537 accepi
3607 468 3877 536 pittacium

600 572 931 641 scripserunt
959 570 1238 637 sexaginta
1262 583 1453 624 novem
1479 569 1673 638 partim
1704 565 1961 635 episcopi,
1986 562 2182 633 partim

598 664 783 719 Vicarii
831 663 1238 731 episcoporum;
1290 676 1352 715 ac
1381 661 1554 730 primo
1597 659 1717 713 loco
1752 675 1763 710 :
1798 656 1914 728 Ego
1944 653 2182 708 Isidorus

599 757 650 812 in
678 755 871 811 Christi
896 757 1104 810 nomine
1133 753 1381 809 Ecclesiae
1417 752 1752 823 Hispalensis
1780 752 2047 821 episcopus
2073 760 2182 799 me-

599 850 945 918 tropolitanus
974 846 1274 918 subscripsi.
1306 847 1505 914 Quinto
1538 846 1659 901 loco
1694 864 1705 898 :
1734 844 1914 898 Justus
1952 838 2181 893 ecclesiae

601 940 865 996 Toletanw
899 942 1325 1009 metropolitanus
1377 938 1677 1009 subscripsi.
1729 929 2179 1001 Quinquagesimo

598 1040 789 1103 quarto
821 1032 939 1089 loco
974 1052 985 1086 :
1023 1032 1235 1087 Braulio
1264 1032 1745 1104 Ctesaraugustante
1788 1026 2038 1080 Ecclesiae
2066 1024 2177 1093 epi-

596 1142 779 1195 scopus
808 1124 1109 1196 subscripsi.

671 1219 753 1272 i5.
786 1217 899 1272 Hoc
930 1232 1095 1287 porro
1125 1216 1411 1273 concilium
1450 1222 1533 1269 est
1576 1214 1628 1266 in
1658 1226 1765 1281 quo
1792 1209 2052 1264 lsidorurn
2080 1205 2177 1261 Hi-

596 1313 798 1382 spaniae
828 1312 1169 1367 eversionem
1203 1319 1453 1365 auctores
1481 1303 1903 1361 continuationis
1924 1298 2177 1356 Chronici

594 1401 784 1461 Isidori
811 1406 912 1461 sub
940 1404 1190 1459 lideltmsi
1239 1401 1454 1457 nomine
1494 1406 1549 1451 et
1576 1397 1708 1450 Vita:
1738 1396 1793 1449 S.
1828 1394 2015 1449 Isidori
2044 1408 2177 1465 plm-

595 1496 797 1553 dixisse
822 1496 1018 1553 ferunt.
1049 1495 1246 1551 Eadem
1275 1491 1555 1564 prophetia
1582 1492 1633 1545 in
1666 1490 1812 1545 Actis
1840 1488 2178 1543 uberioribus

592 1592 961 1648 translationis
1003 1589 1245 1659 corporis
1294 1587 1352 1642 S.
1383 1584 1571 1641 Isidori
1614 1584 1753 1654 apud
1800 1580 2177 1637 Bollandianos

592 1686 898 1756 exponitur.
930 1681 1279 1749 Autiquiores
1326 1678 1503 1733 silent.
1546 1676 1814 1748 Tamayus
1856 1675 1907 1728 in
1953 1673 2172 1744 Martyr.

590 1772 741 1844 Hisp.
783 1782 998 1839 censet,
1048 1784 1155 1825 non
1186 1768 1349 1824 fuisse
1389 1783 1509 1823 eam
1541 1762 1720 1821 veram
1752 1765 2174 1835 praedictionem,

2289 570 2449 627 tuum,
2501 576 2627 629 puer
2652 561 2822 630 regius
2855 560 2923 611 ad
2950 576 3030 613 me
3055 560 3194 612 venit
3222 575 3241 613 δ
3267 558 3389 614 dedi
3411 558 3735 617 cubiculari.
3760 578 3877 618 uno

2284 653 2417 705 illud
2446 653 2730 721 pittatium,
2763 661 2812 705 et
2839 652 3114 722 confestim
3153 652 3413 706 ambulavi
3454 652 3529 707 ad
3554 654 3873 723 principem.

2282 752 2340 795 ut
2368 750 2545 812 postea
2587 744 2921 814 perlegerent,
2958 753 3007 795 et
3036 742 3384 798 rescribam.
3412 743 3666 800 Remus
3706 764 3739 800 e
3780 766 3875 816 pa.

2285 834 2411 887 latio
2438 834 2573 903 regis
2599 850 2701 887 non
2729 834 2894 887 solum
2919 835 3113 899 scripta
3141 843 3226 885 tua
3254 850 3356 887 non
3383 834 3573 899 inveni,
3593 835 3684 888 sed
3711 838 3871 889 etiam

2283 924 2532 994 quidquid
2558 926 2703 979 aliud
2732 927 2787 979 in
2811 924 3004 978 chartis
3036 925 3152 994 fuit,
3190 926 3360 994 periit.

2355 1014 2444 1070 16.
2477 1014 2628 1070 Tunc
2672 1016 2968 1083 longiorem
3000 1016 3283 1082 epistolam
3325 1016 3597 1085 rescripsit
3624 1017 3867 1083 Braulio,

2283 1107 2374 1161 ubi
2406 1107 2483 1161 ait
2511 1125 2525 1160 :
2561 1108 2869 1176 Septimum,
2899 1109 2953 1160 ni
2981 1108 3158 1177 fallor,
3181 1123 3377 1161 annum
3406 1116 3637 1178 tempore
3658 1120 3868 1179 συναρι,

2280 1215 2348 1253 ιω
2389 1216 2488 1270 quo
2539 1216 2620 1253 me
2670 1200 2875 1253 memini
2921 1198 3079 1253 libros
3124 1216 3156 1254 α
3202 1208 3250 1255 ω
3292 1200 3526 1255 conditos
3592 1199 3870 1271 Originum

2282 1291 2592 1359 postulasse,
2641 1300 2691 1342 et
2740 1292 2880 1344 vario
2910 1291 3207 1362 diversoque
3257 1292 3409 1346 modo
3440 1302 3751 1361 prensantem
3791 1311 3874 1348 eos

2281 1398 2363 1436 me
2386 1385 2691 1453 frustratum
2703 1400 2832 1447 esse,
2846 1392 2893 1435 et
2916 1383 3109 1437 absenti
3127 1384 3256 1438 nihil
3278 1385 3399 1439 inde
3411 1401 3499 1439 vos
3521 1388 3870 1454 rescripsisse,

2281 1474 2372 1527 sed
2396 1475 2570 1527 subtili
2599 1474 2847 1529 dilatione
2869 1489 3008 1531 ttooo
3032 1475 3245 1529 necdum
3271 1492 3380 1529 esse
3401 1478 3687 1545 perfectos,
3720 1477 3875 1547 ιω

2283 1582 2428 1622 loco
2448 1568 2665 1622 necdum
2692 1570 2931 1637 scriptos,
2957 1583 3102 1624 nono
3132 1585 3274 1623 meas
3300 1570 3504 1623 litteras
3524 1571 3870 1635 intercidisse,

2282 1661 2488 1732 diuque
2513 1663 2677 1715 nulla
2700 1669 3031 1731 opponentes,
3069 1661 3139 1713 ad
3177 1661 3310 1717 lianc
3348 1678 3507 1729 usque
3528 1661 3667 1716 diem
3692 1680 3871 1731 perse-

2283 1754 2470 1816 nintus,
2500 1761 2547 1805 et
2574 1754 2686 1807 sine
2710 1752 2971 1822 petitionis
2992 1751 3172 1819 effectu
3202 1767 3488 1805 manemus.
3512 1750 3638 1809 Huic
3664 1753 3867 1807 scribe-

589 1842 1027 1936 nti—prudentem
1043 1861 1302 1933 sapienti,
1324 1861 1556 1915 hominis
1578 1859 1963 1927 conjecturam,
1984 1855 2176 1910 Loaivsa
2209 1862 2256 1921 Β
2280 1843 2374 1897 hat
2420 1844 2635 1897 Braulio
2664 1853 2790 1896 ante
2830 1860 3026 1897 annum
3058 1842 3198 1905 655;
3230 1857 3355 1897 nam
3396 1843 3499 1897 hoc
3542 1858 3687 1899 anno
3736 1858 3869 1899 cott-

589 1959 644 2013 in
668 1956 1051 2011 dissertatione
1077 1954 1143 2009 de
1168 1954 1400 2023 primatu
1424 1951 1673 2007 Ecclesia:
1702 1950 1994 2011 Toletana,
2017 1961 2179 2017 quam

590 2048 644 2102 in
674 2046 883 2101 Coneii.
918 2046 1069 2118 Hisp.
1102 2046 1226 2116 post
1245 2044 1519 2099 decretum
1549 2040 1872 2097 Gundemari
1914 2055 2056 2094 anno
2075 2037 2179 2092 610

591 2139 837 2207 inseruit,
867 2137 1075 2192 histum
1106 2137 1505 2206 metropolitam
1536 2134 1857 2189 Toletanum
1891 2132 2015 2186 huic
2043 2145 2175 2186 eon-

586 2230 712 2285 cilio
733 2230 1006 2299 praefuisse
1039 2228 1269 2283 aiiirmst
1300 2228 1327 2299 ς
1358 2227 1412 2293 5,
1456 2226 1549 2281 sed
1596 2224 1744 2280 addit
1772 2236 1791 2279 ε
1822 2220 1949 2277 Non
1991 2222 2178 2276 desunt

587 2322 672 2395 qui
690 2322 963 2391 affirmant,
999 2320 1260 2375 lsidorum
1288 2319 1591 2387 apostolica:
1619 2316 1757 2371 sedis
1780 2315 2092 2387 legationem
2119 2312 2174 2367 in

586 2415 683 2468 hoc
710 2416 925 2469 concilio
955 2413 1161 2479 abiisse,
1204 2412 1467 2483 eidemque
1513 2411 1805 2482 prwfuisse.
1850 2408 2011 2476 Atqui
2059 2407 2175 2475 ipse

586 2505 779 2561 Loaisa
831 2506 1064 2575 primum
1119 2506 1295 2560 locum
1338 2505 1391 2557 in
1438 2500 1923 2573 subscriptionibus
1968 2498 2176 2554 lsidoro

585 2596 790 2651 tribuit.
820 2594 971 2651 Unde
986 2610 1118 2665 ergo
1134 2596 1390 2664 colligere
1413 2595 1610 2665 potuit,
1624 2592 1833 2649 Justum
1858 2590 2176 2663 praefuisse?

660 2706 742 2762 M.
768 2706 845 2763 Ex
873 2707 1112 2779 epistolis
1133 2704 1436 2763 Braulionis
1466 2718 1653 2775 arguo,
1678 2706 1936 2762 Isidorum
1961 2706 2173 2761 cuidam

588 2804 793 2875 Synodo
816 2803 1140 2869 interfuisse,
1171 2803 1257 2858 vel
1288 2803 1562 2873 prmfuisse
1593 2803 1750 2858 etiam
1770 2846 1784 2871 ,
1816 2803 1867 2857 in
1915 2818 2019 2872 qua
2049 2803 2176 2859 Sin-

586 2894 745 2951 tharil
790 2894 1065 2964 cujusdam
1114 2902 1275 2951 causa
1315 2892 1472 2967 148
1510 2896 1709 2964 agitata
1754 2903 1879 2950 est:
1912 2895 2175 2964 siquidem

586 2987 639 3043 ln
670 2986 916 3057 epistola,
961 3002 1080 3058 qum
1108 2987 1319 3059 incipit.
1363 2986 1408 3040 0
1438 2989 1540 3055 pie,
1574 2986 1816 3053 Domine,
1851 2987 1928 3042 sic
1958 2985 2175 3042 Braulio

584 3076 850 3135 IsidorUm
901 3081 1191 3151 alloQuitur
1238 3099 1250 3135 :
1295 3079 1529 3152 Suggero
1578 3098 1730 3149 sane,
1782 3090 1831 3134 et
1879 3080 2175 3135 omnimoda

584 3173 959 3243 supplicatione
987 3172 1225 3243 deposco,
1247 3183 1301 3227 ut
1322 3172 1507 3227 librum
1532 3170 1997 3244 Etymolog'arum,
2023 3190 2172 3245 quem

2281 1935 2405 1990 cilia
2455 1951 2507 1989 tv
2556 1934 2820 1990 Toletano
2868 1935 3189 2004 subscripsit
3232 1935 3420 1989 Audax
3451 1933 3872 1990 Tarraconensis

2279 2028 2598 2097 episebpus;
2628 2034 2684 2081 et
2710 2026 2924 2081 Braulio
2955 2027 3164 2082 litteras
3193 2026 3367 2093 dedit,
3399 2042 3522 2081 cum
3544 2024 3703 2081 sedes
3733 2024 3870 2080 Tar-

2276 2122 2595 2177 raconensis
2630 2136 2727 2190 per
2765 2122 2973 2175 obitum
3012 2119 3429 2189 pr.edeceswris
3463 2118 3684 2174 Eusebii
3711 2134 3873 2174 vaca-

2277 2224 2381 2270 ret.
2436 2214 2624 2286 Itaque
2662 2213 2899 2286 synodus
2942 2224 3133 2269 contra
3180 2213 3513 2268 Sinthariutn
3564 2228 3707 2269 anno
3750 2211 3873 2278 ω,

2278 2318 2372 2362 aut
2405 2316 2531 2363 ante
2561 2308 2773 2362 videtur
2795 2308 3092 2362 celebrata.

2352 2422 2435 2477 t7.
2470 2421 2722 2489 QuiSnam
2763 2429 2941 2476 autem
2990 2428 3072 2476 est
3110 2421 3199 2475 hic
3240 2420 3579 2475 Sintharius?
3632 2424 3689 2474 et
3724 2433 3870 2488 qua:—

2280 2528 2400 2568 nam
2450 2513 2565 2583 ejus
2619 2514 2816 2568 causa?
2867 2512 3004 2566 Nihil
3057 2524 3187 2568 sane
3233 2513 3334 2567 hac
3386 2512 3453 2565 de
3501 2524 3562 2565 re
3616 2512 3859 2575 invenio,

2280 2607 2378 2661 nisi
2410 2605 2551 2677 quod
2575 2606 2806 2661 concilio
2839 2603 3104 2674 Egarensi
3135 2619 3277 2657 anno
3300 2602 3407 2656 6M
3438 2600 3728 2658 undecimo
3758 2602 3873 2658 loco

2279 2698 2593 2767 subscripsit
2629 2695 2932 2751 Sintharins
2954 2696 3262 2765 episcopus.
3296 2693 3557 2749 Nonnulli
3590 2694 3873 2763 suspican-

2279 2798 2384 2855 tur,
2412 2790 2554 2845 hunc
2578 2787 2907 2844 Sintbarium
2939 2790 3029 2857 qui
3062 2788 3290 2843 concilio
3311 2786 3563 2857 Egareusi
3596 2788 3870 2858 subscrip-

2278 2882 2368 2949 sit,
2399 2895 2517 2936 esse
2545 2881 2810 2936 Sisaldum
2835 2881 3243 2950 Empuritauum
3271 2880 3606 2950 episcopum,
3633 2876 3726 2948 qui
3752 2895 3874 2935 con-

2280 2972 2403 3027 cilio
2449 2988 2499 3027 tv
2552 2972 2814 3027 Toletano
2859 2970 3118 3026 interfuit.
3164 2969 3271 3025 Sed
3302 2984 3425 3027 cum
3468 2970 3520 3024 iu
3570 2969 3873 3025 Brauliouis

2280 3067 2505 3137 epistola
2535 3065 2793 3121 Sintharii
2824 3078 3021 3119 nomen
3056 3072 3345 3129 occurrat,
3400 3062 3531 3117 nihil
3574 3071 3658 3116 est
3696 3077 3871 3117 causa:

2280 3172 2377 3214 cur
2420 3170 2526 3213 non
2579 3158 2769 3212 eodem
2818 3156 2978 3211 modo
3036 3139 3087 3209 in
3126 3153 3612 3224 subscriptionibus
3659 3151 3873 3209 concilii

583 3263 715 3336 jam,
760 3265 958 3335 favente
988 3260 1233 3331 Domino,
1267 3264 1554 3317 audivimus
1585 3275 2023 3327 consummatum,
2055 3281 2170 3334 pro-

2280 3248 2566 3318 Egareusis
2595 3245 2926 3303 Sintharium
2951 3245 3209 3313 legamus.

584 3355 846 3408 missionis
868 3364 1047 3409 vestrae
1069 3366 1317 3409 memores
1339 3370 1480 3409 servo
1496 3360 1662 3411 vestro
1684 3353 1907 3425 dirigere
1913 3352 2137 3425 jubeatis
2154 3370 2174 3408 :

581 3446 723 3518 quia,
752 3453 807 3498 ut
831 3445 957 3500 mihi
986 3458 1098 3499 sum
1127 3448 1382 3511 conscius,
1432 3460 1621 3516 magna
1652 3444 1720 3498 ibi
1760 3461 1823 3498 ea:
1873 3454 2018 3515 parte
2045 3446 2175 3497 servi

581 3537 655 3591 tui
679 3537 1029 3605 postulatione
1057 3537 1278 3591 sudasti.
1316 3532 1383 3590 Et
1424 3537 1541 3590 ideo
1570 3537 1625 3590 in
1655 3552 1735 3589 me
1762 3537 1981 3607 primum
2009 3536 2173 3590 existe

581 3629 853 3699 munificus
878 3647 895 3683 :
926 3629 1071 3683 sicin
1104 3638 1400 3682 sanctorum
1430 3625 1640 3681 cratibus
1670 3637 1719 3680 et
1749 3626 1875 3697 felix
1907 3626 2168 3693 habearis,

582 3728 631 3774 et
660 3721 876 3789 primus.
901 3718 1061 3773 Gesta
1096 3721 1253 3774 etiam
1280 3718 1481 3790 synodi,
1506 3719 1558 3771 in
1590 3733 1690 3784 qua
1714 3715 2012 3772 Sintharius
2039 3733 2167 3772 eaa-

581 3808 739 3864 rninis
767 3811 917 3864 vestri
944 3811 1075 3879 igni,
1105 3811 1200 3863 etsi
1230 3808 1332 3863 non
1360 3809 1685 3878 puriﬁcatus,
1712 3810 1967 3863 invenitur
1996 3820 2169 3863 tutnen

579 3898 839 3969 decoctus,
862 3916 1053 3976 quaeso,
1094 3910 1153 3955 ut
1183 3909 1349 3956 vestro
1374 3900 1618 3956 instinctu
1658 3917 1689 3954 a
1727 3901 1839 3971 ﬁlio
1860 3910 2026 3955 vestro
2071 3900 2167 3956 db-

580 3995 721 4049 mino
750 4007 869 4067 rege
913 3994 1062 4049 nobis
1090 3994 1387 4066 dirigantur
1414 3993 1536 4048 cito.
1570 3990 1710 4045 Nam
1755 4001 1802 4046 et
1839 4003 2016 4046 nostra
2056 3992 2166 4063 ejus

580 4086 655 4139 sic
681 4083 937 4158 ﬂagitavit
956 4088 1177 4158 gloriam
1197 4088 1473 4158 suggestio,
1496 4087 1617 4157 quia
1634 4085 1848 4140 multum
1870 4085 1924 4139 in
1948 4086 2164 4141 concilio

578 4188 671 4247 pro
686 4176 1041 4251 investiganda
1054 4196 1180 4250 opus
1195 4189 1270 4233 est
1285 4181 1516 4233 veritate.
1535 4177 1591 4233 lu
1605 4178 1895 4248 exemplari
1912 4177 2164 4233 editionis

578 4268 875 4339 Bigntean‘aa
917 4271 1252 4326 bibliothecae
1280 4270 1551 4325 Vaticana":
1581 4270 1646 4325 ad
1676 4271 1832 4326 verba
1860 4270 2160 4327 Sint/utrius

578 4364 833 4417 examinis
860 4365 1033 4428 vestri,
1062 4363 1168 4430 vel,
1201 4371 1262 4417 ut
1289 4363 1361 4418 ibi
1392 4363 1647 4419 mendose
1673 4363 1873 4419 editum
1898 4372 1999 4431 est,
2030 4362 2160 4419 Sin-

576 4454 778 4509 taurius
793 4455 1048 4509 exanimis
1072 4454 1388 4521 vestri,nota
1421 4454 1533 4509 [τωο
1561 4469 1658 4511 ms.
1686 4455 1898 4525 appicta
1926 4454 2157 4523 legitur:

575 4547 631 4604 tu
659 4562 759 4620 qua
786 4548 853 4602 sit
881 4548 1168 4613 thesaurus,
1206 4548 1462 4603 examinis
1510 4550 1679 4615 vestri,
1732 4557 1838 4604 etc.
1872 4548 1977 4603 Sed
2028 4550 2161 4604 reti-

2354 3364 2441 3419 18.
2474 3363 2754 3419 Cellierius
2797 3372 2926 3417 tom.
2958 3358 3100 3416 XVII
3124 3361 3373 3424 advertit,
3404 3374 3714 3415 sermonem
3752 3372 3874 3414 esse

2282 3474 2389 3513 non
2413 3471 2573 3528 posse
2600 3453 2666 3509 de
2694 3453 2948 3525 episcopo
2970 3452 3108 3525 Syro
3155 3450 3220 3505 ad
3253 3451 3410 3506 iidem
3459 3449 3784 3506 catholicam
3827 3449 3875 3508 in

2279 3548 2512 3605 concilio
2558 3545 2864 3617 Hispalensi
2893 3562 2929 3600 ιι
2975 3561 3261 3607 converso,
3309 3559 3488 3613 neque
3540 3544 3715 3598 locum
3756 3558 3875 3598 esse

2278 3639 2581 3711 suspicandi
2609 3638 2927 3705 Gregorium
2969 3634 3301 3691 Sintharinm
3334 3634 3661 3708 appellatum
3701 3655 3714 3689 :
3749 3651 3873 3691 naut

2279 3730 2491 3787 Braulio
2539 3728 2607 3785 de
2630 3727 2903 3784 Sinthario
2954 3727 3212 3798 loquitur,
3263 3728 3353 3796 q‘u‘i
3410 3726 3706 3790 decoctus,
3760 3728 3875 3781 sive

2275 3824 2553 3879 convictus
2584 3820 2762 3887 luerit,
2812 3828 2918 3874 non
2944 3828 3123 3874 tamen
3152 3818 3486 3889 purificatus,
3518 3819 3629 3873 sive
3658 3817 3727 3872 ad
3777 3820 3875 3874 ho-

2274 3934 2396 3973 nam
2447 3915 2651 3987 frugem
2709 3930 3018 3972 conversus.
3058 3913 3121 3968 Si
3168 3913 3493 3978 Sintbarius,
3546 3913 3725 3979 addit,
3788 3923 3867 3970 est

2273 4009 2560 4077 Suinthila,
2586 4024 2679 4063 rex
2705 4006 3007 4063 Gothorum
3040 4006 3410 4074 intelliguntur
3426 4005 3558 4060 Acta
3581 4019 3701 4060 esse
3731 4022 3868 4061 con-

2272 4101 2379 4158 cilii
2409 4098 2655 4155 Toletani
2679 4115 2762 4165 tv,
2796 4100 2847 4153 in
2893 4113 3001 4167 quo
3049 4095 3316 4150 Suinthila
3363 4095 3708 4150 anathemate
3753 4111 3875 4168 pcr-

2270 4196 2450 4253 culsus
2478 4193 2595 4249 fuit.
2624 4190 2773 4247 Hanc
2819 4190 3180 4261 suspicionem
3236 4203 3356 4243 cum
3408 4189 3531 4255 alia,
3574 4196 3686 4242 tum
3740 4188 3873 4243 ratio

2270 4288 2527 4359 temporis
2549 4285 2803 4343 excludit.
2822 4284 3013 4339 Verius
3026 4283 3171 4340 credi
3189 4290 3388 4353 potest,
3413 4282 3747 4337 Sintbarium
3783 4298 3874 4337 vo-

2269 4391 2447 4437 catum
2481 4381 2791 4451 episcopum
2822 4378 2970 4431 illum
2994 4376 3423 4441 Cordubenscm,
3456 4374 3522 4429 de
3568 4390 3676 4444 quo
3698 4374 3871 4430 lsido-

2268 4490 2357 4529 rus
2388 4476 2440 4528 in
2464 4471 2688 4541 epistola
2719 4469 2782 4524 ad
2814 4467 3109 4524 lielladium
3135 4467 3473 4535 T‘olctanum,
3505 4474 3861 4538 caeterosque

2271 4568 2505 4639 quicum
2530 4582 2595 4621 eo
2621 4570 2775 4619 erant
2799 4564 3015 4618 adunati
3041 4605 3055 4630 ,
3102 4562 3422 4634 cpisc0pos:
3459 4561 3696 4614 Vestram
3724 4576 3869 4615 sanc-

578 4638 814 4693 “endum
841 4646 924 4695 θεί
951 4635 1208 4693 summa
1246 4640 1519 4711 ρτορτίυιη
1554 4655 1769 4704 ηοτηθηθ
1815 4639 1956 4711 (ἶυθά
1984 4639 2163 4709 Ῥηθη-
2191 4653 2247 4716 D
2271 4635 2470 4714 litatem
2500 4658 2843 4727 deposcimus,
2870 4663 2926 4707 ut
2950 4654 3085 4708 idem
3110 4652 3283 4725 lapsus
3311 4661 3487 4706 sancto
3508 4652 3658 4705 εωιηὶ
3689 4661 3859 4706 vestro

582 4742 688 4799 que
716 4728 1041 4801 exemplaria
1072 4727 1413 4800 confirmant,
1458 4741 1511 4787 et
1538 4731 1679 4787 inter
1716 4729 1985 4801 Hispanos
2014 4732 2167 4787 inau-

582 4818 753 4876 ditum
784 4834 895 4876 non
922 4834 1063 4888 esse,
1094 4830 1159 4877 ex
1189 4823 1430 4879 conciliis
1459 4822 1904 4895 Hispaniensibus
1932 4832 2159 4879 constat.

649 4928 737 4987 15.
771 4928 1095 5003 Huiusmodi
1121 4935 1427 5003 concilium,
1474 4935 1526 4990 in
1555 4950 1665 5005 quo
1702 4933 1891 4990 Isidori
1919 4934 2164 4992 doctrina

584 5032 639 5080 et
667 5027 835 5079 virtus
880 5032 1066 5081 contra
1110 5024 1440 5083 Sintharium
1490 5030 1768 5097 tantopere
1797 5024 2022 5089 effulsit,
2057 5043 2165 5082 non

577 5113 681 5171 fuit
699 5118 846 5172 certe
873 5118 1156 5173 concilium
1174 5136 1225 5174 tv
1248 5116 1566 5174 Toletanum
1589 5132 1731 5171 anno
1761 5116 1866 5171 653
1894 5116 2164 5186 habitum;

578 5224 688 5264 non
717 5209 893 5265 solum
930 5212 1054 5281 quia
1084 5212 1137 5267 in
1165 5211 1280 5283 ejus
1306 5212 1470 5283 gestis
1500 5211 1631 5266 nihil
1668 5211 1735 5266 de
1764 5210 2040 5268 Sinthario
2088 5212 2161 5268 le-

577 5301 756 5371 gitur;
789 5298 883 5358 sed
908 5306 1068 5359 etiam
1098 5303 1224 5376 quia
1248 5302 1477 5374 epistola
1509 5299 1809 5359 Braulionis
1852 5304 2013 5375 longe
2040 5312 2167 5360 ante

579 5390 633 5448 id
657 5397 912 5467 temporis
940 5396 1139 5469 scripta
1170 5396 1363 5461 fuerat,
1390 5403 1448 5450 ut
1471 5411 1613 5450 nunc
1629 5411 1919 5467 exponam.
1938 5396 2157 5453 Braulio

580 5484 650 5541 ab
678 5483 884 5544 lsidoro
922 5490 1077 5559 petiit
1124 5488 1315 5543 librum
1346 5486 1826 5559 Etymoiogiarum,
1871 5504 2031 5559 quem
2069 5506 2164 5546 au-

578 5574 753 5636 dierat
773 5589 1219 5637 consummatum.
1251 5577 1380 5636 Post
1404 5580 1605 5649 aliquot
1634 5596 1822 5647 annos,
1850 5587 1909 5635 ut
1930 5580 2159 5649 videtur,

563 5668 796 5755 ~Braulio
826 5686 1011 5734 rursus
1033 5678 1222 5731 librum
1257 5674 1716 5751 Etymologiarum
1741 5681 2027 5751 postulavit
2056 5679 2161 5736 alia

582 5771 833 5841 epistola,
862 5789 978 5842 illiil‘
1001 5771 1177 5840 periit,
1207 5780 1267 5826 ut
1288 5772 1555 5841 colligitur
1583 5790 1652 5829 ex
1671 5774 1900 5845 epistola
1928 5774 2118 5830 Isidori
2142 5794 2156 5830 :

583 5857 720 5928 Quia
751 5871 797 5915 te
824 5861 1148 5930 incolumem,
1176 5872 1307 5930 etc.,
1334 5862 1418 5917 ubi
1443 5859 1674 5919 Isidorus
1693 5863 1767 5919 ait
1794 5882 1805 5917 :
1834 5861 1954 5920 Non
1976 5864 2053 5936 flii
2081 5865 2163 5919 di.-

2270 4760 2630 4825 prwsentatus,
2662 4751 2838 4823 agnito
2868 4767 2899 4803 a
2928 4750 3067 4805 vobis
3099 4749 3438 4820 confessionis
3482 4747 3716 4815 eloquio,
3778 4766 3863 4817 sy-

2271 4844 2448 4899 nodali
2488 4843 2743 4897 sententia
2774 4861 2805 4895 a
2853 4842 3017 4914 gradu
3040 4841 3319 4895 sacerdotii
3373 4847 3680 4911 deponatur.
3744 4837 3857 4895 Etsi

2272 4944 2449 4991 autem
2490 4931 2713 4999 Padilla,
2744 4932 2943 4990 liistor.
3001 4931 3204 4988 Eccles.
3234 4941 3373 4988 cent.
3408 4949 3499 4997 vn,
3553 4934 3599 4986 c.
3658 4930 3748 4995 52,
3806 4941 3859 4987 et

2273 5026 2559 5085 Gomezius
2588 5028 2782 5084 bravus
2812 5026 2862 5082 in
2892 5026 3069 5097 Episc.
3095 5025 3355 5092 C0rduh.,
3376 5044 3426 5097 p.
3453 5024 3543 5093 72,
3571 5026 3866 5086 vellemet]:

2275 5128 2357 5175 tcr
2384 5119 2648 5187 dubitant,
2702 5134 2768 5172 an
2801 5133 2863 5173 ea
2889 5117 3114 5187 epistola
3142 5133 3268 5172 vere
3298 5119 3367 5172 sit
3422 5116 3640 5183 Isidori,
3682 5126 3864 5177 tamen

2272 5209 2546 5266 Florczius
2574 5222 2697 5281 pag.
2727 5207 2850 5274 254,
2883 5217 3011 5264 tom.
3045 5206 3136 5275 IX,
3170 5224 3263 5263 eos
3292 5207 3508 5275 refellit,
3528 5209 3672 5279 quod
3695 5208 3863 5266 disci-

2269 5302 2471 5374 plinam
2500 5299 2920 5357 ecclesiasticam
2951 5299 3163 5354 illorum
3188 5307 3488 5370 temporum
3522 5300 3860 5370 ignorantes,

2268 5410 2385 5451 eam
2417 5393 2697 5465 epistolam
2732 5392 3017 5463 primatum
3038 5390 3290 5448 Ecclesiae
3318 5390 3593 5449 Toletanze
3624 5409 3857 5464 arguere

2269 5488 2447 5559 aliquo
2478 5488 2638 5544 modo
2678 5502 2838 5559 posse
2877 5487 3322 5543 existimaverint.
3357 5485 3723 5545 Validinribus
3773 5505 3860 5545 ar-

2268 5583 2533 5651 gumentis
2558 5581 2805 5638 eamdcm
2857 5582 3138 5652 epistolam
3197 5594 3509 5654 oppugnare
3573 5596 3859 5651 aggressus

2267 5669 2367 5727 fuit
2394 5672 2821 5741 Hernandezius,
2845 5688 2964 5742 quae
3001 5689 3122 5744 cap.
3159 5672 3226 5725 ’74
3251 5673 3611 5729 discutiemus.
3638 5668 3853 5743 Riscus,

2269 5776 2398 5823 tom.
2418 5762 2565 5820 XXX
2588 5764 2736 5836 Hisp.
2762 5765 2936 5833 Sacr.,
2967 5780 3088 5836 pag.
3110 5762 3233 5832 lSl,
3264 5766 3534 5821 existimat
3564 5765 3851 5835 epistolam

2266 5860 2562 5915 Braulionis
2609 5858 2769 5929 paulo
2797 5868 2920 5913 ante
2949 5858 3231 5914 concilium
3261 5875 3311 5913 Iv
3345 5859 3501 5930 150
3529 5855 3849 5914 Toletauum
