4048 6364
225 320 325 378 I25

1246 318 1655 378 iSlDORIANA.
1680 347 1749 358 —
1776 316 1953 383 PARS
1992 319 2034 376 1.
2081 322 2234 385 CAP.
2275 322 2442 379 XXII.

3382 328 3488 387 126

222 436 492 507 scriptam,
525 431 591 486 ad
632 434 774 502 quod
805 439 1020 507 paratus
1064 431 1276 486 Braulio
1307 431 1538 488 lectione
1584 432 1793 486 concilii
1827 439 1873 496 Α
1900 434 1952 488 in
1975 436 2210 489 universa
2240 435 2500 507 Hispania
2548 437 2793 491 vicarium
2819 438 3144 495 constituisse
3180 430 3490 511 perhibetur.

219 520 550 598 Hispalensis
576 533 763 579 contra
793 521 1107 594 Gregorium
1130 523 1390 579 accedere
1411 524 1645 580 volebat.
1667 521 1799 591 Sed,

226 632 274 678 ιι
304 622 435 683 dixi,
469 618 523 674 id
551 618 802 674 sustineri
834 619 1049 687 nequit,
1100 633 1273 689 neque
1298 619 1472 673 simile
1507 632 1640 671 vero
1698 625 1797 684 est,

216 713 561 769 Braulionem
591 714 712 782 post
743 717 822 765 tot
847 726 1016 765 annos
1042 712 1191 778 gesta
1233 710 1421 781 synodi
1470 701 1802 779 Hispalénsis

216 804 250 861 it
296 806 601 872 ignorasse,
642 810 734 855 aut
762 810 792 856 a‘
836 814 961 871 rege
992 808 1174 869 petere
1229 801 1495 856 debuisse.
1529 799 1803 870 Suspicari

216 894 435 948 demum
466 891 661 963 aliquis
692 892 879 961 possit,
909 896 976 944 an
1003 889 1215 944 Braulio
1244 907 1310 945 eo
1340 891 1557 945 nomine
1588 889 1805 944 Martia-'-

215 992 365 1051 num,
397 984 466 1040 de
494 1000 601 1054 quo
633 1001 814 1054 supra,
846 976 1249 1039 exauctoratum
1274 983 1620 1039 intellexerit.
1652 980 1805 1037 TtInc

212 1073 526 1142 conjectura
574 1074 696 1128 addi
751 1076 973 1144 poterit,
1026 1089 1123 1143 pro
1171 1074 1471 1128 Slntliarius
1512 1072 1799 1143 legendum

212 1160 535 1220 Centaurus:
568 1167 638 1221 ita
665 1167 806 1221 enim
830 1166 1086 1235 appellari
1110 1164 1355 1221 solebant
1378 1164 1685 1234 clerici,qui
1713 1179 1807 1219 cu-

212 1254 283 1309 ris
303 1256 655 1310 scecularihus
686 1256 901 1310 nimium
931 1255 1390 1310 immiscebantur.

283 1346 370 1403 19.
399 1346 459 1401 In
494 1349 717 1418 epistola
743 1349 953 1415 Isidori,
986 1364 1091 1420 qua
1124 1349 1396 1404 Braulioni
1430 1349 1720 1418 respondet
1750 1358 1804 1403 ct

211 1438 285 1492 ait
311 1453 371 1494 se
401 1440 658 1495 Codicem
688 1440 1143 1511 Etymologiarum
1174 1443 1403 1507 misisse,
1434 1442 1640 1497 scilicet
1677 1442 1804 1496 dum

208 1530 363 1588 sedes
393 1531 817 1589 Tarraconensis
840 1544 1077 1601 vacaret,
1114 1537 1333 1591 alterius
1356 1536 1566 1592 concilii
1602 1536 1804 1589 mentio

210 1627 470 1694 occurrit,
505 1628 571 1683 ad
602 1628 745 1697 quod
772 1627 1007 1684 Isidorus
1042 1636 1267 1685 vocatus
1315 1630 1505 1685 fuerat.
1540 1629 1617 1683 ita
1656 1629 1799 1683 enim

207 1715 372 1793 refert
390 1716 661 1774 Isidorus:
705 1716 828 1774 Tua:
851 1722 1144 1775 sanctitatis
1189 1720 1420 1785 epistola:
1467 1735 1549 1773 me
1585 1719 1639 1771 in
1682 1715 1805 1770 urbe

206 1808 460 1867 Toletana
486 1814 823 1868 invenerunt:
844 1831 963 1867 nam
991 1823 1247 1884 permotus
1272 1815 1470 1883 fueram
1497 1828 1656 1865 causa
1683 1826 1804 1863 con-
1842 1837 1880 1894 ﬂ

204 1906 329 1959 cilii.
372 1906 485 1962 Sed
509 1909 739 1978 quamvis
763 1908 932 1978 jussio
978 1907 1229 1976 principis
1272 1908 1325 1960 in
1368 1908 1552 1959 itinere
1580 1904 1799 1973 positum

204 2015 437 2053 remeare
456 2017 540 2053 me
563 2000 917 2054 admonuisset
941 2043 956 2067 ,
981 2018 1073 2072 ego
1097 2008 1289 2065 tamen,
1322 2001 1441 2071 quia
1467 1998 1804 2068 propinquior

205 2107 343 2143 eram
392 2092 690 2158 prtesentiae
732 2091 913 2162 ipsius,
946 2108 1098 2162 quam
1126 2089 1459 2159 regressioni,
1511 2086 1673 2141 malui
1719 2103 1805 2157 po-

206 2180 305 2233 tius
329 2196 543 2234 cursum
563 2182 764 2236 itineris
793 2198 897 2237 non
926 2182 1289 2237 intercludere.
1316 2181 1538 2235 Videtur
1557 2181 1663 2234 hoc
1682 2194 1803 2234 con-

202 2268 385 2322 cilium
413 2270 678 2325 indictum
709 2272 893 2335 tuisse,
938 2282 992 2327 et
1023 2288 1147 2327 mox
1178 2284 1531 2343 suspensum:
1576 2286 1639 2325 ac
1686 2269 1801 2325 for-

204 2364 347 2413 tasse
376 2362 526 2430 quod
560 2363 904 2432 postmodum
945 2363 1277 2419 celebratum
1320 2364 1419 2419 fuit
1457 2379 1600 2419 anno
1651 2361 1761 2416 653
1786 2404 1803 2431 ,

202 2449 411 2506 scilicet
431 2454 718 2508 concilium
748 2471 820 2509 tv.
854 2454 1191 2519 Toletanum,
1227 2464 1352 2509 ante
1376 2454 1432 2509 id
1462 2462 1682 2525 tempus
1708 2470 1805 2509 rex

202 2540 472 2597 celebrari
518 2545 780 2613 voluerat,
835 2547 980 2616 quod
1007 2547 1171 2603 certis
1220 2546 1289 2601 de
1344 2546 1521 2601 causis
1558 2546 1613 2603 in
1663 2544 1804 2601 aliud

202 2638 424 2702 tempus
474 2634 701 2690 distulit.
733 2635 790 2691 ιη
820 2636 1064 2705 ejusdem
1093 2636 1311 2691 concilii
1360 2636 1539 2691 locum
1584 2635 1804 2691 Braulio

198 2725 501 2779 convenire
528 2725 819 2792 debuerat;
870 2726 966 2782 sed
1002 2741 1127 2791 eum
1180 2742 1277 2780 rex
1306 2726 1632 2791 sententiam
1690 2741 1803 2789 utu-

200 2820 397 2878 tasset,
426 2813 682 2880 lsidorus,
712 2816 803 2885 qui
832 2816 1091 2871 Codicem
1133 2815 1596 2886 Etymologiarum
1639 2815 1805 2870 Brau-

198 2904 337 2963 lieni
356 2905 697 2967 oﬁerendum
728 2908 1009 2975 attulerat,
1049 2908 1119 2963 de
1166 2908 1360 2973 itinere
1413 2906 1482 2962 ad
1512 2907 1687 2977 ipsum
1718 2922 1805 2963 re-

198 2997 371 3059 misit.

409 3089 488 3149 ita
544 3091 686 3149 enim
737 3092 814 3146 ait
849 3109 863 3147 :
893 3091 1135 3146 Codicem
1178 3089 1631 3163 Etymologiarum
1687 3108 1802 3146 cum

347 3179 625 3243 Codicibus
654 3183 717 3237 de
744 3184 930 3239 itinere
954 3186 1247 3251 transmisi,
1276 3195 1329 3238 at
1348 3185 1469 3238 licet
1496 3184 1795 3250 inemendu-
1824 3218 1868 3274 η

205 3284 312 3337 tum
339 3278 844 3348 prwinualitudine,
887 3288 1054 3333 tamen
1102 3277 1193 3333 tibi
1214 3280 1465 3334 modoad
1512 3282 1798 3336 emendan-

206 3369 325 3431 dum
354 3378 642 3426 statuerant
663 3370 871 3440 afer-re,
902 3371 948 3425 si
975 3371 1045 3426 ad
1068 3372 1381 3427 destinatum
1400 3373 1608 3427 concilii
1630 3374 1798 3428 locum

208 3463 564 3525 pervenissent.
597 3460 879 3521 Libentius
894 3463 1127 3531 legerem
1155 3466 1513 3535 pervenis-ses;
1544 3480 1679 3519 nam
1707 3464 1799 3521 lsi-

210 3549 389 3621 tiorus,
422 3540 519 3622 qui
545 3570 751 3609 cursum
783 3553 986 3609 itineris
1006 3571 1111 3609 non
1128 3556 1415 3611 interclusit
1433 3596 1449 3622 ,
1474 3554 1797 3612 adidestina-

211 3647 323 3696 uim.
338 3643 518 3711 locum
552 3644 762 3700 videtur
784 3645 1114 3716 pervenisse,
1136 3646 1380 3715 quamvis
1400 3645 1687 3701 concilium
1708 3662 1797 3703 ce-

210 3731 465 3799 lebratum
482 3750 605 3793 non.
621 3737 801 3799 luerit.
833 3736 949 3792 Hoc
970 3737 1157 3794 lsidori
1177 3738 1245 3792 ad
1268 3740 1455 3799 urbem
1479 3737 1793 3795 Toletanam

212 3825 306 3885 iter
324 3829 391 3883 ad
417 3845 623 3887 annum
665 3828 765 3884 651
826 3829 1041 3884 circiter
1095 3826 1284 3883 referri
1335 3837 1534 3899 potest.
1583 3829 1794 3886 Braulio

210 3920 485 3983 diaconum
535 3941 693 3985 suum
763 3927 1246 3983 commendaverat
1302 3928 1370 3982 ad
1421 3928 1793 3997 episcopatum

213 4011 665 4077 Tursconensem
696 4027 826 4075 tunc
852 4028 1155 4079 vacantem.
1184 4020 1492 4089 Respondet
1523 4019 1790 4075 lsidorns:

214 4101 284 4159 De
310 4111 670 4167 constituenda
719 4121 891 4166 autent
954 4112 1194 4181 episcopo
1256 4110 1637 4167 Tarraconensi
1687 4128 1792 4166 non

214 4212 334 4267 eam,
362 4220 517 4272 quam
548 4205 717 4272 petisti
742 4246 757 4271 ,
786 4205 923 4257 sensi
952 4205 1259 4257 sententiam
1284 4204 1455 4274 regis;
1494 4208 1587 4260 sed
1612 4216 1785 4260 tamen

214 4298 257 4341 ει
276 4290 377 4355 ipse
401 4296 577 4351 adhuc
622 4294 707 4348 ubi
735 4295 922 4349 certius
962 4303 1226 4351 convertat
1256 4297 1485 4350 animum
1507 4297 1584 4351 illi
1610 4306 1784 4351 manet

217 4380 777 4454 uicerumjlorezius,
809 4398 937 4443 tom.
965 4386 1108 4443 XXV
1140 4388 1288 4459 Hisp.
1314 4405 1477 4457 sacr.,
1500 4389 1786 4446 Eusebium

217 4466 665 4542 Tarraconensem
723 4481 1023 4536 antistitem
1068 4481 1134 4535 ad
1186 4497 1386 4537 annum
1418 4483 1634 4539 circiter
1680 4481 1788 4538 632

1906 526 2109 583 Auctor
2136 526 2272 583 Vitae
2300 528 2518 600 pallium
2558 532 2613 585 et
2640 531 2901 601 primatus
2921 531 3185 588 honorem
3209 532 3415 591 Isidoro
3461 550 3495 595 a

1904 614 2165 688 Gregorio
2193 632 2507 677 conceSSum
2540 623 2842 679 conﬁrmat.
2877 625 3080 680 Anetor
3108 626 3487 685 Continuatio-

1908 708 1990 765 nis
2033 709 2495 768 Cbronicilsidori
2536 711 2628 768 lib.
2657 729 2715 769 ιιι
2752 712 3145 770 Chroulcorum
3178 716 3337 771 Luca:
3391 714 3497 773 Tu-

1906 799 2085 856 densis
2132 803 2209 858 sic
2256 804 2524 860 breviter:
2587 805 2857 860 Primitiae
2902 806 3155 877 dignitate
3203 808 3419 877 ﬂorens,
3443 817 3494 864 et

1910 889 2134 946 Romani
2159 909 2307 964 papa:
2331 892 2385 949 in
2416 892 2688 967 Hispaniis
2711 898 2844 950 vices
2872 913 3072 967 gerens.
3092 897 3284 952 Narrat
3304 899 3498 955 deinde

1909 982 2008 1036 sub
2031 980 2355 1039 Theodisclo
2387 996 2653 1055 apostata,
2684 998 2993 1043 succeSsore
3022 986 3231 1054 isidori,
3265 990 3498 1057 dignita-

1909 1082 2018 1128 tem
2050 1073 2310 1142 primatiae
2334 1076 2644 1133 translatam
2690 1076 2855 1133 fuisse
2881 1079 2947 1133 ad
2978 1078 3274 1135 Ecclesium
3332 1080 3496 1136 Telo-

1909 1171 2112 1221 tunam.

1979 1254 2031 1309 2.
2075 1255 2274 1312 Harum
2305 1272 2482 1313 rerum
2513 1264 2750 1316 omnium
2779 1272 3026 1320 auctores
3055 1266 3253 1323 saeculo
3282 1278 3371 1322 xm
3401 1278 3499 1323 an-

1888 1348 2167 1417 tiquiores
2198 1367 2302 1405 non
2333 1350 2612 1408 habemus.
2642 1352 2797 1420 Quod
2819 1357 3009 1411 attinet
3037 1357 3253 1426 quidem
3285 1358 3349 1413 ad
3378 1358 3498 1430 pal-

1910 1441 2034 1494 lium
2066 1450 2212 1497 certe
2242 1458 2307 1497 ex
2337 1445 2577 1499 moribus
2604 1448 2803 1502 nostris
2830 1456 3072 1519 tempora
3114 1451 3333 1519 antiqua
3382 1465 3499 1508 me-

1912 1534 1996 1587 tiri
2019 1549 2124 1588 non
2161 1535 2438 1591 debemus.
2472 1538 2681 1593 Nostris
2733 1539 2951 1607 quidem
2998 1540 3333 1613 temporibus
3378 1543 3499 1612 pala-

1910 1626 2037 1680 lium
2067 1630 2316 1684 omnibus
2339 1630 2755 1702 archiepiscOpis
2783 1630 3037 1687 mittitur:
3069 1632 3196 1689 olim
3228 1650 3315 1689 res
3342 1634 3498 1688 aliter

1907 1734 1967 1775 se
1991 1719 2243 1775 habebat.
2276 1721 2332 1775 S.
2365 1719 2654 1791 Gregorius
2685 1723 2903 1792 Magnus
2932 1722 2968 1778 i.
2999 1736 3072 1780 vn
3092 1764 3108 1794 ,
3138 1726 3295 1795 epist.
3328 1725 3391 1790 5,
3417 1726 3496 1780 sic

1909 1805 2139 1875 profert:
2191 1807 2377 1861 Prisca
2418 1808 2730 1862 consuetudo
2760 1808 2999 1877 obtinuit,
3044 1818 3100 1862 ut
3140 1811 3307 1865 honor
3337 1810 3487 1880 pallii

1906 1899 2008 1951 nisi
2033 1898 2354 1970 exigentibus
2379 1916 2649 1953 causarum
2677 1902 2891 1965 meritis,
2913 1911 2963 1955 et
2986 1903 3189 1972 fortiter
3208 1902 3493 1973 postulanti

1906 1988 2021 2043 dari
2048 1996 2151 2044 non
2180 1990 2380 2047 debeat.
2413 1993 2589 2062 Atque
2611 2008 2732 2047 eum
2762 1994 3025 2050 hostemin
3055 1994 3329 2066 praecipue
3351 1995 3498 2049 obti-

1904 2090 2104 2135 nebant
2132 2082 2225 2152 qui
2256 2084 2322 2137 ad
2345 2084 2528 2139 limina
2555 2085 2939 2154 Apostolorum
2958 2087 3268 2141 veniebant.
3292 2085 3497 2142 Deinde

1905 2169 2127 2240 pallium
2158 2173 2299 2228 mitti
2325 2174 2491 2245 cepit
2516 2189 2619 2245 per
2639 2176 2846 2245 legatos
2870 2177 3015 2233 sedis
3058 2176 3394 2248 apostolicae,
3428 2192 3494 2235 ae

1906 2259 2138 2333 denique
2161 2278 2261 2333 per
2284 2276 2683 2335 procuratores,
2707 2276 2769 2321 es
2801 2278 2947 2324 nunc
2976 2268 3056 2337 ﬁt,
3083 2270 3179 2339 qui
3206 2271 3487 2338 instanter,

1902 2354 2203 2423 instantius,
2231 2366 2289 2411 es
2336 2358 2710 2413 eummissum
2739 2359 2792 2413 in
2842 2360 3171 2415 consistorio
3205 2373 3236 2414 ιι
3280 2374 3496 2415 summo

1905 2446 2162 2515 pontiﬁce
2198 2464 2299 2519 pro
2343 2450 2770 2522 archiepiscopis
2824 2453 3052 2523 pallium
3103 2459 3384 2523 expetunt,
3436 2459 3499 2508 ut

1905 2552 2049 2594 nunc
2067 2553 2165 2609 pro
2193 2543 2444 2597 omnibus
2469 2544 2890 2614 archiepiscopis
2917 2545 3030 2600 ﬁeri
3056 2545 3215 2601 solet.-
3234 2545 3499 2601 Auctores

1905 2632 1999 2700 qui
2026 2632 2093 2686 de
2120 2632 2284 2702 pallio
2306 2642 2475 2703 agunt
2504 2635 2772 2690 innumeri
2795 2644 2939 2691 sunt.
2979 2635 3125 2691 Inter
3168 2637 3498 2691 recentiores

1908 2720 2081 2775 videri
2102 2732 2285 2792 potest
2313 2724 2623 2780 dissertatio
2675 2725 2736 2783 P.
2765 2725 2924 2781 Joan.
2968 2724 3222 2783 Laurenti
3270 2724 3414 2780 Berti
3444 2726 3498 2781 in

1907 2810 2022 2879 θὶυε
2051 2814 2225 2881 ντοείε
2273 2816 2582 2883 vulgaribus
2610 2831 2731 2886 pag.
2757 2816 2882 2883 2'15,
2913 2818 3145 2886 repetita
3177 2818 3230 2877 in
3288 2818 3491 2872 collec-

1909 2902 2056 2957 tione
2081 2902 2875 2969 Zaocariana‘tiisseﬂationum
2916 2908 3099 2969 Italica
3143 2910 3322 2977 lingua

1907 2992 1996 3060 l-X,
2024 3009 2147 3063 pag.
2173 2995 2313 3050 9:25:
2343 2995 2515 3068 Sopra
2546 3000 2885 3070 l’arpemento
2910 3001 3179 3071 prescritto
3206 3000 3324 3057 dell‘
3353 3006 3493 3063 antia-

1905 3087 2046 3142 cltita
2090 3088 2175 3149 del
2193 3089 2376 3159 patio,
2395 3107 2425 3144 e
2450 3107 2507 3149 sa
2527 3092 2617 3156 aid
2635 3093 2680 3149 si
2709 3092 2995 3151 concedes“
3037 3094 3085 3151 α’
3107 3093 3205 3149 soli
3229 3100 3487 3163 met-mpm

1904 3176 2055 3231 litani

1980 3268 2137 3340 Εὕα
2166 3272 2217 3324 5ο
2249 3270 2775 3337 Quamvis-uideres
2816 3274 3268 3345 metropolitonus
3315 3274 3495 3343 fuerit,

1902 3369 2065 3429 atque
2091 3362 2161 3417 ob
2198 3362 2499 3431 singularia:
2519 3365 2713 3425 marita
2735 3365 2947 3424 honore
2973 3366 3498 3437 palliidiguissimus,

1902 3463 2084 3515 tamen
2106 3456 2380 3517 nonillioo
2407 3459 2559 3528 argui
2587 3470 2740 3517 certo
2762 3469 2962 3531 potest,
2985 3476 3109 3519 eum
3138 3463 3360 3533 pallium
3382 3463 3497 3518 sive

1901 3566 1935 3609 ιι
1960 3550 2020 3606 S.
2051 3550 2331 3621 Gnegorio,
2362 3554 2478 3613 sive
2503 3554 2571 3613 alt
2594 3554 2702 3613 alio
2732 3553 2988 3624 pontiﬁce
3011 3556 3305 3627 accepisse.
3332 3555 3499 3611 Valde

1900 3644 2382 3715 tamnprnhabile
2410 3660 2625 3712 censeo,
2660 3645 2925 3703 [siderum
2951 3648 3160 3707 honore
3206 3648 3352 3718 pallii
3382 3662 3492 3705 non

1900 3733 2161 3795 caruisse.
2187 3735 2494 3805 Aliquando
2521 3736 2666 3795 enim
2686 3735 2939 3793 videntur
2959 3738 3061 3809 ipsi
3085 3737 3365 3808 pontiﬁces
3388 3737 3499 3793 Ro-

1899 3828 2299 3896 ιιιιιιιὶνιιιιιιίιιιιιΔ
2321 3829 2533 3885 misisse
2560 3830 2725 3886 etiam
2751 3845 2859 3886 non
2888 3832 3222 3901 petentibus,
3250 3832 3297 3888 si
3327 3831 3495 3887 aliun-

1900 3916 1969 3973 de
2015 3920 2221 3975 eximia
2256 3922 2515 3977 virtutum
2568 3930 2625 3977 et
2652 3922 2914 3979 doctrinm
2964 3923 3123 3979 laude
3159 3924 3481 3979 eminerent.

1896 4007 2188 4078 Gregorius
2212 4008 2465 4079 Magnus,
2487 4022 2609 4067 cum
2651 4010 2871 4080 pallium
2911 4011 3158 4066 Leandro
3190 4012 3352 4075 misit,
3386 4025 3482 4080 pe-

1896 4099 2102 4157 titionis
2118 4117 2230 4159 non
2248 4100 2514 4169 meminit,
2542 4101 2581 4157 l.
2627 4112 2717 4167 ru,
2759 4102 2918 4170 epist.
2953 4098 3057 4161 126
3090 4120 3102 4157 :
3137 4100 3401 4163 Prwterea
3427 4118 3493 4157 ea:

1894 4193 2247 4251 benedictione
2271 4192 2405 4249 beati
2438 4194 2581 4251 Patri
2604 4194 2959 4265 apostolorum
2986 4195 3235 4266 principis
3273 4194 3489 4264 pallium

1892 4284 2032 4345 vobis
2074 4286 2475 4351 transmisimus,
2504 4286 2575 4341 ad
2598 4285 2710 4341 sola
2745 4286 3019 4345 missarum
3058 4285 3308 4341 solemnia
3339 4294 3490 4338 uten-

1891 4379 2032 4439 dum.
2084 4377 2201 4443 Quo
2258 4380 2598 4445 transmisso,
2647 4378 2797 4434 ualde
2852 4378 3043 4445 debui,
3091 4378 3313 4449 qualiter
3354 4376 3496 4432 uobis

1890 4479 2022 4525 esset
2041 4470 2333 4538 uiuendum,
2363 4471 2681 4535 «timenem;
2708 4472 2800 4531 sed
2847 4471 3159 4527 locutionem
3188 4470 3452 4538 utppn'mo
3472 4503 3489 4529 ν

218 4558 365 4623 fuisse
418 4570 680 4641 conjicit;
732 4572 823 4627 cui
868 4586 1012 4628 anno
1041 4571 1145 4627 655
1190 4573 1309 4639 jam
1345 4574 1535 4630 Audax
1573 4589 1786 4631 succes-

1903 4566 2014 4634 quia
2039 4563 2192 4621 verba
2216 4564 2445 4621 moribus
2490 4567 2722 4621 anteitis.
2754 4563 2822 4618 Et
2860 4566 2914 4619 in
2929 4565 3091 4634 epist.
3143 4579 3259 4632 seq.
3288 4564 3355 4623 ad
3391 4564 3494 4619 Re-

218 4665 368 4721 serat.

363 4753 378 4764 ·
683 4757 839 4826 151
876 4752 1102 4809 CAPUT
1152 4753 1313 4815 XXII.

220 4837 533 4913 lapatium
560 4865 594 4903 α
618 4847 862 4919 pontiﬁce
904 4846 1141 4902 Romano
1189 4848 1258 4902 ad
1298 4846 1562 4905 Isidor-um
1615 4859 1791 4906 trans-

282 4939 480 4999 missum
512 4945 685 5015 fuerit.
728 4940 806 4996 An
833 4943 1110 5011 primatum
1130 4941 1422 5013 {Hispaniae
1449 4941 1688 4999 Isidorus
1715 4953 1793 4999 te-

283 5033 476 5102 nuerit,
533 5050 604 5089 an
647 5032 906 5104 pontiﬁcis
972 5031 1195 5089 Romani
1244 5034 1376 5087 uices
1431 5035 1485 5088 in
1534 5033 1793 5107 Hispania

285 5123 506 5184 gesserit.

262 5202 330 5296 .l.
365 5206 416 5263 in
440 5211 756 5269 lectionibus
794 5214 1030 5286 antiquis
1058 5211 1230 5269 Ofﬁcii
1259 5225 1571 5273 sanctorum
1591 5216 1789 5291 Hispa-

229 5301 315 5344 nue
341 5302 608 5368 asscritur,
631 5301 689 5359 S.
715 5301 1029 5374 Gregorium
1054 5303 1303 5375 Magnum
1333 5306 1655 5364 electionem
1687 5308 1791 5364 lsi-

229 5376 329 5435 dori
356 5386 404 5447 in
432 5394 751 5466 episcopum.
786 5393 1156 5466 Hispalensem
1206 5397 1576 5467 conﬁrmasse,
1629 5404 1791 5470 eique

232 5470 425 5535 Pallium
450 5483 501 5538 in
540 5485 851 5556 Hispaniam
903 5486 1129 5541 misisse.
1175 5485 1232 5541 in
1282 5486 1602 5544 lectionibus
1654 5489 1782 5546 Bre-

236 5565 366 5626 Viarii
394 5574 613 5635 Romani
640 5581 743 5636 hoc
765 5581 937 5651 ipsum
969 5581 1041 5634 ita
1088 5578 1344 5635 eﬁertur:
1381 5581 1423 5634 E
1419 5583 1608 5654 jusque
1652 5588 1788 5639 elec-

237 5653 405 5721 tionem
427 5669 484 5727 S.
516 5672 793 5744 Gregorius
824 5672 1047 5744 Magnus
1077 5676 1263 5727 nedum
1312 5653 1617 5730 auctoritate
1637 5695 1790 5749 apos-

240 5751 372 5808 tolica
391 5766 741 5841 conﬁrmasse,
767 5766 857 5821 sed
898 5776 947 5820 et
971 5766 1183 5821 electum
1215 5768 1514 5823 transmisso
1560 5766 1623 5826 de
1650 5790 1792 5828 more

241 5848 378 5909 υααία
405 5856 685 5936 άεοοιιηεε,
717 5866 837 5937 quin
867 5866 1019 5931 etiam
1059 5880 1205 5925 suum
1234 5872 1283 5919 et
1329 5867 1635 5937 upostolicw
1655 5868 1790 5924 sedis

1895 4656 2147 4711 caredum
2178 4668 2367 4725 regem
2388 4656 2657 4727 Hispaniae
2678 4673 2697 4711 :
2727 4655 3175 4717 Reuerendiosime
3193 4665 3365 4710 autem
3391 4657 3495 4727 fre.

1897 4748 1986 4812 tri,
2015 4758 2064 4801 et
2089 4750 2393 4818 coepiscopo
2422 4756 2603 4811 nostra
2632 4738 2877 4803 Leandre
2902 4745 3321 4815 palliumabeati
3349 4744 3495 4800 Petri

1895 4843 2118 4912 apostoli
2144 4843 2263 4896 sede
2292 4842 2693 4908 transmisimus,
2719 4841 2865 4913 quod:
2895 4847 2945 4897 et
2964 4839 3189 4911 antiquis
3217 4846 3495 4893 consuetu-

1897 4934 2029 5001 dini,
2058 4944 2107 4989 et
2130 4935 2319 4989 nostris
2348 4933 2596 4999 moribus,
2625 4942 2675 4991 et
2694 4932 2807 5005 ejus
2848 4932 3093 5001 bonitati,
3124 4942 3276 5003 atque
3311 4932 3490 5002 graui-

1898 5026 1993 5079 tati
2015 5025 2308 5080 debeamus.
2334 5024 2460 5080 Haec
2490 5026 2618 5080 satis
2650 5026 2898 5094 innuunt,
2923 5025 3124 5080 nullam
3152 5025 3494 5095 praecessisse

1906 5118 2133 5174 Leandri
2155 5120 2371 5175 nomine
2400 5119 2714 5189 petitionem
2740 5119 2907 5188 pallii.
2931 5117 3202 5174 Credibile
3227 5132 3356 5187 ergo
3383 5125 3487 5186 est,

1899 5206 2179 5278 Isidorum,
2212 5208 2363 5280 cujus
2387 5198 2634 5264 doctrina
2658 5251 2671 5274 ,
2698 5216 2752 5264 et
2779 5209 2900 5264 vitae
2944 5204 3202 5264 sanctitas
3247 5208 3489 5263 omnium

1899 5298 2308 5355 admirationem
2331 5300 2949 5371 exciiaverant,pallium
2975 5316 3005 5354 a
3028 5292 3275 5353 Romano
3305 5298 3485 5367 aliquo

1897 5392 2172 5464 pontiﬁce,
2199 5393 2358 5447 etiam
2389 5392 2432 5448 si
2468 5408 2576 5447 non
2606 5392 2999 5464 postulaverit,
3031 5388 3302 5445 habuisse.

1971 5478 2018 5538 1.
2060 5474 2245 5538 Potest
2266 5484 2367 5538 huc
2392 5483 2554 5538 etiam
2588 5482 2776 5538 referri
2807 5480 2949 5552 quod
2981 5482 3212 5536 concilio
3260 5475 3483 5533 Toleta-

1898 5589 1968 5628 no
1998 5589 2048 5629 tv
2081 5570 2384 5641 prml'uerit,
2433 5572 2517 5627 cui
2547 5574 2788 5644 quinque
2820 5571 2909 5626 alii
2942 5568 3341 5640 metropolitani
3393 5567 3481 5621 iu-

1900 5665 2227 5727 terfuerunt,
2273 5664 2479 5720 scilicet
2523 5663 2681 5719 Selva
2742 5659 3127 5723 Narbonensis,
3176 5659 3486 5728 Stephanus

1897 5758 2264 5823 Emeritensis,
2286 5756 2529 5813 Julianus
2555 5756 2955 5822 Brach‘areusis,
2976 5751 3155 5808 Justus
3168 5748 3461 5809 Toletanus

1900 5850 2086 5911 Audax
2115 5842 2557 5906 Tarraconensis.
2611 5846 2725 5906 Hoc
2767 5849 2938 5921 ipsum
2992 5848 3308 5918 argumento
3360 5858 3482 5906 esse
