  <div class='ocr_page' id='page_1' title='image "/cluster/home/n/w/nwhite01/storage/ocr_20150623/81/hvd.32044015469430/069.png"; bbox 0 0 4048 6364; ppageno 0'>
   <div class='ocr_carea' id='block_1_1' title="bbox 552 351 652 410">
    <p class='ocr_par' dir='ltr' id='par_1_1' title="bbox 552 351 652 410">
     <span class='ocr_line' id='line_1_1' title="bbox 552 351 652 410; baseline -0.04 0"><span class='ocrx_word' id='word_1_1' title='bbox 552 351 652 410; x_wconf 72' lang='lat'><strong>1‘27</strong></span> 
     </span>
    </p>
   </div>
   <div class='ocr_carea' id='block_1_2' title="bbox 1292 336 3093 402">
    <p class='ocr_par' dir='ltr' id='par_1_2' title="bbox 1292 336 3093 402">
     <span class='ocr_line' id='line_1_2' title="bbox 1292 336 3093 402; baseline -0.001 -1"><span class='ocrx_word' id='word_1_2' title='bbox 1292 344 1382 401; x_wconf 80' lang='lat' dir='ltr'><strong>AD</strong></span> <span class='ocrx_word' id='word_1_3' title='bbox 1421 346 1646 402; x_wconf 79' lang='lat' dir='ltr'><strong>OPERA</strong></span> <span class='ocrx_word' id='word_1_4' title='bbox 1687 347 1744 402; x_wconf 87' lang='lat' dir='ltr'><strong>S.</strong></span> <span class='ocrx_word' id='word_1_5' title='bbox 1788 336 2030 399; x_wconf 80' lang='lat' dir='ltr'><strong>ISIDORI</strong></span> <span class='ocrx_word' id='word_1_6' title='bbox 2073 339 2522 399; x_wconf 75' lang='lat' dir='ltr'><strong>HISPALENSIS</strong></span> <span class='ocrx_word' id='word_1_7' title='bbox 2562 341 3093 402; x_wconf 63' lang='lat' dir='ltr'><strong>PROLEGOMENA.</strong></span> 
     </span>
    </p>
   </div>
   <div class='ocr_carea' id='block_1_3' title="bbox 3718 346 3814 406">
    <p class='ocr_par' dir='ltr' id='par_1_3' title="bbox 3718 346 3814 406">
     <span class='ocr_line' id='line_1_3' title="bbox 3718 346 3814 406; baseline -0.021 0"><span class='ocrx_word' id='word_1_8' title='bbox 3718 346 3814 406; x_wconf 66' lang='grc' dir='ltr'><strong><em>ηε</em></strong></span> 
     </span>
    </p>
   </div>
   <div class='ocr_carea' id='block_1_4' title="bbox 545 460 3814 541">
    <p class='ocr_par' dir='ltr' id='par_1_4' title="bbox 545 460 3814 541">
     <span class='ocr_line' id='line_1_4' title="bbox 545 460 3814 541; baseline 0 -18"><span class='ocrx_word' id='word_1_9' title='bbox 545 474 746 541; x_wconf 85' lang='lat' dir='ltr'><strong>potest,</strong></span> <span class='ocrx_word' id='word_1_10' title='bbox 776 465 920 535; x_wconf 93' lang='lat' dir='ltr'><strong>quod</strong></span> <span class='ocrx_word' id='word_1_11' title='bbox 950 465 1236 537; x_wconf 77' lang='lat' dir='ltr'><strong>primatum</strong></span> <span class='ocrx_word' id='word_1_12' title='bbox 1258 461 1513 520; x_wconf 69' lang='lat' dir='ltr'><strong>Ecclesia:</strong></span> <span class='ocrx_word' id='word_1_13' title='bbox 1542 462 1788 532; x_wconf 71' lang='lat' dir='ltr'><strong>Hispana:</strong></span> <span class='ocrx_word' id='word_1_14' title='bbox 1809 460 2126 530; x_wconf 90' lang='lat' dir='ltr'><strong>obtinuerit,</strong></span> <span class='ocrx_word' id='word_1_15' title='bbox 2155 462 2208 519; x_wconf 80' lang='grc' dir='ltr'><strong>Δ</strong></span> <span class='ocrx_word' id='word_1_16' title='bbox 2234 460 2632 534; x_wconf 81' lang='lat' dir='ltr'><strong>Hispaniarum,</strong></span> <span class='ocrx_word' id='word_1_17' title='bbox 2656 474 2710 520; x_wconf 89' lang='lat' dir='ltr'><strong>et</strong></span> <span class='ocrx_word' id='word_1_18' title='bbox 2743 466 3026 520; x_wconf 84' lang='lat' dir='ltr'><strong>vicariatus</strong></span> <span class='ocrx_word' id='word_1_19' title='bbox 3057 463 3316 535; x_wconf 85' lang='lat' dir='ltr'><strong>pontiﬁcii</strong></span> <span class='ocrx_word' id='word_1_20' title='bbox 3346 467 3625 522; x_wconf 86' lang='lat' dir='ltr'><strong>honorem.</strong></span> <span class='ocrx_word' id='word_1_21' title='bbox 3664 465 3814 535; x_wconf 86' lang='lat' dir='ltr'><strong>Quod</strong></span> 
     </span>
    </p>
   </div>
   <div class='ocr_carea' id='block_1_5' title="bbox 545 553 2131 629">
    <p class='ocr_par' dir='ltr' id='par_1_5' title="bbox 545 553 2131 629">
     <span class='ocr_line' id='line_1_5' title="bbox 545 553 2131 629; baseline -0.007 -13"><span class='ocrx_word' id='word_1_22' title='bbox 545 561 798 629; x_wconf 87' lang='lat' dir='ltr'><strong>vicesque</strong></span> <span class='ocrx_word' id='word_1_23' title='bbox 831 559 1058 614; x_wconf 84' lang='lat' dir='ltr'><strong>Romani</strong></span> <span class='ocrx_word' id='word_1_24' title='bbox 1091 555 1364 628; x_wconf 84' lang='lat' dir='ltr'><strong>pontiﬁcis</strong></span> <span class='ocrx_word' id='word_1_25' title='bbox 1387 556 1632 626; x_wconf 77' lang='lat' dir='ltr'><strong>gesserit.</strong></span> <span class='ocrx_word' id='word_1_26' title='bbox 1665 553 1932 608; x_wconf 80' lang='lat' dir='ltr'><strong>Fabulosa</strong></span> <span class='ocrx_word' id='word_1_27' title='bbox 1983 561 2131 608; x_wconf 89' lang='lat' dir='ltr'><strong>certe</strong></span> 
     </span>
    </p>
   </div>
   <div class='ocr_carea' id='block_1_6' title="bbox 546 645 2130 717">
    <p class='ocr_par' dir='ltr' id='par_1_6' title="bbox 546 645 2130 717">
     <span class='ocr_line' id='line_1_6' title="bbox 546 645 2130 717; baseline -0.006 -9"><span class='ocrx_word' id='word_1_28' title='bbox 546 659 633 708; x_wconf 87' lang='lat' dir='ltr'><strong>est</strong></span> <span class='ocrx_word' id='word_1_29' title='bbox 662 651 900 705; x_wconf 85' lang='lat' dir='ltr'><strong>narratio</strong></span> <span class='ocrx_word' id='word_1_30' title='bbox 922 649 990 705; x_wconf 92' lang='lat' dir='ltr'><strong>de</strong></span> <span class='ocrx_word' id='word_1_31' title='bbox 1018 648 1364 717; x_wconf 88' lang='lat' dir='ltr'><strong>Theodisclo,</strong></span> <span class='ocrx_word' id='word_1_32' title='bbox 1388 648 1501 702; x_wconf 85' lang='lat' dir='ltr'><strong>sive</strong></span> <span class='ocrx_word' id='word_1_33' title='bbox 1533 645 1828 700; x_wconf 86' lang='lat' dir='ltr'><strong>Theodisto</strong></span> <span class='ocrx_word' id='word_1_34' title='bbox 1874 646 2130 714; x_wconf 88' lang='lat' dir='ltr'><strong>episcopo</strong></span> 
     </span>
    </p>
   </div>
   <div class='ocr_carea' id='block_1_7' title="bbox 546 737 2129 814">
    <p class='ocr_par' dir='ltr' id='par_1_7' title="bbox 546 737 2129 814">
     <span class='ocr_line' id='line_1_7' title="bbox 546 737 2129 814; baseline -0.003 -16"><span class='ocrx_word' id='word_1_35' title='bbox 546 741 867 814; x_wconf 83' lang='lat' dir='ltr'><strong>Hispalensi,</strong></span> <span class='ocrx_word' id='word_1_36' title='bbox 900 741 958 797; x_wconf 89' lang='lat' dir='ltr'><strong>S.</strong></span> <span class='ocrx_word' id='word_1_37' title='bbox 989 741 1197 807; x_wconf 90' lang='lat' dir='ltr'><strong>Isidori,</strong></span> <span class='ocrx_word' id='word_1_38' title='bbox 1223 742 1358 806; x_wconf 84' lang='lat' dir='ltr'><strong>sive,</strong></span> <span class='ocrx_word' id='word_1_39' title='bbox 1381 751 1440 796; x_wconf 95' lang='lat' dir='ltr'><strong>ut</strong></span> <span class='ocrx_word' id='word_1_40' title='bbox 1479 739 1567 794; x_wconf 85' lang='lat' dir='ltr'><strong>alii</strong></span> <span class='ocrx_word' id='word_1_41' title='bbox 1596 739 1782 794; x_wconf 88' lang='lat' dir='ltr'><strong>volunt</strong></span> <span class='ocrx_word' id='word_1_42' title='bbox 1805 779 1820 803; x_wconf 95' lang='lat'><strong>,</strong></span> <span class='ocrx_word' id='word_1_43' title='bbox 1871 737 2129 793; x_wconf 86' lang='lat' dir='ltr'><strong>Honorati</strong></span> 
     </span>
    </p>
   </div>
   <div class='ocr_carea' id='block_1_8' title="bbox 544 830 2126 906">
    <p class='ocr_par' dir='ltr' id='par_1_8' title="bbox 544 830 2126 906">
     <span class='ocr_line' id='line_1_8' title="bbox 544 830 2126 906; baseline -0.004 -16"><span class='ocrx_word' id='word_1_44' title='bbox 544 834 874 906; x_wconf 89' lang='lat' dir='ltr'><strong>Hispalensis</strong></span> <span class='ocrx_word' id='word_1_45' title='bbox 920 835 1158 903; x_wconf 86' lang='lat' dir='ltr'><strong>episcopi</strong></span> <span class='ocrx_word' id='word_1_46' title='bbox 1199 841 1321 903; x_wconf 90' lang='lat' dir='ltr'><strong>post</strong></span> <span class='ocrx_word' id='word_1_47' title='bbox 1364 832 1420 886; x_wconf 89' lang='lat' dir='ltr'><strong>S.</strong></span> <span class='ocrx_word' id='word_1_48' title='bbox 1473 830 1736 885; x_wconf 90' lang='lat' dir='ltr'><strong>Isidorum</strong></span> <span class='ocrx_word' id='word_1_49' title='bbox 1789 845 2126 895; x_wconf 83' lang='lat' dir='ltr'><strong>successore;</strong></span> 
     </span>
    </p>
   </div>
   <div class='ocr_carea' id='block_1_9' title="bbox 545 923 2131 996">
    <p class='ocr_par' dir='ltr' id='par_1_9' title="bbox 545 923 2131 996">
     <span class='ocr_line' id='line_1_9' title="bbox 545 923 2131 996; baseline -0.003 -14"><span class='ocrx_word' id='word_1_50' title='bbox 545 942 652 996; x_wconf 89' lang='lat' dir='ltr'><strong>quo</strong></span> <span class='ocrx_word' id='word_1_51' title='bbox 684 927 737 982; x_wconf 88' lang='lat' dir='ltr'><strong>in</strong></span> <span class='ocrx_word' id='word_1_52' title='bbox 764 927 1014 981; x_wconf 84' lang='lat' dir='ltr'><strong>exsilium</strong></span> <span class='ocrx_word' id='word_1_53' title='bbox 1061 925 1243 990; x_wconf 90' lang='lat' dir='ltr'><strong>misso,</strong></span> <span class='ocrx_word' id='word_1_54' title='bbox 1268 925 1499 993; x_wconf 77' lang='lat' dir='ltr'><strong>dignitas</strong></span> <span class='ocrx_word' id='word_1_55' title='bbox 1522 925 1784 995; x_wconf 88' lang='lat' dir='ltr'><strong>primatus</strong></span> <span class='ocrx_word' id='word_1_56' title='bbox 1833 940 1894 979; x_wconf 77' lang='lat' dir='ltr'><strong>ex</strong></span> <span class='ocrx_word' id='word_1_57' title='bbox 1940 923 2131 994; x_wconf 89' lang='lat' dir='ltr'><strong>Hispa-</strong></span> 
     </span>
    </p>
   </div>
   <div class='ocr_carea' id='block_1_10' title="bbox 545 1017 2131 1088">
    <p class='ocr_par' dir='ltr' id='par_1_10' title="bbox 545 1017 2131 1088">
     <span class='ocr_line' id='line_1_10' title="bbox 545 1017 2131 1088; baseline -0.003 -12"><span class='ocrx_word' id='word_1_58' title='bbox 545 1021 682 1076; x_wconf 90' lang='lat' dir='ltr'><strong>lensi</strong></span> <span class='ocrx_word' id='word_1_59' title='bbox 709 1021 774 1075; x_wconf 88' lang='lat' dir='ltr'><strong>ad</strong></span> <span class='ocrx_word' id='word_1_60' title='bbox 807 1020 1099 1076; x_wconf 72' lang='lat' dir='ltr'><strong>ECclesiam</strong></span> <span class='ocrx_word' id='word_1_61' title='bbox 1125 1019 1440 1074; x_wconf 90' lang='lat' dir='ltr'><strong>Toletanam</strong></span> <span class='ocrx_word' id='word_1_62' title='bbox 1473 1020 1732 1074; x_wconf 87' lang='lat' dir='ltr'><strong>translata</strong></span> <span class='ocrx_word' id='word_1_63' title='bbox 1766 1019 1942 1084; x_wconf 85' lang='lat' dir='ltr'><strong>fuerit,</strong></span> <span class='ocrx_word' id='word_1_64' title='bbox 1987 1017 2131 1088; x_wconf 88' lang='lat' dir='ltr'><strong>quod</strong></span> 
     </span>
    </p>
   </div>
   <div class='ocr_carea' id='block_1_11' title="bbox 545 1111 2131 1184">
    <p class='ocr_par' dir='ltr' id='par_1_11' title="bbox 545 1111 2131 1184">
     <span class='ocr_line' id='line_1_11' title="bbox 545 1111 2131 1184; baseline 0.001 -18"><span class='ocrx_word' id='word_1_65' title='bbox 545 1123 739 1182; x_wconf 76' lang='lat' dir='ltr'><strong>pncter</strong></span> <span class='ocrx_word' id='word_1_66' title='bbox 760 1111 1312 1184; x_wconf 79' lang='lat' dir='ltr'><strong>pseudo-Ildefonsum</strong></span> <span class='ocrx_word' id='word_1_67' title='bbox 1338 1113 1390 1166; x_wconf 91' lang='lat' dir='ltr'><strong>in</strong></span> <span class='ocrx_word' id='word_1_68' title='bbox 1421 1114 1831 1169; x_wconf 89' lang='lat' dir='ltr'><strong>continuatione</strong></span> <span class='ocrx_word' id='word_1_69' title='bbox 1881 1112 2131 1170; x_wconf 87' lang='lat' dir='ltr'><strong>Chronici</strong></span> 
     </span>
    </p>
   </div>
   <div class='ocr_carea' id='block_1_12' title="bbox 545 1199 2128 1274">
    <p class='ocr_par' dir='ltr' id='par_1_12' title="bbox 545 1199 2128 1274">
     <span class='ocr_line' id='line_1_12' title="bbox 545 1199 2128 1274; baseline 0.002 -18"><span class='ocrx_word' id='word_1_70' title='bbox 545 1199 736 1259; x_wconf 86' lang='lat' dir='ltr'><strong>lsidori</strong></span> <span class='ocrx_word' id='word_1_71' title='bbox 765 1205 927 1258; x_wconf 79' lang='lat' dir='ltr'><strong>refert</strong></span> <span class='ocrx_word' id='word_1_72' title='bbox 956 1204 1115 1256; x_wconf 82' lang='lat' dir='ltr'><strong>etiam</strong></span> <span class='ocrx_word' id='word_1_73' title='bbox 1149 1202 1447 1258; x_wconf 81' lang='lat' dir='ltr'><strong>Rodericus</strong></span> <span class='ocrx_word' id='word_1_74' title='bbox 1478 1204 1882 1259; x_wconf 87' lang='lat' dir='ltr'><strong>Toletanuslib.</strong></span> <span class='ocrx_word' id='word_1_75' title='bbox 1917 1221 1975 1268; x_wconf 88' lang='grc' dir='ltr'><strong>ιι,</strong></span> <span class='ocrx_word' id='word_1_76' title='bbox 2008 1221 2128 1274; x_wconf 88' lang='lat' dir='ltr'><strong>cap.</strong></span> 
     </span>
    </p>
   </div>
   <div class='ocr_carea' id='block_1_13' title="bbox 544 1293 2132 1364">
    <p class='ocr_par' dir='ltr' id='par_1_13' title="bbox 544 1293 2132 1364">
     <span class='ocr_line' id='line_1_13' title="bbox 544 1293 2132 1364; baseline 0.003 -18"><span class='ocrx_word' id='word_1_77' title='bbox 544 1295 633 1348; x_wconf 61' lang='lat' dir='ltr'><strong>Si.</strong></span> <span class='ocrx_word' id='word_1_78' title='bbox 667 1295 778 1350; x_wconf 86' lang='lat' dir='ltr'><strong>Nic.</strong></span> <span class='ocrx_word' id='word_1_79' title='bbox 814 1295 1074 1348; x_wconf 84' lang='lat' dir='ltr'><strong>Antonius</strong></span> <span class='ocrx_word' id='word_1_80' title='bbox 1109 1295 1201 1348; x_wconf 86' lang='lat' dir='ltr'><strong>lib.</strong></span> <span class='ocrx_word' id='word_1_81' title='bbox 1228 1311 1280 1360; x_wconf 96' lang='lat' dir='ltr'><strong>v,</strong></span> <span class='ocrx_word' id='word_1_82' title='bbox 1314 1311 1434 1364; x_wconf 87' lang='lat' dir='ltr'><strong>cap.</strong></span> <span class='ocrx_word' id='word_1_83' title='bbox 1466 1294 1517 1359; x_wconf 82' lang='grc'><strong>5,</strong></span> <span class='ocrx_word' id='word_1_84' title='bbox 1554 1313 1605 1349; x_wconf 90' lang='grc' dir='ltr'>ιι.</span> <span class='ocrx_word' id='word_1_85' title='bbox 1633 1295 1719 1358; x_wconf 87' lang='lat'><strong>70,</strong></span> <span class='ocrx_word' id='word_1_86' title='bbox 1747 1295 1815 1349; x_wconf 91' lang='lat' dir='ltr'><strong>de</strong></span> <span class='ocrx_word' id='word_1_87' title='bbox 1837 1294 1893 1348; x_wconf 90' lang='lat' dir='ltr'><strong>S.</strong></span> <span class='ocrx_word' id='word_1_88' title='bbox 1928 1293 2132 1351; x_wconf 85' lang='lat' dir='ltr'><strong>Isidoro</strong></span> 
     </span>
    </p>
   </div>
   <div class='ocr_carea' id='block_1_14' title="bbox 545 1387 2131 1458">
    <p class='ocr_par' dir='ltr' id='par_1_14' title="bbox 545 1387 2131 1458">
     <span class='ocr_line' id='line_1_14' title="bbox 545 1387 2131 1458; baseline 0.001 -18"><span class='ocrx_word' id='word_1_89' title='bbox 545 1387 768 1457; x_wconf 86' lang='lat' dir='ltr'><strong>loquens</strong></span> <span class='ocrx_word' id='word_1_90' title='bbox 800 1388 868 1440; x_wconf 88' lang='lat' dir='ltr'><strong>ita</strong></span> <span class='ocrx_word' id='word_1_91' title='bbox 892 1387 1086 1441; x_wconf 82' lang='lat' dir='ltr'><strong>habet:</strong></span> <span class='ocrx_word' id='word_1_92' title='bbox 1113 1387 1466 1457; x_wconf 79' lang='lat' dir='ltr'><strong>Conﬁrmasse</strong></span> <span class='ocrx_word' id='word_1_93' title='bbox 1507 1407 1621 1442; x_wconf 83' lang='lat' dir='ltr'><strong>vero</strong></span> <span class='ocrx_word' id='word_1_94' title='bbox 1673 1390 1782 1458; x_wconf 87' lang='lat' dir='ltr'><strong>ejus</strong></span> <span class='ocrx_word' id='word_1_95' title='bbox 1835 1390 1887 1440; x_wconf 85' lang='lat' dir='ltr'><strong>in</strong></span> <span class='ocrx_word' id='word_1_96' title='bbox 1935 1389 2131 1457; x_wconf 84' lang='lat' dir='ltr'><strong>episco-</strong></span> 
     </span>
    </p>
   </div>
   <div class='ocr_carea' id='block_1_15' title="bbox 541 1481 2132 1553">
    <p class='ocr_par' dir='ltr' id='par_1_15' title="bbox 541 1481 2132 1553">
     <span class='ocr_line' id='line_1_15' title="bbox 541 1481 2132 1553; baseline 0.002 -21"><span class='ocrx_word' id='word_1_97' title='bbox 541 1497 660 1550; x_wconf 91' lang='lat' dir='ltr'><strong>pum</strong></span> <span class='ocrx_word' id='word_1_98' title='bbox 689 1482 1006 1547; x_wconf 73' lang='lat' dir='ltr'><strong>electionem,</strong></span> <span class='ocrx_word' id='word_1_99' title='bbox 1039 1491 1190 1551; x_wconf 89' lang='lat' dir='ltr'><strong>atque</strong></span> <span class='ocrx_word' id='word_1_100' title='bbox 1219 1484 1453 1535; x_wconf 90' lang='lat' dir='ltr'><strong>eumdem</strong></span> <span class='ocrx_word' id='word_1_101' title='bbox 1480 1483 1532 1536; x_wconf 90' lang='lat' dir='ltr'><strong>in</strong></span> <span class='ocrx_word' id='word_1_102' title='bbox 1563 1483 1700 1536; x_wconf 86' lang='lat' dir='ltr'><strong>sedis</strong></span> <span class='ocrx_word' id='word_1_103' title='bbox 1735 1481 2032 1553; x_wconf 62' lang='lat' dir='ltr'><strong>apostolica</strong></span> <span class='ocrx_word' id='word_1_104' title='bbox 2057 1482 2132 1535; x_wconf 87' lang='lat' dir='ltr'><strong>le—</strong></span> 
     </span>
    </p>
   </div>
   <div class='ocr_carea' id='block_1_16' title="bbox 540 1573 2130 1646">
    <p class='ocr_par' dir='ltr' id='par_1_16' title="bbox 540 1573 2130 1646">
     <span class='ocr_line' id='line_1_16' title="bbox 540 1573 2130 1646; baseline 0.003 -21"><span class='ocrx_word' id='word_1_105' title='bbox 540 1581 732 1643; x_wconf 87' lang='lat' dir='ltr'><strong>gatum,</strong></span> <span class='ocrx_word' id='word_1_106' title='bbox 757 1584 804 1626; x_wconf 90' lang='lat' dir='ltr'><strong>et</strong></span> <span class='ocrx_word' id='word_1_107' title='bbox 831 1573 1107 1640; x_wconf 79' lang='lat' dir='ltr'><strong>primatem</strong></span> <span class='ocrx_word' id='word_1_108' title='bbox 1139 1591 1341 1629; x_wconf 78' lang='lat' dir='ltr'><strong>creasse</strong></span> <span class='ocrx_word' id='word_1_109' title='bbox 1365 1574 1670 1645; x_wconf 83' lang='lat' dir='ltr'><strong>Gregorium</strong></span> <span class='ocrx_word' id='word_1_110' title='bbox 1702 1595 1911 1646; x_wconf 87' lang='lat' dir='ltr'><strong>papam,</strong></span> <span class='ocrx_word' id='word_1_111' title='bbox 1937 1594 2130 1639; x_wconf 86' lang='lat' dir='ltr'><strong>vereor,</strong></span> 
     </span>
    </p>
   </div>
   <div class='ocr_carea' id='block_1_17' title="bbox 539 1668 2134 1743">
    <p class='ocr_par' dir='ltr' id='par_1_17' title="bbox 539 1668 2134 1743">
     <span class='ocr_line' id='line_1_17' title="bbox 539 1668 2134 1743; baseline 0.002 -22"><span class='ocrx_word' id='word_1_112' title='bbox 539 1684 602 1722; x_wconf 90' lang='lat' dir='ltr'><strong>ne</strong></span> <span class='ocrx_word' id='word_1_113' title='bbox 623 1668 809 1740; x_wconf 82' lang='lat' dir='ltr'><strong>absque</strong></span> <span class='ocrx_word' id='word_1_114' title='bbox 828 1669 1108 1739; x_wconf 80' lang='lat' dir='ltr'><strong>sufficienti</strong></span> <span class='ocrx_word' id='word_1_115' title='bbox 1140 1670 1478 1740; x_wconf 78' lang='lat' dir='ltr'><strong>fundamento</strong></span> <span class='ocrx_word' id='word_1_116' title='bbox 1525 1672 1579 1724; x_wconf 88' lang='lat' dir='ltr'><strong>in</strong></span> <span class='ocrx_word' id='word_1_117' title='bbox 1627 1671 1879 1726; x_wconf 83' lang='lat' dir='ltr'><strong>breviario</strong></span> <span class='ocrx_word' id='word_1_118' title='bbox 1909 1672 2134 1743; x_wconf 87' lang='lat' dir='ltr'><strong>quodam</strong></span> 
     </span>
    </p>
   </div>
   <div class='ocr_carea' id='block_1_18' title="bbox 538 1761 2129 1834">
    <p class='ocr_par' dir='ltr' id='par_1_18' title="bbox 538 1761 2129 1834">
     <span class='ocr_line' id='line_1_18' title="bbox 538 1761 2129 1834; baseline 0.003 -20"><span class='ocrx_word' id='word_1_119' title='bbox 538 1763 675 1831; x_wconf 90' lang='lat' dir='ltr'><strong>apud</strong></span> <span class='ocrx_word' id='word_1_120' title='bbox 698 1762 1024 1832; x_wconf 85' lang='lat' dir='ltr'><strong>Cajetanum,</strong></span> <span class='ocrx_word' id='word_1_121' title='bbox 1050 1780 1172 1834; x_wconf 88' lang='lat' dir='ltr'><strong>pag.</strong></span> <span class='ocrx_word' id='word_1_122' title='bbox 1211 1763 1290 1828; x_wconf 74' lang='grc'><strong>14,</strong></span> <span class='ocrx_word' id='word_1_123' title='bbox 1325 1761 1545 1817; x_wconf 78' lang='lat' dir='ltr'><strong>Gonzal.</strong></span> <span class='ocrx_word' id='word_1_124' title='bbox 1601 1767 1654 1817; x_wconf 86' lang='lat' dir='ltr'><strong>in</strong></span> <span class='ocrx_word' id='word_1_125' title='bbox 1688 1763 1899 1818; x_wconf 82' lang='lat' dir='ltr'><strong>Theatr.</strong></span> <span class='ocrx_word' id='word_1_126' title='bbox 1951 1764 2129 1833; x_wconf 83' lang='lat' dir='ltr'><strong>Ilisp.,</strong></span> 
     </span>
    </p>
   </div>
   <div class='ocr_carea' id='block_1_19' title="bbox 2237 554 3815 625">
    <p class='ocr_par' dir='ltr' id='par_1_19' title="bbox 2237 554 3815 625">
     <span class='ocr_line' id='line_1_19' title="bbox 2237 554 3815 625; baseline 0.005 -19"><span class='ocrx_word' id='word_1_127' title='bbox 2237 562 2416 608; x_wconf 89' lang='lat' dir='ltr'><strong>autem</strong></span> <span class='ocrx_word' id='word_1_128' title='bbox 2439 572 2535 625; x_wconf 89' lang='lat' dir='ltr'><strong>pro</strong></span> <span class='ocrx_word' id='word_1_129' title='bbox 2552 557 2608 610; x_wconf 93' lang='lat' dir='ltr'><strong>S.</strong></span> <span class='ocrx_word' id='word_1_130' title='bbox 2640 554 2842 610; x_wconf 88' lang='lat' dir='ltr'><strong>Isidoro</strong></span> <span class='ocrx_word' id='word_1_131' title='bbox 2867 555 3122 625; x_wconf 87' lang='lat' dir='ltr'><strong>peculiari</strong></span> <span class='ocrx_word' id='word_1_132' title='bbox 3147 557 3356 612; x_wconf 90' lang='lat' dir='ltr'><strong>ratione</strong></span> <span class='ocrx_word' id='word_1_133' title='bbox 3382 557 3604 622; x_wconf 89' lang='lat' dir='ltr'><strong>addunt,</strong></span> <span class='ocrx_word' id='word_1_134' title='bbox 3635 573 3767 612; x_wconf 86' lang='lat' dir='ltr'><strong>eum</strong></span> <span class='ocrx_word' id='word_1_135' title='bbox 3787 573 3815 614; x_wconf 74' lang='grc' dir='ltr'><strong>ι</strong></span> 
     </span>
    </p>
   </div>
   <div class='ocr_carea' id='block_1_20' title="bbox 2236 641 3815 718">
    <p class='ocr_par' dir='ltr' id='par_1_20' title="bbox 2236 641 3815 718">
     <span class='ocr_line' id='line_1_20' title="bbox 2236 641 3815 718; baseline 0.006 -23"><span class='ocrx_word' id='word_1_136' title='bbox 2236 641 2522 700; x_wconf 86' lang='lat' dir='ltr'><strong>Braulione</strong></span> <span class='ocrx_word' id='word_1_137' title='bbox 2551 646 2730 702; x_wconf 91' lang='lat' dir='ltr'><strong>vocari</strong></span> <span class='ocrx_word' id='word_1_138' title='bbox 2755 646 3107 715; x_wconf 86' lang='lat' dir='ltr'><strong>episc0porum</strong></span> <span class='ocrx_word' id='word_1_139' title='bbox 3136 663 3391 700; x_wconf 89' lang='lat' dir='ltr'><strong>summum</strong></span> <span class='ocrx_word' id='word_1_140' title='bbox 3409 647 3460 702; x_wconf 91' lang='lat' dir='ltr'><strong>in</strong></span> <span class='ocrx_word' id='word_1_141' title='bbox 3485 647 3643 703; x_wconf 89' lang='lat' dir='ltr'><strong>titulo</strong></span> <span class='ocrx_word' id='word_1_142' title='bbox 3674 649 3815 718; x_wconf 79' lang='lat' dir='ltr'><strong>epis-</strong></span> 
     </span>
    </p>
   </div>
   <div class='ocr_carea' id='block_1_21' title="bbox 2237 736 3818 808">
    <p class='ocr_par' dir='ltr' id='par_1_21' title="bbox 2237 736 3818 808">
     <span class='ocr_line' id='line_1_21' title="bbox 2237 736 3818 808; baseline 0.004 -20"><span class='ocrx_word' id='word_1_143' title='bbox 2237 736 2375 801; x_wconf 64' lang='lat' dir='ltr'><strong>tolae,</strong></span> <span class='ocrx_word' id='word_1_144' title='bbox 2406 752 2522 807; x_wconf 66' lang='lat' dir='ltr'><strong>quae</strong></span> <span class='ocrx_word' id='word_1_145' title='bbox 2555 738 2772 808; x_wconf 90' lang='lat' dir='ltr'><strong>incipit:</strong></span> <span class='ocrx_word' id='word_1_146' title='bbox 2809 737 2964 808; x_wconf 70' lang='grc'><strong>154</strong></span> <span class='ocrx_word' id='word_1_147' title='bbox 2994 737 3036 790; x_wconf 87' lang='lat'><strong><em>0</em></strong></span> <span class='ocrx_word' id='word_1_148' title='bbox 3065 739 3146 807; x_wconf 87' lang='lat' dir='ltr'><strong>pie</strong></span> <span class='ocrx_word' id='word_1_149' title='bbox 3200 739 3424 802; x_wconf 82' lang='lat' dir='ltr'><strong>domine,</strong></span> <span class='ocrx_word' id='word_1_150' title='bbox 3474 749 3578 794; x_wconf 89' lang='lat' dir='ltr'><strong>etc.</strong></span> <span class='ocrx_word' id='word_1_151' title='bbox 3600 781 3615 804; x_wconf 92' lang='lat'><strong>,</strong></span> <span class='ocrx_word' id='word_1_152' title='bbox 3646 739 3701 793; x_wconf 92' lang='lat' dir='ltr'><strong>id</strong></span> <span class='ocrx_word' id='word_1_153' title='bbox 3755 739 3818 794; x_wconf 87' lang='lat' dir='ltr'><strong>ad</strong></span> 
     </span>
    </p>
   </div>
   <div class='ocr_carea' id='block_1_22' title="bbox 2234 827 3816 902">
    <p class='ocr_par' dir='ltr' id='par_1_22' title="bbox 2234 827 3816 902">
     <span class='ocr_line' id='line_1_22' title="bbox 2234 827 3816 902; baseline 0.005 -20"><span class='ocrx_word' id='word_1_154' title='bbox 2234 827 2420 883; x_wconf 89' lang='lat' dir='ltr'><strong>lsidori</strong></span> <span class='ocrx_word' id='word_1_155' title='bbox 2460 845 2721 884; x_wconf 87' lang='lat' dir='ltr'><strong>summam</strong></span> <span class='ocrx_word' id='word_1_156' title='bbox 2771 830 2980 884; x_wconf 85' lang='lat' dir='ltr'><strong>virtutis</strong></span> <span class='ocrx_word' id='word_1_157' title='bbox 3010 831 3357 901; x_wconf 64' lang='lat' dir='ltr'><strong>scientiaeque</strong></span> <span class='ocrx_word' id='word_1_158' title='bbox 3390 832 3600 888; x_wconf 91' lang='lat' dir='ltr'><strong>laudem</strong></span> <span class='ocrx_word' id='word_1_159' title='bbox 3640 834 3816 902; x_wconf 84' lang='lat' dir='ltr'><strong>potius</strong></span> 
     </span>
    </p>
   </div>
   <div class='ocr_carea' id='block_1_23' title="bbox 2233 919 3818 994">
    <p class='ocr_par' dir='ltr' id='par_1_23' title="bbox 2233 919 3818 994">
     <span class='ocr_line' id='line_1_23' title="bbox 2233 919 3818 994; baseline 0.003 -20"><span class='ocrx_word' id='word_1_160' title='bbox 2233 919 2572 976; x_wconf 80' lang='lat' dir='ltr'><strong>referendum</strong></span> <span class='ocrx_word' id='word_1_161' title='bbox 2628 930 2729 988; x_wconf 89' lang='lat' dir='ltr'><strong>est,</strong></span> <span class='ocrx_word' id='word_1_162' title='bbox 2763 938 2921 992; x_wconf 90' lang='lat' dir='ltr'><strong>quam</strong></span> <span class='ocrx_word' id='word_1_163' title='bbox 2952 921 3019 976; x_wconf 91' lang='lat' dir='ltr'><strong>ad</strong></span> <span class='ocrx_word' id='word_1_164' title='bbox 3067 922 3381 991; x_wconf 89' lang='lat' dir='ltr'><strong>dignitatem</strong></span> <span class='ocrx_word' id='word_1_165' title='bbox 3421 924 3679 993; x_wconf 91' lang='lat' dir='ltr'><strong>aliquam,</strong></span> <span class='ocrx_word' id='word_1_166' title='bbox 3725 940 3818 994; x_wconf 88' lang='lat' dir='ltr'><strong>qua</strong></span> 
     </span>
    </p>
   </div>
   <div class='ocr_carea' id='block_1_24' title="bbox 2235 1015 3820 1086">
    <p class='ocr_par' dir='ltr' id='par_1_24' title="bbox 2235 1015 3820 1086">
     <span class='ocr_line' id='line_1_24' title="bbox 2235 1015 3820 1086; baseline 0.003 -18"><span class='ocrx_word' id='word_1_167' title='bbox 2235 1023 2458 1069; x_wconf 63' lang='lat' dir='ltr'><strong>ceteros</strong></span> <span class='ocrx_word' id='word_1_168' title='bbox 2474 1015 2754 1086; x_wconf 88' lang='lat' dir='ltr'><strong>episcopos</strong></span> <span class='ocrx_word' id='word_1_169' title='bbox 2787 1016 2993 1071; x_wconf 88' lang='lat' dir='ltr'><strong>anteire</strong></span> <span class='ocrx_word' id='word_1_170' title='bbox 3024 1016 3372 1084; x_wconf 79' lang='lat' dir='ltr'><strong>intelligatur.</strong></span> <span class='ocrx_word' id='word_1_171' title='bbox 3421 1016 3519 1071; x_wconf 87' lang='lat' dir='ltr'><strong>Vel</strong></span> <span class='ocrx_word' id='word_1_172' title='bbox 3553 1017 3721 1070; x_wconf 89' lang='lat' dir='ltr'><strong>etiam</strong></span> <span class='ocrx_word' id='word_1_173' title='bbox 3747 1017 3820 1072; x_wconf 85' lang='lat' dir='ltr'><strong>in-</strong></span> 
     </span>
    </p>
   </div>
   <div class='ocr_carea' id='block_1_25' title="bbox 2237 1108 3821 1179">
    <p class='ocr_par' dir='ltr' id='par_1_25' title="bbox 2237 1108 3821 1179">
     <span class='ocr_line' id='line_1_25' title="bbox 2237 1108 3821 1179; baseline 0.002 -17"><span class='ocrx_word' id='word_1_174' title='bbox 2237 1110 2354 1163; x_wconf 85' lang='lat' dir='ltr'><strong>nuit</strong></span> <span class='ocrx_word' id='word_1_175' title='bbox 2382 1108 2618 1175; x_wconf 85' lang='lat' dir='ltr'><strong>Braulio,</strong></span> <span class='ocrx_word' id='word_1_176' title='bbox 2645 1110 2755 1178; x_wconf 89' lang='lat' dir='ltr'><strong>jam</strong></span> <span class='ocrx_word' id='word_1_177' title='bbox 2789 1119 2897 1164; x_wconf 91' lang='lat' dir='ltr'><strong>tum</strong></span> <span class='ocrx_word' id='word_1_178' title='bbox 2925 1109 3186 1164; x_wconf 89' lang='lat' dir='ltr'><strong>Isidorum</strong></span> <span class='ocrx_word' id='word_1_179' title='bbox 3215 1110 3460 1164; x_wconf 89' lang='lat' dir='ltr'><strong>conciliis</strong></span> <span class='ocrx_word' id='word_1_180' title='bbox 3481 1125 3716 1179; x_wconf 66' lang='lat' dir='ltr'><strong>pratesse</strong></span> <span class='ocrx_word' id='word_1_181' title='bbox 3741 1126 3821 1165; x_wconf 88' lang='lat' dir='ltr'><strong>so-</strong></span> 
     </span>
    </p>
   </div>
   <div class='ocr_carea' id='block_1_26' title="bbox 2238 1200 3821 1272">
    <p class='ocr_par' dir='ltr' id='par_1_26' title="bbox 2238 1200 3821 1272">
     <span class='ocr_line' id='line_1_26' title="bbox 2238 1200 3821 1272; baseline 0.002 -19"><span class='ocrx_word' id='word_1_182' title='bbox 2238 1200 2423 1260; x_wconf 86' lang='lat' dir='ltr'><strong>litum;</strong></span> <span class='ocrx_word' id='word_1_183' title='bbox 2455 1203 2531 1256; x_wconf 91' lang='lat' dir='ltr'><strong>sic</strong></span> <span class='ocrx_word' id='word_1_184' title='bbox 2557 1203 2697 1256; x_wconf 92' lang='lat' dir='ltr'><strong>enim</strong></span> <span class='ocrx_word' id='word_1_185' title='bbox 2725 1204 2776 1256; x_wconf 92' lang='lat' dir='ltr'><strong>in</strong></span> <span class='ocrx_word' id='word_1_186' title='bbox 2807 1203 2919 1272; x_wconf 85' lang='lat' dir='ltr'><strong>ipsa</strong></span> <span class='ocrx_word' id='word_1_187' title='bbox 2953 1202 3179 1272; x_wconf 85' lang='lat' dir='ltr'><strong>epistola</strong></span> <span class='ocrx_word' id='word_1_188' title='bbox 3207 1203 3363 1258; x_wconf 87' lang='lat' dir='ltr'><strong>habet</strong></span> <span class='ocrx_word' id='word_1_189' title='bbox 3397 1221 3408 1254; x_wconf 90' lang='lat'><strong>:</strong></span> <span class='ocrx_word' id='word_1_190' title='bbox 3447 1201 3513 1255; x_wconf 85' lang='lat' dir='ltr'><strong>Et</strong></span> <span class='ocrx_word' id='word_1_191' title='bbox 3537 1203 3652 1256; x_wconf 74' lang='lat' dir='ltr'><strong>ideo</strong></span> <span class='ocrx_word' id='word_1_192' title='bbox 3677 1204 3730 1256; x_wconf 89' lang='lat' dir='ltr'><strong>in</strong></span> <span class='ocrx_word' id='word_1_193' title='bbox 3751 1219 3821 1256; x_wconf 83' lang='lat' dir='ltr'><strong>me</strong></span> 
     </span>
    </p>
   </div>
   <div class='ocr_carea' id='block_1_27' title="bbox 2236 1294 3822 1362">
    <p class='ocr_par' dir='ltr' id='par_1_27' title="bbox 2236 1294 3822 1362">
     <span class='ocr_line' id='line_1_27' title="bbox 2236 1294 3822 1362; baseline 0.001 -19"><span class='ocrx_word' id='word_1_194' title='bbox 2236 1295 2461 1362; x_wconf 89' lang='lat' dir='ltr'><strong>primum</strong></span> <span class='ocrx_word' id='word_1_195' title='bbox 2491 1294 2653 1346; x_wconf 74' lang='lat' dir='ltr'><strong>existe</strong></span> <span class='ocrx_word' id='word_1_196' title='bbox 2679 1295 2949 1361; x_wconf 73' lang='lat' dir='ltr'><strong>muniﬁcus</strong></span> <span class='ocrx_word' id='word_1_197' title='bbox 2975 1310 2992 1347; x_wconf 88' lang='lat'><strong><em>:</em></strong></span> <span class='ocrx_word' id='word_1_198' title='bbox 3023 1310 3098 1346; x_wconf 79' lang='lat' dir='ltr'><strong>sic</strong></span> <span class='ocrx_word' id='word_1_199' title='bbox 3127 1295 3180 1346; x_wconf 91' lang='lat' dir='ltr'><strong>in</strong></span> <span class='ocrx_word' id='word_1_200' title='bbox 3211 1304 3506 1348; x_wconf 88' lang='lat' dir='ltr'><strong>sanctorum</strong></span> <span class='ocrx_word' id='word_1_201' title='bbox 3535 1294 3752 1348; x_wconf 67' lang='lat' dir='ltr'><strong>coetibus</strong></span> <span class='ocrx_word' id='word_1_202' title='bbox 3780 1304 3822 1346; x_wconf 91' lang='lat' dir='ltr'><strong>et</strong></span> 
     </span>
    </p>
   </div>
   <div class='ocr_carea' id='block_1_28' title="bbox 2240 1383 3822 1455">
    <p class='ocr_par' dir='ltr' id='par_1_28' title="bbox 2240 1383 3822 1455">
     <span class='ocr_line' id='line_1_28' title="bbox 2240 1383 3822 1455; baseline 0 -19"><span class='ocrx_word' id='word_1_203' title='bbox 2240 1383 2367 1454; x_wconf 77' lang='lat' dir='ltr'><strong>felix</strong></span> <span class='ocrx_word' id='word_1_204' title='bbox 2405 1384 2640 1436; x_wconf 73' lang='lat' dir='ltr'><strong>[iubearis</strong></span> <span class='ocrx_word' id='word_1_205' title='bbox 2669 1395 2716 1436; x_wconf 92' lang='lat' dir='ltr'><strong>et</strong></span> <span class='ocrx_word' id='word_1_206' title='bbox 2739 1387 2955 1454; x_wconf 89' lang='lat' dir='ltr'><strong>primus.</strong></span> <span class='ocrx_word' id='word_1_207' title='bbox 3008 1383 3163 1438; x_wconf 84' lang='lat' dir='ltr'><strong>Gesta</strong></span> <span class='ocrx_word' id='word_1_208' title='bbox 3190 1385 3344 1438; x_wconf 78' lang='lat' dir='ltr'><strong>etiam</strong></span> <span class='ocrx_word' id='word_1_209' title='bbox 3385 1386 3585 1455; x_wconf 80' lang='lat' dir='ltr'><strong>synodi,</strong></span> <span class='ocrx_word' id='word_1_210' title='bbox 3638 1387 3691 1438; x_wconf 86' lang='lat' dir='ltr'><strong>in</strong></span> <span class='ocrx_word' id='word_1_211' title='bbox 3732 1401 3822 1454; x_wconf 77' lang='lat' dir='ltr'><strong>qua</strong></span> 
     </span>
    </p>
   </div>
   <div class='ocr_carea' id='block_1_29' title="bbox 2241 1478 3820 1549">
    <p class='ocr_par' dir='ltr' id='par_1_29' title="bbox 2241 1478 3820 1549">
     <span class='ocr_line' id='line_1_29' title="bbox 2241 1478 3820 1549; baseline 0 -18"><span class='ocrx_word' id='word_1_212' title='bbox 2241 1478 2539 1532; x_wconf 71' lang='lat' dir='ltr'><strong>Sint/larius</strong></span> <span class='ocrx_word' id='word_1_213' title='bbox 2596 1481 2851 1532; x_wconf 74' lang='lat' dir='ltr'><strong>examinis</strong></span> <span class='ocrx_word' id='word_1_214' title='bbox 2885 1481 3034 1540; x_wconf 66' lang='lat' dir='ltr'><strong>uestri</strong></span> <span class='ocrx_word' id='word_1_215' title='bbox 3065 1481 3192 1549; x_wconf 85' lang='lat' dir='ltr'><strong>igni,</strong></span> <span class='ocrx_word' id='word_1_216' title='bbox 3243 1481 3335 1532; x_wconf 85' lang='lat' dir='ltr'><strong>etsi</strong></span> <span class='ocrx_word' id='word_1_217' title='bbox 3367 1495 3467 1532; x_wconf 89' lang='lat' dir='ltr'><strong>non</strong></span> <span class='ocrx_word' id='word_1_218' title='bbox 3498 1479 3820 1547; x_wconf 83' lang='lat' dir='ltr'><strong>puriﬁcatus,</strong></span> 
     </span>
    </p>
   </div>
   <div class='ocr_carea' id='block_1_30' title="bbox 2237 1571 3824 1642">
    <p class='ocr_par' dir='ltr' id='par_1_30' title="bbox 2237 1571 3824 1642">
     <span class='ocr_line' id='line_1_30' title="bbox 2237 1571 3824 1642; baseline -0.001 -19"><span class='ocrx_word' id='word_1_219' title='bbox 2237 1572 2493 1624; x_wconf 75' lang='lat' dir='ltr'><strong>invenitur</strong></span> <span class='ocrx_word' id='word_1_220' title='bbox 2531 1579 2705 1624; x_wconf 89' lang='lat' dir='ltr'><strong>tamen</strong></span> <span class='ocrx_word' id='word_1_221' title='bbox 2728 1571 2990 1639; x_wconf 83' lang='lat' dir='ltr'><strong>decoctus,</strong></span> <span class='ocrx_word' id='word_1_222' title='bbox 3013 1589 3185 1642; x_wconf 65' lang='lat' dir='ltr'><strong>quaeso</strong></span> <span class='ocrx_word' id='word_1_223' title='bbox 3205 1614 3219 1638; x_wconf 91' lang='lat'><strong>,</strong></span> <span class='ocrx_word' id='word_1_224' title='bbox 3248 1581 3302 1624; x_wconf 87' lang='lat' dir='ltr'><strong>ut</strong></span> <span class='ocrx_word' id='word_1_225' title='bbox 3334 1582 3498 1625; x_wconf 84' lang='lat' dir='ltr'><strong>vestro</strong></span> <span class='ocrx_word' id='word_1_226' title='bbox 3521 1573 3773 1624; x_wconf 84' lang='lat' dir='ltr'><strong>instinctu</strong></span> <span class='ocrx_word' id='word_1_227' title='bbox 3797 1586 3824 1622; x_wconf 77' lang='grc' dir='ltr'><em>α</em></span> 
     </span>
    </p>
   </div>
   <div class='ocr_carea' id='block_1_31' title="bbox 2237 1660 3825 1732">
    <p class='ocr_par' dir='ltr' id='par_1_31' title="bbox 2237 1660 3825 1732">
     <span class='ocr_line' id='line_1_31' title="bbox 2237 1660 3825 1732; baseline 0.001 -19"><span class='ocrx_word' id='word_1_228' title='bbox 2237 1661 2347 1728; x_wconf 79' lang='lat' dir='ltr'><strong>ﬁlio</strong></span> <span class='ocrx_word' id='word_1_229' title='bbox 2370 1671 2534 1714; x_wconf 82' lang='lat' dir='ltr'><strong>vestro</strong></span> <span class='ocrx_word' id='word_1_230' title='bbox 2562 1661 2768 1714; x_wconf 87' lang='lat' dir='ltr'><strong>domino</strong></span> <span class='ocrx_word' id='word_1_231' title='bbox 2799 1679 2917 1732; x_wconf 82' lang='lat' dir='ltr'><strong>rege</strong></span> <span class='ocrx_word' id='word_1_232' title='bbox 2949 1660 3093 1715; x_wconf 88' lang='lat' dir='ltr'><strong>nobis</strong></span> <span class='ocrx_word' id='word_1_233' title='bbox 3117 1662 3408 1732; x_wconf 84' lang='lat' dir='ltr'><strong>dirigantur</strong></span> <span class='ocrx_word' id='word_1_234' title='bbox 3428 1660 3677 1715; x_wconf 87' lang='lat' dir='ltr'><strong>cito.Nec</strong></span> <span class='ocrx_word' id='word_1_235' title='bbox 3700 1660 3825 1714; x_wconf 83' lang='lat' dir='ltr'><strong>mul-</strong></span> 
     </span>
    </p>
   </div>
   <div class='ocr_carea' id='block_1_32' title="bbox 2240 1751 3822 1821">
    <p class='ocr_par' dir='ltr' id='par_1_32' title="bbox 2240 1751 3822 1821">
     <span class='ocr_line' id='line_1_32' title="bbox 2240 1751 3822 1821; baseline 0 -17"><span class='ocrx_word' id='word_1_236' title='bbox 2240 1759 2352 1804; x_wconf 92' lang='lat' dir='ltr'><strong>tum</strong></span> <span class='ocrx_word' id='word_1_237' title='bbox 2383 1752 2640 1806; x_wconf 78' lang='lat' dir='ltr'><strong>dissimile</strong></span> <span class='ocrx_word' id='word_1_238' title='bbox 2665 1761 2748 1806; x_wconf 83' lang='lat' dir='ltr'><strong>est</strong></span> <span class='ocrx_word' id='word_1_239' title='bbox 2776 1751 2918 1820; x_wconf 90' lang='lat' dir='ltr'><strong>quod</strong></span> <span class='ocrx_word' id='word_1_240' title='bbox 2963 1753 3012 1806; x_wconf 91' lang='lat' dir='ltr'><strong>in</strong></span> <span class='ocrx_word' id='word_1_241' title='bbox 3070 1753 3172 1805; x_wconf 84' lang='lat' dir='ltr'><strong>alia</strong></span> <span class='ocrx_word' id='word_1_242' title='bbox 3203 1752 3430 1821; x_wconf 90' lang='lat' dir='ltr'><strong>epistola</strong></span> <span class='ocrx_word' id='word_1_243' title='bbox 3463 1768 3580 1821; x_wconf 66' lang='lat' dir='ltr'><strong>quae</strong></span> <span class='ocrx_word' id='word_1_244' title='bbox 3614 1751 3822 1820; x_wconf 87' lang='lat' dir='ltr'><strong>incipit,</strong></span> 
     </span>
    </p>
   </div>
   <div class='ocr_carea' id='block_1_33' title="bbox 538 1841 2137 1924">
    <p class='ocr_par' dir='ltr' id='par_1_33' title="bbox 538 1852 2131 1924">
     <span class='ocr_line' id='line_1_33' title="bbox 538 1852 2131 1924; baseline 0.003 -19"><span class='ocrx_word' id='word_1_245' title='bbox 538 1852 826 1922; x_wconf 79' lang='lat' dir='ltr'><strong>Tamayum</strong></span> <span class='ocrx_word' id='word_1_246' title='bbox 860 1853 925 1906; x_wconf 72' lang='grc'><strong>14</strong></span> <span class='ocrx_word' id='word_1_247' title='bbox 946 1856 1097 1924; x_wconf 82' lang='lat' dir='ltr'><strong>Apr.,</strong></span> <span class='ocrx_word' id='word_1_248' title='bbox 1121 1865 1168 1907; x_wconf 87' lang='lat' dir='ltr'><strong>et</strong></span> <span class='ocrx_word' id='word_1_249' title='bbox 1189 1872 1219 1907; x_wconf 91' lang='lat' dir='ltr'><strong>a</strong></span> <span class='ocrx_word' id='word_1_250' title='bbox 1246 1853 1388 1908; x_wconf 84' lang='lat' dir='ltr'><strong>Luca</strong></span> <span class='ocrx_word' id='word_1_251' title='bbox 1419 1854 1642 1909; x_wconf 85' lang='lat' dir='ltr'><strong>Tudensi</strong></span> <span class='ocrx_word' id='word_1_252' title='bbox 1677 1854 1870 1911; x_wconf 69' lang='lat' dir='ltr'><strong>Cln&#39;on.</strong></span> <span class='ocrx_word' id='word_1_253' title='bbox 1914 1858 1949 1910; x_wconf 90' lang='lat' dir='ltr'><strong>l.</strong></span> <span class='ocrx_word' id='word_1_254' title='bbox 1977 1873 2051 1922; x_wconf 85' lang='grc' dir='ltr'><strong>ιιι,</strong></span> <span class='ocrx_word' id='word_1_255' title='bbox 2079 1859 2131 1910; x_wconf 90' lang='lat' dir='ltr'><strong>in</strong></span> 
     </span>
    </p>
   </div>
   <div class='ocr_carea' id='block_1_34' title="bbox 2245 1841 3826 1924">
    <p class='ocr_par' dir='ltr' id='par_1_34' title="bbox 2245 1841 3826 1913">
     <span class='ocr_line' id='line_1_34' title="bbox 2245 1841 3826 1913; baseline -0.001 -16"><span class='ocrx_word' id='word_1_256' title='bbox 2245 1843 2385 1897; x_wconf 83' lang='lat' dir='ltr'><strong>Solet</strong></span> <span class='ocrx_word' id='word_1_257' title='bbox 2411 1845 2617 1913; x_wconf 85' lang='lat' dir='ltr'><strong>repleri,</strong></span> <span class='ocrx_word' id='word_1_258' title='bbox 2650 1844 2722 1897; x_wconf 91' lang='lat' dir='ltr'><strong>ita</strong></span> <span class='ocrx_word' id='word_1_259' title='bbox 2749 1844 2815 1898; x_wconf 92' lang='lat' dir='ltr'><strong>de</strong></span> <span class='ocrx_word' id='word_1_260' title='bbox 2845 1842 3052 1898; x_wconf 86' lang='lat' dir='ltr'><strong>Isidoro</strong></span> <span class='ocrx_word' id='word_1_261' title='bbox 3106 1843 3319 1897; x_wconf 81' lang='lat' dir='ltr'><strong>Braulio</strong></span> <span class='ocrx_word' id='word_1_262' title='bbox 3369 1843 3637 1912; x_wconf 85' lang='lat' dir='ltr'><strong>loquitur:</strong></span> <span class='ocrx_word' id='word_1_263' title='bbox 3699 1841 3826 1910; x_wconf 81' lang='lat' dir='ltr'><strong>Spe-</strong></span> 
     </span>
    </p>
   </div>
   <div class='ocr_carea' id='block_1_35' title="bbox 537 1944 2132 2016">
    <p class='ocr_par' dir='ltr' id='par_1_35' title="bbox 537 1944 2132 2016">
     <span class='ocr_line' id='line_1_35' title="bbox 537 1944 2132 2016; baseline 0.005 -22"><span class='ocrx_word' id='word_1_264' title='bbox 537 1944 706 2012; x_wconf 87' lang='lat' dir='ltr'><strong>princ.</strong></span> <span class='ocrx_word' id='word_1_265' title='bbox 735 1955 782 1996; x_wconf 90' lang='lat' dir='ltr'><strong>et</strong></span> <span class='ocrx_word' id='word_1_266' title='bbox 812 1945 913 1998; x_wconf 88' lang='lat' dir='ltr'><strong>vita</strong></span> <span class='ocrx_word' id='word_1_267' title='bbox 944 1946 1098 2016; x_wconf 80' lang='lat'><strong>153</strong></span> <span class='ocrx_word' id='word_1_268' title='bbox 1122 1944 1316 2000; x_wconf 89' lang='lat' dir='ltr'><strong>lsidori</strong></span> <span class='ocrx_word' id='word_1_269' title='bbox 1346 1948 1595 2015; x_wconf 86' lang='lat' dir='ltr'><strong>scriptum</strong></span> <span class='ocrx_word' id='word_1_270' title='bbox 1622 1949 1706 2000; x_wconf 88' lang='lat' dir='ltr'><strong>sit.</strong></span> <span class='ocrx_word' id='word_1_271' title='bbox 1741 1947 1932 2001; x_wconf 89' lang='lat' dir='ltr'><strong>Demus</strong></span> <span class='ocrx_word' id='word_1_272' title='bbox 1963 1959 2132 2002; x_wconf 84' lang='lat' dir='ltr'><strong>tamen</strong></span> 
     </span>
    </p>
   </div>
   <div class='ocr_carea' id='block_1_36' title="bbox 538 2037 2135 2102">
    <p class='ocr_par' dir='ltr' id='par_1_36' title="bbox 538 2037 2135 2102">
     <span class='ocr_line' id='line_1_36' title="bbox 538 2037 2135 2102; baseline 0.005 -15"><span class='ocrx_word' id='word_1_273' title='bbox 538 2043 850 2102; x_wconf 87' lang='lat' dir='ltr'><strong>postremum</strong></span> <span class='ocrx_word' id='word_1_274' title='bbox 873 2037 968 2090; x_wconf 82' lang='lat' dir='ltr'><strong>hoc</strong></span> <span class='ocrx_word' id='word_1_275' title='bbox 991 2037 1260 2092; x_wconf 77' lang='lat' dir='ltr'><strong>breuiariis</strong></span> <span class='ocrx_word' id='word_1_276' title='bbox 1309 2037 1657 2102; x_wconf 81' lang='lat' dir='ltr'><strong>nostratibus,</strong></span> <span class='ocrx_word' id='word_1_277' title='bbox 1709 2050 1758 2092; x_wconf 91' lang='lat' dir='ltr'><strong>et</strong></span> <span class='ocrx_word' id='word_1_278' title='bbox 1799 2040 1966 2093; x_wconf 86' lang='lat' dir='ltr'><strong>natali</strong></span> <span class='ocrx_word' id='word_1_279' title='bbox 2023 2042 2135 2095; x_wconf 90' lang='lat' dir='ltr'><strong>loco</strong></span> 
     </span>
    </p>
   </div>
   <div class='ocr_carea' id='block_1_37' title="bbox 537 2126 2132 2200">
    <p class='ocr_par' dir='ltr' id='par_1_37' title="bbox 537 2126 2132 2200">
     <span class='ocr_line' id='line_1_37' title="bbox 537 2126 2132 2200; baseline 0.004 -20"><span class='ocrx_word' id='word_1_280' title='bbox 537 2126 770 2198; x_wconf 81' lang='lat' dir='ltr'><strong>Hispali,</strong></span> <span class='ocrx_word' id='word_1_281' title='bbox 811 2130 946 2200; x_wconf 87' lang='lat' dir='ltr'><strong>quod</strong></span> <span class='ocrx_word' id='word_1_282' title='bbox 997 2138 1048 2184; x_wconf 86' lang='lat' dir='ltr'><strong>et</strong></span> <span class='ocrx_word' id='word_1_283' title='bbox 1095 2129 1351 2184; x_wconf 85' lang='lat' dir='ltr'><strong>Baronius</strong></span> <span class='ocrx_word' id='word_1_284' title='bbox 1392 2132 1603 2184; x_wconf 85' lang='lat' dir='ltr'><strong>admisit</strong></span> <span class='ocrx_word' id='word_1_285' title='bbox 1630 2130 1700 2183; x_wconf 90' lang='lat' dir='ltr'><strong>ad</strong></span> <span class='ocrx_word' id='word_1_286' title='bbox 1759 2149 1953 2184; x_wconf 90' lang='lat' dir='ltr'><strong>annum</strong></span> <span class='ocrx_word' id='word_1_287' title='bbox 2006 2131 2132 2186; x_wconf 79' lang='lat'><strong>656.</strong></span> 
     </span>
    </p>
   </div>
   <div class='ocr_carea' id='block_1_38' title="bbox 537 2218 2135 2290">
    <p class='ocr_par' dir='ltr' id='par_1_38' title="bbox 537 2218 2135 2290">
     <span class='ocr_line' id='line_1_38' title="bbox 537 2218 2135 2290; baseline 0.004 -17"><span class='ocrx_word' id='word_1_288' title='bbox 537 2218 671 2273; x_wconf 87' lang='lat' dir='ltr'><strong>Cum</strong></span> <span class='ocrx_word' id='word_1_289' title='bbox 693 2229 872 2276; x_wconf 89' lang='lat' dir='ltr'><strong>autem</strong></span> <span class='ocrx_word' id='word_1_290' title='bbox 900 2221 1072 2277; x_wconf 88' lang='lat' dir='ltr'><strong>Nicol.</strong></span> <span class='ocrx_word' id='word_1_291' title='bbox 1101 2222 1374 2283; x_wconf 88' lang='lat' dir='ltr'><strong>Antonius</strong></span> <span class='ocrx_word' id='word_1_292' title='bbox 1403 2223 1516 2290; x_wconf 89' lang='lat' dir='ltr'><strong>agit</strong></span> <span class='ocrx_word' id='word_1_293' title='bbox 1560 2222 1626 2276; x_wconf 89' lang='lat' dir='ltr'><strong>de</strong></span> <span class='ocrx_word' id='word_1_294' title='bbox 1665 2223 1891 2290; x_wconf 87' lang='lat' dir='ltr'><strong>epistola</strong></span> <span class='ocrx_word' id='word_1_295' title='bbox 1943 2223 2135 2280; x_wconf 89' lang='lat' dir='ltr'><strong>Isidori</strong></span> 
     </span>
    </p>
   </div>
   <div class='ocr_carea' id='block_1_39' title="bbox 542 2310 2136 2384">
    <p class='ocr_par' dir='ltr' id='par_1_39' title="bbox 542 2310 2136 2384">
     <span class='ocr_line' id='line_1_39' title="bbox 542 2310 2136 2384; baseline 0.003 -20"><span class='ocrx_word' id='word_1_296' title='bbox 542 2310 610 2365; x_wconf 87' lang='lat' dir='ltr'><strong>ad</strong></span> <span class='ocrx_word' id='word_1_297' title='bbox 635 2311 934 2367; x_wconf 87' lang='lat' dir='ltr'><strong>Helladium</strong></span> <span class='ocrx_word' id='word_1_298' title='bbox 959 2323 1297 2381; x_wconf 66' lang='lat' dir='ltr'><strong>cmterosque</strong></span> <span class='ocrx_word' id='word_1_299' title='bbox 1333 2313 1618 2383; x_wconf 87' lang='lat' dir='ltr'><strong>episcopos</strong></span> <span class='ocrx_word' id='word_1_300' title='bbox 1661 2326 1782 2367; x_wconf 91' lang='lat' dir='ltr'><strong>cum</strong></span> <span class='ocrx_word' id='word_1_301' title='bbox 1814 2329 1881 2368; x_wconf 91' lang='lat' dir='ltr'><strong>eo</strong></span> <span class='ocrx_word' id='word_1_302' title='bbox 1909 2330 2136 2384; x_wconf 88' lang='lat' dir='ltr'><strong>congre-</strong></span> 
     </span>
    </p>
   </div>
   <div class='ocr_carea' id='block_1_40' title="bbox 537 2402 2132 2474">
    <p class='ocr_par' dir='ltr' id='par_1_40' title="bbox 537 2402 2132 2474">
     <span class='ocr_line' id='line_1_40' title="bbox 537 2402 2132 2474; baseline 0.003 -18"><span class='ocrx_word' id='word_1_303' title='bbox 537 2411 710 2473; x_wconf 89' lang='lat' dir='ltr'><strong>gatos,</strong></span> <span class='ocrx_word' id='word_1_304' title='bbox 737 2412 795 2457; x_wconf 91' lang='lat' dir='ltr'><strong>ut</strong></span> <span class='ocrx_word' id='word_1_305' title='bbox 843 2404 911 2459; x_wconf 91' lang='lat' dir='ltr'><strong>de</strong></span> <span class='ocrx_word' id='word_1_306' title='bbox 934 2419 1098 2459; x_wconf 90' lang='lat' dir='ltr'><strong>causa</strong></span> <span class='ocrx_word' id='word_1_307' title='bbox 1121 2403 1362 2474; x_wconf 77' lang='lat' dir='ltr'><strong>epiSCOpi</strong></span> <span class='ocrx_word' id='word_1_308' title='bbox 1405 2402 1768 2458; x_wconf 82' lang='lat' dir='ltr'><strong>Cordubensis</strong></span> <span class='ocrx_word' id='word_1_309' title='bbox 1787 2443 1802 2468; x_wconf 90' lang='lat'><strong>,</strong></span> <span class='ocrx_word' id='word_1_310' title='bbox 1831 2405 1883 2458; x_wconf 90' lang='lat' dir='ltr'><strong>in</strong></span> <span class='ocrx_word' id='word_1_311' title='bbox 1931 2405 2132 2461; x_wconf 90' lang='lat' dir='ltr'><strong>crimen</strong></span> 
     </span>
    </p>
   </div>
   <div class='ocr_carea' id='block_1_41' title="bbox 539 2493 2133 2566">
    <p class='ocr_par' dir='ltr' id='par_1_41' title="bbox 539 2493 2133 2566">
     <span class='ocr_line' id='line_1_41' title="bbox 539 2493 2133 2566; baseline 0.001 -16"><span class='ocrx_word' id='word_1_312' title='bbox 539 2496 752 2550; x_wconf 88' lang='lat' dir='ltr'><strong>carnale</strong></span> <span class='ocrx_word' id='word_1_313' title='bbox 782 2494 1025 2565; x_wconf 89' lang='lat' dir='ltr'><strong>delapsi,</strong></span> <span class='ocrx_word' id='word_1_314' title='bbox 1059 2501 1471 2566; x_wconf 86' lang='lat' dir='ltr'><strong>cognoscerent,</strong></span> <span class='ocrx_word' id='word_1_315' title='bbox 1497 2493 1644 2547; x_wconf 87' lang='lat' dir='ltr'><strong>addit</strong></span> <span class='ocrx_word' id='word_1_316' title='bbox 1674 2510 1834 2564; x_wconf 85' lang='lat' dir='ltr'><strong>posse</strong></span> <span class='ocrx_word' id='word_1_317' title='bbox 1875 2497 2000 2552; x_wconf 91' lang='lat' dir='ltr'><strong>hinc</strong></span> <span class='ocrx_word' id='word_1_318' title='bbox 2031 2497 2133 2552; x_wconf 86' lang='lat' dir='ltr'><strong>ali-</strong></span> 
     </span>
    </p>
   </div>
   <div class='ocr_carea' id='block_1_42' title="bbox 536 2585 2134 2656">
    <p class='ocr_par' dir='ltr' id='par_1_42' title="bbox 536 2585 2134 2656">
     <span class='ocr_line' id='line_1_42' title="bbox 536 2585 2134 2656; baseline 0.003 -15"><span class='ocrx_word' id='word_1_319' title='bbox 536 2587 834 2656; x_wconf 86' lang='lat' dir='ltr'><strong>quomodo</strong></span> <span class='ocrx_word' id='word_1_320' title='bbox 890 2587 1101 2656; x_wconf 88' lang='lat' dir='ltr'><strong>colligi,</strong></span> <span class='ocrx_word' id='word_1_321' title='bbox 1160 2585 1515 2656; x_wconf 89' lang='lat' dir='ltr'><strong>apostolicam</strong></span> <span class='ocrx_word' id='word_1_322' title='bbox 1576 2585 1972 2656; x_wconf 79' lang='lat' dir='ltr'><strong>delegationem</strong></span> <span class='ocrx_word' id='word_1_323' title='bbox 2019 2589 2134 2645; x_wconf 84' lang='lat' dir='ltr'><strong>sive</strong></span> 
     </span>
    </p>
   </div>
   <div class='ocr_carea' id='block_1_43' title="bbox 539 2675 1457 2749">
    <p class='ocr_par' dir='ltr' id='par_1_43' title="bbox 539 2675 1457 2749">
     <span class='ocr_line' id='line_1_43' title="bbox 539 2675 1457 2749; baseline -0.001 -17"><span class='ocrx_word' id='word_1_324' title='bbox 539 2680 787 2748; x_wconf 87' lang='lat' dir='ltr'><strong>primatis</strong></span> <span class='ocrx_word' id='word_1_325' title='bbox 805 2675 925 2749; x_wconf 87' lang='lat' dir='ltr'><strong>jura</strong></span> <span class='ocrx_word' id='word_1_326' title='bbox 951 2678 1158 2734; x_wconf 92' lang='lat' dir='ltr'><strong>Isidoro</strong></span> <span class='ocrx_word' id='word_1_327' title='bbox 1177 2692 1457 2734; x_wconf 90' lang='lat' dir='ltr'><strong>concessa.</strong></span> 
     </span>
    </p>
   </div>
   <div class='ocr_carea' id='block_1_44' title="bbox 610 2789 2135 2868">
    <p class='ocr_par' dir='ltr' id='par_1_44' title="bbox 610 2789 2135 2868">
     <span class='ocr_line' id='line_1_44' title="bbox 610 2789 2135 2868; baseline 0.005 -24"><span class='ocrx_word' id='word_1_328' title='bbox 610 2789 660 2845; x_wconf 81' lang='lat'><strong>5.</strong></span> <span class='ocrx_word' id='word_1_329' title='bbox 703 2792 844 2846; x_wconf 83' lang='lat' dir='ltr'><strong>Nihil</strong></span> <span class='ocrx_word' id='word_1_330' title='bbox 899 2789 1044 2845; x_wconf 85' lang='lat' dir='ltr'><strong>aliud</strong></span> <span class='ocrx_word' id='word_1_331' title='bbox 1089 2789 1272 2844; x_wconf 91' lang='lat' dir='ltr'><strong>habuit</strong></span> <span class='ocrx_word' id='word_1_332' title='bbox 1304 2789 1476 2844; x_wconf 88' lang='lat' dir='ltr'><strong>Nicol.</strong></span> <span class='ocrx_word' id='word_1_333' title='bbox 1508 2789 1796 2859; x_wconf 80' lang='lat' dir='ltr'><strong>Antonius,</strong></span> <span class='ocrx_word' id='word_1_334' title='bbox 1841 2794 1988 2865; x_wconf 93' lang='lat' dir='ltr'><strong>quod</strong></span> <span class='ocrx_word' id='word_1_335' title='bbox 2038 2813 2135 2868; x_wconf 90' lang='lat' dir='ltr'><strong>pro</strong></span> 
     </span>
    </p>
   </div>
   <div class='ocr_carea' id='block_1_45' title="bbox 535 2877 2132 2958">
    <p class='ocr_par' dir='ltr' id='par_1_45' title="bbox 535 2877 2132 2958">
     <span class='ocr_line' id='line_1_45' title="bbox 535 2877 2132 2958; baseline 0.002 -19"><span class='ocrx_word' id='word_1_336' title='bbox 535 2877 712 2958; x_wconf 87' lang='lat' dir='ltr'><strong>patria</strong></span> <span class='ocrx_word' id='word_1_337' title='bbox 745 2900 841 2939; x_wconf 76' lang='lat' dir='ltr'><strong>sua</strong></span> <span class='ocrx_word' id='word_1_338' title='bbox 873 2881 1078 2952; x_wconf 86' lang='lat' dir='ltr'><strong>Hispali</strong></span> <span class='ocrx_word' id='word_1_339' title='bbox 1108 2882 1394 2953; x_wconf 83' lang='lat' dir='ltr'><strong>proferret.</strong></span> <span class='ocrx_word' id='word_1_340' title='bbox 1421 2882 1489 2936; x_wconf 82' lang='lat' dir='ltr'><strong>At</strong></span> <span class='ocrx_word' id='word_1_341' title='bbox 1513 2882 1773 2941; x_wconf 87' lang='lat' dir='ltr'><strong>Baronius</strong></span> <span class='ocrx_word' id='word_1_342' title='bbox 1799 2901 1865 2940; x_wconf 83' lang='lat' dir='ltr'><strong>ex</strong></span> <span class='ocrx_word' id='word_1_343' title='bbox 1896 2889 2132 2956; x_wconf 88' lang='lat' dir='ltr'><strong>pseudo-</strong></span> 
     </span>
    </p>
   </div>
   <div class='ocr_carea' id='block_1_46' title="bbox 539 2973 2133 3034">
    <p class='ocr_par' dir='ltr' id='par_1_46' title="bbox 539 2973 2133 3034">
     <span class='ocr_line' id='line_1_46' title="bbox 539 2973 2133 3034; baseline 0.001 -2"><span class='ocrx_word' id='word_1_344' title='bbox 539 2975 813 3032; x_wconf 74' lang='lat' dir='ltr'><strong>Ildel‘onso</strong></span> <span class='ocrx_word' id='word_1_345' title='bbox 854 2975 906 3028; x_wconf 94' lang='lat' dir='ltr'><strong>in</strong></span> <span class='ocrx_word' id='word_1_346' title='bbox 947 2973 1229 3029; x_wconf 87' lang='lat' dir='ltr'><strong>Chronicis</strong></span> <span class='ocrx_word' id='word_1_347' title='bbox 1281 2973 1435 3029; x_wconf 78' lang='lat' dir='ltr'><strong>Luca:</strong></span> <span class='ocrx_word' id='word_1_348' title='bbox 1465 2973 1727 3031; x_wconf 87' lang='lat' dir='ltr'><strong>&#39;I‘udensis</strong></span> <span class='ocrx_word' id='word_1_349' title='bbox 1767 2979 2133 3034; x_wconf 85' lang='lat' dir='ltr'><strong>narrationem</strong></span> 
     </span>
    </p>
   </div>
   <div class='ocr_carea' id='block_1_47' title="bbox 539 3063 2138 3140">
    <p class='ocr_par' dir='ltr' id='par_1_47' title="bbox 539 3063 2138 3140">
     <span class='ocr_line' id='line_1_47' title="bbox 539 3063 2138 3140; baseline 0.001 -17"><span class='ocrx_word' id='word_1_350' title='bbox 539 3067 770 3137; x_wconf 82' lang='lat' dir='ltr'><strong>sumpsit</strong></span> <span class='ocrx_word' id='word_1_351' title='bbox 797 3075 906 3118; x_wconf 91' lang='lat' dir='ltr'><strong>tam</strong></span> <span class='ocrx_word' id='word_1_352' title='bbox 937 3065 1004 3118; x_wconf 92' lang='lat' dir='ltr'><strong>de</strong></span> <span class='ocrx_word' id='word_1_353' title='bbox 1027 3065 1280 3133; x_wconf 91' lang='lat' dir='ltr'><strong>primaria</strong></span> <span class='ocrx_word' id='word_1_354' title='bbox 1305 3063 1587 3136; x_wconf 87' lang='lat' dir='ltr'><strong>dignitate,</strong></span> <span class='ocrx_word' id='word_1_355' title='bbox 1628 3075 1684 3121; x_wconf 90' lang='lat' dir='ltr'><strong>et</strong></span> <span class='ocrx_word' id='word_1_356' title='bbox 1709 3065 1935 3123; x_wconf 81' lang='lat' dir='ltr'><strong>Romani</strong></span> <span class='ocrx_word' id='word_1_357' title='bbox 1959 3071 2138 3140; x_wconf 89' lang='lat' dir='ltr'><strong>ponti-</strong></span> 
     </span>
    </p>
   </div>
   <div class='ocr_carea' id='block_1_48' title="bbox 541 3153 2137 3226">
    <p class='ocr_par' dir='ltr' id='par_1_48' title="bbox 541 3153 2137 3226">
     <span class='ocr_line' id='line_1_48' title="bbox 541 3153 2137 3226; baseline 0.002 -12"><span class='ocrx_word' id='word_1_358' title='bbox 541 3159 656 3214; x_wconf 84' lang='lat' dir='ltr'><strong>ﬁcis</strong></span> <span class='ocrx_word' id='word_1_359' title='bbox 683 3156 944 3211; x_wconf 89' lang='lat' dir='ltr'><strong>vicariatu</strong></span> <span class='ocrx_word' id='word_1_360' title='bbox 973 3155 1024 3209; x_wconf 91' lang='lat' dir='ltr'><strong>in</strong></span> <span class='ocrx_word' id='word_1_361' title='bbox 1056 3153 1328 3226; x_wconf 89' lang='lat' dir='ltr'><strong>Hispania,</strong></span> <span class='ocrx_word' id='word_1_362' title='bbox 1371 3172 1537 3226; x_wconf 87' lang='lat' dir='ltr'><strong>quam</strong></span> <span class='ocrx_word' id='word_1_363' title='bbox 1563 3157 1632 3214; x_wconf 90' lang='lat' dir='ltr'><strong>de</strong></span> <span class='ocrx_word' id='word_1_364' title='bbox 1687 3163 2026 3216; x_wconf 87' lang='lat' dir='ltr'><strong>successione</strong></span> <span class='ocrx_word' id='word_1_365' title='bbox 2082 3170 2137 3217; x_wconf 90' lang='lat' dir='ltr'><strong>et</strong></span> 
     </span>
    </p>
   </div>
   <div class='ocr_carea' id='block_1_49' title="bbox 540 3244 2216 3321">
    <p class='ocr_par' dir='ltr' id='par_1_49' title="bbox 540 3244 2216 3321">
     <span class='ocr_line' id='line_1_49' title="bbox 540 3244 2216 3321; baseline 0.002 -14"><span class='ocrx_word' id='word_1_366' title='bbox 540 3247 732 3307; x_wconf 66' lang='lat' dir='ltr'><strong>haeresi</strong></span> <span class='ocrx_word' id='word_1_367' title='bbox 753 3244 1056 3302; x_wconf 89' lang='lat' dir='ltr'><strong>Theodiscli</strong></span> <span class='ocrx_word' id='word_1_368' title='bbox 1077 3285 1092 3311; x_wconf 89' lang='lat'><strong>,</strong></span> <span class='ocrx_word' id='word_1_369' title='bbox 1115 3255 1170 3301; x_wconf 94' lang='lat' dir='ltr'><strong>et</strong></span> <span class='ocrx_word' id='word_1_370' title='bbox 1194 3247 1544 3304; x_wconf 88' lang='lat' dir='ltr'><strong>translatione</strong></span> <span class='ocrx_word' id='word_1_371' title='bbox 1573 3250 1836 3320; x_wconf 78' lang='lat' dir='ltr'><strong>primaria:</strong></span> <span class='ocrx_word' id='word_1_372' title='bbox 1865 3253 2140 3321; x_wconf 86' lang='lat' dir='ltr'><strong>dignitatis</strong></span> <span class='ocrx_word' id='word_1_373' title='bbox 2168 3246 2216 3311; x_wconf 88' lang='lat' dir='ltr'><strong><em>C</em></strong></span> 
     </span>
    </p>
   </div>
   <div class='ocr_carea' id='block_1_50' title="bbox 541 3335 2141 3409">
    <p class='ocr_par' dir='ltr' id='par_1_50' title="bbox 541 3335 2141 3409">
     <span class='ocr_line' id='line_1_50' title="bbox 541 3335 2141 3409; baseline 0.003 -13"><span class='ocrx_word' id='word_1_374' title='bbox 541 3341 610 3396; x_wconf 88' lang='lat' dir='ltr'><strong>ab</strong></span> <span class='ocrx_word' id='word_1_375' title='bbox 641 3337 944 3409; x_wconf 89' lang='lat' dir='ltr'><strong>Hispalensi</strong></span> <span class='ocrx_word' id='word_1_376' title='bbox 974 3336 1042 3390; x_wconf 88' lang='lat' dir='ltr'><strong>ad</strong></span> <span class='ocrx_word' id='word_1_377' title='bbox 1071 3335 1386 3395; x_wconf 91' lang='lat' dir='ltr'><strong>Toletanam</strong></span> <span class='ocrx_word' id='word_1_378' title='bbox 1406 3339 1702 3397; x_wconf 81' lang='lat' dir='ltr'><strong>Ecclesiam</strong></span> <span class='ocrx_word' id='word_1_379' title='bbox 1730 3359 1851 3398; x_wconf 91' lang='lat' dir='ltr'><strong>cum</strong></span> <span class='ocrx_word' id='word_1_380' title='bbox 1882 3343 1996 3400; x_wconf 89' lang='lat' dir='ltr'><strong>Nic.</strong></span> <span class='ocrx_word' id='word_1_381' title='bbox 2030 3345 2141 3400; x_wconf 85' lang='lat' dir='ltr'><strong>An-</strong></span> 
     </span>
    </p>
   </div>
   <div class='ocr_carea' id='block_1_51' title="bbox 548 3430 2140 3494">
    <p class='ocr_par' dir='ltr' id='par_1_51' title="bbox 548 3430 2140 3494">
     <span class='ocr_line' id='line_1_51' title="bbox 548 3430 2140 3494; baseline 0.004 -6"><span class='ocrx_word' id='word_1_382' title='bbox 548 3433 727 3488; x_wconf 87' lang='lat' dir='ltr'><strong>tonius</strong></span> <span class='ocrx_word' id='word_1_383' title='bbox 755 3440 924 3486; x_wconf 88' lang='lat' dir='ltr'><strong>totam</strong></span> <span class='ocrx_word' id='word_1_384' title='bbox 957 3430 1026 3486; x_wconf 90' lang='lat' dir='ltr'><strong>de</strong></span> <span class='ocrx_word' id='word_1_385' title='bbox 1056 3430 1376 3490; x_wconf 90' lang='lat' dir='ltr'><strong>Theodisclo</strong></span> <span class='ocrx_word' id='word_1_386' title='bbox 1405 3435 1686 3492; x_wconf 89' lang='lat' dir='ltr'><strong>historiam</strong></span> <span class='ocrx_word' id='word_1_387' title='bbox 1715 3439 2140 3494; x_wconf 90' lang='lat' dir='ltr'><strong>commentitiam</strong></span> 
     </span>
    </p>
   </div>
   <div class='ocr_carea' id='block_1_52' title="bbox 547 3525 2142 3604">
    <p class='ocr_par' dir='ltr' id='par_1_52' title="bbox 547 3525 2142 3604">
     <span class='ocr_line' id='line_1_52' title="bbox 547 3525 2142 3604; baseline 0.003 -21"><span class='ocrx_word' id='word_1_388' title='bbox 547 3527 840 3583; x_wconf 78' lang='lat' dir='ltr'><strong>existimet.</strong></span> <span class='ocrx_word' id='word_1_389' title='bbox 868 3525 1000 3580; x_wconf 70' lang='lat' dir='ltr'><strong>Ila&#39;c</strong></span> <span class='ocrx_word' id='word_1_390' title='bbox 1033 3525 1306 3595; x_wconf 87' lang='lat' dir='ltr'><strong>Tudensis,</strong></span> <span class='ocrx_word' id='word_1_391' title='bbox 1334 3529 1505 3599; x_wconf 91' lang='lat' dir='ltr'><strong>inquit</strong></span> <span class='ocrx_word' id='word_1_392' title='bbox 1544 3531 1839 3597; x_wconf 90' lang='lat' dir='ltr'><strong>Baronius,</strong></span> <span class='ocrx_word' id='word_1_393' title='bbox 1870 3549 2017 3604; x_wconf 83' lang='lat' dir='ltr'><strong>quem</strong></span> <span class='ocrx_word' id='word_1_394' title='bbox 2049 3549 2142 3587; x_wconf 78' lang='lat' dir='ltr'><strong>ex-</strong></span> 
     </span>
    </p>
   </div>
   <div class='ocr_carea' id='block_1_53' title="bbox 547 3619 2142 3689">
    <p class='ocr_par' dir='ltr' id='par_1_53' title="bbox 547 3619 2142 3689">
     <span class='ocr_line' id='line_1_53' title="bbox 547 3619 2142 3689; baseline 0.004 -16"><span class='ocrx_word' id='word_1_395' title='bbox 547 3619 791 3687; x_wconf 85' lang='lat' dir='ltr'><strong>scriptum</strong></span> <span class='ocrx_word' id='word_1_396' title='bbox 817 3634 880 3672; x_wconf 77' lang='lat' dir='ltr'><strong>ex</strong></span> <span class='ocrx_word' id='word_1_397' title='bbox 911 3627 1181 3689; x_wconf 82' lang='lat' dir='ltr'><strong>prototypo</strong></span> <span class='ocrx_word' id='word_1_398' title='bbox 1209 3619 1354 3675; x_wconf 89' lang='lat' dir='ltr'><strong>nobis</strong></span> <span class='ocrx_word' id='word_1_399' title='bbox 1401 3625 1651 3678; x_wconf 83' lang='lat' dir='ltr'><strong>concessit</strong></span> <span class='ocrx_word' id='word_1_400' title='bbox 1694 3622 2013 3680; x_wconf 85' lang='lat' dir='ltr'><strong>Franciscus</strong></span> <span class='ocrx_word' id='word_1_401' title='bbox 2043 3625 2142 3680; x_wconf 81' lang='lat' dir='ltr'><strong>Pe-</strong></span> 
     </span>
    </p>
   </div>
   <div class='ocr_carea' id='block_1_54' title="bbox 553 3711 2143 3780">
    <p class='ocr_par' dir='ltr' id='par_1_54' title="bbox 553 3711 2143 3780">
     <span class='ocr_line' id='line_1_54' title="bbox 553 3711 2143 3780; baseline 0.006 -16"><span class='ocrx_word' id='word_1_402' title='bbox 553 3729 653 3780; x_wconf 87' lang='lat' dir='ltr'><strong>gna</strong></span> <span class='ocrx_word' id='word_1_403' title='bbox 692 3713 791 3764; x_wconf 89' lang='lat' dir='ltr'><strong>mei</strong></span> <span class='ocrx_word' id='word_1_404' title='bbox 831 3711 1218 3768; x_wconf 85' lang='lat' dir='ltr'><strong>amantissimus</strong></span> <span class='ocrx_word' id='word_1_405' title='bbox 1248 3725 1373 3768; x_wconf 71' lang='lat' dir='ltr'><strong>rota:</strong></span> <span class='ocrx_word' id='word_1_406' title='bbox 1414 3717 1640 3772; x_wconf 84' lang='lat' dir='ltr'><strong>auditor.</strong></span> <span class='ocrx_word' id='word_1_407' title='bbox 1671 3717 1936 3774; x_wconf 74' lang='lat' dir='ltr'><strong>Batonius</strong></span> <span class='ocrx_word' id='word_1_408' title='bbox 1984 3727 2143 3774; x_wconf 88' lang='lat' dir='ltr'><strong>vocat</strong></span> 
     </span>
    </p>
   </div>
   <div class='ocr_carea' id='block_1_55' title="bbox 552 3800 2133 3875">
    <p class='ocr_par' dir='ltr' id='par_1_55' title="bbox 552 3800 2133 3875">
     <span class='ocr_line' id='line_1_55' title="bbox 552 3800 2133 3875; baseline 0.004 -21"><span class='ocrx_word' id='word_1_409' title='bbox 552 3800 912 3866; x_wconf 76' lang='lat' dir='ltr'><strong>Tlieodiscum,</strong></span> <span class='ocrx_word' id='word_1_410' title='bbox 935 3812 988 3856; x_wconf 88' lang='lat' dir='ltr'><strong>et</strong></span> <span class='ocrx_word' id='word_1_411' title='bbox 1006 3805 1166 3860; x_wconf 88' lang='lat' dir='ltr'><strong>verba</strong></span> <span class='ocrx_word' id='word_1_412' title='bbox 1188 3805 1255 3860; x_wconf 88' lang='lat' dir='ltr'><strong>de</strong></span> <span class='ocrx_word' id='word_1_413' title='bbox 1284 3806 1516 3875; x_wconf 87' lang='lat' dir='ltr'><strong>primatu</strong></span> <span class='ocrx_word' id='word_1_414' title='bbox 1536 3805 1723 3863; x_wconf 87' lang='lat' dir='ltr'><strong>Isidori</strong></span> <span class='ocrx_word' id='word_1_415' title='bbox 1738 3809 1815 3866; x_wconf 91' lang='lat' dir='ltr'><strong>sic</strong></span> <span class='ocrx_word' id='word_1_416' title='bbox 1841 3807 2096 3864; x_wconf 77' lang='lat' dir='ltr'><strong>exscribit</strong></span> <span class='ocrx_word' id='word_1_417' title='bbox 2120 3825 2133 3860; x_wconf 92' lang='lat'><strong>:</strong></span> 
     </span>
    </p>
   </div>
   <div class='ocr_carea' id='block_1_56' title="bbox 549 3894 2142 3972">
    <p class='ocr_par' dir='ltr' id='par_1_56' title="bbox 549 3894 2142 3972">
     <span class='ocr_line' id='line_1_56' title="bbox 549 3894 2142 3972; baseline 0.003 -22"><span class='ocrx_word' id='word_1_418' title='bbox 549 3894 812 3950; x_wconf 86' lang='lat' dir='ltr'><strong>Primaria</strong></span> <span class='ocrx_word' id='word_1_419' title='bbox 838 3895 1090 3965; x_wconf 83' lang='lat' dir='ltr'><strong>dignitate</strong></span> <span class='ocrx_word' id='word_1_420' title='bbox 1115 3899 1327 3968; x_wconf 79' lang='lat' dir='ltr'><strong>florens,</strong></span> <span class='ocrx_word' id='word_1_421' title='bbox 1357 3909 1406 3954; x_wconf 88' lang='lat' dir='ltr'><strong>et</strong></span> <span class='ocrx_word' id='word_1_422' title='bbox 1431 3898 1658 3956; x_wconf 85' lang='lat' dir='ltr'><strong>Romani</strong></span> <span class='ocrx_word' id='word_1_423' title='bbox 1683 3918 1834 3972; x_wconf 78' lang='lat' dir='ltr'><strong>papa:</strong></span> <span class='ocrx_word' id='word_1_424' title='bbox 1861 3903 1916 3956; x_wconf 89' lang='lat' dir='ltr'><strong>in</strong></span> <span class='ocrx_word' id='word_1_425' title='bbox 1942 3901 2142 3971; x_wconf 80' lang='lat' dir='ltr'><strong>Hispa-</strong></span> 
     </span>
    </p>
   </div>
   <div class='ocr_carea' id='block_1_57' title="bbox 550 3984 2139 4064">
    <p class='ocr_par' dir='ltr' id='par_1_57' title="bbox 550 3984 2139 4064">
     <span class='ocr_line' id='line_1_57' title="bbox 550 3984 2139 4064; baseline 0.003 -23"><span class='ocrx_word' id='word_1_426' title='bbox 550 3988 636 4041; x_wconf 90' lang='lat' dir='ltr'><strong>nia</strong></span> <span class='ocrx_word' id='word_1_427' title='bbox 667 3984 820 4038; x_wconf 80' lang='lat' dir='ltr'><strong>vicem</strong></span> <span class='ocrx_word' id='word_1_428' title='bbox 852 4002 1051 4055; x_wconf 89' lang='lat' dir='ltr'><strong>gerens.</strong></span> <span class='ocrx_word' id='word_1_429' title='bbox 1074 3989 1139 4045; x_wconf 87' lang='lat' dir='ltr'><strong>Et</strong></span> <span class='ocrx_word' id='word_1_430' title='bbox 1169 4000 1393 4061; x_wconf 84' lang='lat' dir='ltr'><strong>postea:</strong></span> <span class='ocrx_word' id='word_1_431' title='bbox 1429 3991 1572 4046; x_wconf 86' lang='lat' dir='ltr'><strong>Tunc</strong></span> <span class='ocrx_word' id='word_1_432' title='bbox 1616 3995 1861 4063; x_wconf 86' lang='lat' dir='ltr'><strong>temporis</strong></span> <span class='ocrx_word' id='word_1_433' title='bbox 1909 3993 2139 4064; x_wconf 88' lang='lat' dir='ltr'><strong>dignitas</strong></span> 
     </span>
    </p>
   </div>
   <div class='ocr_carea' id='block_1_58' title="bbox 549 4076 2141 4147">
    <p class='ocr_par' dir='ltr' id='par_1_58' title="bbox 549 4076 2141 4147">
     <span class='ocr_line' id='line_1_58' title="bbox 549 4076 2141 4147; baseline 0.005 -17"><span class='ocrx_word' id='word_1_434' title='bbox 549 4076 798 4147; x_wconf 88' lang='lat' dir='ltr'><strong>primatus</strong></span> <span class='ocrx_word' id='word_1_435' title='bbox 829 4079 1084 4134; x_wconf 88' lang='lat' dir='ltr'><strong>translata</strong></span> <span class='ocrx_word' id='word_1_436' title='bbox 1114 4091 1191 4136; x_wconf 88' lang='lat' dir='ltr'><strong>est</strong></span> <span class='ocrx_word' id='word_1_437' title='bbox 1215 4083 1284 4136; x_wconf 88' lang='lat' dir='ltr'><strong>ad</strong></span> <span class='ocrx_word' id='word_1_438' title='bbox 1313 4081 1604 4138; x_wconf 81' lang='lat' dir='ltr'><strong>Ecclesium</strong></span> <span class='ocrx_word' id='word_1_439' title='bbox 1636 4083 1960 4138; x_wconf 86' lang='lat' dir='ltr'><strong>Toletanam.</strong></span> <span class='ocrx_word' id='word_1_440' title='bbox 1988 4082 2141 4138; x_wconf 83' lang='lat' dir='ltr'><strong>Hanc</strong></span> 
     </span>
    </p>
   </div>
   <div class='ocr_carea' id='block_1_59' title="bbox 549 4168 2139 4247">
    <p class='ocr_par' dir='ltr' id='par_1_59' title="bbox 549 4168 2139 4247">
     <span class='ocr_line' id='line_1_59' title="bbox 549 4168 2139 4247; baseline 0.007 -26"><span class='ocrx_word' id='word_1_441' title='bbox 549 4168 722 4238; x_wconf 89' lang='lat' dir='ltr'><strong>ipsam</strong></span> <span class='ocrx_word' id='word_1_442' title='bbox 744 4168 978 4225; x_wconf 79' lang='lat' dir='ltr'><strong>fabulam</strong></span> <span class='ocrx_word' id='word_1_443' title='bbox 1008 4173 1075 4228; x_wconf 91' lang='lat' dir='ltr'><strong>de</strong></span> <span class='ocrx_word' id='word_1_444' title='bbox 1107 4173 1432 4232; x_wconf 88' lang='lat' dir='ltr'><strong>Theodisclo</strong></span> <span class='ocrx_word' id='word_1_445' title='bbox 1471 4177 1627 4232; x_wconf 90' lang='lat' dir='ltr'><strong>sibilo</strong></span> <span class='ocrx_word' id='word_1_446' title='bbox 1653 4177 1896 4246; x_wconf 84' lang='lat' dir='ltr'><strong>explodit</strong></span> <span class='ocrx_word' id='word_1_447' title='bbox 1944 4178 2139 4247; x_wconf 88' lang='lat' dir='ltr'><strong>Aguir-</strong></span> 
     </span>
    </p>
   </div>
   <div class='ocr_carea' id='block_1_60' title="bbox 547 4259 2138 4344">
    <p class='ocr_par' dir='ltr' id='par_1_60' title="bbox 547 4259 2138 4344">
     <span class='ocr_line' id='line_1_60' title="bbox 547 4259 2138 4344; baseline 0.007 -29"><span class='ocrx_word' id='word_1_448' title='bbox 547 4259 659 4316; x_wconf 89' lang='lat' dir='ltr'><strong>rius</strong></span> <span class='ocrx_word' id='word_1_449' title='bbox 690 4261 740 4315; x_wconf 93' lang='lat' dir='ltr'><strong>in</strong></span> <span class='ocrx_word' id='word_1_450' title='bbox 772 4261 998 4320; x_wconf 91' lang='lat' dir='ltr'><strong>Collect.</strong></span> <span class='ocrx_word' id='word_1_451' title='bbox 1023 4267 1410 4339; x_wconf 87' lang='lat' dir='ltr'><strong>concil.Hisp.,</strong></span> <span class='ocrx_word' id='word_1_452' title='bbox 1429 4280 1558 4324; x_wconf 92' lang='lat' dir='ltr'><strong>tom.</strong></span> <span class='ocrx_word' id='word_1_453' title='bbox 1591 4271 1627 4335; x_wconf 92' lang='grc' dir='ltr'><strong>Ι,</strong></span> <span class='ocrx_word' id='word_1_454' title='bbox 1654 4285 1776 4339; x_wconf 87' lang='lat' dir='ltr'><strong>pag.</strong></span> <span class='ocrx_word' id='word_1_455' title='bbox 1800 4269 1869 4324; x_wconf 80' lang='lat'><strong>85</strong></span> <span class='ocrx_word' id='word_1_456' title='bbox 1883 4281 1938 4326; x_wconf 92' lang='lat' dir='ltr'><strong>et</strong></span> <span class='ocrx_word' id='word_1_457' title='bbox 1959 4287 2138 4344; x_wconf 88' lang='lat' dir='ltr'><strong>seqq.,</strong></span> 
     </span>
    </p>
   </div>
   <div class='ocr_carea' id='block_1_61' title="bbox 546 4352 2138 4431">
    <p class='ocr_par' dir='ltr' id='par_1_61' title="bbox 546 4352 2138 4431">
     <span class='ocr_line' id='line_1_61' title="bbox 546 4352 2138 4431; baseline 0.008 -23"><span class='ocrx_word' id='word_1_458' title='bbox 546 4352 762 4411; x_wconf 87' lang='lat' dir='ltr'><strong>dissert.</strong></span> <span class='ocrx_word' id='word_1_459' title='bbox 820 4359 874 4423; x_wconf 62' lang='grc'><strong>4,</strong></span> <span class='ocrx_word' id='word_1_460' title='bbox 937 4373 1166 4414; x_wconf 82' lang='lat' dir='ltr'><strong>excursu</strong></span> <span class='ocrx_word' id='word_1_461' title='bbox 1196 4363 1256 4426; x_wconf 89' lang='lat'><strong>7,</strong></span> <span class='ocrx_word' id='word_1_462' title='bbox 1319 4361 1470 4431; x_wconf 91' lang='lat' dir='ltr'><strong>cujus</strong></span> <span class='ocrx_word' id='word_1_463' title='bbox 1499 4361 1586 4418; x_wconf 94' lang='lat' dir='ltr'><strong>hic</strong></span> <span class='ocrx_word' id='word_1_464' title='bbox 1638 4363 1850 4418; x_wconf 90' lang='lat' dir='ltr'><strong>titulus:</strong></span> <span class='ocrx_word' id='word_1_465' title='bbox 1887 4361 2138 4429; x_wconf 83' lang='lat' dir='ltr'><strong>Quisnam</strong></span> 
     </span>
    </p>
   </div>
   <div class='ocr_carea' id='block_1_62' title="bbox 547 4447 2138 4527">
    <p class='ocr_par' dir='ltr' id='par_1_62' title="bbox 547 4447 2138 4527">
     <span class='ocr_line' id='line_1_62' title="bbox 547 4447 2138 4527; baseline 0.007 -28"><span class='ocrx_word' id='word_1_466' title='bbox 547 4447 701 4517; x_wconf 87' lang='lat' dir='ltr'><strong>fuerit</strong></span> <span class='ocrx_word' id='word_1_467' title='bbox 729 4451 1094 4520; x_wconf 84' lang='lat' dir='ltr'><strong>interpolator,</strong></span> <span class='ocrx_word' id='word_1_468' title='bbox 1126 4461 1175 4506; x_wconf 89' lang='lat' dir='ltr'><strong>et</strong></span> <span class='ocrx_word' id='word_1_469' title='bbox 1199 4454 1404 4508; x_wconf 78' lang='lat' dir='ltr'><strong>uitiator</strong></span> <span class='ocrx_word' id='word_1_470' title='bbox 1449 4455 1746 4510; x_wconf 86' lang='lat' dir='ltr'><strong>earumdem</strong></span> <span class='ocrx_word' id='word_1_471' title='bbox 1792 4458 1977 4527; x_wconf 89' lang='lat' dir='ltr'><strong>epistol</strong></span> <span class='ocrx_word' id='word_1_472' title='bbox 1989 4475 2138 4511; x_wconf 86' lang='lat' dir='ltr'><strong>arum</strong></span> 
     </span>
    </p>
   </div>
   <div class='ocr_carea' id='block_1_63' title="bbox 555 4540 2137 4618">
    <p class='ocr_par' dir='ltr' id='par_1_63' title="bbox 555 4540 2137 4618">
     <span class='ocr_line' id='line_1_63' title="bbox 555 4540 2137 4618; baseline 0.005 -24"><span class='ocrx_word' id='word_1_473' title='bbox 555 4540 935 4611; x_wconf 86' lang='lat' dir='ltr'><strong>(Decretalium</strong></span> <span class='ocrx_word' id='word_1_474' title='bbox 961 4543 1433 4616; x_wconf 80' lang='lat' dir='ltr'><strong>Pseudo-lsidori),</strong></span> <span class='ocrx_word' id='word_1_475' title='bbox 1462 4562 1531 4600; x_wconf 92' lang='lat' dir='ltr'><strong>an</strong></span> <span class='ocrx_word' id='word_1_476' title='bbox 1561 4549 1780 4618; x_wconf 81' lang='lat' dir='ltr'><strong>fortasse</strong></span> <span class='ocrx_word' id='word_1_477' title='bbox 1805 4547 2137 4603; x_wconf 83' lang='lat' dir='ltr'><strong>Theodisclus</strong></span> 
     </span>
    </p>
   </div>
   <div class='ocr_carea' id='block_1_64' title="bbox 2240 1935 3828 2006">
    <p class='ocr_par' dir='ltr' id='par_1_64' title="bbox 2240 1935 3828 2006">
     <span class='ocr_line' id='line_1_64' title="bbox 2240 1935 3828 2006; baseline 0.001 -20"><span class='ocrx_word' id='word_1_478' title='bbox 2240 1935 2358 1987; x_wconf 88' lang='lat' dir='ltr'><strong>ciali</strong></span> <span class='ocrx_word' id='word_1_479' title='bbox 2390 1952 2585 2006; x_wconf 82' lang='lat' dir='ltr'><strong>quoque</strong></span> <span class='ocrx_word' id='word_1_480' title='bbox 2627 1937 2798 2006; x_wconf 90' lang='lat' dir='ltr'><strong>gratia</strong></span> <span class='ocrx_word' id='word_1_481' title='bbox 2823 1938 2985 2006; x_wconf 89' lang='lat' dir='ltr'><strong>fretus</strong></span> <span class='ocrx_word' id='word_1_482' title='bbox 3008 1937 3221 2005; x_wconf 87' lang='lat' dir='ltr'><strong>speciali</strong></span> <span class='ocrx_word' id='word_1_483' title='bbox 3245 1936 3474 2002; x_wconf 87' lang='lat' dir='ltr'><strong>domino,</strong></span> <span class='ocrx_word' id='word_1_484' title='bbox 3505 1936 3557 1988; x_wconf 90' lang='lat' dir='ltr'><strong>in</strong></span> <span class='ocrx_word' id='word_1_485' title='bbox 3589 1937 3828 2006; x_wconf 75' lang='lat' dir='ltr'><strong>quorires</strong></span> 
     </span>
    </p>
   </div>
   <div class='ocr_carea' id='block_1_65' title="bbox 2240 2028 3216 2101">
    <p class='ocr_par' dir='ltr' id='par_1_65' title="bbox 2240 2028 3216 2101">
     <span class='ocr_line' id='line_1_65' title="bbox 2240 2028 3216 2101; baseline 0.003 -20"><span class='ocrx_word' id='word_1_486' title='bbox 2240 2028 2486 2084; x_wconf 60' lang='lat' dir='ltr'><strong>Ecclesia</strong></span> <span class='ocrx_word' id='word_1_487' title='bbox 2507 2031 2810 2096; x_wconf 88' lang='lat' dir='ltr'><strong>consistunt,</strong></span> <span class='ocrx_word' id='word_1_488' title='bbox 2842 2047 3081 2101; x_wconf 87' lang='lat' dir='ltr'><strong>suggero,</strong></span> <span class='ocrx_word' id='word_1_489' title='bbox 3109 2039 3216 2084; x_wconf 87' lang='lat' dir='ltr'><strong>etc.</strong></span> 
     </span>
    </p>
   </div>
   <div class='ocr_carea' id='block_1_66' title="bbox 2797 2141 3252 2198">
    <p class='ocr_par' dir='ltr' id='par_1_66' title="bbox 2797 2141 3252 2198">
     <span class='ocr_line' id='line_1_66' title="bbox 2797 2141 3252 2198; baseline 0.002 -1"><span class='ocrx_word' id='word_1_490' title='bbox 2797 2142 3025 2198; x_wconf 81' lang='lat' dir='ltr'><strong>CAPUT</strong></span> <span class='ocrx_word' id='word_1_491' title='bbox 3065 2141 3252 2198; x_wconf 75' lang='lat' dir='ltr'><strong>XXIII.</strong></span> 
     </span>
    </p>
   </div>
   <div class='ocr_carea' id='block_1_67' title="bbox 2239 2234 3829 2306">
    <p class='ocr_par' dir='ltr' id='par_1_67' title="bbox 2239 2234 3829 2306">
     <span class='ocr_line' id='line_1_67' title="bbox 2239 2234 3829 2306; baseline 0.003 -17"><span class='ocrx_word' id='word_1_492' title='bbox 2239 2234 2474 2290; x_wconf 87' lang='lat' dir='ltr'><strong>Isidorus</strong></span> <span class='ocrx_word' id='word_1_493' title='bbox 2501 2253 2569 2290; x_wconf 90' lang='lat' dir='ltr'><strong>an</strong></span> <span class='ocrx_word' id='word_1_494' title='bbox 2593 2235 2811 2290; x_wconf 87' lang='lat' dir='ltr'><strong>Romam</strong></span> <span class='ocrx_word' id='word_1_495' title='bbox 2840 2237 2909 2289; x_wconf 90' lang='lat' dir='ltr'><strong>ad</strong></span> <span class='ocrx_word' id='word_1_496' title='bbox 2938 2236 3238 2306; x_wconf 81' lang='lat' dir='ltr'><strong>pontiﬁcem</strong></span> <span class='ocrx_word' id='word_1_497' title='bbox 3291 2237 3394 2290; x_wconf 86' lang='lat' dir='ltr'><strong>sive</strong></span> <span class='ocrx_word' id='word_1_498' title='bbox 3440 2238 3509 2289; x_wconf 90' lang='lat' dir='ltr'><strong>ad</strong></span> <span class='ocrx_word' id='word_1_499' title='bbox 3553 2239 3829 2293; x_wconf 71' lang='lat' dir='ltr'><strong>concilium</strong></span> 
     </span>
    </p>
   </div>
   <div class='ocr_carea' id='block_1_68' title="bbox 2308 2328 3830 2400">
    <p class='ocr_par' dir='ltr' id='par_1_68' title="bbox 2308 2328 3830 2400">
     <span class='ocr_line' id='line_1_68' title="bbox 2308 2328 3830 2400; baseline 0.001 -18"><span class='ocrx_word' id='word_1_500' title='bbox 2308 2329 2586 2400; x_wconf 84' lang='lat' dir='ltr'><strong>aliquando</strong></span> <span class='ocrx_word' id='word_1_501' title='bbox 2616 2333 2824 2385; x_wconf 85' lang='lat' dir='ltr'><strong>venerit.</strong></span> <span class='ocrx_word' id='word_1_502' title='bbox 2868 2329 3021 2385; x_wconf 86' lang='lat' dir='ltr'><strong>Liber</strong></span> <span class='ocrx_word' id='word_1_503' title='bbox 3052 2331 3113 2384; x_wconf 91' lang='lat' dir='ltr'><strong>de</strong></span> <span class='ocrx_word' id='word_1_504' title='bbox 3151 2328 3350 2384; x_wconf 87' lang='lat' dir='ltr'><strong>Ordine</strong></span> <span class='ocrx_word' id='word_1_505' title='bbox 3378 2340 3741 2386; x_wconf 84' lang='lat' dir='ltr'><strong>creaturarum</strong></span> <span class='ocrx_word' id='word_1_506' title='bbox 3769 2347 3830 2384; x_wconf 79' lang='lat' dir='ltr'><strong>an</strong></span> 
     </span>
    </p>
   </div>
   <div class='ocr_carea' id='block_1_69' title="bbox 2309 2418 2620 2474">
    <p class='ocr_par' dir='ltr' id='par_1_69' title="bbox 2309 2418 2620 2474">
     <span class='ocr_line' id='line_1_69' title="bbox 2309 2418 2620 2474; baseline -0.003 0"><span class='ocrx_word' id='word_1_507' title='bbox 2309 2420 2377 2474; x_wconf 83' lang='lat' dir='ltr'><strong>sit</strong></span> <span class='ocrx_word' id='word_1_508' title='bbox 2407 2418 2620 2474; x_wconf 87' lang='lat' dir='ltr'><strong>Isidori.</strong></span> 
     </span>
    </p>
   </div>
   <div class='ocr_carea' id='block_1_70' title="bbox 2311 2529 3833 2604">
    <p class='ocr_par' dir='ltr' id='par_1_70' title="bbox 2311 2529 3833 2604">
     <span class='ocr_line' id='line_1_70' title="bbox 2311 2529 3833 2604; baseline 0.003 -20"><span class='ocrx_word' id='word_1_509' title='bbox 2311 2531 2362 2587; x_wconf 82' lang='grc'>1.</span> <span class='ocrx_word' id='word_1_510' title='bbox 2405 2529 2613 2588; x_wconf 89' lang='lat' dir='ltr'><strong>Primus</strong></span> <span class='ocrx_word' id='word_1_511' title='bbox 2670 2534 3002 2604; x_wconf 87' lang='lat' dir='ltr'><strong>prodigiosus</strong></span> <span class='ocrx_word' id='word_1_512' title='bbox 3031 2535 3216 2590; x_wconf 86' lang='lat' dir='ltr'><strong>Isidori</strong></span> <span class='ocrx_word' id='word_1_513' title='bbox 3242 2534 3306 2588; x_wconf 88' lang='lat' dir='ltr'><strong>ad</strong></span> <span class='ocrx_word' id='word_1_514' title='bbox 3363 2534 3548 2589; x_wconf 89' lang='lat' dir='ltr'><strong>urbem</strong></span> <span class='ocrx_word' id='word_1_515' title='bbox 3607 2533 3833 2589; x_wconf 79' lang='lat' dir='ltr'><strong>Romam</strong></span> 
     </span>
    </p>
   </div>
   <div class='ocr_carea' id='block_1_71' title="bbox 2238 2624 3832 2696">
    <p class='ocr_par' dir='ltr' id='par_1_71' title="bbox 2238 2624 3832 2696">
     <span class='ocr_line' id='line_1_71' title="bbox 2238 2624 3832 2696; baseline 0.003 -19"><span class='ocrx_word' id='word_1_516' title='bbox 2238 2624 2522 2691; x_wconf 84' lang='lat' dir='ltr'><strong>adventus,</strong></span> <span class='ocrx_word' id='word_1_517' title='bbox 2557 2627 2649 2695; x_wconf 90' lang='lat' dir='ltr'><strong>qui</strong></span> <span class='ocrx_word' id='word_1_518' title='bbox 2680 2643 2709 2680; x_wconf 89' lang='lat' dir='ltr'><strong>a</strong></span> <span class='ocrx_word' id='word_1_519' title='bbox 2760 2627 3033 2682; x_wconf 88' lang='lat' dir='ltr'><strong>nonnullis</strong></span> <span class='ocrx_word' id='word_1_520' title='bbox 3066 2637 3318 2682; x_wconf 90' lang='lat' dir='ltr'><strong>narratur</strong></span> <span class='ocrx_word' id='word_1_521' title='bbox 3345 2628 3430 2682; x_wconf 87' lang='lat' dir='ltr'><strong>vel</strong></span> <span class='ocrx_word' id='word_1_522' title='bbox 3459 2627 3699 2696; x_wconf 88' lang='lat' dir='ltr'><strong>ﬁngitur,</strong></span> <span class='ocrx_word' id='word_1_523' title='bbox 3760 2627 3832 2681; x_wconf 80' lang='lat' dir='ltr'><strong>iu-</strong></span> 
     </span>
    </p>
   </div>
   <div class='ocr_carea' id='block_1_72' title="bbox 2239 2713 3835 2786">
    <p class='ocr_par' dir='ltr' id='par_1_72' title="bbox 2239 2713 3835 2786">
     <span class='ocr_line' id='line_1_72' title="bbox 2239 2713 3835 2786; baseline 0.002 -17"><span class='ocrx_word' id='word_1_524' title='bbox 2239 2713 2448 2770; x_wconf 90' lang='lat' dir='ltr'><strong>dicatus</strong></span> <span class='ocrx_word' id='word_1_525' title='bbox 2479 2716 2716 2786; x_wconf 80' lang='lat' dir='ltr'><strong>fuitcap.</strong></span> <span class='ocrx_word' id='word_1_526' title='bbox 2761 2715 2848 2770; x_wconf 85' lang='lat' dir='ltr'><strong>I8.</strong></span> <span class='ocrx_word' id='word_1_527' title='bbox 2884 2717 3035 2771; x_wconf 91' lang='lat' dir='ltr'><strong>Nunc</strong></span> <span class='ocrx_word' id='word_1_528' title='bbox 3081 2719 3347 2786; x_wconf 87' lang='lat' dir='ltr'><strong>agendum</strong></span> <span class='ocrx_word' id='word_1_529' title='bbox 3398 2726 3480 2772; x_wconf 89' lang='lat' dir='ltr'><strong>est</strong></span> <span class='ocrx_word' id='word_1_530' title='bbox 3528 2719 3594 2771; x_wconf 89' lang='lat' dir='ltr'><strong>de</strong></span> <span class='ocrx_word' id='word_1_531' title='bbox 3640 2718 3835 2772; x_wconf 82' lang='lat' dir='ltr'><strong>itinere</strong></span> 
     </span>
    </p>
   </div>
   <div class='ocr_carea' id='block_1_73' title="bbox 2241 2806 3836 2876">
    <p class='ocr_par' dir='ltr' id='par_1_73' title="bbox 2241 2806 3836 2876">
     <span class='ocr_line' id='line_1_73' title="bbox 2241 2806 3836 2876; baseline 0.001 -15"><span class='ocrx_word' id='word_1_532' title='bbox 2241 2806 2376 2876; x_wconf 86' lang='lat' dir='ltr'><strong>ejus,</strong></span> <span class='ocrx_word' id='word_1_533' title='bbox 2410 2818 2468 2860; x_wconf 90' lang='lat' dir='ltr'><strong>ut</strong></span> <span class='ocrx_word' id='word_1_534' title='bbox 2489 2809 2691 2873; x_wconf 86' lang='lat' dir='ltr'><strong>dicunt,</strong></span> <span class='ocrx_word' id='word_1_535' title='bbox 2727 2808 2794 2862; x_wconf 89' lang='lat' dir='ltr'><strong>ad</strong></span> <span class='ocrx_word' id='word_1_536' title='bbox 2819 2809 3108 2864; x_wconf 87' lang='lat' dir='ltr'><strong>concilium</strong></span> <span class='ocrx_word' id='word_1_537' title='bbox 3157 2809 3410 2876; x_wconf 86' lang='lat' dir='ltr'><strong>generale</strong></span> <span class='ocrx_word' id='word_1_538' title='bbox 3444 2808 3626 2861; x_wconf 61' lang='lat' dir='ltr'><strong>Romae</strong></span> <span class='ocrx_word' id='word_1_539' title='bbox 3673 2823 3836 2864; x_wconf 90' lang='lat' dir='ltr'><strong>coac-</strong></span> 
     </span>
    </p>
   </div>
   <div class='ocr_carea' id='block_1_74' title="bbox 2241 2900 3836 2972">
    <p class='ocr_par' dir='ltr' id='par_1_74' title="bbox 2241 2900 3836 2972">
     <span class='ocr_line' id='line_1_74' title="bbox 2241 2900 3836 2972; baseline 0.001 -18"><span class='ocrx_word' id='word_1_540' title='bbox 2241 2900 2450 2954; x_wconf 90' lang='lat' dir='ltr'><strong>tum.In</strong></span> <span class='ocrx_word' id='word_1_541' title='bbox 2487 2901 2770 2956; x_wconf 87' lang='lat' dir='ltr'><strong>Breviariis</strong></span> <span class='ocrx_word' id='word_1_542' title='bbox 2808 2905 3083 2958; x_wconf 90' lang='lat' dir='ltr'><strong>veteribus</strong></span> <span class='ocrx_word' id='word_1_543' title='bbox 3125 2903 3395 2972; x_wconf 72' lang='lat' dir='ltr'><strong>Hispania:</strong></span> <span class='ocrx_word' id='word_1_544' title='bbox 3451 2902 3528 2955; x_wconf 94' lang='lat' dir='ltr'><strong>sic</strong></span> <span class='ocrx_word' id='word_1_545' title='bbox 3576 2901 3836 2971; x_wconf 84' lang='lat' dir='ltr'><strong>legimus:</strong></span> 
     </span>
    </p>
   </div>
   <div class='ocr_carea' id='block_1_75' title="bbox 2240 2989 3836 3062">
    <p class='ocr_par' dir='ltr' id='par_1_75' title="bbox 2240 2989 3836 3062">
     <span class='ocr_line' id='line_1_75' title="bbox 2240 2989 3836 3062; baseline 0.002 -20"><span class='ocrx_word' id='word_1_546' title='bbox 2240 2989 2364 3043; x_wconf 87' lang='lat' dir='ltr'><strong>Fuit</strong></span> <span class='ocrx_word' id='word_1_547' title='bbox 2393 2992 2612 3062; x_wconf 86' lang='lat' dir='ltr'><strong>denique</strong></span> <span class='ocrx_word' id='word_1_548' title='bbox 2644 2991 2840 3047; x_wconf 83' lang='lat' dir='ltr'><strong>lsidori</strong></span> <span class='ocrx_word' id='word_1_549' title='bbox 2867 3003 3011 3046; x_wconf 88' lang='lat' dir='ltr'><strong>tanta</strong></span> <span class='ocrx_word' id='word_1_550' title='bbox 3035 2994 3284 3048; x_wconf 72' lang='lat' dir='ltr'><strong>doctrina:</strong></span> <span class='ocrx_word' id='word_1_551' title='bbox 3304 3008 3364 3044; x_wconf 89' lang='lat' dir='ltr'><strong>ac</strong></span> <span class='ocrx_word' id='word_1_552' title='bbox 3385 2992 3678 3045; x_wconf 90' lang='lat' dir='ltr'><strong>sanctitatis</strong></span> <span class='ocrx_word' id='word_1_553' title='bbox 3728 2993 3836 3061; x_wconf 83' lang='lat' dir='ltr'><strong>api-</strong></span> 
     </span>
    </p>
   </div>
   <div class='ocr_carea' id='block_1_76' title="bbox 2240 3086 3838 3158">
    <p class='ocr_par' dir='ltr' id='par_1_76' title="bbox 2240 3086 3838 3158">
     <span class='ocr_line' id='line_1_76' title="bbox 2240 3086 3838 3158; baseline 0.001 -21"><span class='ocrx_word' id='word_1_554' title='bbox 2240 3086 2346 3150; x_wconf 86' lang='lat' dir='ltr'><strong>nio,</strong></span> <span class='ocrx_word' id='word_1_555' title='bbox 2392 3095 2446 3138; x_wconf 90' lang='lat' dir='ltr'><strong>ut</strong></span> <span class='ocrx_word' id='word_1_556' title='bbox 2499 3097 2676 3142; x_wconf 89' lang='lat' dir='ltr'><strong>coacto</strong></span> <span class='ocrx_word' id='word_1_557' title='bbox 2729 3089 2946 3140; x_wconf 87' lang='lat' dir='ltr'><strong>concilio</strong></span> <span class='ocrx_word' id='word_1_558' title='bbox 2996 3087 3222 3158; x_wconf 88' lang='lat' dir='ltr'><strong>generali</strong></span> <span class='ocrx_word' id='word_1_559' title='bbox 3251 3088 3386 3140; x_wconf 91' lang='lat' dir='ltr'><strong>ultro</strong></span> <span class='ocrx_word' id='word_1_560' title='bbox 3417 3086 3628 3156; x_wconf 76' lang='lat' dir='ltr'><strong>[uerita</strong></span> <span class='ocrx_word' id='word_1_561' title='bbox 3663 3086 3838 3155; x_wconf 80' lang='lat' dir='ltr'><strong>ponti-</strong></span> 
     </span>
    </p>
   </div>
   <div class='ocr_carea' id='block_1_77' title="bbox 2239 3178 3840 3248">
    <p class='ocr_par' dir='ltr' id='par_1_77' title="bbox 2239 3178 3840 3248">
     <span class='ocr_line' id='line_1_77' title="bbox 2239 3178 3840 3248; baseline 0.001 -17"><span class='ocrx_word' id='word_1_562' title='bbox 2239 3178 2338 3247; x_wconf 78' lang='lat' dir='ltr'><strong>ﬁce</strong></span> <span class='ocrx_word' id='word_1_563' title='bbox 2366 3181 2594 3233; x_wconf 75' lang='lat' dir='ltr'><strong>maximo</strong></span> <span class='ocrx_word' id='word_1_564' title='bbox 2621 3188 2846 3234; x_wconf 78' lang='lat' dir='ltr'><strong>vocatus.</strong></span> <span class='ocrx_word' id='word_1_565' title='bbox 2879 3178 2976 3233; x_wconf 88' lang='lat' dir='ltr'><strong>Ubi</strong></span> <span class='ocrx_word' id='word_1_566' title='bbox 2997 3180 3182 3232; x_wconf 87' lang='lat' dir='ltr'><strong>mirum</strong></span> <span class='ocrx_word' id='word_1_567' title='bbox 3203 3188 3301 3240; x_wconf 86' lang='lat' dir='ltr'><strong>est,</strong></span> <span class='ocrx_word' id='word_1_568' title='bbox 3326 3186 3574 3248; x_wconf 83' lang='lat' dir='ltr'><strong>quantum</strong></span> <span class='ocrx_word' id='word_1_569' title='bbox 3595 3178 3840 3246; x_wconf 79' lang='lat' dir='ltr'><strong>ponderis</strong></span> 
     </span>
    </p>
   </div>
   <div class='ocr_carea' id='block_1_78' title="bbox 2245 3271 3841 3347">
    <p class='ocr_par' dir='ltr' id='par_1_78' title="bbox 2245 3271 3841 3347">
     <span class='ocr_line' id='line_1_78' title="bbox 2245 3271 3841 3347; baseline 0 -19"><span class='ocrx_word' id='word_1_570' title='bbox 2245 3283 2294 3328; x_wconf 88' lang='lat' dir='ltr'><strong>et</strong></span> <span class='ocrx_word' id='word_1_571' title='bbox 2322 3275 2646 3329; x_wconf 88' lang='lat' dir='ltr'><strong>auctoritatis</strong></span> <span class='ocrx_word' id='word_1_572' title='bbox 2689 3275 2924 3330; x_wconf 87' lang='lat' dir='ltr'><strong>habuerit</strong></span> <span class='ocrx_word' id='word_1_573' title='bbox 2971 3277 3023 3330; x_wconf 89' lang='lat' dir='ltr'><strong>in</strong></span> <span class='ocrx_word' id='word_1_574' title='bbox 3069 3275 3286 3347; x_wconf 88' lang='lat' dir='ltr'><strong>singulis</strong></span> <span class='ocrx_word' id='word_1_575' title='bbox 3316 3273 3464 3328; x_wconf 88' lang='lat' dir='ltr'><strong>rebus</strong></span> <span class='ocrx_word' id='word_1_576' title='bbox 3493 3271 3690 3328; x_wconf 82' lang='lat' dir='ltr'><strong>Isidori</strong></span> <span class='ocrx_word' id='word_1_577' title='bbox 3718 3290 3841 3328; x_wconf 75' lang='lat' dir='ltr'><strong>sen-</strong></span> 
     </span>
    </p>
   </div>
   <div class='ocr_carea' id='block_1_79' title="bbox 2246 3364 3890 3438">
    <p class='ocr_par' dir='ltr' id='par_1_79' title="bbox 2246 3364 3890 3438">
     <span class='ocr_line' id='line_1_79' title="bbox 2246 3364 3890 3438; baseline 0.004 -19"><span class='ocrx_word' id='word_1_578' title='bbox 2246 3367 2403 3420; x_wconf 89' lang='lat' dir='ltr'><strong>tentia</strong></span> <span class='ocrx_word' id='word_1_579' title='bbox 2427 3367 2565 3436; x_wconf 86' lang='lat' dir='ltr'><strong>apud</strong></span> <span class='ocrx_word' id='word_1_580' title='bbox 2592 3369 2886 3438; x_wconf 81' lang='lat' dir='ltr'><strong>pontiﬁcem</strong></span> <span class='ocrx_word' id='word_1_581' title='bbox 2913 3379 2961 3421; x_wconf 87' lang='lat' dir='ltr'><strong>et</strong></span> <span class='ocrx_word' id='word_1_582' title='bbox 2992 3385 3164 3422; x_wconf 90' lang='lat' dir='ltr'><strong>omnes</strong></span> <span class='ocrx_word' id='word_1_583' title='bbox 3186 3367 3450 3438; x_wconf 73' lang='lat' dir='ltr'><strong>prwlatos.</strong></span> <span class='ocrx_word' id='word_1_584' title='bbox 3503 3364 3699 3422; x_wconf 85' lang='lat' dir='ltr'><strong>Fusius</strong></span> <span class='ocrx_word' id='word_1_585' title='bbox 3727 3367 3844 3422; x_wconf 63' lang='lat' dir='ltr'><strong>liceo</strong></span> <span class='ocrx_word' id='word_1_586' title='bbox 3883 3421 3890 3426; x_wconf 85' lang='lat'><strong>.</strong></span> 
     </span>
    </p>
   </div>
   <div class='ocr_carea' id='block_1_80' title="bbox 2245 3455 3844 3530">
    <p class='ocr_par' dir='ltr' id='par_1_80' title="bbox 2245 3455 3844 3530">
     <span class='ocr_line' id='line_1_80' title="bbox 2245 3455 3844 3530; baseline 0.001 -18"><span class='ocrx_word' id='word_1_587' title='bbox 2245 3459 2298 3512; x_wconf 94' lang='lat' dir='ltr'><strong>in</strong></span> <span class='ocrx_word' id='word_1_588' title='bbox 2328 3457 2449 3511; x_wconf 87' lang='lat' dir='ltr'><strong>Vita</strong></span> <span class='ocrx_word' id='word_1_589' title='bbox 2473 3455 2683 3523; x_wconf 89' lang='lat' dir='ltr'><strong>Isidori,</strong></span> <span class='ocrx_word' id='word_1_590' title='bbox 2706 3469 2927 3514; x_wconf 90' lang='lat' dir='ltr'><strong>auctore</strong></span> <span class='ocrx_word' id='word_1_591' title='bbox 2955 3460 3218 3516; x_wconf 90' lang='lat' dir='ltr'><strong>canonico</strong></span> <span class='ocrx_word' id='word_1_592' title='bbox 3247 3459 3602 3530; x_wconf 88' lang='lat' dir='ltr'><strong>Legionensi;</strong></span> <span class='ocrx_word' id='word_1_593' title='bbox 3629 3459 3717 3513; x_wconf 90' lang='lat' dir='ltr'><strong>ubi</strong></span> <span class='ocrx_word' id='word_1_594' title='bbox 3755 3474 3844 3514; x_wconf 88' lang='lat' dir='ltr'><strong>an-</strong></span> 
     </span>
    </p>
   </div>
   <div class='ocr_carea' id='block_1_81' title="bbox 2245 3551 3845 3623">
    <p class='ocr_par' dir='ltr' id='par_1_81' title="bbox 2245 3551 3845 3623">
     <span class='ocr_line' id='line_1_81' title="bbox 2245 3551 3845 3623; baseline 0 -17"><span class='ocrx_word' id='word_1_595' title='bbox 2245 3560 2435 3607; x_wconf 90' lang='lat' dir='ltr'><strong>notant</strong></span> <span class='ocrx_word' id='word_1_596' title='bbox 2460 3551 2814 3618; x_wconf 87' lang='lat' dir='ltr'><strong>Bollandiani,</strong></span> <span class='ocrx_word' id='word_1_597' title='bbox 2848 3553 3087 3623; x_wconf 91' lang='lat' dir='ltr'><strong>potuisse</strong></span> <span class='ocrx_word' id='word_1_598' title='bbox 3127 3568 3244 3608; x_wconf 91' lang='lat' dir='ltr'><strong>esse</strong></span> <span class='ocrx_word' id='word_1_599' title='bbox 3265 3553 3479 3622; x_wconf 89' lang='lat' dir='ltr'><strong>aliquod</strong></span> <span class='ocrx_word' id='word_1_600' title='bbox 3527 3569 3635 3607; x_wconf 93' lang='lat' dir='ltr'><strong>non</strong></span> <span class='ocrx_word' id='word_1_601' title='bbox 3670 3552 3845 3622; x_wconf 85' lang='lat' dir='ltr'><strong>publi-</strong></span> 
     </span>
    </p>
   </div>
   <div class='ocr_carea' id='block_1_82' title="bbox 2244 3638 3845 3716">
    <p class='ocr_par' dir='ltr' id='par_1_82' title="bbox 2244 3638 3845 3716">
     <span class='ocr_line' id='line_1_82' title="bbox 2244 3638 3845 3716; baseline 0 -16"><span class='ocrx_word' id='word_1_602' title='bbox 2244 3663 2385 3711; x_wconf 91' lang='lat' dir='ltr'><strong>cum,</strong></span> <span class='ocrx_word' id='word_1_603' title='bbox 2418 3648 2530 3701; x_wconf 86' lang='lat' dir='ltr'><strong>sive</strong></span> <span class='ocrx_word' id='word_1_604' title='bbox 2555 3647 2798 3702; x_wconf 89' lang='lat' dir='ltr'><strong>solemne</strong></span> <span class='ocrx_word' id='word_1_605' title='bbox 2829 3647 3136 3711; x_wconf 90' lang='lat' dir='ltr'><strong>concilium,</strong></span> <span class='ocrx_word' id='word_1_606' title='bbox 3170 3647 3345 3716; x_wconf 91' lang='lat' dir='ltr'><strong>qualia</strong></span> <span class='ocrx_word' id='word_1_607' title='bbox 3375 3647 3482 3702; x_wconf 93' lang='lat' dir='ltr'><strong>duo</strong></span> <span class='ocrx_word' id='word_1_608' title='bbox 3511 3638 3699 3700; x_wconf 58' lang='lat' dir='ltr'><strong>Romi:</strong></span> <span class='ocrx_word' id='word_1_609' title='bbox 3725 3645 3845 3700; x_wconf 82' lang='lat' dir='ltr'><strong>fue-</strong></span> 
     </span>
    </p>
   </div>
   <div class='ocr_carea' id='block_1_83' title="bbox 2244 3735 3844 3805">
    <p class='ocr_par' dir='ltr' id='par_1_83' title="bbox 2244 3735 3844 3805">
     <span class='ocr_line' id='line_1_83' title="bbox 2244 3735 3844 3805; baseline -0.001 -13"><span class='ocrx_word' id='word_1_610' title='bbox 2244 3745 2368 3792; x_wconf 90' lang='lat' dir='ltr'><strong>runt</strong></span> <span class='ocrx_word' id='word_1_611' title='bbox 2389 3753 2532 3794; x_wconf 92' lang='lat' dir='ltr'><strong>anno</strong></span> <span class='ocrx_word' id='word_1_612' title='bbox 2562 3737 2658 3792; x_wconf 80' lang='grc'><strong>601</strong></span> <span class='ocrx_word' id='word_1_613' title='bbox 2690 3756 2703 3805; x_wconf 92' lang='grc'><strong>;</strong></span> <span class='ocrx_word' id='word_1_614' title='bbox 2751 3755 2813 3794; x_wconf 90' lang='lat' dir='ltr'><strong>ac</strong></span> <span class='ocrx_word' id='word_1_615' title='bbox 2857 3754 3044 3794; x_wconf 87' lang='lat' dir='ltr'><strong>revera</strong></span> <span class='ocrx_word' id='word_1_616' title='bbox 3067 3747 3258 3794; x_wconf 90' lang='lat' dir='ltr'><strong>auctor</strong></span> <span class='ocrx_word' id='word_1_617' title='bbox 3287 3737 3419 3791; x_wconf 79' lang='lat' dir='ltr'><strong>Viue</strong></span> <span class='ocrx_word' id='word_1_618' title='bbox 3455 3736 3676 3790; x_wconf 89' lang='lat' dir='ltr'><strong>minime</strong></span> <span class='ocrx_word' id='word_1_619' title='bbox 3703 3735 3844 3790; x_wconf 85' lang='lat' dir='ltr'><strong>indi-</strong></span> 
     </span>
    </p>
   </div>
   <div class='ocr_carea' id='block_1_84' title="bbox 2244 3826 3844 3899">
    <p class='ocr_par' dir='ltr' id='par_1_84' title="bbox 2244 3826 3844 3899">
     <span class='ocr_line' id='line_1_84' title="bbox 2244 3826 3844 3899; baseline 0.001 -16"><span class='ocrx_word' id='word_1_620' title='bbox 2244 3838 2333 3883; x_wconf 91' lang='lat' dir='ltr'><strong>cat</strong></span> <span class='ocrx_word' id='word_1_621' title='bbox 2362 3828 2525 3886; x_wconf 82' lang='lat' dir='ltr'><strong>fuisse</strong></span> <span class='ocrx_word' id='word_1_622' title='bbox 2548 3830 2836 3886; x_wconf 90' lang='lat' dir='ltr'><strong>concilium</strong></span> <span class='ocrx_word' id='word_1_623' title='bbox 2860 3831 3145 3899; x_wconf 89' lang='lat' dir='ltr'><strong>generale;</strong></span> <span class='ocrx_word' id='word_1_624' title='bbox 3197 3830 3304 3883; x_wconf 94' lang='lat' dir='ltr'><strong>imo</strong></span> <span class='ocrx_word' id='word_1_625' title='bbox 3336 3829 3542 3895; x_wconf 89' lang='lat' dir='ltr'><strong>innuit,</strong></span> <span class='ocrx_word' id='word_1_626' title='bbox 3575 3826 3844 3884; x_wconf 89' lang='lat' dir='ltr'><strong>Isidorum</strong></span> 
     </span>
    </p>
   </div>
   <div class='ocr_carea' id='block_1_85' title="bbox 2245 3918 3845 3992">
    <p class='ocr_par' dir='ltr' id='par_1_85' title="bbox 2245 3918 3845 3992">
     <span class='ocr_line' id='line_1_85' title="bbox 2245 3918 3845 3992; baseline -0.001 -16"><span class='ocrx_word' id='word_1_627' title='bbox 2245 3936 2312 3976; x_wconf 84' lang='lat' dir='ltr'><strong>ex</strong></span> <span class='ocrx_word' id='word_1_628' title='bbox 2350 3920 2606 3992; x_wconf 90' lang='lat' dir='ltr'><strong>Hispania</strong></span> <span class='ocrx_word' id='word_1_629' title='bbox 2638 3923 2707 3976; x_wconf 90' lang='lat' dir='ltr'><strong>ad</strong></span> <span class='ocrx_word' id='word_1_630' title='bbox 2733 3922 3018 3976; x_wconf 91' lang='lat' dir='ltr'><strong>concilium</strong></span> <span class='ocrx_word' id='word_1_631' title='bbox 3066 3930 3351 3975; x_wconf 84' lang='lat' dir='ltr'><strong>evocatum</strong></span> <span class='ocrx_word' id='word_1_632' title='bbox 3395 3936 3501 3974; x_wconf 93' lang='lat' dir='ltr'><strong>non</strong></span> <span class='ocrx_word' id='word_1_633' title='bbox 3535 3918 3720 3984; x_wconf 80' lang='lat' dir='ltr'><strong>fuisse,</strong></span> <span class='ocrx_word' id='word_1_634' title='bbox 3752 3919 3845 3975; x_wconf 86' lang='lat' dir='ltr'><strong>sed</strong></span> 
     </span>
    </p>
   </div>
   <div class='ocr_carea' id='block_1_86' title="bbox 2243 4009 3846 4080">
    <p class='ocr_par' dir='ltr' id='par_1_86' title="bbox 2243 4009 3846 4080">
     <span class='ocr_line' id='line_1_86' title="bbox 2243 4009 3846 4080; baseline -0.001 -13"><span class='ocrx_word' id='word_1_635' title='bbox 2243 4011 2312 4067; x_wconf 91' lang='lat' dir='ltr'><strong>de</strong></span> <span class='ocrx_word' id='word_1_636' title='bbox 2337 4029 2405 4067; x_wconf 93' lang='lat' dir='ltr'><strong>eo</strong></span> <span class='ocrx_word' id='word_1_637' title='bbox 2434 4012 2712 4067; x_wconf 87' lang='lat' dir='ltr'><strong>evocando</strong></span> <span class='ocrx_word' id='word_1_638' title='bbox 2744 4021 2869 4065; x_wconf 92' lang='lat' dir='ltr'><strong>tunc</strong></span> <span class='ocrx_word' id='word_1_639' title='bbox 2912 4013 3236 4080; x_wconf 90' lang='lat' dir='ltr'><strong>cogitatum,</strong></span> <span class='ocrx_word' id='word_1_640' title='bbox 3279 4027 3398 4065; x_wconf 92' lang='lat' dir='ltr'><strong>cum</strong></span> <span class='ocrx_word' id='word_1_641' title='bbox 3433 4009 3673 4065; x_wconf 89' lang='lat' dir='ltr'><strong>Isidorus</strong></span> <span class='ocrx_word' id='word_1_642' title='bbox 3706 4025 3846 4080; x_wconf 72' lang='lat' dir='ltr'><strong>pra:-</strong></span> 
     </span>
    </p>
   </div>
   <div class='ocr_carea' id='block_1_87' title="bbox 2244 4101 3845 4174">
    <p class='ocr_par' dir='ltr' id='par_1_87' title="bbox 2244 4101 3845 4174">
     <span class='ocr_line' id='line_1_87' title="bbox 2244 4101 3845 4174; baseline -0.001 -15"><span class='ocrx_word' id='word_1_643' title='bbox 2244 4119 2369 4159; x_wconf 89' lang='lat' dir='ltr'><strong>sens</strong></span> <span class='ocrx_word' id='word_1_644' title='bbox 2398 4102 2582 4158; x_wconf 78' lang='lat' dir='ltr'><strong>Romae</strong></span> <span class='ocrx_word' id='word_1_645' title='bbox 2607 4104 2840 4170; x_wconf 90' lang='lat' dir='ltr'><strong>adesset,</strong></span> <span class='ocrx_word' id='word_1_646' title='bbox 2862 4113 2922 4157; x_wconf 90' lang='lat' dir='ltr'><strong>ut</strong></span> <span class='ocrx_word' id='word_1_647' title='bbox 2967 4102 3083 4172; x_wconf 88' lang='lat' dir='ltr'><strong>ejus</strong></span> <span class='ocrx_word' id='word_1_648' title='bbox 3127 4103 3354 4158; x_wconf 90' lang='lat' dir='ltr'><strong>consilio</strong></span> <span class='ocrx_word' id='word_1_649' title='bbox 3382 4101 3664 4174; x_wconf 86' lang='lat' dir='ltr'><strong>synodalia</strong></span> <span class='ocrx_word' id='word_1_650' title='bbox 3723 4110 3845 4158; x_wconf 78' lang='lat' dir='ltr'><strong>acta</strong></span> 
     </span>
    </p>
   </div>
   <div class='ocr_carea' id='block_1_88' title="bbox 2244 4195 2627 4263">
    <p class='ocr_par' dir='ltr' id='par_1_88' title="bbox 2244 4195 2627 4263">
     <span class='ocr_line' id='line_1_88' title="bbox 2244 4195 2627 4263; baseline -0.003 -13"><span class='ocrx_word' id='word_1_651' title='bbox 2244 4195 2627 4263; x_wconf 85' lang='lat' dir='ltr'><strong>dirigerentur.</strong></span> 
     </span>
    </p>
   </div>
   <div class='ocr_carea' id='block_1_89' title="bbox 2313 4289 3829 4360">
    <p class='ocr_par' dir='ltr' id='par_1_89' title="bbox 2313 4289 3829 4360">
     <span class='ocr_line' id='line_1_89' title="bbox 2313 4289 3829 4360; baseline -0.001 -14"><span class='ocrx_word' id='word_1_652' title='bbox 2313 4294 2365 4346; x_wconf 69' lang='lat'><strong>2.</strong></span> <span class='ocrx_word' id='word_1_653' title='bbox 2408 4291 2524 4347; x_wconf 90' lang='lat' dir='ltr'><strong>Nic.</strong></span> <span class='ocrx_word' id='word_1_654' title='bbox 2550 4292 2813 4348; x_wconf 87' lang='lat' dir='ltr'><strong>Antonius</strong></span> <span class='ocrx_word' id='word_1_655' title='bbox 2843 4292 2895 4346; x_wconf 90' lang='lat' dir='ltr'><strong>in</strong></span> <span class='ocrx_word' id='word_1_656' title='bbox 2929 4294 3106 4360; x_wconf 89' lang='lat' dir='ltr'><strong>aliquo</strong></span> <span class='ocrx_word' id='word_1_657' title='bbox 3136 4291 3418 4346; x_wconf 90' lang='lat' dir='ltr'><strong>Breviario</strong></span> <span class='ocrx_word' id='word_1_658' title='bbox 3470 4289 3685 4344; x_wconf 86' lang='lat' dir='ltr'><strong>videtur</strong></span> <span class='ocrx_word' id='word_1_659' title='bbox 3746 4291 3829 4345; x_wconf 84' lang='lat' dir='ltr'><strong>le-</strong></span> 
     </span>
    </p>
   </div>
   <div class='ocr_carea' id='block_1_90' title="bbox 2243 4381 3844 4454">
    <p class='ocr_par' dir='ltr' id='par_1_90' title="bbox 2243 4381 3844 4454">
     <span class='ocr_line' id='line_1_90' title="bbox 2243 4381 3844 4454; baseline -0.001 -15"><span class='ocrx_word' id='word_1_660' title='bbox 2243 4386 2405 4454; x_wconf 89' lang='lat' dir='ltr'><strong>gisse,</strong></span> <span class='ocrx_word' id='word_1_661' title='bbox 2435 4382 2756 4452; x_wconf 84' lang='lat' dir='ltr'><strong>Gregorium</strong></span> <span class='ocrx_word' id='word_1_662' title='bbox 2785 4384 3033 4453; x_wconf 80' lang='lat' dir='ltr'><strong>Magndm</strong></span> <span class='ocrx_word' id='word_1_663' title='bbox 3058 4384 3220 4439; x_wconf 77' lang='lat' dir='ltr'><strong>fuisse</strong></span> <span class='ocrx_word' id='word_1_664' title='bbox 3247 4399 3370 4439; x_wconf 89' lang='lat' dir='ltr'><strong>eum</strong></span> <span class='ocrx_word' id='word_1_665' title='bbox 3390 4383 3706 4454; x_wconf 87' lang='lat' dir='ltr'><strong>pontiﬁcem</strong></span> <span class='ocrx_word' id='word_1_666' title='bbox 3745 4381 3844 4451; x_wconf 91' lang='lat' dir='ltr'><strong>qui</strong></span> 
     </span>
    </p>
   </div>
   <div class='ocr_carea' id='block_1_91' title="bbox 2243 4479 3840 4545">
    <p class='ocr_par' dir='ltr' id='par_1_91' title="bbox 2243 4479 3840 4545">
     <span class='ocr_line' id='line_1_91' title="bbox 2243 4479 3840 4545; baseline -0.003 -11"><span class='ocrx_word' id='word_1_667' title='bbox 2243 4479 2506 4534; x_wconf 90' lang='lat' dir='ltr'><strong>Isidorum</strong></span> <span class='ocrx_word' id='word_1_668' title='bbox 2531 4480 2799 4545; x_wconf 87' lang='lat' dir='ltr'><strong>evocavit,</strong></span> <span class='ocrx_word' id='word_1_669' title='bbox 2835 4488 2893 4533; x_wconf 94' lang='lat' dir='ltr'><strong>ut</strong></span> <span class='ocrx_word' id='word_1_670' title='bbox 2929 4480 3161 4535; x_wconf 89' lang='lat' dir='ltr'><strong>concilio</strong></span> <span class='ocrx_word' id='word_1_671' title='bbox 3209 4479 3458 4535; x_wconf 82' lang='lat' dir='ltr'><strong>Romano</strong></span> <span class='ocrx_word' id='word_1_672' title='bbox 3526 4479 3840 4532; x_wconf 89' lang='lat' dir='ltr'><strong>interesset.</strong></span> 
     </span>
    </p>
   </div>
   <div class='ocr_carea' id='block_1_92' title="bbox 2242 4571 3844 4642">
    <p class='ocr_par' dir='ltr' id='par_1_92' title="bbox 2242 4571 3844 4642">
     <span class='ocr_line' id='line_1_92' title="bbox 2242 4571 3844 4642; baseline -0.003 -15"><span class='ocrx_word' id='word_1_673' title='bbox 2242 4571 2527 4627; x_wconf 86' lang='lat' dir='ltr'><strong>Concludit</strong></span> <span class='ocrx_word' id='word_1_674' title='bbox 2550 4580 2748 4637; x_wconf 88' lang='lat' dir='ltr'><strong>autem,</strong></span> <span class='ocrx_word' id='word_1_675' title='bbox 2781 4572 2894 4627; x_wconf 64' lang='lat' dir='ltr'><strong>hrec</strong></span> <span class='ocrx_word' id='word_1_676' title='bbox 2915 4572 3180 4642; x_wconf 85' lang='lat' dir='ltr'><strong>proba-bili</strong></span> <span class='ocrx_word' id='word_1_677' title='bbox 3203 4572 3413 4626; x_wconf 90' lang='lat' dir='ltr'><strong>ratione</strong></span> <span class='ocrx_word' id='word_1_678' title='bbox 3449 4571 3604 4642; x_wconf 79' lang='lat'><strong>155</strong></span> <span class='ocrx_word' id='word_1_679' title='bbox 3626 4581 3844 4637; x_wconf 86' lang='lat' dir='ltr'><strong>carere,</strong></span> 
     </span>
    </p>
   </div>
   <div class='ocr_carea' id='block_1_93' title="bbox 547 4637 2137 4732">
    <p class='ocr_par' dir='ltr' id='par_1_93' title="bbox 547 4637 2133 4712">
     <span class='ocr_line' id='line_1_93' title="bbox 547 4637 2133 4712; baseline 0.006 -26"><span class='ocrx_word' id='word_1_680' title='bbox 547 4649 809 4691; x_wconf 86' lang='lat' dir='ltr'><strong>successor</strong></span> <span class='ocrx_word' id='word_1_681' title='bbox 839 4637 902 4692; x_wconf 90' lang='lat' dir='ltr'><strong>S.</strong></span> <span class='ocrx_word' id='word_1_682' title='bbox 948 4637 1163 4702; x_wconf 86' lang='lat' dir='ltr'><strong>Isidori,</strong></span> <span class='ocrx_word' id='word_1_683' title='bbox 1196 4640 1249 4692; x_wconf 92' lang='lat' dir='ltr'><strong>in</strong></span> <span class='ocrx_word' id='word_1_684' title='bbox 1279 4639 1578 4710; x_wconf 82' lang='lat' dir='ltr'><strong>episcopatu</strong></span> <span class='ocrx_word' id='word_1_685' title='bbox 1628 4640 1970 4712; x_wconf 80' lang='lat' dir='ltr'><strong>Hispalensi?</strong></span> <span class='ocrx_word' id='word_1_686' title='bbox 1999 4643 2133 4696; x_wconf 81' lang='lat' dir='ltr'><strong>Pro-</strong></span> 
     </span>
    </p>
   </div>
   <div class='ocr_carea' id='block_1_94' title="bbox 2245 4637 3843 4732">
    <p class='ocr_par' dir='ltr' id='par_1_94' title="bbox 2245 4637 3843 4732">
     <span class='ocr_line' id='line_1_94' title="bbox 2245 4637 3843 4732; baseline -0.001 -15"><span class='ocrx_word' id='word_1_687' title='bbox 2245 4679 2360 4717; x_wconf 86' lang='lat' dir='ltr'><strong>cum</strong></span> <span class='ocrx_word' id='word_1_688' title='bbox 2383 4663 2440 4716; x_wconf 91' lang='lat' dir='ltr'><strong>S.</strong></span> <span class='ocrx_word' id='word_1_689' title='bbox 2468 4661 2714 4731; x_wconf 84' lang='lat' dir='ltr'><strong>Gregorii</strong></span> <span class='ocrx_word' id='word_1_690' title='bbox 2744 4637 3033 4732; x_wconf 77' lang='lat' dir='ltr'><strong>postremis</strong></span> <span class='ocrx_word' id='word_1_691' title='bbox 3063 4663 3240 4730; x_wconf 88' lang='lat' dir='ltr'><strong>annis,</strong></span> <span class='ocrx_word' id='word_1_692' title='bbox 3267 4637 3706 4732; x_wconf 50' lang='lat' dir='ltr'><strong>quibus—mqualis</strong></span> <span class='ocrx_word' id='word_1_693' title='bbox 3737 4659 3843 4715; x_wconf 84' lang='lat' dir='ltr'><strong>luit</strong></span> 
     </span>
    </p>
   </div>
   <div class='ocr_carea' id='block_1_95' title="bbox 551 4731 2127 4808">
    <p class='ocr_par' dir='ltr' id='par_1_95' title="bbox 551 4731 2127 4808">
     <span class='ocr_line' id='line_1_95' title="bbox 551 4731 2127 4808; baseline 0.007 -27"><span class='ocrx_word' id='word_1_694' title='bbox 551 4731 714 4799; x_wconf 86' lang='lat' dir='ltr'><strong>fertur</strong></span> <span class='ocrx_word' id='word_1_695' title='bbox 735 4741 784 4783; x_wconf 90' lang='lat' dir='ltr'><strong>et</strong></span> <span class='ocrx_word' id='word_1_696' title='bbox 807 4734 1113 4802; x_wconf 73' lang='lat' dir='ltr'><strong>expenditur</strong></span> <span class='ocrx_word' id='word_1_697' title='bbox 1162 4734 1511 4789; x_wconf 88' lang='lat' dir='ltr'><strong>testimonium</strong></span> <span class='ocrx_word' id='word_1_698' title='bbox 1541 4739 1747 4790; x_wconf 89' lang='lat' dir='ltr'><strong>nomine</strong></span> <span class='ocrx_word' id='word_1_699' title='bbox 1773 4737 1832 4792; x_wconf 91' lang='lat' dir='ltr'><strong>S.</strong></span> <span class='ocrx_word' id='word_1_700' title='bbox 1871 4737 2127 4808; x_wconf 90' lang='lat' dir='ltr'><strong>Ildefonsi</strong></span> 
     </span>
    </p>
   </div>
   <div class='ocr_carea' id='block_1_96' title="bbox 553 4819 2131 4885">
    <p class='ocr_par' dir='ltr' id='par_1_96' title="bbox 553 4819 2131 4885">
     <span class='ocr_line' id='line_1_96' title="bbox 553 4819 2131 4885; baseline 0.006 -10"><span class='ocrx_word' id='word_1_701' title='bbox 553 4819 785 4875; x_wconf 86' lang='lat' dir='ltr'><strong>Toletani</strong></span> <span class='ocrx_word' id='word_1_702' title='bbox 805 4838 864 4875; x_wconf 93' lang='lat' dir='ltr'><strong>ea</strong></span> <span class='ocrx_word' id='word_1_703' title='bbox 893 4823 954 4877; x_wconf 89' lang='lat' dir='ltr'><strong>de</strong></span> <span class='ocrx_word' id='word_1_704' title='bbox 977 4841 1033 4877; x_wconf 90' lang='lat' dir='ltr'><strong>re</strong></span> <span class='ocrx_word' id='word_1_705' title='bbox 1059 4840 1092 4876; x_wconf 89' lang='lat' dir='ltr'><strong>a</strong></span> <span class='ocrx_word' id='word_1_706' title='bbox 1129 4822 1272 4878; x_wconf 81' lang='lat' dir='ltr'><strong>Luca</strong></span> <span class='ocrx_word' id='word_1_707' title='bbox 1303 4824 1530 4882; x_wconf 85' lang='lat' dir='ltr'><strong>Tudensi</strong></span> <span class='ocrx_word' id='word_1_708' title='bbox 1584 4829 1792 4883; x_wconf 86' lang='lat' dir='ltr'><strong>editum.</strong></span> <span class='ocrx_word' id='word_1_709' title='bbox 1833 4828 2017 4883; x_wconf 82' lang='lat' dir='ltr'><strong>Verum</strong></span> <span class='ocrx_word' id='word_1_710' title='bbox 2044 4848 2131 4885; x_wconf 88' lang='lat' dir='ltr'><strong>os-</strong></span> 
     </span>
    </p>
   </div>
   <div class='ocr_carea' id='block_1_97' title="bbox 552 4914 2133 4993">
    <p class='ocr_par' dir='ltr' id='par_1_97' title="bbox 552 4914 2133 4993">
     <span class='ocr_line' id='line_1_97' title="bbox 552 4914 2133 4993; baseline 0.005 -26"><span class='ocrx_word' id='word_1_711' title='bbox 552 4914 795 4982; x_wconf 84' lang='lat' dir='ltr'><strong>tenditur,</strong></span> <span class='ocrx_word' id='word_1_712' title='bbox 811 4914 938 4970; x_wconf 87' lang='lat' dir='ltr'><strong>illud</strong></span> <span class='ocrx_word' id='word_1_713' title='bbox 966 4933 1077 4970; x_wconf 88' lang='lat' dir='ltr'><strong>esse</strong></span> <span class='ocrx_word' id='word_1_714' title='bbox 1095 4925 1186 4971; x_wconf 83' lang='lat' dir='ltr'><strong>aut</strong></span> <span class='ocrx_word' id='word_1_715' title='bbox 1206 4921 1609 4990; x_wconf 86' lang='lat' dir='ltr'><strong>supposititium,</strong></span> <span class='ocrx_word' id='word_1_716' title='bbox 1636 4931 1725 4975; x_wconf 86' lang='lat' dir='ltr'><strong>aut</strong></span> <span class='ocrx_word' id='word_1_717' title='bbox 1752 4922 1899 4976; x_wconf 86' lang='lat' dir='ltr'><strong>valde</strong></span> <span class='ocrx_word' id='word_1_718' title='bbox 1924 4939 2133 4993; x_wconf 87' lang='lat' dir='ltr'><strong>suspec-</strong></span> 
     </span>
    </p>
   </div>
   <div class='ocr_carea' id='block_1_98' title="bbox 551 5017 676 5062">
    <p class='ocr_par' dir='ltr' id='par_1_98' title="bbox 551 5017 676 5062">
     <span class='ocr_line' id='line_1_98' title="bbox 551 5017 676 5062; baseline 0 0"><span class='ocrx_word' id='word_1_719' title='bbox 551 5017 676 5062; x_wconf 86' lang='lat' dir='ltr'><strong>tum.</strong></span> 
     </span>
    </p>
   </div>
   <div class='ocr_carea' id='block_1_99' title="bbox 623 5124 2133 5202">
    <p class='ocr_par' dir='ltr' id='par_1_99' title="bbox 623 5124 2133 5202">
     <span class='ocr_line' id='line_1_99' title="bbox 623 5124 2133 5202; baseline 0.006 -24"><span class='ocrx_word' id='word_1_720' title='bbox 623 5124 676 5179; x_wconf 91' lang='lat'><strong>6.</strong></span> <span class='ocrx_word' id='word_1_721' title='bbox 717 5125 966 5183; x_wconf 92' lang='lat' dir='ltr'><strong>Nonnulli</strong></span> <span class='ocrx_word' id='word_1_722' title='bbox 1018 5131 1393 5202; x_wconf 89' lang='lat' dir='ltr'><strong>contendunt,</strong></span> <span class='ocrx_word' id='word_1_723' title='bbox 1441 5133 1727 5202; x_wconf 91' lang='lat' dir='ltr'><strong>primatum</strong></span> <span class='ocrx_word' id='word_1_724' title='bbox 1782 5131 2133 5188; x_wconf 87' lang='lat' dir='ltr'><strong>ecclesiarum</strong></span> 
     </span>
    </p>
   </div>
   <div class='ocr_carea' id='block_1_100' title="bbox 552 5216 2141 5294">
    <p class='ocr_par' dir='ltr' id='par_1_100' title="bbox 552 5216 2141 5294">
     <span class='ocr_line' id='line_1_100' title="bbox 552 5216 2141 5294; baseline 0.006 -25"><span class='ocrx_word' id='word_1_725' title='bbox 552 5216 818 5287; x_wconf 70' lang='lat' dir='ltr'><strong>llispanice</strong></span> <span class='ocrx_word' id='word_1_726' title='bbox 837 5217 946 5286; x_wconf 90' lang='lat' dir='ltr'><strong>jam</strong></span> <span class='ocrx_word' id='word_1_727' title='bbox 973 5220 1101 5276; x_wconf 89' lang='lat' dir='ltr'><strong>olim</strong></span> <span class='ocrx_word' id='word_1_728' title='bbox 1155 5238 1322 5294; x_wconf 88' lang='lat' dir='ltr'><strong>penes</strong></span> <span class='ocrx_word' id='word_1_729' title='bbox 1353 5224 1824 5293; x_wconf 86' lang='lat' dir='ltr'><strong>metropolitanum</strong></span> <span class='ocrx_word' id='word_1_730' title='bbox 1856 5221 2141 5291; x_wconf 83' lang='lat' dir='ltr'><strong>Hispalen-</strong></span> 
     </span>
    </p>
   </div>
   <div class='ocr_carea' id='block_1_101' title="bbox 553 5310 2145 5384">
    <p class='ocr_par' dir='ltr' id='par_1_101' title="bbox 553 5310 2145 5384">
     <span class='ocr_line' id='line_1_101' title="bbox 553 5310 2145 5384; baseline 0.006 -21"><span class='ocrx_word' id='word_1_731' title='bbox 553 5325 666 5363; x_wconf 87' lang='lat' dir='ltr'><strong>sem</strong></span> <span class='ocrx_word' id='word_1_732' title='bbox 696 5310 978 5381; x_wconf 90' lang='lat' dir='ltr'><strong>resedisse,</strong></span> <span class='ocrx_word' id='word_1_733' title='bbox 1002 5314 1146 5383; x_wconf 90' lang='lat' dir='ltr'><strong>quod</strong></span> <span class='ocrx_word' id='word_1_734' title='bbox 1170 5316 1294 5369; x_wconf 89' lang='lat' dir='ltr'><strong>inde</strong></span> <span class='ocrx_word' id='word_1_735' title='bbox 1315 5314 1657 5378; x_wconf 88' lang='lat' dir='ltr'><strong>conﬁrmant,</strong></span> <span class='ocrx_word' id='word_1_736' title='bbox 1681 5315 1804 5383; x_wconf 89' lang='lat' dir='ltr'><strong>quia</strong></span> <span class='ocrx_word' id='word_1_737' title='bbox 1839 5313 2145 5384; x_wconf 91' lang='lat' dir='ltr'><strong>Simplicius</strong></span> 
     </span>
    </p>
   </div>
   <div class='ocr_carea' id='block_1_102' title="bbox 556 5398 2146 5477">
    <p class='ocr_par' dir='ltr' id='par_1_102' title="bbox 556 5398 2146 5477">
     <span class='ocr_line' id='line_1_102' title="bbox 556 5398 2146 5477; baseline 0.008 -25"><span class='ocrx_word' id='word_1_738' title='bbox 556 5398 832 5454; x_wconf 86' lang='lat' dir='ltr'><strong>Romanus</strong></span> <span class='ocrx_word' id='word_1_739' title='bbox 862 5403 1104 5471; x_wconf 80' lang='lat' dir='ltr'><strong>pontifex</strong></span> <span class='ocrx_word' id='word_1_740' title='bbox 1125 5403 1398 5460; x_wconf 88' lang='lat' dir='ltr'><strong>Zenonem</strong></span> <span class='ocrx_word' id='word_1_741' title='bbox 1449 5406 1745 5459; x_wconf 88' lang='lat' dir='ltr'><strong>antistitem</strong></span> <span class='ocrx_word' id='word_1_742' title='bbox 1775 5403 2146 5477; x_wconf 88' lang='lat' dir='ltr'><strong>Hispalensem</strong></span> 
     </span>
    </p>
   </div>
   <div class='ocr_carea' id='block_1_103' title="bbox 554 5493 2146 5560">
    <p class='ocr_par' dir='ltr' id='par_1_103' title="bbox 554 5493 2146 5560">
     <span class='ocr_line' id='line_1_103' title="bbox 554 5493 2146 5560; baseline 0.008 -15"><span class='ocrx_word' id='word_1_743' title='bbox 554 5493 808 5549; x_wconf 87' lang='lat' dir='ltr'><strong>vicarium</strong></span> <span class='ocrx_word' id='word_1_744' title='bbox 859 5512 1012 5550; x_wconf 89' lang='lat' dir='ltr'><strong>suum</strong></span> <span class='ocrx_word' id='word_1_745' title='bbox 1069 5499 1390 5560; x_wconf 90' lang='lat' dir='ltr'><strong>constituit,</strong></span> <span class='ocrx_word' id='word_1_746' title='bbox 1449 5508 1504 5552; x_wconf 88' lang='lat' dir='ltr'><strong>et</strong></span> <span class='ocrx_word' id='word_1_747' title='bbox 1560 5497 1840 5554; x_wconf 88' lang='lat' dir='ltr'><strong>Hormisda</strong></span> <span class='ocrx_word' id='word_1_748' title='bbox 1891 5500 2146 5558; x_wconf 88' lang='lat' dir='ltr'><strong>Sallustio</strong></span> 
     </span>
    </p>
   </div>
   <div class='ocr_carea' id='block_1_104' title="bbox 556 5587 2145 5663">
    <p class='ocr_par' dir='ltr' id='par_1_104' title="bbox 556 5587 2145 5663">
     <span class='ocr_line' id='line_1_104' title="bbox 556 5587 2145 5663; baseline 0.008 -24"><span class='ocrx_word' id='word_1_749' title='bbox 556 5587 808 5658; x_wconf 85' lang='lat' dir='ltr'><strong>episcopo</strong></span> <span class='ocrx_word' id='word_1_750' title='bbox 842 5589 1146 5660; x_wconf 87' lang='lat' dir='ltr'><strong>Hispalensi</strong></span> <span class='ocrx_word' id='word_1_751' title='bbox 1167 5592 1311 5645; x_wconf 90' lang='lat' dir='ltr'><strong>vices</strong></span> <span class='ocrx_word' id='word_1_752' title='bbox 1359 5605 1485 5646; x_wconf 81' lang='lat' dir='ltr'><strong>suas</strong></span> <span class='ocrx_word' id='word_1_753' title='bbox 1517 5593 1569 5646; x_wconf 92' lang='lat' dir='ltr'><strong>in</strong></span> <span class='ocrx_word' id='word_1_754' title='bbox 1600 5593 1883 5663; x_wconf 91' lang='lat' dir='ltr'><strong>provinciis</strong></span> <span class='ocrx_word' id='word_1_755' title='bbox 1936 5596 2145 5652; x_wconf 78' lang='lat' dir='ltr'><strong>Baetica:</strong></span> 
     </span>
    </p>
   </div>
   <div class='ocr_carea' id='block_1_105' title="bbox 555 5678 2141 5753">
    <p class='ocr_par' dir='ltr' id='par_1_105' title="bbox 555 5678 2141 5753">
     <span class='ocr_line' id='line_1_105' title="bbox 555 5678 2141 5753; baseline 0.004 -18"><span class='ocrx_word' id='word_1_756' title='bbox 555 5687 609 5735; x_wconf 87' lang='lat' dir='ltr'><strong>et</strong></span> <span class='ocrx_word' id='word_1_757' title='bbox 629 5678 917 5737; x_wconf 65' lang='lat' dir='ltr'><strong>Lusitaniae</strong></span> <span class='ocrx_word' id='word_1_758' title='bbox 942 5682 1232 5737; x_wconf 91' lang='lat' dir='ltr'><strong>commisit.</strong></span> <span class='ocrx_word' id='word_1_759' title='bbox 1265 5681 1395 5746; x_wconf 61' lang='lat' dir='ltr'><strong>Quae</strong></span> <span class='ocrx_word' id='word_1_760' title='bbox 1423 5691 1600 5738; x_wconf 89' lang='lat' dir='ltr'><strong>tamen</strong></span> <span class='ocrx_word' id='word_1_761' title='bbox 1624 5683 1842 5739; x_wconf 89' lang='lat' dir='ltr'><strong>minime</strong></span> <span class='ocrx_word' id='word_1_762' title='bbox 1868 5687 2141 5753; x_wconf 86' lang='lat' dir='ltr'><strong>evincunt,</strong></span> 
     </span>
    </p>
   </div>
   <div class='ocr_carea' id='block_1_106' title="bbox 556 5774 2143 5846">
    <p class='ocr_par' dir='ltr' id='par_1_106' title="bbox 556 5774 2143 5846">
     <span class='ocr_line' id='line_1_106' title="bbox 556 5774 2143 5846; baseline 0.006 -19"><span class='ocrx_word' id='word_1_763' title='bbox 556 5774 670 5829; x_wconf 90' lang='lat' dir='ltr'><strong>sedi</strong></span> <span class='ocrx_word' id='word_1_764' title='bbox 697 5774 1001 5843; x_wconf 75' lang='lat' dir='ltr'><strong>HiSpalensi</strong></span> <span class='ocrx_word' id='word_1_765' title='bbox 1030 5784 1123 5830; x_wconf 91' lang='lat' dir='ltr'><strong>aut</strong></span> <span class='ocrx_word' id='word_1_766' title='bbox 1152 5791 1219 5829; x_wconf 80' lang='lat' dir='ltr'><strong>ex</strong></span> <span class='ocrx_word' id='word_1_767' title='bbox 1251 5776 1468 5846; x_wconf 89' lang='lat' dir='ltr'><strong>antiqua</strong></span> <span class='ocrx_word' id='word_1_768' title='bbox 1502 5779 1906 5846; x_wconf 85' lang='lat' dir='ltr'><strong>consuetudine,</strong></span> <span class='ocrx_word' id='word_1_769' title='bbox 1941 5791 2032 5836; x_wconf 91' lang='lat' dir='ltr'><strong>aut</strong></span> <span class='ocrx_word' id='word_1_770' title='bbox 2075 5797 2143 5838; x_wconf 84' lang='lat' dir='ltr'><strong>ex</strong></span> 
     </span>
    </p>
   </div>
   <div class='ocr_carea' id='block_1_107' title="bbox 555 5864 2141 5942">
    <p class='ocr_par' dir='ltr' id='par_1_107' title="bbox 555 5864 2141 5942">
     <span class='ocr_line' id='line_1_107' title="bbox 555 5864 2141 5942; baseline 0.008 -27"><span class='ocrx_word' id='word_1_771' title='bbox 555 5865 833 5939; x_wconf 82' lang='lat' dir='ltr'><strong>privilegio</strong></span> <span class='ocrx_word' id='word_1_772' title='bbox 859 5864 1041 5934; x_wconf 89' lang='lat' dir='ltr'><strong>aliquo</strong></span> <span class='ocrx_word' id='word_1_773' title='bbox 1072 5866 1345 5939; x_wconf 88' lang='lat' dir='ltr'><strong>pontiﬁcio</strong></span> <span class='ocrx_word' id='word_1_774' title='bbox 1373 5881 1640 5924; x_wconf 78' lang='lat' dir='ltr'><strong>annexum</strong></span> <span class='ocrx_word' id='word_1_775' title='bbox 1665 5867 1826 5926; x_wconf 82' lang='lat' dir='ltr'><strong>fuisse</strong></span> <span class='ocrx_word' id='word_1_776' title='bbox 1855 5871 2141 5942; x_wconf 86' lang='lat' dir='ltr'><strong>primatum</strong></span> 
     </span>
    </p>
   </div>
   <div class='ocr_carea' id='block_1_108' title="bbox 2237 4755 3845 4826">
    <p class='ocr_par' dir='ltr' id='par_1_108' title="bbox 2237 4755 3845 4826">
     <span class='ocr_line' id='line_1_108' title="bbox 2237 4755 3845 4826; baseline 0 -16"><span class='ocrx_word' id='word_1_777' title='bbox 2237 4756 2666 4825; x_wconf 88' lang='lat' dir='ltr'><strong>lsidorus,atque</strong></span> <span class='ocrx_word' id='word_1_778' title='bbox 2696 4757 2822 4812; x_wconf 89' lang='lat' dir='ltr'><strong>item</strong></span> <span class='ocrx_word' id='word_1_779' title='bbox 2860 4757 3103 4826; x_wconf 79' lang='lat' dir='ltr'><strong>ejusdem</strong></span> <span class='ocrx_word' id='word_1_780' title='bbox 3133 4773 3505 4815; x_wconf 87' lang='lat' dir='ltr'><strong>successorum</strong></span> <span class='ocrx_word' id='word_1_781' title='bbox 3532 4755 3845 4820; x_wconf 85' lang='lat' dir='ltr'><strong>Sabiniani.</strong></span> 
     </span>
    </p>
   </div>
   <div class='ocr_carea' id='block_1_109' title="bbox 2240 4847 3844 4918">
    <p class='ocr_par' dir='ltr' id='par_1_109' title="bbox 2240 4847 3844 4918">
     <span class='ocr_line' id='line_1_109' title="bbox 2240 4847 3844 4918; baseline 0.001 -18"><span class='ocrx_word' id='word_1_782' title='bbox 2240 4847 2497 4902; x_wconf 82' lang='lat' dir='ltr'><strong>Bonifacii</strong></span> <span class='ocrx_word' id='word_1_783' title='bbox 2525 4847 2615 4916; x_wconf 90' lang='lat' dir='ltr'><strong>III,</strong></span> <span class='ocrx_word' id='word_1_784' title='bbox 2647 4849 2908 4906; x_wconf 78' lang='lat' dir='ltr'><strong>Bonifacii</strong></span> <span class='ocrx_word' id='word_1_785' title='bbox 2929 4848 3018 4914; x_wconf 90' lang='lat' dir='ltr'><strong>IV,</strong></span> <span class='ocrx_word' id='word_1_786' title='bbox 3051 4849 3363 4918; x_wconf 88' lang='lat' dir='ltr'><strong>Deusdedit,</strong></span> <span class='ocrx_word' id='word_1_787' title='bbox 3391 4847 3654 4904; x_wconf 79' lang='lat' dir='ltr'><strong>Bonifacii</strong></span> <span class='ocrx_word' id='word_1_788' title='bbox 3675 4847 3719 4901; x_wconf 90' lang='lat' dir='ltr'><strong>V</strong></span> <span class='ocrx_word' id='word_1_789' title='bbox 3744 4891 3759 4914; x_wconf 91' lang='lat'><strong>,</strong></span> <span class='ocrx_word' id='word_1_790' title='bbox 3787 4857 3844 4904; x_wconf 90' lang='lat' dir='ltr'><strong>et</strong></span> 
     </span>
    </p>
   </div>
   <div class='ocr_carea' id='block_1_110' title="bbox 2240 4937 3841 5012">
    <p class='ocr_par' dir='ltr' id='par_1_110' title="bbox 2240 4937 3841 5012">
     <span class='ocr_line' id='line_1_110' title="bbox 2240 4937 3841 5012; baseline 0.001 -20"><span class='ocrx_word' id='word_1_791' title='bbox 2240 4937 2464 4993; x_wconf 87' lang='lat' dir='ltr'><strong>Honorii</strong></span> <span class='ocrx_word' id='word_1_792' title='bbox 2495 4939 2539 5006; x_wconf 92' lang='lat' dir='ltr'><strong>I,</strong></span> <span class='ocrx_word' id='word_1_793' title='bbox 2571 4941 2669 4995; x_wconf 90' lang='lat' dir='ltr'><strong>sub</strong></span> <span class='ocrx_word' id='word_1_794' title='bbox 2700 4957 2807 5012; x_wconf 90' lang='lat' dir='ltr'><strong>quo</strong></span> <span class='ocrx_word' id='word_1_795' title='bbox 2833 4942 3160 4997; x_wconf 82' lang='lat' dir='ltr'><strong>exstinctum</strong></span> <span class='ocrx_word' id='word_1_796' title='bbox 3189 4949 3269 4995; x_wconf 90' lang='lat' dir='ltr'><strong>est</strong></span> <span class='ocrx_word' id='word_1_797' title='bbox 3292 4942 3471 4995; x_wconf 88' lang='lat' dir='ltr'><strong>lumen</strong></span> <span class='ocrx_word' id='word_1_798' title='bbox 3503 4941 3606 4994; x_wconf 90' lang='lat' dir='ltr'><strong>hoc</strong></span> <span class='ocrx_word' id='word_1_799' title='bbox 3636 4937 3841 5009; x_wconf 87' lang='lat' dir='ltr'><strong>Hispa-</strong></span> 
     </span>
    </p>
   </div>
   <div class='ocr_carea' id='block_1_111' title="bbox 2243 5033 3840 5106">
    <p class='ocr_par' dir='ltr' id='par_1_111' title="bbox 2243 5033 3840 5106">
     <span class='ocr_line' id='line_1_111' title="bbox 2243 5033 3840 5106; baseline -0.001 -18"><span class='ocrx_word' id='word_1_800' title='bbox 2243 5033 2473 5099; x_wconf 89' lang='lat' dir='ltr'><strong>niarum,</strong></span> <span class='ocrx_word' id='word_1_801' title='bbox 2520 5037 2850 5106; x_wconf 82' lang='lat' dir='ltr'><strong>temporibus</strong></span> <span class='ocrx_word' id='word_1_802' title='bbox 2880 5052 2986 5091; x_wconf 93' lang='lat' dir='ltr'><strong>non</strong></span> <span class='ocrx_word' id='word_1_803' title='bbox 3014 5035 3186 5090; x_wconf 91' lang='lat' dir='ltr'><strong>ullum</strong></span> <span class='ocrx_word' id='word_1_804' title='bbox 3234 5033 3488 5102; x_wconf 84' lang='lat' dir='ltr'><strong>generale</strong></span> <span class='ocrx_word' id='word_1_805' title='bbox 3544 5033 3840 5088; x_wconf 89' lang='lat' dir='ltr'><strong>concilium</strong></span> 
     </span>
    </p>
   </div>
   <div class='ocr_carea' id='block_1_112' title="bbox 2245 5125 3845 5198">
    <p class='ocr_par' dir='ltr' id='par_1_112' title="bbox 2245 5125 3845 5198">
     <span class='ocr_line' id='line_1_112' title="bbox 2245 5125 3845 5198; baseline -0.001 -17"><span class='ocrx_word' id='word_1_806' title='bbox 2245 5126 2300 5181; x_wconf 91' lang='lat' dir='ltr'><strong>in</strong></span> <span class='ocrx_word' id='word_1_807' title='bbox 2332 5128 2463 5182; x_wconf 88' lang='lat' dir='ltr'><strong>urbe</strong></span> <span class='ocrx_word' id='word_1_808' title='bbox 2492 5129 2819 5183; x_wconf 90' lang='lat' dir='ltr'><strong>celebratum</strong></span> <span class='ocrx_word' id='word_1_809' title='bbox 2851 5129 3027 5196; x_wconf 82' lang='lat' dir='ltr'><strong>fuerit,</strong></span> <span class='ocrx_word' id='word_1_810' title='bbox 3060 5144 3167 5198; x_wconf 93' lang='lat' dir='ltr'><strong>quo</strong></span> <span class='ocrx_word' id='word_1_811' title='bbox 3194 5127 3442 5182; x_wconf 89' lang='lat' dir='ltr'><strong>debuerit</strong></span> <span class='ocrx_word' id='word_1_812' title='bbox 3463 5125 3678 5181; x_wconf 86' lang='lat' dir='ltr'><strong>evocari</strong></span> <span class='ocrx_word' id='word_1_813' title='bbox 3705 5141 3845 5194; x_wconf 71' lang='lat' dir='ltr'><strong>prte-</strong></span> 
     </span>
    </p>
   </div>
   <div class='ocr_carea' id='block_1_113' title="bbox 2247 5217 3844 5288">
    <p class='ocr_par' dir='ltr' id='par_1_113' title="bbox 2247 5217 3844 5288">
     <span class='ocr_line' id='line_1_113' title="bbox 2247 5217 3844 5288; baseline -0.004 -13"><span class='ocrx_word' id='word_1_814' title='bbox 2247 5219 2330 5275; x_wconf 90' lang='lat' dir='ltr'><strong>sul</strong></span> <span class='ocrx_word' id='word_1_815' title='bbox 2361 5218 2711 5286; x_wconf 86' lang='lat' dir='ltr'><strong>Hispalensis.</strong></span> <span class='ocrx_word' id='word_1_816' title='bbox 2761 5219 2831 5272; x_wconf 84' lang='lat' dir='ltr'><strong>At</strong></span> <span class='ocrx_word' id='word_1_817' title='bbox 2881 5220 2998 5274; x_wconf 58' lang='lat' dir='ltr'><strong>haec</strong></span> <span class='ocrx_word' id='word_1_818' title='bbox 3047 5219 3278 5288; x_wconf 84' lang='lat' dir='ltr'><strong>probare</strong></span> <span class='ocrx_word' id='word_1_819' title='bbox 3331 5217 3546 5288; x_wconf 90' lang='lat' dir='ltr'><strong>quidem</strong></span> <span class='ocrx_word' id='word_1_820' title='bbox 3591 5224 3844 5285; x_wconf 89' lang='lat' dir='ltr'><strong>possunt,</strong></span> 
     </span>
    </p>
   </div>
   <div class='ocr_carea' id='block_1_114' title="bbox 2247 5311 3844 5382">
    <p class='ocr_par' dir='ltr' id='par_1_114' title="bbox 2247 5311 3844 5382">
     <span class='ocr_line' id='line_1_114' title="bbox 2247 5311 3844 5382; baseline -0.001 -15"><span class='ocrx_word' id='word_1_821' title='bbox 2247 5313 2437 5370; x_wconf 88' lang='lat' dir='ltr'><strong>lalsum</strong></span> <span class='ocrx_word' id='word_1_822' title='bbox 2469 5330 2588 5368; x_wconf 82' lang='lat' dir='ltr'><strong>esse</strong></span> <span class='ocrx_word' id='word_1_823' title='bbox 2618 5313 2930 5382; x_wconf 88' lang='lat' dir='ltr'><strong>adjunctum</strong></span> <span class='ocrx_word' id='word_1_824' title='bbox 2961 5314 3027 5368; x_wconf 90' lang='lat' dir='ltr'><strong>de</strong></span> <span class='ocrx_word' id='word_1_825' title='bbox 3054 5314 3287 5368; x_wconf 93' lang='lat' dir='ltr'><strong>concilio</strong></span> <span class='ocrx_word' id='word_1_826' title='bbox 3329 5311 3568 5381; x_wconf 85' lang='lat' dir='ltr'><strong>generali</strong></span> <span class='ocrx_word' id='word_1_827' title='bbox 3610 5311 3755 5381; x_wconf 88' lang='lat' dir='ltr'><strong>quod</strong></span> <span class='ocrx_word' id='word_1_828' title='bbox 3788 5312 3844 5366; x_wconf 89' lang='lat' dir='ltr'><strong>in</strong></span> 
     </span>
    </p>
   </div>
   <div class='ocr_carea' id='block_1_115' title="bbox 2250 5403 3843 5475">
    <p class='ocr_par' dir='ltr' id='par_1_115' title="bbox 2250 5403 3843 5475">
     <span class='ocr_line' id='line_1_115' title="bbox 2250 5403 3843 5475; baseline 0 -17"><span class='ocrx_word' id='word_1_829' title='bbox 2250 5403 2572 5460; x_wconf 90' lang='lat' dir='ltr'><strong>lectionibus</strong></span> <span class='ocrx_word' id='word_1_830' title='bbox 2604 5405 2839 5475; x_wconf 87' lang='lat' dir='ltr'><strong>antiquis</strong></span> <span class='ocrx_word' id='word_1_831' title='bbox 2860 5405 3164 5475; x_wconf 86' lang='lat' dir='ltr'><strong>reperitur;</strong></span> <span class='ocrx_word' id='word_1_832' title='bbox 3195 5405 3696 5474; x_wconf 88' lang='lat' dir='ltr'><strong>interpretationem</strong></span> <span class='ocrx_word' id='word_1_833' title='bbox 3745 5419 3843 5458; x_wconf 82' lang='lat' dir='ltr'><strong>au-</strong></span> 
     </span>
    </p>
   </div>
   <div class='ocr_carea' id='block_1_116' title="bbox 2254 5497 3846 5570">
    <p class='ocr_par' dir='ltr' id='par_1_116' title="bbox 2254 5497 3846 5570">
     <span class='ocr_line' id='line_1_116' title="bbox 2254 5497 3846 5570; baseline 0.003 -20"><span class='ocrx_word' id='word_1_834' title='bbox 2254 5506 2362 5552; x_wconf 90' lang='lat' dir='ltr'><strong>tem</strong></span> <span class='ocrx_word' id='word_1_835' title='bbox 2391 5497 2866 5553; x_wconf 86' lang='lat' dir='ltr'><strong>Bollandianorum</strong></span> <span class='ocrx_word' id='word_1_836' title='bbox 2895 5499 2962 5554; x_wconf 92' lang='lat' dir='ltr'><strong>de</strong></span> <span class='ocrx_word' id='word_1_837' title='bbox 2990 5499 3199 5568; x_wconf 80' lang='lat' dir='ltr'><strong>synodo</strong></span> <span class='ocrx_word' id='word_1_838' title='bbox 3227 5516 3333 5555; x_wconf 90' lang='lat' dir='ltr'><strong>non</strong></span> <span class='ocrx_word' id='word_1_839' title='bbox 3359 5499 3590 5570; x_wconf 89' lang='lat' dir='ltr'><strong>publica,</strong></span> <span class='ocrx_word' id='word_1_840' title='bbox 3611 5498 3727 5554; x_wconf 83' lang='lat' dir='ltr'><strong>sive</strong></span> <span class='ocrx_word' id='word_1_841' title='bbox 3752 5513 3846 5554; x_wconf 89' lang='lat' dir='ltr'><strong>so-</strong></span> 
     </span>
    </p>
   </div>
   <div class='ocr_carea' id='block_1_117' title="bbox 2252 5572 2914 5656">
    <p class='ocr_par' dir='ltr' id='par_1_117' title="bbox 2252 5572 2914 5656">
     <span class='ocr_line' id='line_1_117' title="bbox 2252 5572 2914 5656; baseline 0.005 -13"><span class='ocrx_word' id='word_1_842' title='bbox 2252 5589 2437 5656; x_wconf 91' lang='lat' dir='ltr'><strong>lemni,</strong></span> <span class='ocrx_word' id='word_1_843' title='bbox 2471 5608 2576 5646; x_wconf 90' lang='lat' dir='ltr'><strong>non</strong></span> <span class='ocrx_word' id='word_1_844' title='bbox 2610 5572 2914 5646; x_wconf 81' lang='lat' dir='ltr'><strong>debilitant.</strong></span> 
     </span>
    </p>
   </div>
   <div class='ocr_carea' id='block_1_118' title="bbox 2322 5684 3842 5757">
    <p class='ocr_par' dir='ltr' id='par_1_118' title="bbox 2322 5684 3842 5757">
     <span class='ocr_line' id='line_1_118' title="bbox 2322 5684 3842 5757; baseline 0.002 -19"><span class='ocrx_word' id='word_1_845' title='bbox 2322 5684 2374 5738; x_wconf 79' lang='grc'>5.</span> <span class='ocrx_word' id='word_1_846' title='bbox 2417 5684 2683 5755; x_wconf 86' lang='lat' dir='ltr'><strong>Tamayus</strong></span> <span class='ocrx_word' id='word_1_847' title='bbox 2733 5685 2784 5738; x_wconf 91' lang='lat' dir='ltr'><strong>in</strong></span> <span class='ocrx_word' id='word_1_848' title='bbox 2811 5684 3088 5755; x_wconf 84' lang='lat' dir='ltr'><strong>Martyrol.</strong></span> <span class='ocrx_word' id='word_1_849' title='bbox 3123 5684 3272 5754; x_wconf 85' lang='lat' dir='ltr'><strong>Hisp.</strong></span> <span class='ocrx_word' id='word_1_850' title='bbox 3305 5686 3501 5755; x_wconf 92' lang='lat' dir='ltr'><strong>allegat</strong></span> <span class='ocrx_word' id='word_1_851' title='bbox 3529 5692 3842 5757; x_wconf 82' lang='lat' dir='ltr'><strong>pervetusta</strong></span> 
     </span>
    </p>
   </div>
   <div class='ocr_carea' id='block_1_119' title="bbox 2250 5776 3844 5850">
    <p class='ocr_par' dir='ltr' id='par_1_119' title="bbox 2250 5776 3844 5850">
     <span class='ocr_line' id='line_1_119' title="bbox 2250 5776 3844 5850; baseline 0 -20"><span class='ocrx_word' id='word_1_852' title='bbox 2250 5776 2520 5847; x_wconf 82' lang='lat' dir='ltr'><strong>Hispaniae</strong></span> <span class='ocrx_word' id='word_1_853' title='bbox 2549 5777 2841 5844; x_wconf 88' lang='lat' dir='ltr'><strong>Breviaria,</strong></span> <span class='ocrx_word' id='word_1_854' title='bbox 2873 5778 3163 5846; x_wconf 84' lang='lat' dir='ltr'><strong>Abulense,</strong></span> <span class='ocrx_word' id='word_1_855' title='bbox 3196 5779 3720 5850; x_wconf 84' lang='lat' dir='ltr'><strong>Compostellauum,</strong></span> <span class='ocrx_word' id='word_1_856' title='bbox 3747 5776 3844 5831; x_wconf 82' lang='lat' dir='ltr'><strong>Se-</strong></span> 
     </span>
    </p>
   </div>
   <div class='ocr_carea' id='block_1_120' title="bbox 2249 5870 3838 5948">
    <p class='ocr_par' dir='ltr' id='par_1_120' title="bbox 2249 5870 3838 5948">
     <span class='ocr_line' id='line_1_120' title="bbox 2249 5870 3838 5948; baseline 0.003 -22"><span class='ocrx_word' id='word_1_857' title='bbox 2249 5871 2552 5942; x_wconf 89' lang='lat' dir='ltr'><strong>guntinum,</strong></span> <span class='ocrx_word' id='word_1_858' title='bbox 2619 5870 3040 5948; x_wconf 88' lang='lat' dir='ltr'><strong>Turiasonense,</strong></span> <span class='ocrx_word' id='word_1_859' title='bbox 3081 5873 3342 5942; x_wconf 86' lang='lat' dir='ltr'><strong>Oscense,</strong></span> <span class='ocrx_word' id='word_1_860' title='bbox 3393 5870 3838 5942; x_wconf 64' lang='lat' dir='ltr'><strong>Caesaraugusta-</strong></span> 
     </span>
    </p>
   </div>
  </div>
