4048 6364
226 322 322 381 129

1246 317 1651 376 ISIDORIANA.
1685 343 1751 356 —-
1782 313 1960 373 PARS
1997 315 2037 373 I.
2077 318 2228 378 CAP.
2263 323 2448 384 XXIII.

3380 347 3478 406 150

217 450 352 504 num,
378 440 433 490 et
461 447 584 500 ana,
625 432 820 505 quibus
848 441 1093 489 narratur
1119 430 1384 486 Isidorum
1437 446 1467 484 a
1523 427 1784 498 Gregorio
1809 427 1866 489 Λ
1890 429 1971 483 rio
1994 430 2275 502 indicatus,
2301 439 2625 508 quolsidoro
2647 444 2782 502 liber
2801 445 2866 504 de
2886 446 3087 515 Ordine
3107 435 3473 516 creaturarum

215 524 651 596 Magno'Romam
679 526 747 581 ad
775 526 1064 582 concilium
1109 523 1361 594 generale
1406 529 1680 585 vocatum,
1733 528 1789 574 et

221 617 397 674 Isido'ri
421 618 659 673 consiliis
700 627 822 674 acta
853 617 1081 674 feliciter
1106 616 1269 671 fuisse
1304 615 1539 685 expleta.
1582 612 1639 668 Id
1678 627 1786 667 non

214 716 460 768 constare
483 710 634 765 addit
658 709 957 783 Tamayus;
986 710 1053 765 de
1081 725 1240 765 causa
1278 723 1409 763 vero
1438 706 1644 761 itineris
1671 705 1786 759 Ro-

211 801 345 858 mani
372 815 533 870 agere
554 801 629 855 ait
660 801 1003 856 Ambrosium
1034 800 1264 856 Morales
1294 800 1330 853 I.
1355 815 1446 863 xu,
1473 814 1522 853 c.
1554 796 1642 851 21.
1673 795 1781 851 Ma~

210 897 404 955 rianam
428 896 465 951 I.
495 910 570 963 v1,
601 912 651 952 c.
685 896 735 960 7,
761 904 814 950 et
844 895 1100 949 Padillam
1135 893 1357 949 Centur.
1383 908 1477 957 vn,
1500 907 1549 946 c.
1573 889 1661 944 22.

277 987 326 1042 4.
363 983 628 1054 Quoniam
647 1002 778 1042 vero
807 987 910 1042 hoc
931 987 1030 1040 iter
1055 985 1351 1040 Romanum
1372 982 1563 1038 Isidori
1589 996 1784 1036 monu-

208 1077 391 1135 mentis
415 1078 612 1134 saeculo
641 1094 715 1132 xu
737 1093 844 1134 non
883 1077 1274 1147 antiquioribus
1297 1085 1498 1130 tantum
1519 1074 1781 1140 innititur,

208 1169 578 1241 inquirendum
609 1177 696 1224 est
738 1184 808 1224 an
847 1168 1148 1225 istiusmodi
1190 1167 1432 1222 narratio
1474 1166 1784 1235 conjectura

205 1260 368 1331 aliqua
391 1258 568 1329 juvari
587 1260 776 1330 possit.

261 1351 314 1407 5.
351 1351 563 1408 Omitto
588 1369 747 1418 nunc,
772 1353 917 1424 quod
944 1353 1051 1408 alio
1081 1353 1205 1408 loco
1257 1353 1455 1422 dicam,
1479 1352 1643 1408 fuisse
1691 1353 1784 1423 qui

195 1444 500 1511 crederent,
530 1443 816 1508 Isidorum,
844 1445 970 1499 dum
995 1444 1166 1500 Roma
1198 1446 1248 1499 in
1272 1444 1586 1516 Hispaniam
1611 1457 1789 1514 regre-

200 1536 432 1604 deretur,
457 1535 600 1591 diem
623 1548 920 1592 extremum
942 1539 1140 1594 obiisse
1161 1537 1436 1604 Bononia;
1459 1539 1608 1608 cujus
1623 1539 1786 1594 etiam

202 1641 388 1696 corpus
409 1626 467 1681 in
497 1625 908 1683 Ctelestinorum
957 1629 1197 1699 ejusdem
1246 1630 1396 1684 urbis
1422 1629 1651 1684 ecclesia
1695 1644 1784 1684 re-

202 1717 460 1787 quiescat.
479 1716 612 1772 Nam
640 1720 812 1774 nostri
833 1720 1147 1790 scriptores,
1171 1721 1259 1790 qui
1276 1720 1576 1776 Romanum
1598 1719 1787 1776 Isidori

1893 523 2370 592 ascribitur,'vetus
2385 543 2520 598 erat,
2546 551 2644 591 nec
2664 539 2854 608 procul
2876 541 2943 596 ab
2959 541 3290 601 Isidoriaavo.
3311 548 3469 622 Baye-

1890 614 2001 668 rius
2021 624 2267 687 testatur,
2283 622 2335 675 in
2365 636 2679 694 pervetusto
2706 628 3059 690 Escurialensi
3078 634 3276 693 Codice
3295 614 3475 698 seaculi

1889 722 2155 765 summum
2180 728 2271 770 vm
2294 714 2544 785 ineuntis,
2585 719 2664 774 lit.
2716 721 2782 784 R,
2805 723 2940 794 plut.
2984 725 3035 791 2,
3077 744 3130 781 n.
3163 729 3248 791 I8,
3291 731 3476 790 haberi

1889 795 2086 856 Isidori
2112 802 2174 857 de
2197 802 2392 861 Ordine
2419 820 2769 868 creaturarum
2791 815 2977 871 librum
3015 836 3191 876 unum.
3237 823 3353 878 Non
3381 841 3476 881 ex-

1888 892 2056 987 plicat
2085 912 2153 950 an
2183 899 2236 952 in
2262 901 2550 974 epigrapbe
2577 906 2803 961 addatur
2834 909 3104 966 Braulioni
3129 917 3367 987 episcopo
3389 934 3479 971 ur-

1889 982 1965 1039 bis
1994 984 2194 1043 Roma.
2223 989 2366 1045 Idem
2394 991 2648 1065 Bayerius
2681 998 2813 1052 vidit
2841 1000 2981 1055 aliud
3022 982 3259 1072 ejusdem
3299 982 3477 1078 operis

1889 1081 2194 1151 exemplum
2217 1083 2268 1136 in
2304 1085 2664 1145 Escurialensi
2693 1091 2879 1148 codice
2897 1094 2978 1149 lit.
3000 1093 3213 1167 E,plut.
3246 1099 3297 1163 4,
3325 1117 3473 1158 num.

1890 1173 1978 1238 I3,
2007 1176 2224 1245 saeculo,
2255 1185 2313 1232 ut
2330 1180 2561 1250 videtur,
2589 1200 2679 1239 xm
2704 1197 2944 1254 exarato,
2968 1191 3058 1245 sed
3088 1207 3154 1246 ex
3176 1195 3478 1264 antiquiore

1889 1267 1995 1321 alio
2015 1265 2244 1340 etplane
2267 1269 2496 1328 Gothico
2519 1273 2808 1348 descripto,
2840 1289 2896 1334 ut
2939 1281 3106 1352 liquet
3127 1300 3158 1340 e
3185 1289 3478 1354 lrequenti-

1890 1360 1989 1415 bus
2029 1363 2225 1431 quibus
2247 1379 2522 1436 respersus
2542 1377 2624 1423 est
2665 1373 3014 1439 gothicismis.
3031 1375 3238 1433 Nullam
3267 1382 3478 1451 epigra-

1889 1454 2049 1525 pbem
2090 1457 2275 1524 relert,
2307 1459 2402 1514 sed
2443 1471 2596 1516 notat
2642 1469 3037 1535 perorationem
3058 1473 3173 1530 sive
3204 1491 3476 1547 nuncupa-

1893 1547 2090 1603 tionem
2123 1550 2306 1620 operis
2348 1552 2624 1622 aliquanto
2669 1559 2973 1616 uberiorem
3029 1579 3150 1620 esse
3204 1582 3266 1622 ea
3317 1583 3474 1638 quam

1891 1641 2151 1699 Acherius
2178 1645 2362 1712 edidit,
2387 1655 2549 1716 atque
2571 1650 2643 1704 ita
2677 1654 2962 1712 concludi:
2992 1657 3294 1717 Benedictus
3317 1661 3475 1730 Deus,

1890 1733 1977 1802 qui
1996 1733 2153 1803 ﬁnem
2174 1735 2367 1791 laboris
2388 1740 2636 1795 condidit;
2665 1741 2898 1814 Explicit
2917 1745 3164 1805 Ysidorus
3193 1751 3256 1806 de
3282 1753 3478 1810 Ordine

202 1807 298 1863 iter
341 1815 600 1877 narrant,
638 1825 760 1865 cum
822 1811 873 1865 in
923 1810 1234 1883 Hispaniam
1291 1812 1584 1918 revertisse
1625 1822 1785 1883 atque
1817 1822 1863 1880 B
1889 1838 2263 1884 creaturarum.
2300 1830 2718 1904 Rodriguezius,
2753 1807 2893 1896 tom.
2941 1840 2985 1895 II
3029 1841 3167 1899 Bibl.
3213 1844 3385 1916 Hisp.,

201 1897 396 1971 Hispali
448 1901 616 1956 vitam
661 1918 781 1957 cum
812 1913 986 1959 morte
1033 1911 1396 1960 commutasse
1444 1903 1786 1959 conﬁrmant.

201 1986 500 2049 Istiusmodi
542 2003 722 2051 autem
745 1996 1197 2066 peregrinationis
1243 1995 1524 2065 vestigium
1573 1996 1789 2065 aliquod

201 2092 370 2139 exstat
396 2085 454 2139 in
487 2084 624 2140 libro
653 2085 721 2142 de
739 2086 941 2143 Ordine
974 2098 1372 2158 creaturarum,
1398 2088 1490 2158 qui
1520 2087 1578 2142 S.
1601 2087 1790 2144 Isidori

201 2188 391 2233 nomen
421 2175 660 2249 praefert.
693 2177 828 2234 Eum
874 2178 1041 2236 edidit
1084 2179 1385 2251 Acberrus,
1439 2183 1552 2237 sive
1597 2182 1788 2249 mavis,

202 2264 491 2323 Dacherius
517 2278 609 2325 aut
633 2269 974 2338 D’Aclterius,
999 2272 1051 2328 in
1076 2289 1174 2329 suo
1198 2272 1491 2345 Spicilegio
1513 2290 1542 2328 e
1561 2290 1663 2328 ms.
1691 2274 1791 2329 Co-

200 2357 318 2413 dice
353 2375 462 2415 non
495 2361 684 2432 procul
739 2363 806 2417 ab
827 2362 1019 2418 Isidori
1066 2381 1182 2419 aevo
1236 2374 1460 2420 exarato
1505 2365 1790 2421 Remensis

201 2447 530 2507 Benedictini
575 2454 890 2508 monasterii
942 2453 1001 2510 S.
1034 2454 1284 2525 Remigii.
1326 2456 1677 2527 Nuncupatur
1722 2458 1790 2511 li-

199 2540 294 2595 ber
316 2541 588 2598 Braulioni
608 2545 848 2616 episcopo
877 2563 930 2598 ut
942 2545 1019 2601 bis
1047 2545 1244 2602 Romae.
1277 2548 1598 2617 Conjectura
1620 2548 1792 2603 Hens-

197 2628 374 2684 chenii
402 2631 455 2685 in
484 2634 877 2689 commentario
903 2637 1104 2704 praevio
1135 2638 1200 2690 ad
1231 2637 1407 2690 Vitam
1441 2637 1628 2691 Isidori
1673 2648 1787 2704 est,

195 2719 480 2787 legendum
505 2723 778 2795 Bonifacio
823 2727 1062 2796 episcOpo
1090 2727 1230 2781 urbis
1261 2728 1462 2784 Roma.
1506 2728 1638 2783 Cum
1689 2746 1787 2784 au-

193 2819 300 2866 tem
334 2822 528 2868 auctor
548 2816 731 2884 operis
757 2831 907 2883 eum,
932 2818 1036 2887 _cui
1063 2819 1256 2872 librum
1310 2833 1600 2890 nuncupat,
1651 2837 1787 2890 pra:-

189 2911 405 2958 sentem
441 2903 642 2974 alloqui
665 2905 910 2961 videatur
934 2946 950 2971 ,
979 2916 1035 2962 et
1061 2924 1120 2963 se
1167 2911 1222 2964 in
1251 2913 1481 2980 patriam
1513 2911 1790 2967 ‘festinare

188 2991 357 3056 dicat,
391 2993 519 3049 hinc
538 2996 779 3064 arguitur
803 2997 985 3052 Romae
1007 3000 1300 3069 aliquando
1332 3009 1602 3056 versatum
1627 3002 1790 3058 fuisse

188 3081 459 3138 Isidorum
514 3086 614 3141 sub
643 3087 826 3156 aliquo
883 3104 915 3144 e
962 3089 1284 3160 Bonifaciis,
1333 3092 1425 3162 qui
1468 3093 1666 3148 saeculo
1717 3110 1791 3150 vn

190 3174 413 3231 ineunte
444 3177 745 3232 Romanam
768 3181 952 3237 sedem
995 3189 1298 3237 tenuerunt.

260 3288 313 3344 6.
357 3289 486 3344 Tria
517 3299 694 3346 tamen
726 3307 830 3349 noc
855 3293 975 3349 loco
1004 3296 1318 3353 extricanda
1348 3309 1472 3353 sunt
1513 3317 1525 3353 :
1559 3301 1788 3370 primum

193 3396 259 3436 an
281 3381 420 3436 lber
447 3381 515 3438 de
550 3384 704 3456 156
726 3385 794 3440 de
822 3385 1012 3442 ordine
1039 3396 1414 3444 creaturarum
1460 3390 1667 3447 Isidoro
1723 3393 1792 3447 sit

195 3472 613 3543 adjudicandus;
642 3476 838 3533 deinde
868 3494 936 3533 an
963 3481 1306 3536 retinendum
1329 3484 1401 3538 sit
1424 3484 1478 3539 in
1510 3485 1665 3539 titulo
1687 3502 1789 3541 no-

195 3579 314 3620 men
341 3565 668 3635 Braulionis,
707 3584 788 3626 an.
808 3572 1186 3640 reponendum
1243 3590 1442 3630 nomen
1484 3575 1785 3647 Bonifacii;

198 3663 303 3710 tum
333 3673 403 3713 an
430 3669 582 3714 recte
602 3660 904 3730 colligatur,
930 3663 1192 3720 Isidorum
1233 3665 1422 3722 Romae
1464 3677 1786 3738 praesentem

199 3747 379 3820 fuisse,
410 3753 454 3807 si
479 3754 807 3821 constiterit,
834 3756 1028 3811 librum
1058 3758 1125 3812 ab
1155 3774 1221 3814 eo
1247 3774 1367 3814 esse
1397 3761 1678 3831 scriptum,
1733 3771 1789 3815 et

200 3841 262 3895 ad
311 3842 645 3899 Bonifacium
678 3845 980 3901 Romanum
1028 3849 1337 3919 pontiﬁcem
1385 3851 1666 3906 directum.
1711 3852 1789 3908 De

199 3932 327 3991 libro
349 3937 618 4007 ejusmodi
650 3938 1025 4004 Bellarminus,
1056 3942 1265 3998 Caveus
1283 3984 1298 4010 ,
1325 3945 1566 4000 Placcius
1592 3947 1789 4017 aliique

201 4032 492 4095 prrcsertim
530 4033 736 4101 antiqui
774 4033 1127 4106 bibliograplti
1165 4039 1387 4093 omnino
1421 4048 1621 4095 tacent.
1645 4041 1782 4106 Alii,

201 4128 254 4174 ut
275 4121 558 4179 Fabricius
586 4125 639 4178 in
667 4125 920 4181 Biblioth.
954 4129 1121 4196 med.,
1165 4131 1290 4184 nihil
1310 4131 1592 4187 deliniunt.
1617 4135 1788 4190 Ache-

200 4214 320 4280 rius,
347 4216 743 4282 Henschenius,
767 4219 1040 4289 Dupinius,
1071 4221 1371 4288 Cellierius,
1399 4227 1595 4298 stylum
1617 4229 1788 4285 Isido-

201 4307 399 4365 rianmn
431 4313 482 4366 in
509 4327 579 4366 eo
608 4327 774 4382 opere
796 4324 1131 4384 agnoscunt;
1161 4317 1276 4372 Nic.
1301 4319 1568 4376 Antonius
1591 4326 1783 4394 stylum

202 4401 289 4455 :evi
318 4403 507 4461 Isidori
542 4405 688 4472 dicit,
718 4407 811 4462 sed
838 4409 1080 4478 quaedam
1099 4410 1167 4465 de
1196 4413 1317 4481 igne
1345 4416 1655 4484 purgatorio
1683 4432 1785 4472 no-

208 4498 276 4546 tat
296 4511 411 4565 quai
435 4515 549 4554 non
575 4501 794 4554 omnino
825 4500 923 4570 ipsi
947 4503 1205 4559 arrident.
1249 4503 1306 4559 In
1332 4508 1620 4564 novissima
1665 4509 1781 4564 edi-

1893 1915 2017 1985 526,
2049 1919 2324 1975 existimat
2351 1921 2604 1981 Codicem
2633 1929 2828 1985 saeculo
2858 1948 2949 1986 xw
2977 1934 3259 2004 scriptum.
3291 1915 3474 2001 Addit,

1893 2024 2011 2066 esse
2037 2015 2530 2084 membranaceum,
2557 2021 2610 2075 in
2664 2020 2742 2087 8°,
2779 2024 2945 2079 titulis
2975 2028 3211 2097 capitum
3239 2067 3254 2092 ,
3287 2030 3479 2087 litteris

1893 2105 2184 2161 imtialibus
2213 2116 2269 2162 et
2298 2110 2472 2168 indice
2502 2113 2678 2169 rubris
2701 2153 2717 2178 ,
2758 2118 3046 2173 recentiori
3076 2120 3226 2191 157
3256 2122 3480 2194 inscrip-

1894 2198 2061 2266 tione,
2087 2197 2146 2251 B.
2183 2197 2416 2255 Isidorus
2441 2202 2504 2256 de
2533 2203 2726 2258 Ordine
2756 2217 3128 2264 creaturarum.
3153 2211 3223 2264 Et
3253 2213 3480 2270 homilia:

1891 2307 2062 2361 super,
2089 2292 2280 2348 Missus
2309 2304 2385 2349 est
2435 2303 2647 2370 angelus
2697 2298 2925 2356 Gabriel.
2969 2302 3113 2374 Opus
3142 2304 3350 2376 incipit,
3400 2306 3480 2362 De

1894 2382 2095 2438 Ordine
2116 2397 2468 2442 creaturarum
2497 2392 2844 2447 universitatis
2866 2394 3133 2465 dispositio
3164 2396 3354 2466 bifaria
3383 2414 3478 2453 ra-

1895 2476 2030 2530 tione
2059 2475 2203 2528 debet
2233 2476 2472 2549 intelligi.
2504 2479 2751 2536 Homiliae
2802 2484 3064 2554 incipiunt
3089 2527 3104 2552 ,
3137 2485 3376 2542 Scribere
3399 2504 3481 2544 nte

1890 2566 2089 2636 aliquid
2115 2577 2165 2620 et
2193 2568 2392 2623 devotio
2409 2569 2576 2639 jubet,
2607 2580 2712 2626 etc.
2740 2573 3014 2637 Desinunt,
3046 2585 3278 2632 octavam
3304 2576 3480 2636 Beatat

1892 2661 2282 2715 resurrectionis
2309 2672 2535 2730 aetatem,
2560 2665 2613 2716 in
2643 2681 2742 2734 qua
2771 2682 2885 2719 cum
2913 2665 3138 2724 Domino
3188 2673 3480 2739 perenniter

1890 2751 2242 2822 regnabant...
2269 2753 2406 2807 Sunt
2432 2755 2759 2824 imperfectae
2805 2767 2860 2812 et
2914 2761 3141 2828 mutilas,
3199 2779 3394 2834 neque,
3423 2772 3480 2819 ut

1891 2855 1991 2908 ego
2020 2851 2172 2911 puto,
2205 2843 2408 2898 Isidoro
2431 2845 2483 2899 in
2505 2846 2705 2900 Codice
2733 2850 3097 2905 ascribuntur.

1962 2933 2015 2986 8.
2049 2933 2338 2988 Bandinius
2363 2944 2492 2989 tom.
2540 2936 2602 2989 Ill
2634 2937 2892 2993 Codicum
2924 2956 3054 2996 mss.
3088 2941 3210 2998 Lat.
3237 2941 3478 3001 Florent.

1889 3025 2019 3081 bibl.
2053 3026 2361 3093 Gaddianae,
2395 3028 2530 3097 plut.
2573 3028 2660 3094 89,
2696 3028 2827 3086 Cod.
2870 3031 2931 3084 51
2967 3034 3265 3088 membran.
3297 3037 3478 3094 saeculi

1889 3133 1984 3182 xu,
2016 3134 2162 3172 num.
2200 3119 2252 3186 I,
2293 3119 2511 3173 exhibet
2541 3137 2556 3176 :
2592 3119 2783 3174 Isidori
2812 3123 2875 3175 de
2909 3120 3106 3178 Ordine
3127 3137 3478 3184 creaturarum

1822 3196 1867 3259 C
1898 3211 2042 3265 liber.
2071 3212 2261 3282 Incipit
2284 3230 2296 3266 :
2326 3213 2685 3268 Universilalis
2708 3216 3015 3284 dispositio:
3039 3217 3233 3273 desinit
3257 3237 3269 3272 :
3296 3219 3480 3275 Scien-

1894 3304 1981 3356 tia:
2010 3304 2292 3357 conditoris
2341 3321 2676 3360 reservemus.
2728 3306 2970 3363 Advertit
3000 3309 3308 3379 Bandinius,
3339 3314 3481 3370 Illltc

1892 3393 2083 3447 librmn
2115 3395 2182 3448 de
2211 3393 2403 3450 ordine
2451 3407 2815 3451 creaturarum
2861 3399 2927 3452 ad
2957 3399 3228 3456 Braulium
3276 3404 3480 3473 episco-

1890 3500 2017 3554 pum
2044 3486 2188 3540 urbis
2219 3486 2402 3540 Romae
2433 3488 2634 3541 editum
2663 3488 2824 3544 fuisse
2855 3505 2884 3544 a
2918 3491 3205 3558 Dacherio,
3238 3494 3324 3549 ubi
3355 3511 3481 3550 ver-

1889 3576 2036 3630 sibus
2070 3577 2137 3631 59
2160 3577 2368 3646 longior
2397 3589 2499 3633 est.
2531 3577 2599 3632 Et
2627 3581 2676 3633 in
2708 3579 2812 3634 ima
2857 3583 3050 3651 pagina
3080 3593 3253 3653 notat,
3293 3585 3478 3643 Isidori

1891 3689 2052 3743 opera
2099 3690 2225 3729 mss.
2277 3678 2353 3729 uti
2411 3678 2674 3730 exstantia
2703 3678 2756 3731 in
2804 3677 3129 3734 bibliotheca
3178 3677 3479 3748 Gaddiana,

1890 3781 2191 3821 memorare
2219 3765 2336 3821 Jac.
2383 3765 2644 3823 Gaddium
2675 3768 2744 3824 de
2773 3769 2970 3840 Script.
3003 3787 3111 3826 non
3152 3771 3478 3838 ecclesiast.,

1892 3867 2022 3913 tom.
2050 3861 2089 3926 I,
2116 3877 2240 3931 pag.
2291 3863 2413 3917 265.
2447 3863 2599 3930 Quod
2629 3874 2808 3919 autem
2840 3866 2975 3919 liber
3004 3867 3091 3921 hic
3120 3866 3337 3922 Braulio
3367 3867 3479 3936 epi-

1890 3965 2057 4021 sc0po
2105 3953 2252 4006 urbis
2293 3953 2475 4007 Roma:
2504 3954 2741 4008 directus
2791 3956 2970 4019 fuerit,
3024 3971 3130 4010 non
3161 3972 3229 4011 ex
3279 3957 3479 4012 Codice

1893 4041 2188 4108 Gaddiano,
2221 4051 2281 4097 ut
2300 4059 2401 4111 ego
2430 4053 2582 4115 puto,
2607 4046 2700 4098 sed
2721 4062 2788 4100 ex
2818 4046 3048 4101 Acherio
3077 4047 3190 4101 sive
3215 4047 3479 4104 Dacherio

1892 4135 2182 4191 Bandinius
2228 4137 2432 4192 didicit.
2491 4137 2766 4207 Siquidem
2796 4138 3003 4194 amicus
3060 4154 3212 4194 meus
3262 4138 3479 4195 Rocltus

1890 4226 2182 4284 Menchaca
2212 4244 2242 4283 a
2273 4244 2360 4284 me
2389 4238 2631 4298 rogatus,
2667 4236 2724 4284 ut
2777 4229 2990 4284 titulum
3047 4230 3227 4300 operis
3274 4238 3479 4285 attente

1891 4321 2198 4391 inspiceret,
2229 4338 2422 4392 meque
2451 4323 2517 4377 de
2543 4338 2609 4377 eo
2637 4323 2922 4378 certiorem
2956 4322 3222 4385 redderet,
3254 4338 3478 4392 respon-

1891 4413 1988 4481 dit,
2020 4414 2171 4468 initio
2215 4415 2484 4470 rubricam
2521 4414 2658 4469 hanc
2698 4431 2816 4472 esse
2844 4433 2856 4466 :
2893 4413 3086 4482 Incipit
3114 4414 3243 4468 liber
3273 4413 3471 4469 Isidori

1892 4501 1956 4555 de
1987 4499 2184 4554 Ordine
2209 4513 2564 4556 creaturarum
2593 4519 2611 4555 :
2641 4508 2695 4556 et
2733 4504 2785 4556 in
2822 4504 2924 4556 line
2958 4521 2970 4555 :
3000 4501 3156 4556 Liber
3184 4501 3374 4557 Isidori
3410 4505 3476 4558 de

204 4582 338 4640 tione
365 4587 669 4644 Matritensi
699 4589 935 4659 Operum
975 4591 1034 4647 S.
1061 4593 1249 4650 Isidori
1277 4600 1664 4666 printermissns
1685 4602 1784 4656 fuit

1891 4593 2088 4649 Ordine
2102 4603 2454 4648 creaturarum
2476 4596 2705 4666 explicit.
2737 4594 2794 4648 In
2822 4595 3080 4663 Catalogo
3103 4595 3271 4648 veteri
3291 4611 3476 4651 mona-

207 4671 330 4730 liber
349 4678 414 4734 de
443 4681 654 4736 Ordine
674 4691 1065 4750 creaturarum,
1087 4687 1232 4756 quia,
1257 4697 1313 4742 ut
1343 4690 1418 4743 ait
1439 4700 1628 4746 auctor
1658 4707 1784 4761 pro-

207 4762 426 4833 logi,vel
457 4771 703 4841 spurium
753 4787 890 4842 Opus
919 4784 1028 4837 est,
1061 4776 1145 4830 vel
1178 4778 1398 4833 nimium
1449 4790 1779 4852 suspectum.

207 4857 269 4908 At
294 4856 550 4931 Bayerius
605 4863 656 4917 in
699 4874 812 4918 not.
861 4865 928 4920 ad
956 4865 1207 4922 Biblioth.
1248 4878 1356 4925 vet.
1407 4871 1556 4943 Ilisp.
1583 4916 1597 4938 ,
1632 4873 1786 4930 Nihil

207 4960 688 5029 moramur/inquit,
710 4961 804 5016 hoc
821 4979 946 5033 opus
959 4962 1166 5019 Isidoro
1179 4968 1447 5035 ascribere,
1471 4973 1785 5028 reclamante

210 5042 313 5097 licet
335 5049 628 5105 novissima:
656 5053 895 5107 editionis
918 5053 1242 5112 Matritensis
1264 5063 1495 5132 prologo.
1529 5063 1782 5121 Zaccaria

211 5130 256 5184 in
284 5150 571 5208 conspectu
598 5142 850 5200 editionis
878 5144 1112 5215 Operum
1156 5146 1342 5203 Isidori
1360 5192 1374 5215 ,
1414 5130 1593 5221 quam
1617 5156 1786 5210 medi-

213 5223 426 5290 labatur,
449 5229 643 5286 dubius
669 5233 922 5300 haerebat,
957 5251 1023 5289 an
1083 5235 1287 5295 Isidoro
1344 5241 1396 5295 id
1446 5258 1583 5312 opus
1624 5247 1782 5304 tribui

213 5315 382 5378 possit.
412 5317 506 5375 Vir
571 5321 623 5376 in
654 5323 842 5392 primis
869 5325 1091 5392 doctus,
1149 5330 1239 5398 qui
1288 5330 1657 5400 prznfationem
1717 5343 1783 5394 ad

214 5417 360 5472 opera
385 5410 612 5481 Isidori,
664 5431 782 5486 cap.
838 5417 928 5486 58,
977 5421 1415 5491 exscribendam,
1469 5439 1777 5497 paraverat,

215 5499 380 5556 multis
407 5507 660 5572 ostendit.
692 5509 858 5565 fetum
889 5514 1175 5581 genuinum
1204 5515 1390 5573 Isidori
1430 5535 1552 5575 eum
1584 5522 1778 5581 librum

215 5588 388 5686 videri,
412 5613 587 5668 neque
607 5602 822 5658 obstare
843 5616 1143 5675 propugnat
1165 5623 1282 5678 quae
1306 5611 1358 5665 in
1390 5628 1457 5667 eo
1485 5614 1553 5670 de
1574 5617 1783 5686 origine

215 5681 500 5772 animarum
526 5691 699 5763 deque
725 5709 847 5764 igne
876 5700 1182 5767 purgatorio
1207 5701 1471 5772 leguntur.

281 5771 331 5828 7.
354 5775 722 5850 Expendamus
737 5797 918 5846 vetera
939 5794 1264 5863 exemplaria
1285 5814 1298 5848 :
1332 5797 1512 5860 Codex
1529 5802 1596 5878 ab
1608 5803 1782 5860 Ache-

1889 4690 2038 4744 sterii
2070 4688 2348 4744 Bobiensis
2370 4690 2568 4744 sacculo
2598 4705 2654 4754 x,
2688 4698 2745 4741 ut
2767 4688 2998 4753 videtur,
3035 4689 3307 4759 descripto
3337 4691 3475 4759 apud

1891 4781 2241 4837 Muratorium
2273 4791 2405 4838 tom.
2451 4781 2517 4836 III
2547 4782 2726 4850 Antiq.
2780 4780 2951 4836 Italic.
3000 4781 3160 4836 medii
3199 4781 3318 4847 aevi,
3350 4797 3478 4852 pag.

1891 4874 2017 4940 818,
2044 4876 2186 4930 inter
2233 4876 2394 4930 libros
2447 4873 2638 4929 Isidori
2671 4876 2990 4944 antiquioris
3019 4876 3360 4931 bibliotheca:
3391 4891 3474 4932 re-

1892 4969 2059 5022 fertur
2102 4967 2260 5023 Liber
2296 4969 2360 5020 de
2389 4967 2587 5020 Ordine
2614 4977 3010 5032 creaturarum;
3050 4976 3106 5022 et
3150 4969 3357 5037 nescio,
3409 4984 3474 5023 an

1893 5061 1996 5115 huc
2024 5062 2293 5130 pertineat
2324 5061 2467 5130 quod
2497 5076 2621 5116 mox
2655 5068 3108 5116 commemoratur
3135 5060 3263 5114 liber
3305 5057 3473 5115 Cano-

1891 5169 2013 5206 num
2054 5171 2089 5218 ι,
2123 5153 2177 5207 in
2205 5169 2302 5224 quo
2341 5150 2557 5206 habetur
2587 5152 2791 5206 Ysidori
2835 5153 2898 5206 de
2948 5149 3145 5205 Ordine
3175 5168 3364 5205 rerum.
3398 5151 3473 5208 Ita

1890 5247 2054 5301 etiam
2088 5249 2227 5301 inter
2253 5254 2465 5302 veteres
2515 5247 2680 5302 libros
2727 5247 3039 5300 monasterii
3071 5244 3376 5311 Fuldensis,
3424 5251 3473 5297 et

1891 5339 1950 5396 S.
1984 5339 2189 5395 Nazarii
2223 5339 2275 5392 in
2307 5338 2550 5394 Laurissa
2575 5339 2822 5394 exstabat
2847 5336 2995 5391 Liber
3025 5336 3220 5391 Isidori
3271 5336 3335 5390 de
3368 5334 3471 5387 Or-

1895 5437 2013 5490 dine
2039 5443 2389 5488 creaturarum
2425 5436 2476 5488 in
2503 5449 2606 5487 uno
2649 5432 2854 5498 Codice,
2882 5439 2938 5485 ut
2983 5445 3104 5500 cap.
3135 5428 3205 5484 46
3229 5443 3298 5484 ex
3326 5433 3469 5481 cata-

1892 5529 2023 5597 Iogis
2053 5527 2435 5598 antiquissimis
2459 5528 2654 5583 dicam.

1960 5621 2013 5674 9.
2047 5620 2106 5676 S.
2137 5621 2395 5676 Martinus
2445 5621 2812 5690 Legionensis,
2860 5633 3020 5675 serm.
3067 5617 3104 5670 2
3149 5616 3216 5669 de
3244 5613 3458 5667 adventi

1893 5711 2125 5778 Domini,
2154 5729 2207 5783 p.
2239 5712 2327 5778 27,
2369 5720 2500 5768 tom.
2532 5710 2552 5763 I
2581 5712 2771 5766 librum
2798 5710 2865 5765 de
2885 5708 3074 5764 or'dine
3102 5714 3472 5761 creaturarum

1895 5803 2095 5871 Isidoro
2117 5804 2412 5876 adiudicat;
2440 5807 2518 5865 sic
2535 5805 2677 5866 enim
2702 5805 2867 5867 refert
2889 5819 2903 5856 :
2925 5800 3074 5856 Unde
3099 5799 3457 5871 Iiispaniarutt
