4048 6364
607 369 712 429 155

1341 355 1432 411 AD
1470 353 1699 409 OPERA
1739 351 1798 406 S.
1839 346 2080 406 ISIDOllI
2123 341 2566 400 lllSl’ALENSIS
2604 337 3128 397 PROLEGOMENA.

3777 347 3879 402 156

670 484 828 538 diano
855 479 908 534 in
933 479 1045 550 ejus
1081 477 1246 530 locum
1274 476 1492 528 intruso.
1528 470 1803 539 Catalogus
1825 467 2184 536 episcoporum
2214 465 2259 524 Α
2291 458 2460 512 titiam
2481 468 2573 511 aut
2597 457 2842 511 vitiatam
2867 471 2986 510 esse
3006 455 3244 510 ostendit
3267 462 3399 511 tom.
3424 454 3468 510 ll
3485 454 3689 511 Concii.
3715 456 3859 529 Hisp

671 584 891 629 veterum
922 568 1339 637 Hispalensium.

672 669 722 722 1.
756 662 1000 734 Εείἀίυε
1039 660 1308 716 Gonzalez
1349 659 1401 712 in
1442 655 1673 710 Theatro
1716 649 2046 721 Hispalensis
2074 645 2182 701 Ec-

601 761 792 826 clesiae,
825 771 945 829 pag.
969 756 1061 822 27,
1085 753 1354 823 Tamayus
1377 751 1427 805 in
1459 747 1677 816 Martyr.
1706 743 1857 813 Hisp.
1886 742 1953 796 ad
1982 741 2123 796 diem
2149 738 2184 791 4

599 852 814 924 Aprilis.
853 861 909 905 et
956 848 1046 902 alii
1096 853 1280 902 narrat
1325 841 1584 897 lsidorum
1622 835 1932 907 aliquandiu
1965 833 2183 924 Malaczc

599 923 836 998 exsulem
893 939 1122 1002 vixisse;
1178 934 1320 1006 quod
1365 934 1651 987 desumunt
1694 945 1758 982 ex
1808 923 2182 998 pseudo-Luit-

543 1087 549 1104 ,
599 1032 824 1102 prando.
863 1030 1017 1100 163
1045 1025 1376 1094 Descriptum
1416 1038 1445 1074 a
1491 1021 1648 1075 nobis
1676 1034 1794 1088 cap.
1828 1017 1860 1070 9
1890 1017 1986 1070 fuit
2014 1017 2183 1084 epita-

537 1119 541 1128 ’
598 1125 781 1196 phium
820 1116 1216 1196 lsidorikquod
1260 1113 1526 1168 lldel‘onso
1556 1126 1585 1165 a
1617 1107 2069 1181 pseudo-Juliano
2099 1106 2183 1160 af-

599 1192 833 1284 lingitur,
861 1211 949 1266 ubi
969 1192 1262 1264 lld'emnsus
1290 1204 1549 1260 lsidorum
1583 1203 1886 1272 alloquens,
1907 1198 1976 1254 de
2002 1199 2180 1270 seipso

598 1312 673 1360 an
705 1346 810 1432 .Qui
838 1372 926 1421 fuit
950 1369 1109 1420 exsilii
1135 1380 1345 1432 parsque
1369 1377 1634 1427 comesque
1657 1363 1746 1411 tui.

595 1475 932 1547 Negiigendae
960 1482 1146 1530 essent
1192 1471 1460 1543 ejusmodi
1508 1469 1765 1525 fabulosa:
1823 1468 2177 1534 narrationes,

592 1569 692 1625 nisi
722 1566 1202 1638 pseudo-historici
1227 1581 1296 1620 ex
1318 1565 1497 1634 aliquo
1523 1561 1784 1634 probabili
1809 1561 2178 1626 fundamento,

591 1662 734 1733 quod
779 1661 832 1716 in
862 1674 1091 1715 examen
1120 1657 1301 1713 vocari
1331 1656 1510 1718 debet,
1556 1653 1788 1723 ﬁngendi
1841 1653 2181 1710 occasionem

590 1753 965 1823 arripuissent.

2287 562 2407 612 pag.
2441 547 2564 603 461.
2595 547 2792 602 Confer
2818 548 2980 602 etiam
3009 546 3129 602 Nic.
3159 547 3447 601 Antonium
3482 547 3516 601 I.
3557 564 3631 610 tv,
3655 563 3704 602 c.
3736 549 3796 612 5,
3825 566 3878 606 n.

2288 636 2388 694 124
2417 655 2556 710 seq.,
2586 655 2677 708 qm
2719 637 3142 694 commentitiam
3168 639 3324 692 aliam
3365 639 3645 708 epistolam
3676 643 3882 709 pariter

2287 732 2482 801 rejicit,
2509 746 2628 800 quae
2650 731 2866 786 nomine
2890 730 3161 795 cujusdam
3192 730 3408 800 Artuagi
3439 729 3600 785 Gothi
3630 731 3881 791 Toletani

2288 823 2537 878 monachi
2569 821 2936 890 Augustimam
2977 821 3042 874 ad
3070 820 3332 876 lsidorum
3387 822 3622 876 exsulem
3676 825 3880 892 scripta

2286 915 2648 968 asserebatur.
2692 911 3162 982 Supervacaneum
3195 921 3374 965 autem
3408 927 3514 966 non
3543 913 3646 966 erit
3673 915 3880 970 catalo-

2285 1015 2409 1072 gum
2433 1012 2671 1057 veterum
2701 1004 3072 1073 episcoporum
3096 1001 3488 1072 Hispalensiuin
3521 1021 3586 1059 ex
3609 1004 3746 1061 Cod.
3779 1024 3876 1062 ms.

2287 1095 2658 1151 Emilianensi
2688 1111 2828 1150 anno
2859 1095 2963 1148 962
2987 1104 3205 1149 exarato
3236 1104 3498 1159 attexere,
3549 1105 3609 1150 ut
3631 1106 3868 1162 constet,

2284 1204 2460 1258 neque
2489 1189 2629 1242 hunc
2658 1187 3006 1256 Gordianum,
3057 1204 3230 1257 neque
3270 1189 3431 1243 alium
3464 1189 3872 1256 Theodisclum,

2283 1280 2376 1348 qui
2424 1295 2454 1333 a
2502 1279 2769 1334 nonnullis
2812 1279 2999 1334 Isidori
3031 1296 3309 1335 successor
3339 1280 3574 1350 ﬁngitur,
3607 1282 3660 1336 in
3689 1282 3878 1353 Hispa-

2285 1370 2419 1425 lensi
2447 1370 2574 1425 sede
2605 1371 2780 1425 locum
2809 1371 3079 1426 habuisse.
3106 1371 3296 1426 Exstat
3319 1372 3407 1426 hic
3435 1373 3716 1439 catalogus
3737 1375 3877 1446 apud

2286 1461 2587 1518 Florezium
2615 1472 2742 1516 tom.
2777 1462 2848 1516 IX
2877 1462 3023 1532 HiSp.
3058 1479 3222 1528 sacr.,
3255 1481 3308 1535 p.
3353 1463 3474 1518 124.

2358 1551 2623 1622 Incipiunt
2645 1555 2854 1606 nomina
2875 1554 3235 1623 defunctorum
3260 1558 3614 1627 episcoporum
3646 1558 3875 1628 Spalen-

2284 1643 2356 1698 sis
2387 1645 2542 1697 sedis.
2585 1660 2621 1698 1.
2655 1643 2914 1699 Marcelli.
2956 1644 3007 1698 2.
3036 1645 3241 1699 Sabini.
3279 1647 3330 1700 5.
3362 1647 3532 1702 Evidi.
3564 1648 3620 1705 4.
3649 1649 3877 1705 Deocleti

2287 1733 2472 1804 (Forte
2522 1734 2791 1806 Deodati).
2849 1734 2898 1789 5.
2957 1737 3332 1805 Samproniuni
3398 1738 3584 1809 (Forte
3632 1742 3877 1808 Sempro-

662 1843 715 1897 2.
748 1842 1000 1898 Pontifex
1048 1842 1322 1895 Romanus
1352 1836 1638 1893 Deusdedit
1683 1837 1752 1890 ab
1792 1849 1934 1889 anno
1959 1833 2064 1887 6H
2114 1833 2180 1888 ad
2217 1849 2257 1907 Β
2287 1828 2480 1895 niani).
2505 1826 2556 1880 6.
2591 1825 2814 1880 Gemini.
2841 1827 2894 1879 7.
2929 1827 3130 1881 Glauci.
3164 1829 3216 1881 8.
3243 1827 3505 1883 Marciani
3565 1830 3618 1884 9.
3668 1831 3874 1887 Sabini.

591 1950 790 1990 annum
812 1933 914 1987 617
937 1932 1242 1988 cathedram
1267 1929 1412 1985 Petri
1438 1927 1640 1994 tenuit;
1669 1927 1784 1997 ejus
1807 1925 2182 1981 circumfertur

594 2023 821 2094 epistola
845 2021 911 2076 ad
937 2019 1268 2076 Gordianum
1290 2018 1660 2088 Hispalensem
1683 2017 2017 2085 episcopum.
2043 2012 2179 2069 Gor-

592 2115 780 2171 dianus
810 2113 970 2183 igitur
1000 2120 1129 2167 tunc
1178 2119 1293 2165 erat
1323 2110 1612 2179 episcOpus
1660 2105 2009 2177 Hispalensis,
2037 2105 2180 2175 quod

591 2205 811 2274 intelligi
841 2203 1046 2275 nequit,
1099 2201 1200 2256 nisi
1235 2201 1286 2255 in
1315 2200 1489 2255 locum
1519 2197 1708 2254 Isidori
1753 2197 1928 2252 adhuc
1953 2197 2181 2251 viventis

589 2306 646 2353 et
673 2297 726 2350 in
755 2295 1004 2351 exsilium
1027 2294 1195 2355 missi.
1229 2293 1466 2346 intrusus
1497 2290 1674 2346 fuerit.
1707 2288 1904 2358 Objicit
1927 2288 2039 2343 Nic.
2067 2289 2178 2342 An-

592 2385 792 2450 tonius,
825 2384 1024 2438 nullam
1055 2383 1168 2437 veri
1195 2382 1397 2435 habere
1426 2379 1853 2444 similitudinem,
1879 2388 1987 2432 tam
2014 2379 2182 2433 lsido-

591 2490 710 2531 rum
736 2489 896 2544 quam
950 2473 1245 2528 Ecclesiam
1275 2471 1646 2540 Hispalensem
1695 2470 1796 2524 sub
1825 2470 2180 2526 catholicissi-

591 2568 692 2622 mis
735 2566 948 2635 regibus
978 2573 1182 2619 tantam
1232 2563 1372 2618 bane
1411 2562 1775 2618 calamitatem
1823 2561 2038 2644 perpeti
2081 2575 2180 2630 po-

591 2659 775 2722 tuisse,
805 2670 899 2712 aut
927 2656 1226 2712 Romanum
1255 2653 1563 2727 pontiﬁcem
1605 2669 1728 2708 cum
1756 2650 2027 2706 Gordiano
2053 2650 2177 2705 His-

590 2748 818 2820 palensis
839 2748 978 2803 sedis
1007 2756 1327 2817 usurpatore
1350 2747 1428 2802 sic
1454 2745 1686 2812 benigne
1712 2753 2070 2800 commutasse
2096 2742 2183 2796 lit-

590 2849 751 2897 teras.
773 2839 895 2895 Fuit
915 2840 1119 2896 scilicet
1141 2855 1208 2895 eo
1237 2848 1482 2909 tempore
1509 2837 1808 2894 Gothorum
1833 2852 1930 2892 rex
1959 2836 2180 2892 Sisebu-

589 2942 690 2999 tus,
722 2932 791 2986 de
816 2946 921 3001 quo
940 2930 1068 2985 nihil
1090 2931 1289 2985 sinistri
1312 2929 1573 3000 suspicari
1599 2943 1900 2999 possumus.
1931 2931 2041 2982 lmo
2061 2925 2179 2996 ejus

589 3022 772 3080 laudes
795 3022 1028 3078 Isidorus
1056 3023 1110 3077 in
1139 3021 1374 3077 Historia
1405 3020 1706 3077 Gothorum
1754 3020 2179 3076 luculentissime

589 3125 903 3188 prosecutus
923 3115 1042 3170 luit.

2287 1916 2373 1972 10.
2409 1917 2707 1987 Epiphanii.
2737 1917 2824 1972 11.
2873 1915 3102 1972 Orontii.
3138 1917 3223 1973 12.
3252 1919 3500 1974 Zenonis.
3555 1922 3641 1975 15.
3686 1924 3875 1995 Asfali.

2286 2010 2370 2066 14.
2398 2010 2729 2066 Μαπίηαηὶ.
2766 2011 2851 2065 15.
2881 2013 3120 2067 Sallusti.
3157 2013 3240 2066 16.
3269 2012 3515 2086 Crispini.
3546 2016 3632 2075 l7.
3665 2017 3870 2089 Pigasi.

2285 2108 2376 2162 18.
2417 2109 2692 2179 Stephani.
2727 2110 2812 2164 l9.
2875 2110 3143 2164 Tlieoduli.
3175 2109 3262 2162 20.
3301 2110 3609 2182 Hyacinthi.
3645 2112 3738 2166 21.
3781 2113 3873 2169 Re-

2282 2200 2472 2267 parati.
2506 2198 2591 2251 22.
2637 2199 2910 2270 Stephani.
2959 2199 3046 2253 25.
3098 2197 3345 2254 Leandri.
3405 2201 3492 2254 21.
3535 2201 3754 2256 Isidori.
3788 2203 3873 2258 25.

2284 2286 2567 2342 Honorati.
2592 2288 2678 2342 26.
2713 2289 2944 2342 Antonii.
2975 2289 3065 2341 27.
3101 2288 3348 2361 Fugitivi.
3381 2290 3473 2344 28.
3503 2290 3762 2346 Bracurii.
3789 2292 3870 2348 29.

2283 2378 2558 2432 Florentii.
2589 2379 2675 2431 50.
2697 2377 3011 2434 Florentini.
3036 2379 3122 2434 51.
3151 2379 3468 2435 Floresindi.
3497 2381 3583 2436 52.
3615 2383 3870 2440 Faustini.

2283 2475 2370 2529 55.
2404 2474 2678 2530 Gabrielis.
2710 2475 2798 2530 5i.
2834 2477 3091 2531 Sisiverti.
3117 2475 3205 2530 55.
3241 2477 3470 2547 Oppani.
3504 2480 3590 2533 56.
3626 2479 3870 2537 Nonniti.

2281 2568 2372 2623 57.
2405 2567 2559 2624 Elite.
2591 2569 2682 2623 58.
2738 2569 2993 2639 Teudul/i.
3028 2571 3115 2625 59.
3159 2571 3378 2641 Aspidii.
3425 2571 3512 2625 40.
3549 2572 3871 2629 Humeliani.

2281 2658 2368 2713 41.
2397 2658 2718 2714 Meudulani.
2763 2659 2850 2714 42.
2897 2659 3085 2714 David.
3120 2659 3207 2714 45.
3235 2660 3459 2715 Juliani.

2352 2752 2450 2807 llic
2477 2753 2672 2807 desinit
2708 2752 3016 2821 Catalogus.
3053 2752 3184 2807 Octo
3216 2754 3385 2807 ultimi
3425 2754 3662 2824 episcopi
3697 2756 3871 2827 irrup-

2281 2844 2429 2899 tione
2459 2844 2762 2899 Maurorum
2807 2845 3135 2914 posteriores
3159 2853 3301 2909 sunt,
3330 2845 3424 2899 sed
3446 2860 3635 2900 eorum
3665 2864 3871 2905 inemo-

2279 2938 2359 2993 ria
2389 2939 2513 2993 alibi
2546 2955 2652 2994 non
2683 2948 2878 2994 exstat.

2766 3032 2920 3103 165
2959 3030 3186 3087 CAPUT
3225 3031 3388 3085 xxv.

2286 3118 2568 3176 Fabulosw
2623 3123 2949 3174 narrationes
2995 3123 3056 3174 de
3103 3121 3398 3178 Mahometo
3447 3123 3510 3176 ab
3560 3122 3775 3179 Isidoro
3816 3141 3871 3179 ea

659 3208 712 3262 5.
739 3206 876 3273 Quid
907 3220 1038 3274 ergo
1067 3198 1135 3260 ad
1162 3197 1444 3276 episiolam
1470 3205 1792 3260 decretalem
1827 3219 1977 3275 ρερπ
2006 3204 2176 3259 08115*
2206 3223 2250 3286 C
2352 3211 2615 3284 Hispania
2666 3216 2878 3282 expulso
2927 3229 2945 3266 :
2995 3215 3057 3266 de
3106 3214 3304 3268 duabus
3348 3216 3571 3268 lucernis
3619 3218 3870 3286 perpetim

587 3298 734 3356 dedit
758 3298 1122 3368 reponemus?
1150 3296 1266 3352 Nic.
1311 3297 1576 3351 Antonius
1604 3307 1811 3361 censet,
1845 3296 2030 3352 falsam
2061 3311 2178 3351 esse

588 3407 707 3449 eam
734 3391 1156 3461 inscriptionem.
1185 3397 1240 3444 et
1268 3390 1333 3444 ad
1351 3390 1644 3457 marginem
1671 3399 1840 3455 notat,
1862 3405 1960 3460 pro
1989 3389 2181 3457 Hispa-

588 3489 779 3542 lensem
805 3485 911 3554 legi
940 3484 1341 3554 Hispaniensem
1371 3484 1510 3554 apud
1556 3483 1883 3545 Anselmum,
1909 3483 2177 3539 Burchar-

586 3581 712 3636 dum
732 3586 787 3635 et
816 3579 1202 3647 Luitprandum
1235 3595 1246 3630 :
1290 3577 1357 3632 de
1386 3593 1494 3647 quo
1522 3577 1789 3632 videndus
1811 3576 2049 3631 Thomas
2072 3575 2175 3630 Ta-

586 3687 772 3743 mayus
795 3673 847 3725 in
871 3677 983 3724 not.
1009 3670 1076 3724 ad
1102 3669 1507 3736 Luitprandum,
1535 3683 1655 3739 pag.
1675 3668 1764 3722 37.
1781 3668 1837 3722 ln
1858 3668 2179 3723 collectione

585 3779 801 3834 quoque
848 3779 1114 3819 canonum
1163 3760 1376 3816 Codicis
1396 3761 1636 3816 Vaticani
1672 3760 1831 3828 1518,
1864 3761 1915 3815 in
1943 3761 2178 3830 quinque

586 3857 752 3913 libros
781 3855 1082 3920 distributa,
1112 3854 1312 3909 saaculo
1343 3870 1395 3908 xl
1424 3854 1640 3908 circiter
1667 3853 1891 3922 digesta,
1924 3853 1960 3907 1.
1986 3871 2057 3920 ιν,
2089 3855 2174 3908 tit.

585 3945 640 4012 5,
690 3961 754 4001 ea
784 3945 1010 4017 epistola
1050 3945 1358 4000 inscribitur
1397 3943 1662 3998 Gordiano
1710 3945 1947 4009 eoiscOpo
1979 3943 2176 4014 Hispa-

585 4040 774 4095 niensi.
808 4038 864 4094 ln
887 4038 1176 4094 Codicmus
1199 4053 1324 4094 mss.
1345 4037 1690 4093 recensendis
1718 4038 1912 4106 passim
1938 4037 2177 4092 invenie-

584 4148 726 4196 mus,
756 4132 1017 4187 lsidorum
1050 4148 1148 4202 pro
1175 4131 1482 4201 Hispalensi
1515 4131 1919 4196 Hispaniensem
1950 4130 2130 4186 vocari
2159 4147 2171 4183 :

586 4224 788 4295 quippe
810 4223 978 4279 facilis
1001 4223 1225 4278 duarum
1257 4224 1480 4276 istarum
1510 4237 1700 4276 vocum
1729 4221 1972 4276 mutatio.
2003 4219 2173 4275 Simili

584 4315 749 4372 modo
777 4314 1054 4370 Florezius
1078 4323 1208 4369 tom.
1242 4311 1315 4368 1x
1345 4313 1494 4381 lliSp.
1535 4329 1672 4367 sacr.
1701 4354 1715 4379 ,
1751 4329 1801 4383 p.
1835 4311 1959 4377 156,
1990 4312 2177 4368 obser-

585 4417 696 4476 vat,
725 4409 1015 4479 aliquando
1048 4407 1274 4462 inveniri
1305 4406 1635 4477 Hispalensis
1680 4424 1777 4476 pro
1810 4406 2172 4477 Hispellensis,

585 4507 640 4554 et
670 4499 974 4569 Spolitanus
1001 4513 1098 4569 pro
1130 4498 1457 4565 Spalitanus,
1485 4496 1597 4551 sive
1624 4495 2008 4566 Hispalitanus.
2033 4495 2179 4552 Con-

2354 3307 2694 3361 ardentilms:
2749 3307 2810 3360 de
2861 3307 3196 3376 prwdictione
3249 3310 3523 3363 eversionis
3577 3309 3871 3378 Hispania.

2352 3399 2470 3451 Alia
2499 3400 2844 3453 commentitia
2867 3407 2954 3452 aut
2975 3399 3134 3452 dubia
3163 3398 3357 3453 Isidori
3381 3410 3549 3472 gesta.

2353 3488 2395 3544 l.
2429 3488 2637 3542 Pseudo
2661 3519 2680 3529 ο
2707 3488 3002 3543 lldelonsus
3059 3490 3111 3542 in
3159 3489 3579 3545 Continuatione
3608 3491 3866 3548 Chronici

2283 3582 2466 3637 Isidori
2493 3621 2507 3646 ,
2539 3592 2594 3636 et
2622 3580 2928 3637 Canonicus
2957 3581 3308 3652 Legionensis
3339 3583 3390 3637 in
3423 3582 3542 3637 Vita
3570 3582 3625 3637 S.
3659 3583 3870 3648 Isidori,

2282 3675 2387 3730 iter
2415 3673 2699 3729 Mahometi
2721 3714 2737 3739 ,
2769 3676 2881 3730 sive
2913 3674 3232 3730 Machometi
3265 3677 3315 3730 in
3349 3675 3660 3746 Hispaniam
3684 3717 3700 3742 ,
3731 3680 3871 3748 ejus-

2280 3783 2386 3838 que
2406 3767 2599 3822 exinde
2614 3783 2711 3837 per
2737 3767 2995 3822 lsidorum
3023 3769 3394 3837 expulsionem
3425 3778 3668 3823 narrant.
3701 3769 3870 3826 Hens-

2279 3859 2506 3916 cbenius
2536 3858 2759 3927 conjicit
2781 3859 3022 3926 potuisse
3051 3859 3284 3929 aliquem
3310 3858 3681 3915 Mahometicaz
3708 3870 3868 3917 secta:

2280 3951 2661 4006 seminatorem
2693 3950 2745 4003 in
2774 3948 3084 4018 Hispaniam
3118 3951 3320 4014 venire,
3352 3949 3444 4019 qui
3486 3950 3610 4006 inde
3655 3962 3868 4008 mature

2279 4041 2558 4097 discedere
2584 4049 2804 4095 coactus
2850 4041 3010 4094 fuerit
3039 4059 3051 4104 ;
3107 4056 3173 4094 ex
3204 4055 3310 4112 quo
3338 4040 3496 4111 huius
3543 4044 3868 4099 narrationis

2281 4137 2453 4205 origo.
2486 4135 2542 4189 In
2578 4135 3082 4204 pseudmhistoricis
3113 4136 3226 4190 haec
3255 4136 3575 4190 invenimus.
3605 4135 3868 4190 Maximus

2280 4229 2346 4282 ad
2378 4244 2575 4284 annum
2606 4227 2711 4282 606
2736 4271 2749 4295 ,
2783 4245 2931 4282 num.
2961 4228 3024 4295 2,
3059 4216 3418 4281 Μῖιεὴηηπειυσ
3443 4268 3457 4292 ,
3502 4227 3651 4280 homo
3681 4228 3869 4298 impius

2279 4330 2326 4376 et
2359 4325 2645 4394 ﬂagitiosus
2674 4363 2688 4384 ,
2740 4331 3008 4392 grassatur
3047 4337 3137 4390 per
3166 4317 3475 4388 Hispanias.
3508 4317 3867 4387 Luitprandus

2282 4416 2347 4470 ad
2377 4430 2571 4469 annum
2602 4413 2702 4467 607
2733 4454 2746 4476 ,
2776 4411 2830 4466 Μ
2837 4413 3129 4465 aclrumetus
3158 4453 3173 4476 ,
3228 4416 3311 4482 qui
3359 4413 3498 4464 virus
3543 4411 3740 4463 erroris
3792 4409 3866 4464 sui

2283 4506 2500 4577 fundens
2552 4521 2642 4574 per
2690 4503 3002 4572 Hispaniam
3034 4543 3048 4566 ,
3086 4500 3359 4562 Cordubce,
3393 4499 3644 4564 Hispali,
3704 4498 3866 4553 Toleti

587 4599 668 4646 tra
723 4591 1047 4660 Augustinus
1100 4591 1292 4645 alicubi
1344 4591 1651 4644 nominatur
1706 4590 2034 4657 Hispalensis
2077 4606 2174 4661 pro
2206 4610 2253 4668 ι)
2281 4599 2430 4669 capit
2459 4598 2730 4658 seminare,
2759 4595 2822 4646 ab
2861 4594 3082 4647 Aurasio
3107 4592 3269 4646 Toleti
3300 4592 3688 4660 archiepiscopo
3714 4591 3866 4646 Tole-

586 4681 958 4753 Hipponensis,
991 4691 1049 4736 ut
1092 4698 1211 4752 cap.
1262 4681 1333 4738 85
1360 4683 1553 4737 dicam.
1586 4682 1640 4736 ln
1688 4681 1945 4739 Conciliis
1973 4683 2170 4737 thbei

586 4785 712 4830 nota
735 4776 847 4830 htrc
868 4775 1092 4843 margini
1115 4775 1344 4845 alligitur
1371 4794 1383 4828 :
1413 4775 1629 4829 Falsam
1646 4792 1757 4831 esse
1776 4775 2045 4843 epistolam
2073 4775 2170 4828 do-

584 4878 701 4924 cent
730 4879 832 4922 tum
861 4869 989 4935 alia,
1025 4881 1127 4925 tum
1167 4869 1394 4925 Isidorus
1417 4871 1544 4938 ipse,
1597 4870 1682 4940 qui
1707 4868 1916 4936 Hispali
1943 4869 2075 4920 sedit
2105 4869 2170 4920 alr

586 4976 725 5014 anno
754 4957 856 5013 600
878 4960 945 5013 ad
966 4978 1157 5015 annum
1178 4960 1301 5026 656,
1330 4978 1423 5014 nec
1446 4962 1606 5014 ullum
1637 4977 1818 5029 passus
1839 4967 1911 5012 est
1939 4959 2035 5012 sibi
2057 4962 2169 5014 col-

587 5049 753 5121 legam
782 5050 845 5102 ab
877 5067 1013 5104 anno
1061 5048 1165 5102 6M
1208 5051 1275 5103 ad
1321 5049 1445 5104 617.
1498 5051 1551 5104 1η
1584 5048 1827 5103 Dacherii
1883 5047 2169 5117 Spicilegio

588 5149 719 5196 tom.
752 5137 815 5206 11,
867 5155 986 5211 pag.
1015 5139 1138 5207 410,
1181 5151 1357 5196 exstat
1403 5142 1629 5211 epistola
1661 5137 1884 5203 Amulli,
1917 5140 2029 5194 sive
2072 5139 2170 5195 Er-

587 5231 714 5286 nulli
773 5232 841 5287 de
887 5233 1109 5288 incertis
1155 5232 1448 5301 Conjugiis,
1505 5233 1557 5285 in
1587 5246 1692 5299 qua
1740 5230 1984 5285 laudatur
2018 5231 2166 5303 164

586 5328 811 5398 epistola
866 5343 1018 5400 papa:
1065 5328 1352 5383 Deusdedit
1404 5328 1470 5380 ad
1498 5325 1822 5382 Gordianum
1861 5327 2169 5396 episcopum

509 5433 519 5491 ξ
586 5417 954 5491 Hispaleusem
990 5439 1002 5475 :
1036 5421 1126 5477 sed
1157 5436 1278 5476 cum
1301 5420 1556 5474 Arnulfus
1579 5418 1776 5472 sacculo
1808 5435 1879 5472 xn
1909 5418 2169 5483 ﬂoruerit,

510 5496 518 5536 ⁵
584 5509 704 5579 ejus
731 5513 1021 5567 auctoritas
1052 5520 1198 5566 tanta
1223 5527 1329 5565 non
1362 5520 1463 5574 est,
1491 5518 1550 5563 ut
1578 5525 1607 5563 a
1638 5509 1939 5579 suspicione
1969 5509 2171 5566 falsita-

586 5601 656 5656 tis
683 5602 964 5673 epistolam
988 5617 1138 5673 papae
1167 5601 1455 5655 Deusdedit
1493 5601 1560 5656 ad
1587 5598 1912 5655 Gordianum
1941 5601 2172 5656 liberare

589 5689 782 5760 possit.

657 5782 712 5835 4.
762 5780 1059 5837 Gardinalis
1090 5780 1383 5850 Aguirrius,
1438 5780 1763 5852 apocryphis
1811 5779 2171 5836 decretalibus

588 5870 827 5942 alioquin
858 5872 1236 5936 noninfensus.
1255 5872 1393 5930 hanc
1420 5884 1599 5929 tamen
1621 5871 1899 5944 epistolam
1923 5873 2168 5942 supposi-

2278 4698 2401 4741 tano
2450 4687 2656 4757 (Forte
2707 4686 2929 4754 Toleto)
2979 4685 3200 4755 pulsus:
3241 4684 3581 4754 catholicique
3634 4683 3865 4736 doctores

2275 4779 2422 4833 verbo
2450 4787 2498 4831 et
2527 4779 2719 4847 scripto
2749 4777 3004 4846 nefarium
3044 4790 3269 4828 errorem
3297 4783 3690 4843 persequuntur.
3721 4772 3862 4826 Rur—

2275 4885 2365 4923 sus
2410 4868 2476 4921 ad
2527 4883 2720 4922 annum
2771 4865 2911 4930 6l5,
2960 4865 3315 4918 Machametus
3364 4864 3863 4933 pseudo-propheta.

2276 4959 2525 5014 Corduba:
2561 4959 2828 5028 pradicet.
2860 4956 3099 5026 Denique
3137 4955 3202 5008 ad
3231 4971 3428 5008 annum
3457 4953 3560 5008 6l9
3608 4954 3862 5018 afﬁrmat,

2277 5050 2637 5104 Mahometum
2680 5049 2843 5102 libros
2889 5046 3089 5101 erroris
3134 5045 3216 5100 sui
3272 5046 3325 5099 in
3356 5045 3552 5098 Arabia
3584 5044 3858 5112 vulgasse.

2276 5142 2429 5208 Quod
2459 5141 2682 5210 petitum
2709 5139 2920 5193 videtur
2943 5155 3009 5193 ex
3043 5138 3559 5194 Pseudo-lldelonso
3589 5138 3641 5192 in
3673 5137 3860 5192 ϐοειιί-

2276 5234 2534 5289 nuatione
2555 5231 2804 5287 Chronici
2839 5229 3118 5284 lsidoriani
3147 5230 3212 5284 ad
3241 5245 3400 5284 teram
3426 5227 3562 5284 655:
3595 5227 3859 5283 Maltomel

2276 5328 2340 5383 ab
2373 5326 2636 5396 Hispania
2689 5325 2902 5394 turpiter
2948 5325 3192 5394 fugatus,
3242 5326 3296 5377 in
3343 5324 3521 5394 Africa
3577 5323 3856 5394 nequitiam

2275 5418 2491 5489 nefaria:
2518 5417 2642 5488 legis
2668 5415 2834 5468 stultis
2863 5415 3068 5484 populis
3089 5415 3408 5484 praedicavit.

2344 5510 2396 5564 2.
2442 5509 2731 5565 Historiam
2763 5508 2901 5561 hanc
2930 5508 3226 5562 fabulosam
3260 5523 3366 5561 non
3398 5508 3571 5563 solum
3603 5507 3756 5561 multi
3787 5520 3853 5560 ex

2275 5603 2662 5657 recentioribus
2689 5600 3075 5670 amplexisunt,
3109 5609 3168 5655 ut
3189 5600 3439 5657 Alfonsus
3459 5599 3623 5670 Spina
3645 5643 3659 5666 ,
3691 5599 3852 5653 War—

2275 5707 2436 5746 nerus
2460 5692 2527 5746 de
2557 5690 2836 5753 Rolevink,
2867 5691 3355 5760 Quintanadueuas,
3389 5693 3572 5759 Bleda,
3607 5692 3852 5757 Vasaeus,

2275 5790 2330 5837 et
2358 5781 2575 5850 antiqua
2599 5780 2866 5834 Breviaria
2889 5779 3177 5852 Hispanica
3209 5781 3500 5850 Eborcnse,
3531 5791 3587 5837 et
3603 5781 3828 5837 Zamora

2276 5889 2401 5927 nmn
2449 5870 2593 5940 apud
2631 5868 2928 5942 Tamayuut
2979 5875 3031 5930 in
3064 5873 3282 5946 Martyr.
3326 5873 3475 5946 llisp.
3535 5874 3603 5931 ad
3650 5874 3791 5929 diem
3823 5871 3850 5926 1
