4048 6364
219 302 316 368 137

1239 283 1623 352 [SIDORIANA
1664 320 1730 332 —-
1770 289 1947 346 PARS
1986 286 2027 345 Ι.
2069 287 2221 345 CAP.
2265 280 2444 344 XXV.

3392 293 3496 347 158

218 420 413 495 Aprilis
439 459 455 488 ,
504 418 600 475 sed
629 416 791 473 etiam
832 413 1079 470 nonnulli
1105 412 1435 481 antiquiores
1457 452 1473 477 ,
1519 418 1576 464 ut
1606 417 1794 464 auctor
1821 410 1872 469 Α
1898 406 2101 462 lumine
2128 404 2416 461 frueretur.
2445 400 2667 495 Itafere
2688 396 2989 495 Ilodericus
3015 402 3181 461 etiam
3200 403 3495 462 Cerraten-

217 516 460 574 Historia
488 510 757 582 generalis
799 507 1067 579 Hispaniae
1105 504 1204 561 sub
1245 504 1470 559 Alfonso
1507 500 1555 556 Χ
1584 544 1597 569 ,
1648 501 1801 570 cujus

218 605 465 678 auspiciis
492 603 579 659 vel
607 604 769 658 etiam
800 600 983 655 labore
1011 597 1256 653 confecta
1284 595 1381 650 fuit
1404 636 1418 659 ,
1461 602 1515 649 et
1540 592 1595 648 S.
1625 592 1797 649 Anto-

217 702 333 758 nius
361 700 415 755 in
439 697 577 753 Hist.
611 696 695 750 tit.
722 693 806 759 1'5,
835 708 955 763 cap.
979 689 1033 759 2,
1063 690 1090 763 §
1122 688 1173 755 6,
1205 688 1298 757 qui
1324 687 1485 743 tradit
1513 685 1724 741 Isidori;
1756 700 1796 750 ‘.,

216 807 332 851 cum
382 790 489 861 ipsi
536 785 858 843 occurrisset
886 778 1691 850 Mahometus,prognosticum,
1734 790 1802 830 ex

214 885 357 941 vultu
387 881 503 951 ejus
528 879 752 943 fecisse,
782 885 988 948 pestem
1020 871 1312 942 aliquando
1339 870 1488 924 illum
1522 866 1799 922 hominem

218 970 467 1027 Ecclesiae
512 968 796 1024 futurum:
850 980 960 1035 quo
1010 961 1256 1032 exemplo
1297 957 1593 1030 jurisperiti
1640 956 1802 1012 etiam

216 1064 539 1123 conﬁrmant
590 1077 660 1117 ex
703 1060 813 1117 oris
841 1057 1083 1115 foeditate
1124 1054 1385 1126 judicium
1416 1050 1651 1108 criminis
1688 1047 1801 1103 ﬁeri

216 1174 367 1231 posse
386 1199 401 1223 ,
435 1165 497 1212 ut
523 1153 829 1210 Mascardus
857 1151 925 1207 de
964 1149 1183 1205 Probat.
1218 1156 1347 1202 tom.
1380 1143 1450 1212 Il,
1480 1142 1650 1199 concl.
1674 1140 1799 1205 851,

218 1267 269 1305 n.
298 1247 583 1303 29.Totam
612 1247 768 1318 166
791 1259 919 1300 vero
950 1241 1185 1297 fabulam
1214 1239 1281 1295 de
1293 1236 1583 1292 Mahometi
1612 1234 1802 1306 prmdi-

215 1338 423 1392 catione
469 1335 524 1390 in
572 1332 827 1403 Hispania
880 1330 1129 1400 rejiciunt
1164 1326 1484 1382 Ambrosius
1530 1321 1803 1389 Morales,

216 1428 535 1483 Franciscus
590 1422 790 1479 Padilla
816 1463 831 1488 ,
862 1422 1099 1477 Mariana
1122 1460 1139 1486 ,
1192 1417 1490 1474 Rodericus
1516 1415 1688 1471 Carus
1737 1411 1805 1468 ad

218 1517 525 1583 Maximum,
548 1513 787 1571 Joannes
818 1512 1088 1585 Tamayus
1117 1511 1170 1565 in
1196 1508 1419 1581 Martyr.
1451 1505 1604 1578 Hisp.
1630 1546 1645 1572 ,
1672 1504 1805 1559 alias

224 1608 594 1681 hujuscemodi
645 1605 948 1663 fabularum
978 1614 1033 1659 et
1062 1602 1338 1659 ﬁctionum
1388 1599 1679 1657 acerrimus
1706 1596 1804 1651 de-

198 1686 415 1764 lcusor,
443 1708 502 1755 et
532 1698 773 1769 plerique
796 1696 886 1752 alii
915 1712 946 1752 e
974 1693 1390 1752 recentioribus.

1902 498 1978 554 sis
2026 498 2080 553 in
2126 497 2233 552 line
2260 495 2396 551 Vitae
2444 494 2656 551 Isidori.
2705 492 2915 552 Saeculo
2941 510 3050 565 quo
3096 495 3231 552 vixit
3256 496 3495 558 Isidorus

1904 600 2160 661 tanquam
2206 589 2446 647 scientia:
2486 596 2795 660 portentum
2838 605 2963 646 eum
3002 591 3237 662 aequales
3266 606 3494 648 venera-

1901 684 2141 751 bantur;
2193 699 2312 753 qua:
2369 684 2553 754 opinio
2603 683 3062 754 consequentibus
3108 685 3345 754 saeculis,
3395 688 3495 741 sub

1902 774 2211 832 Maurorum
2260 777 2509 847 imperio,
2556 776 2910 833 vehementer
2938 785 3097 833 aucta
3126 775 3247 833 fuit.
3292 776 3493 833 Harum

1903 878 2084 924 autem
2115 869 2461 925 lucernarum
2509 868 2716 924 nullum
2766 868 3049 939 vestigium
3081 869 3294 940 reperio
3319 911 3333 935 ,
3384 884 3493 925 non

1902 961 2077 1017 solum
2101 962 2243 1033 apud
2268 978 2363 1019 eos
2390 962 2681 1034 scriptores
2705 964 2799 1033 qui
2817 978 2937 1018 cum
2965 962 3175 1019 Isidoro
3205 978 3498 1019 conversa-

1904 1052 1943 1107 ti
1965 1062 2090 1109 sunt
2116 1094 2132 1121 ,
2160 1070 2348 1110 verum
2376 1070 2554 1125 neque
2580 1055 2725 1126 apud
2746 1056 2883 1111 Acta
2911 1063 3097 1112 vetera
3124 1056 3499 1111 translationis

1904 1143 2019 1212 ejus
2045 1146 2289 1216 corporis
2311 1187 2326 1212 ,
2358 1161 2478 1215 quae
2497 1163 2527 1201 a
2558 1148 2714 1204 nobis
2734 1148 2993 1219 producta
3023 1158 3149 1205 sunt
3170 1164 3291 1222 cap.
3325 1148 3357 1204 8
3383 1192 3397 1217 ,
3444 1150 3497 1202 iu

1905 1236 2096 1305 quibus
2120 1251 2301 1293 sermo
2329 1238 2526 1309 aliquis
2570 1239 2637 1295 de
2684 1240 2893 1297 duobus
2944 1240 3179 1297 lucernis
3217 1241 3498 1295 habendus
3578 1246 3583 1252 '

1906 1337 2068 1395 esset,
2088 1328 2353 1401 siquidem
2377 1330 2431 1384 in
2460 1330 2712 1400 sepulcro
2743 1332 2931 1388 Isidori
2960 1334 3222 1403 apposita:
3251 1331 3495 1388 fuissent.

1907 1420 2174 1493 Tamayus
2194 1421 2247 1475 in
2265 1420 2651 1493 Martyrologio
2674 1437 2743 1477 ex
2764 1421 2927 1478 Petro
2948 1422 3161 1479 Crinito
3181 1414 3248 1478 de
3268 1422 3495 1480 Honest.

1903 1510 2137 1581 discipl.,
2170 1511 2263 1567 lib.
2296 1528 2389 1582 vn,
2420 1528 2470 1569 c.
2500 1511 2571 1567 15
2590 1552 2607 1580 ,
2631 1512 2894 1583 ejusmodi
2926 1515 3174 1570 lucernas
3203 1514 3493 1571 cbimicnm

1876 1603 2106 1677 aliquid
2154 1619 2349 1675 sapere
2400 1605 2517 1670 ait,
2569 1604 2817 1677 adeoque
2854 1605 3061 1663 Isidoro
3091 1607 3342 1680 indignas
3373 1625 3497 1667 esse

1907 1711 2031 1751 cum
2056 1695 2343 1752 Ambrosio
2373 1696 2608 1754 Morales
2633 1697 2924 1753 concludit.

286 1794 335 1848 5.
372 1792 655 1850 Uberrime
683 1789 1050 1848 commentitia
1095 1788 1212 1845 haec
1243 1785 1480 1842 narratio
1510 1783 1577 1841 de
1607 1782 1797 1839 Maho-
1831 1800 1877 1860 Β
1980 1788 2031 1842 6.
2077 1788 2401 1859 Perpetuum
2464 1788 2774 1859 hujusmodi
2822 1789 3187 1859 lucernarum,
3236 1807 3355 1862 qua:
3404 1792 3505 1847 ali-

220 1888 343 1942 meti
370 1887 423 1940 in
451 1884 762 1957 Hispaniam
792 1884 1025 1939 adventu
1051 1898 1081 1937 a
1101 1880 1213 1936 Nic.
1249 1878 1486 1935 Antonio
1514 1876 1800 1941 refutatur,

218 1978 304 2047 qui
333 1993 397 2032 ex
430 1976 703 2033 historicis
730 1975 1016 2043 Arabibus,
1047 1970 1247 2028 Graecis
1276 1980 1331 2026 et
1356 1969 1581 2037 Latinis,
1610 1967 1803 2039 probat

220 2066 581 2122 Mahometum
612 2066 662 2120 in
691 2065 1003 2136 Hispaniam
1034 2078 1311 2133 nunquam
1342 2051 1574 2127 venisse,
1602 2059 1803 2116 nedum

223 2156 273 2210 in
303 2170 365 2211 ea
393 2170 495 2227 per
534 2155 749 2227 longum
788 2155 1049 2225 temporis
1092 2154 1323 2225 spatium
1352 2150 1678 2207 commorari
1705 2165 1804 2220 po-

219 2249 400 2305 tuisse.
425 2247 779 2319 Conjecturas
822 2248 983 2303 etiam
1024 2244 1210 2313 addit,
1264 2260 1384 2314 qua:
1417 2253 1596 2299 tamen
1626 2241 1803 2296 minus

220 2348 495 2412 urgerent,
522 2339 568 2395 si
588 2339 819 2409 graviori
849 2340 1082 2396 historia:
1114 2337 1460 2393 fundamento
1492 2351 1578 2391 res
1607 2335 1805 2390 nitere-

220 2440 322 2488 tur.
352 2426 531 2488 Unum
558 2442 737 2490 tamen
763 2434 1021 2505 prteteriit
1057 2434 1331 2503 egregium
1359 2431 1747 2498 testimonium,
1771 2445 1802 2485 a

219 2525 372 2581 nobis
418 2542 527 2582 non
572 2526 949 2583 omittendum.
1002 2524 1058 2582 S.
1105 2525 1363 2596 Eulogius
1398 2524 1756 2581 Cordubensis
1786 2565 1803 2593 ,

216 2619 485 2689 gloriosus
512 2619 709 2677 Christi
732 2630 936 2691 martyr
966 2619 1164 2677 saeculo
1194 2635 1245 2674 ιι
1274 2658 1288 2685 ,
1330 2617 1382 2673 in
1408 2616 1633 2686 Apolog.
1667 2614 1806 2671 Mar-

219 2716 326 2781 tyr.
354 2750 368 2776 ,
402 2711 473 2765 14
496 2726 645 2781 seqq.
669 2752 683 2778 ,
727 2712 1158 2782 praecedentium,
1206 2720 1263 2764 ut
1289 2708 1403 2774 ait,
1435 2709 1701 2762 doctorum
1739 2706 1807 2762 de

214 2801 515 2857 Maltometi
546 2803 841 2857 sceleribus
868 2800 1235 2857 testimonium
1279 2800 1525 2870 proferre
1572 2800 1762 2853 volens
1789 2840 1803 2865 ,

210 2893 290 2947 sic
322 2901 509 2945 narrat
538 2909 551 2944 :
585 2891 712 2946 Cant
740 2908 904 2946 essem
935 2892 1057 2946 olim
1099 2893 1153 2945 in
1194 2890 1587 2960 Pampilonensi
1614 2889 1808 2960 oppido

209 2984 437 3053 positus,
466 2993 512 3037 et
536 2983 675 3055 apud
695 2982 982 3056 Legerense
1008 2982 1288 3038 cwnobium
1318 2983 1635 3053 demorarer,
1682 2998 1809 3036 cun-

211 3084 398 3142 ctaque
425 3074 680 3128 volumina
706 3091 818 3144 qua:
847 3072 915 3127 ibi
945 3086 1092 3128 erant
1120 3076 1292 3145 gratia
1320 3073 1657 3145 dignoscendi
1684 3112 1698 3137 ,
1726 3074 1811 3127 in-

1905 1879 2122 1950 quando
2166 1881 2400 1936 inventae
2441 1880 2733 1948 dicuntur,
2785 1862 2967 1936 iumen
3010 1881 3163 1937 multi
3194 1881 3249 1936 in
3281 1881 3503 1939 dubium

1906 1979 2195 2038 revocant,
2226 1969 2471 2027 nonnulli
2500 1979 2690 2042 aperte
2715 1979 3067 2042 oppugnant,
3096 1971 3186 2026 alii
3216 1987 3315 2042 pro
3335 1966 3502 2041 gene-

1906 2080 1966 2121 re
1986 2064 2286 2135 phosphori
2303 2071 2359 2119 et
2379 2063 2582 2119 lumine
2606 2064 2725 2120 sine
2744 2063 2928 2120 calore
2942 2064 3265 2131 habuerunt,
3284 2063 3505 2135 quidam

1907 2170 2079 2217 totum
2101 2161 2230 2217 illud
2246 2160 2391 2234 quod
2411 2162 2612 2232 apertis
2626 2161 2888 2233 sepulcris
2904 2160 3135 2217 ﬂammae
3169 2161 3504 2234 conspicitur

1905 2255 2028 2311 teris
2056 2254 2399 2310 ventilationi
2426 2254 2691 2311 tribuunt.
2724 2253 2936 2310 Videsis
2962 2265 3214 2311 auctores
3244 2272 3273 2309 a
3322 2253 3506 2310 Fabri-

1907 2347 1992 2403 cio
2022 2348 2076 2402 in
2106 2346 2473 2417 Bibliograph.
2505 2346 2711 2417 antiq.,
2743 2362 2863 2418 cap.
2898 2346 2988 2415 25,
3024 2364 3173 2403 num.
3201 2347 3289 2413 10,
3318 2348 3506 2404 lauda-

1907 2445 2025 2505 tos;
2056 2438 2146 2509 qui
2189 2438 2415 2510 opponit.
2461 2439 2853 2509 experientiam
2900 2455 3092 2496 eorum
3140 2441 3228 2512 qui
3268 2441 3506 2496 lucernas

1907 2530 2028 2585 illas
2056 2539 2318 2600 eruerunt,
2342 2538 2421 2597 et,
2452 2529 2842 2600 aere'admisso,
2871 2532 3180 2587 exstinctum
3200 2533 3407 2603 quidem
3427 2534 3501 2587 lu-

1909 2638 2048 2687 men,
2066 2621 2159 2676 sed
2177 2621 2401 2677 calorem
2424 2620 2592 2675 adhuc
2613 2638 2645 2675 a
2664 2638 2719 2675 se
2739 2622 3130 2693 deprehensum,
3165 2624 3338 2678 testati
3364 2633 3505 2679 sunt.

1912 2714 2076 2782 Sane,
2099 2715 2296 2785 inquit,
2326 2714 2602 2785 ellychnia,
2621 2730 2736 2785 qua:
2756 2714 2820 2768 ab
2845 2716 2966 2787 igne
2984 2732 3087 2772 non
3114 2727 3505 2781 consumantur,

1911 2806 2092 2875 parari
2138 2822 2203 2860 ea:
2249 2804 2487 2875 Carystio
2538 2806 2711 2874 lapide
2746 2814 2796 2859 et
2841 2806 2949 2861 lino
2987 2805 3241 2878 Carpasio
3284 2808 3505 2873 asbesto,

1913 2910 2092 2952 natum
2118 2898 2345 2969 antiquis
2373 2898 2585 2967 fuit.....
2616 2895 2819 2968 Ecquid
2844 2914 2960 2953 vero
2981 2900 3052 2952 sit
3080 2899 3216 2953 illud
3238 2900 3376 2969 quod
3401 2910 3504 2953 tam

1915 2999 2258 3060 constantem,
2282 2998 2332 3044 et
2360 2989 2662 3044 diuturnam
2683 2991 2846 3061 possit
2873 2991 3141 3060 ﬂammam
3166 2992 3513 3065 ardoremque

1916 3081 2072 3148 alere,
2106 3083 2279 3136 minus
2304 3080 2509 3153 quidem
2533 3080 2700 3135 adhuc
2746 3081 2947 3136 videtur
2990 3092 3310 3154 compertum
3332 3124 3350 3151 ,
3400 3102 3509 3139 rem

214 3180 481 3241 comperta
508 3171 810 3225 resolvet-em
840 3210 856 3238 ,
912 3171 1081 3225 subito
1119 3172 1173 3225 in
1203 3173 1426 3240 quadam
1456 3180 1608 3242 parte
1632 3170 1808 3241 cujus-
1834 3202 1881 3267 ο
1926 3183 2097 3229 tamen
2127 3174 2243 3230 ideo
2298 3175 2593 3247 neutiquam
2635 3173 2928 3247 negandum
2959 3176 3199 3231 duxerim
3226 3184 3409 3232 contra
3436 3184 3514 3233 tot

218 3264 337 3318 dam
362 3266 597 3334 opusculi
624 3264 757 3319 hanc
787 3264 851 3319 de
880 3264 1109 3336 nefando
1130 3274 1241 3320 vale
1263 3264 1587 3321 historiolam
1616 3263 1808 3335 absque

223 3357 452 3411 auctoris
480 3358 686 3410 nomine
714 3357 903 3427 reperi.

292 3446 347 3502 4.
387 3445 617 3501 Exortus
644 3457 719 3501 est
747 3465 967 3519 namque
993 3448 1262 3505 Mahomat
1292 3451 1661 3506 haeresiarchas
1684 3461 1810 3507 lem-

224 3556 343 3609 ροβε
370 3537 606 3594 lleraclii
634 3542 982 3610 imperatoris,
1013 3560 1149 3597 anno
1180 3543 1381 3616 imperii
1427 3546 1538 3615 ejus
1563 3546 1807 3616 septimo,

225 3638 457 3684 currente
486 3646 594 3685 tera
622 3646 794 3687 DCLVI.
841 3630 911 3687 In
940 3632 1035 3687 hoc
1082 3645 1305 3704 tempore
1338 3634 1574 3689 Isidorus
1614 3632 1811 3707 Hispa-

224 3722 377 3778 lensis
407 3728 680 3796 episcopus
710 3726 765 3780 in
787 3726 1042 3780 catholico
1066 3728 1302 3798 dogmate
1344 3728 1560 3793 claruit,
1592 3736 1640 3781 et
1663 3728 1809 3783 Sise-

225 3815 365 3871 butus
390 3816 572 3873 Toleto
624 3819 796 3890 regale
852 3817 1049 3872 culmen
1101 3818 1437 3873 obtinuit.....
1479 3818 1810 3892 Obtinuitque

224 3917 496 3984 praedictus
546 3913 818 3975 Mahomat
858 3914 1117 3986 nefandus
1164 3913 1414 3985 propheta
1464 3916 1812 3984 principatum

226 4009 367 4061 nimis
397 4009 601 4076 decem,
625 4014 731 4062 etc.
759 4006 849 4063 Sic
872 4015 1028 4063 vetus
1078 4005 1167 4060 ille
1208 4014 1394 4061 auctor
1421 4005 1585 4060 vitam
1621 4004 1811 4062 Maho-

227 4107 331 4152 mat
356 4098 668 4155 describere
695 4100 889 4170 pergit,
915 4099 1044 4169 quin
1074 4100 1292 4155 verbum
1338 4099 1501 4154 ullum
1532 4099 1598 4155 de
1624 4099 1815 4157 itinere

229 4184 513 4259 Hispanico
560 4190 739 4246 faciat.
770 4190 1011 4247 Similem
1043 4192 1406 4248 narrationem
1436 4190 1671 4247 Joannes
1693 4190 1813 4248 llis-

229 4279 454 4347 palensis
485 4281 559 4337 ad
589 4280 844 4337 Alvarum
871 4282 1273 4339 Cordubensem
1314 4284 1458 4340 misit
1509 4284 1652 4353 apud
1690 4283 1814 4340 Flo-

229 4372 422 4428 rezium
467 4383 509 4429 t.
544 4371 647 4441 XI,
672 4389 725 4444 p.
759 4374 861 4430 146
886 4417 901 4443 ,
946 4375 1035 4430 ubi
1064 4391 1163 4445 pro
1213 4377 1384 4448 regale
1425 4376 1623 4430 culmen
1675 4377 1815 4433 male

229 4465 473 4534 scriptum
506 4474 592 4522 est
618 4468 809 4540 regulae
854 4469 1072 4523 culmen.
1107 4470 1239 4526 Cum
1294 4478 1474 4527 autem
1525 4468 1815 4527 Mahometi

1912 3269 2181 3330 αὐτόπτας
2210 3275 2389 3333 testes,
2423 3277 2530 3323 etc.
2560 3267 2695 3322 Rem
2722 3267 2884 3323 latius
2914 3278 3319 3340 prosequuntur
3345 3270 3510 3328 Lice-

1914 3370 2021 3429 tus,
2046 3360 2317 3417 Robertus
2347 3359 2499 3428 Plot,
2533 3359 2856 3418 Franciscus
2896 3361 3123 3418 Carolus
3146 3403 3161 3429 ,
3181 3359 3339 3417 Joan.
3372 3361 3508 3433 Bap.

1914 3452 2181 3523 Ursatus,
2232 3451 2350 3509 Jac.
2404 3452 2744 3521 Ozanamus,
2794 3463 2849 3509 et
2894 3453 3017 3523 alii,
3062 3468 3293 3525 quorum
3340 3469 3507 3527 opera

1912 3545 2161 3601 laudatus
2190 3544 2473 3601 Fabricius
2500 3556 2773 3603 recenset.

1985 3638 2036 3694 7.
2080 3637 2155 3694 De
2182 3637 2531 3709 prredictione
2568 3654 2674 3709 qua
2698 3638 2933 3696 Isidorus
2983 3643 3321 3699 eversionem
3386 3642 3507 3701 His-

1912 3736 2089 3806 panis:
2141 3738 2532 3807 praenuntiasse
2586 3737 2781 3794 dicitur
2804 3778 2820 3802 ,
2876 3739 3119 3794 nonnihil
3144 3738 3255 3809 jam
3285 3755 3405 3811 cap.
3439 3740 3503 3793 Ἦ

1913 3825 2247 3896 disputatum
2274 3827 2395 3883 fuit.
2445 3826 2716 3899 Tamayus
2744 3829 2799 3884 in
2828 3828 3048 3902 Martyr.
3087 3829 3236 3901 Hisp.
3272 3846 3339 3886 ex
3369 3846 3508 3887 non-

1914 3917 2076 3975 nullis
2130 3919 2486 3989 scriptoribus
2534 3926 2589 3974 et
2637 3918 2925 3974 Breviariis
2981 3930 3167 3975 narrat
3214 3921 3507 3989 Isidorum,

1916 4010 2079 4065 morti
2102 4009 2212 4079 jam
2254 4010 2578 4081 proximum,
2601 4011 2655 4066 in
2684 4011 2903 4066 basilica
2935 4011 2991 4066 S.
3026 4012 3291 4067 Vincentii
3317 4027 3491 4082 popu-

1916 4102 2025 4157 lum
2062 4103 2363 4173 composita
2413 4104 2663 4159 oratione
2707 4102 3053 4159 admonuisse
3075 4144 3090 4169 ,
3141 4111 3196 4159 et
3227 4103 3369 4159 inter
3397 4103 3499 4157 alia

1916 4195 2185 4267 Hispaniae
2240 4196 2505 4253 excidium
2564 4197 2874 4268 praedixisse
2924 4212 2989 4253 ex
3038 4196 3196 4252 Luca:
3243 4195 3505 4253 Tudensis

1916 4289 2202 4348 Chronicis
2248 4291 2385 4348 libro
2414 4308 2506 4359 ιιι,
2541 4308 2571 4347 a
2599 4307 2707 4363 quo
2758 4299 3107 4362 sumpserunt
3147 4290 3410 4347 Baronius
3439 4292 3503 4346 ad

1919 4399 2046 4441 ann.
2074 4384 2197 4451 6'56,
2232 4402 2286 4440 η.
2320 4385 2373 4451 7,
2405 4393 2461 4441 et
2490 4386 2554 4441 D.
2579 4385 2902 4442 Laurentius
2928 4378 3176 4441 Rantirez
3206 4386 3259 4440 in
3290 4395 3403 4441 not.
3437 4385 3506 4440 ad

1919 4476 2235 4548 Luitprand,
2258 4479 2416 4549 168
2443 4494 2592 4533 num.
2632 4477 2750 4543 l88,
2782 4475 2874 4533 fol.
2920 4476 3041 4543 390,
3074 4478 3163 4531 ubi
3190 4478 3257 4531 ab
3286 4475 3503 4545 Egidio

233 4555 281 4658 ill
307 4557 622 4631 Hispaniam
669 4564 772 4618 iter
800 4562 974 4619 solum
992 4563 1068 4637 ab
1110 4564 1377 4620 historicis
1431 4565 1622 4620 decimi
1667 4565 1808 4620 lel‘lii
1839 4607 1890 4668 Β
1919 4571 2184 4629 Gonzales
2198 4572 2384 4628 Davila
2409 4589 2438 4629 e
2459 4574 2769 4629 membrana
2791 4572 3152 4630 vetustissima
3177 4570 3290 4625 haec
3312 4570 3503 4626 Isidori

233 4649 435 4707 circiter
488 4652 716 4724 saeculi,
774 4652 828 4709 in
883 4654 1075 4724 quibus
1129 4656 1295 4710 multa
1346 4656 1450 4711 alia
1496 4655 1563 4711 de
1600 4654 1803 4714 Isidoro

235 4740 358 4800 falsa
389 4756 702 4816 occurrunt,
735 4757 791 4804 et
817 4765 849 4804 a
880 4750 1387 4819 pseudo-historicis
1416 4754 1650 4823 antiquis
1679 4770 1805 4810 nar-

235 4844 415 4905 retur,
459 4849 650 4896 contra
699 4840 990 4896 Mahometi
1038 4858 1125 4898 res
1172 4852 1336 4913 gesta:
1387 4844 1453 4898 ab
1493 4844 1805 4915 Elmacino,

240 4924 533 4988 Abullaraia
552 4976 567 5000 ,
595 4945 650 4989 et
678 4934 745 4989 ab
776 4934 894 5005 ipso
922 4934 1231 4991 Mahometo
1262 4938 1519 5006 exposita:
1546 4938 1808 5007 ejusmodi

239 5035 537 5083 commento
574 5027 927 5083 adversentur
951 5070 967 5097 ,
1013 5028 1434 5084 concludendum
1464 5030 1681 5085 omnino
1728 5038 1811 5088 est

238 5116 372 5173 nulla
425 5120 689 5190 probabili
737 5121 947 5177 ratione
990 5120 1200 5177 defendi
1249 5137 1406 5193 posse
1454 5123 1595 5191 quod
1625 5123 1813 5179 Maho-

241 5217 402 5266 metus
449 5212 502 5267 in
530 5211 838 5283 Hispaniam
880 5213 1131 5281 venerit,
1186 5221 1241 5268 et
1280 5213 1348 5268 ab
1388 5212 1592 5270 Isidoro
1632 5216 1815 5286 pulsus

242 5299 549 5375 legatusque
577 5303 757 5362 fuerit.

305 5395 355 5451 5.
394 5397 586 5454 Mirum
614 5415 743 5455 vero
769 5407 851 5455 est
881 5442 895 5469 ,
927 5399 1070 5469 quod
1121 5400 1415 5456 canonicos
1444 5398 1810 5470 Legionensis,

244 5496 421 5545 auctor
440 5489 576 5546 Vita:
605 5490 789 5547 Isidori
818 5532 833 5558 ,
867 5506 1034 5563 prope
1066 5490 1225 5547 linem
1268 5490 1435 5547 refert
1467 5534 1482 5560 ,
1522 5507 1642 5547 eum
1682 5491 1815 5548 duas

246 5575 481 5637 lucernas
509 5582 621 5638 fere
650 5583 911 5653 perpetim
939 5582 1381 5655 ardentes,167
1412 5591 1467 5638 et
1494 5599 1631 5654 pene
1662 5584 1815 5640 inex--
1846 5641 1851 5645 _

246 5669 565 5741 stinguibiles
592 5674 819 5731 naturali
850 5683 965 5731 arte
996 5673 1203 5741 fecisse,
1239 5691 1463 5746 quarum
1496 5691 1601 5730 una
1632 5676 1696 5730 ad
1724 5692 1809 5732 ca-

249 5770 359 5828 put,
387 5765 556 5821 altera
583 5766 650 5822 ad
681 5767 865 5836 pedes,
897 5767 948 5822 in
973 5767 1219 5836 sepulcro
1235 5768 1473 5837 ejusdem
1494 5767 1679 5823 Isidori
1701 5769 1815 5825 col-

253 5848 414 5911 locata
444 5866 558 5921 est,
608 5867 666 5913 ut
714 5873 909 5927 corpus
947 5859 1339 5915 sanctissimum
1372 5859 1525 5931 quasi
1564 5862 1816 5918 continuo

521 5949 789 6010 l’nnoL.
835 5948 1127 6009 LXXXI.

1913 4666 2077 4722 verba
2097 4681 2157 4721 se
2184 4666 2458 4735 accepisse
2504 4673 2769 4720 testatur:
2807 4663 2896 4717 Va:
2937 4663 3048 4729 tibi,
3100 4661 3383 4733 Hispania,
3430 4662 3507 4717 bis

1915 4762 2151 4833 perdita,
2197 4764 2348 4816 tertio
2377 4759 2642 4830 perdenda
2683 4768 2891 4829 propter
2935 4756 3102 4811 malas
3129 4757 3374 4826 nuptias!
3396 4755 3503 4811 lle—

1915 4861 2117 4924 puguat
2167 4853 2252 4907 his
2293 4850 2561 4922 Tamayus
2586 4890 2601 4916 ,
2653 4850 2745 4918 qui
2774 4849 2936 4904 etiam
2984 4847 3051 4903 de
3099 4847 3275 4903 verbis
3302 4863 3422 4917 qua:
3452 4848 3503 4901 iu

1918 4947 2147 5002 concilio
2173 4945 2437 5001 Toletano
2466 4941 2756 5014 protulisse
2782 4941 3017 4998 Isidorus
3043 4940 3237 4996 dicitur
3256 4982 3271 5007 ,
3306 4940 3368 4996 Si
3395 4959 3501 4995 scr-

1919 5039 2189 5104 vaveritis,
2220 5047 2330 5094 etc.
2350 5077 2365 5103 ,
2399 5036 2591 5107 quaerit
2639 5050 2707 5090 an
2753 5050 2819 5091 ex
2848 5035 3037 5104 spiritu
3066 5033 3409 5104 prophetico,
3434 5050 3505 5090 an

1920 5146 1985 5184 ex
2034 5130 2283 5201 prudenti
2335 5128 2651 5198 conjectura
2701 5127 3100 5199 processerint;
3160 5135 3217 5182 et
3261 5128 3506 5198 quamvis

1916 5223 2197 5277 sententiae
2244 5220 2515 5277 communi
2554 5220 2622 5275 de
2673 5219 2861 5275 Isidori
2903 5220 3185 5291 prophetia
3231 5219 3507 5276 adhzercre

1915 5312 2179 5380 videatur,
2211 5322 2391 5369 tamen
2420 5311 2566 5366 addit
2610 5310 2781 5381 magis
2807 5310 2872 5365 ad
2900 5309 3209 5365 vaticinium
3248 5309 3507 5365 accedere

1916 5402 2161 5473 quaedam
2208 5404 2444 5460 carmina
2491 5404 2543 5457 in
2583 5402 2782 5457 Codice
2829 5417 2929 5457 ms.
2976 5400 3210 5457 Gothico
3262 5399 3403 5471 apud
3447 5415 3506 5454 se

1918 5492 2145 5562 margini
2168 5493 2416 5563 prooemii
2448 5490 2697 5549 Historiae
2724 5490 2984 5548 Romana:
3018 5489 3278 5563 ‘Roderici
3317 5487 3500 5545 Xime-

1920 5584 1993 5639 ιιἰὶ
2022 5584 2224 5650 addita,
2247 5584 2328 5637 Ad
2352 5593 2398 5638 te
2428 5591 2717 5649 convertor,
2740 5583 2986 5651 meretrix
3016 5578 3278 5652 Hispania
3298 5580 3501 5645 mundi,

1921 5684 2027 5732 etc.
2057 5675 2235 5731 Verba
2262 5675 2377 5746 ipsa
2408 5674 2667 5751 Roderici
2688 5673 2825 5730 adeo
2856 5673 2909 5728 in
2939 5673 3226 5743 principes,
3256 5679 3506 5741 potentes

1921 5780 1975 5825 ct
1997 5769 2207 5839 judices
2238 5768 2432 5824 acerba
2457 5776 2603 5836 sunt,
2635 5776 2693 5823 ut
2712 5809 2728 5837 ,
2758 5775 3019 5836 regnante
3046 5765 3102 5821 S.
3135 5764 3499 5834 Ferdinando,

1921 5862 2094 5916 S'lllllll
2126 5860 2189 5916 all
2220 5860 2575 5930 quorumdam
2606 5875 2892 5932 procerum
2907 5859 3221 5931 tyrannicas
3241 5858 3505 5918 adversus

3004 5952 3043 6014 ὅ
