4048 6364
532 283 635 344 159

1270 288 1366 349 AD
1402 292 1627 348 OPERA
1668 292 1725 348 S.
1773 290 2014 347 lSIDOlil
2058 288 2496 348 IIISPALENSIS
2538 290 3072 351 PROLEGOMENA.

3724 298 3847 356 110

521 399 627 456 sibi
656 400 900 459 subditos
928 403 1273 473 vexationes,
1297 403 1582 461 silentibus
1627 405 1766 460 inter
1805 418 1953 459 arma
1984 403 2118 470 legi-
2146 407 2196 465 Α
2220 421 2347 460 num
2393 406 2871 463 eucharisticarum
2914 407 3237 467 collectores
3282 426 3383 483 pro
3427 402 3579 469 obitu
3626 412 3844 475 Isidori

524 491 649 559 bus,
680 491 869 549 referri
890 494 1117 565 possint,
1146 502 1205 551 ut
1225 506 1410 553 censet
1431 496 1543 553 Nic.
1570 496 1836 552 Antonius
1858 496 1948 549 lib.
1984 510 2076 550 vut
2104 536 2120 561 ,

528 600 580 636 ιι.
615 583 721 637 46τ
763 584 878 640 Nisi
905 588 1104 658 tragica
1148 588 1258 643 haec
1284 589 1584 644 lamentatio
1610 631 1627 656 ,
1672 588 1859 653 addit,
1901 589 2123 657 alicujus

526 682 679 729 (elate
710 676 979 747 inferioris
1004 679 1073 733 sit
1100 679 1365 750 appendix
1404 697 1509 736 ora:
1538 680 1656 734 libri
1688 681 1937 750 ascripta.
1969 688 2075 735 etc.
2105 718 2121 746 ,

523 765 661 830 quod
687 767 941 835 facinoris
968 787 1127 839 genus
1151 772 1399 841 exentplis
1428 789 1532 829 non
1558 772 1797 842 deﬁcitur
1820 814 1835 839 ,
1865 780 1970 829 etc.
2015 760 2124 826 Sed

524 867 831 927 repugnant
862 871 1049 919 vetera
1088 856 1221 921 Mss.
1273 866 1637 937 exemplaria,
1697 881 1818 937 qua:
1861 865 1978 938 ipse
2008 865 2123 921 Nic.

523 948 792 1009 Antonius
838 953 1022 1010 laudat
1050 996 1068 1023 ,
1114 967 1171 1013 et
1204 958 1272 1013 ad
1318 973 1436 1028 qua:
1465 974 1639 1031 nuper
1666 958 1721 1012 in
1751 957 1989 1014 editione
2020 948 2125 1011 Pa-

524 1048 670 1095 trum
723 1032 1111 1103 Toletanorum
1176 1057 1370 1107 exacta
1432 1059 1516 1107 est
1566 1044 1818 1109 Roderici
1876 1048 2124 1106 Toletani

525 1136 789 1195 Historia.

594 1228 651 1285 8.
690 1228 769 1283 De
791 1230 1098 1300 prodigioso
1118 1231 1311 1290 Isidori
1338 1231 1584 1291 Romano
1608 1224 1802 1291 itinere
1826 1236 1939 1306 ipsa
1962 1242 2124 1292 nocte

520 1321 729 1378 Natalis
751 1321 963 1379 Domini
992 1333 1172 1381 actum
1196 1334 1282 1383 est
1307 1341 1431 1398 cap.
1466 1325 1566 1392 18;
1595 1327 1665 1384 de
1692 1327 1868 1386 altero
1897 1343 2029 1385 vero
2052 1327 2123 1384 ad

521 1416 809 1472 concilium
862 1414 1170 1473 Romanum
1195 1459 1211 1485 ,
1253 1418 1371 1475 sive
1414 1434 1737 1491 quacunque
1764 1420 1870 1477 alia
1918 1435 2120 1486 causa,

519 1521 638 1577 cap.
672 1504 758 1560 25.
794 1504 913 1563 Alia
945 1506 1013 1564 de
1042 1509 1362 1579 parentibus
1401 1508 1459 1566 et
1494 1496 1750 1569 fratribus
1780 1510 1967 1567 Isidori
1998 1527 2118 1583 cap.

520 1596 587 1651 I7
616 1598 859 1655 discussa
885 1609 1033 1657 sunt.
1061 1600 1310 1661 Conferri
1337 1604 1500 1661 etiam
1531 1612 1711 1677 potest
1738 1603 1930 1662 Isidori
1960 1603 2074 1661 Vita
2103 1648 2119 1672 ,

518 1697 743 1746 auctore
773 1690 1044 1748 Roderico
1073 1692 1409 1763 Cerratensi,
1435 1714 1555 1769 cap.
1588 1699 1679 1770 14,
1709 1701 2000 1771 descripta,
2031 1701 2121 1757 ubi

2230 499 2370 554 diem
2394 498 2428 553 4
2454 500 2651 571 Aprilis
2672 502 2726 556 in
2753 496 2821 554 14
2839 503 3196 574 convertisse,
3225 504 3328 562 nisi
3354 520 3510 561 error
3542 507 3611 561 sit
3648 516 3839 579 typo-

2227 592 2450 662 graphi:
2482 591 2716 649 Isidorus
2738 590 2937 666 quippe
2958 594 3188 653 decessit
3214 593 3345 654 feria
3371 586 3405 651 5
3432 598 3555 669 post
3583 590 3835 668 Pascha,

2227 682 2371 751 quod
2394 699 2535 740 anno
2562 684 2825 741 bissextili
2842 676 2967 753 656,
2986 682 3180 745 litteris
3198 688 3614 750 dominicalibus
3634 691 3707 750 ϐ.
3736 686 3838 765 FZ,

2230 768 2421 831 incidit
2452 779 2506 833 in
2536 776 2593 833 51
2632 774 2830 849 Martii,
2858 794 2967 835 tera
2996 772 3119 836 674.

2298 867 2352 923 2.
2396 866 2940 927 Pseudo-Ildefonsus
2998 866 3051 927 in
3108 864 3521 935 continuatione
3562 868 3837 937 Chronici

2228 958 2549 1028 Isidoriani,
2596 972 2651 1017 et
2704 961 3031 1019 Breviarium
3084 962 3623 1040 Ctesaraugustauum
3673 972 3837 1044 apud

2226 1050 2342 1107 Nic.
2369 1051 2683 1122 Antonium,
2702 1074 2802 1129 pro
2822 1057 3181 1129 Isidoriobitu
3204 1076 3402 1117 annum
3423 1054 3532 1118 6'52
3556 1062 3831 1120 indicant:

2226 1142 2498 1201 Breviaria
2517 1148 2759 1219 quaedam
2784 1161 2968 1207 vetera
2990 1150 3258 1225 Hispania
3286 1169 3486 1212 annum
3506 1150 3633 1223 655.
3652 1157 3835 1213 etiam

2225 1233 2557 1292 Breviarium
2614 1238 3159 1312 Ctesaraugustanum
3210 1244 3354 1315 apud
3380 1234 3652 1303 Breulium
3679 1287 3694 1312 ,
3732 1248 3833 1318 qui

2223 1328 2470 1388 Olticium
2495 1336 2773 1407 proprium
2808 1346 3120 1396 sanctorum
3149 1338 3506 1411 Hispanorum
3536 1332 3834 1395 Caesarau-

2222 1430 2393 1491 gustae
2423 1438 2567 1480 anno
2610 1423 2749 1481 1597
2798 1427 3121 1500 impressum
3164 1444 3263 1501 pro
3301 1418 3492 1488 eodem
3538 1446 3686 1487 anno
3718 1430 3832 1486 655

2222 1509 2455 1580 allegat;
2499 1511 2768 1572 Arnoldus
2790 1516 2952 1575 Wion
2979 1534 3178 1576 annum
3201 1518 3341 1588 642;
3384 1521 3681 1580 canonicos
3711 1516 3831 1577 Le—

2222 1605 2514 1673 gionensis,
2548 1618 2739 1667 auctor
2758 1610 2894 1669 Viue
2922 1613 2980 1669 S.
3006 1612 3215 1678 Isidori,
3255 1630 3456 1671 annum
3481 1612 3615 1682 622;
3646 1613 3831 1671 Baro-

2224 1700 2346 1756 nius
2366 1701 2433 1757 ad
2462 1717 2589 1759 ann.
2622 1702 2749 1769 626,
2794 1706 3000 1763 Padilla
3029 1716 3174 1765 cent.
3198 1709 3255 1777 7,
3287 1725 3409 1780 cap.
3440 1708 3545 1777 22;
3578 1708 3828 1765 Ribade-

514 1783 729 1840 uncinis
759 1784 967 1840 inclusa
997 1794 1264 1856 apparent
1290 1803 1413 1861 quae
1450 1801 1542 1847 aut
1573 1802 1725 1857 certo
1780 1793 1913 1851 falsa
1957 1795 2010 1851 in
2051 1810 2117 1853 ea
2148 1778 2195 1843 Β
2223 1807 2390 1865 neyra
2422 1795 2476 1850 in
2497 1794 2657 1853 Flore
2686 1806 2998 1855 sanctorum
3028 1802 3095 1856 ad
3124 1800 3266 1857 diem
3294 1800 3330 1854 4
3349 1778 3546 1873 Aprilis
3572 1818 3588 1869 ;
3618 1811 3824 1858 auctor

520 1874 647 1931 Vita
676 1876 745 1933 de
769 1875 978 1933 Isidoro
1008 1890 1300 1939 narrantur
1322 1921 1339 1947 ,
1367 1895 1461 1940 aut
1488 1885 1679 1942 saltem
1708 1887 1870 1943 dubia
1900 1895 1957 1945 et
1983 1903 2115 1961 apo-

512 1966 719 2038 crypha
746 1966 1016 2039 videntur.

584 2059 640 2118 9.
679 2062 828 2121 Inter
854 2065 1019 2123 falsas
1047 2067 1135 2123 vel
1166 2068 1355 2128 dubias
1395 2073 1463 2128 de
1511 2072 1720 2130 Isidoro
1779 2078 2116 2136 uenationes

523 2155 717 2228 reponi
760 2165 944 2229 potest
972 2160 1208 2217 amicitia
1248 2162 1367 2233 eius
1397 2179 1519 2221 cum
1546 2156 1799 2239 Cyriaco,
1828 2169 2111 2227 Ctesarau-

512 2255 745 2318 gustano
799 2252 1102 2325 episcopo,
1160 2270 1321 2326 quem
1374 2256 1611 2318 Isidorus
1652 2263 1904 2322 hortatus
1953 2265 2115 2323 fnerit

518 2337 751 2399 Romam
782 2344 1059 2415 proﬁcisci
1107 2346 1178 2403 ad
1207 2350 1494 2407 nonnullas
1522 2350 1666 2411 Petri
1709 2357 1942 2429 apostoli
1987 2358 2115 2415 reli-

511 2430 671 2501 quias
698 2433 1039 2494 obtinendas.
1075 2436 1154 2495 Ita
1184 2438 1414 2499 refertur
1445 2445 1498 2500 in
1528 2447 1795 2517 scriptura
1825 2451 2109 2520 canonica,

510 2531 575 2580 ut
600 2535 817 2617 vocant,
848 2534 1162 2589 monasterii
1191 2534 1250 2591 S.
1274 2535 1423 2595 Petri
1444 2539 1513 2596 de
1536 2540 1806 2605 Taberna,
1839 2546 2111 2617 descripta

511 2630 656 2673 anno
684 2615 849 2689 1415,
868 2618 974 2677 hoc
1000 2623 1157 2681 titulo
1184 2645 1195 2679 :
1222 2626 1309 2683 Ea:
1332 2642 1626 2701 pervetusto
1647 2635 1835 2694 Codice
1858 2638 1919 2693 S.
1943 2615 2109 2701 Joan-

509 2708 593 2802 nis
637 2708 701 2764 de
729 2708 907 2766 Pinna
926 2754 942 2781 ,
991 2732 1304 2789 pergameno
1332 2722 1518 2780 litteris
1550 2729 1780 2801 antiquis
1807 2730 2066 2802 descripto
2091 2768 2109 2799 ,

511 2800 594 2855 hic
630 2803 852 2859 habetur
880 2804 1154 2866 Canonica
1188 2811 1250 2868 S.
1302 2813 1454 2871 Petri
1482 2818 1545 2875 de
1595 2800 1853 2878 Taberaa.
1905 2800 2109 2883 Auctor

510 2894 671 2966 hujus
700 2898 988 2957 Canonicae
1017 2902 1216 2961 dicitur
1246 2906 1555 2969 Balastutus
1580 2917 1879 2975 monachus
1907 2920 2107 2976 saeculo

507 2986 625 3061 vui,
658 2986 753 3057 qui
790 2990 953 3047 morti
986 2992 1099 3061 jam
1139 2996 1421 3065 proximus
1462 3001 1743 3061 historiam
1784 3004 2110 3066 fundationis

505 3080 589 3135 sui
613 3085 929 3151 monasterii
960 3085 1018 3143 S.
1052 3088 1199 3147 Petri
1240 3091 1309 3149 de
1335 3092 1585 3153 Taberna
1611 3101 1894 3158 monachis
1913 3112 2104 3172 peten-
2160 3162 2163 3165 ,

2221 1888 2469 1958 Catalogi
2522 1905 2710 1961 regum
2736 1890 3038 1950 Gothorum
3087 1895 3142 1950 in
3170 1896 3407 1953 editione
3448 1896 3824 1953 Conciliornm

2220 1978 2375 2049 Hisp.
2431 1978 2638 2037 Loaise
2663 2023 2680 2051 ,
2723 1991 2780 2039 et
2814 1984 3058 2055 plerique
3104 1988 3434 2044 recentiores
3486 1989 3642 2060 170
3692 2004 3822 2045 cum

2221 2070 2525 2145 Redempto
2553 2089 2751 2130 annum
2770 2074 2875 2131 656
2895 2075 2951 2132 S.
2984 2076 3175 2135 Isidori
3206 2080 3567 2138 emortualem
3594 2080 3819 2137 dicunt.

2218 2166 2423 2223 Auctor
2465 2168 2630 2223 etiam
2674 2172 2934 2225 Actorum
2987 2172 3294 2229 uberiorum
3342 2174 3719 2232 translationis
3761 2175 3819 2231 S.

2216 2256 2410 2315 Isidori
2434 2274 2557 2315 eum
2581 2276 2724 2317 anno
2746 2260 2850 2318 656
2875 2262 3073 2318 obiisse
3102 2264 3293 2331 innuit,
3315 2281 3438 2321 cum
3466 2264 3632 2335 refert
3651 2266 3823 2321 Sara-

2217 2366 2382 2407 cenos
2410 2366 2553 2409 anno
2582 2352 2653 2409 75
2682 2362 2807 2424 post
2853 2356 3132 2410 transitum
3178 2355 3366 2412 Isidori
3414 2344 3467 2413 in
3497 2355 3822 2427 Hispaniam

2218 2443 2534 2502 transiisse:
2566 2445 2620 2500 id
2650 2455 2833 2501 autem
2863 2460 3007 2501 anno
3029 2446 3128 2502 611
3156 2448 3413 2505 accidisse
3443 2447 3823 2505 Henscltenius

2216 2539 2513 2594 annotavit.
2537 2539 2593 2594 In
2621 2540 2793 2596 veteri
2822 2539 3135 2597 kalendario
3169 2540 3461 2613 Hispanico
3486 2544 3819 2608 monastico,

2215 2631 2365 2701 cujus
2390 2633 2751 2704 fragmentum
2783 2634 3105 2693 Muratorius
3122 2646 3254 2692 tom.
3279 2634 3342 2703 II,
3363 2646 3505 2708 part.
3538 2654 3594 2703 ιι,
3629 2637 3821 2707 Scrip-

2214 2732 2321 2783 tor.
2356 2724 2482 2780 Rer.
2509 2725 2718 2791 Italic.,
2749 2726 2853 2783 col.
2888 2726 3047 2794 1025,
3080 2727 3266 2794 edidit,
3289 2744 3400 2784 tera
3428 2745 3657 2786 DCLXXIV
3684 2728 3821 2784 obiit

2215 2816 2456 2875 Isidorus
2498 2822 2795 2892 episcopus,
2845 2821 2951 2879 hoc
2992 2829 3102 2889 est,
3138 2838 3280 2881 anno
3309 2822 3435 2879 656.
3475 2822 3590 2879 Nic.
3640 2823 3819 2878 Anto-

2214 2911 2334 2968 nius
2378 2912 2884 2981 pseudo-Ildefonso
2936 2912 3143 2984 attingit
3170 2915 3315 2985 quod
3359 2930 3559 2971 sunum
3601 2925 3819 2987 postre-

2212 3019 2361 3061 mum
2388 3004 2516 3061 vitae
2558 3003 2751 3060 Isidori
2798 3006 3139 3063 constituerit
3166 3005 3303 3074 652,
3354 3007 3469 3064 sive
3495 3022 3659 3063 teram
3682 3007 3815 3063 670.

2212 3097 2344 3164 Sed,
2367 3104 2431 3153 ut
2457 3097 2589 3163 dixi,
2622 3099 2675 3153 in
2696 3100 3101 3157 continuatione
3126 3100 3382 3158 Cbronici
3412 3100 3694 3157 Isidoriani
3718 3120 3817 3158 au-

506 3172 650 3231 tibus
677 3177 862 3233 retulit
886 3196 900 3232 :
926 3197 1003 3261 ex
1025 3182 1180 3253 cujus
1208 3199 1305 3241 ore
1327 3198 1557 3258 excepta
1583 3200 1667 3246 est
1690 3195 1947 3250 narratio.
1975 3194 2110 3251 Post
2134 3174 2183 3238 (ἶ
2214 3207 2315 3251 nus
2345 3190 2451 3247 642
2477 3190 2773 3262 indicatur;
2804 3192 3124 3263 exprimitur
3151 3195 3293 3250 enim
3324 3211 3433 3251 aera
3475 3196 3615 3265 680;
3647 3214 3714 3255 ac
3748 3214 3815 3254 ne

507 3265 641 3335 haec,
691 3267 869 3326 aiebat
910 3270 1250 3343 Balastutus,
1304 3279 1405 3349 fuit
1452 3279 1788 3354 Hispalensis
1836 3288 2107 3359 episcopus

508 3360 569 3415 S.
592 3359 848 3452 Isidorus,
872 3374 922 3420 et
942 3367 996 3420 in
1025 3369 1183 3439 169
1198 3368 1669 3447 Caesaraugustam
1692 3379 1897 3433 civitate
1926 3379 2110 3452 Cyriaa

506 3467 615 3506 cus.
644 3451 711 3507 In
770 3454 1094 3512 Cordubensi
1142 3460 1373 3518 Suintila
1419 3483 1513 3521 rex
1554 3478 1701 3538 erat,
1744 3479 1793 3526 et
1827 3471 1885 3525 in
1924 3451 2112 3531 Iberia

505 3544 742 3614 partibus
765 3546 1101 3606 Recharedus
1130 3569 1348 3625 regnum
1376 3557 1655 3619 obtinebat.
1685 3562 1823 3621 Laeti
1846 3584 1970 3640 ergo
1997 3584 2111 3624 am-

507 3633 572 3692 bo
597 3640 825 3711 episcopi
852 3641 908 3696 in
935 3658 1042 3698 una
1070 3654 1221 3699 erant
1241 3647 1497 3706 charitate
1511 3654 1683 3724 juncti
1706 3674 1724 3711 :
1763 3661 1850 3728 qui
1874 3633 1927 3715 in
1950 3678 2110 3718 unum

506 3742 873 3803 convenerant,
896 3744 947 3792 et
976 3738 1072 3793 hoc
1096 3740 1304 3797 salubre
1332 3748 1600 3806 consilium
1628 3766 1967 3824 repererunt,
1998 3769 2103 3817 etc.

506 3822 765 3901 Sequitur
790 3829 1030 3885 narratio
1057 3831 1125 3887 de
1155 3832 1350 3893 itinere
1372 3854 1602 3899 romano
1627 3822 1859 3917 Cvﬁaei.
1892 3849 2106 3923 Riscus,

502 3922 642 4012 toni.
688 3915 836 3973 XXX
876 3918 1031 3993 Hisp.
1079 3939 1255 3994 sacr.,
1289 3942 1409 4000 pag.
1459 3930 1567 3988 152
1608 3915 1792 3992 ει199
1821 3956 1962 4012 seq.,
1994 3915 2105 4001 non

502 4003 715 4065 levibus
766 4012 1100 4080 argumentis
1127 4018 1366 4075 ostendit
1420 4022 1573 4080 istius
1615 4028 1760 4084 modi
1783 4003 2102 4090 canonicam

503 4096 830 4168 scripturam
878 4107 1277 4173 supposititiam
1308 4127 1429 4168 esse
1454 4155 1469 4179 ,
1518 4132 1693 4188 neque
1723 4121 1937 4178 aliunde
1969 4141 2103 4182 con-'-

502 4198 648 4245 stare
677 4192 743 4245 de
771 4192 1025 4266 episcopo
1046 4194 1529 4275 Ccesaraugustano
1552 4208 1796 4280 Cyriaco.
1827 4213 2101 4277 Canoniea

504 4282 709 4338 inserta
742 4283 840 4339 fuit
870 4302 901 4342 a
949 4286 1232 4366 Pellizerio
1278 4295 1433 4352 initio
1461 4298 1748 4360 Annalium
1772 4312 2099 4368 monarchite

502 4369 780 4445 Hispanae,
808 4385 931 4447 post
960 4378 1078 4450 ejus
1107 4384 1469 4442 eversionem.

1072 4519 1305 4579 CAPUT
1341 4522 1533 4583 XXVI.

536 4622 598 4680 S.
642 4621 906 4684 Isidorun‘t
939 4646 1075 4688 anno
1111 4631 1216 4688 656
1247 4652 1275 4690 e
1296 4626 1401 4693 vita
1430 4640 1707 4702 decesiisse
1732 4652 2039 4711 ostenditur.

575 4738 627 4793 1.
671 4726 745 4795 Ea
775 4745 976 4812 omnia,
1027 4763 1146 4835 quae
1202 4736 1257 4806 in
1300 4762 1546 4811 extremo
1592 4764 1783 4819 morbo
1834 4774 1890 4821 et
1945 4770 2096 4827 obitu

498 4829 687 4934 {sidori
714 4836 1077 4909 contigerunt,
1110 4829 1440 4918 Redemptus
1465 4848 1705 4911 Clericus
1733 4868 1943 4925 narrat,
1970 4878 2091 4934 cap.

500 4921 534 4976 6
562 4938 593 4978 a
633 4925 789 4982 nobis
836 4928 1055 4988 relatus.
1100 4930 1210 4991 Etsi
1259 4948 1441 4997 autem
1480 4941 1812 5018 Redemptus
1864 4921 2096 5012 testatur

499 5016 760 5112 Isidorum
782 5024 957 5093 pridie
972 5044 1141 5087 nonas
1162 5020 1375 5107 Aprilis,
1407 5054 1515 5109 aera
1541 5024 1666 5107 674,
1683 5016 1801 5112 qua:
1827 5028 1881 5099 in
1896 5061 2098 5106 annum

504 5110 608 5166 656
639 5112 848 5183 incidit,
882 5116 1103 5211 abiisse,
1148 5130 1329 5211 tamen
1354 5144 1547 5211 magna
1578 5143 1661 5187 est
1682 5110 2003 5204 scriptorum
2029 5140 2098 5205 de

502 5218 646 5259 anno
676 5205 853 5288 obitus
906 5204 1092 5270 Isidori
1137 5204 1420 5297 dissensio,
1470 5208 1554 5279 vel
1610 5225 1756 5305 quod
1802 5227 2095 5304 Rcdempti

503 5298 864 5357 narrationem
882 5319 992 5374 prae
1016 5309 1187 5377 oculis
1209 5328 1317 5368 non
1348 5300 1747 5384 habuerint,ch
1771 5323 1914 5392 quod
1936 5298 2094 5379 ﬁdem

501 5404 613 5447 non
674 5391 1055 5479 adhibuerim,
1112 5404 1197 5458 vel
1251 5406 1397 5481 quod
1446 5422 1686 5466 errorem
1738 5391 1800 5467 in
1842 5431 2098 5473 numeros

504 5482 1163 5573 irrepsisse‘crediderint.
1199 5493 1445 5553 Labbeus
1470 5497 1528 5552 in
1560 5510 1670 5556 not.
1706 5504 1771 5558 ad
1818 5502 2095 5563 Bellarmi-

500 5594 628 5634 num
674 5580 743 5635 de
770 5568 971 5653 Script.
1024 5568 1231 5643 Eccles.
1272 5605 1283 5641 :
1328 5589 1544 5659 Valeat,
1602 5596 1810 5666 inquit,
1842 5616 1955 5655 cum
2002 5619 2095 5658 suo

504 5671 721 5745 Pelargo
767 5677 1115 5740 ineptissimus
1164 5677 1476 5754 Patrologus
1516 5688 1601 5757 qui
1633 5688 1777 5744 docet
1828 5690 2093 5749 Isidorum

498 5764 735 5832 ﬂorv'issc
766 5784 901 5824 anno
943 5768 1064 5824 650.
1086 5768 1349 5828 Observat
1381 5774 1874 5850 Regioportuenses
1906 5787 2095 5847 lectio-

2211 3285 2333 3354 quis
2358 3299 2603 3340 errorem
2644 3302 2995 3343 numerorum
3025 3297 3199 3359 putet,
3249 3291 3583 3360 praemiserat
3616 3302 3814 3351 auctor

2210 3376 2474 3433 lsidorum
2529 3394 2673 3435 anno
2719 3388 2876 3437 sexto
2921 3380 3074 3451 regni
3118 3378 3412 3439 Chintilani
3477 3383 3530 3439 in
3580 3384 3812 3441 Domino

2211 3467 2587 3527 obdormiisse.
3706 3520 3719 3533 .

2283 3558 2334 3613 5.
2377 3556 2603 3615 Braulio
2623 3561 2839 3631 quidem
2861 3563 2916 3617 in
2946 3564 3338 3633 praenotatione
3369 3581 3595 3637 operum
3618 3566 3814 3624 Isidori

2212 3651 2378 3709 tradit
2420 3666 2541 3707 eum
2578 3656 2914 3724 temporibus
2958 3654 3191 3713 Ileraclii
3220 3700 3234 3727 ,
3292 3667 3347 3717 et
3395 3658 3672 3728 Chintilae,
3710 3679 3811 3718 seu

2210 3741 2522 3811 Chintilani,
2547 3746 2880 3804 decessisse:
2906 3746 3202 3806 Ildefonsus
3221 3751 3419 3807 veroin
3440 3752 3578 3809 libro
3600 3752 3670 3808 de
3696 3753 3809 3809 Vir.

2210 3836 2406 3893 illustr.
2438 3837 2669 3894 afﬁrmat
2697 3837 2961 3896 Isidorum
2989 3840 3236 3899 ﬂoruisse
3273 3846 3607 3915 temporibus
3636 3845 3811 3903 Reca-

2208 3928 2346 3998 redi,
2376 3926 2649 3995 Liubanis,
2679 3930 2955 3999 Witerici,
2991 3932 3319 3991 Gundemari
3345 3976 3358 3999 .
3391 3936 3718 3993 Suinthilani
3758 3948 3813 3995 et

2207 4020 2493 4080 Sisenandi
2521 4043 2535 4079 :
2567 4040 2743 4095 neque
2769 4026 2823 4081 in
2852 4026 2935 4083 bis
2963 4026 3349 4098 Cbintilanum,
3382 4032 3473 4102 qui
3502 4031 3809 4089 Sisenando

2207 4116 2507 4184 successit,
2552 4128 2959 4176 commemorat.
3013 4119 3138 4177 H.cc
3187 4131 3338 4178 recte
3386 4123 3704 4193 conterent,
3762 4128 3807 4183 si

2205 4224 2381 4267 annus
2410 4210 2513 4266 656
2534 4227 2565 4267 a
2598 4212 2900 4285 Redempto
2930 4214 3243 4286 designatus
3271 4224 3521 4274 teneatur
3554 4237 3567 4273 :
3603 4236 3729 4276 nam
3763 4222 3806 4276 is

2204 4316 2382 4359 anuus
2407 4302 2615 4375 primus
2645 4302 2743 4360 fuit
2767 4306 2920 4375 regni
2950 4306 3241 4362 Cbintilani
3265 4346 3279 4371 ,
3336 4317 3395 4363 ut
3418 4324 3547 4366 vere
3605 4310 3807 4367 dixerit

2204 4390 2445 4462 Braulio,
2470 4395 2807 4466 temporibus
2828 4395 3118 4454 Chiutilani
3146 4397 3407 4455 [siderum
3430 4401 3651 4458 obiisse.
3668 4401 3805 4460 Cum

2203 4484 2261 4563 in
2290 4485 2410 4557 ipso
2439 4486 2591 4556 regni
2619 4486 2909 4543 Chintilani
2936 4489 3091 4547 initio
3120 4490 3449 4563 decesserit,
3468 4502 3618 4551 recte
3640 4498 3805 4552 etiam

2127 4554 2181 4616 Ῑ)
2208 4554 2524 4634 Ildefonsus
2554 4578 2695 4635 inter
2747 4594 2903 4651 reges
2953 4582 3055 4639 sub
3100 4583 3295 4655 quibus
3340 4554 3577 4646 Isidorus
3620 4589 3808 4647 floruit

2207 4668 2574 4727 Chintilanum
2603 4674 2967 4743 praetermisit.

2275 4761 2331 4816 4.
2372 4762 2451 4819 Ex
2496 4763 2644 4821 Actis
2672 4767 3023 4825 conciliorum
3061 4779 3278 4828 constat
3314 4771 3576 4833 Isidorum
3627 4777 3809 4836 adhuc

2206 4862 2404 4919 vixisse
2426 4878 2568 4917 anno
2588 4863 2712 4932 655,
2737 4879 2846 4934 quo
2868 4866 3098 4923 concilio
3120 4883 3173 4924 tv
3202 4866 3463 4927 Toletano
3483 4870 3726 4943 praefuit,
3760 4884 3810 4931 et

2202 4955 2311 5024 jam
2334 4956 2444 5011 vita
2472 4954 2712 5013 functum
2735 4972 2877 5014 anno
2898 4957 3003 5013 658
3028 5002 3044 5028 ,
3066 4974 3176 5030 quo
3205 4961 3435 5019 concilio
3462 4979 3516 5019 vt
3538 4961 3807 5022 Toletano

2207 5042 2514 5100 Honoratus
2544 5048 2688 5102 sedis
2718 5046 3051 5119 Hispalensis
3080 5051 3307 5109 antistes
3334 5050 3594 5119 interfuit,
3626 5056 3808 5113 minus

2203 5136 2344 5193 bene
2365 5138 2717 5196 dissentiente
2734 5140 3022 5201 Ambrosio
3044 5142 3295 5214 Morales,
3318 5146 3413 5217 qui
3433 5146 3727 5205 concilium
3758 5165 3806 5206 vt

2208 5229 2530 5287 Toletanum
2586 5248 2730 5289 anno
2765 5233 2871 5289 656
2897 5236 3228 5292 celebratum
3254 5247 3449 5311 putat,
3481 5254 3548 5296 ac
3573 5242 3806 5311 proinde

2207 5326 2274 5380 ad
2305 5342 2502 5381 annum
2534 5325 2638 5382 655
2660 5328 2866 5384 obitum
2896 5329 3086 5387 Isidori
3115 5344 3358 5390 revocat.
3378 5333 3575 5406 Pagius
3600 5335 3656 5390 in
3682 5349 3800 5393 not.

2206 5418 2272 5472 ad
2296 5418 2492 5474 Baron.
2526 5435 2653 5474 ann.
2685 5420 2789 5475 656
2818 5423 3316 5482 asseritnonnullos
3344 5425 3617 5499 Hispanos
3644 5429 3801 5485 colli-

2202 5524 2330 5579 gere
2350 5510 2407 5566 S.
2441 5500 2704 5569 Isidorum
2728 5515 2843 5585 jam
2873 5532 3016 5572 anno
3046 5518 3152 5573 656
3176 5560 3190 5585 ,
3232 5528 3479 5593 tempore
3502 5524 3724 5581 concilii
3769 5541 3802 5581 v

2204 5604 2452 5663 Toletani
2483 5609 2658 5679 pridie
2688 5609 2797 5665 kal.
2823 5611 2924 5680 jul.
2958 5612 3222 5670 celebrati
3252 5632 3285 5672 c
3314 5616 3448 5674 vivis
3477 5620 3797 5690 excessisse,

2202 5699 2326 5768 quin
2368 5700 2444 5754 illi
2494 5702 2724 5759 con‘cilio
2771 5719 2880 5760 non
2936 5706 3195 5764 interfuit.
3252 5708 3449 5767 Verum
3502 5728 3625 5771 cum
3655 5714 3798 5784 ejus-

2204 5792 2352 5848 modi
2372 5795 2658 5851 concilium
2691 5798 2850 5854 fuerit
2879 5800 3230 5875 provinciale,
3250 5820 3425 5876 neque
3452 5808 3556 5878 ipsi
3577 5823 3793 5868 succes~
