4048 6364
230 332 321 391 HI

1259 325 1651 389 ISIDORIANA
1695 364 1761 376 --
1805 335 1986 395 PARS
2026 334 2062 394 l.
2106 335 2261 394 CAP.
2308 338 2514 393 XXVII.

3404 342 3507 396 14⁸2,

220 466 309 508 sor
335 448 524 518 aliquis
551 446 739 504 Isidori
790 444 1124 515 subscribat,
1157 446 1484 504 imbecillum
1529 449 1635 505 hoc
1674 464 1804 506 sane
1833 456 1885 514 Α
1952 456 2034 511 5.
2085 458 2239 511 Anno
2273 455 2374 510 583
2407 466 2497 511 ant
2543 459 2810 526 sequenti,
2858 474 2967 529 quo
2999 458 3267 526 Leander,
3315 459 3511 519 Isidori

221 546 300 595 est
328 546 720 608 argumentum.

286 629 338 686 5.
382 625 544 685 Ratio
569 642 699 700 ergo
743 622 936 685 efficax
988 646 1083 685 cur
1131 630 1198 685 ab
1244 644 1385 687 anno
1416 631 1519 687 656
1546 633 1807 690 receden-

219 723 341 780 dum
373 739 481 779 non
512 721 581 778 sit
610 720 811 793 petitur
837 738 903 777 ex
934 723 1049 792 ipso
1084 722 1385 794 Redempto
1408 766 1422 791 ,
1456 725 1547 796 qui
1576 741 1682 781 non
1714 742 1806 782 so—

219 815 323 871 lum
356 828 523 871 seram
566 808 706 882 671,
765 816 817 871 in
850 815 1005 885 cujus
1055 817 1292 871 numeris
1343 832 1583 872 errorem
1617 817 1807 890 aliquis

220 904 479 979 suspicari
520 917 727 980 posset,
767 904 1031 980 designat,
1083 908 1179 967 sed
1230 904 1393 964 etiam
1438 918 1624 966 narrat
1652 906 1803 987 171

220 1004 420 1059 obitum
470 994 661 1059 Isidori
703 1002 994 1072 contigisse
1042 1001 1211 1073 pridie
1250 1014 1421 1058 nonas
1464 1002 1703 1073 Aprilis,
1754 1009 1809 1058 et

220 1098 412 1167 quarto
444 1094 533 1151 die
574 1102 699 1167 post
746 1092 1070 1166 baptismum
1120 1097 1649 1153 catechumenorum.
1685 1097 1808 1153 Dies

219 1190 405 1256 quarta
432 1180 632 1255 Aprilis
661 1200 759 1256 pro
787 1184 874 1241 die
904 1180 1040 1242 festo
1068 1186 1125 1242 S.
1151 1186 1337 1243 Isidori
1358 1186 1555 1258 passim
1572 1188 1809 1259 assigna-

222 1284 303 1332 tur
346 1288 359 1329 ε
412 1288 483 1332 ex
537 1288 643 1351 quo
698 1274 1039 1334 concluditur
1096 1280 1433 1336 retinendum
1493 1290 1610 1336 esse
1664 1280 1806 1351 apud

226 1366 581 1445 Redemptum
613 1366 781 1440 pridie
810 1384 973 1427 nonas
999 1370 1210 1443 Aprilis,
1237 1386 1341 1426 non
1372 1370 1537 1443 pridie
1558 1372 1806 1427 kalendas

215 1450 429 1525 Aprilis.
464 1452 817 1522 Trithemius,
849 1466 908 1511 ut
936 1456 1107 1512 dicam
1137 1474 1255 1528 cnp.
1287 1454 1374 1525 47,
1405 1470 1458 1512 n.
1486 1458 1551 1512 10
1580 1466 1634 1514 et
1663 1470 1801 1529 seq.,

213 1544 372 1615 longe
402 1540 695 1613 aberravit,
730 1548 821 1619 qui
866 1546 1126 1605 Isidorum
1158 1559 1398 1606 nostrum
1427 1552 1654 1607 asseruit
1682 1566 1805 1607 eum

214 1638 301 1708 qui
331 1636 394 1694 15
427 1636 671 1696 Januarii
698 1636 751 1697 In
778 1636 1089 1699 kalendaria
1118 1646 1361 1702 Romano
1388 1640 1715 1703 celebratur.
1744 1644 1805 1703 In

213 1734 485 1793 Auctariis
524 1734 895 1810 martyroiogil
924 1739 1149 1797 Usttardi
1197 1742 1262 1796 ad
1313 1740 1454 1796 diem
1486 1740 1515 1795 7
1568 1738 1802 1798 Januarii

212 1832 486 1905 profertur
518 1852 532 1889 :
568 1830 692 1904 Ipso
723 1836 806 1891 die
853 1836 1022 1891 sancti
1073 1836 1265 1892 Isidori
1295 1834 1542 1910 episwpi,
1599 1852 1803 1909 magna:
1839 1842 1880 1900 Β

210 1927 509 1981 sanctitatis
534 1922 650 1980 viri.
684 1920 848 1983 Notat
872 1924 1135 1984 Sollerius
1165 1944 1182 1983 :
1218 1920 1489 2001 Nusquam
1532 1939 1685 1985 notus
1732 1941 1807 1984 est

214 2008 292 2069 hic
324 2014 588 2071 Isidorus.
623 2013 682 2070 In
708 2010 905 2074 Codice
936 2024 1114 2074 tamen
1150 2018 1390 2076 Palatino
1414 2016 1578 2086 1118,
1606 2020 1674 2078 de
1698 2036 1807 2093 quo

211 2124 327 2178 cap.
358 2106 489 2177 105,
518 2114 673 2164 vetus
704 2106 1071 2165 kalendarium
1115 2120 1310 2178 exstat,
1342 2110 1393 2166 in
1435 2122 1543 2182 quo
1574 2113 1639 2168 ad
1664 2111 1803 2169 diem

211 2201 240 2253 '7
264 2200 506 2255 Januarii
539 2201 797 2256 memoria
829 2198 1026 2256 Isidori
1053 2203 1278 2273 episwpi
1304 2196 1577 2259 recolltur.
1605 2198 1802 2260 Verum

208 2289 349 2348 hunc
376 2288 543 2347 etiam
572 2302 602 2347 a
625 2296 812 2349 nostro
832 2286 1161 2363 dIStinguere
1189 2300 1402 2364 oportet
1426 2336 1439 2360 ,
1499 2292 1652 2366 cujus
1695 2292 1800 2351 fes-

211 2395 315 2442 tum
336 2430 350 2456 ,
386 2386 473 2443 vel
503 2393 651 2443 certe
681 2382 861 2445 obitus
889 2384 1016 2459 diei,
1041 2390 1074 2445 4
1104 2386 1300 2462 Aprilis
1326 2390 1485 2446 debet
1515 2391 1797 2459 assignari.

207 2480 282 2539 Re
309 2500 436 2540 vera
474 2501 541 2542 ex
580 2484 923 2556 paschalibus
965 2484 1129 2558 cyciis
1172 2482 1458 2541 coniicitur
1504 2496 1645 2540 anno
1694 2480 1798 2538 656

203 2576 401 2648 pascha
427 2621 441 2642 ,
473 2579 589 2637 sive
619 2574 761 2636 diem
803 2592 911 2650 quo
956 2574 1255 2649 baptismus
1283 2576 1796 2633 catechumeuorum

202 2670 589 2739 peragebatur,
612 2667 858 2728 incidisse
888 2671 939 2726 In
955 2666 1094 2727 diem
1120 2678 1451 2741 postremum
1473 2668 1668 2736 Martii,
1684 2670 1798 2724 sive

198 2764 373 2836 pridie
404 2765 515 2821 kal.
548 2763 678 2837 Apr.
704 2762 939 2821 Isidorus
954 2780 1112 2835 ergo,
1131 2765 1221 2837 qui
1246 2772 1439 2836 quarto
1462 2761 1683 2836 postdie
1698 2764 1797 2817 ob-

195 2854 320 2914 ἰτετι)
351 2876 383 2915 a
443 2854 748 2931 Redempto
797 2852 1013 2925 dicitur,
1047 2856 1179 2913 obiit
1200 2855 1331 2914 feria
1375 2870 1407 2913 ν
1435 2854 1790 2913 hebdomadis

190 2952 497 3024 paschalis,
530 2969 649 3023 qua:
693 2962 760 3009 eo
790 2960 931 3006 anno
965 2946 1060 3006 luit.
1089 2951 1261 3022 pridie
1290 2966 1417 3007 non.
1452 2948 1670 3023 Aprilis.

261 3042 316 3098 6.
358 3042 748 3100 Constantinus
776 3036 1067 3113 Cajctanus
1093 3039 1257 3097 vellet
1302 3043 1406 3098 hoc
1436 3043 1610 3114 ipsum
1640 3042 1789 3098 inso-

189 3132 374 3204 lubili,
434 3142 498 3193 ut
540 3137 635 3204 ait,
694 3140 1013 3206 argumento
1053 3130 1393 3203 confirmare,
1444 3136 1567 3208 quia
1609 3132 1788 3191 Isido-

1912 550 2103 617 t‘rater,
2137 548 2603 622 Constantinopoli
2660 553 2934 619 degebat,
2996 552 3233 608 Isidorus
3286 562 3509 608 strenue

1911 660 2127 699 causam
2182 644 2455 713 religionis
2501 652 2689 700 contra
2718 643 2947 701 Arianos
2997 645 3273 709 tuebatur,
3325 652 3401 714 et,
3445 651 3508 699 ut

1912 734 2152 792 nonnulli
2178 746 2417 805 narrant,
2445 739 2589 794 vices
2619 736 2849 793 Leandri
2885 736 2937 793 in
2968 737 3282 809 episcopatu
3312 735 3507 808 Hispa-

1908 826 2046 886 lensi
2078 827 2290 898 agebat,
2326 846 2392 885 ex
2423 846 2542 900 cap.
2578 828 2645 885 18
2670 844 2840 901 prope
2863 827 3045 885 linem.

1981 927 2034 983 4.
2059 929 2215 984 Anno
2238 924 2345 985 586
2367 940 2459 986 aut
2485 945 2664 1002 seqq.,
2693 947 2815 987 cum
2838 928 2952 1001 jam
2974 947 3078 1002 pax
3101 928 3355 989 Ecclesia:
3383 931 3507 990 His-

1909 1039 2063 1096 panae
2083 1024 2289 1079 reddita
2320 1024 2526 1091 fuisset,
2565 1024 2802 1081 Isidorus
2830 1040 2939 1081 non
2977 1024 3176 1081 invitus
3197 1042 3226 1080 a
3258 1024 3505 1082 Leandre

1908 1118 2057 1174 cella
2078 1118 2313 1174 inclusus
2334 1117 2547 1184 dicitur,
2582 1129 2639 1172 ut
2678 1108 2813 1183 Deo,
2839 1116 2940 1173 sibi
2963 1133 3026 1173 ac
3044 1116 3237 1172 litteris
3262 1127 3499 1173 vacaret.

1979 1218 2032 1274 5.
2069 1220 2225 1275 Anno
2256 1216 2359 1273 590
2388 1227 2483 1273 aut
2507 1218 2921 1293 seqq.,ﬁngitur
2943 1218 3205 1274 accidisse
3230 1217 3503 1289 prodigio-

1909 1327 2024 1367 sum
2056 1312 2159 1366 iter
2193 1310 2393 1366 ~Isidori
2446 1312 2496 1364 in
2540 1312 2724 1367 urbem
2782 1311 3032 1376 Romam,
3076 1322 3136 1366 ut
3180 1310 3501 1381 Gregorium

1909 1400 2157 1473 Magnum
2186 1403 2461 1467 inviseret,
2491 1411 2652 1457 nocte
2682 1404 2890 1459 scilicet
2929 1403 3233 1459 Nativitatis
3260 1403 3498 1469 Domini,

1908 1510 2013 1566 qua
2058 1494 2249 1551 eadem
2298 1500 2457 1551 nocte
2510 1488 2768 1566 Hispalim
2813 1496 3038 1553 rediisse
3064 1502 3333 1553 narratur.
3370 1495 3501 1552 Vide

1910 1601 2073 1657 supra
2101 1602 2220 1657 cap.
2252 1586 2339 1641 18.

1980 1689 2032 1745 6.
2076 1689 2232 1745 Anno
2262 1688 2366 1745 600
2397 1684 2610 1745 circiter
2637 1684 2873 1747 Isidorus
2901 1691 3187 1764 episcopus
3216 1688 3499 1764 Hispalen-

1910 1782 1981 1840 sis
2008 1782 2345 1839 renuntiatus
2375 1781 2491 1843 fuit.
2526 1796 2592 1839 ex
2613 1799 2733 1856 cap.
2764 1783 2853 1840 ‘20.
2878 1808 2888 1819 -

1982 1884 2034 1939 7.
2075 1884 2231 1939 Anno
2262 1883 2365 1939 606
2409 1886 2635 1955 epistola
2686 1882 2876 1942 Isidori
2920 1885 2988 1942 ad
3039 1882 3341 1946 Massonam
3371 1888 3496 1948 data

1912 1984 2013 2038 est,
2049 1985 2107 2031 ut
2130 1973 2401 2031 constabit
2431 1992 2553 2030 cum
2583 1976 2651 2033 de
2673 1976 2914 2047 epistolis
2942 1976 3132 2033 Isidori
3178 1992 3416 2049 agemus.

1980 2078 2034 2134 8.
2066 2078 2224 2134 Anno
2253 2076 2355 2131 610
2381 2076 2616 2134 Isidorus
2654 2078 2706 2135 in
2737 2093 3029 2149 congressu
3058 2078 3323 2136 Toletano
3375 2082 3495 2153 epi-

1907 2187 2194 2242 scoporum
2221 2171 2441 2228 decreto
2481 2171 2808 2229 Gundemari
2854 2174 2997 2243 regis
3048 2175 3389 2247 subscripsit,
3427 2190 3499 2235 ex

1905 2280 2027 2336 cap.
2060 2264 2148 2319 2t.

1977 2365 2030 2422 θ.
2073 2368 2228 2423 Anno
2257 2366 2361 2421 61')
2391 2374 2482 2424 aut
2509 2383 2663 2439 seqq.
2694 2369 2762 2425 ad
2805 2386 3003 2426 annum
3024 2370 3149 2435 6I9,
3180 2372 3376 2441 quibus
3401 2372 3491 2428 Si-

1900 2462 2122 2519 sebutus
2152 2462 2415 2528 regnavit,
2466 2461 2700 2518 Isidorus
2746 2463 2942 2521 librum
2985 2464 3052 2520 de
3078 2463 3280 2521 Natura
3309 2481 3494 2524 rerum

1900 2555 2133 2625 scripsit,
2159 2568 2319 2623 quem
2347 2554 2598 2610 Sisebuto
2627 2557 2763 2625 regi,
2792 2557 2893 2615 nisi
2919 2556 3051 2612 fallit
3079 2559 3371 2628 inscriptio,
3399 2558 3497 2615 de-

1900 2648 2118 2705 dicavit.
2146 2645 2224 2700 Ex
2272 2646 2503 2716 epistola
2543 2647 2873 2707 dedicatoria
2914 2666 3023 2706 non
3060 2651 3326 2707 evincitur
3349 2651 3492 2722 jam-

1901 2749 2013 2795 tum
2041 2752 2226 2808 regem
2255 2739 2419 2796 fuisse
2447 2738 2774 2797 Sisebutum.

1971 2838 2058 2894 10.
2094 2839 2368 2894 Annn6i5
2392 2849 2446 2893 et
2475 2857 2605 2912 seqq
2647 2844 2892 2911 usquead
2915 2859 3117 2897 annum
3148 2844 3271 2911 655,
3305 2844 3487 2900 Hella-

1897 2932 2015 2987 dins
2044 2932 2143 2987 fuit
2166 2935 2450 3001 episcopus
2477 2932 2787 2997 'I‘olctanus,
2834 2934 2898 2987 ad
2929 2950 3090 3004 quem
3150 2942 3329 2990 exstat
3368 2938 3487 3005 epi-

1895 3023 2033 3079 stola
2057 3022 2424 3080 Isidori.Anno
2452 3024 2574 3083 616,
2610 3024 2844 3080 Isidorus
2873 3026 3175 3083 Chronicon
3206 3043 3362 3083 suum
3386 3027 3483 3082 ab-

1893 3119 2085 3173 solvit:
2107 3118 2315 3172 scilicet
2332 3132 2475 3172 anno
2496 3116 2529 3169 5
2549 3114 2804 3174 Slsebuti.
2833 3118 3033 3174 Confer
3049 3129 3205 3174 notus
3236 3120 3287 3174 in
3309 3118 3484 3175 Chro-

193 3250 282 3288 rus
303 3247 501 3289 mense
543 3226 697 3303 aprili
747 3204 871 3286 anni
922 3228 1026 3284 637
1065 3226 1263 3287 obiisse
1318 3246 1424 3286 non
1461 3204 1661 3300 potuit,
1720 3226 1789 3286 si-
1820 3230 1863 3290 C
1895 3210 2073 3303 'lkont
2107 3218 2163 3264 θί
2190 3204 2352 3303 Vah“
2384 3208 2671 3265 Hermannl
2698 3208 2972 3265 Comum
3024 3211 3091 3266 de
3138 3208 3344 3269 Isidoro
3396 3214 3484 3267 in‘

194 3329 411 3399 quidem
473 3328 578 3384 hoc
639 3344 782 3383 anno
852 3322 956 3382 657
1012 3328 1249 3382 secundo
1299 3326 1449 3395 regni
1497 3319 1789 3381 Chintilani

199 3436 379 3475 ωετιιδθ
408 3420 662 3491 januario
688 3418 1019 3476 celebratum
1054 3420 1153 3476 fuit
1182 3436 1231 3474 vt
1264 3418 1546 3475 concilium
1570 3414 1789 3473 Toleta-

199 3529 338 3567 nuzn.
373 3511 481 3569 Sed
504 3511 706 3568 fallitur
734 3510 786 3567 in
814 3527 952 3567 anno
983 3508 1196 3568 concilii
1229 3509 1561 3581 designando
1590 3526 1605 3564 :
1644 3507 1788 3564 cele-

198 3606 403 3662 bratum
458 3607 658 3678 quippe
713 3602 815 3662 fuit
861 3622 1005 3662 anno
1052 3600 1293 3662 secundo
1330 3598 1641 3670 Chintilani,
1693 3600 1787 3656 sed

198 3714 331 3752 anno
361 3696 467 3753 658
493 3716 508 3766 ;
542 3714 666 3755 cum
710 3698 854 3752 enim
884 3694 1227 3752 Chintilanus
1258 3710 1398 3750 anno
1426 3691 1530 3749 656
1559 3708 1787 3765 regnare

199 3792 435 3862 cmperit,
456 3791 614 3847 initio
642 3788 771 3846 anni
811 3789 915 3845 658
936 3790 1114 3848 adhuc
1138 3790 1395 3860 agebatur
1408 3805 1579 3845 annus
1594 3804 1782 3846 secun-

197 3880 285 3937 dus
299 3885 449 3952 regni
467 3884 786 3940 Chintilani.
806 3880 991 3956 Itaque
1009 3885 1189 3955 inepte
1209 3883 1451 3938 nonnulli
1467 3881 1787 3939 collectores

199 3976 549 4032 conciliorum
604 3975 875 4048 Hispania}
925 3975 1221 4047 conjiciunt
1250 3990 1446 4029 annum
1492 3973 1787 4031 secundum

197 4064 475 4125 Chintilani
512 4067 700 4139 Quinto
753 4068 869 4124 idus
891 4066 1145 4139 januarii,
1188 4083 1294 4123 acra
1325 4064 1446 4135 676,
1480 4067 1785 4138 intelligens

197 4156 311 4214 dum
340 4177 458 4217 esse
492 4176 698 4215 annum
750 4162 1044 4216 secundum
1095 4158 1422 4231 completum
1479 4166 1534 4215 et
1565 4160 1782 4216 tertium

197 4244 478 4310 ineuntem.
531 4246 745 4309 Notatio
787 4270 892 4324 qua
946 4246 1181 4309 Joannes
1228 4244 1468 4325 Baptista
1510 4246 1677 4309 Perez
1719 4253 1787 4309 de

199 4340 290 4399 hoc
339 4352 667 4416 argumento
709 4345 816 4414 agit
852 4344 1095 4415 exposita
1121 4343 1233 4414 jam
1266 4340 1363 4399 l‘uit
1392 4356 1511 4415 cap.
1545 4345 1599 4410 5,
1634 4354 1782 4401 num.

1899 3301 2002 3358 ira.
2034 3316 2157 3358 can.
2183 3301 2271 3358 55.

1969 3319 1979 3356 l
2034 3318 2095 3358 ca
2144 3342 2157 3358 .
2183 3301 2271 3358 55.

1969 3316 2159 3477 1,73;
2176 3404 2225 3457 l.
2255 3404 2408 3459 Anno
2428 3400 2487 3457 61
2500 3403 2535 3457 8
2556 3410 2649 3458 aut
2665 3412 2785 3475 seq.
2808 3398 3043 3462 Isidorus
3065 3404 3299 3462 concilio
3313 3416 3350 3461 η
3368 3403 3486 3461 liis-

1889 3492 2093 3567 paiensi
2132 3495 2363 3565 praefuit.
2392 3509 2463 3551 ex
2491 3508 2611 3567 cap.
2641 3494 2731 3550 it.

1961 3600 2048 3656 12.
2081 3601 2235 3655 Anno
2274 3598 2380 3655 619
2409 3608 2499 3656 aut
2541 3583 2696 3672 se'qq.
2728 3600 2796 3657 ad
2832 3612 3032 3659 annum
3080 3601 3187 3659 625
3215 3602 3478 3660 Isidorum

1890 3695 2118 3751 Romam
2173 3690 2240 3750 ad
2291 3690 2623 3750 Bonifacium
2661 3691 2709 3751 Υ
2754 3695 2968 3752 venisse
3013 3696 3321 3767 coniicitur,
3369 3708 3480 3766 quo

1889 3793 2134 3856 tempore
2164 3796 2301 3856 opus
2329 3780 2397 3840 de
2421 3783 2623 3842 Ordine
2659 3794 3030 3844 creaturarum
3074 3788 3303 3845 fortasse
3328 3800 3482 3845 com-

1888 3879 2087 3950 posuit,
2118 3893 2186 3933 ex
2216 3892 2337 3948 cap.
2368 3876 2458 3933 25.

1955 3980 2040 4037 I5.
2060 3979 2214 4035 Anno
2239 3979 2344 4034 620
2355 3978 2573 4037 circiter
2593 3974 3133 4050 FulgentiustidorI
3148 3976 3336 4046 frater,
3359 3992 3479 4036 cre-

1888 4069 2032 4125 ditur
2057 4066 2373 4135 decessisse,
2399 4086 2461 4126 ac
2490 4068 2715 4141 proinde
2739 4078 2864 4125 ante
2896 4067 2948 4125 id
2978 4078 3190 4141 tempus
3218 4068 3383 4125 libros
3404 4068 3475 4125 de

1888 4156 2089 4218 Ofﬁciis
2118 4160 2501 4219 ecclesiasticis
2522 4157 2758 4221 Isidorus
2804 4158 3089 4233 Fuigentio
3117 4162 3469 4232 nuncupavit.

1960 4262 2047 4320 14.
2074 4262 2228 4320 Αηηο
2252 4260 2356 4319 625
2375 4264 2589 4321 circiter
2614 4262 2850 4323 Isidorus
2875 4262 3118 4322 interfuit
3144 4268 3237 4321 aut
3268 4262 3480 4333 przei‘nit

1890 4357 2101 4414 cuidam
2148 4359 2381 4416 concilio
2429 4369 2619 4418 contra
2668 4359 3021 4419 Sintbarium.
3085 4356 3221 4418 Vide
3252 4377 3375 4434 cap.
3404 4356 3469 4416 21

198 4421 258 4498 2,
302 4432 350 4488 in
397 4450 532 4526 qua‘
561 4434 956 4526 observandum
1006 4430 1089 4526 bis
1138 4446 1298 4489 'JEI‘RIII
1326 4476 1340 4500 ,
1399 4446 1503 4504 qua
1545 4431 1785 4526 Isidorus
1886 4470 2054 4526 prope
2083 4453 2264 4509 ﬁnem,

200 4530 427 4581 mortuus
454 4520 581 4594 fuit,
607 4523 911 4582 nominari:
942 4522 1196 4596 primum,
1229 4535 1485 4580 mortuum
1509 4541 1618 4581 arra
1656 4520 1778 4593 664,

1960 4563 2049 4621 15.
2088 4563 2245 4621 Anno
2273 4563 2379 4619 624
2404 4565 2625 4622 circiter
2667 4567 2955 4623 concilium
2983 4564 3253 4636 quoddam
3294 4562 3483 4634 Hispa-

202 4628 456 4730 ‘i‘iiefi‘i'
483 4628 588 4730 Ξῗῖ
600 4628 789 4730 ἷΨἾῖῗΪ
793 4615 857 4730 '1.
870 4610 1062 4730 ibi???
1085 4620 1239 4730 ἷῗῗζὶέ
1255 4614 1781 4730 ῗθίηὲέῗηῗμθῗηηῗῗ
1814 4632 1864 4696 ι)
1888 4658 2038 4713 Iense
2066 4658 2414 4724 celebratum.
2446 4656 2669 4729 praeside
2708 4657 2934 4725 Isidoro.
2964 4656 3254 4725 credimus.
3288 4656 3341 4712 in
3367 4673 3475 4730 quo

204 4722 301 4764 era
328 4708 446 4766 671.
482 4704 653 4767 Error
692 4708 782 4767 ille
829 4704 1041 4766 numeri
1084 4709 1335 4767 editionis
1383 4710 1675 4768 Grialianae
1727 4713 1782 4769 ln

208 4797 329 4856 alias
376 4817 598 4875 quoque
645 4803 880 4873 Irrepsit,
911 4798 1109 4857 clarius
1137 4812 1167 4856 a
1216 4803 1374 4859 nobis
1414 4800 1782 4875 corrigendus,

210 4901 319 4947 cum
338 4893 525 4953 Isidori
550 4892 689 4951 iiber
707 4896 774 4952 de
798 4890 912 4952 Vir.
944 4894 1159 4965 illustr.,
1188 4906 1243 4951 et
1271 4905 1394 4969 pom
1422 4912 1545 4954 eum
1576 4912 1789 4970 praeno-

210 4986 331 5043 tatio
356 4984 661 5047 Braulionis
690 5002 815 5046 cum
846 4997 975 5047 nota
1002 4982 1211 5046 Perezii
1241 4990 1549 5047 recudetur.

677 5107 833 5176 172
869 5096 1097 5159 CAPUT
1135 5096 1344 5160 xxvn.

367 5215 483 5272 Vita
508 5216 573 5274 S.
602 5216 799 5272 Isidori
823 5218 881 5272 in
916 5234 1037 5274 suas
1065 5218 1287 5290 epochas
1313 5217 1610 5274 distributa.

278 5324 327 5380 1.
365 5326 623 5395 Quamvis
649 5327 868 5386 diIticiie
894 5331 964 5387 sit
991 5345 1079 5387 res
1104 5338 1286 5400 gestas
1314 5327 1372 5384 S.
1401 5328 1589 5385 Isidori
1619 5328 1781 5385 certis

214 5416 315 5472 suis
340 5422 492 5480 annis
514 5421 755 5492 adigere,
788 5433 966 5479 tamen
1016 5439 1087 5480 ex
1114 5424 1199 5479 his
1227 5438 1346 5492 quae
1376 5422 1637 5479 hactenus
1666 5422 1779 5478 dis-

215 5515 384 5573 putata
412 5524 537 5569 sunt
578 5513 892 5584 colligemus
920 5529 984 5570 ea
1011 5529 1131 5585 quae
1156 5514 1328 5585 magis
1356 5512 1653 5584 probabilia
1682 5528 1777 5567 ve-

217 5611 370 5669 τοίιυε
396 5604 589 5667 similia
615 5614 760 5675 sunt,
789 5607 926 5664 etin
983 5622 1112 5666 suos
1139 5620 1369 5679 quisque
1397 5620 1571 5663 annos
1599 5605 1781 5661 distri-

219 5690 450 5755 bucinus.

1889 4746 2184 4809 Martianus
2203 4747 2491 4819 episcopus
2518 4748 2848 4818 Astigitanus
2873 4747 3146 4819 depositus
3175 4744 3293 4803 fuit.

1960 4863 2050 4919 I6.
2093 4864 2249 4921 Anno
2278 4862 2386 4920 635
2411 4863 2646 4921 Isidorus
2669 4863 2949 4919 historiam
2976 4863 3277 4920 Gothorum
3299 4863 3481 4920 absoI--

1888 4958 1966 5015 vit
1994 4974 2007 5011 :
2039 4957 2243 5015 scilicet
2270 4971 2413 5014 anno
2444 4954 2478 5009 ὅ
2513 4955 2837 5011 Suinthilani
2869 4956 3034 5026 necis,
3072 4956 3164 5026 qui
3196 4956 3248 5011 in
3276 4972 3479 5012 annum

1890 5048 1997 5105 635
2016 5049 2221 5115 incidit,
2248 5057 2307 5105 ut
2327 5049 2566 5107 ostendit
2588 5047 2785 5115 Pagius
2802 5046 2871 5103 ad
2898 5047 3082 5103 anna].
3109 5047 3323 5103 Baronii
3346 5063 3474 5103 ann.

1891 5138 2178 5206 6%,num.
2211 5140 2298 5196 18.
2330 5138 2526 5208 Pagius
2555 5140 2720 5205 enim,
2754 5139 2856 5197 etsi
2877 5138 3185 5196 Chronicon
3212 5140 3477 5209 nominat,

1891 5240 2092 5299 tamen,
2121 5243 2179 5288 ut
2231 5249 2293 5288 et
2332 5233 2507 5289 verbis
2556 5233 2800 5303 allegatis
2849 5232 3139 5301 colligitur,
3197 5234 3478 5295 historiam

1892 5323 2192 5379 Gothorum
2226 5324 2496 5393 intelligit,
2522 5339 2642 5395 quae
2684 5340 2828 5381 anno
2855 5322 2891 5378 6
2922 5323 3250 5382 Suinthilani
3278 5325 3347 5381 ab
3375 5324 3478 5381 Isi-
3542 5346 3543 5349 η

1889 5415 2024 5472 doro
2053 5414 2299 5472 absoluta
2330 5414 2446 5472 fuit.

1963 5531 2049 5582 t'i.
2091 5530 2246 5584 Anno
2274 5526 2382 5583 650
2424 5528 2641 5585 circiter
2678 5527 2918 5585 Isidorus
2946 5528 3013 5583 ad
3042 5527 3230 5583 urbem
3256 5526 3477 5582 Toleta-

1888 5635 2011 5675 unm
2035 5635 2097 5676 se
2126 5620 2356 5676 contulit
2372 5620 2586 5675 concilii
2604 5618 2882 5687 cujusdam
2911 5632 3093 5682 causa,
3120 5616 3266 5683 quod
3292 5624 3474 5673 tamen

1885 5712 2218 5768 celebratum
2247 5719 2377 5767 tunc
2409 5727 2515 5767 non
2546 5710 2779 5766 videtur.
2810 5708 3063 5765 Calicem
3110 5706 3474 5778 Etymoiogia-

279 5783 329 5841 2.
367 5789 520 5847 Anno
542 5792 755 5850 circiter
784 5791 890 5848 560
918 5792 1180 5850 Isidorum
1211 5800 1398 5848 natum
1427 5791 1590 5848 tuisse
1635 5792 1781 5848 credi
1885 5817 2003 5856 rem
2051 5801 2119 5857 ad
2148 5800 2418 5856 Braulium
2476 5799 2637 5861 misit.
2691 5799 2767 5855 De
2797 5795 3172 5855 constituendo
3216 5797 3472 5869 episcopo

219 5888 382 5945 potest
406 5898 471 5941 ex
501 5900 621 5957 cap.
653 5886 722 5943 I7
750 5901 920 5959 prope
949 5885 1131 5945 tinem

1886 5892 2279 5951 Tarraconensi
2306 5909 2427 5951 cum
2455 5907 2580 5962 rege
2606 5892 2738 5962 egit,
2769 5906 2837 5946 ex
2857 5905 2976 5960 cap.
3009 5888 3099 5943 21.
