4048 6364
515 339 620 413 iis

1250 353 1336 407 AD
1376 340 1606 409 OPERA
1651 354 1707 407 S.
1755 351 1998 409 ISIDORI
2041 352 2482 411 IIISPALENSIS
2532 342 3062 411 PROLEGOMENA.

3699 360 3801 419 Ml

586 471 673 527 18.
722 471 879 525 Anno
904 468 1026 536 653,
1061 484 1172 524 suvc
1211 484 1316 522 :cra
1348 470 1473 532 671,
1507 468 1700 523 dicitur
1738 467 1935 523 obiisse
1972 467 2098 523 Flo—
2129 475 2176 532 Λ
2203 471 2479 525 decoravit.
2536 470 2786 527 Errorem
2836 472 3107 528 Guillelmi
3158 473 3673 544 Malmesburiensis,
3709 482 3800 549 qui

513 565 723 621 rentina
752 563 940 620 Isidori
969 580 1123 618 soror
1172 564 1222 616 in
1269 562 1544 633 cpitaphio
1575 561 1843 617 reccnsito
1888 578 2007 632 cap.
2042 562 2094 614 7.

512 656 700 724 Itaque
736 662 860 708 ante
909 653 1051 709 hunc
1081 669 1281 707 annum
1315 653 1481 708 libros
1530 661 1716 707 contra
1770 652 1985 709 Judzeos
2036 652 2100 707 ad

511 748 881 804 Florentinam
912 761 1154 801 sororem
1184 745 1417 803 Isidorus
1440 744 1715 814 scripserit
1737 745 2028 815 oportebit.

584 842 671 898 19.
716 843 873 897 Anno
894 839 999 895 655
1019 839 1254 897 Isidorus
1275 838 1505 895 concilio
1528 854 1581 895 tv
1602 837 1867 896 Toletano
1896 838 2105 910 praefuit

526 952 600 990 ex.
635 951 683 990 c.
718 935 807 988 21.

512 952 600 990 ex.
635 951 683 990 c.
719 951 807 988 21.

580 1026 668 1079 20.
712 1025 868 1082 Anno
894 1023 997 1080 656
1025 1024 1257 1082 Isidorus
1281 1023 1537 1092 decessit,
1580 1032 1640 1079 ut
1666 1038 1788 1095 cap.
1814 1022 1884 1077 26
1915 1029 2098 1078 osten-

515 1132 637 1172 sum
660 1124 765 1173 est.

1034 1228 1261 1286 CAPUT
1304 1228 1539 1286 XXVIII.

511 1346 572 1402 S.
613 1344 804 1403 Isidori
829 1344 1157 1416 Hispalensis
1187 1363 1377 1416 corpus
1410 1345 1660 1400 Bononia:
1686 1346 1944 1416 asservari
1972 1344 2105 1414 falso

586 1416 849 1470 traditum.
884 1410 1147 1469 Miracula
1197 1410 1463 1470 ad'altare
1491 1416 1720 1470 ecclesia:
1748 1410 2103 1486 Legionensis,

580 1488 667 1540 ubi
692 1487 803 1556 ejus
826 1503 1015 1557 corpus
1048 1488 1346 1557 requiescit.

581 1600 633 1655 1.
675 1598 925 1670 Plerique
952 1600 1247 1671 scriptores
1278 1599 1369 1670 qui
1392 1599 1461 1655 de
1493 1602 1655 1657 rebus
1678 1599 2109 1658 Bononiensibus

504 1708 670 1769 agunt
717 1706 967 1754 asserunt
1010 1697 1275 1753 Isidorum
1320 1697 1712 1768 Hispalensem,
1764 1699 1890 1753 dum
1936 1698 2105 1754 Roma

504 1793 559 1846 in
590 1790 903 1861 Hispaniam
927 1789 1148 1853 rediret,
1179 1790 1434 1845 Bononiae
1446 1789 1743 1846 decessisse
1759 1790 1845 1845 die
1871 1791 1893 1842 1
1916 1790 1933 1842 1
1955 1791 2110 1861 Apri-

2206 560 2526 616 Toletanum
2578 578 2677 633 pro
2730 564 2983 635 Legione,
3018 577 3072 623 et
3118 566 3339 626 Joannis
3394 570 3667 639 Naucleri,
3710 576 3799 645 qui

2208 650 2464 722 Hispalim
2515 670 2613 724 pro
2670 656 2903 725 Legione
2942 658 3041 713 hac
3090 659 3143 713 in
3175 660 3526 717 translatione
3556 665 3803 734 corporis

2212 749 2365 820 175
2396 750 2567 803 sancti
2598 749 2783 803 Isidori
2817 753 3044 822 accepit,
3074 761 3220 809 recte
3250 755 3458 810 notavit
3486 755 3796 813 Constanti-

2205 853 2306 893 nus
2327 837 2634 909 Cajetanus,
2658 842 2752 911 qui
2779 842 2847 897 de
2871 843 2989 898 loco
3016 859 3123 913 quo
3162 844 3293 899 obiit
3320 844 3558 901 Isidorus
3598 859 3656 903 et
3690 864 3798 918 quo

2207 931 2325 1001 ejus
2390 947 2512 988 ossa
2584 935 2929 1006 requiescunt
2997 936 3237 1005 pluribus
3296 937 3566 994 disseruit.
3624 938 3802 996 Verba

2208 1024 2479 1081 Guillelmi
2512 1026 3178 1097 Malmesburiensislibm,
3210 1047 3258 1087 c.
3286 1031 3370 1099 10,
3402 1032 3471 1089 de
3498 1032 3649 1088 Gest.
3682 1049 3799 1104 reg.

2211 1122 2400 1192 Angl.,
2433 1122 2545 1177 haec
2565 1131 2720 1177 sunt:
2757 1124 3017 1179 Successit
3042 1122 3284 1180 Leandro
3316 1125 3577 1196 Isidorus,
3604 1128 3803 1182 doctri-

2213 1238 2301 1287 na,
2348 1218 2717 1288 sanctitateque
2766 1217 2991 1271 nobilis:
3033 1218 3178 1289 cujus
3208 1235 3395 1288 corpus
3440 1228 3619 1279 nostna
3652 1230 3807 1277 aetate

2212 1312 2524 1384 Aldefonsus
2551 1328 2643 1364 rex
2666 1308 2903 1364 Gallicia:
2926 1308 3159 1365 Toletum
3190 1312 3472 1376 transtulit,
3502 1312 3573 1366 ad
3602 1314 3807 1384 pondus

2213 1424 2340 1460 auro
2369 1414 2744 1471 comparatum.
2777 1403 3070 1459 Nauclcrus
3106 1402 3411 1473 Cbronogr.
3466 1404 3576 1461 vol.
3606 1403 3673 1467 II,
3714 1418 3809 1473 ge-

2214 1505 2385 1551 nerat.
2417 1494 2470 1561 9,
2500 1494 2575 1548 ait
2598 1511 2611 1547 :
2634 1492 2773 1547 Huic
2802 1496 2958 1548 etiam
2983 1492 3338 1564 (Ferdinando
3366 1494 3501 1565 regi)
3534 1493 3597 1547 B.
3628 1493 3806 1549 Isido-

2216 1607 2325 1657 rus,
2348 1605 2494 1661 quem
2518 1587 2780 1641 transtulit
2808 1588 2861 1640 in
2893 1586 3176 1657 Hispalim,
3199 1587 3439 1642 reuelauit
3464 1587 3601 1642 diem
3626 1590 3807 1641 mortis

2215 1699 2340 1738 suae.
2410 1680 2727 1736 Guillelmus
2799 1681 3014 1750 quidem
3085 1680 3575 1738 Malmesburiensis
3641 1683 3805 1736 etiam

2215 1772 2268 1828 in
2298 1772 2515 1828 nomine
2544 1771 2683 1842 regis
2711 1772 2910 1827 erravit
2934 1790 2948 1827 :
2981 1772 3253 1842 appellare
3281 1773 3426 1827 enim
3454 1772 3641 1829 debuit
3670 1771 3804 1827 Fer-

506 1879 599 1951 ιίε,
630 1860 772 1937 ει,ηο
790 1860 915 1948 613,
941 1888 1033 1935 aut
1052 1881 1177 1945 616,
1194 1879 1531 1946 3111640,“);
1552 1881 1708 1953 1⁷4
1734 1883 1859 1947 670,
1887 1892 1978 1936 am
2006 1860 2113 1936 ξιιίο
2146 1871 2191 1931 Β
2217 1863 2511 1921 dinandum
2538 1862 2783 1918 Castellae
2815 1872 2869 1919 et
2898 1862 3149 1932 Legionis
3177 1877 3383 1933 regem,
3406 1880 3519 1920 non
3550 1863 3811 1918 Aldefon-

502 1973 697 2043 quovis
721 1990 734 2024 :
758 1986 866 2026 non
896 1970 1035 2026 enim
1081 1971 1219 2025 inter
1246 1986 1304 2025 se
1321 1972 1387 2025 de
1417 1986 1559 2027 anno
1588 1974 1958 2027 consentiunt.
1989 1971 2098 2026 Ad-

504 2063 640 2119 dunt
666 2078 862 2132 corpus
884 2063 943 2117 S.
970 2061 1162 2119 Isidori
1194 2063 1247 2116 in
1270 2062 1495 2118 ecclesia
1525 2062 1585 2117 S.
1616 2062 1877 2133 Stephani
1912 2079 2099 2119 mona-

502 2153 727 2209 chorum
759 2152 885 2208 olim
914 2152 1359 2222 nigrorum,nunc
1385 2150 1805 2208 leestinorum
1827 2152 2097 2223 sepultum

499 2249 686 2317 fuisse,
718 2248 863 2319 quod
901 2263 1043 2303 anno
1083 2248 1301 2304 circiter
1348 2247 1509 2315 1141,
1561 2248 1795 2305 Henrico
1845 2250 2099 2305 Bononia:

504 2342 785 2412 episcopo,
828 2341 1129 2410 inventum,
1161 2343 1521 2411 recognitum,
1553 2350 1610 2398 et
1638 2343 1973 2399 venerationi
2001 2357 2098 2397 exe

502 2433 742 2503 positum
773 2432 874 2488 fuit
902 2432 990 2487 die
1020 2431 1086 2485 16
1129 2432 1483 2504 Septembris,
1517 2450 1624 2504 quo
1671 2438 1787 2505 ejus
1838 2436 2099 2491 memoria

502 2523 763 2581 Bononia:
790 2523 1115 2580 celebratur.
1148 2524 1403 2594 Sigonius
1442 2526 1509 2581 ad
1534 2542 1732 2581 annum
1765 2525 1868 2579 616
1895 2529 1972 2583 sic
2003 2528 2095 2583 ha-

500 2618 632 2673 bet:
665 2616 781 2673 Hoc
832 2627 1057 2689 tempore
1086 2618 1149 2673 3.
1184 2616 1421 2673 Isidorus
1446 2620 1712 2690 episcopus
1748 2618 2095 2687 llispalensis,

500 2727 592 2778 per
614 2706 893 2763 Emiliam
939 2710 1037 2764 iter
1059 2711 1278 2783 faciens,
1330 2709 1583 2764 Bononia:
1630 2719 1861 2764 mortuus
1909 2713 2092 2782 fertur.

499 2799 650 2855 Certe
671 2800 823 2855 hodie
843 2816 1045 2872 quoque
1067 2801 1359 2871 sepulcrum
1395 2801 1507 2871 ejus
1531 2802 1583 2859 in
1607 2801 1822 2855 basilica
1855 2802 1963 2857 SS.
1996 2801 2100 2857 Pe-

499 2892 565 2945 tri
592 2899 642 2946 et
672 2890 829 2945 Pauli
851 2900 966 2962 post
995 2891 1164 2945 altare
1191 2892 1361 2961 majus
1408 2892 1715 2955 ostenditur,
1750 2910 1867 2965 quce
1896 2894 2099 2966 capella

500 2982 607 3039 SS.
652 2982 800 3038 Petri
848 2991 897 3037 et
928 2983 1085 3038 Pauli
1123 2983 1271 3055 vulgo
1304 2983 1513 3037 dicitur.
1568 2982 1695 3040 Hmc
1740 2994 1824 3042 est
1877 2986 2099 3043 basilica

502 3075 676 3130 sancti
705 3074 966 3145 Stephani
995 3083 1051 3131 et
1102 3074 1332 3130 ecclesia
1388 3074 1607 3130 Patrum
1657 3075 2096 3133 Coelestinornm.

498 3165 768 3221 Arnoldus
797 3164 959 3222 Wion
981 3165 1050 3223 de
1076 3165 1284 3221 Isidoro
1306 3166 1379 3220 ita
1398 3165 1566 3222 refert
1592 3183 1610 3220 :
1642 3165 1783 3223 Obiit
1808 3185 1947 3224 anno
1971 3169 2097 3238 642,

2204 1972 2323 2014 sum
2352 1956 2588 2011 Gallicis:
2616 1970 2819 2027 regem.
2857 1954 3093 2026 Uterque
3118 1964 3298 2011 tamen
3328 1956 3636 2027 opinionem
3683 1972 3806 2026 quae

2205 2051 2389 2107 Isidori
2419 2051 2726 2122 sepulcrum
2764 2050 3023 2107 Bononia:
3079 2050 3313 2107 collocat
3364 2050 3678 2107 narratione
3706 2066 3805 2106 sua

2201 2146 2333 2202 satis
2361 2143 2578 2199 refellit.

2272 2237 2327 2292 «1.
2359 2236 2506 2293 Idem
2526 2235 2818 2307 Cajetanus
2838 2236 3058 2307 conjicit
3087 2234 3353 2293 Isidorum
3376 2236 3690 2308 episcopum
3716 2235 3807 2291 Si-

2200 2332 2403 2401 culum,
2430 2332 2495 2387 de
2522 2347 2631 2401 quo
2659 2331 3005 2388 Constantius
3018 2330 3170 2386 Felix
3201 2332 3252 2385 in
3270 2329 3593 2385 Kalendario
3617 2329 3703 2383 dic
3734 2325 3805 2381 l5

2198 2424 2413 2481 kalend.
2438 2426 2766 2495 lebruari,et
2792 2426 3058 2481 Arnoldus
3079 2424 3242 2481 Wion
3282 2424 3444 2495 Lign.
3494 2425 3593 2479 vit.
3621 2424 3713 2479 lib.
3735 2420 3809 2478 Ill

2202 2520 2267 2575 ad
2290 2518 2356 2573 18
2387 2517 2611 2574 Kalend.
2630 2518 2904 2583 lebruarii,
2932 2533 3051 2574 esse
3080 2533 3203 2575 eum
3217 2525 3482 2579 sanctum,
3506 2514 3659 2585 cujus
3680 2531 3805 2571 ossa

2200 2614 2566 2671 Bononienses
2586 2622 2912 2669 venerantur
2934 2631 2948 2680 ;
2965 2627 3125 2683 quem
3143 2611 3407 2668 Isidorum
3428 2608 3805 2681 Hispalensem

2202 2706 2545 2780 homonymia
2575 2707 2787 2778 decepti
2830 2714 3183 2763 vocaverunt.
3214 2704 3365 2761 Hanc
3422 2705 3582 2760 etiam
3612 2704 3802 2775 conje-
3858 2694 3861 2695 ⁷

2201 2810 2408 2858 cturam
2448 2811 2725 2872 exponunt
2751 2800 3090 2857 Bollandiani
3133 2788 3194 2855 in‘
3225 2808 3517 2857 comment.
3544 2816 3709 2872 puer.
3734 2798 3807 2855 ad

2202 2893 2376 2949 Vitam
2410 2892 2467 2949 S.
2496 2893 2705 2950 Isidori.
2742 2891 2998 2963 Ughellus
3046 2892 3099 2947 in
3127 2891 3243 2947 Ital.
3274 2908 3414 2948 sacr.
3445 2900 3575 2948 tom.
3613 2890 3702 2957 11,
3728 2891 3799 2946 de

2203 2986 2442 3057 episcop.
2469 2986 2679 3042 Bonon.
2712 2986 2765 3041 in
2794 2986 2954 3042 Petro
2978 2985 3232 3057 episcopo
3258 2982 3603 3041 Constantini
3632 2982 3800 3053 Caje-

2205 3078 2316 3132 tani
2337 3078 2405 3133 de
2432 3079 2634 3135 Isidoro
2661 3078 2843 3134 Siculo
2875 3076 3127 3134 Bononia:
3155 3075 3409 3131 defuncto
3432 3073 3803 3130 narrationem

2204 3184 2391 3225 veram
2420 3169 2572 3239 dicit,
2616 3168 2713 3226 sed
2742 3186 2851 3226 non
2882 3168 3185 3225 confirmat.
3230 3165 3430 3222 Iterum
3459 3164 3800 3221 Bollandiani

495 3259 572 3315 uel
597 3259 801 3314 circiter
823 3260 988 3331 pridie
1002 3277 1127 3315 non.
1154 3261 1305 3331 Apr.,
1334 3260 1479 3331 cujus
1503 3278 1685 3334 corpus
1699 3266 1966 3336 requiescit
1991 3265 2095 3322 Βο-
2124 3256 2169 3318 C
2203 3260 2342 3316 hanc
2380 3262 2733 3332 quaestionem
2764 3259 3065 3315 excitarunt
3092 3257 3160 3312 ad
3200 3256 3343 3311 diem
3378 3255 3444 3309 I8
3491 3254 3801 3310 Decembris

496 3356 670 3410 noniw
696 3355 753 3409 in
774 3356 991 3409 ecclesia
1020 3353 1139 3408 RR.
1174 3352 1293 3408 PP.
1317 3352 1734 3412 Caelestinorum.

566 3450 623 3507 2.
651 3448 1008 3508 Occasionem
1035 3450 1163 3506 huic
1186 3449 1378 3506 fabulae
1405 3452 1633 3523 prmbuit
1670 3469 1971 3526 anonymus
2001 3455 2100 3512 Be-

495 3545 797 3604 nedictinus
822 3555 1012 3601 auctor
1040 3543 1293 3600 Chronici
1336 3544 1456 3614 ej'us
1499 3546 1741 3602 ecclesia:
1778 3556 1835 3602 et
1862 3548 2096 3604 cmnobii

496 3638 641 3695 circa
673 3652 872 3693 annum
894 3635 1058 3705 1180,
1081 3634 1235 3705 cujus
1264 3636 1429 3692 verba
1460 3637 1836 3694 Henschenius
1857 3639 1913 3693 in
1943 3656 2093 3696 com-

494 3738 664 3787 ment.
692 3731 894 3801 praevio
924 3728 988 3784 ad
1022 3726 1194 3783 Vitam
1220 3728 1278 3783 S.
1310 3728 1497 3785 Isidori
1526 3728 1733 3801 profert
1760 3749 1773 3785 :
1800 3731 1995 3802 quibus
2018 3733 2093 3788 ita

494 3823 773 3880 basilicam
822 3821 993 3877 sancti
1053 3820 1312 3891 Stephani
1361 3822 1625 3879 Antonius
1653 3823 1858 3880 Casalis
1912 3824 2089 3882 Coele-

497 3918 675 3975 stinus
701 3932 769 3973 ex
795 3932 895 3972 ms.
938 3914 1208 3972 Chronico
1258 3917 1336 3973 sic
1359 3916 1689 3988 alloquitur:
1741 3920 2000 3975 Similiter
2040 3930 2090 3974 et

492 4027 678 4081 corpus
718 4008 1001 4064 beatissimi
1031 4006 1249 4075 Isidori,
1282 4012 1593 4081 confessoris
1636 4010 1830 4066 Christi
1860 4022 1908 4066 et
1936 4013 2088 4066 lucu-

489 4102 759 4157 lentissimi
789 4100 1037 4168 doctoris,
1069 4102 1125 4155 in
1157 4111 1203 4155 te
1236 4104 1538 4173 requiescit:
1566 4105 1653 4173 qui
1680 4120 1795 4157 cum
1842 4105 2036 4159 rediret
2058 4122 2091 4158 a

492 4192 683 4261 Roma,
706 4191 846 4262 apud
867 4192 1000 4247 hanc
1024 4194 1202 4248 urbem
1243 4195 1553 4263 hospitatus,
1582 4212 1643 4247 ac
1671 4196 1817 4267 gravi
1845 4197 2083 4253 molestia

491 4285 725 4354 corporis
747 4292 823 4338 est
850 4284 1105 4351 detentus,
1130 4293 1234 4341 etc.
1267 4284 1392 4341 Haec
1417 4286 1462 4340 si
1483 4285 1603 4355 quis
1632 4286 1698 4341 de
1726 4286 1929 4344 Isidoro
1969 4287 2089 4344 His-

493 4366 699 4446 palensi
740 4375 964 4447 intelligi
996 4376 1193 4433 debere
1238 4376 1552 4443 contendat,
1583 4378 1966 4435 sustinebimus
1986 4378 2086 4452 {ig-

491 4477 733 4524 mentum
790 4469 893 4525 hoc
939 4469 1277 4526 intolerabile
1304 4484 1423 4526 esse
1471 4468 1588 4539 ejus
1617 4469 1894 4539 Chronici,
1943 4470 2087 4542 quod

2202 3352 2255 3409 in
2305 3352 2549 3421 catalogo
2590 3359 2897 3407 sanctorum
2929 3349 3432 3422 prmtermissorum.
3476 3346 3538 3403 S,
3563 3345 3801 3401 Isidorus

2200 3444 2563 3510 Bononiensis,
2614 3445 2785 3512 aiunt,
2833 3446 2887 3499 in
2920 3442 2976 3497 Μ
2981 3443 3299 3515 artyroloqio
3323 3442 3626 3507 universali,
3659 3441 3799 3511 apud

2199 3534 2549 3592 Castellanum
2579 3537 2919 3592 annuntiatur
2960 3539 3013 3591 in
3048 3534 3230 3603 Italia,
3262 3544 3317 3589 ut
3363 3537 3632 3605 episcOpus
3676 3537 3796 3588 alte.

2197 3633 2303 3685 rius
2328 3632 2571 3686 civitatis.
2615 3630 2967 3686 Bononianses
2995 3628 3092 3683 hac
3119 3630 3203 3683 die
3227 3626 3486 3683 celebrant
3526 3627 3588 3682 S.
3620 3626 3795 3683 Isido-

2195 3743 2493 3797 rttm,quem
2520 3726 2881 3796 Ilispalenscm
2901 3723 3115 3777 credunt
3132 3765 3146 3789 ,
3171 3740 3236 3777 ex
3253 3738 3427 3778 errore
3457 3720 3591 3793 quod
3623 3720 3794 3777 Bono-

2196 3822 2296 3875 niw
2316 3822 2587 3892 defunctus
2617 3820 2840 3892 fuerit...
2868 3815 3016 3872 Certe
3036 3835 3139 3873 non
3162 3819 3331 3873 inveni
3354 3827 3660 3889 argumenta
3685 3826 3793 3872 tant

2194 3911 2363 3967 solida
2380 3928 2471 3982 pro
2493 3912 2813 3982 possessione
2830 3908 3236 3964 Bononiensiunt
3260 3911 3489 3981 corporis
3526 3910 3793 3981 cujuscun-

2193 4021 2288 4075 que
2326 4002 2541 4068 Isidori,
2574 4010 2629 4055 ut
2658 4020 2721 4057 ea:
2746 4019 2921 4057 errore
2951 4002 3225 4071 "umifele
3267 4001 3329 4055 de
3356 4017 3571 4071 corpore
3599 4002 3659 4055 S.
3688 3999 3792 4055 Isi-

2192 4096 2307 4149 dori
2328 4093 2660 4165 Hispalensis
2682 4095 2845 4149 alium
2861 4095 3034 4148 statim
3059 4091 3321 4148 Isidorum
3339 4093 3533 4163 inferre
3556 4092 3793 4150 debeam.

2191 4188 2429 4245 Masinus
2456 4191 2511 4243 in
2555 4189 2795 4246 Bononia
2847 4190 3165 4262 perlustrata
3212 4191 3276 4244 de
3324 4189 3461 4243 cultu
3491 4188 3556 4245 S.
3590 4186 3795 4245 Isidori

2191 4283 2299 4355 agit
2326 4282 2409 4336 die
2436 4281 2467 4335 4
2489 4282 2659 4354 April.
2693 4293 2743 4338 et
2773 4281 2843 4338 16
2868 4281 3158 4355 Septembr.

2260 4374 2313 4430 5.
2348 4374 2459 4432 Etsi
2505 4383 2687 4431 autem
2735 4374 2803 4432 de
2851 4375 2974 4433 loco
3002 4391 3111 4449 quo
3158 4373 3351 4435 Isidori
3391 4374 3561 4432 nostri
3592 4390 3795 4446 corpus

2184 4467 2330 4540 jacet
2378 4470 2623 4527 ulteriori
2667 4470 2989 4541 probatione
3030 4485 3121 4539 res
3167 4486 3277 4528 non
3326 4468 3548 4539 indiget,
3581 4476 3793 4538 tamen,

495 4558 826 4633 Redemptus
842 4562 1270 4619 clericusIsidori
1294 4563 1348 4618 in
1377 4562 1539 4634 hujus
1566 4565 1745 4622 obitus
1774 4567 2086 4624 narratione
2189 4562 2315 4631 quia
2345 4570 2650 4634 Opportuna
2675 4562 2838 4620 modo
2864 4578 2925 4619 se
2972 4562 3131 4620 οσθη
3158 4564 3394 4627 Occasio,
3426 4570 3669 4618 νθῑθτθω
3698 4563 3793 4618 in-

490 4656 650 4727 plane
662 4656 1142 4721 refellit,utomnes
1158 4656 1292 4713 alios
1304 4657 1596 4728 scriptores
1608 4658 1874 4731 Hispanos
1887 4669 2083 4716 etmar-
2110 4640 2559 4725 Iiscriptionem,
2605 4672 2724 4728 qua:
2767 4656 2823 4711 in
2853 4655 3092 4715 claustro
3121 4654 3475 4727 Legionensis
3512 4663 3794 4711 monaste-

493 4749 756 4820 tyrologia
784 4746 1537 4835 omittamus..£queconstat
1563 4750 1962 4824 Isidoricorpus
1984 4751 2082 4808 Hi-
2185 4749 2250 4804 rii
2292 4748 2349 4805 S.
2379 4747 2566 4806 Isidori
2598 4750 2947 4821 conspicitur,
2982 4749 3341 4821 proferemus.
3368 4746 3497 4803 Eam
3541 4746 3796 4803 transcri-

491 4842 626 4912 Lspali
649 4842 924 4898 conditum
940 4842 1124 4911 fuisse,
1151 4842 1294 4900 unde
1311 4843 1601 4914 Legionem
1624 4847 1943 4903 translatum
1960 4847 2078 4916 fuit,

494 4944 555 4989 ut
591 4934 870 4989 retulimus
899 4949 967 4990 ex
994 4934 1143 4990 Actis
1193 4936 1419 4992 sinceris
1457 4938 1845 5007 translationis,
1875 4954 1996 5011 cap.
2023 4939 2077 4997 8.

565 5026 619 5081 ’5.
659 5024 753 5081 His
791 5025 917 5081 addi
944 5034 1124 5096 potest
1155 5037 1308 5084 vetus
1357 5028 1590 5084 hominis
1627 5028 1801 5084 exteri
1831 5030 2078 5088 testimo-

492 5118 661 5173 nium.
692 5116 937 5173 Breulius
976 5117 1027 5173 in
1058 5118 1371 5189 praefatione
1399 5120 1468 5176 ad
1495 5135 1661 5191 opera
1689 5124 1862 5178 sancti
1892 5121 2080 5179 Isidori

490 5208 762 5280 relert,'in
798 5211 1113 5269 Victoriana
1142 5212 1366 5270 Lutetia:
1396 5212 1726 5271 Parisiorum
1753 5216 2081 5274 bibliotheca

492 5304 921 5377 antiquissimum
950 5320 1070 5363 esse
1107 5306 1303 5362 librum
1328 5306 1384 5360 in
1430 5307 1760 5364 membranis
1800 5311 2077 5380 scriptum,

490 5412 600 5468 quo
628 5396 960 5452 itinerarium
979 5396 1045 5451 ad
1074 5396 1132 5453 S'.
1159 5395 1419 5452 Iacobum
1448 5395 1711 5453 Callaecia:
1737 5399 2078 5469 describitur,

494 5489 549 5544 in
586 5504 695 5560 quo
744 5491 822 5546 sic
862 5490 1127 5546 habetur:
1170 5490 1323 5560 Apud
1352 5490 1528 5545 urbem
1584 5489 1957 5562 Legionensem
2003 5496 2080 5548 ui-

490 5582 751 5637 sitandum
778 5591 855 5637 est
883 5598 1067 5653 corpus
1093 5580 1155 5636 Β.
1183 5580 1378 5638 Isidori
1406 5584 1650 5656 episcOpi,
1676 5594 1727 5639 et
1750 5587 2082 5658 confessoris,

492 5677 595 5731 sive
616 5677 877 5744 doctoris;
906 5678 994 5748 qui
1019 5677 1258 5747 regulam
1271 5676 1559 5749 piissimam
1588 5678 1789 5735 clericis
1819 5683 2083 5738 ecclesias-

492 5776 603 5832 ticis
625 5778 865 5841 instituit,
894 5786 944 5831 et
971 5784 1172 5846 gentem
1210 5778 1532 5850 Irispanicam
1558 5783 1663 5837 suis
1701 5783 1952 5840 doctrinis
1976 5786 2077 5841 im-

492 5871 615 5936 buit,
656 5884 909 5941 totamque
938 5879 1169 5926 sanctam
1210 5872 1497 5930 Ecclesium
1524 5875 1781 5933 codicibus
1819 5879 2077 5951 ﬂorigeris

2182 4842 2290 4913 psit
2316 4841 2576 4897 Antonius
2605 4842 2840 4899 Ponzius
2868 4844 2923 4899 in
2950 4841 3235 4899 Itinerario
3267 4841 3562 4912 Hispanize,
3584 4837 3795 4900 Matriti

2182 4936 2325 4994 edito
2351 4935 2509 5004 i785,
2536 4946 2648 4992 tom
2674 4935 2765 5003 XI,
2789 4951 2910 5008 pag.
2945 4935 3069 5004 218,
3094 4950 3215 5007 quae
3241 4934 3425 4991 seculo
3446 4949 3519 4988 sn
3542 4934 3787 4998 ineunte,

2182 5036 2276 5083 aut
2303 5045 2357 5083 χι
2385 5037 2639 5097 exeunte,
2668 5028 2882 5087 videtur
2896 5028 3040 5086 facta
3066 5045 3082 5097 ;
3112 5027 3345 5084 barbaro
3358 5033 3507 5083 certe
3535 5025 3676 5097 stylo
3702 5021 3789 5079 sic

2183 5125 2263 5173 est
2286 5126 2572 5190 concepta.

2263 5235 2418 5306 176
2454 5233 2509 5289 6.
2548 5233 2724 5299 Hanc,
2754 5251 2909 5307 quam
2938 5237 3106 5292 cernis
3149 5234 3325 5289 aulam
3362 5232 3527 5289 sancti
3554 5229 3781 5286 Joannis

2186 5324 2455 5395 Baptistae,
2498 5328 2596 5397 fuit
2635 5328 2757 5382 olim
2784 5328 2996 5395 luteam,
3036 5344 3188 5400 quam
3217 5344 3381 5398 nuper
3404 5324 3782 5381 excellentissi-

2186 5434 2295 5472 mus
2329 5417 2704 5474 Fredenandus
2734 5437 2826 5476 rea:
2851 5429 2901 5477 et
2950 5420 3148 5477 Saucia
3185 5421 3369 5492 regina
3388 5418 3782 5488 azdificaverunt

2186 5511 2463 5583 lapideam.
2500 5514 2642 5569 Tunc
2667 5514 2729 5568 ab
2750 5516 2873 5570 urbe
2893 5514 3105 5587 Hispali
3127 5514 3458 5569 adduxerunt
3483 5511 3555 5567 ibi
3586 5528 3778 5582 corpus

2186 5608 2352 5660 sancti
2396 5605 2592 5662 Isidori
2640 5609 2905 5679 wpiscopi,
2934 5608 2989 5663 in
3019 5608 3344 5663 dedicatione
3397 5605 3575 5677 templi
3619 5605 3778 5675 hujus

2186 5698 2318 5753 diem
2350 5716 2417 5753 xn
2446 5697 2570 5754 Kal.
2601 5698 2845 5753 Januarii
2891 5715 2999 5754 tera
3027 5716 3135 5757 uel.
3162 5700 3371 5756 Deinde
3398 5701 3451 5754 in
3481 5714 3590 5753 atra
3613 5713 3771 5765 stent,

2182 5808 2235 5847 VI
2264 5789 2385 5844 Kal.
2420 5790 2476 5844 Μ
2481 5794 2528 5844 αἱ
2535 5794 2573 5859 i,
2595 5791 2921 5848 adduxerunt
2945 5774 3039 5847 ibi-
3056 5794 3119 5847 de
3160 5794 3283 5848 urbe
3309 5792 3461 5847 Avila
3487 5808 3672 5862 corpus
3704 5790 3768 5847 S.

2191 5883 2445 5940 Vincentii
2476 5883 2571 5941 Fli
2596 5885 2829 5954 Sabinw,
2862 5887 3194 5960 Cristetisque
3232 5889 3394 5959 ipsius
3415 5902 3555 5944 anno
3584 5885 3769 5957 prefu-
