4048 6364
257 400 362 456 MS

1260 336 1761 437 ismoalANAL
1805 379 1983 436 usus
2028 384 2065 436 I.
2108 382 2259 438 CAP.
2309 380 2517 437 xxvut

3443 385 3546 442 146

254 529 337 572 tus
365 532 455 570 rex
499 516 756 566 revertens
784 506 847 559 de
875 505 1046 558 hostes
1074 500 1137 555 ab
1167 498 1289 553 urbe
1348 498 1587 553 Valentia
1621 496 1737 550 hinc
1776 496 1848 551 ibi
1876 503 1925 562 Α
1954 501 2174 557 Joannis
2200 502 2466 573 Βηριὶιιαι.
2494 501 2638 557 Infra
2663 503 2803 557 inter
2826 501 3280 559 alia‘eoneeditur
3303 504 3549 560 eeclesim

254 612 339 665 die
368 607 580 661 sabbato
601 597 653 658 et
682 602 806 657 obiit
835 598 917 652 die
948 612 1024 662 ιιι,
1055 595 1189 664 feria
1217 609 1265 648 vr
1291 589 1418 647 Kal.
1449 589 1716 656 Januarii,
1739 606 1849 652 cera

256 718 405 758 ιιειιι.
440 699 635 753 Saucia
656 694 836 767 regina
863 690 971 745 Deo
1000 688 1174 743 dicata
1198 688 1415 759 peregit.

333 797 384 848 7.
428 789 754 845 Exstathaec
804 784 992 840 eadem
1039 780 1316 849 inscriptio
1369 777 1513 848 apud
1550 776 1853 833 Florezium

259 900 392 947 tom.
425 885 517 951 IX,
564 898 685 955 pag.
720 880 845 945 211,
888 895 957 934 ex
988 874 1316 932 Sandovalio
1353 873 1409 928 in
1448 872 1686 927 Historia
1715 871 1857 940 regis

262 977 587 1038 Ferdinandi
638 974 731 1029 fol.
764 972 852 1039 16,
886 970 981 1026 sed
1030 968 1203 1023 solum
1249 981 1420 1036 usque
1448 967 1514 1020 ad
1547 966 1710 1022 verba
1751 981 1859 1020 cera

269 1088 388 1128 uel.
425 1070 501 1125 lbi
547 1066 743 1135 legitur
769 1064 892 1119 olim
949 1061 1114 1133 fuit...
1161 1058 1621 1114 excellentissimus
1674 1056 1860 1112 Fredi-

264 1162 540 1216 nandus...
570 1158 1005 1228 ediﬁcaverunt...
1039 1152 1288 1224 episcOpi.

341 1251 393 1306 8.
434 1250 509 1304 Ex
562 1250 662 1304 hac
712 1244 1063 1315 inscriptione
1127 1242 1398 1311 colligitur
1441 1241 1858 1298 translationem

264 1345 512 1418 corporis
556 1343 612 1397 8.
642 1341 834 1397 lsidori
859 1338 1183 1395 celebratam
1217 1336 1383 1391 fuisse
1414 1351 1556 1390 anno
1588 1334 1750 1401 1065,
1780 1333 1867 1389 die

265 1436 337 1490 20
366 1434 700 1492 Decembris.
726 1433 851 1488 Dies
877 1431 1045 1487 lestus
1071 1429 1229 1501 hujus
1254 1428 1623 1485 translationis
1650 1427 1703 1482 in
1732 1424 1867 1482 Bre-

267 1532 437 1585 viario
461 1529 725 1584 Toletano
753 1526 1012 1593 agebatur
1038 1523 1111 1577 22
1136 1522 1468 1587 Decembris,
1497 1520 1637 1592 apud
1670 1520 1864 1589 Legio-

270 1640 465 1682 nenses
506 1639 635 1677 vero
680 1620 768 1686 20,
800 1630 857 1674 ιιι
880 1617 1046 1674 refert
1098 1617 1387 1686 Cajetanus
1424 1627 1548 1687 pag.
1582 1612 1673 1667 44.
1710 1612 1872 1667 Tem-

270 1720 418 1788 plum
453 1714 636 1771 lsidori
694 1712 1058 1784 appellatione
1105 1708 1300 1765 deinde
1347 1709 1661 1779 insignitum
1714 1707 1874 1762 docet

271 1810 316 1862 Μ
340 1811 506 1863 ιιίτιιιει
532 1808 623 1861 lib.
644 1823 695 1861 ιχ
718 1805 854 1865 Hist.
881 1803 1053 1873 Hisp.,
1074 1802 1250 1858 0.15:
1277 1802 1432 1857 Alviti
1457 1817 1643 1871 corpus
1672 1801 1725 1854 in
1749 1809 1873 1872 tem:

1953 596 2066 651 sive
2122 598 2451 651 monasterio
2481 596 2540 652 8.
2593 594 2817 652 Joannis
2846 598 3120 667 Baptista),
3180 597 3399 652 ecclesia
3430 615 3547 654 cum

1954 691 2116 744 tribus
2152 690 2399 745 altaribus
2445 691 2499 743 in
2544 691 2740 761 campis
2790 687 3074 744 Gothorum
3125 691 3179 743 in
3237 688 3455 744 Rioseco
3483 689 3555 743 ad

1962 782 2154 837 Villam
2185 782 2471 838 Verdem...
2501 800 2559 837 eo
2585 782 2721 855 quod
2748 782 2822 836 ibi
2843 784 3030 851 quievit
3053 799 3236 853 corpus
3266 782 3554 837 beatissimi

1960 875 2176 944 lsidori,
2205 878 2411 949 quando
2440 886 2762 949 asportatum
2793 879 2891 948 fuit
2916 878 2978 931 de
3012 877 3220 948 Hispali
3250 879 3554 949 metropoli-

1963 982 2105 1026 tana.
2136 970 2195 1025 ln
2242 970 2383 1027 ﬁne:
2417 971 2584 1026 Facta
2613 972 2865 1043 scriptura
2900 972 3224 1037 testamenti,
3258 972 3336 1026 vel
3359 974 3557 1041 conﬁr-

1960 1062 2204 1115 mationis
2228 1063 2281 1115 in
2309 1062 2630 1116 dedicatione
2659 1063 2823 1134 ipsius
2854 1063 3084 1116 basilicce
3123 1060 3215 1116 sub
3247 1062 3331 1115 die
3354 1061 3555 1116 duode-

1964 1153 2096 1207 cimo
2129 1150 2398 1206 Kalendas
2425 1151 2670 1207 Januarii
2693 1169 2711 1208 :
2736 1155 2965 1218 sequenti
2994 1171 3110 1208 vero
3140 1154 3220 1207 die
3251 1152 3558 1206 translatio-

1967 1260 2080 1297 nem
2137 1245 2367 1315 corporis
2410 1244 2472 1299 S.
2515 1242 2707 1300 lsidori
2746 1245 3111 1299 celebravimus
3139 1245 3412 1299 undecimo
3445 1242 3561 1297 Ka-

1969 1336 2151 1392 lendas
2180 1336 2451 1403 Januarii,
2483 1354 2593 1392 wra
2621 1339 2897 1393 millesima
2947 1339 3224 1393 centesima
3264 1339 3455 1407 prima.
3600 1363 3616 1394 ι.

1974 1454 1977 1457 ι
2042 1429 2129 1484 12.
2162 1429 2259 1484 Hic
2286 1436 2402 1484 erat
2449 1444 2623 1484 annus
2650 1428 2849 1485 Christi
2881 1429 3038 1485 1065.
3074 1427 3213 1484 Olim
3256 1429 3438 1498 igitur,
3480 1427 3567 1483 vel

1971 1528 2119 1578 certe
2166 1521 2340 1592 primo
2362 1519 2454 1576 illo
2500 1535 2665 1584 anno,
2698 1519 2786 1575 die
2828 1520 2891 1573 21
2928 1521 3263 1586 Decembris,
3296 1518 3567 1573 dedicatio

1974 1612 2161 1684 templi
2188 1611 2247 1667 8.
2272 1609 2495 1667 Joannis
2511 1611 2765 1680 Baptista
2785 1610 3057 1666 celebrata
3081 1611 3201 1677 fuit,
3225 1610 3312 1665 die
3337 1625 3469 1664 vero
3498 1607 3571 1661 22

1978 1704 2259 1759 translatio
2286 1702 2530 1773 corporis
2554 1694 2615 1757 S.
2662 1700 2889 1759 lsidori.
2921 1700 3254 1757 Procedente
3302 1708 3567 1769 tempore,
3623 1747 3638 1763 ._

1935 1824 1953 1849 ο
1979 1813 2087 1852 uno
2124 1796 2424 1866 eodemque
2453 1794 2540 1848 die
2579 1792 2846 1849 dedicatio
2877 1801 2934 1849 et
2962 1794 3243 1849 translatio
3286 1793 3571 1849 celebratae

270 1901 357 1969 plo
406 1900 634 1951 maximo
662 1895 969 1949 tumulutum
998 1902 1096 1959 est,
1127 1890 1324 1946 lsidori
1349 1892 1404 1944 in
1430 1890 1656 1944 Joannis
1688 1887 1857 1957 Bapti-
1900 1890 1947 1950 B
1974 1890 2209 1943 fuerunt.
2242 1887 2375 1942 lude
2405 1895 2542 1948 naue
2568 1886 2793 1943 diversae
2822 1895 3105 1942 auctorum
3133 1887 3236 1941 hac
3274 1885 3342 1942 de
3366 1901 3426 1940 re
3451 1886 3573 1957 Opi-

274 2002 371 2045 sla!
403 1991 513 2043 loco
549 1987 756 2042 sublimi
808 1996 961 2057 atque
1012 1985 1306 2056 prteclaro:
1348 1982 1485 2036 unde
1542 1980 1872 2051 consequenti

273 2092 501 2145 tcmjore
541 2082 754 2151 factum,
800 2077 1011 2131 utazdes
1062 2075 1155 2128 illa
1188 2084 1327 2129 vetus
1355 2071 1580 2127 Joannis
1622 2070 1873 2141 Baptista:

273 2191 463 2227 nomen
493 2170 686 2226 lsidori
716 2170 1067 2241 appellatione
1088 2169 1320 2221 mutarit.

348 2265 401 2318 9.
435 2263 551 2318 Huc
582 2260 760 2317 refero
782 2259 925 2331 quod
949 2258 1278 2314 architectus
1298 2257 1491 2311 Petrus
1517 2257 1584 2310 de
1614 2255 1724 2309 Deo
1754 2268 1871 2309 eam

276 2358 335 2413 8.
370 2356 556 2411 lsidori
600 2353 881 2410 ecclesiam
920 2350 1370 2421 superwdi/icasse
1398 2348 1593 2403 dicitur
1614 2348 1668 2401 in
1699 2346 1872 2417 epita-

278 2449 407 2520 phio
433 2446 703 2515 descripto
748 2459 778 2498 a
810 2442 970 2498 Risco
1001 2449 1133 2496 tom.
1170 2436 1360 2495 XXXV
1402 2437 1557 2508 Hisp.
1610 2454 1776 2503 sacr.,
1815 2454 1871 2506 p.

278 2542 403 2599 556.
434 2541 537 2596 Hic
566 2539 835 2611 requiescit
860 2537 1043 2627 Pegus
1072 2537 1133 2591 de
1163 2536 1293 2602 Deo,
1325 2537 1411 2607 qui
1440 2534 1876 2605 superwdiﬁcavit

280 2636 550 2691 ecclesiam
606 2633 759 2686 hanc.
814 2628 923 2685 Iste
947 2625 1210 2701 'fuudavit
1248 2634 1457 2698 pontem
1485 2626 1572 2697 qui
1600 2626 1787 2678 dicitur
1816 2625 1879 2678 de

282 2730 429 2786 Deus
473 2726 721 2782 tamben:
753 2733 805 2779 et
831 2724 955 2794 quia
1002 2731 1117 2775 erat
1160 2722 1237 2775 vir
1279 2720 1427 2774 mira:
1456 2717 1803 2779 abstinentiae,
1831 2726 1880 2769 et

276 2822 460 2883 multis
481 2821 700 2892 ﬂorebat
728 2815 1220 2889 miraculis,omnes
1248 2828 1365 2866 eum
1415 2808 1657 2864 laudibus
1684 2807 1880 2877 praedi-

282 2920 495 2974 cubant.
556 2913 801 2985 Sepultus
853 2918 930 2964 est
985 2909 1066 2961 hic
1094 2906 1158 2961 ob
1195 2908 1506 2977 imperatore
1545 2902 1809 2972 Adefouso
1836 2910 1885 2954 et

285 3008 488 3063 Saucia
508 3006 705 3076 regina.
746 3000 985 3057 Verbum
1012 2998 1217 3053 tamben
1265 3006 1347 3051 est
1377 3010 1476 3065 pro
1506 2996 1681 3057 etiam,
1731 3007 1873 3047 nunc

282 3098 576 3169 Hispanice
606 3096 851 3163 tambien,
875 3108 941 3149 ex
973 3092 1164 3147 Latino
1194 3100 1301 3144 tam
1323 3090 1469 3144 bene.

359 3189 448 3243 10.
482 3190 666 3259 Neque
695 3187 763 3241 ab
789 3186 894 3241 hoc
923 3185 1047 3241 loco
1078 3184 1311 3238 alienum
1343 3189 1426 3236 est
1468 3179 1609 3250 quod
1642 3179 1883 3234 Mariana

284 3282 382 3338 lib.
415 3298 470 3337 ιχ
498 3280 636 3335 Hist.
669 3278 846 3348 Hisp.,
866 3292 993 3355 cap.
1025 3276 1094 3342 5,
1126 3276 1194 3331 de
1224 3274 1532 3330 Elisabetha
1563 3273 1765 3328 Alfonsi
1819 3270 1883 3326 Vl
1914 3286 1962 3350 ρ

288 3389 481 3438 uxore,
504 3372 654 3443 prius
674 3370 837 3425 Zaida
859 3377 1191 3442 nuncupata,
1214 3375 1633 3423 commemorat:
1660 3364 1887 3420 Casildat

285 3466 542 3536 exemplo,
570 3466 675 3519 sive
701 3480 797 3517 sua
819 3470 1001 3533 sponte
1024 3462 1247 3515 incitata
1274 3458 1464 3523 Zaida,
1498 3458 1707 3511 lavacro
1737 3455 1887 3510 Chri-

287 3560 460 3613 stiano
506 3572 571 3610 ex
601 3564 777 3609 nostro
807 3569 947 3607 more
980 3552 1221 3615 lustrata,
1250 3552 1305 3604 in
1336 3549 1539 3621 Alfonsi
1572 3548 1707 3618 regis
1753 3563 1886 3617 nup-

291 3653 393 3703 tias
412 3655 527 3720 post
541 3647 735 3717 aliquot
758 3661 921 3698 annos
943 3644 1215 3698 concessit.
1243 3640 1520 3712 Prodigia,
1555 3656 1670 3710 qua:
1692 3637 1888 3693 lsidori

290 3741 495 3808 corpori
523 3738 847 3810 exportanda
870 3736 1145 3806 contigisse
1167 3735 1413 3788 divinitus
1442 3733 1598 3804 paulo
1630 3739 1750 3785 ante
1807 3730 1889 3783 di-

292 3818 433 3885 ctum
453 3838 550 3896 est,
579 3829 796 3883 multum
821 3825 1099 3881 contulisse
1117 3826 1227 3879 visa
1248 3833 1388 3890 sunt,
1406 3834 1462 3878 ut
1482 3827 1537 3878 in
1551 3822 1890 3892 suscipienda:

292 3920 887 3990 (ihristianwreligionis
916 3917 1232 3971 voluntatem
1269 3917 1421 3987 177
1452 3916 1774 3969 vehementer
1801 3916 1887 3967 in—

292 4017 569 4071 cumberet.
620 4014 848 4067 Accessit
887 4012 1166 4079 somnium,
1193 4011 1248 4064 in
1288 4026 1387 4083 quo
1421 4010 1593 4063 divum
1624 4006 1889 4062 Isidorum

292 4109 490 4163 uiderat
518 4108 575 4161 in
613 4113 833 4177 augusta
855 4104 1043 4175 specie,
1074 4102 1369 4177 blandaque
1396 4119 1533 4169 voce,
1563 4110 1748 4156 utrem
1776 4118 1889 4155 ma-

296 4206 513 4265 turaret,
543 4205 852 4262 monentem,
876 4202 981 4249 etc.
1007 4192 1137 4248 Filia
1162 4193 1278 4249 haec
1318 4201 1436 4249 erat
1462 4192 1719 4248 Benabeti
1747 4192 1889 4263 regis

291 4289 644 4361 Hispalensis,
700 4286 792 4359 qui
832 4301 1028 4357 corpus
1084 4284 1143 4342 S.
1194 4284 1386 4343 lsidori
1432 4286 1705 4357 exportari
1758 4301 1887 4342 con-

246 4442 256 4451 ,
293 4381 476 4437 cessit.

363 4474 450 4528 11.
496 4473 575 4527 Ad
620 4473 762 4529 hanc
800 4474 970 4543 ipsam
1000 4486 1114 4527 rem
1140 4469 1581 4539 conﬁrmandam,
1615 4471 1695 4527 uti
1724 4471 1888 4527 etiam

292 4568 358 4621 ad
403 4567 744 4637 posthumam
787 4563 979 4620 lsidori
1004 4564 1227 4633 gloriam
1277 4564 1737 4635 comprobandum
1765 4581 1891 4636 per-

1977 1983 2186 2049 niones,
2220 1980 2289 2037 de
2317 1981 2513 2050 quibus
2543 1980 2663 2036 vide
2684 1996 2805 2052 cap.
2828 1980 2864 2034 8
2884 1989 2941 2035 et
2967 1978 3020 2047 9,
3047 1980 3140 2035 ubi
3174 1979 3307 2035 Acta
3330 1979 3573 2034 transla-

1977 2074 2141 2129 tionis
2170 2072 2534 2144 exposuimus.
2561 2070 2663 2127 De
2692 2071 2795 2127 hoc
2834 2072 2953 2142 ipso
2990 2060 3576 2138 instrumento'Pagius

1978 2166 2044 2222 ad
2074 2165 2362 2222 Baronium
2395 2180 2538 2220 anno
2581 2163 2742 2229 1055,
2792 2179 2941 2219 num.
2974 2164 3063 2232 47,
3123 2179 3193 2220 ex
3241 2161 3572 2220 Sandovalio

1980 2260 2308 2316 mentionem
2341 2257 2486 2323 facit,
2537 2256 2625 2311 ubi
2655 2272 2896 2312 errorem
2926 2255 3145 2313 Baronii
3191 2256 3436 2326 corrigit,
3481 2257 3578 2326 qui

1981 2350 2387 2406 translationem
2418 2364 2562 2405 anno
2584 2347 2727 2403 1055
2745 2349 3148 2421 assignaverat:
3174 2349 3289 2420 ipse
3316 2363 3447 2404 vero
3478 2346 3581 2403 Pa-

1978 2445 2096 2514 gius
2125 2444 2382 2508 Albitum,
2414 2459 2510 2501 seu
2551 2442 2808 2509 Alvitum,
2838 2444 2931 2513 qui
2962 2444 3250 2514 episcopus
3276 2442 3581 2513 Legionen-

1980 2535 2055 2590 sis
2075 2542 2211 2598 erat,
2239 2543 2399 2589 vocat
2423 2533 2738 2604 episcopum
2762 2532 3152 2604 Hispalensem.
3194 2525 3257 2589 ιη’
3283 2534 3463 2588 verbis
3489 2549 3586 2588 au-

1985 2633 2092 2681 tem
2122 2641 2241 2695 qua:
2285 2642 2351 2681 ex
2385 2624 2603 2695 Pelagio
2644 2625 2898 2681 Ovetensi
2929 2627 2982 2681 in
3020 2627 3178 2698 178
3202 2626 3446 2681 eamdem
3470 2641 3584 2680 rem

1984 2716 2229 2786 prolcrt:
2267 2717 2370 2772 Iste
2408 2720 2672 2773 transtulit
2692 2735 2877 2789 corpus
2909 2718 2971 2773 S.
3002 2716 3203 2773 Isidori
3251 2720 3479 2790 episcopi
3519 2718 3585 2773 ab

1988 2808 2199 2878 Hispali
2238 2810 2509 2879 metrOpoli
2554 2811 2610 2862 in
2652 2811 2928 2880 Legionem
2955 2826 3046 2880 per
3070 2826 3255 2863 manus
3282 2810 3591 2880 pontiﬁcum

1987 2898 2159 2967 Aloyti
2190 2897 2552 2968 Legionensis,
2595 2909 2642 2953 et
2674 2900 2899 2954 Ordonii
2936 2901 3261 2955 Astoniensis
3288 2900 3588 2972 (corrigen-

1989 2990 2136 3054 dum,
2164 2988 2324 3044 Albiti
2354 2989 2708 3061 Legionensis,
2756 2993 2848 3062 qui
2879 2991 3084 3063 Hispali
3113 3002 3239 3048 ante
3280 2982 3589 3061 translatio-

1990 3096 2113 3136 nem
2161 3083 2437 3154 decessit),
2484 3093 2533 3138 et
2564 3081 2787 3140 Ordonii
2815 3086 3183 3154 Astoricensis,
3224 3086 3340 3142 sive
3382 3088 3592 3147 Asturi-

1992 3178 2180 3232 ceusis.
2583 3225 2589 3233 .

2067 3269 2153 3324 15.
2186 3269 2603 3327 lnstrumentum
2635 3272 2926 3328 secundum
2970 3274 3215 3329 continet
3260 3273 3394 3329 alias
3420 3272 3593 3328 dona-

1993 3364 2168 3419 tiones
2192 3366 2521 3420 monasterio
2566 3364 2886 3435 Legionensi
2919 3365 2976 3421 S.
3009 3365 3199 3422 lsidori
3229 3368 3417 3435 factas,
3446 3382 3589 3422 anno

1944 3458 1947 3461 ’
1989 3455 2153 3526 1148,
2198 3458 2265 3513 ab
2294 3457 2520 3516 Alfonso
2552 3460 3213 3532 imperatore‘Hispaniae.
3264 3462 3594 3517 lnstrumen-

1992 3556 2103 3603 tum
2162 3550 2379 3606 tertium
2429 3552 2649 3608 exhibet
2707 3553 3055 3609 donationem
3084 3570 3209 3625 qua,
3255 3568 3397 3609 anno
3428 3552 3590 3621 1159,

1989 3644 2360 3702 Ferdinandus
2387 3638 2487 3703 rei
2511 3645 2884 3719 Legionensis,
2915 3648 3128 3719 sepulto
3158 3663 3386 3719 corpore
3414 3648 3595 3707 amita:

1988 3751 2099 3792 sua:
2138 3737 2201 3792 D.
2232 3736 2443 3794 Sanciae
2466 3740 2520 3794 in
2548 3742 2880 3797 monasterio
2910 3740 2968 3796 8.
2998 3741 3210 3807 lsidori,
3241 3741 3462 3796 donavit
3490 3741 3590 3797 ab-

1989 3827 2099 3883 bati
2129 3828 2391 3897 ejusdem,
2424 3839 2481 3885 et
2518 3833 2726 3888 exteris
2763 3832 3071 3900 Canonicis,
3096 3834 3483 3890 monasterium
3530 3834 3590 3890 S.

1990 3915 2208 3971 Juliani.
2240 3918 2452 3986 Riscus,
2484 3920 2606 3975 eod.
2635 3929 2767 3976 tom.
2799 3920 3020 3977 XXXVI
3045 3922 3197 3995 Hisp.
3227 3939 3396 3987 sacr.,
3425 3932 3589 3980 tract.

1996 4010 2087 4075 72,
2117 4024 2237 4080 cap.
2268 4010 2323 4078 2,
2353 4010 2521 4067 refert
2548 4013 2784 4069 edictum
2826 4030 3013 4083 regum
3044 4017 3437 4073 catholicorum
3459 4016 3593 4071 Fer-

1991 4102 2209 4159 dinandi
2230 4112 2287 4159 et
2304 4102 2603 4173 Elisabeth,
2623 4122 2731 4177 quo
2748 4107 2939 4176 iubent
2958 4108 3239 4164 observari
3258 4117 3595 4179 prmeeptum

1992 4196 2059 4251 ab
2092 4196 2290 4251 abbate
2320 4199 2631 4255 monasterii
2674 4199 3021 4271 Legionensis
3065 4200 3123 4257 S.
3155 4200 3345 4258 lsidori
3374 4202 3472 4258 sub
3502 4217 3597 4257 ex-

1991 4289 2439 4346 comunicationis
2477 4306 2637 4362 poena
2666 4293 2853 4360 latum,
2884 4310 2952 4351 ne
2989 4294 3295 4365 juramenta
3326 4311 3425 4367 pro
3456 4296 3597 4351 veri-

1993 4390 2104 4437 tate
2147 4383 2375 4440 dicenda
2414 4384 2611 4443 ﬁerent
2648 4403 2812 4458 super
2832 4404 2958 4445 arca
2989 4405 3093 4460 qua
3119 4390 3459 4445 reconditum
3510 4398 3597 4444 est

1992 4489 2189 4546 corpus
2208 4475 2266 4532 S.
2297 4475 2518 4545 lsidori;
2538 4495 2663 4534 nam
2681 4480 2796 4536 haec
2828 4481 3134 4536 invaluerat
3155 4480 3516 4545 consuetudo,
3542 4490 3597 4536 et

1994 4568 2197 4639 opinio,
2244 4570 2391 4639 quod
2438 4571 2475 4625 ii
2526 4573 2617 4641 qui
2673 4573 2747 4627 ita
2790 4572 3117 4643 peierarent,
3156 4582 3280 4628 ante
3333 4588 3535 4629 annum
3564 4590 3596 4629 a

294 4661 467 4739 tinent
512 4659 663 4729 plura
716 4659 1071 4713 instrumenta
1101 4663 1309 4721 vetera,
1360 4656 1553 4724 quibus
1600 4658 1803 4712 mentio
1832 4655 1891 4711 ﬁt
1922 4687 1967 4746 ο
1996 4659 2233 4729 perjurio
2260 4675 2292 4715 e
2332 4660 2438 4715 vita
2465 4663 2824 4731 eriperentur.
2860 4662 3295 4717 Przetereundum
3325 4679 3457 4720 vero
3485 4683 3595 4723 non

290 4753 537 4824 corporis
566 4751 754 4806 lsidori
798 4749 1088 4819 Legionem
1141 4747 1412 4816 translati,
1442 4755 1535 4803 aut
1576 4748 1629 4802 in
1660 4763 1724 4803 ea
1753 4749 1887 4805 urbe

288 4842 541 4913 sepulcro
569 4840 786 4897 conditi.
821 4835 1211 4895 Tom.XXXV[
1231 4834 1378 4906 Hisp.
1403 4852 1563 4903 sacr.,
1598 4846 1721 4908 post
1750 4837 1886 4893 alias

290 4932 638 5003 appendices,
672 4930 1050 4986 describuntur
1090 4929 1443 4983 instrumenta
1474 4928 1541 4982 ad
1586 4929 1793 4999 insigne
1821 4926 1881 4984 S.

289 5025 482 5081 lsidori
510 5024 895 5080 monasterium
921 5020 1258 5090 Legionense
1285 5020 1606 5090 spectantia.
1638 5018 1877 5076 Primum

290 5126 373 5175 est
414 5118 520 5173 hoc
547 5115 743 5172 titulo:
796 5112 1165 5169 Ferdinandus
1211 5128 1325 5177 rex,
1356 5120 1405 5166 et
1452 5110 1647 5166 Saucia
1676 5114 1876 5184 regina,

293 5211 547 5266 translato
579 5225 792 5280 corpore
821 5207 883 5262 S.
918 5205 1115 5261 lsidori
1142 5205 1515 5276 archiepiscOpi
1547 5204 1595 5258 Η
1606 5207 1881 5277 ispalensis

290 5321 345 5356 in
391 5302 693 5374 Legionem,
731 5300 1051 5370 amplissime
1092 5308 1297 5362 ornant,
1333 5308 1382 5352 et
1419 5300 1587 5353 ditant
1627 5312 1885 5357 monaste-

292 5394 425 5447 rium
450 5393 512 5449 S.
542 5391 768 5447 Joannis
799 5390 1049 5461 Baptista:
1076 5406 1251 5445 coram
1292 5389 1522 5460 pluribus
1554 5394 1808 5464 episcopis
1835 5406 1885 5451 et

293 5486 645 5559 optimatibus,
680 5488 765 5557 qui
808 5484 876 5537 ad
917 5483 1307 5537 translationem
1337 5484 1701 5539 celebrandam
1730 5505 1881 5543 vene-

292 5590 446 5634 rant:
478 5594 545 5634 ex
573 5594 680 5649 quo
711 5592 880 5647 pauca
909 5576 1023 5632 haec
1050 5591 1278 5646 excerpo
1304 5594 1317 5631 :
1354 5575 1467 5632 Nos
1489 5579 1690 5651 indigni
1719 5592 1767 5635 et
1787 5599 1879 5636 ea:-

291 5674 396 5745 igui
426 5670 609 5743 famuli
635 5669 825 5724 Christi
850 5666 1231 5723 Fredenandus
1249 5685 1362 5735 rex,
1385 5668 1649 5725 etSancia
1681 5673 1881 5742 regina,

296 5765 508 5835 fecimus
533 5760 817 5816 trasladari
845 5776 1031 5831 corpus
1063 5758 1199 5813 beati
1222 5757 1418 5814 lsidori
1440 5760 1503 5815 de
1532 5765 1880 5834 metropolita-

294 5876 364 5913 na
392 5857 601 5931 Hispali
641 5874 731 5928 per
754 5872 953 5912 manus
993 5856 1368 5926 episcoporum,
1401 5860 1506 5913 sive
1533 5862 1881 5927 sacerdotum,

296 5952 433 6007 intra
474 5966 649 6007 muros
706 5949 947 6022 Legionis
984 5950 1206 6004 civitatis
1236 5958 1429 6006 nostrai
1468 5954 1522 6006 in
1561 5955 1777 6010 ecclesia
1819 5957 1877 6011 S.

1995 4759 2078 4806 est
2103 4750 2337 4821 diploma
2367 4750 2615 4822 Gregorii
2662 4751 2737 4806 IX
2775 4752 2841 4807 ad
2870 4753 3117 4808 abbatem
3164 4763 3219 4809 et
3263 4767 3597 4815 conventum
3652 4750 3672 4826 ’ζ

1996 4840 2053 4898 8.
2077 4841 2266 4899 lsidori
2290 4842 2640 4914 Legionensis
2659 4845 2801 4917 apud
2828 4845 3162 4918 Raynaldum
3185 4850 3251 4904 ad
3276 4866 3403 4905 ann.
3433 4852 3595 4921 1255,
3669 4836 3691 4919 ”ί

1994 4950 2119 4988 num
2150 4934 2257 4988 69:
2292 4936 2442 5001 Cum,
2491 4938 2625 4990 sicut
2652 4940 2963 5007 accepimus,
2992 4941 3047 4993 in
3072 4945 3388 4997 monasterio
3427 4957 3596 5001 vestro
3665 4946 3679 4950 ”

1992 5042 2175 5096 corpus
2202 5025 2266 5082 Β.
2311 5025 2504 5082 lsidori
2534 5030 2838 5100 requiescat,
2884 5048 3000 5099 nos,
3047 5036 3378 5090 considerata
3430 5040 3594 5109 ipsius

1989 5122 2089 5175 loci
2113 5123 2379 5193 religione,
2408 5140 2471 5177 ac
2517 5126 2741 5197 fratrum
2762 5126 2831 5181 ibi
2856 5131 3169 5184 morantium
3199 5131 3490 5201 honestate,
3520 5136 3586 5189 de

1992 5215 2255 5271 beatorum
2282 5217 2425 5273 Petri
2443 5228 2494 5273 et
2515 5218 2672 5275 Pauli
2690 5225 3001 5278 auctoritate
3022 5227 3225 5295 conﬁsi,
3251 5230 3486 5284 omnibus
3511 5230 3593 5284 de-

1992 5319 2103 5363 vote
2141 5310 2211 5363 ad
2240 5313 2609 5367 monasterium
2637 5316 2804 5385 ipsum
2837 5316 2920 5370 die
2964 5319 3255 5389 festivitatis
3284 5320 3347 5375 B.
3392 5320 3594 5377 lsidori

1994 5402 2311 5458 venientibus
2339 5406 2686 5477 quadraginta
2716 5408 2824 5462 dies
2855 5408 2919 5464 de
2942 5410 3177 5480 injuncta
3207 5412 3303 5465 sibi
3332 5415 3591 5482 poeniten-

1993 5495 2065 5547 tia
2094 5512 2187 5560 pro
2215 5498 2377 5567 ipsius
2398 5500 2569 5552 sancti
2591 5502 2874 5554 reverentia
2904 5502 3228 5557 reluxamns.
3260 5502 3455 5558 Datum
3486 5503 3592 5559 La-

1994 5596 2086 5641 ter.
2116 5604 2199 5641 xw
2234 5587 2356 5643 Kal.
2387 5590 2555 5657 Junii,
2585 5592 2821 5662 pontiﬁc.
2847 5596 3013 5648 nostri
3047 5612 3184 5648 anno
3214 5611 3304 5650 νιι.

2060 5679 2145 5734 Μ.
2176 5678 2308 5734 Cum
2360 5690 2541 5737 autem
2589 5683 2859 5741 Ordonius
2888 5686 3178 5755 episcopus
3222 5685 3591 5747 Asturicensis

1988 5789 2182 5842 corpus
2212 5773 2267 5828 S.
2300 5773 2487 5829 lsidori
2519 5774 2810 5844 Legionem
2855 5777 3242 5845 transtulisset,
3272 5794 3367 5834 rex
3397 5779 3589 5838 Ferdié

1989 5864 2199 5919 nandus
2232 5864 2347 5935 ipso
2377 5881 2521 5921 anno
2549 5866 2708 5933 1065,
2742 5868 2830 5923 die
2872 5867 2943 5920 22
2973 5866 3299 5935 Decembris,
3329 5870 3415 5927 die
3444 5872 3590 5928 Scili-

1990 5963 2076 6008 cet
2106 5954 2351 6023 sequenti
2402 5964 2684 6026 poStqumn
2743 5958 3020 6013 translatio
3069 5957 3337 6015 celebrata
3386 5946 3583 6028 fuerat,
