4048 6364
188 398 280 455 155

1182 320 1567 433 lSlDORIANA
1606 395 1673 408 -
1704 362 1882 422 rans
1920 364 1962 424 ι.
2001 364 2157 423 CAP.
2198 364 2368 422 xxx.

3332 365 3435 421 154

187 532 277 579 tur,
300 509 477 585 negari
496 505 789 563 existiment
811 500 1025 557 liberum
1045 494 1335 559 arbitrium,
1354 490 1474 545 hinc
1489 484 1755 585 aliquid...
1788 485 1837 543 Α
1863 483 2203 549 sententiam,
2234 489 2292 536 ut
2311 496 2371 537 re
2397 494 2522 536 vera
2540 479 2805 536 catholica
2848 488 2950 545 est,
2982 478 3235 535 errabant
3263 486 3445 536 tamen

184 575 394 664 scribere
448 600 641 655 curavi.
688 595 797 651 Sed
854 606 1014 663 quam
1057 584 1346 644 absurdum
1402 589 1485 637 est
1537 575 1760 635 credere

186 696 524 757 Cresconium
554 700 609 746 et
634 688 864 745 Felicem
893 681 1273 739 Adrumetinos
1295 674 1610 737 monachos,
1666 670 1760 739 qui

186 787 444 847 Valentini
477 784 684 841 abbatis
709 786 924 851 sumptu
953 784 1009 832 et
1057 789 1177 831 cum
1206 770 1325 841 ejus
1352 766 1548 853 litteris
1587 764 1761 831 Augu-

185 890 371 945 stinum
404 882 672 945 adierunt,
724 883 783 932 ut
810 875 878 929 de
905 869 1241 927 dissensione
1269 866 1322 920 in
1351 876 1539 920 eorum
1568 871 1759 915 mona-

184 978 343 1037 sterio
391 982 512 1031 orta
575 972 690 1041 ejus
745 965 1067 1024 sententiam
1116 958 1500 1029 exquirerent,
1558 958 1758 1009 statum

184 1067 489 1141 quastionis
517 1080 625 1121 non
654 1060 892 1134 potuisse
912 1067 1150 1124 congrue
1172 1061 1466 1121 exponere,
1490 1052 1548 1100 et
1572 1049 1758 1113 aperte

184 1136 371 1218 dixisse
408 1172 529 1215 esse
558 1153 818 1227 quosdam
860 1148 1152 1205 monachos
1175 1143 1268 1215 qui
1298 1142 1372 1197 ita
1411 1139 1507 1194 Dei
1529 1136 1758 1207 gratiam

183 1252 555 1327 praedicarent,
610 1255 667 1303 ut
698 1246 924 1301 liberum
957 1255 1080 1297 esse
1099 1234 1334 1294 hominis
1356 1231 1635 1288 arbitrium
1664 1242 1758 1283 ne-

183 1320 382 1415 garent,
436 1356 561 1396 cum
586 1351 772 1395 eorum
793 1333 975 1389 nullus
1021 1330 1096 1385 ita
1148 1325 1419 1383 errasset?
1468 1320 1759 1389 Fingamus

183 1448 351 1492 tamen
398 1443 513 1489 tam
532 1428 775 1502 stupidos
805 1441 903 1483 eos
927 1420 1223 1480 monachos
1259 1417 1441 1482 fuisse,
1473 1422 1633 1485 atque
1660 1425 1756 1467 eo-

132 1593 137 1602 .
182 1545 291 1585 rum
320 1527 571 1583 abbatem
602 1521 968 1586 Valentinum,
1020 1516 1113 1588 qui
1141 1513 1277 1569 alios
1306 1510 1489 1582 potius
1528 1506 1596 1563 ad
1643 1505 1758 1559 Au-

132 1606 138 1614 ’
182 1620 448 1690 gustinum
482 1632 588 1672 non
613 1614 834 1670 miserit.
882 1607 1209 1679 Augustinus
1246 1612 1392 1660 certe
1418 1616 1606 1659 eorum
1634 1614 1760 1655 nar-

137 1718 147 1778 1
184 1710 371 1765 rationi
403 1708 567 1764 fidem
616 1712 873 1777 praestare
923 1701 1126 1765 debuit,
1170 1705 1332 1767 atque
1383 1694 1521 1750 adeo
1567 1697 1759 1747 contra

182 1819 286 1870 eos,
334 1804 431 1874 qui
480 1801 709 1856 liberum
740 1797 970 1853 hominis
1016 1808 1137 1851 esse
1166 1791 1448 1847 arbitrium
1476 1793 1757 1856 negarent,

1863 583 2130 647 putantes,
2166 589 2228 629 ea
2265 573 2519 638 admissa,
2575 573 2880 629 libertatem
2911 570 3119 626 arbitrii
3166 585 3445 638 corruere,

1862 668 2003 738 quod
2052 676 2239 722 contra
2288 667 2455 737 ipsius
2496 664 2778 733 Augustini
2832 670 3069 719 mentem
3113 664 3446 719 tuebantur:

1860 760 1955 830 qui
2003 758 2464 815 Pnrdestinatiani
2512 773 2539 812 a
2575 756 2876 822 Gennadio,
2906 754 3196 812 Hincmaro
3238 764 3294 810 et
3330 754 3449 811 aliis

1860 851 1988 907 dicti
2015 861 2159 906 sunt.
2211 850 2314 905 Alii
2342 849 2573 919 denique
2619 848 2963 905 concordiam
2993 847 3177 917 gratiae
3206 855 3262 901 et
3290 830 3447 903 liberi

1860 946 2066 1002 arbitrii
2096 962 2163 1001 ex
2192 945 2472 1015 Augustini
2521 943 2669 999 libris
2697 951 2751 998 et
2791 942 3036 998 doctrina
3064 940 3444 997 defendebant.

1860 1039 2460 1095 Prtedestinatianorum
2509 1038 2752 1094 hteresim
2804 1037 2964 1108 paulo
3019 1044 3141 1108 post
3193 1036 3247 1091 in
3275 1033 3448 1090 Gallia

1860 1141 2106 1189 exortam
2150 1131 2313 1185 fuisse
2363 1131 2517 1186 testis
2565 1140 2644 1186 est
2690 1128 3013 1185 Hincmarus
3064 1130 3117 1184 in
3171 1127 3332 1198 epist.
3382 1124 3451 1181 ad

1860 1226 2136 1283 Nicolaum
2168 1240 2360 1295 papam
2391 1242 2404 1278 :
2439 1224 2519 1279 Ex
2545 1226 2699 1278 veteri
2735 1224 2916 1279 hteresi
2947 1221 3448 1282 Praedestinatiana,

1860 1338 1975 1394 qua:
1998 1322 2219 1392 primum
2253 1321 2307 1374 in
2334 1321 2535 1391 Africa,
2593 1328 2641 1373 et
2686 1328 2864 1390 postea
2905 1320 2959 1372 in
2990 1316 3164 1372 Gallia
3193 1331 3286 1387 per
3314 1315 3452 1369 idem

1863 1425 2059 1486 tempus
2107 1414 2313 1488 quando
2360 1424 2408 1468 et
2438 1411 2757 1467 Nestoriana
2796 1413 3007 1468 ltwresis
3053 1419 3130 1466 est
3171 1418 3373 1473 exorta,
3405 1415 3454 1463 et

1868 1511 2028 1582 188
2058 1508 2368 1580 temporibus
2395 1506 2654 1560 Caelestiui
2679 1522 2849 1575 papw,
2877 1506 3040 1575 ipsius
3072 1503 3377 1557 auctoritate
3405 1508 3456 1555 et

1860 1603 2106 1656 instinctu
2151 1610 2225 1654 est
2256 1600 2502 1653 revincta.
2555 1595 2848 1651 Contendit
2904 1594 3104 1649 Natalis
3153 1593 3458 1649 Alexander

1863 1692 2469 1749 Prtedestinatianorum
2546 1687 2792 1744 hmresim
2859 1687 2911 1741 in
2969 1685 3155 1740 Galliis
3210 1693 3458 1755 tempore

1864 1784 2138 1842 Coelestini
2184 1784 2205 1839 Ι
2248 1782 2475 1838 Romani
2522 1780 2793 1853 pontificis
2838 1794 2945 1834 non
2995 1777 3293 1834 emersisse.
3349 1773 3459 1833 Sed

180 1869 429 1955 scribere.
462 1898 529 1950 At
550 1894 850 1965 suspicatus
870 1902 970 1957 est,
1019 1888 1214 1959 inquis,
1281 1898 1470 1941 eorum
1491 1880 1759 1938 narratio-
1789 1877 1841 1939 Β
1868 1896 1974 1936 non
2023 1879 2179 1934 aliter
2225 1892 2344 1933 sese
2386 1892 2415 1931 a
2462 1874 2867 1931 difﬁcultatibus
2918 1870 3143 1941 objectis
3191 1869 3455 1935 extricat,

183 2004 298 2045 nem
322 2005 431 2045 non
465 2003 586 2045 esse
616 2002 818 2042 veram.
845 1984 952 2039 Cur
980 1982 1033 2036 id
1062 1980 1362 2051 suspicatus
1382 1976 1579 2034 fuerit?
1625 1971 1762 2029 Con-

182 2090 298 2146 stat,
329 2096 580 2151 repones,
614 2080 685 2133 ita
707 2077 1034 2147 suspicatum
1058 2074 1240 2139 fuisse,
1273 2069 1526 2142 quoniam
1557 2066 1763 2136 disjun-

182 2174 298 2226 etim
319 2183 372 2228 et
400 2172 495 2227 sub
548 2170 702 2225 dubio
730 2168 983 2238 loquitur.
1032 2165 1268 2220 Primum
1318 2162 1369 2216 in
1415 2158 1642 2231 epistola
1695 2155 1764 2211 ad

184 2263 519 2318 Valentinum
546 2278 652 2316 non
674 2259 1009 2328 disjunctim,
1042 2272 1139 2311 nec
1164 2254 1264 2310 sub
1290 2252 1453 2308 dubio
1486 2250 1763 2320 loquitur:

187 2351 346 2407 Nobis
400 2353 683 2407 retulerunt
730 2349 1098 2405 monasterium
1128 2354 1348 2401 vestrum
1375 2341 1629 2398 nonnulla
1656 2340 1766 2395 dis-

183 2447 416 2501 sensione
446 2443 705 2499 turbatum
727 2460 855 2505 esse,
915 2458 975 2496 eo
1016 2441 1152 2513 quod
1170 2439 1379 2509 quidam
1428 2438 1481 2490 in
1520 2435 1659 2489 vobis
1686 2448 1765 2490 δια

183 2553 414 2593 GRATIAM
443 2552 778 2603 ramoraum,
834 2535 986 2605 187
1031 2548 1099 2587 ur
1140 2547 1351 2587 nucem
1398 2542 1609 2584 uourms
1643 2541 1766 2582 esse

183 2647 407 2687 LIBEBUI
434 2647 749 2697 Αιωιτιιιυκ,
791 2638 858 2696 et,
910 2628 1045 2700 quod
1072 2628 1275 2697 gravius
1301 2633 1399 2690 est,
1431 2624 1603 2677 dicant
1634 2619 1770 2693 quod

180 2724 231 2778 in
274 2726 359 2779 die
388 2725 577 2795 judicii
632 2740 733 2777 non
769 2724 836 2776 sit
881 2722 957 2775 vel
1002 2719 1297 2774 redditurus
1333 2716 1467 2769 Deus
1496 2714 1770 2783 unicuique

181 2818 462 2872 secundum
500 2832 658 2883 opera
688 2815 820 2883 ejus.
1188 2866 1205 2874 ί

248 2908 299 2960 7.
355 2907 515 2974 Quod
563 2920 692 2975 ergo
742 2919 862 2974 cap.
911 2903 937 2956 1
987 2902 1107 2957 libri
1156 2901 1224 2955 de
1268 2897 1453 2953 Gratia
1494 2905 1549 2951 et
1597 2895 1769 2951 libero

178 2999 416 3053 Arbitrio
446 2997 755 3067 disjunctim
805 2994 1129 3063 Augustinus
1166 2991 1421 3062 loquitur,
1468 3003 1573 3042 non
1598 2985 1774 3055 arguit

179 3107 302 3147 eum
348 3092 622 3146 dubitasse
676 3105 743 3144 an
800 3088 930 3143 falsa
976 3093 1119 3140 esset
1156 3080 1431 3138 Cresconii
1480 3088 1536 3134 et
1580 3076 1774 3133 Felicis

185 3185 458 3249 narratio;
490 3185 583 3239 sed
631 3183 869 3238 voluisse
897 3180 1086 3236 eadem
1139 3193 1305 3250 opera
1349 3176 1625 3232 confutare
1658 3180 1771 3226 tum

1864 1974 1965 2030 nisi
1998 1981 2056 2027 ut
2093 1973 2250 2027 tidem
2280 1978 2409 2025 tunc
2434 1969 2747 2035 Hincmaro,
2773 1977 2900 2022 tunc
2928 1964 3139 2020 auctori
3170 1962 3459 2019 Praedestie

1866 2067 2000 2129 nati,
2054 2080 2085 2119 a
2122 2062 2411 2119 Sirmondo
2459 2059 2693 2130 vulgati,
2744 2066 2922 2129 neget.
2965 2055 3229 2112 Concedit
3278 2062 3459 2110 tamen

1867 2173 1976 2215 non
1996 2155 2162 2211 fuisse
2185 2155 2554 2226 imaginariam
2572 2150 3172 2207 Praedestinatianorum
3189 2146 3458 2212 haeresim,

1866 2248 2112 2321 quamvis
2146 2246 2405 2315 plurimos
2432 2260 2543 2300 non
2576 2242 2827 2298 habuerit
2855 2247 3178 2307 sectatores,
3207 2245 3264 2293 et
3300 2237 3461 2293 Luci-

1866 2343 1994 2399 dum
2061 2340 2435 2412 presbyterum
2512 2331 3151 2392 Prtedestinatianorum'
3189 2330 3463 2387 erroribus

1868 2432 2180 2499 adhaesisse,
2208 2431 2300 2502 qui
2349 2430 2403 2485 in
2448 2427 2680 2485 concilio
2709 2425 3013 2481 Araletensi
3056 2440 3133 2489 ιιι,
3167 2432 3221 2479 et
3250 2420 3462 2491 Lugdu-

1869 2528 2024 2585 nensi
2058 2526 2256 2582 saeculo
2285 2539 2337 2590 ν,
2363 2521 2602 2578 damnati
2642 2527 2787 2575 sunt.
2818 2516 3103 2573 Concludit
3123 2525 3459 2588 gyrovagum‘,

1870 2619 2234 2682 turbulentum,
2284 2625 2334 2670 et
2378 2625 2675 2670 novatorem
2720 2609 3025 2667 monachum
3071 2605 3463 2663 Gothescalcum

1870 2712 2068 2769 saeculo
2116 2728 2173 2766 ιι
2226 2709 2472 2765 haeresim
2502 2705 3102 2763 Praedestinatianorum
3147 2700 3459 2756 suscitasse.

1942 2811 1995 2865 9.
2030 2809 2251 2865 Omissis
2289 2810 2449 2879 igitur
2474 2808 2679 2863 cavillis
2706 2804 3155 2867 Jansenistarum,
3194 2800 3283 2869 qui
3314 2814 3448 2855 con-

1873 2904 2103 2961 tendunt
2142 2916 2301 2957 veros
2343 2901 2401 2957 S.
2432 2899 2714 2969 Augustini
2742 2895 3132 2966 discipulos‘ab
3161 2892 3455 2947 Hincmaro

1874 3009 1931 3054 et
1980 2997 2100 3052 aliis
2140 3005 2364 3052 vocatos
2400 2994 2565 3052 fuisse
2601 2992 3133 3058 Praedestinatianos,
3186 2988 3461 3045 sustinen-

1877 3093 2003 3147 dum
2033 3098 2116 3146 est
2138 3100 2194 3144 et
2218 3087 2414 3144 saeculo
2441 3104 2475 3142 v
2504 3088 2560 3142 in
2589 3086 2761 3142 Gallia
2804 3085 3032 3154 aliquos,
3065 3081 3311 3153 quamvis
3352 3079 3464 3135 for-

1878 3189 2021 3238 tasse
2075 3195 2182 3235 non
2237 3179 2455 3243 multos,
2496 3177 2741 3233 haeresim
2786 3174 3314 3233 Prtedestinatianam
3360 3172 3461 3227 do—

187 3275 390 3347 eosqui
418 3276 492 3330 ita
515 3274 742 3344 gratiam
772 3272 866 3327 Dei
893 3272 1182 3343 prazdicant
1220 3277 1280 3324 ut
1328 3274 1525 3338 negent
1545 3266 1769 3320 liberum

1877 3275 2075 3342 cuisse,
2102 3281 2157 3328 et
2205 3272 2399 3327 saeculo
2438 3287 2489 3326 ix
2541 3269 2954 3326 Gothescalcum
3008 3267 3254 3324 eamdem
3297 3281 3461 3322 reno-

193 3368 420 3425 hominis
449 3382 567 3424 esse
595 3366 892 3431 arbitrium,
927 3372 1040 3419 tum
1064 3378 1159 3421 eos
1180 3362 1273 3433 qui
1300 3367 1495 3432 putant
1537 3357 1768 3414 liberum

195 3466 465 3521 arbitrium
514 3463 721 3534 negari,
750 3478 872 3518 cum
900 3460 1071 3532 gratia
1112 3459 1209 3514 Dei
1243 3455 1570 3523 defenditur,
1603 3462 1661 3509 ut
1703 3452 1771 3508 ab

196 3554 486 3626 Augustino
524 3554 933 3621 defendebatur,
964 3553 1078 3608 sive
1125 3549 1226 3621 ipsi
1273 3549 1415 3604 hanc
1452 3544 1771 3602 defendendi

194 3647 447 3702 rationem
472 3646 720 3717 probent,
745 3645 859 3700 sive
884 3658 1058 3699 secus.
1084 3640 1303 3706 Deinde,
1337 3638 1547 3695 etiamsi
1578 3637 1771 3693 admit-

196 3746 304 3794 tere
350 3739 583 3795 velimus
653 3737 1006 3807 Augustinum
1054 3734 1329 3790 dubitasse
1383 3748 1452 3787 an
1520 3730 1772 3786 monachi

198 3831 523 3889 Adrumetini
572 3839 829 3902 negarent
874 3831 1100 3887 liberum
1149 3828 1450 3891 arbitrium,
1480 3843 1548 3882 an
1600 3827 1773 3883 solum

195 3932 431 3993 putarent
484 3927 720 3982 liberum
764 3925 1049 3980 arbitrium
1092 3922 1275 3993 negari
1319 3938 1440 3978 cum
1482 3922 1653 3989 gratia
1680 3920 1775 3977 Dei

197 4011 509 4082 defenditur,
552 4017 773 4072 omnino
796 4026 974 4071 tamen
994 4015 1268 4071 fatendum
1289 4021 1373 4068 est
1396 4012 1772 4081 Augustinum,

199 4112 252 4159 ut
284 4107 639 4163 dubitationis
658 4123 769 4163 sute
797 4116 1079 4177 utramque
1116 4115 1323 4178 partem
1353 4103 1776 4175 comprehende-

199 4208 308 4266 ret,
352 4202 555 4258 librum
597 4203 666 4257 de
703 4200 884 4257 Gratia
931 4210 986 4257 et
1027 4202 1198 4258 libero
1240 4200 1476 4257 Arbitrio
1498 4199 1777 4270 scripsisse

201 4297 299 4347 tum
328 4303 524 4350 contra
565 4308 659 4350 eos
684 4294 773 4363 qui
824 4295 896 4349 ita
924 4293 1019 4349 Dei
1054 4296 1279 4365 gratiam
1320 4293 1675 4363 praedicarent
1715 4300 1776 4350 ut

201 4393 439 4451 negarent
457 4385 697 4440 liberum
721 4385 950 4441 hominis
972 4401 1091 4441 esse
1118 4387 1421 4455 arbitrium,
1444 4394 1558 4442 tum
1584 4395 1773 4444 contra

200 4484 284 4527 eos
308 4475 396 4543 qui
436 4482 711 4547 putarent
759 4475 984 4531 liberum
1015 4477 1249 4533 hominis
1284 4477 1560 4533 arbitrium
1592 4478 1775 4547 negari

204 4576 313 4619 cum
338 4568 502 4636 gratia
552 4566 650 4622 Dei
676 4566 994 4623 defenditur.
1028 4567 1373 4638 Ecquodnam
1419 4570 1579 4639 igitur
1617 4585 1774 4640 argu-

210 4664 429 4713 mentum
500 4657 741 4730 profers,
798 4668 856 4714 ut
919 4660 972 4714 iu
1040 4663 1367 4718 monasterio
1424 4663 1775 4722 Adrumetino

213 4742 701 4807 Praidestinatianos
757 4751 919 4808 fuisse
958 4762 1268 4809 constanter
1315 4757 1523 4825 neges?
1552 4757 1775 4815 Cresco-

212 4836 318 4892 nius
345 4849 397 4895 et
421 4841 594 4910 Felix,
624 4843 870 4898 monachi
896 4842 1251 4911 Adrumetini,
1269 4844 1777 4906 Praedestinatianos

214 4926 260 4981 in
286 4946 377 4986 suo
412 4933 740 4989 monasterio
771 4932 935 4989 fuisse
973 4934 1202 5005 ingenue
1241 4934 1494 4993 fatentur.
1541 4940 1619 4996 Ex
1668 4940 1777 4998 Au-

215 5019 407 5084 gustino
451 5023 625 5078 solum
662 5022 914 5093 colligere
965 5022 1201 5093 laboras,
1228 5041 1350 5082 eum
1396 5027 1669 5086 dubitasse
1710 5047 1777 5088 an

219 5107 284 5210 illi
305 5111 406 5168 duo
444 5113 696 5171 monachi
721 5122 923 5171 statum
949 5117 1259 5186 quaestionis
1286 5118 1562 5189 explicare
1604 5120 1776 5178 scive-

219 5210 331 5255 rint.

283 5315 331 5371 8.
358 5319 539 5391 Itaque
572 5323 627 5378 in
650 5323 929 5394 Augustini
958 5326 1169 5397 scriptis
1209 5327 1479 5403 Pelagiani
1523 5345 1586 5386 ac
1606 5330 1779 5388 Semi.

222 5408 463 5513 pelagiani
492 5416 789 5472 doctrinam
818 5418 888 5473 de
930 5420 1101 5487 gratia
1144 5421 1265 5477 ideo
1292 5422 1777 5493 reprehendebant,

223 5509 334 5566 quia
368 5520 483 5561 eam
512 5524 633 5563 cum
662 5509 832 5565 libero
863 5511 1111 5578 arbitrio,
1143 5514 1286 5585 quod
1334 5515 1435 5585 ipsi
1470 5531 1779 5589 propugna-

225 5592 359 5665 bant,
388 5601 656 5659 cohzerere
694 5620 851 5675 posse
880 5607 1169 5675 negabant.
1202 5607 1304 5663 Alii
1331 5616 1519 5666 contra
1566 5614 1639 5667 ita
1683 5612 1783 5669 do-

225 5686 432 5745 ctrinam
462 5692 700 5762 ejusdem
739 5696 1019 5767 Augustini
1048 5698 1114 5755 de
1142 5701 1311 5770 gratia
1350 5702 1782 5773 interpretaban-

227 5783 306 5834 ιω·
328 5788 381 5838 et
403 5785 725 5853 retinebant,
753 5797 815 5845 ut
852 5790 1011 5846 simul
1051 5792 1278 5850 liberum
1309 5795 1587 5854 arbitrium
1617 5812 1784 5870 nega-

228 5871 337 5928 rent
379 5891 395 5930 :
442 5891 567 5935 nam
615 5895 741 5969 eum
797 5882 1118 5940 catholicam
1174 5886 1457 5947 crederent
1501 5891 1783 5964 Angustini

1805 4642 1858 4705 D

1874 3384 2050 3424 vasse.
2080 3366 2195 3423 Hoc
2223 3374 2403 3422 autem
2425 3372 2546 3421 erat
2583 3364 2815 3436 primum
2855 3360 3459 3419 Prtedestinatianorum

1874 3463 2090 3535 dogma,
2123 3468 2181 3516 ut
2226 3461 2393 3517 refert
2437 3458 2760 3515 ﬂincmarus
2803 3458 2858 3512 in
2894 3457 3055 3528 epist.
3086 3454 3154 3511 ad
3182 3452 3458 3510 Nicolaum

1874 3570 2069 3627 papam
2101 3571 2114 3608 :
2142 3553 2292 3621 Quod
2314 3554 2446 3607 sicut
2466 3551 2607 3606 Deus
2636 3550 2887 3623 quosdam
2912 3549 2982 3603 ad
3005 3550 3163 3604 vitam
3192 3555 3465 3615 aeternam,

1872 3650 1949 3703 ita
1992 3646 2241 3719 quosdam
2287 3644 2672 3714 praedestinavit
2732 3643 2801 3696 ad
2854 3649 3091 3697 mortem.
3140 3636 3275 3694 Cum
3333 3650 3464 3705 ergo

1875 3740 2187 3803 Hincmaro,
2216 3735 2725 3792 Praedestinatianos
2746 3731 3111 3801 redarguenti,
3135 3729 3463 3798 objiceretur

1875 3830 2066 3887 lsidori
2124 3829 2390 3884 sententia
2440 3845 2452 3880 :
2505 3824 2722 3881 Gemina
2777 3833 2854 3879 est
2903 3822 3314 3894 prwdestiuatio,
3362 3822 3464 3874 sive

1876 3922 2149 3976 electorum
2200 3920 2269 3973 ad
2311 3919 2555 3991 requiem,
2587 3920 2692 3972 sive
2730 3916 3063 3988 reproborum
3110 3916 3178 3969 ad
3207 3922 3423 3969 mortem
3445 3954 3462 3979 ,

1877 4030 1987 4069 non
2031 4013 2190 4067 aliam
2240 4010 2740 4080 interpretationem
2789 4008 3044 4063 adbibere
3090 4007 3313 4069 curavit,
3358 4005 3461 4059 nisi

1876 4104 2021 4175 quod
2050 4103 2278 4159 fortasse
2325 4100 2561 4157 Isidorus
2600 4101 2652 4155 in
2683 4099 2783 4154 hac
2826 4098 3089 4155 sententia
3128 4098 3195 4154 de
3223 4096 3464 4175 reliquiis

1877 4203 2154 4260 Gallorum
2183 4202 2237 4258 in
2264 4200 2536 4273 Hispaniis
2558 4206 2911 4257 remanserat.

1951 4317 2037 4373 10.
2061 4314 2170 4371 Sed
2194 4330 2315 4371 cum
2345 4313 2489 4369 nulla
2519 4313 2736 4370 aliunde
2763 4312 2987 4384 vestigia
3016 4320 3311 4383 appareant
3352 4310 3453 4365 hac-

1875 4409 2011 4466 resis
2039 4407 2527 4464 Praedestinatiante
2548 4407 2602 4462 in
2633 4405 2925 4477 Hispaniis,
2957 4420 3055 4475 per
3092 4403 3467 4461 successiones

1878 4500 2153 4556 Gallorum
2206 4506 2301 4553 aut
2346 4498 2454 4553 alio
2484 4497 2649 4554 modo
2700 4497 2945 4562 invectae,
2999 4495 3241 4565 oportuit
3284 4494 3466 4564 potius

1879 4595 2185 4667 diligentius
2230 4594 2282 4648 in
2323 4591 2511 4649 Isidori
2542 4599 2777 4648 mentem
2820 4589 3194 4659 introspicere,
3243 4587 3467 4656 ejusque

1883 4690 1987 4745 hoc
2031 4688 2085 4743 in
2112 4689 2232 4743 loco
2280 4686 2601 4743 sententiam
2646 4700 2768 4739 cum
2812 4683 2931 4739 aliis
2958 4680 3199 4752 ejusdem
3240 4694 3466 4751 compo-

1883 4800 2033 4852 nere,
2064 4792 2122 4838 ut
2148 4798 2305 4839 verus
2334 4797 2524 4840 sensus
2566 4786 2869 4836 erueretur.
2899 4778 3096 4833 Notum
3124 4785 3226 4843 est,
3257 4774 3404 4847 quod
3432 4789 3465 4831 a

1883 4874 2329 4947 Semipelagianis
2354 4873 2412 4929 S.
2445 4870 2741 4941 Augustino
2761 4868 3003 4939 quaedam
3032 4866 3221 4922 similis
3248 4872 3467 4921 senten-

1885 4970 1959 5024 tia
1986 4968 2148 5023 veluti
2185 4967 2239 5021 in
2269 4966 2388 5036 ejus
2415 4963 2631 5035 scriptis
2655 4961 2874 5018 defensa
2904 4959 3277 5029 objiciebatur.
3310 4956 3467 5028 Apud

1885 5061 1945 5118 S.
1975 5061 2297 5130 Prosperum
2344 5059 2484 5113 inter
2512 5054 2841 5125 objectiones
2867 5052 3145 5107 Gallorum
3175 5049 3466 5122 capitulum

1883 5154 2113 5226 primum
2164 5158 2295 5206 est:
2353 5148 2501 5215 Quod
2537 5165 2603 5203 ea:
2654 5146 3109 5219 prtzdestinatione
3154 5142 3276 5213 Dei,
3332 5143 3467 5198 velut

1884 5248 2037 5321 fatali
2057 5247 2379 5311 necessitate,
2411 5244 2643 5299 homines
2671 5242 2741 5296 ad
2760 5236 2970 5296 peccata
2996 5238 3246 5309 compulsi
3274 5252 3469 5309 cogan-

1884 5348 1969 5394 tur
2011 5339 2067 5393 in
2116 5346 2353 5393 mortem.
2395 5335 2703 5408 Capitulum
2749 5349 2950 5390 nonum
3002 5331 3278 5388 Gallorum
3340 5336 3464 5385 est:

1886 5431 2039 5498 Quod
2064 5448 2156 5501 per
2182 5430 2465 5501 potentiam
2487 5426 2626 5483 Deus
2665 5427 2898 5483 homines
2927 5426 2994 5479 ad
3015 5433 3224 5494 peccata
3245 5420 3468 5492 compel-

1884 5525 1977 5580 tat.
2005 5522 2063 5578 S.
2096 5520 2408 5591 Fulgentius
2468 5520 2523 5576 in
2571 5519 2729 5591 epist.
2779 5518 2847 5573 ad
2898 5515 3191 5572 Monimum
3238 5526 3359 5582 cap.
3397 5509 3469 5565 50

1884 5615 2129 5673 eamdem
2175 5614 2554 5683 objectionem,
2596 5626 2628 5667 a
2677 5610 3096 5666 Massiliensibus
3141 5614 3331 5662 contra
3357 5604 3469 5660 Au-

1884 5709 2154 5780 gustinum
2182 5706 2537 5779 propositam,
2560 5711 2932 5778 repraesentat,
2963 5699 3228 5771 simulque
3283 5697 3469 5768 Augu-

1882 5804 2009 5860 stini
2057 5810 2290 5858 mentem
2330 5802 2565 5873 explicat
2610 5819 2624 5856 :
2665 5798 2791 5856 Non
2840 5806 3009 5852 autem
3048 5796 3281 5867 ignoras,
3312 5792 3467 5847 etiam

1884 5896 2144 5963 praterito
2197 5898 2423 5968 tenipore
2475 5894 2554 5951 illi
2607 5890 3008 5951 luculentissima
3074 5889 3137 5946 ελ
3194 5884 3467 5960 Augustini
