4048 6364
177 357 276 413 157

1171 353 1559 420 ISIDORIANA
1598 386 1664 396 —-
1707 355 1882 416 PARS
1921 357 1958 414 1.
2002 359 2155 426 CAP.
2195 359 2363 428 XXX.

3343 363 3444 426 1ῗ⁵8

172 473 378 534 Codieis
407 473 664 529 elenchos
708 470 1090 530 auctoritatum
1118 486 1214 550 pro
1251 471 1569 525 stabilienda
1610 486 1735 526 sen-
1774 477 1814 532 Α
1847 489 1985 544 mus,
2038 476 2152 532 sive
2181 474 2526 554 Ratramnus,
2556 490 2663 560 quo
2710 475 2948 542 secundo
2989 476 3208 556 nomine
3251 480 3434 544 nmini-

175 565 360 638 tentia,
389 563 571 620 italice
617 563 802 636 incipit
836 584 848 618 :
884 563 1056 619 Felice
1104 580 1130 617 e
1182 562 1348 616 beato.
1390 559 1496 615 Sed
1547 563 1753 634 prcede-

173 655 391 713 stinatio
419 664 543 720 ante
571 655 792 728 praevisa
815 657 1028 734 merita,
1053 665 1110 708 ut
1137 652 1432 724 Augustino
1454 666 1754 722 congruen-

173 749 278 804 tior
308 755 409 812 est,
435 747 508 803 ita
530 748 691 802 etiam
722 747 862 802 inter
891 745 1168 815 theologos
1199 743 1559 820 communior,
1591 751 1646 800 et
1687 745 1754 798 ad

174 839 416 908 exposita
443 836 631 893 lsidori
659 837 824 892 verba
853 835 1339 892 accommodatior.

242 929 330 985 14.
356 927 435 983 Ex
462 928 546 984 his
571 928 796 997 aliisque
825 927 1127 995 huiusmodi
1151 925 1473 984 Hincmarus
1503 927 1755 997 colligere

173 1020 362 1090 potuit,
394 1033 503 1074 non
548 1033 613 1074 ex
655 1017 898 1088 reliquiis
923 1015 1199 1072 Gallorum
1246 1017 1756 1082 Prmdestinatiano-

171 1127 305 1176 rum,
356 1109 451 1166 sed
481 1125 552 1166 ex
578 1107 854 1178 Augustini
886 1107 1235 1180 Gregoriique
1266 1107 1442 1189 Magni
1481 1110 1628 1168 libris
1660 1111 1757 1170 lsi?

169 1204 356 1260 dorum
390 1202 912 1276 prmdestinationem
944 1202 1298 1270 reproborum
1324 1200 1389 1256 ad
1423 1218 1632 1272 poenam
1660 1203 1756 1258 do-

172 1295 372 1361 cttisse,
413 1301 638 1365 accepto
683 1293 1151 1364 praedestinationis
1189 1293 1454 1349 vocabulo
1506 1293 1558 1349 in
1597 1311 1755 1360 sensu

171 1383 398 1454 quodam
422 1399 577 1449 vero,
614 1399 718 1438 non
748 1392 929 1439 tamen
961 1385 1011 1438 in
1047 1399 1206 1438 sensu
1239 1385 1409 1462 magis
1455 1387 1674 1466 proprio
1704 1397 1759 1448 et

172 1477 386 1531 usitato.
418 1475 754 1531 Sententiam
806 1484 859 1529 et
886 1475 1048 1531 verba
1091 1475 1200 1547 ipsa
1253 1473 1445 1536 Isidori
1494 1479 1759 1550 approbat

170 1565 438 1622 Honorius
470 1565 968 1638 Augustodunensis
1009 1565 1074 1622 de
1103 1565 1272 1622 libero
1304 1565 1503 1622 Arbitr.
1535 1551 1678 1623 tom.
1714 1567 1756 1623 ii

174 1657 330 1714 Thes.
373 1643 581 1714 Anecd.
639 1656 804 1722 Pczii,
836 1659 924 1713 ubi
975 1658 1153 1731 plures
1201 1658 1419 1723 Patrum
1466 1661 1759 1716 sententias

169 1751 385 1818 colligit,
438 1752 734 1822 praesertim
780 1749 988 1805 lsidori.
1041 1748 1218 1804 Prima
1266 1753 1531 1806 sententia
1563 1771 1575 1806 :
1609 1751 1760 1807 Arbi-

1859 577 1961 632 cst,
2003 567 2200 622 ssecuio
2242 583 2294 620 tx
2321 563 2519 629 ﬂoruit,
2555 564 2687 621 Cum
2733 576 2911 624 autem
2945 566 3106 631 verba
3147 567 3213 621 de
3243 566 3445 629 Eur-in-

1857 658 2004 713 ristia
2034 676 2101 713 cx
2127 656 2332 723 Isidoro
2363 657 2429 712 ab
2462 658 2578 740 ipso
2604 657 2834 718 adducta
2866 675 2972 714 non
3003 658 3175 727 solum
3226 677 3365 722 nunc
3399 660 3448 722 iu

1859 749 2016 805 editis
2057 764 2163 804 non
2194 757 2564 820 compareant,
2616 745 2710 804 sed
2748 751 2968 804 omnino
3005 765 3036 814 a
3082 766 3211 814 mss.
3242 748 3452 814 (ΖοιΗςὶ-

1859 838 1992 902 bus,
2050 839 2213 900 etiam
2270 837 2552 900 Bcrtramo
2605 839 3034 918 antiquioribus,
3092 839 3298 908 absint,
3356 856 3454 902 cur

1858 924 2189 996 Bingltamus
2236 926 2463 982 ﬁdenter
2504 929 2716 994 asserit.
2773 946 2837 983 ex
2882 927 3070 984 fraude
3111 930 3341 1000 quadam
3388 945 3451 984 ea

1857 1021 2022 1074 verba
2054 1019 2273 1092 proprio
2303 1035 2402 1075 suo
2431 1021 2555 1088 ioco
2588 1038 2693 1076 non
2736 1021 2960 1092 reperiri
2983 1021 3006 1076 ἲ
3029 1019 3289 1091 Equidem
3331 1023 3453 1102 pitt-

1859 1109 1995 1164 ritna
2053 1108 2511 1182 Etymologiarum
2589 1113 2914 1182 exemplaria
2983 1129 3109 1176 mss.
3169 1113 3452 1182 diligenter

1859 1205 2084 1268 contuli,
2139 1203 2182 1258 sl
2223 1217 2284 1258 ea
2323 1203 2488 1257 verba
2532 1199 2651 1260 loco
2697 1207 2863 1259 citato
2907 1221 3118 1275 possem
3161 1191 3449 1260 invenire:

1867 1298 2022 1366 193
2053 1310 2238 1350 eorum
2289 1293 2673 1363 exemplarium
2716 1297 2956 1365 quaedam
3013 1295 3266 1350 saeculum
3301 1313 3351 1351 Ix
3402 1305 3455 1352 ct

1860 1383 2124 1441 Bertrami
2164 1394 2379 1440 aetatem
2420 1389 2762 1452 antecedunt.
2792 1389 3062 1458 Nusquam
3093 1398 3270 1444 tamen
3303 1405 3456 1459 repr-

1860 1480 1968 1535 rire
1997 1479 2122 1532 mihi
2151 1477 2295 1532 licuit
2337 1492 2400 1531 ea
2431 1492 2550 1546 qua:
2579 1475 2783 1532 Isidoro
2816 1493 2843 1530 a
2881 1478 3174 1532 Ratramno
3207 1481 3454 1533 tribuun-

1863 1581 1970 1627 tur.
1998 1573 2189 1627 Omnia
2219 1571 2573 1640 exemplaria,
2598 1571 2759 1625 etiam
2788 1573 3208 1627 vetustiSsimum
3243 1572 3455 1640 Regium

1863 1661 2180 1728 Succorum,
2212 1678 2360 1716 num.
2395 1657 2862 1727 i953,cumeditis
2879 1663 3223 1717 consentiunt
3252 1664 3342 1717 lib.
3381 1681 3454 1728 vr,

1865 1772 1986 1826 cap.
2025 1754 2108 1820 i9,
2141 1754 2230 1808 ubi
2261 1754 2332 1808 ita
2379 1753 2445 1808 de
2485 1759 2830 1807 sacramento
2863 1752 3208 1808 Eucharistiae
3239 1755 3456 1809 disseri-

171 1845 320 1897 trium
367 1853 445 1899 est
489 1845 726 1899 voluntas
771 1844 947 1899 libera:
1001 1847 1291 1916 potestatis,
1341 1857 1471 1913 etc.,
1496 1860 1563 1900 ex
1597 1846 1685 1901 lib.
1724 1863 1762 1902 ιι
1798 1866 1837 1938 β
1866 1856 1952 1902 tur
1985 1867 1995 1899 ε
2033 1846 2362 1918 Sacriﬁcium
2399 1845 2613 1913 dictum,
2645 1848 2793 1918 quasi
2832 1861 3036 1899 sacrum
3061 1847 3294 1917 factum;
3338 1849 3456 1914 quia

168 1932 370 2001 Dill'er.,
435 1951 491 1990 n.
549 1934 636 2000 52,
669 1935 738 1989 al.
785 1934 874 1988 27.
922 1935 1168 1990 Secunda
1216 1935 1483 1990 sententia
1524 1953 1536 1989 :
1579 1935 1761 1991 Sciant

169 2025 312 2081 liberi
338 2026 546 2081 arbitrii
570 2028 888 2100 defensores,
914 2034 1041 2093 etc.;
1068 2043 1132 2082 ex
1158 2026 1251 2082 lib.
1278 2043 1313 2081 ιι
1334 2025 1604 2091 Sentent.,
1629 2042 1674 2081 c.
1705 2025 1754 2080 5.

173 2117 348 2171 Tertia
417 2117 732 2172 sententia:
766 2115 983 2171 Gemina
1043 2126 1117 2171 est
1168 2116 1577 2188 prwdestinatio,
1628 2125 1756 2183 etc.,

171 2222 337 2276 usque
363 2206 430 2262 ad
475 2206 640 2262 verba
684 2210 999 2282 perpendere
1028 2209 1260 2264 ordinent
1312 2225 1380 2264 ex
1411 2208 1531 2264 ioco
1571 2207 1662 2279 qui
1694 2209 1761 2263 ab

171 2297 461 2354 Hincmaro
499 2305 735 2354 notatur.
789 2299 989 2366 Quarta
1037 2301 1300 2356 sententia
1344 2319 1357 2354 :

170 2391 556 2463 prcedestinavit
595 2395 868 2464 quosdam,
915 2403 1020 2449 ctc.
1050 2393 1154 2451 Sed
1181 2395 1248 2449 de
1278 2401 1390 2450 tota
1418 2393 1519 2450 hac
1541 2405 1764 2460 contro-

170 2483 365 2551 versia,
400 2485 478 2538 uti
521 2483 590 2539 de
618 2485 738 2542 aliis
766 2487 832 2539 ad
862 2487 1090 2555 gratiam
1122 2486 1512 2565 spectantibus,
1542 2488 1764 2557 copiose

170 2581 224 2628 et
270 2574 482 2630 erudite
537 2586 659 2644 aget
713 2578 916 2633 amicus
964 2593 1115 2633 meus
1157 2577 1475 2634 Franclscus
1505 2577 1764 2646 Xavcrius

169 2662 416 2735 Perotcs,
445 2668 536 2737 qui
568 2669 870 2724 universam
901 2669 967 2725 de
996 2672 1383 2726 controversiis
1413 2671 1665 2726 omnibus
1695 2669 1761 2725 ad

167 2757 407 2812 divinam
436 2758 831 2830 providentiam
863 2776 1082 2833 quoquo
1112 2762 1274 2818 modo
1304 2763 1670 2832 Spectantibus
1691 2763 1768 2818 hi-

165 2847 416 2913 storiam,
431 2848 613 2904 multis
631 2849 992 2904 voluminibus
1015 2853 1482 2921 comprehensam,
1502 2854 1765 2923 exquisita

164 2941 422 2997 doctrina
459 2941 745 3008 refertam,
780 2952 836 2998 et
881 2943 1126 3014 improbo
1157 2945 1341 3001 labore
1368 2947 1766 3014 concinnatam,

161 3031 486 3102 jamdudum
525 3032 746 3089 editioni
769 3041 1012 3105 paratam
1045 3035 1240 3103 habet;
1280 3036 1425 3106 quod
1455 3046 1513 3092 ut
1545 3039 1766 3110 exsequi

167 3124 362 3193 possit,
391 3124 688 3194 optandum
717 3126 950 3182 maxime
975 3135 1058 3184 est
1091 3135 1148 3182 ut
1179 3127 1461 3184 munificus
1491 3115 1766 3200 aliquis-ac.

170 3222 322 3271 tanto
350 3214 616 3270 moiimini
648 3231 746 3287 par
775 3215 1040 3274 Maecenas
1061 3219 1381 3275 inveniatur.

245 3307 333 3364 15.
386 3306 561 3364 Aliam
610 3310 766 3365 nobis
807 3311 1233 3367 controversiam
1274 3313 1514 3368 excitant
1551 3313 1766 3370 hetero-

176 3399 321 3468 doxi,
347 3401 441 3472 qui
467 3414 652 3465 veram
681 3402 924 3471 corporis
960 3401 1168 3456 Domini
1202 3403 1371 3458 nostri
1409 3403 1538 3459 Jesu
1569 3404 1765 3472 Christi

180 3491 535 3562 prtesentiam,
569 3499 661 3546 aut
685 3492 1340 3550 transsubstantiationem
1371 3495 1421 3548 in
1443 3495 1764 3552 eucharistia

181 3593 394 3656 negant,
427 3594 484 3641 et
513 3585 772 3642 lsidorum
824 3587 875 3642 in
911 3587 1153 3646 eamdem
1203 3590 1529 3645 sententiam
1562 3599 1766 3672 pertra-

183 3677 305 3733 here
344 3686 631 3733 conantur.
661 3675 926 3750 Josephus
957 3679 1300 3749 Binghamus,
1333 3679 1536 3752 Origin.
1571 3685 1762 3741 ecclcs.

185 3767 270 3826 lib.
303 3788 385 3837 xv,
413 3786 536 3841 cap.
573 3768 825 3839 5,ailcgat
847 3787 942 3844 pro
971 3787 1063 3826 sua
1080 3771 1663 3828 hrcresiisidariiocnm
1697 3791 1765 3831 ex

185 3863 268 3917 lib.
293 3880 328 3929 ι,
347 3879 467 3934 cap.
507 3861 589 3929 18,
611 3859 677 3918 de
702 3861 1014 3917 Ecclesiast.
1035 3861 1220 3917 Ofiic.:
1253 3861 1416 3916 Panis
1439 3865 1594 3931 enim,
1620 3881 1768 3937 quem

192 3955 494 4026 frangimus,
523 3970 706 4030 corpus
719 3951 911 4007 Christi
934 3962 1030 4030 est,
1049 3953 1136 4026 qui
1153 3953 1282 4008 dixit
1304 3969 1323 4006 :
1348 3951 1461 4025 Ego
1485 3971 1594 4008 sum
1618 3954 1770 4025 panis

190 4046 316 4102 rivus
334 4049 416 4119 qui
461 4046 530 4101 de
556 4048 681 4100 caelo
704 4045 962 4106 descendi.
1001 4043 1184 4100 Vinum
1227 4055 1398 4100 autem
1424 4048 1636 4120 sanguis
1658 4047 1770 4119 ejus

193 4145 276 4201 est,
307 4149 353 4191 et
381 4139 477 4193 hac
508 4147 583 4192 est
625 4136 760 4218 quod
787 4139 1032 4209 scriptum
1069 4147 1185 4192 est:
1213 4135 1326 4209 Ego
1353 4155 1466 4193 sum
1495 4139 1606 4193 vitis
1630 4156 1767 4195 vera.

196 4225 292 4280 Sed
314 4231 482 4298 panis,
532 4225 651 4299 quia
679 4246 862 4298 corpus
891 4228 1192 4299 confirmat,
1228 4230 1341 4284 ideo
1373 4247 1557 4300 corpus
1580 4230 1771 4286 Christi

197 4330 549 4396 nuncupatur;
581 4321 752 4382 tinum
795 4329 984 4387 autent,
1017 4323 1136 4392 quia
1175 4323 1479 4392 sanguinem
1531 4333 1773 4394 operatur

196 4406 242 4458 in
287 4425 461 4480 carne,
515 4408 630 4464 ideo
675 4409 742 4468 ad
785 4411 1085 4482 sanguinem
1117 4411 1308 4467 Christi
1353 4399 1594 4483 refertur.
1643 4411 1770 4469 Ηωσ

199 4507 352 4552 autent
382 4501 507 4554 dum
550 4508 671 4566 sunt
695 4499 937 4568 visibilia,
975 4501 1301 4572 sanctiﬁcata
1336 4512 1504 4568 tamen
1536 4521 1627 4573 per
1650 4503 1771 4576 Spi-

199 4587 340 4644 ritum
375 4602 616 4647 sanctum
653 4593 707 4646 in
747 4601 1120 4646 sacramentum
1154 4594 1312 4647 divini
1341 4596 1572 4666 corporis
1609 4605 1772 4664 trans-

202 4689 327 4734 eunt.

261 4771 346 4834 ‘16.
395 4775 570 4830 Alium
618 4775 790 4830 locum
842 4776 1045 4856 profert
1086 4777 1412 4856 Binghamus
1456 4797 1523 4836 ex
1554 4781 1691 4836 libro
1723 4799 1774 4838 v1

208 4860 438 4935 Etymol.,
466 4861 587 4938 cap.
626 4863 711 4936 19,
736 4870 785 4923 in
817 4853 932 4924 ιιωο
956 4869 1120 4925 verba
1151 4888 1162 4923 :
1197 4853 1362 4926 Panis
1384 4880 1431 4925 et
1460 4872 1628 4927 vinum
1658 4872 1774 4940 ideo

209 4960 394 5045 corpori
429 4971 476 5015 et
526 4963 763 5044 sanguini
809 4961 1019 5016 Domini
1070 4975 1455 5045 comparantur,
1487 4966 1606 5038 quia
1646 4967 1776 5020 sicut

210 5035 401 5104 visibilis
452 5052 604 5122 hujus
628 5035 805 5120 {panis
867 5053 1068 5126 vinique
1124 5035 1412 5108 substantia
1471 5035 1777 5120 casteriOt'em

1792 3251 1840 3326 (ἲ.

1866 1956 2018 2012 prece
2070 1940 2287 2010 mystica
2337 1946 2666 1991 consecratur
2719 1937 2771 1989 in
2821 1937 3124 1989 memoriam
3171 1952 3264 2004 pro
3315 1935 3458 1990 nobis

1866 2034 2140 2088 dominicae
2188 2030 2495 2102 passionis:
2543 2029 2700 2092 unde,
2755 2028 2848 2082 hoc
2895 2044 2952 2081 eo
3002 2013 3234 2098 jubente,
3278 2044 3460 2097 corpus

1869 2123 2060 2178 Christi
2099 2133 2144 2176 et
2173 2121 2477 2192 sanguinem
2515 2119 2751 2182 dicimus,
2778 2119 2914 2189 quod
2957 2119 3078 2172 dum
3107 2121 3171 2172 sit
3200 2137 3265 2172 ex
3291 2120 3462 2177 tracti-

1868 2211 1960 2267 bus
1989 2225 2160 2277 terra',
2215 2211 2577 2280 sanctiﬁcatur
2601 2220 2648 2263 et
2673 2209 2734 2279 ﬁt
2775 2219 3177 2275 sacramentum,
3217 2218 3464 2278 operante

1411 2301 1564 2382 192
1620 2301 1760 2356 De"!
1864 2310 2190 2365 invisibiliter
2218 2307 2400 2374 spiritu
2450 2303 2568 2367 Dei,
2612 2304 2758 2376 cujus
2789 2305 2940 2376 panis
2977 2313 3025 2358 et
3067 2303 3243 2357 colicis
3281 2319 3459 2355 sacra-

1867 2414 2091 2458 mentum
2116 2401 2280 2455 (ἐνιτεὶ
2307 2398 2681 2454 eucharistiam
2713 2396 2905 2462 dicunt,
2939 2396 3074 2466 quod
3108 2394 3290 2449 Latine
3320 2393 3460 2458 bona

1866 2498 2035 2566 gratia
2055 2489 2529 2564 interpretatur.’Et
2552 2489 2674 2562 quid
2700 2491 2880 2548 melius
2898 2507 3111 2562 corpore
3133 2499 3181 2543 et
3211 2490 3464 2568 sanguine

1869 2587 2058 2641 Christi
2084 2585 2107 2639 ?
2130 2585 2451 2639 Ratranmus
2479 2591 2602 2654 post
2638 2581 2966 2642 hrccisidori
2997 2581 3186 2650 verba,
3218 2599 3281 2636 ea:
3319 2583 3464 2636 limis

1873 2677 2319 2750 Etymologiarum
2349 2675 2588 2746 laudata,
2621 2677 2961 2743 continenter
2989 2675 3066 2730 ait
3098 2694 3111 2742 ;
3148 2675 3310 2731 Panis
3345 2693 3464 2730 vero

1869 2779 1918 2824 et
1958 2771 2151 2833 vinum,
2183 2771 2312 2834 etc.,
2359 2777 2416 2822 ut
2446 2783 2608 2838 supra
2653 2783 2721 2824 ex
2753 2767 3053 2837 Biughamo
3090 2767 3272 2822 retuli.
3329 2767 3465 2821 Nota

1869 2861 2126 2929 marginis
2147 2860 2259 2913 haec
2290 2867 2372 2914 est
2396 2878 2409 2914 :
2437 2860 2627 2926 Verba,
2649 2859 2834 2928 Panis,
2861 2867 2991 2921 etc.,
3020 2875 3122 2913 non
3144 2861 3465 2940 reperiuntur

1871 2950 2010 3021 apud
2044 2949 2306 3004 lsidorum
2332 2950 2432 3005 loc.
2463 2949 2554 3003 cit.
2578 2963 2630 3018 vi
2660 2947 2910 3019 Etymot.,
2934 2965 3050 3017 cap.
3081 2947 3180 3014 i9;
3212 2947 3301 3001 sed
3329 2947 3416 3001 lib.
3451 2963 3467 3002 ι

1871 3041 1934 3095 de
1966 3039 2152 3112 Ofﬁc,
2198 3056 2316 3111 cap.
2346 3039 2435 3107 18,
2460 3039 2569 3094 hazc
2600 3039 2890 3094 habentur:
2923 3037 3102 3104 Panis,
3133 3037 3250 3110 quia
3279 3055 3465 3108 corpus

1870 3131 2165 3200 confirmat.
2197 3135 2303 3184 etc.
2339 3127 2513 3198 Pergit
2537 3129 2862 3184 Batramnus
2887 3147 2899 3182 :
2927 3126 2995 3182 Et
3021 3130 3115 3183 iste
3156 3128 3335 3194 doctor
3373 3145 3462 3182 ca-

1871 3223 2109 3288 tholicus,
2133 3221 2397 3284 etc.,dum
2415 3221 2542 3276 dicit
2561 3227 2748 3293 partem
2776 3227 2824 3274 et
2849 3217 3022 3274 vinum
3053 3219 3167 3276 ideo
3191 3221 3394 3290 corpori
3419 3227 3468 3274 ct

1876 3315 2122 3387 sanguini
2155 3313 2368 3368 Domini
2396 3313 2713 3383 comparari,
2735 3317 2841 3368 etc.

1944 3406 2031 3461 18.
2075 3405 2182 3460 Cur
2211 3406 2370 3474 igitur
2419 3413 2525 3460 non
2569 3403 2950 3460 conciudemus
2978 3411 3071 3458 aut
3111 3400 3462 3457 Ratramnum

1869 3498 1922 3552 in
1953 3496 2171 3567 aliquod
2200 3494 2391 3551 isldori
2421 3495 2700 3565 exemplar
2748 3491 3128 3564 interpolatum
3169 3491 3426 3548 incidisse
3447 3536 3462 3560 ,

1869 3597 1962 3644 aut
2007 3591 2060 3642 in
2105 3587 2381 3642 Batramhl
2415 3597 2550 3656 opus
2597 3583 2851 3639 attributa
2899 3583 3109 3640 lsidoro
3139 3583 3300 3639 verba
3348 3600 3470 3638 cum

1869 3679 2224 3749 subsequenti
2252 3677 2464 3733 ratione
2488 3677 2556 3730 ab
2587 3676 2767 3745 aliquo
2797 3673 3012 3729 falsario
3042 3673 3203 3731 fuisse
3233 3675 3474 3729 intrusa?

1870 3773 2055 3843 Neque
2096 3772 2203 3826 tale
2231 3773 2378 3827 certe
2419 3775 2502 3824 est
2531 3767 2809 3822 Ratramni
2839 3783 3009 3837 opus,
3051 3767 3136 3822 cui
3167 3766 3332 3821 fidere
3372 3765 3469 3820 de-

1870 3863 2116 3917 beamus.
2149 3859 2485 3915 Prohibitum
2531 3873 2726 3928 nempe
2753 3866 2834 3912 est
2863 3858 2914 3911 in
2946 3857 3128 3912 Indice
3159 3855 3471 3912 Tridentino

1874 3946 2152 4018 Romano,
2199 3957 2256 4005 et
2297 3949 2588 4019 Hispanico
2623 3947 2910 4004 cardinalis
2951 3946 3219 4014 Quirogte.
3270 3946 3472 4000 Natalis

1872 4039 2181 4096 Alexander
2208 4039 2262 4093 in
2290 4037 2506 4094 dissert.
2540 4036 2610 4092 15
2629 4035 2696 4090 ad
2724 4035 2976 4090 saeculum
3021 4051 3093 4102 ιχ,
3119 4035 3220 4089 etsi
3251 4044 3473 4089 conten-

1871 4134 1952 4189 dit
1991 4129 2344 4187 Ratr-amnum
2378 4129 2433 4184 in
2461 4128 2566 4184 title
2593 4127 2755 4184 realis
2799 4127 3100 4198 praesentiae
3146 4126 3388 4197 corporis
3418 4133 3474 4182 et

1873 4225 2147 4296 sanguinis
2157 4219 2353 4280 Christi
2371 4223 2423 4278 in
2443 4221 2778 4279 Eucharistia
2797 4228 2850 4276 et
2867 4219 3474 4277 transsubstautiationis

1873 4317 2199 4383 convenire,
2223 4325 2404 4372 tamen
2434 4313 2682 4371 concedit
2707 4313 2824 4384 ejus
2870 4313 3087 4382 librum,
3134 4313 3202 4367 ob
3230 4313 3474 4368 duriores

1873 4409 2136 4482 quasdam
2166 4416 2222 4464 et
2247 4408 2592 4464 obscuriores
2619 4405 2933 4468 sententias,
2964 4417 3098 4476 quas
3138 4404 3474 4474 expositione

1874 4503 2054 4572 aliqua
2084 4500 2282 4554 molliri
2335 4514 2473 4569 opus
2521 4507 2672 4563 erat,
2708 4499 2762 4552 in
2805 4497 2983 4551 indice
3024 4497 3175 4565 jussu
3221 4493 3472 4550 Clemen-

1876 4596 1947 4650 tis
1977 4592 2093 4648 Vlli
2119 4590 2389 4664 pontificis
2437 4591 2657 4646 maximi
2681 4591 2851 4658 edito,
2879 4590 3020 4644 inter
3056 4588 3222 4645 libros
3252 4604 3358 4644 non
3384 4604 3473 4644 sa-

1881 4703 2007 4756 nam
2036 4695 2130 4748 aut
2156 4693 2462 4757 suspectam
2490 4684 2788 4748 doctrinam
2825 4683 3182 4748 continentes,
3215 4682 3474 4750 rejectutn

1881 4780 2069 4848 tuisse.
2115 4777 2448 4848 Theophilus
2493 4774 2821 4846 iiayuaudus
2872 4781 3003 4832 tom.
3051 4771 3154 4841 XI,
3199 4776 3382 4844 partit.
3423 4792 3469 4842 ι,
3537 4837 3542 4842 _

1883 4879 2112 4936 erotem.
2143 4869 2233 4938 i0,
2265 4868 2332 4934 do
2360 4867 2486 4922 bon.
2519 4875 2574 4920 et
2610 4865 2737 4928 mai.
2780 4863 2951 4928 Libr.,
2985 4879 3107 4934 pag.
3131 4863 3264 4932 B76,
3295 4866 3475 4936 plures

1887 4970 2135 5030 numerat
2171 4960 2464 5029 scriptores
2497 4957 2590 5026 qui
2619 4956 2915 5016 Ratramno
2944 4955 3137 5020 librum
3167 4957 3234 5012 tio
3266 4959 3473 5015 Eucha-

1886 5055 2034 5122 ristia
2085 5053 2153 5118 ab
2190 5050 2611 5122 (Ecolampadio
2653 5057 2746 5106 aut
2787 5047 3005 5104 omnino
3044 5055 3138 5103 aut
3173 5065 3362 5118 magna
3405 5069 3469 5108 ex

217 5139 361 5192 nutrit
397 5149 444 5195 et
490 5142 714 5196 inebriat
758 5145 1032 5210 hominem,
1085 5144 1157 5197 ita
1182 5144 1384 5198 verbum
1419 5143 1532 5214 Dei,
1590 5147 1675 5218 qui
1706 5156 1780 5201 est
1881 5154 2039 5220 parte
2084 5143 2422 5214 suppositum
2471 5139 2636 5200 fuisse
2684 5147 3030 5202 censuerunt.
3077 5139 3181 5195 Sed
3222 5141 3412 5194 iiinum
3442 5158 3470 5206 ῃ

216 5231 349 5294 panis
369 5235 521 5297 rivus,
554 5234 951 5304 participatione
977 5235 1055 5290 sui
1091 5235 1318 5303 ﬁdelium
1348 5247 1545 5290 recreat
1567 5248 1774 5292 mentes.

219 5320 436 5378 Advertit
458 5323 572 5379 haec
598 5323 757 5378 verba
794 5325 946 5390 citari
998 5343 1026 5380 a
1060 5325 1340 5381 Bcrtramo
1369 5326 1434 5380 de
1464 5326 1702 5398 Corpore
1730 5336 1784 5394 et

219 5409 468 5483 Sanguine
489 5418 696 5473 Domini
730 5418 870 5487 apud
898 5418 1148 5473 Flaccum
1173 5419 1225 5476 in
1248 5417 1420 5473 Catal.
1449 5428 1570 5474 test.
1597 5421 1778 5488 verit.,

223 5502 304 5562 iih.
331 5525 382 5578 x,
412 5507 505 5568 sed
545 5529 689 5568 nunc
721 5529 788 5569 ex
815 5512 1048 5595 quadam
1082 5513 1267 5570 fraude
1293 5513 1414 5570 loco
1441 5529 1539 5569 suo
1560 5514 1779 5586 proprio

227 5609 317 5653 non
347 5605 583 5666 reperiri.

289 5687 368 5746 17.
396 5687 746 5762 Quaerendum
792 5687 953 5752 modo
999 5701 1081 5762 est
1122 5711 1189 5750 an
1230 5697 1461 5774 genuina
1502 5698 1608 5764 sint
1659 5712 1781 5764 ceu.-

227 5781 377 5839 senda
428 5785 610 5843 isidori
671 5785 834 5845 verba
884 5788 1125 5854 secundo
1174 5787 1296 5855 loco
1348 5789 1604 5858 allegota,
1664 5805 1781 5860 qva:

231 5869 398 5933 fraude
440 5881 614 5951 aliqua
653 5882 872 5964 proprio
906 5882 1027 5939 loco
1072 5891 1216 5939 mota
1263 5881 1532 5939 dicuntur.
1566 5883 1781 5955 Bcrtra-

1884 5236 2180 5298 Ratramno
2207 5233 2466 5304 scriptum
2514 5231 2696 5301 negari
2733 5230 2949 5300 nequit;
2981 5230 3360 5301 interpolatum
3407 5233 3474 5284 ab

1885 5329 2065 5399 aliquo
2114 5325 2325 5382 facilius
2373 5324 2614 5390 credam,
2642 5322 2889 5392 quamvis
2935 5321 3091 5382 multi
3138 5340 3259 5378 cum
3298 5322 3470 5377 Natali

1885 5419 2192 5486 Alexandro
2221 5417 2352 5481 nihil
2397 5417 2452 5472 in
2487 5431 2558 5476 re
2604 5415 2719 5485 ipsa
2766 5414 3034 5474 catholica
3072 5413 3310 5484 dogmati
3339 5426 3470 5465 con-

1886 5512 2110 5566 trarium
2159 5507 2384 5579 reperiri
2431 5507 2757 5574 existiment.
2801 5505 2860 5566 in
2903 5505 3140 5568 editions
3187 5503 3473 5560 Parisiensi

1893 5604 2052 5686 184
2071 5601 2351 5670 Batramni
2379 5599 2586 5670 Gallice
2611 5607 2666 5666 βι
2699 5599 2881 5660 Latine
2907 5613 3048 5662 anno
3070 5596 3210 5660 1686
3237 5611 3314 5652 εει
3347 5611 3474 5665 pna-

1886 5695 2018 5766 {atio
2047 5696 2125 5766 sic
2162 5694 2295 5764 satis
2327 5694 2569 5765 erudita.
2601 5707 2704 5764 qua
2748 5692 3072 5757 Batramnul
3097 5706 3260 5760 voras
3289 5697 3477 5746 auctor

1889 5787 2069 5860 operis
2113 5787 2390 5846 asset-itur.
2441 5783 2724 5854 Adduntur
2770 5790 2912 5844 notat
2957 5783 3156 5853 quibus
3197 5780 3476 5842 Batramoi

1890 5881 2055 5952 verba
2079 5880 2352 5948 catholico
2378 5894 2545 5950 sensu
2578 5882 2941 5958 exponuntur.
