4048 6364
180 382 274 439 161

1226 360 1607 433 lSlDORlANA
1646 404 1707 415 —
1740 358 1916 433 PARS
1952 374 1994 445 ι,
2033 376 2183 434 esp.
2223 362 2408 435 xxxi.

3346 376 3447 441 162

176 501 424 566 chrisma,
454 472 636 568 corpus
681 504 730 550 et
775 496 1006 566 sanguis.
1052 490 1317 548 Utrolibet
1362 507 1431 547 ex
1476 491 1558 546 his
1586 489 1748 567 modo
1778 491 1825 550 Α
1855 498 1965 546 tata
1994 501 2119 547 sunt
2146 493 2213 549 de
2243 494 2401 547 trium
2446 493 2799 564 capitulorum
2818 533 2835 561 ,
2868 503 2926 549 ut
2948 502 3166 563 vocant,
3195 496 3449 555 defenso-

177 594 353 661 legere
383 590 624 656 velimus,
657 588 862 645 corruit
889 585 1168 656 Binghami
1193 593 1591 655 argumentum.

244 684 332 738 25.
362 682 469 738 Sed
500 681 788 737 lectionem
818 679 1087 749 vulgatam
1107 678 1454 741 retineamus,
1485 677 1531 731 si
1560 676 1755 746 placet.

177 778 302 845 Quis
329 792 396 831 ex
423 774 537 831 sola
576 774 667 829 illa
705 771 1085 842 conjunctione
1111 779 1161 824 et
1187 778 1336 826 recte
1362 768 1541 839 colligi
1569 767 1758 823 existi-

176 868 341 924 mabit
388 867 651 921 [siderum
689 870 1082 922 sacramentum
1123 858 1548 917 conﬁrmationis
1592 874 1624 913 a
1670 872 1761 913 sa-

177 966 452 1019 cramento
471 958 813 1028 baptismatis
833 972 940 1012 non
954 954 1302 1010 distinxisse?
1322 951 1524 1008 Eodem
1546 950 1762 1020 quidem

176 1055 333 1109 modo
382 1068 551 1109 unum
612 1049 962 1107 Eucharistize
1013 1055 1411 1104 sacramentum
1468 1044 1760 1115 exprimit,

175 1162 357 1216 corpus
386 1154 436 1199 et
462 1146 715 1216 sanguis:
744 1143 885 1198 addo
915 1141 1079 1197 etiam
1120 1141 1297 1197 omitti
1319 1139 1765 1208 coniunctionem

177 1246 295 1309 post
322 1237 572 1302 chrisma,
605 1235 749 1307 quod
796 1233 1035 1289 indicare
1076 1240 1255 1304 potest
1282 1232 1389 1288 duo
1418 1239 1628 1286 tantum
1678 1244 1766 1286 sa-

178 1338 451 1386 cramenta
498 1327 575 1383 ibi
623 1325 933 1391 recenseri,
980 1340 1145 1380 unum
1191 1339 1288 1395 per
1322 1324 1437 1378 haec
1466 1324 1627 1379 verba
1676 1322 1766 1376 ba-

178 1425 391 1495 ptismus
412 1432 463 1477 et
482 1422 728 1487 chrisma,
760 1419 986 1474 alterum
1002 1432 1099 1488 per
1113 1417 1227 1472 haec
1246 1431 1429 1483 corpus
1453 1424 1502 1468 et
1527 1415 1761 1486 sanguis.

177 1514 279 1570 Sed
317 1530 441 1571 cum
473 1514 649 1583 agitur
672 1511 741 1567 de
766 1526 827 1567 re
857 1518 967 1565 tam
991 1509 1141 1580 gravi
1181 1506 1530 1573 stabilienda,
1561 1506 1767 1563 leviora

176 1606 285 1662 haec
329 1614 458 1662 sunt
503 1604 735 1669 indicia,
767 1618 928 1672 quam
961 1610 1021 1656 ut
1050 1616 1117 1657 ex
1164 1600 1247 1655 his
1288 1614 1440 1655 mens
1488 1598 1769 1668 scriptoris

178 1708 360 1771 aperte
400 1698 612 1755 ostendi
642 1695 833 1768 possit.
865 1694 943 1748 Ex
974 1694 1093 1749 aliis
1122 1702 1302 1747 autem
1329 1691 1505 1771 verbis
1535 1706 1653 1760 quae
1680 1705 1767 1747 se-

181 1801 415 1864 quuntur
445 1790 775 1848 contrarium
804 1788 985 1859 potius
1009 1786 1410 1842 demonstratur
1434 1804 1446 1839 :
1479 1768 1601 1840 cum
1624 1784 1767 1841 enim

1861 581 2006 638 ribus
2036 601 2049 635 :
2082 598 2199 652 qum
2227 583 2459 640 Grialius
2503 584 2555 639 in
2598 584 2908 655 praefatione
2950 586 3017 642 ad
3061 586 3248 644 Isidori
3277 587 3451 658 Opera

1862 675 2097 733 breviter
2116 680 2338 749 exponit
2363 697 2377 733 :
2407 680 2498 751 qui
2532 681 2690 753 198
2716 682 2880 737 etiam
2916 683 3180 739 malitiose
3207 687 3262 740 et
3286 685 3451 756 impie

1862 764 2072 834 adjecta
2117 770 2288 825 credit
2323 785 2442 839 qum
2484 768 2551 826 de
2591 771 2945 841 praeﬁnitione
2969 784 3223 830 extremae
3249 774 3354 830 diei
3396 774 3453 830 in

1862 858 2179 925 quibusdam
2256 861 2655 931 exemplaribus
2704 864 3055 934 expositionis
3109 864 3166 921 in
3218 862 3454 922 Genesin

1865 965 1988 1020 cap.
2016 950 2050 1003 6
2077 951 2440 1021 reperiuntur,
2464 952 2519 1007 in
2546 952 2663 1010 aliis
2689 953 2900 1013 desunt.
2936 954 3012 1014 De
3037 957 3122 1015 his
3138 971 3319 1016 sermo
3344 956 3458 1016 suis

1868 1042 1924 1098 in
1955 1041 2088 1099 locis
2117 1042 2424 1099 habebitur.

2430 1160 2659 1219 CAPUT
2704 1162 2897 1220 XXXI.

1868 1268 2105 1329 Isidorus
2136 1287 2170 1327 α
2204 1271 2454 1329 Romanis
2493 1276 2822 1400 ρῖἔέἔῖῖίὺω
2850 1286 2898 1332 et
2934 1278 2990 1333 in
3018 1278 3193 1335 multis
3223 1279 3458 1338 conciliis

2661 1363 2691 1400 a
2717 1364 2795 1400 us.

2661 1363 2795 1402 atus.

1940 1434 1990 1488 l.
2021 1434 2240 1490 Adriani
2266 1434 2310 1504 l,
2333 1434 2426 1507 qui
2442 1436 2642 1492 saeculo
2665 1453 2755 1492 vm
2775 1438 2928 1506 vixit,
2945 1441 3164 1511 egregia
3194 1441 3246 1496 in
3275 1441 3461 1499 Isidori

1869 1525 2082 1582 laudem
2124 1528 2286 1583 verba
2331 1542 2455 1599 cap.
2485 1526 2555 1581 29
2582 1528 2910 1600 deprompsi.
2943 1530 3153 1589 Saeculo
3201 1548 3256 1588 ix
3281 1532 3465 1590 ﬂoruit

1869 1616 1980 1675 Leo
2004 1620 2072 1675 IV
2121 1620 2371 1691 pontifex
2399 1621 2707 1690 Romanus,
2738 1623 2829 1693 qui
2875 1623 2930 1680 in
2969 1626 3176 1696 synodo
3219 1626 3462 1683 Romana

1871 1715 1996 1773 anni
2042 1713 2147 1770 855
2176 1715 2358 1787 plures
2386 1732 2621 1774 canones
2675 1718 2743 1774 de
2789 1718 3070 1791 disciplina
3098 1722 3461 1779 ecclesiastica

1871 1808 2265 1879 promulgavit,
2293 1817 2350 1865 et
2392 1810 2463 1866 ob
2508 1811 2754 1869 heroicae
2790 1812 3016 1871 virtutes
3057 1814 3198 1871 inter
3244 1823 3459 1873 sanctos

179 1896 571 1940 sacramentum
593 1881 941 1937 Eucharisliae
961 1879 1120 1950 paulo
1140 1888 1266 1935 ante
1293 1879 1452 1935 simul
1473 1897 1562 1950 per
1584 1896 1767 1948 corpus
1799 1879 1847 1940 B
1872 1901 2074 1957 relatus
2101 1911 2204 1958 est.
2251 1902 2371 1969 Quo
2409 1903 2586 1974 elogio
2631 1904 2678 1959 is
2722 1901 2986 1962 [smmum
3030 1907 3303 1963 omaveri,
3323 1948 3338 1974 ,
3368 1907 3461 1964 cit.

184 1982 331 2052 197
386 1978 583 2034 Christi
630 1986 678 2032 et
722 1977 1023 2048 sanguinem
1081 1974 1435 2043 explicuerit,
1482 1984 1765 2044 postquam

178 2079 577 2127 sacramentum
604 2070 657 2124 in
688 2083 887 2137 genere
917 2066 1184 2133 deﬁnivit,
1216 2066 1283 2122 de
1310 2066 1579 2136 baptismo
1619 2080 1770 2121 seor-

178 2176 291 2219 sum
332 2163 445 2232 agit
474 2178 486 2215 :
519 2160 818 2231 Baptismus
849 2159 1026 2215 erce
1045 2200 1059 2225 ,
1101 2158 1288 2213 Latine
1316 2160 1495 2213 tinctio
1518 2160 1770 2226 interpre-

181 2264 331 2322 tatur,
363 2263 469 2311 etc.
502 2253 635 2309 Tum
665 2260 1063 2309 sacramentum
1088 2251 1411 2317 chrismatis,
1444 2259 1503 2305 ut
1530 2266 1557 2305 a
1589 2251 1769 2321 bapti-

179 2355 347 2405 smate
377 2348 540 2418 plane
569 2345 876 2401 distinctum
898 2383 913 2411 ,
962 2344 1186 2415 exponit
1214 2361 1227 2396 :
1261 2343 1500 2398 Clu-isma
1552 2341 1728 2398 (ἔναιε
1752 2385 1768 2411 ,

179 2435 362 2492 Latine
400 2438 572 2491 unctio
603 2438 922 2504 nominatur,
947 2452 1012 2490 ex
1046 2436 1191 2507 cujus
1225 2438 1432 2491 nomine
1458 2445 1508 2489 et
1537 2434 1770 2490 Christus

179 2530 382 2596 dicitur,
407 2540 455 2585 et
478 2531 626 2584 homo
653 2539 768 2601 post
787 2531 1048 2584 lavacrum
1075 2530 1450 2599 sanctiﬁcatur.
1474 2528 1617 2583 Nam
1638 2529 1772 2582 sicut

177 2623 227 2675 in
258 2623 514 2693 baptismo
535 2634 860 2692 peccatorum
882 2623 1115 2677 remissio
1146 2622 1321 2688 datur,
1351 2624 1427 2676 ita
1454 2640 1545 2692 per
1572 2622 1771 2675 unctio-

177 2730 290 2767 nem
331 2714 675 2784 sanctiﬁcatio
706 2712 934 2783 Spiritus
961 2711 1251 2766 adhibetur.
1286 2712 1460 2781 Atque
1490 2711 1563 2765 ita
1594 2712 1647 2765 iu
1674 2726 1771 2765 ex-

176 2805 467 2876 plicatione
496 2803 822 2860 sacramenti
859 2804 1185 2871 chrismatis,
1216 2802 1328 2858 sive
1355 2802 1773 2859 conﬁrmationis

174 2896 441 2965 procedit,
460 2894 637 2949 verbis
662 2892 773 2948 fere
793 2908 859 2947 ex
882 2892 1215 2947 Tertulliano
1238 2894 1397 2963 cap.7
1419 2891 1486 2947 de
1499 2892 1773 2962 Baptismo

173 2987 378 3059 petitis,
409 2984 604 3053 quibus
626 2983 874 3039 doctrina
899 2981 967 3038 de
985 2994 1325 3039 sacramento
1355 2982 1775 3040 conﬁrmationis

175 3079 409 3134 miriﬁce
444 3078 688 3134 traditur.

248 3172 340 3227 24.
382 3173 457 3228 Ita
479 3172 640 3227 etiam
669 3170 722 3226 in
743 3170 883 3228 libro
908 3186 944 3227 ιι
973 3170 1042 3227 de
1070 3169 1272 3225 Olﬁciis
1301 3170 1597 3227 ecclesiast.
1630 3168 1771 3227 idem

182 3264 418 3361 Isidorus
467 3262 702 3361 cam-25
743 3262 858 3361 agit
903 3262 970 3318 de
1008 3261 1344 3361 baptismatis
1396 3270 1777 3361 sacramento,
1805 3264 1857 3330 ο
1885 3287 2041 3347 dibus
2071 3261 2391 3361 “ﬁmum

186 3357 376 3414 deinde
404 3373 522 3428 cap.
554 3354 623 3410 26
651 3356 719 3413 de
744 3356 1055 3422 chrismate,
1089 3370 1152 3411 ac
1196 3354 1429 3424 denique
1468 3371 1588 3427 cap.
1617 3355 1687 3411 27
1712 3355 1783 3412 de

188 3448 618 3515 conﬁrmatione,
632 3446 718 3502 vel
732 3462 986 3502 manuum
1003 3445 1345 3516 impositione
1361 3463 1372 3499 :
1394 3445 1501 3502 Sed
1513 3448 1777 3519 quoniam,

190 3539 394 3612 inquit,
440 3548 556 3609 post
603 3537 915 3609 baptismum.
938 3554 1031 3607 per
1058 3539 1324 3609 episcopos
1349 3538 1502 3592 datur
1552 3539 1781 3613 Spiritus

189 3648 389 3694 sanctus
415 3654 532 3692 cum
561 3653 803 3691 manuum
826 3635 1182 3705 impositione,
1216 3634 1308 3689 hoc
1336 3635 1390 3688 in
1418 3635 1626 3689 Actibus
1653 3654 1780 3708 apo-

191 3732 432 3787 stolarum
480 3728 743 3799 apostolos
793 3728 975 3799 fecisse
1017 3727 1380 3794 meminimus,
1420 3734 1526 3783 etc.
1575 3726 1783 3783 Iudicat

194 3823 325 3881 hunc
344 3824 528 3881 locum
548 3819 842 3891 Gregorius
865 3819 934 3877 de
954 3818 1196 3875 Valentia
1218 3819 1272 3874 in
1295 3819 1433 3875 libro
1454 3819 1521 3874 de
1546 3818 1781 3874 Numero

196 3922 648 3973 sacramentorum
669 3926 822 3969 novae
850 3910 1003 3981 legis,
1022 3909 1113 3965 ubi
1139 3908 1459 3964 catholicam
1480 3908 1781 3963 doctrinam

194 4010 254 4067 de
292 4010 601 4084 septenario
641 4022 866 4064 numero
904 4012 1366 4061 sacramentorum
1395 4000 1696 4069 conﬁrmat,
1728 4010 1803 4067 et

194 4107 511 4163 sententiam
548 4103 662 4160 fere
700 4114 1038 4158 communem
1069 4097 1422 4155 sectariorum
1451 4094 1664 4162 refellit,
1689 4095 1782 4165 qui

196 4196 377 4254 docent
416 4186 761 4255 sacramenta
811 4206 965 4249 novas
1019 4189 1151 4261 legis
1200 4190 1306 4245 duo
1361 4194 1568 4243 tantum
1621 4201 1775 4253 esse,

198 4307 375 4366 nempe
400 4294 729 4366 baptismum
759 4300 814 4347 et
833 4288 1234 4346 eucharistiam.
1257 4285 1458 4342 Natalis
1478 4283 1782 4340 Alexander

199 4384 393 4441 dissert.
440 4386 516 4441 10
555 4384 623 4440 ad
669 4382 920 4439 saeculum
960 4398 1019 4450 ιι,
1064 4390 1254 4437 contra
1278 4379 1532 4438 Dallaaum
1563 4384 1618 4432 et
1646 4377 1782 4433 alios

201 4473 483 4544 haereticos,
541 4473 963 4532 conﬁrmationis
1005 4478 1399 4528 sacramentum
1455 4475 1668 4534 tuetur,
1728 4475 1782 4523 et

203 4568 501 4623 nominatim
533 4565 721 4623 Isidori
752 4566 1050 4622 doctrinam
1073 4564 1295 4635 exponit
1319 4580 1332 4616 :
1354 4577 1478 4618 nam
1501 4578 1568 4617 ex
1593 4561 1781 4617 Isidori

1873 2009 1991 2065 cap.
2042 1992 2111 2048 29
2150 1996 2278 2051 dixi.
2320 1995 2613 2066 Gregorius
2638 1996 2711 2053 1X
2738 2000 3012 2070 negotium
3059 2001 3118 2057 S.
3150 2000 3468 2072 Raymundo

1872 2084 1941 2141 de
1988 2083 2337 2143 Pennafortio
2380 2087 2564 2155 dedit,
2616 2098 2676 2145 ut
2730 2090 3098 2149 Romanorum
3152 2092 3469 2164 pontiﬁcum

1876 2195 2132 2252 responsa
2150 2224 2168 2249 ,
2215 2190 2271 2238 et
2298 2183 2651 2240 conciliorum
2681 2189 3013 2256 generalium
3041 2204 3161 2259 quae
3185 2189 3471 2260 postremis

1877 2274 2208 2344 temporibus
2234 2274 2420 2331 habita
2469 2276 2685 2333 fuerunt
2726 2279 2945 2337 decreta
2986 2281 3040 2337 in
3082 2297 3248 2337 unum
3273 2298 3470 2354 corpus

1875 2366 2144 2434 redigeret
2184 2383 2199 2419 :
2249 2374 2412 2437 atque
2466 2368 2603 2426 adeo
2653 2384 2754 2426 suo
2801 2370 2919 2440 ipse
2965 2371 3203 2441 pontifex
3255 2373 3472 2430 nomine

1875 2458 2114 2528 quinque
2166 2457 2526 2515 Decretalium
2575 2460 2745 2518 libros
2789 2461 2846 2517 in
2887 2461 3078 2534 vulgus
3119 2462 3285 2519 edidit
3330 2478 3472 2519 anno

1876 2549 2014 2604 1250
2045 2551 2283 2622 circiter,
2310 2568 2515 2625 suaque
2554 2556 2882 2613 auctoritate
2909 2555 3269 2614 conﬁrmavit.
3302 2557 3358 2612 In
3390 2558 3474 2613 his

1876 2640 2235 2698 Decretalium
2267 2644 2418 2700 libris
2447 2660 2592 2717 saepe
2617 2647 2899 2705 sententiae
2936 2662 3005 2703 ex
3041 2646 3246 2705 Isidoro
3276 2656 3471 2719 petun-

1786 2780 1787 2783 η
1876 2742 1985 2801 tur,
2016 2742 2075 2790 ut
2101 2735 2193 2791 lib.
2224 2753 2297 2806 IV,
2330 2738 2415 2793 tit.
2446 2736 2483 2792 2
2503 2779 2519 2806 ,
2550 2754 2672 2811 cap.
2722 2741 2778 2811 5,
2807 2740 3044 2796 Isidorus
3072 2734 3237 2813 (anno
3264 2739 3388 2807 650,
3417 2740 3471 2795 in

1878 2823 2105 2895 Baetica)
2128 2845 2140 2879 :
2170 2827 2394 2884 Puberes
2420 2846 2454 2884 a
2481 2831 2626 2900 pube
2650 2840 2771 2886 sunt
2791 2833 2980 2901 vocati,
3005 2840 3108 2887 etc.
3135 2831 3254 2886 Alia
3281 2831 3473 2886 similia

1877 2925 1998 2981 loca
2025 2916 2225 2972 indicat
2252 2917 2498 2989 Bignteus
2524 2920 2578 2976 in
2607 2921 2920 2991 praefatione
2958 2921 3029 2977 ad
3056 2921 3247 2979 Isidori
3271 2920 3472 2993 Opera,

1890 3024 2018 3065 mox
2046 3010 2419 3067 exscribenda.

1948 3099 2003 3157 2.
2054 3100 2114 3156 In
2151 3102 2362 3160 duobus
2391 3105 2634 3163 conciliis
2663 3105 2937 3164 Toletanis
2964 3149 2980 3178 ,
3032 3108 3203 3165 altero
3242 3123 3355 3178 vm,
3390 3107 3473 3164 al-

1881 3201 1999 3251 tero
2026 3210 2116 3263 xv,
2147 3211 2266 3267 quae
2291 3199 2489 3256 saeculo
2518 3215 2589 3256 vn
2627 3201 2899 3287 celebrata
2936 3211 3092 3270 sunt,
3124 3203 3332 3271 magnis
3355 3203 3473 3260 lau-

2433 3293 2532 3349 fuit
2556 3293 2808 3363 Isidorus,
2842 3304 2901 3351 ut
2921 3295 3032 3367 jam
3059 3312 3179 3368 cap.
3207 3293 3277 3349 29
3302 3312 3473 3368 expo-

1883 3380 2046 3436 situm
2069 3390 2170 3439 est.
2214 3382 2359 3440 [nter
2398 3383 2514 3442 base
2539 3384 2646 3441 duo
2677 3386 2903 3443 concilia
2928 3387 3302 3444 collocandum
3331 3397 3477 3444 esset

1883 3473 2025 3528 aliud
2049 3472 2391 3544 Toletanum,
2414 3493 2520 3549 quo
2549 3477 2737 3534 divisio
2766 3479 3159 3550 provinciarum
3209 3476 3473 3549 Hispania:

1885 3574 2127 3638 tempore
2142 3560 2383 3626 wainbaa
2397 3571 2559 3642 regis,
2576 3570 2829 3640 Quiriaco
2844 3574 2957 3629 sive
2976 3571 3194 3641 Quirico
3209 3575 3466 3644 episcopo

1885 3655 2147 3714 Toletano
2185 3661 2414 3731 praeside
2435 3702 2450 3728 ,
2483 3671 2699 3731 peracta
2728 3663 2941 3731 dicitur,
2974 3664 3077 3719 nisi
3105 3679 3224 3720 eam
3251 3664 3472 3719 divisio-

1885 3761 2009 3802 nem
2034 3750 2457 3805 commentitiam
2486 3760 2612 3808 esse
2640 3762 2934 3810 constaret.
2978 3754 3225 3821 Quiricus
3266 3753 3477 3825 pnefuit

1883 3855 2014 3895 vero
2063 3841 2292 3897 concilio
2338 3841 2597 3898 Toletano
2647 3859 2730 3910 xi,
2762 3860 2903 3899 anno
2948 3844 3073 3899 675.
3124 3843 3473 3915 Suppositilia

1883 3930 2075 3987 divisio
2120 3940 2299 3987 exstat
2339 3932 2482 4003 apud
2522 3932 2794 3989 Labbeum
2837 3945 2966 3989 tom.
3010 3934 3316 4000 VConcil.,
3366 3934 3470 3989 col.

1883 4021 2017 4087 878,
2048 4038 2118 4079 ex
2156 4023 2284 4081 Mss.
2317 4024 2557 4080 ecclesia:
2606 4024 2880 4082 Toletanae
2932 4037 2989 4082 et
3026 4025 3338 4090 Ovetensis,
3382 4027 3475 4081 ubi

1882 4130 2049 4187 prope
2107 4116 2266 4173 ﬁnem
2320 4117 2398 4174 sic
2448 4116 2671 4187 legimus
2718 4135 2730 4171 :
2779 4117 3044 4173 Statutum
3097 4124 3171 4171 est
3226 4126 3475 4184 praeterea

1882 4209 1938 4262 in
1981 4207 2117 4264 dicto
2141 4209 2388 4276 concilio,
2416 4217 2471 4262 ut
2509 4225 2683 4264 omnes
2727 4208 2897 4263 clerici
2935 4212 3159 4265 viverent
3197 4208 3474 4262 secundum

1883 4294 2115 4367 regulam
2160 4295 2473 4350 sanctissimi
2515 4294 2694 4349 Patris
2733 4293 2948 4364 Isidori,
2995 4304 3145 4364 prout
3186 4295 3474 4349 continetur

1882 4391 1937 4445 in
1985 4390 2114 4445 libro
2159 4389 2389 4462 ejusdem
2433 4389 2496 4445 de
2533 4388 2821 4445 Honestate
2867 4388 3185 4443 clericorum.
3231 4387 3475 4442 lnnuitur

1884 4485 2021 4543 liber
2041 4486 2306 4542 secundus
2334 4485 2402 4540 de
2430 4483 2631 4541 Ofﬁciis
2660 4482 3056 4540 ecclesiasticis.
3088 4478 3248 4535 Certe
3286 4478 3472 4533 Isidori

1888 4578 2187 4635 doctrinam
2214 4587 2413 4634 secutae
2439 4586 2563 4634 sunt
2586 4576 2768 4647 plures
2796 4576 2953 4647 199
2975 4571 3165 4645 synodi
3191 4569 3476 4625 Gallicanae

204 4659 364 4714 verbis
390 4675 513 4731 cap.
545 4657 615 4712 26
663 4658 753 4713 lib.
786 4674 821 4711 ιι
850 4657 917 4712 de
962 4653 1179 4711 Olﬁciis.
1223 4654 1331 4710 Sed
1377 4657 1622 4724 quoniam
1665 4661 1776 4723 post

1887 4681 1942 4729 et
1962 4670 2312 4727 Germanicae.
2342 4670 2586 4739 Bignmus
2612 4668 2718 4724 loc.
2750 4667 2844 4723 cit.
2874 4666 2927 4720 in
2959 4661 3320 4720 testimonium
3350 4675 3475 4730 pro-

207 4745 495 4816 baptismum
541 4766 634 4820 per
677 4750 940 4820 episwpos
981 4747 1136 4801 datur
1174 4746 1400 4814 Spiritus
1430 4755 1638 4800 sanctus
1667 4761 1781 4798 cum

209 4852 432 4895 manuum
450 4840 797 4909 impositione,
818 4848 923 4894 etc.
935 4838 1183 4905 ,Dallmus
1203 4837 1507 4906 colligebat,
1520 4837 1781 4892 chrisma-

214 4926 272 4983 tis
291 4932 613 4998 unctionem,
632 4948 751 5002 qua:
771 4945 959 4985 manus
982 4927 1379 5000 impositionem
1410 4936 1781 4999 praecesserat,

214 5022 274 5075 ad
298 5023 613 5094 baptismum
644 5025 932 5095 pertinere.
966 5022 1068 5079 Sed
1111 5023 1294 5093 inepte
1337 5020 1564 5077 Dallmus
1592 5023 1662 5076 ita
1690 5036 1783 5076 ca-

218 5113 447 5173 villatur:
479 5133 603 5173 nam
645 5116 884 5172 Isidorus
929 5123 1114 5186 aperte
1158 5114 1323 5170 tradit
1349 5122 1457 5168 tam
1485 5112 1786 5169 chrismatis

219 5206 536 5277 unctionem,
577 5222 739 5278 quam
777 5222 1030 5263 manuum
1070 5206 1486 5277 impositionem,
1518 5204 1784 5275 baptismo

220 5304 553 5369 posteriorem
576 5320 696 5361 esse
723 5323 737 5359 :
771 5304 925 5361 datur
944 5303 1103 5372 igitur
1121 5310 1244 5373 post
1262 5300 1581 5372 baptismum
1614 5298 1783 5370 primo
1818 5356 1819 5359 η

222 5391 456 5467 chrisma,
484 5405 597 5453 tum
624 5411 722 5468 per
748 5394 1032 5467 episcopos
1065 5408 1317 5449 manuum
1347 5391 1638 5462 impositio.

284 5503 366 5560 25.
407 5506 478 5563 Ea
506 5524 626 5579 quae
652 5509 707 5565 in
735 5508 871 5565 libro
899 5506 967 5562 de
989 5504 1187 5561 Ordine
1213 5515 1578 5561 creaturarum
1610 5501 1794 5558 Isidori

231 5601 428 5657 nomine
474 5605 617 5660 edito
658 5604 941 5659 traduntur
983 5600 1049 5656 de
1078 5600 1198 5669 igne
1234 5598 1544 5670 purgatorio
1574 5606 1629 5652 et
1654 5603 1794 5651 statu

231 5690 505 5749 an'nnarum
551 5704 672 5766 post
717 5695 961 5760 obitum,
989 5692 1103 5749 Nic.
1156 5692 1388 5748 Antonio
1438 5706 1543 5745 non
1575 5689 1794 5744 omnino

232 5784 435 5845 Probata
461 5797 599 5843 sunt.
631 5788 746 5845 Hac
771 5796 949 5843 tamen
978 5786 1047 5841 de
1069 5801 1128 5840 re
1155 5783 1285 5843 satis
1307 5800 1425 5852 cap.
1454 5781 1525 5835 25
1552 5782 1791 5852 disputa-

237 5876 335 5929 tum
377 5876 490 5936 fuit.
520 5880 770 5948 Quaedam
798 5880 901 5937 alia
947 5876 1138 5936 Isidori
1166 5876 1304 5937 dicta
1334 5892 1363 5933 a
1393 5874 1663 5931 nonnullis
1695 5890 1792 5932 no-

1887 4766 1994 4823 fert
2021 4766 2285 4839 synodum
2326 4762 2858 4819 Francofordiensem
2899 4758 2968 4813 ad
2996 4757 3253 4823 anum,
3282 4754 3476 4824 Aquis-

1886 4873 2204 4929 granensem
2236 4865 2541 4926 utramque,
2567 4850 2932 4922 Moguntinam
2952 4891 2969 4918 ,
2997 4848 3393 4904 Triburiensem
3421 4854 3476 4902 et

1889 4948 2247 5005 Parisiensem
2277 4966 2289 5001 :
2322 4963 2441 5018 qua:
2484 4944 2673 5001 Isidori
2711 4942 3034 4999 auctoritate
3072 4950 3128 4996 et
3159 4938 3339 4997 verbis
3382 4952 3476 4994 ca-

1892 5028 2143 5096 tholicam
2169 5039 2470 5096 doctrinam
2511 5036 2935 5101 conﬁrmarunt,
2968 5044 3025 5091 et
3051 5032 3473 5106 sapientissimos

1890 5150 2126 5191 canones
2147 5133 2559 5190 constituerunt.
2592 5130 2845 5187 Nonnihil
2872 5129 2941 5186 de
2969 5129 3188 5199 singulis
3214 5129 3471 5184 dicemus.

1959 5228 2013 5283 '5.
2040 5226 2292 5298 Synodus
2328 5224 2838 5288 Francofordiensis,
2866 5223 2919 5278 in
2947 5236 3052 5292 qua
3092 5221 3309 5276 haeresis
3336 5218 3465 5273 Feli-

1888 5319 2065 5387 ciana,
2089 5318 2204 5373 sive
2223 5317 2663 5388 Adoplianorum,
2689 5315 2755 5370 ab
2775 5313 3041 5385 episcopis
3064 5312 3295 5369 universi
3325 5309 3472 5376 regni

1889 5412 2219 5468 Francorum
2269 5410 2469 5477 Italiae,
2500 5409 2687 5466 Gallias
2732 5416 2789 5464 et
2828 5406 3127 5465 Germaniae
3149 5449 3165 5478 ,
3212 5409 3475 5477 praesente

1892 5503 2085 5559 Carolo
2136 5501 2328 5572 Magno
2376 5515 2541 5571 rege,
2588 5509 2753 5571 atque
2816 5498 3032 5554 Adriani
3086 5512 3235 5569 papae
3288 5494 3477 5561 legalis

1892 5593 2296 5665 Theophylacto
2342 5599 2397 5648 et
2442 5592 2718 5663 Stephano
2764 5590 3063 5660 episcopis,
3092 5587 3340 5641 damnata
3391 5594 3474 5639 est

1892 5702 2033 5741 anno
2064 5684 2186 5749 794,
2220 5686 2271 5739 in
2300 5683 2525 5754 epistola
2554 5682 2807 5754 synodica
2834 5682 2900 5736 ad
2933 5678 3184 5751 praesules
3206 5675 3472 5743 Hispania:

1892 5781 1969 5835 sic
1994 5777 2181 5835 Isidori
2207 5778 2452 5834 meminit
2477 5794 2490 5829 :
2522 5774 2759 5831 Isidorus
2778 5788 2973 5845 quoque
3006 5772 3058 5824 in
3088 5768 3219 5823 libro
3248 5767 3436 5839 Etyma
3455 5800 3468 5811 -

1891 5873 2142 5944 logiarum
2172 5888 2185 5926 .'
2221 5870 2309 5927 Sic
2332 5877 2523 5935 autem,
2548 5867 2735 5939 inquit,
2769 5865 2860 5921 Dei
2894 5863 3028 5917 Filio
3047 5862 3231 5932 juncta
3268 5870 3341 5915 cst
3377 5860 3469 5913 ltu-
