4048 6364
166 366 269 423 165

1136 358 1525 423 ῊυΟΒΙΑΝΑ
1560 388 1635 405 -—
1674 353 1855 423 PA“
1886 364 1931 421 Ι.
1972 356 2123 421 CAP.
2165 355 2380 418 XXXII.

3341 360 3441 422 166

163 486 447 560 pluresque
467 484 559 539 alii
579 483 816 555 episcopi
837 479 1207 539 interfuerunt.
1232 480 1453 537 Canone
1472 478 1539 533 27
1568 479 1743 550 agitur
1771 480 1823 545 Δ
1848 479 2030 548 debet,
2078 494 2185 533 non
2232 476 2405 533 solum
2455 474 2531 529 uti
2560 473 2717 543 falsa,
2761 474 2858 539 sed
2899 474 3063 545 etiam
3108 474 3184 531 uti
3213 475 3277 531 iis
3317 493 3438 548 qua:

163 580 230 634 de
260 576 467 633 clericis
507 575 598 645 qui
635 574 703 630 ad
755 573 1009 635 cuculum
1037 570 1429 642 regrediuntur,
1479 578 1640 640 atque
1669 570 1744 625 ita

163 669 499 733 concluditur
535 684 551 722 :
595 666 820 722 Sanctus
861 664 1096 721 Isidorus
1145 662 1273 718 tales
1326 661 1744 733 hippocentauris

166 762 289 814 dicit
336 776 447 814 esse
487 758 699 821 similes,
748 758 834 827 qui
870 772 959 811 nec
994 756 1147 826 equi,
1178 770 1271 809 nec
1298 754 1567 821 homines,
1594 760 1746 824 atque

164 851 311 922 quasi
344 848 494 901 bruta
531 847 786 901 animalia
817 845 1048 900 libertate
1088 862 1149 898 ac
1178 846 1338 916 202
1370 843 1626 897 desiderio
1653 858 1744 896 suo

166 945 415 1012 feruntur.
448 937 714 1011 Exest-pta
745 938 1008 995 sententia
1040 936 1123 994 est
1149 944 1212 993 es
1248 934 1447 995 Isidoro
1466 978 1480 1005 ,
1514 924 1652 993 libro
1679 949 1739 1003 ιι,

166 1033 403 1088 OlliciOr.
434 1033 760 1099 ecclesiast.,
794 1049 913 1102 cap.
946 1024 999 1085 5.

234 1125 321 1179 ii.
357 1125 453 1181 His
495 1125 732 1197 quinque
769 1122 1008 1179 conciliis
1038 1130 1069 1177 ιι
1097 1121 1315 1191 Dignum
1360 1118 1607 1176 indicati
1637 1117 1743 1173 Ilia

166 1216 285 1273 addi
314 1223 541 1288 possunt
568 1224 687 1286 quatl
715 1212 899 1269 Isidori
941 1212 1241 1269 ddctrinatn
1283 1209 1747 1267 contmendarunt.

166 1310 319 1364 Anno
364 1307 469 1362 874
511 1306 748 1362 habitum
788 1304 889 1360 fuit
924 1304 1207 1367 concilium
1248 1303 1575 1358 Duziacensc
1602 1306 1661 1357 tt.
1691 1296 1749 1355 In

167 1400 394 1470 epistola
443 1398 605 1467 hujus
631 1396 847 1453 concilii
892 1396 1150 1467 synodica
1180 1395 1246 1451 ad
1274 1394 1555 1465 episcopos
1581 1392 1749 1461 Aqui-

169 1491 323 1545 taniae
353 1490 433 1545 sic
464 1489 692 1544 Isidorus
720 1498 786 1543 ex
813 1480 901 1541 lib.
936 1502 1009 1541 ιιι.
1041 1485 1273 1556 Etymol.
1305 1499 1423 1554 cap.
1455 1484 1489 1537 6
1513 1484 1748 1539 cltatur:

170 1579 406 1637 Isidorus
452 1584 622 1653 itaque
644 1578 705 1635 de
732 1578 1178 1650 consanguinitate
1199 1575 1273 1631 sic
1300 1576 1564 1649 loquitur:
1593 1572 1755 1646 Cujus

165 1677 316 1730 series
343 1684 539 1741 septem
569 1672 813 1745 gradibus
840 1672 1102 1726 dirimitur
1129 1670 1223 1726 hoc
1245 1668 1423 1739 modo,
1453 1675 1563 1725 etc.

234 1764 320 1819 15.
374 1760 641 1818 Generale
690 1762 978 1817 concilium
1010 1760 1383 1816 Florentinnm
1414 1773 1511 1830 pro
1553 1756 1759 1813 union.

1848 570 2160 641 praecedunt
2189 570 2480 627 contraria.
2501 568 2889 626 Torismundus
2918 570 3082 635 enim,
3116 568 3436 627 Theudorici

1850 663 2013 731 titius,
2056 680 2199 719 anno
2236 662 2341 718 447
2366 663 2610 728 vivebat;
2649 661 2793 732 quod
2824 670 3033 733 tempus
3069 661 3135 715 ab
3162 662 3369 732 lsidorit
3386 670 3441 721 et

1848 753 2095 824 Gregorii
2147 754 2324 825 Magni
2366 754 2697 825 temporibus
2742 753 2896 808 valde
2951 753 3135 808 distat.
3186 752 3436 824 Alioquin

1851 844 2204 903 Provincialis
2248 845 2525 901 historiam
2558 853 2861 916 temporum
2893 846 3025 902 satis
3048 846 3194 902 clare
3222 856 3436 918 pertur-

1850 938 1941 992 bat
1976 957 1987 991 :
2022 938 2195 993 innuit
2238 939 2381 993 enim
2402 978 2416 1003 ,
2464 938 2515 991 in
2547 937 2792 993 conciliis
2819 936 3256 1009 Hispaniensibus
3295 939 3440 995 cele-

1852 1030 2020 1087 bratis
2062 1037 2186 1102 post
2233 1029 2495 1099 ejuratam
2526 1030 2757 1085 haeresin
2786 1029 3039 1095 Arisnam
3092 1031 3147 1085 iu
3176 1030 3437 1103 Symbolo

1850 1120 2087 1177 additam
2117 1119 2283 1175 fuisse
2303 1122 2705 1191 processionem
2727 1122 2957 1193 Spiritus
2984 1124 3155 1195 sancti
3186 1139 3252 1180 ex
3284 1121 3440 1179 Patre

1854 1218 1909 1265 et
1958 1210 2149 1277 Filio;
2195 1211 2339 1281 quod
2406 1211 2634 1281 primum
2686 1212 2885 1267 factum
2942 1213 3133 1271 asserit
3188 1222 3430 1285 tempore

1852 1300 2051 1358 Leonis
2072 1317 2223 1377 papa:
2246 1302 2300 1357 in
2324 1301 2526 1373 Regula
2550 1302 2673 1359 lidei
2700 1304 3172 1374 catholicze,quam
3200 1307 3436 1379 episcopi

1853 1389 2306 1457 Tarraconenses,
2332 1390 2800 1462 Carthaginenses,
2820 1402 2875 1450 et
2896 1393 3158 1462 Lusitani,
3181 1402 3234 1449 et
3261 1394 3444 1453 Baetici

1853 1483 2116 1549 fecerunt,
2144 1492 2200 1538 ct
2228 1498 2349 1539 cum
2380 1493 2649 1553 przecepto
2681 1498 2831 1552 papa:
2855 1482 3052 1539 Leonis
3078 1486 3224 1543 urbis
3254 1485 3440 1543 Romae

1854 1572 1919 1629 ad
1948 1560 2263 1629 Baleonium
2296 1574 2607 1644 episcopum
2629 1571 2893 1629 Callaecia:
2927 1576 3205 1637 miserunt.

1928 1666 2019 1721 16.
2051 1664 2159 1723 Res
2184 1665 2257 1722 ita
2284 1681 2343 1722 se
2371 1666 2536 1722 habet
2566 1684 2578 1719 :
2610 1682 2750 1720 anno
2777 1665 2883 1720 400
2910 1679 3157 1724 coactum
3192 1666 3287 1725 fuit
3317 1686 3441 1727 con-

1857 1758 2039 1814 cilium
2069 1747 2388 1814 Toletanum
2412 1776 2450 1822 ι,
2481 1774 2589 1830 quo
2620 1758 2825 1828 Regula
2844 1759 2965 1814 lidei
2995 1756 3232 1815 exhibita
3254 1756 3370 1828 fuit,
3391 1772 3446 1820 et

164 1857 480 1914 Graecorum
523 1870 684 1910 anno.
718 1854 857 1909 M59
888 1853 1129 1909 habitum
1174 1848 1293 1907 fuit.
1326 1849 1487 1905 Parte
1515 1846 1751 1933 secunda
1779 1869 1834 1933 η
1856 1847 2131 1920 processio
2168 1839 2399 1920 Spiritus
2426 1849 2598 1905 sancti
2628 1865 2695 1904 ex
2723 1848 2880 1905 Patre
2906 1848 3150 1921 Filioque
3172 1855 3447 1923 conceptis

168 1950 325 2022 hujus
354 1949 598 2018 concilii,
628 1938 809 2005 collat.
840 1946 942 2013 21,
982 1936 1220 2003 Ioannes
1260 1944 1328 2000 de
1358 1936 1537 2001 Monte
1565 1932 1751 2012 Nigro,

167 2043 283 2099 ord.
318 2042 573 2108 Praedia,
600 2040 946 2112 provincialis
970 2038 1321 2104 Lomhardiaa,
1353 2035 1755 2107 processioan

165 2137 398 2208 Spiritus
424 2138 597 2199 sancti
627 2152 693 2192 ex
721 2136 877 2191 Patre
900 2143 954 2190 et
975 2132 1111 2190 Filio
1141 2131 1327 2191 Isidori
1362 2132 1536 2189 verbis
1563 2139 1754 2188 contra

166 2227 384 2284 Graecos
416 2227 771 2283 conﬁrmavit.
808 2220 981 2280 Etiam
1008 2226 1072 2280 de
1102 2226 1325 2295 tempore
1356 2222 1490 2278 beati
1518 2219 1755 2295 Gregdrii

170 2318 381 2391 Dialogi
424 2319 599 2389 ﬂoruit
647 2316 883 2373 Isidorus
927 2318 1133 2372 amitte
1161 2318 1215 2369 in
1255 2314 1557 2384 Hispania:
1597 2328 1757 2375 unum

168 2411 277 2480 ejus
308 2410 661 2465 testimonium
688 2408 877 2462 diram.
911 2405 1061 2461 Fecit
1089 2406 1273 2460 librum
1316 2398 1758 2475 Etymologiarum

168 2499 387 2553 divisum
413 2500 468 2553 in
500 2516 609 2555 xm
638 2498 817 2554 libros.
853 2496 919 2550 In
948 2497 1247 2551 duodecimo
1276 2494 1406 2550 libro
1426 2535 1439 2559 ,
1474 2508 1591 2563 cap.
1621 2486 1657 2546 3
1682 2492 1758 2547 sic

169 2590 241 2643 ait
286 2606 300 2641 :
348 2586 466 2647 Hoc
509 2600 680 2644 autem
718 2590 930 2643 interest
971 2587 1106 2641 inter
1150 2596 1445 2647 nascentem
1474 2579 1670 2637 Filium
1710 2592 1763 2638 et

167 2680 528 2745 procedentem
577 2680 832 2751 Spiritum
854 2718 869 2743 ,
916 2680 1035 2749 quia
1080 2676 1125 2729 Γ
1130 2679 1250 2730 ilius
1276 2676 1339 2729 ab
1369 2692 1471 2729 uno
1500 2674 1759 2739 nascitur,

165 2775 213 2820 et
243 2767 479 2839 Spiritus
515 2766 580 2821 ab
612 2776 828 2837 utroque
861 2766 1116 2837 procedit;
1148 2765 1262 2818 ideo
1291 2765 1480 2817 dicitur
1510 2779 1527 2816 :
1561 2764 1620 2817 Si
1650 2762 1763 2832 quis

166 2858 424 2930 Spiritum
461 2859 654 2912 Christi
694 2876 798 2913 non
828 2856 1001 2924 habet,
1050 2873 1150 2911 non
1183 2856 1257 2910 est
1287 2857 1516 2927 ejus.....
1547 2850 1614 2907 Et
1642 2854 1763 2924 quia

160 2960 282 3020 post
311 2952 473 3004 istum
500 2950 762 3006 doctorem
790 2958 897 3003 tota
924 2950 1094 3019 patria
1125 2947 1483 3018 Hispanorum
1509 2961 1622 3001 cum
1646 2962 1767 3017 rege

164 3041 492 3109 Reccaredo,
531 3043 619 3113 qui
668 3034 837 3113 fuerat
883 3034 1126 3105 Arianae,
1156 3056 1272 3095 cum
1300 3039 1766 3112 prcedecessoribus

166 3134 297 3201 suis,
347 3135 623 3205 confutata
665 3128 850 3188 [uereri
876 3132 1220 3199 Arianorum,
1249 3138 1299 3187 et
1325 3148 1386 3186 ea
1415 3130 1762 3186 anathenmti-é

1858 1938 2038 1999 verbis
2060 1958 2334 2014 expressa.
2363 1932 2488 1999 Haec
2513 1942 2701 1998 eadem
2729 1941 2931 2010 Regula
2946 1940 3065 1998 tldei
3089 1959 3156 1999 ex
3178 1954 3449 2017 praecepto

1856 2022 2054 2091 Leonis
2130 2050 2284 2109 papae
2346 2051 2376 2090 a
2436 2034 2666 2091 concilio
2734 2033 3071 2104 Hispanico,
3114 2037 3448 2107 temporibus

1858 2120 2178 2188 Theodorici
2216 2141 2271 2188 et
2303 2132 2644 2189 Torismundi
2706 2148 2848 2187 anno
2892 2133 2997 2188 447
3030 2133 3325 2205 celebrato,
3379 2132 3447 2187 ad

1858 2212 2169 2277 Balconiun:
2218 2221 2355 2296 (non
2411 2221 2759 2293 Baleonium)
2816 2224 3130 2294 episcopum
3179 2224 3446 2285 Gallmcia:

1858 2312 2171 2368 transmissa
2199 2308 2320 2367 fuit.
2354 2304 2485 2380 Quae
2514 2313 2693 2367 omnia
2726 2304 3018 2369 Reccaredi
3056 2315 3196 2384 regis
3237 2324 3448 2387 tempus

1859 2403 1959 2457 sub
1986 2417 2094 2472 quo
2124 2403 2311 2473 Gothi,
2343 2403 2541 2459 Ariana
2592 2404 2783 2461 bzcresi
2821 2404 3049 2475 ejurata,
3076 2406 3235 2471 tidem
3259 2394 3447 2469 catho-

1859 2490 2015 2548 licam
2046 2495 2280 2567 amplexi
2318 2502 2460 2563 sunt,
2502 2494 2660 2566 longe
2706 2499 3063 2567 praeessisse.
3100 2508 3306 2553 certum
3337 2506 3445 2555 est.

1861 2584 1917 2640 In
1965 2587 2139 2644 indice
2189 2587 2537 2647 Collectionis
2586 2591 2782 2646 veteris
2830 2607 3097 2647 canonum
3142 2591 3449 2663 Hispaniae,

1862 2692 2023 2748 quem
2053 2680 2355 2751 Aguirrius,
2384 2691 2438 2737 et
2460 2681 2697 2737 Cennins
2719 2682 3021 2752 ediderunt,
3046 2674 3138 2738 lib.
3162 2700 3233 2747 tv,
3280 2685 3363 2737 tit.
3397 2683 3449 2751 l,

1864 2766 2062 2825 diserte
2092 2771 2356 2839 allegatur
2387 2770 2583 2843 Regula
2614 2773 2738 2841 ﬁdei
2769 2771 2942 2826 habita
2973 2775 3023 2826 in
3055 2773 3271 2827 concilio
3304 2773 3452 2828 Tole-

1869 2866 1989 2914 tcno
2045 2862 2235 2929 primo.
2284 2852 2340 2913 In
2391 2862 2492 2916 hac
2542 2850 2744 2930 Regula
2789 2862 2900 2931 jam
2940 2858 3007 2917 ab
3058 2862 3209 2918 initio
3255 2864 3450 2917 lectam

1868 2944 2031 3005 fuisse
2053 2951 2368 3022 particulam
2387 2949 2629 3023 Filioque
2656 2952 2891 3007 ostendit
2917 2944 3194 3009 Florezius
3220 2962 3373 3008 tract.
3395 2952 3448 3018 6,

1868 3034 2076 3097 dissert.
2131 3040 2185 3111 1,
2233 3039 2383 3113 Hisp.
2424 3058 2588 3111 sacr.,
2622 3051 2811 3099 Contra
2848 3042 3139 3101 nonnullos
3175 3036 3265 3115 qui
3308 3044 3452 3101 nulla

1870 3128 2064 3188 idonea
2093 3132 2304 3189 ratione
2334 3128 2437 3189 hac
2466 3124 2516 3187 in
2550 3140 2703 3205 parte
2743 3134 3121 3205 interpolatam
3166 3132 3331 3191 fuisse
3361 3151 3447 3190 ar-

172 3232 312 3289 zata,
366 3232 674 3294 receperunt
713 3224 898 3291 ﬁda»,
943 3233 992 3278 et
1044 3224 1140 3294 fuit
1168 3240 1372 3279 necesse
1400 3216 1552 3293 plura
1592 3225 1645 3276 in
1674 3238 1765 3277 suo
1794 3214 1840 3277 C
1873 3216 2160 3281 bitrantur.

170 3315 277 3371 loco
307 3318 445 3384 ﬁeri,
472 3316 529 3370 ut
554 3310 647 3371 illa
673 3330 798 3390 gens
823 3332 888 3372 ea
919 3319 1177 3391 [nqaenti
1206 3314 1553 3373 celebratione
1580 3320 1761 3372 saucia

172 3409 357 3463 liorum
411 3400 723 3463 imbueretur
768 3410 823 3463 in
868 3400 991 3479 ﬁde,
1040 3416 1090 3462 et
1136 3402 1244 3463 lucc
1284 3398 1509 3462 concilia
1557 3408 1764 3479 {uerunt

174 3512 373 3569 magna:
402 3492 749 3565 auctoritatis,
779 3500 836 3552 in
866 3496 1045 3570 quibus
1066 3497 1236 3571 aliqua
1264 3498 1327 3554 de
1356 3496 1459 3568 ﬁde
1480 3497 1619 3551 dicta
1644 3498 1765 3552 sunt

175 3600 350 3644 contra
376 3590 644 3645 Itwreticos
666 3606 685 3645 :
709 3599 758 3644 et
778 3589 1014 3644 Ecclesia
1033 3592 1272 3645 uniuersa
1294 3588 1479 3645 Crwca
1503 3597 1552 3643 et
1581 3578 1768 3643 Latina

178 3696 284 3735 cum
313 3698 509 3753 magna
534 3683 859 3737 veneratione
888 3691 1188 3752 receperunt
1216 3682 1309 3735 illa
1342 3680 1595 3745 concilia,
1623 3688 1671 3733 et
1694 3678 1766 3733 ibi

182 3773 272 3843 fuit
297 3776 439 3845 facta
472 3774 653 3845 regula
680 3774 802 3844 ﬁdei
831 3774 925 3829 hoc
967 3771 1118 3829 modo
1151 3789 1169 3827 :
1202 3771 1399 3845 Regula
1428 3771 1552 3839 ﬁdei
1590 3766 1768 3825 cut/to-

183 3852 288 3919 licte
311 3908 326 3933 ,
358 3882 520 3937 quam
557 3867 783 3935 episcopi
823 3864 1276 3947 Carthaginenses,
1324 3875 1454 3921 etc.:
1500 3860 1768 3917 Credimus

182 3958 231 4011 in
260 3975 415 4014 unum
440 3974 619 4015 verum
648 3958 835 4026 Deum,
866 3966 972 4014 etc.

253 4068 335 4127 11.
376 4072 639 4143 Quaedam
686 4073 793 4129 hoc
840 4064 963 4129 loco
993 4070 1467 4128 animadvertenda
1507 4076 1651 4127 sunt.
1694 4070 1770 4127 De

191 4181 402 4223 numero
446 4167 710 4225 librorum
758 4156 1220 4237 Etymologiarutn
1273 4182 1379 4221 non
1433 4156 1768 4223 conveniunt

193 4254 318 4310 inter
358 4272 416 4313 se
459 4256 691 4313 Codices
735 4272 888 4325 mss.,
936 4265 994 4311 ut
1034 4256 1160 4311 alibi
1204 4271 1492 4327 exponam.
1531 4252 1771 4310 Joannes

192 4342 533 4404 Provincialis
560 4340 658 4419 (ita
686 4350 827 4404 enim
852 4349 903 4403 in
925 4346 1071 4404 Actis
1087 4348 1301 4405 concilii
1331 4347 1591 4418 appellari
1606 4344 1768 4416 solet)

195 4453 294 4495 χιιι
313 4440 478 4498 libros
511 4441 763 4512 agnovit,
808 4450 865 4497 et
928 4438 1048 4496 libri
1072 4456 1143 4495 xu
1168 4446 1330 4511 caput
1359 4440 1393 4493 5
1421 4437 1623 4494 indicat
1648 4452 1768 4493 cum

194 4528 367 4589 Isidori
416 4533 654 4602 allegat:
697 4532 863 4588 verba
895 4539 1109 4588 exstent
1149 4532 1242 4587 lib.
1276 4547 1346 4586 vn
1373 4547 1496 4601 cap.
1526 4530 1580 4585 ὅ.
1612 4529 1769 4599 Apud

2317 3310 2475 3395 20:.
2526 3310 2755 3377 CAPUT
2802 3310 3013 3375 xxxn.

1869 3431 2069 3505 Isidori
2084 3435 2373 3505 auctoritas
2396 3434 2536 3505 apud
2566 3434 2861 3505 collectores
2892 3450 3157 3505 sacrorum
3179 3450 3451 3505 canonum.

1941 3503 2181 3558 Gratiani
2231 3502 2454 3558 canones
2504 3522 2565 3559 ea:
2626 3502 2819 3559 Isidori
2877 3504 3114 3573 operibus
3175 3522 3207 3558 a
3262 3503 3452 3561 Carolo

1941 3574 2253 3631 Sebastiano
2282 3573 2517 3630 Berardo
2546 3576 2787 3643 indicati,
2817 3582 2866 3628 et
2894 3575 3129 3630 correcti.

1941 3684 1993 3742 1.
2034 3688 2267 3744 Sanctus
2319 3687 2428 3743 Leo
2478 3684 2545 3741 IV
2595 3686 2832 3757 pontifex
2891 3684 3169 3743 Romanus
3222 3687 3452 3753 censuit,

1870 3778 2238 3835 ecclesiastica
2265 3778 2499 3847 negotia,
2530 3792 2650 3847 qua:
2690 3792 2757 3833 ex
2780 3778 3133 3834 conciliorum
3156 3785 3247 3833 aut
3274 3777 3454 3848 ponti-

1872 3872 2031 3927 ﬁcUm
2061 3870 2431 3926 Romanorum
2456 3868 2689 3925 decretis
2718 3869 2921 3939 liquido
2947 3870 3179 3939 judicari
3208 3886 3314 3926 non
3340 3886 3459 3939 pos-

1869 3966 2014 4025 sunt,
2047 3961 2171 4030 quia
2220 3958 2431 4015 scilicet
2476 3958 2611 4015 nihil
2641 3968 2847 4015 certum
2895 3968 3053 4015 antea
3085 3962 3163 4016 eis
3192 3960 3259 4015 de
3293 3962 3454 4016 rebus

1871 4052 2149 4109 deﬁnitum
2197 4050 2394 4119 luerat,
2443 4060 2512 4108 ex
2551 4049 2708 4106 dictis
2726 4048 3086 4122 Hieronymi,.
3130 4048 3455 4119 Augustini},

1872 4136 2085 4213 isidori,
2137 4150 2192 4201 et
2233 4140 2489 4200 similium
2538 4142 2794 4199 Ecclesiae
2835 4142 3117 4199 doctorum
3148 4157 3265 4199 esse
3314 4142 3461 4198 deci-

1874 4237 2067 4293 denda.
2100 4226 2227 4307 Ejus
2256 4236 2424 4292 Verba
2455 4248 2575 4307 cap.
2606 4233 2678 4291 29
2705 4232 2943 4292 exhibui.
2988 4233 3047 4291 In
3074 4234 3258 4290 multis
3280 4234 3463 4291 conci-

1875 4329 1957 4385 liis
2004 4329 2192 4400 quanti
2239 4326 2494 4399 ponderis
2538 4326 2729 4383 Isidori
2772 4327 3068 4383 auctoritas
3112 4325 3290 4393 fuerit,
3334 4342 3457 4396 cap.

1876 4430 2059 4493 super.
2087 4421 2315 4487 ostendi,
2344 4420 2437 4475 ubi
2462 4420 2625 4476 etiam
2650 4418 2721 4475 de
2742 4417 3070 4475 collectione
3098 4412 3458 4474 Decretalium

1878 4512 2119 4584 Gregorii
2149 4511 2243 4579 IX,
2271 4513 2325 4567 in
2354 4526 2459 4582 qua
2490 4511 2681 4568 Isidori
2715 4512 2873 4567 verba
2903 4525 3047 4582 saepe
3066 4511 3457 4581 producuntur,

197 4618 443 4679 lsidorum
470 4598 637 4695 paulo
667 4623 826 4678 aliter
858 4622 908 4677 id
930 4622 1123 4691 legitur
1154 4640 1167 4676 :
1202 4630 1251 4675 et
1274 4598 1633 4688 procedentem
1651 4598 1773 4687 Spi-
1802 4603 2042 4687 Dvorba
2089 4600 2214 4659 τεοῖο
2272 4601 2425 4658 Nune
2468 4602 2536 4695 tle
2583 4602 2655 4695 iis
2692 4600 2866 4656 dicam
2913 4601 3007 4695 qui
3060 4598 3462 4695 ecclesiasticos

200 4714 341 4769 ritum
367 4725 627 4783 sanctum,
654 4714 773 4787 quia
803 4712 850 4768 F
854 4714 972 4769 ilius
998 4730 1063 4769 ex
1090 4729 1194 4768 uno
1233 4712 1483 4777 nascitur,
1514 4721 1563 4765 et
1598 4709 1771 4780 Spiri-

202 4814 271 4859 tus
294 4819 498 4863 sanctus
529 4826 596 4864 es;
622 4816 835 4879 utroque
861 4806 1087 4875 procedit
1117 4823 1135 4860 :
1175 4815 1225 4861 et
1248 4806 1363 4860 ideo
1393 4804 1519 4859 dicit
1548 4802 1774 4873 Aposto-

200 4892 307 4951 lus:
339 4896 436 4962 Qui
468 4899 726 4969 Spiritum
750 4896 963 4960 Christi,
994 4905 1097 4952 etc.
1118 4895 1272 4963 Quod
1304 4904 1485 4949 autem
1522 4900 1645 4964 post
1672 4892 1771 4947 Isi.

204 4987 377 5045 dorum
408 4990 687 5062 Hispania,
712 4989 937 5046 haeresin
969 4986 1221 5043 Arlauam
1252 4985 1527 5055 abjurasse
1552 4983 1771 5051 dicitur,

205 5081 385 5137 rationi
413 5092 720 5155 temporum
748 5098 813 5138 ac
840 5080 1050 5137 veritati
1079 5074 1239 5152 303
1267 5078 1541 5134 bistoricaa
1568 5076 1620 5133 id
1664 5091 1773 5131 non

209 5176 465 5245 congruit;
495 5191 561 5232 ac
580 5174 864 5246 legendum
890 5182 1021 5245 puto
1043 5190 1133 5244 per
1159 5174 1314 5227 istum
1337 5172 1645 5234 doctiorem,
1669 5182 1779 5224 non

210 5274 311 5333 post
336 5267 500 5338 ipsum
527 5268 811 5343 doctorem,
838 5264 1140 5337 praesertim
1172 5265 1294 5335 quia
1325 5265 1441 5332 ipse
1472 5260 1778 5317 Provincia-

211 5351 269 5409 lis
295 5358 540 5416 observat
564 5358 827 5433 lsidorum
867 5367 1113 5431 tempore
1154 5354 1398 5425 Gregorii
1430 5352 1645 5424 Magni,
1686 5351 1778 5422 qui

214 5458 241 5498 δ
264 5445 595 5522 Dialogorum
646 5440 801 5508 libris
836 5448 1091 5520 Dialogus
1122 5446 1307 5506 vocari
1340 5446 1645 5513 consuevit,
1678 5434 1778 5500 llo-

218 5551 390 5597 l‘lIISSG.
1360 5558 1365 5565 ”

283 5652 363 5710 l5.
394 5655 506 5714 Hac
532 5659 695 5717 etiam
723 5658 793 5715 de
835 5672 998 5714 causa
1024 5645 1388 5725 discrepantia
1435 5640 1685 5707 lectionis
1726 5648 1781 5704 in

1877 4706 2117 4750 canones
2154 4696 2209 4749 in
2236 4708 2399 4749 unum
2442 4692 2660 4762 aliquod
2680 4702 2877 4761 carpas
2907 4691 3117 4763 privato
3143 4690 3324 4746 Studio
3350 4690 3463 4747 col-

1876 4788 2124 4859 legerunt
2148 4800 2203 4843 et
2234 4786 2510 4857 prodeatis
2528 4784 2718 4841 [sideri
2742 4784 3025 4841 sententiis
3050 4782 3161 4840 suis
3185 4780 3465 4839 collectio-

1878 4892 1976 4936 nes
2002 4879 2359 4934 illustrarunt.

1948 4990 2001 5044 2.
2030 4982 2417 5045 Collectionem
2446 4998 2738 5056 canonum,
2770 4989 2824 5043 in
2852 4995 3061 5059 septem
3092 4980 3253 5043 libros
3282 4982 3464 5045 distri-

1879 5084 2090 5153 butum,
2119 5082 2317 5138 saeculo
2347 5096 2422 5135 xu
2446 5081 2665 5136 ineunte
2693 5077 3021 5148 cenfectatn,
3054 5074 3469 5134 exbihetCodex

1880 5177 2176 5234 Vaticanus
2234 5170 2394 5242 1546,
2462 5172 2530 5231 de
2581 5184 2689 5246 quo
2743 5180 2909 5244 agdnt
2961 5168 3126 5229 etiam
3194 5169 3467 5226 Ballerinii

1879 5279 2020 5346 part.
2074 5284 2144 5336 tv,
2188 5280 2307 5341 Cap.
2343 5266 2429 5335 18,
2464 5266 2532 5323 de
2562 5266 2733 5339 antiq.
2766 5281 2959 5323 canon.
3004 5260 3230 5322 Collect.
3262 5262 3465 5318 Passim

1880 5366 1935 5425 in
1973 5367 2077 5424 hac
2121 5358 2439 5422 Collectione
2484 5361 2675 5419 lsidori
2735 5356 3028 5418 auctoritas
3075 5361 3363 5429 allegatur,
3413 5363 3470 5410 et

1883 5473 2005 5531 pag.
2057 5454 2119 5511 15
2155 5460 2289 5526 terg.
2322 5454 2599 5525 catalogus
2638 5452 3022 5511 hmreticorum
3050 5468 3119 5508 ex
3157 5447 3307 5505 libris
3335 5444 3463 5519 Ety-

1884 5548 2240 5622 mologlarum
2269 5546 2460 5604 Isidori
2491 5548 2740 5603 sumitur.
2773 5540 3123 5602 Collectionis
3152 5541 3465 5609 Canonum,

1886 5656 2004 5715 qua:
2032 5649 2208 5700 exstat
2233 5641 2285 5696 in
2314 5639 2518 5697 Codice
2550 5639 2967 5694 membranaceo
2994 5635 3048 5690 in
3079 5632 3172 5690 fol.
3206 5631 3466 5704 episcopii

222 5747 447 5815 margine
474 5748 771 5807 hbbeane
798 5746 1132 5805 collecticnis
1160 5724 1410 5812 indicata,
1438 5744 1643 5801 scilicet
1666 5758 1783 5798 suis
1891 5735 2259 5802 Pistot'iensis,
2304 5734 2525 5798 titulus.
2558 5734 2672 5789 sive
2708 5739 2872 5801 caput
2898 5728 3002 5785 185
3043 5746 3056 5783 :
3097 5724 3176 5784 De
3237 5741 3468 5780 resurre-

227 5842 329 5908 τερα
374 5839 709 5901 Torismundo
766 5854 862 5916 pro
915 5851 1030 5899 cum
1079 5850 1195 5917 rege
1248 5838 1538 5897 lteccuredo
1561 5876 1576 5903 ,
1631 5834 1787 5908 rejici
1889 5833 2056 5888 ctione
2070 5839 2405 5896 mortuorum,
2421 5836 2471 5883 et
2500 5824 2562 5881 dc
2580 5823 2770 5898 gaudio
2801 5824 3069 5890 bonorum,
3097 5838 3155 5876 ac
3185 5834 3335 5889 ptena
3358 5822 3466 5871 ma.
