4070 6362
316 341 421 401 177

1315 341 1721 401 ISIDORIANA.
1763 370 1832 383 —
1871 339 2046 400 PARS
2085 339 2128 397 1.
2168 338 2324 399 CAP.
2370 336 2588 396 XXXII.

3495 340 3598 399 I78

314 469 405 517 tur
434 457 691 515 adversus
735 463 983 529 raptores
1011 456 1085 513 ita
1117 467 1413 531 conceptus
1442 478 1455 514 :
1498 456 1699 526 Siquis
1734 469 1901 515 autem
1935 462 1981 522 Α
2009 457 2321 529 Quacunque
2346 465 2458 512 arte
2491 456 2760 531 uerborum
2788 458 2999 531 quisque
3028 457 3190 531 juret,
3230 452 3370 531 Deus
3400 465 3597 531 tamen,

315 539 433 604 post
460 532 592 584 hanc
619 528 924 585 sententiam
952 546 983 583 a
1015 528 1184 604 nobis
1211 528 1472 602 prolatam
1499 533 1663 586 sciens
1689 547 1805 585 cum
1830 532 1903 604 eis

315 600 784 674 communicaverit,
808 618 911 655 uno
930 600 1471 674 eodemque'mucrone
1492 619 1606 657 cum
1628 604 1757 674 ipsis
1778 603 1909 674 soiat

314 690 371 729 se
391 689 424 727 α
462 671 606 727 nobis
634 690 744 728 esse
772 688 1087 744 percussum.
1123 671 1287 744 :I-lanc
1331 671 1766 743 Moguntinorum
1794 671 1908 744 iPa-

316 754 458 799 trum
490 743 812 799 sententiam
842 743 960 797 aliis
986 743 1164 813 verbis
1200 744 1289 798 lvo
1318 743 1677 813 descripserat
1710 745 1773 813 in,
1792 743 1910 797 lau-

315 816 443 871 dato
468 815 646 882 capite
675 814 763 882 96,
797 823 959 884 atque
998 815 1069 869 ita
1101 812 1425 883 descriptam
1471 812 1523 868 in
1563 830 1716 871 suum
1748 812 1911 869 Codi-

316 900 435 943 cem
483 885 740 956 oollector
789 893 972 941 noster
1020 886 1341 940 transduxit.
1384 884 1572 955 Itaque
1600 887 1910 956 quicunque

315 954 820 1027 velitCratianeum
849 971 1110 1027 canonem
1149 964 1297 1013 recte
1325 954 1665 1027 interpretari
1690 998 1704 1021 ,
1734 954 1910 1026 primo

317 1026 584 1095 intelliget
613 1026 754 1098 apud
783 1026 1077 1083 monachos
1103 1036 1322 1082 cautum
1368 1026 1550 1096 fuisse,
1578 1038 1637 1083 ιιι
1665 1029 1734 1083 ob
1762 1036 1909 1083 certa

314 1098 540 1153 crimina
572 1098 820 1153 monachi
865 1113 894 1151 a
926 1108 1243 1154 cteterorum
1274 1100 1550 1154 consortio
1588 1114 1909 1169 separaren-

312 1177 430 1234 tur;
464 1169 658 1223 deinde
690 1168 949 1236 intelliget
976 1184 1071 1226 eos
1098 1170 1189 1238 qui
1220 1170 1527 1239 raptoribus
1551 1168 1911 1226 communica-

312 1239 537 1301 vissent,
573 1255 642 1294 ex
664 1239 981 1295 dellnitione
1019 1240 1454 1309 Moguntinorum
1495 1241 1715 1297 Patrum
1749 1240 1909 1296 simili

312 1324 473 1380 pmna
526 1309 689 1366 fuisse
730 1309 1081 1367 damnandos.
1132 1309 1282 1366 Hanc
1326 1313 1494 1381 ipsam
1544 1312 1910 1381 deﬁnitionem

310 1381 414 1453 sub
456 1382 678 1436 nomine
723 1390 930 1437 octava:
977 1383 1167 1453 synodi
1206 1380 1430 1451 legimus
1479 1383 1530 1437 in
1571 1399 1777 1440 canone
1816 1380 1910 1453 28,

313 1451 507 1507 eadem
537 1467 698 1506 causa
732 1462 788 1506 et
818 1451 1148 1523 quaestione;
1180 1470 1486 1523 quanquam
1515 1456 1569 1509 in
1595 1454 1745 1508 nullo
1776 1451 1909 1508 con;

311 1522 462 1585 cili".
493 1525 636 1590 quod
683 1522 934 1578 octavum
972 1522 1211 1591 dicitur,
1250 1522 1570 1593 reperiatur.
1622 1525 1756 1579 Sunt
1798 1524 1913 1579 haec

310 1593 638 1648 emblemata
682 1593 946 1659 Gratiani,
976 1595 1064 1663 qui
1108 1597 1378 1666 corruptis
1421 1610 1545 1650 usus
1584 1596 1911 1660 Codicibus,

311 1678 425 1719 non
473 1665 661 1738 semel
690 1666 790 1719 sub
822 1667 1039 1720 nomine
1087 1665 1291 1721 octavae
1340 1668 1531 1738 synodi
1580 1666 1820 1738 laudavit
1849 1681 1913 1719 ea

310 1748 436 1804 qua:
481 1733 667 1789 lsidori
706 1751 826 1790 esse
854 1738 1213 1805 putabantur,
1260 1737 1338 1791 uti
1373 1733 1912 1793 animadvertendum

309 1806 458 1880 inihi
493 1806 590 1859 fuit
639 1806 691 1860 in
724 1807 890 1876 prima
919 1818 1073 1880 parte
1098 1810 1263 1879 capit.
1298 1806 1385 1871 56,
1435 1808 1701 1880 principio
1723 1850 1739 1874 ,
1779 1816 1833 1862 et
1858 1807 1910 1862 in

310 1874 418 1932 hac
446 1876 557 1947 ipsa
587 1874 739 1947 parte
771 1893 846 1944 ιιι,
877 1874 995 1948 cap.
1030 1877 1083 1933 9.

448 1987 529 2043 De
556 1987 698 2043 libris
724 1990 1133 2056 Sententiarum,
1164 2007 1254 2045 seu
1283 1990 1344 2044 de
1372 1990 1587 2046 Summo
1616 1980 1781 2046 dono.

388 2080 476 2137 16.
523 2082 663 2137 Libri
693 2083 882 2138 lsidori
914 2085 1004 2151 qui
1050 2083 1450 2138 Sententiarum
1494 2084 1762 2147 dicuntur,
1812 2098 1907 2151 apo

312 2152 587 2223 pellantur
613 2155 774 2209 etiam
807 2156 873 2209 de
901 2154 1124 2208 Summo
1154 2154 1329 2219 Bono,
1359 2156 1483 2222 quia
1528 2156 1699 2222 prima
1732 2155 1912 2223 aperis

312 2223 481 2279 verba
530 2226 641 2279 haec
690 2232 864 2279 sunt:
926 2226 1194 2281 Summum
1253 2227 1439 2280 bonum
1495 2225 1631 2280 Deus
1676 2234 1771 2287 est,
1804 2234 1909 2280 etc.

312 2292 512 2351 Tribus
558 2295 750 2351 libellis
777 2294 1114 2351 distributum
1160 2296 1290 2351 i'lud
1331 2307 1449 2364 est,
1494 2297 1911 2365 pulcherrimum

313 2380 468 2431 sane,
500 2375 556 2420 et
597 2367 663 2419 ad
711 2367 849 2421 bene
877 2366 1184 2431 dirigendos
1215 2368 1480 2422 humanos
1508 2366 1731 2420 aliut-tus
1768 2374 1913 2420 recte

311 2436 806 2491 accommodatum.
842 2436 918 2491 Ex
951 2453 1067 2508 cap.
1098 2437 1131 2490 6
1156 2438 1277 2492 libri
1328 2454 1381 2492 ιιι
1426 2439 1476 2492 in
1509 2437 1613 2492 line
1656 2438 1910 2507 deprom-

314 2514 443 2576 ptus
471 2517 551 2562 est
584 2523 758 2564 canon
785 2523 864 2570 ιιι,
899 2508 1023 2564 dist.
1055 2525 1129 2576 γι,
1162 2509 1233 2563 ibi
1264 2527 1276 2561 :
1315 2509 1433 2562 Non
1461 2525 1572 2562 esse
1604 2516 1869 2577 peccatum
1893 2549 1909 2572 ,

313 2577 523 2649 quando
554 2579 784 2634 nolentes
808 2580 1120 2650 imaginibus
1164 2582 1428 2633 nocturnis
1471 2580 1774 2641 illudimur;
1821 2579 1913 2650 sed

316 2657 438 2701 tunc
467 2665 578 2703 esse
598 2661 882 2720 peccatum.
911 2649 957 2703 si
988 2661 1261 2720 antequam
1287 2650 1591 2712 illudamur,
1641 2649 1913 2720 cogitatio-

312 2732 438 2771 num
482 2719 753 2790 affectibus
792 2721 1186 2790 prtereniamur.
1236 2719 1479 2774 Luxuriae
1503 2722 1688 2790 quippe
1726 2720 1911 2789 imagi-
1954 2762 1962 2771 .

314 2805 433 2855 nes,
464 2798 570 2846 etc.
600 2789 827 2857 Reliqua
857 2806 975 2843 cum
1007 2789 1300 2844 Gratianeo
1321 2789 1530 2843 canone
1550 2799 1874 2844 consonant.

391 2859 482 2914 17.
522 2857 579 2915 In
608 2860 799 2913 eodem
828 2859 968 2913 libro
1018 2875 1095 2922 ιιι,
1128 2875 1249 2928 cap.
1287 2858 1373 2920 51,
1424 2860 1618 2928 legitur
1646 2857 1911 2928 canone,

391 2877 416 2911 ι
439 2877 482 2914 ι.
523 2877 579 2915 ιιι
608 2877 799 2913 eouem
831 2877 968 2913 nnro
1018 2877 1095 2922 ιιι,
1128 2877 1188 2913 ca
1236 2899 1249 2913 .
1287 2877 1373 2920 Ol,
1425 2877 1618 2928 tegitur
1646 2877 1818 2913 canon
1855 2877 1911 2924 z,

315 2929 529 3000 dist.9,
556 2929 641 2982 ubi
689 2930 934 2983 nonnulli
980 2931 1145 3000 219
1192 2877 1379 2984 iJsidori
1409 2930 1637 2985 Codices
1671 2927 1911 3000 proillis

316 2999 502 3053 verbis
525 3016 618 3053 nec
644 3000 697 3052 in
728 3015 783 3053 se
810 2999 1043 3054 conveni:
1074 2999 1227 3067 posse
1256 3005 1510 3054 damnare
1532 3000 1681 3071 jura,
1713 2999 1914 3053 habent

315 3084 414 3142 nec
459 3070 513 3142 in
561 3087 616 3124 se
647 3072 883 3124 convenit
911 3072 1157 3140 frustrari
1179 3073 1335 3142 jura;
1370 3073 1419 3124 in
1450 3070 1685 3125 editione
1729 3078 1910 3123 autem

313 3134 605 3212 Breuliana
637 3158 651 3194 :
680 3156 846 3212 neque
868 3134 922 3194 in
948 3158 1002 3194 se
1024 3134 1452 3212 posse'damnare
1469 3143 1617 3212 jura.

2012 532 2097 612 qui
2120 529 2840 612 conscientitnetestis“estnito
2860 529 2956 585 hoc
2979 529 3188 612 accipit,
3219 530 3358 612 sicut
3373 529 3483 612 ille,

2005 598 2238 674 juratur,
2296 600 2556 674 intelligit.
2614 598 2900 674 Dupliciter
2944 598 3131 674 autem;
3163 616 3282 654 reus
3312 601 3404 674 ﬁt,
3437 604 3524 674 qui
3546 611 3601 659 et

2012 671 2111 744 Dei
2141 689 2325 727 nomen
2356 671 2410 725 in
2430 671 2617 725 uanum
2643 673 2953 737 assumit,et
2982 671 3407 744 proximumdolo
3436 671 3598 744 capit.

2012 740 2137 798 Non
2164 754 2238 797 est
2264 744 2668 798 conservandum
2699 740 3098 814 sacramentum,
3130 758 3228 814 quo
3271 742 3464 797 malum
3501 740 3597 799 in.

2016 822 2161 867 caute
2184 815 2514 879 promittitur,
2534 815 2698 884 ueluti
2729 814 2775 867 si
2795 813 3051 884 quispiam
3074 813 3599 884 adulterteperpetuo

2013 900 2128 937 cum
2149 901 2210 937 ea
2227 883 2559 955 permanendi
2588 884 2745 955 ﬁdem
2774 882 3101 954 polliceatur.
3133 882 3479 938 Tolerabilius
3522 896 3603 940 est

2012 956 2148 1008 enim
2190 972 2293 1008 non
2343 955 2557 1026 implrre
2596 964 2977 1009 sacramentum
3022 970 3175 1026 qutun
3216 970 3520 1021 permanere
3544 957 3603 1010 in

2013 1027 2178 1097 stupri
2206 1023 2426 1097 flagitio;
2454 1024 2747 1097 Descripsit
2775 1027 2887 1080 haec
2909 1023 3071 1080 verba
3102 1023 3456 1097 Gratianusin
3477 1041 3599 1097 ca__n.

2015 1093 2107 1160 i5,
2138 1093 2405 1155 causfﬂi.
2437 1110 2528 1163 qu.
2557 1093 2650 1159 4.,
2668 1105 2723 1149 et
2768 1097 2821 1150 in
2842 1112 2963 1151 can.
2992 1097 3044 1158 9,
3078 1110 3227 1151 caus.
3249 1094 3340 1159 ἥ,
3379 1111 3473 1165 qu.
3523 1093 3602 1162 5.,

2014 1182 2134 1237 quae
2161 1182 2291 1221 sane
2318 1167 2362 1221 si
2392 1166 2510 1237 quis
2542 1177 2793 1221 accurate
2850 1167 3163 1237 perpendat,
3196 1167 3376 1220 statim
3404 1167 3603 1222 intelli-

2014 1236 2104 1305 get
2130 1238 2252 1293 inde
2273 1240 2442 1291 everti
2480 1236 2692 1291 illorum
2718 1238 3027 1307 opinionem
3054 1238 3144 1306 qui
3168 1237 3512 1300 mentalibus.
3542 1246 3602 1292 ut

2014 1317 2229 1369 vorant,
2256 1306 2683 1361 restrictionibus
2699 1306 2977 1363 mendacia
3004 1309 3186 1362 fovere
3210 1325 3313 1361 non
3332 1309 3601 1364 dubitant.

2085 1379 2173 1431 22.
2205 1380 2264 1433 In
2290 1379 2425 1432 libro
2446 1394 2523 1441 ιιι,
2548 1393 2665 1446 cap.
2695 1378 2782 1440 5!,
2806 1380 2965 1448 paulo
3016 1387 3139 1448 post.
3169 1380 3330 1433 verba
3357 1382 3605 1443 superius

2015 1451 2185 1505 relata
2216 1455 2265 1503 in
2297 1466 2421 1504 can.
2443 1448 2497 1512 2,
2531 1448 2654 1502 dist.
2684 1448 2734 1513 9,
2770 1449 3014 1516 leguntur
3036 1450 3197 1503 verba
3255 1452 3482 1505 canonis
3511 1449 3601 1514 20,

2016 1537 2166 1576 caus.
2196 1520 2287 1585 Ξῖ),
2318 1536 2410 1588 qu.
2443 1519 2497 1582 5,
2524 1520 2611 1572 ubi
2638 1521 2751 1573 haec
2780 1536 2898 1588 qua:
2926 1530 3223 1588 sequuntur
3251 1536 3350 1589 pro
3380 1519 3603 1576 Gratia.

2020 1593 2132 1646 neis
2160 1591 2702 1646 cruutsubstituenda
2737 1610 2747 1641 :
2783 1589 3056 1659 Principes
3082 1592 3325 1645 swculi...
3354 1590 3606 1645 Caeterum

2016 1672 2157 1716 intra
2175 1662 2531 1716 Ecclesium...
2565 1670 2786 1731 potestas
2813 1662 2905 1715 ltoc
2926 1663 3140 1730 imperet
3186 1678 3274 1731 per
3318 1661 3609 1731 disciplina!

2021 1743 2335 1787 terrorem...
2368 1743 2414 1787 et
2436 1741 2492 1785 ut
2522 1736 2899 1785 venerationem
2923 1740 3201 1795 mereatur,
3226 1733 3412 1786 uirtute
3435 1744 3606 1802 potes-

2021 1806 2141 1859 tatis
2170 1806 2448 1872 impertiat,
2481 1810 2584 1856 etc.

1946 1853 1995 1914 Β
2022 1853 2728 1947 librum
2783 1890 2842 1947 ιι,
2876 1889 2998 1947 cap.
3025 1873 3140 1947 _5_9,
3186 1872 3504 1947 referendus!
3526 1882 3609 1928 est

2017 1943 2310 2008 catum—15.
2339 1960 2486 2006 caus,
2520 1943 2609 2008 52,
2641 1960 2731 2011 qu.
2781 1945 2833 2005 7,
2885 1946 2972 1997 ubi
3025 1943 3258 1998 Isidorus
3313 1943 3608 2011 indicabat,

2016 2016 2359 2085 quandonam
2393 2017 2554 2069 homo
2584 2018 2790 2084 peccati
2841 2015 3016 2069 adhuc
3046 2014 3254 2070 lubrico
3278 2014 3607 2083 inquinetur.

2017 2084 2099 2143 bis
2123 2088 2298 2141 verbis
2331 2104 2343 2138 :
2380 2085 2441 2139 Si
2471 2085 2584 2155 plus
2627 2084 2848 2139 oblettat
2894 2095 3114 2139 mentem
3141 2085 3412 2140 delectatio
3444 2086 3612 2156 forni-

2016 2159 2233 2212 cationis
2261 2173 2415 2225 quant
2444 2172 2589 2210 umor
2617 2156 2894 2218 castitatis,
2917 2156 3086 2208 adhuc
3124 2157 3180 2209 in
3204 2156 3410 2210 homine
3431 2170 3611 2225 pecca-

2018 2238 2123 2281 tum
2151 2237 2351 2298 regnat.
2384 2226 2531 2280 Certe
2549 2228 2593 2280 si
2623 2226 2844 2296 amplius
2873 2228 3094 2280 delectat
3130 2226 3457 2298 pulchritudo
3480 2228 3608 2280 inti-

2014 2315 2115 2353 mw
2153 2296 2429 2370 castitatis,
2470 2297 2725 2370 jantnon
2769 2308 2955 2370 regnat
2983 2304 3267 2370 peccatum,
3298 2296 3388 2370 sed
3428 2303 3611 2368 regnat

2009 2371 2236 2440 justitia.
2260 2367 2403 2422 Nam
2425 2367 2528 2440 non
2559 2368 2723 2421 solum
2744 2368 2808 2420 de
2836 2368 3110 2440 commissa
3132 2368 3474 2440 fornicatione
3493 2367 3612 2436 pec-

2016 2437 2185 2493 catum
2215 2450 2397 2511 regnat
2416 2441 2469 2492 in
2490 2438 2695 2511 homine
2715 2456 2735 2511 ;_
2756 2438 2845 2511 sed
2874 2441 2917 2491 si
2940 2437 3439 2511 adhuc_deleotatttr,
3458 2447 3612 2511 atque

2017 2513 2247 2565 animum
2272 2505 2463 2573 ieneat,
2494 2508 2671 2577 procul
2703 2508 2859 2563 dubio
2882 2516 3087 2578 regnat.
3106 2505 3407 2562 Fornicatio
3437 2505 3611 2562 carnis

2016 2583 2326 2635 adulterium
2346 2590 2444 2645 est,
2473 2582 2749 2649 fornicatio
2777 2581 2967 2633 animle
2992 2580 3207 2632 seruitus
3235 2578 3492 2633 idolorum
3512 2586 3610 2649 est.

2018 2652 2115 2705 Est
2160 2662 2330 2705 autem
2386 2647 2771 2722 et_'spiritualis
2829 2650 3127 2722 fornicatio,
3154 2649 3430 2722 secundum
3478 2647 3611 2722 quod

2018 2723 2271 2776 Dominus
2292 2724 2365 2776 ait
2390 2738 2407 2775 :
2434 2718 2533 2784 Qui
2555 2720 2738 2775 uiderit
2766 2718 3033 2774 mulierem
3058 2720 3128 2773 ad
3143 2718 3611 2784 concupiscendam

2016 2807 2151 2851 eam,
2181 2793 2285 2851 iam
2340 2792 2626 2846 mazchatus
2647 2802 2722 2845 est
2748 2808 2862 2844 eam
2882 2793 2936 2843 in
2966 2790 3121 2844 corde
3149 2806 3261 2844 suo.
3295 2790 3478 2843 Omnis
3505 2790 3609 2843 im-

2018 2859 2209 2914 munda
2229 2862 2446 2931 pollutio
2477 2862 2754 2926 fornicatio
2783 2861 2993 2927 dicitur,
3021 2861 3251 2927 quamvis
3271 2861 3483 2931 quisque
3527 2859 3613 2912 di—

2016 2948 2163 2985 versa
2211 2928 2544 3002 turpitudinis
2590 2933 2848 3002 uoluptate
2890 2932 3248 3002 prostituatur.
3280 2928 3362 3002 Ea:
3384 2928 3611 3002 delecta—

2021 3004 2157 3057 tione
2184 2998 2319 3085 enigt
2340 3000 2641 3085 fornicondi
2679 2998 2824 3085 uaria
2871 2998 3156 3085 gignuntur
3182 3000 3406 3085 ﬂagitia,
3431 2998 3612 3085 quibus

2016 3089 2229 3143 regnum
2255 3068 2351 3126 Dei
2378 3072 2658 3136 clauditur,
2692 3082 2739 3125 et
2766 3068 2985 3143 hom'o'a
3016 3069 3126 3125 Deo
3144 3068 3614 3143 separatur.'lnt‘¢r

2017 3138 2204 3197 ctitera
2255 3152 2447 3214 septem
2502 3143 2626 3197 vitia
2683 3142 2960 3214 fornicatio
3013 3138 3348 3214 maximifst
3378 3138 3607 3214 sceleris,

393 3208 656 3303 ἐξ-,,¹.ιθιιι,
696 3208 1656 3303 i!'._'.'"3-_.'3'_;°-festinaturi???
1686 3212 1910 3303 sane
1941 3240 1985 3303 c
2016 3215 2153 3303 uir,
2180 3231 2276 3303 ea
2302 3208 3612 3303 sustinentium-.eref'taésit’fe‘aaﬂ

313 3279 412 3351 15,
436 3281 558 3336 dist.
584 3280 674 3343 57,
703 3281 791 3335 ubi
844 3282 1022 3351 priora
1080 3283 1245 3337 verba
1295 3282 1367 3336 ita
1419 3282 1643 3351 legenda
1691 3290 1911 3337 suntex

313 3350 603 3423 Bréuliana
635 3350 892 3423 editione,
912 3351 1046 3423 Ideo
1090 3351 1390 3423 prohibetur
1438 3350 1770 3415 Christianis,
1802 3360 1906 3423 etc.

314 3420 659 3494 merebatur
687 3422 881 3477 ibidem
904 3420 1139 3479 Isidorus
1164 3426 1231 3479 de
1282 3424 1346 3479 iis
1393 3426 1486 3493 qui
1528 3432 1808 3494 poetarum
1834 3421 1912 3477 l'a-

316 3491 461 3564 bulis
486 3493 893 3548 delectabantur
917 3494 1113 3564 duplici
1163 3495 1230 3549 de
1271 3491 1430 3550 causa
1457 3512 1471 3548 :
1498 3491 1671 3564 primo
1700 3494 1826 3564 quia
1856 3495 1909 3549 in

316 3562 388 3618 iis
414 3562 646 3618 obscena
675 3565 916 3629 quaedam
948 3562 1114 3620 menti
1157 3562 1541 3633 obiicerentur,
1574 3573 1629 3619 et
1672 3562 1911 3632 legentes

315 3633 446 3705 inde
476 3633 541 3688 ad
572 3633 843 3688 libidinem
876 3636 1274 3703 excitarentur;
1306 3637 1540 3692 secundo
1591 3635 1716 3705 quia
1763 3633 1912 3689 Chri-

315 3702 479 3758 stiani
507 3706 723 3773 quidam
756 3706 828 3759 ita
842 3706 1088 3760 delicium
1116 3702 1271 3761 suum
1290 3702 1692 3763 constituebant
1716 3706 1766 3759 in
1786 3706 1909 3773 illis,

316 3782 384 3827 ut
421 3773 722 3828 divinarum
781 3775 1084 3831 litterarum
1135 3777 1539 3832 meditationem
1582 3775 1904 3830 fastidireut.

316 3840 573 3917 Itaenim
601 3854 728 3917 post
768 3847 931 3901 verba
977 3862 1007 3900 a
1046 3845 1305 3902 Gratiano
1353 3847 1521 3917 relata
1568 3846 1913 3917 prosequitur

316 3913 557 3987 Isidorus
588 3913 618 3969 τ’
642 3934 660 3966 ι
696 3914 925 3982 Quidam
954 3917 1075 3987 plus
1112 3918 1360 3972 meditari
1383 3913 1721 3971 delectantur
1741 3913 1914 3983 genti-

316 3983 453 4038 lium
484 3986 623 4055 dic‘ta
654 3995 876 4055 pr0pter
902 3983 1195 4041 tumentem
1225 3998 1279 4042 et
1305 3995 1554 4042 ornatum
1582 4000 1909 4052 sermonem,

316 4069 481 4127 quam
520 4054 873 4127 Scripturam
929 4067 1169 4111 sanctam
1227 4067 1446 4127 promer
1493 4056 1766 4127 eloquium
1821 4057 1914 4112 hu-

318 4124 470 4197 mile.
512 4125 619 4197 Sed
664 4124 1063 4197 quidiprodest
1110 4128 1162 4181 in
1194 4124 1477 4183 mundanis
1501 4124 1760 4183 doctrinis
1790 4142 1913 4197 per-

317 4195 482 4270 licere
510 4195 1004 4270 [Leg._prollcere],
1038 4206 1092 4253 et
1121 4198 1436 4270 inanescgere
1464 4199 1515 4270 in
1545 4195 1913 4253 divinlsTCa-

319 4266 461 4338 duca
481 4266 632 4338 sequi
656 4266 929 4337 ﬁgmenta,
961 4266 1015 4323 et
1044 4269 1287 4324 coelestia
1316 4268 1557 4326 fastidire
1609 4270 1910 4338 mysteria?

318 4335 713 4393 Cavendi'sunt
762 4335 922 4401 igitur
968 4340 1100 4394 tales
1129 4339 1275 4407 libri,
1302 4347 1357 4395 et
1404 4350 1624 4410 propter
1669 4335 1911 4395 amorem

322 4418 634 4478 sanctarum
665 4410 1062 4478 Scripturarum
1092 4411 1313 4464 vitandi.
1356 4430 1373 4463 ι

400 4476 485 4550 l9.
515 4479 644 4545 Qua:
698 4476 945 4549 leguntur
1001 4482 1052 4534 in
1095 4495 1216 4536 can.
1273 4480 1362 4550 10,
1417 4480 1543 4535 dist.
1583 4479 1672 4545 45,
1704 4480 1912 4549 integra

322 4547 592 4620 habentur
636 4550 688 4604 in
715 4547 882 4605 liuc.
915 4549 1004 4614 52,
1042 4551 1131 4605 ubi
1159 4547 1387 4620 plurima
1420 4552 1487 4606 de
1532 4552 1771 4620 iudicum
1824 4547 1905 4605 of-

2018 3280 2202 3339 tollens
2231 3284 2460 3339 membra
2488 3282 2700 3347 Christi,
2735 3284 2861 3353 facit
2889 3280 3115 3336 membra
3137 3283 3439 3337 meretricis.
3482 3280 3612 3348 Qum

2016 3365 2313 3425 sequuntur
2339 3354 2481 3425 apud
2503 3355 2818 3408 Gratianum
2850 3353 2909 3425 in
2933 3354 3239 3425 ver‘s.’Sunt
3278 3362 3612 3425 fontemque-

2014 3421 2154 3491 dain,
2181 3442 2288 3481 non
2309 3421 2434 3480 sunt
2459 3424 2669 3492 lsidori,
2685 3425 2778 3479 sed
2800 3423 2982 3493 potius
3008 3421 3255 3492 Origenis
3274 3424 3348 3477 ita
3370 3421 3611 3493 scriben-

2013 3498 2082 3552 tis
2113 3499 2165 3551 in
2195 3496 2413 3552 homilia
2443 3493 2476 3548 5
2504 3496 2558 3550 in
2579 3492 2829 3550 Genesim
2847 3495 2913 3550 ad
2929 3509 3051 3565 cap.
3072 3510 3164 3548 χιιι
3184 3501 3247 3565 et
3267 3509 3340 3548 xx
3365 3509 3379 3547 :
3412 3512 3431 3544 ι
3465 3492 3613 3565 Non-

2015 3568 2175 3622 nullae
2202 3583 2335 3645 vero
2362 3567 2617 3645 mulieres
2646 3566 2848 3645 (neque
2907 3563 3053 3620 enim
3072 3635 3083 3645 _
3103 3563 3610 3645 universas_pariter

2016 3641 2309 3707 notamus),
2345 3638 2440 3693 sed
2461 3646 2588 3691 sunt
2604 3633 2869 3707 quaedam,
2895 3652 3015 3706 quae
3042 3635 3187 3707 sicut
3206 3633 3456 3707 animalia
3476 3634 3610 3707 abs-

2016 3724 2120 3779 que
2153 3704 2277 3763 ulla'
2300 3704 2633 3779 discretione
2677 3704 3048 3779 indesinenter
3100 3705 3305 3779 libidini
3349 3704 3609 3779 segvitmt,

2015 3772 2149 3849 quas
2178 3792 2279 3846 ego
2310 3794 2411 3834 nec
2438 3778 2601 3849 mutis
2623 3777 2909 3847 pecoribus
2930 3776 3377 3849 comparaverim.
3404 3772 3610 3849 Pecora

2016 3845 2160 3903 enim
2192 3845 2246 3903 et
2286 3850 2402 3918 ipsa
2451 3845 2648 3908 sciunt,
2676 3862 2795 3901 cum
2819 3847 3191 3918 conceperint,
3225 3846 3363 3901 ultra
3396 3860 3505 3900 non
3533 3845 3613 3899 in-

2015 3920 2238 3986 dulgere
2259 3916 2499 3973 maribus
2527 3918 2738 3985 copiam
2763 3916 2866 3986 sui.
2908 3935 2925 3967 ι

2086 3983 2175 4043 ει.
2206 3987 2318 4042 Sub
2346 3983 2625 4054 Smaragdi
2653 3985 2874 4055 nomine
2922 3985 3209 4055 exhibetur
3234 3983 3612 4055 apudiGratia—

2016 4074 2143 4113 num
2172 4073 2347 4113 canon
2376 4056 2410 4110 9
2440 4058 2506 4110 de
2528 4070 2695 4124 ptem,
2728 4054 2854 4109 dist.
2886 4055 2935 4109 5.
2968 4055 3112 4109 Sane
3135 4054 3484 4122 Smaragdus,
3516 4057 3611 4124 qui

2016 4130 2169 4184 initio
2196 4129 2323 4183 noni
2345 4126 2524 4185 saeculi
2546 4126 2685 4195 apud
2710 4126 3007 4181 monachos
3050 4125 3252 4192 lloruit,
3277 4136 3612 4181 commenta-

2015 4200 2093 4255 ria
2121 4200 2362 4256 scribens
2388 4200 2440 4252 in
2470 4196 2710 4266 regulam
2738 4198 2912 4252 sancti
2951 4195 3245 4266 Benedicti,
3282 4197 3477 4250 multas
3519 4210 3612 4250 ve-

2018 4280 2188 4325 terum
2219 4270 2461 4334 Patrum,
2488 4265 2552 4322 ac
2581 4268 2879 4337 praesertim
2907 4267 3095 4323 lsidori
3118 4265 3452 4337 Hispalensis
3480 4281 3610 4321 sen-

2019 4342 2215 4396 tentias
2242 4337 2789 4411 congessit._Quando
2818 4354 2950 4394 vero
2968 4338 3237 4411 sententia
3261 4337 3351 4391 illa
3387 4337 3612 4411 canonis

2016 4410 2049 4464 9
2106 4413 2313 4481 integra
2352 4408 2495 4482 apud
2548 4409 2811 4482 lsiﬁdorum
2859 4411 3147 4482 reperitur,
3194 4408 3262 4482 de
3309 4410 3612 4482 recentiore

2015 4478 2307 4553 scriptore,
2331 4478 2491 4553 quem
2522 4478 3079 4553 collectoretupotius
3101 4478 3473 4553 nom_ina__v_ero,
3505 4478 3610 4531 nti-

2019 4547 2498 4609 nus'solliciti'esse
2517 4552 2800 4606 debemus.
2834 4547 2927 4604 Aii
2953 4550 3186 4604 Isidorus
3214 4548 3268 4601 in
3300 4547 3391 4601 lib.
3417 4562 3455 4601 ιι
3483 4561 3606 4618 cap.

324 4619 459 4693 liciis
484 4616 541 4674 S.
571 4622 794 4675 antistes
827 4621 1109 4693 tradebat.
1152 4616 1339 4677 Canon
1363 4620 1416 4687 9,
1444 4616 1565 4693 dist.
1600 4620 1687 4681 8|.
1718 4620 1911 4693 legitur
1942 4630 1992 4689 Ι)
2019 4624 2085 4678 15
2113 4642 2123 4676 :
2155 4642 2175 4675 ι
2202 4622 2297 4678 Ille
2325 4622 2696 4693 paenitentiam
2738 4620 2896 4693 digne
2925 4621 3053 4689 agit,
3080 4618 3172 4693 qui
3214 4625 3424 4693 reatum
3452 4616 3609 4693 suum

322 4689 377 4743 in
428 4690 552 4764 lineo
580 4692 771 4764 capitis
818 4690 886 4746 10
932 4692 1123 4764 lib._u,
1157 4693 1243 4747 ubi
1274 4692 1524 4764 proﬂillﬁis
1550 4693 1750 4764 verbis,
1777 4689 1912 4764 quod

322 4776 463 4831 stupe
483 4760 652 4835 ibirrel
681 4762 1049 4835 cogitavit,ouel
1068 4765 1243 4835 gessit,
1273 4760 1439 4818 edidit
1466 4762 1708 4818 Breulius
1733 4781 1746 4815 :
1776 4760 1914 4835 quod

320 4848 531 4905 semper:
555 4831 625 4905 ibi
646 4835 727 4905 uel
745 4831 1119 4905 cogitavit,ou:el
1142 4835 1315 4905 gessit.

396 4902 485 4956 20.
512 4900 570 4956 In
602 4903 738 4959 libro
761 4900 836 4967 ιιι,
868 4919 985 4973 cap.
1020 4902 1110 4969 54,
1125 4900 1379 4959 adversus
1406 4903 1527 4959 illos
1549 4903 1758 4972 iudices
1786 4919 1912 4958 ora-

326 4973 531 5028 tionem
566 4978 832 5029 convertit
864 4974 1119 5040 Isidorus,
1153 4975 1245 5044 qui
1278 4975 1587 5029 muneribus
1633 4976 1909 5044 corrumpi

323 5060 385 5101 se
408 5058 439 5097 a
466 5044 715 5100 divitibus
735 5047 1035 5116 patiuntur,
1066 5054 1470 5116 proptereaque
1493 5060 1756 5113 pauperes
1803 5060 1907 5112 0p-

326 5116 589 5185 primunt,
624 5117 693 5170 ita
724 5113 965 5171 scribens
995 5113 1134 5169 inter
1165 5113 1358 5170 caetera
1377 5113 1402 5168 ἓ
1436 5113 1592 5169 Dives
1619 5117 1913 5170 muneribus

327 5187 430 5258 cito
459 5189 740 5257 corrumpit
762 5188 1009 5258 judicem.
1051 5186 1252 5257 Pauper
1281 5196 1468 5251 autem,
1499 5187 1623 5240 dum
1676 5203 1779 5241 non
1822 5186 1919 5239 ha-

330 5254 415 5329 bet
443 5258 579 5329 quod
607 5254 812 5327 offerat,
848 5268 963 5329 etc.
980 5258 1118 5312 Sunt
1146 5254 1261 5329 lucc
1284 5259 1448 5329 verba
1495 5274 1617 5312 cttm
1648 5259 1919 5326 sequenti-

329 5327 430 5382 bus
456 5327 637 5383 ‘relata
670 5332 721 5383 iu
752 5344 874 5384 can.
907 5328 996 5392 72,
1031 5344 1180 5383 caus.
1206 5328 1288 5393 ll,
1320 5342 1375 5397 q.
1399 5328 1451 5381 5.

400 5397 491 5453 21.
522 5398 686 5453 Multa
718 5401 936 5454 tradidit
978 5402 1043 5453 de
1087 5399 1438 5469 jurejurando
1460 5398 1690 5454 Isidorus
1714 5400 1766 5453 in
1791 5414 1914 5468 cap.

333 5465 397 5521 3i
427 5470 517 5525 lib.
546 5487 601 5525 ιι.
632 5471 904 5539 Siquidem
938 5470 1007 5525 ibi
1050 5465 1119 5524 ita
1155 5465 1405 5538 prtel'alur
1457 5487 1469 5522 :
1508 5470 1655 5525 Sicut
1709 5465 1917 5524 mentiri

331 5554 437 5612 non
465 5550 627 5611 potest
649 5543 733 5611 qui
757 5559 859 5595 non
884 5542 1123 5611 loquitur.
1146 5544 1220 5595 sic
1242 5544 1473 5610 pejerare
1497 5558 1598 5595 non
1620 5544 1806 5610 poterit
1825 5543 1913 5612 qui

326 5610 641 5683 jurare‘non
664 5610 1145 5683 'appetit.Cavenda
1176 5622 1248 5664 est
1276 5612 1431 5683 igitur
1470 5613 1693 5681 juratio,
1734 5610 1915 5683 nec;ea

330 5676 595 5745 utendu'in,
622 5676 723 5736 nisi
741 5676 793 5736 in
824 5685 932 5736 sola
964 5684 1280 5737 necessitate.
1297 5676 1431 5735 'Non
1471 5676 1552 5736 est
1596 5676 1778 5737 contra
1818 5681 1915 5735 Dei

332 5763 641 5833 prleceptum
653 5754 854 5833 jurare,
873 5756 967 5833 sed
989 5756 1111 5833 dum
1138 5769 1284 5833 usum
1306 5753 1522 5833 jurondi
1544 5755 1785 5824 facimus,
1807 5769 1919 5833 p_e_r-

334 5822 455 5885 ἤιτῆ
475 5822 666 5879 crimen
688 5826 1016 5878 incurrimus.
1070 5822 1345 5878 Habentur
1398 5824 1509 5879 haec
1544 5822 1610 5877 ιιι
1656 5840 1775 5878 can.
1822 5822 1912 5890 15,

332 5904 484 5951 caus.
507 5894 598 5962 22,
634 5909 727 5967 qu.
755 5898 804 5951 1.
836 5896 1038 5952 Deinde
1060 5902 1181 5966 post
1199 5894 1379 5963 aliqua
1424 5896 1497 5949 ita
1528 5895 1869 5966 prosequitur
1896 5911 1909 5947 :

2016 4687 2382 4749 satisfactione
2434 4692 2670 4760 legitima
2720 4687 2925 4761 plangit
2967 4687 3379 4761 condemnandi)
3404 4688 3609 4761 scilicet

2017 4781 2080 4820 ac
2109 4764 2355 4819 deﬂendo
2401 4757 2519 4832 qua}
2571 4757 2756 4832 gessii,
2790 4757 2940 4816 tanto
2970 4760 3022 4814 in
3063 4757 3610 4832 deplorandoprofu-

2015 4837 2149 4899 sius,
2168 4844 2371 4904 quanto
2401 4828 2607 4904 exstitit
2634 4831 2689 4886 in
2719 4833 2994 4902 peccando
3022 4828 3333 4904 proelivius.
3369 4828 3608 4904 llle_pm-

2019 4900 2299 4960 nitent'iam
2326 4904 2487 4972 digne
2512 4903 2643 4970 agit,
2673 4900 2763 4971 qui
2791 4904 2871 4957 sic
2891 4900 3160 4971 praeterita
3185 4900 3326 4954 mala
3356 4900 3607 4972 deplorat

2017 4986 2075 5031 ut
2102 4977 2280 5031 futura
2328 4970 2521 5030 iterum
2572 4970 3053 5038 non’committat;
3102 4987 3225 5026 nam
3267 4972 3358 5040 qui
3402 4970 3608 5040 plangit

2016 5056 2315 5117 peccatum,
2348 5054 2403 5100 et
2428 5044 2622 5117 iterum
2642 5043 2875 5098 admittit
2899 5050 3203 5115 peccatum,
3233 5040 3387 5117 quasi
3416 5041 3458 5117 si
3488 5041 3607 5117 quis

2021 5112 2161 5173 lavet
2189 5119 2410 5171 laterem
2436 5115 2681 5184 crudum,
2713 5128 2871 5183 quem
2902 5112 3112 5184 quanto
3149 5114 3337 5184 Amagis
3390 5112 3604 5184 eluerit,

2019 5196 2172 5243 tanto
2194 5187 2421 5258 amplius
2444 5186 2613 5240 lutum
2642 5181 2802 5258 fecit.
2822 5202 2841 5238 ι
2867 5181 3027 5241 Plura
3056 5182 3353 5258 ex_Isidoro
3384 5181 3600 5258 descri-

2021 5252 2309 5334 psi,_quau't
2356 5256 2644 5334 Gratianus
2686 5255 3015 5334 ediderit,_ut
3055 5255 3242 5334 palam
3277 5252 3605 5334 explicarem

2021 5320 2289 5399 duplicem
2316 5326 2648 5399 paenitentia:
2673 5334 2881 5396 partem
2916 5320 3083 5399 'juxta
3130 5320 3453 5399 sententiam
3505 5320 3605 5399 Isi-

2021 5391 2160 5462 doi'i,
2194 5391 2427 5469 prioi'em
2460 5391 2711 5469 nimirum
2731 5411 2850 5469 qum;
2878 5391 3144 5469 praeterita
3166 5395 3390 5451 crimina
3429 5391 3602 5460 respi-

2027 5471 2120 5536 cit,
2143 5466 2498 5536 posteriorem
2523 5484 2643 5537 qua:
2678 5466 3205 5538 futuris'prospiciat.

2094 5531 2183 5593 25'.
2208 5539 2288 5594 Ad
2344 5548 2463 5606 eap.
2500 5531 2566 5592 16
2588 5539 2704 5592 libri
2736 5553 2772 5592 ιι
2817 5531 3109 5606 exigendus
3137 5544 3221 5606 est
3240 5531 3504 5606 canon”
3537 5531 3605 5588 de

2094 5554 2183 5593 τι).
2208 5554 2288 5594 At]
2344 5554 2403 5595 ca
2450 5580 2463 5593 .
2500 5554 2566 5592 ιι)
2588 5554 2704 5592 non
2736 5554 2772 5592 ιι
2817 5554 3109 5606 exigendus
3137 5554 3221 5591 est
3240 5554 3413 5590 canon
3441 5554 3504 5587 ιι
3537 5554 3601 5588 ue

2024 5612 2235 5682 pmnit.,
2269 5611 2393 5664 dist.
2412 5554 2492 5686 ἱ,
2522 5618 2577 5663 ct
2601 5608 2885 5686 bis_verb_is
2910 5605 3290 5686 describendas
3314 5622 3326 5658 :
3357 5622 3379 5657 ι
3408 5603 3601 5686 Irrisor

2023 5677 2126 5746 est,
2156 5698 2263 5736 non
2303 5683 2588 5751 paenitens,
2619 5678 2711 5749 qui
2763 5679 2937 5735 adhuc
2983 5680 3094 5751 agit
3143 5677 3287 5751 quod
3336 5677 3601 5751 paenitet;

2025 5768 2126 5807 nec
2156 5747 2363 5806 videtur
2386 5752 2554 5807 Deum
2598 5747 2823 5819 poscere
2863 5750 3122 5812 subditus,
3146 5747 3241 5801 sed
3271 5747 3603 5819 subsannara

2022 5824 2306 5892 superbus.
2338 5821 2500 5878 Canis
2526 5817 2773 5875 reversus
2821 5822 2887 5892 ad
2926 5820 3200 5875 vomitum
3215 5826 3306 5892 est
3333 5817 3603 5892 paenitens

2022 5889 2104 5948 ad
2137 5902 2437 5965 peccatum.
2471 5892 2619 5948 Multi
2680 5893 2823 5945 enim
2871 5891 3137 5962 lacrymas
3212 5889 3601 5947 indestiuenter
