4070 6362
600 325 695 387 191

1343 322 1435 379 AD
1473 321 1705 380 OPERA
1744 320 1803 376 S.
1846 316 2094 376 lSlDORI
2136 315 2573 375 HISPAIENSIS
2612 314 3153 376 PROLEGOMENA.

3794 314 3941 375 199

599 445 720 502 tlist.
753 442 847 513 40,
875 456 988 499 non
1035 439 1211 499 solum
1254 437 1394 513 inter
1420 455 1587 513 opera
1635 436 1822 495 Isidori
1852 437 2183 513 minimerre-
2213 440 2263 497 Α
2289 434 2415 489 tima
2455 435 2792 513 baptismatis
2831 433 3021 513 fuisset
3070 434 3241 513 forma
3270 438 3506 513 servat_a_,
3534 428 3797 513 ωτι-24,
3832 430 3936 513 με

600 506 966 587 peritur.'_sed
1000 514 1205 587 .etiam‘
1239 506 1624 587 ecclesiasticm
1657 524 1982 587 quocunque
2035 506 2181 587 viro,

615 586 795 641 nedum
837 585 1039 640 Isidoro
1065 624 1079 646 .
1136 582 1312 637 minus
1360 582 1575 652 dignum
1624 578 1854 652 videtur.
1884 578 2014 647 Quis
2042 579 2185 633 enim

601 659 833 729 probare
889 656 1057 729 possit
1092 669 1303 729 crassas
1350 651 1874 729 il_l_as_similitudines
1901 663 2187 729 perperam

602 720 1050 796 congestas'inter
1080 726 1180 779 viri
1203 732 1257 779 et
1286 724 1524 796 mulieris
1553 722 2020 796 coniunctionem,
2047 720 2188 775 unde

602 791 763 854 unum
809 797 1094 867 conjugum
1143 810 1338 863 corpus
1364 793 1615 856 efficitur,
1660 791 1835 867 atque
1865 791 2187 847 electionem

602 886 664 925 nc
693 864 1153 924 consecrationem
1184 867 1582 936 episcoporum,
1612 864 1755 919 unde
1784 879 1922 936 unus
1937 868 2189 936 emergat

602 940 976 1010 episcopatus?
1013 939 1149 1005 Quid
1197 934 1453 1010 praeterea
1498 936 1730 1006 ineptius
1758 934 1948 1010 subjici
1980 940 2186 1010 potest2

601 1002 758 1082 quam
786 1002 968 1064 dicere
999 1002 1062 1063 ea
1092 1002 1269 1062 omnia
1312 1023 1474 1082 unum
1522 1002 1720 1082 corpus
1745 1004 1965 1082 efficere
1984 1002 2012 1082 ,_
2044 1002 2187 1082 quod

603 1074 762 1137 citius
792 1090 1191 1151 corrumpatur,
1218 1086 1271 1132 et
1292 1078 1356 1132 ad
1389 1087 1589 1151 terram
1616 1074 1891 1151 trahatur,
1917 1075 2014 1151 nisi
2046 1074 2189 1142 lega-

602 1151 726 1206 liter
754 1145 1027 1213 servetur;
1051 1149 1147 1203 nisi
1173 1148 1316 1218 juste
1355 1148 1583 1203 vivendo
1616 1148 1896 1218 laudetur?
1925 1145 2034 1218 Ego
2059 1153 2190 1218 puto

602 1232 879 1277 auctorem
911 1222 1064 1289 hujus
1098 1216 1380 1288 fragmenti
1406 1219 1676 1275 studuisse
1705 1217 1903 1273 imitari
1935 1216 2191 1289 formulas

602 1291 785 1346 Isidori
819 1286 1144 1353 Mercatoris,
1169 1286 1258 1359 qui
1289 1290 1354 1343 ad
1386 1305 1643 1344 nauseam
1675 1303 1843 1357 usque
1875 1289 1924 1341 in
1948 1286 2191 1359 epistolis

602 1378 630 1417 a
655 1378 713 1417 se
739 1360 981 1417 confictis
1006 1358 1384 1416 similitudines
1408 1360 1529 1414 illas
1556 1358 1852 1429 corporalis
1880 1358 2193 1427 spiritualis-

603 1448 705 1503 que
733 1432 964 1513 coniugii
996 1432 1197 1513 passim
1248 1432 1612 1513 persequitur,
1657 1430 1743 1513 _uti
1776 1430 2080 1510 exemplum
2096 1435 2194 1513 'est

601 1499 866 1573 praecipue
903 1499 954 1556 in
980 1499 1102 1558 can.
1132 1502 1214 1561 ll,
1247 1499 1395 1573 caus.
1440 1501 1499 1571 7,
1527 1517 1619 1570 qu.
1651 1500 1675 1554 I
1705 1515 1827 1573 ,_ex_
1863 1515 1968 1573 qua
2020 1499 2195 1573 imita-

602 1570 988 1628 tioue‘nomen
1034 1573 1219 1627 lsidori
1263 1572 1501 1640 irrepere
1542 1571 1778 1640 potuerit
1818 1571 1869 1624 in
1918 1570 2192 1640 laudatum

601 1659 863 1698 canonem
906 1644 958 1697 8.
995 1642 1148 1710 Quod
1190 1642 1234 1696 si
1264 1641 1499 1697 lsitorus
1528 1639 1862 1711 Hispalensis
1905 1639 2194 1711 aliquando

602 1714 974 1783 conjugiorum
1005 1712 1410 1767 similitudinem
1452 1712 1517 1766 ad
1554 1710 1641 1767 res
1695 1726 1877 1766 sacras
1907 1710 2190 1783 protraxit,

602 1784 901 1850 elegantius
941 1784 994 1837 id
1044 1784 1241 1838 factum
1280 1783 1461 1849 video,
1500 1792 1558 1838 ut
1598 1784 1765 1852 liquet
1817 1799 1880 1837 ex
1920 1782 2012 1836 lib.
2062 1782 2195 1836 nde

2288 521 2437 561 cons.
2470 502 2596 560 dist.
2626 505 2676 559 4.
2711 505 2788 560 Ita
2817 505 3144 561 rescribendi
3188 520 3407 561 causam
3448 503 3684 559 Romani
3713 502 3931 559 antis-

2290 576 2414 647 tites
2442 592 2541 647 pro
2584 577 2709 630 data
2756 578 3044 632 occasione
3088 576 3479 631 exhauriebant
3526 590 3597 631 ex
3637 583 3927 647 veterum

2289 644 2507 701 Patrum
2552 647 2833 717 Augustini
2877 656 2932 702 et
2975 646 3164 702 Isidori
3222 648 3605 717 monumentis.
3670 645 3924 717 Etenim

2289 717 2618 787 Augustinus
2646 716 2843 787 passim
2886 719 2937 773 in
2970 718 3120 773 libris
3160 719 3273 773 suis
3302 716 3570 783 tradebat,
3602 718 3663 772 in
3694 716 3927 771 confe-

2289 790 2459 844 rendo
2483 788 2821 860 baptismatis
2839 797 3200 860 sacramento,
3229 790 3369 844 sicut
3394 805 3501 860 non
3529 787 3926 860 probitatem,

2291 860 2366 931 ita
2406 875 2581 929 neque
2614 858 2773 931 fidem
2816 859 3169 931 ministrantis
3208 859 3416 915 attendi
3445 858 3737 931 Oportere,
3771 874 3925 931 cu

2292 930 2627 1001 baptismatis
2673 930 2841 986 virtus
2894 938 3005 985 tota
3061 929 3364 1001 dependeat
3418 929 3496 985 ex‘
3543 930 3927 1001 institutione

2292 998 2524 1065 Christi,
2577 1016 2684 1055 non
2733 1016 2801 1055 ex
2853 1002 3047 1056 merito
3096 998 3444 1072 conferentis.
3486 1001 3671 1072 Atque
3703 1009 3798 1072 tot!
3831 998 3927 1054 de

2293 1072 2503 1127 Isidoro
2544 1072 2750 1141 loquar,
2800 1072 2915 1142 ipse
2960 1072 3013 1127 in
3061 1087 3180 1142 cap.
3213 1071 3283 1126 24
3312 1072 3406 1128 lib.
3440 1088 3475 1127 ιι
3506 1070 3920 1142 ἀόθοειεεὶιξο

2297 1144 2418 1198 ticis
2444 1140 2646 1197 Olliciis
2678 1143 2750 1196 ita
2780 1140 3049 1198 scribebat
3080 1161 3092 1195 :
3130 1140 3147 1194 ὰ
3176 1142 3423 1209 Constat,
3458 1143 3733 1213 baptisma
3764 1140 3923 1195 solis

2294 1214 2667 1269 sacerdotibus
2690 1227 2811 1267 esse
2841 1214 3114 1276 traditum,
3147 1214 3405 1282 cujusque
3436 1214 3763 1284 mysterium
3798 1226 3919 1284 age

2295 1284 2425 1353 ipsis
2455 1284 2772 1338 diaconibus
2797 1283 3018 1350 explere
3047 1292 3128 1338 est
3154 1285 3354 1339 licitmn
3387 1282 3591 1353 abstine
3614 1282 3916 1353 episcopis

2294 1356 2382 1410 vel
2422 1355 2783 1425 presbyteris,
2836 1356 2935 1409 nisi
2975 1356 3079 1410 illis
3119 1356 3305 1425 procul
3339 1356 3671 1425 absentibus
3704 1353 3915 1425 ultima

2296 1426 2569 1495 languoris
2588 1423 2758 1494 cogat
2787 1423 3132 1491 necessitas;
3166 1426 3313 1496 quod
3339 1435 3393 1479 et
3438 1425 3589 1480 laicis
3641 1423 3915 1496 fidelibus

2297 1497 2618 1567 plerumque
2649 1497 2992 1564 permittitur,
3042 1511 3109 1551 ne
3151 1494 3437 1565 quisquam
3481 1498 3599 1551 sine
3647 1494 3914 1567 remedio

2298 1566 2519 1621 Salutari
2550 1569 2616 1621 de
2645 1567 2844 1621 saeculo
2872 1575 3150 1623 evocetur.
3186 1567 3433 1623 Haeretici
3485 1577 3689 1630 autem,
3744 1566 3789 1620 si
3820 1574 3913 1617 ta-

2299 1655 2422 1692 men
2446 1639 2499 1691 in
2524 1636 2719 1702 Patris,
2745 1648 2799 1691 et
2830 1637 2969 1705 Filii,
2994 1650 3049 1694 et
3077 1638 3308 1709 Spiritus
3338 1638 3507 1694 sancti
3536 1637 3909 1692 attestatione

2301 1709 2866 1781 docenturbaptisma
2882 1710 3205 1780 suscepisse,
3239 1711 3394 1781 237
3424 1709 3755 1781 noniterunt
3776 1717 3913 1781 sunt

2309 1778 2640 1846 baptizandi,
2663 1780 2757 1833 sed
2788 1779 2906 1833 solo
2937 1778 3523 1837 chri‘smateEt'manus
3546 1778 3912 1849 impositione

604 1839 803 1910 Oﬂiciis
832 1870 881 1908 c.
916 1854 1005 1919 l9,
1039 1855 1129 1910 ubi
1161 1854 1276 1911 haec
1305 1839 1554 1923 leguntur
1578 1872 1592 1908 :
1632 1839 1668 1905 ι’
1687 1853 1841 1919 Quod
1871 1862 2053 1906 autem
2083 1867 2191 1907 non
2227 1839 2274 1899 Β
2301 1839 2582 1923 purgsndi.
2609 1839 2923 1923 Baptismus
2942 1852 3083 1923 enim
3108 1867 3214 1923 non
3242 1860 3329 1906 est
3354 1839 3907 1923 hominist-neruum,

606 1939 764 1991 unus,
798 1934 854 1980 et
892 1926 1105 1991 multae,
1150 1924 1246 1979 sed
1277 1940 1412 1981 unus
1452 1936 1505 1979 et
1545 1941 1648 1979 una
1689 1925 2029 1993 copulantur,
2080 1926 2192 1992 ipsa

645 1997 778 2051 rima
823 1996 1075 2050 divinitus
1118 1994 1257 2051 facta
1296 1996 1605 2065 conjunctio
1653 1996 1706 2049 in
1746 1995 2056 2065 exemplum
2089 2001 2192 2047 est.

657 2082 741 2120 am
770 2083 892 2122 cum
918 2066 1172 2121 Dominus
1198 2067 1467 2122 hominem
1498 2067 1796 2137 ligurasset,
1825 2065 1981 2137 eique
2011 2079 2195 2133 parem

609 2140 967 2193 necessariam
1000 2138 1383 2207 prospexisset,
1430 2134 1589 2191 uoain
1622 2136 1689 2193 de
1730 2134 1895 2207 costis
1925 2135 2041 2207 ejus
2082 2149 2198 2188 mu-

609 2214 789 2262 tuatus
814 2250 828 2274 ,
886 2206 1045 2262 unam
1093 2208 1167 2262 illi
1221 2208 1472 2263 feminam
1507 2207 1682 2273 finxit,
1736 2206 1921 2275 sicque
1948 2206 2115 2259 Adam
2144 2213 2199 2259 et

608 2279 803 2349 mulier
830 2278 935 2332 Eva
964 2280 1102 2333 inter
1130 2295 1188 2333 se
1214 2280 1412 2349 nuptiis
1437 2278 1609 2347 juncti
1636 2279 1867 2349 i'ormaiu
1892 2275 2199 2331 hominibus

608 2348 677 2403 de
705 2349 926 2418 originis
954 2346 1377 2405 auctoritate'et
1429 2346 1603 2418 prima
1636 2347 1729 2402 Dei
1764 2346 2038 2401 voluntate
2073 2361 2200 2401 san-

607 2417 825 2489 xerunt.
848 2419 978 2474 Item
1006 2420 1302 2475 secundum
1332 2417 1602 2489 spiritales
1628 2417 1862 2489 nuptias,
1894 2418 2031 2471 sient
2064 2431 2199 2473 unus

609 2488 854 2547 Christus
892 2500 948 2546 et
974 2506 1079 2545 una
1111 2488 1375 2557 Ecclesia,
1401 2491 1473 2544 ita
1498 2498 1554 2543 et
1577 2505 1712 2544 unus
1741 2490 1822 2543 vir
1849 2496 1904 2542 et
1932 2504 2038 2542 una
2063 2504 2201 2543 uxor

608 2567 720 2615 tam
775 2562 1068 2617 secundum
1119 2562 1335 2629 generis
1373 2560 1780 2627 documentum,
1811 2574 1971 2628 quam
2008 2574 2200 2615 secun-

607 2630 734 2685 dum
762 2632 963 2687 Christi
1010 2641 1439 2701 sacramentum;
1480 2650 1499 2683 ι
1554 2632 1606 2685 in
1636 2632 1832 2700 quibus
1870 2631 2031 2701 236
2070 2644 2201 2701 sane

606 2702 785 2773 verbis
834 2705 1003 2758 enitet
1046 2703 1157 2773 ipsa
1172 2700 1377 2773 _Paulir
1410 2701 1647 2773 apostoli
1691 2700 1935 2756 doctrina
1962 2742 1977 2767 ,
2006 2700 2201 2772 qualis

606 2769 839 2843 habetur
869 2775 920 2828 in
951 2769 1078 2843 cap.
1111 2789 1141 2827 v
1171 2770 1428 2843 Epistolze
1447 2769 1523 2826 ad
1555 2770 1835 2841 Ephesios.

677 2842 767 2899 44.
796 2844 929 2900 Cu«n
962 2841 1172 2899 canone
1202 2841 1293 2908 59,
1324 2858 1472 2914 caus.
1499 2843 1549 2914 t,
1585 2858 1678 2914 qu.
1713 2859 1764 2910 ι,
1791 2842 2099 2913 jungendus
2120 2851 2203 2899 est

605 2928 783 2984 canon
840 2914 912 2969 25
966 2914 1035 2968 dc
1083 2929 1260 2979 cons.,
1302 2913 1427 2968 dist.
1484 2912 1550 2980 4,
1592 2912 2072 2984 ιῖῑῑοδὶίιυεθηίηι
2102 2915 2201 2969 sub

605 2981 794 3040 Isidori
826 2986 1047 3040 nomine
1074 2984 1265 3039 eadem
1293 2986 1562 3039 sententia
1592 2981 1934 3041 describitur.
1971 2984 2086 3039 Non
2118 2994 2201 3041 est

605 3056 1008 3125 consistendum
1044 3056 1096 3109 in
1126 3053 1327 3125 Codice
1355 3054 1617 3120 Gratiani,
1648 3055 1740 3110 sed
1772 3056 1837 3109 ad
1868 3055 2201 3125 antiquiores

603 3123 1138 3197 Collectores,quos
1166 3124 1455 3197 Gratianus
1502 3127 1847 3195 sequebatur,
1894 3123 2200 3197 respicien-

603 3195 731 3266 dum
763 3206 865 3262 est,
897 3205 955 3250 ut
987 3195 1037 3250 in
1072 3196 1403 3250 monumenti
1435 3205 1715 3251 auctorem
1757 3195 2077 3266 inquiratur.
2109 3197 2200 3252 Ivo

605 3262 960 3337 Carnotensis
995 3267 1047 3320 in
1073 3275 1225 3336 parte
1255 3284 1271 3322 ι
1304 3267 1536 3333 Decreti,
1567 3284 1687 3337 cap.
1711 3262 1848 3331 294,—
1870 3267 2051 3322 laudat
2072 3268 2202 3322 illud

608 3353 667 3409 ra:
696 3335 1519 3409 dictisilsidoriepiscopi,iqu:e
1560 3335 1692 3409 sane
1740 3338 2019 3399 inscriptio
2068 3338 2200 3394 nihil

608 3408 752 3479 aliud
785 3408 985 3479 indicat
1013 3424 1173 3478 quam
1197 3408 1453 3464 nonnulla
1471 3424 1543 3479 ex
1569 3408 1778 3464 Isidoro
1810 3410 1860 3463 in
1886 3409 2013 3463 illud
2042 3420 2204 3479 caput

607 3477 851 3551 deriv_ata
883 3477 1327 3551 fuisseLClariusi
1354 3477 1611 3551 quiddam
1652 3489 1878 3551 apparet
1921 3481 1973 3534 in
2015 3477 2203 3536 codice

608 3563 708 3603 ms.
747 3547 1046 3605 Panormite
1070 3550 1220 3619 Regii
1247 3547 1510 3621 Athenzei.
1531 3551 1581 3604 in
1611 3547 1866 3621 quo'pag.
1902 3551 1986 3615 Il,
2015 3552 2121 3606 col.
2149 3553 2198 3615 l,

609 3628 962 3674 recensentur
990 3622 1154 3676 verba
1200 3623 1425 3677 canonis
1472 3620 1542 3675 2‘5
1592 3620 1792 3675 laudati
1846 3623 1945 3678 sub
1994 3621 2203 3677 hacin-

610 3690 902 3764 scriptione
929 3709 941 3743 :
966 3692 1291 3764 Augustinus
1331 3692 1400 3745 ad
1434 3690 1781 3764 Fortunotum
1816 3709 1881 3747 ea:
1910 3694 2062 3747 dictis
2092 3692 2201 3748 Isi-

611 3758 727 3831 dori
749 3761 994 3831 episcopi,
1046 3758 1175 3817 item
1229 3762 1282 3817 in
1310 3764 1561 3831 margine
1606 3762 1713 3817 alio
1756 3764 2106 3819 charactere:
2135 3781 2201 3819 ea:

611 3828 989 3904 dictis’lsidori
1018 3834 1282 3904 episcopi.
1306 3828 1628 3889 Hinc'facile
1655 3834 1877 3903 colligo,
1922 3843 2200 3890 auctorem

610 3903 834 3975 canonis
862 3917 981 3958 eam
1004 3903 1379 3975 composuisse
1425 3904 1772 3975 sententiam,
1799 3906 1970 3975 qualis
2015 3920 2203 3960 recen-

612 3970 837 4058 tioribos
857 3970 1342 4058 smoulispbtiuuit,
1364 3974 1722 4058 eamdemque
1741 3970 1833 4058 ita'
1843 3977 2200 4058 compositam

611 4043 882 4118 veteribus
919 4042 1183 4118 APatribus
1212 4044 1512 4118 Augustino
1534 4054 1608 4118 et
1632 4042 1856 4101 _Isidoro
1912 4042 2196 4118 tribuisse,

609 4113 754 4185 quod
793 4113 937 4185 apud
967 4113 1322 4185 Augustinum
1352 4124 1407 4172 et
1442 4116 1710 4171 Isidorum
1760 4119 2014 4172 nonnulla
2046 4113 2199 4173 inve-

608 4183 876 4256 nirentur,
920 4201 990 4241 ex
1018 4183 1213 4256 quibus
1255 4203 1319 4241 ea
1365 4187 1644 4256 disciplina
1694 4185 1949 4242 Ecclesia:
1996 4188 2201 4243 stabili-

608 4261 777 4308 retur.
818 4254 973 4321 Quod
1004 4254 1061 4310 ut
1088 4258 1286 4312 clarius
1316 4254 1639 4326 explicetur,
1671 4258 2060 4312 observandum
2091 4268 2195 4324 est,

608 4331 845 4397 veterem
877 4329 1303 4382 controversiam
1326 4368 1342 4394 ,
1394 4342 1515 4397 quae
1553 4327 1641 4381 diu
1672 4328 1973 4383 Africanam
2006 4328 2198 4386 Eccle-

608 4394 741 4469 siam
759 4395 1027 4469 adversus
1060 4397 1356 4469 Romanam
1387 4394 1681 4469 exagitavit
1717 4400 2048 4469 temporibus
2078 4401 2199 4455 Ste-

611 4466 770 4539 phani
808 4482 957 4537 papa:
1005 4476 1058 4522 et
1102 4468 1353 4539 Cypriani
1382 4466 1845 4537 Carthaginiensis,
1873 4470 2035 4525 fuisse
2063 4470 2197 4527 defl-

608 4537 776 4608 nitam
804 4538 915 4607 jam
949 4537 1159 4594 saeculo
1176 4542 1358 4608 tertio,
1390 4539 1456 4595 de
1486 4540 1794 4608 recipiendo
1824 4542 2196 4597 haereticorum

2302 1920 2396 1975 Sed
2423 1920 2621 1976 Christi
2650 1940 2661 1974 :
2697 1921 2927 1992 ideoque
2978 1922 3107 1977 nihil
3140 1922 3365 1977 interest
3415 1921 3703 1977 haereticus
3730 1935 3805 1973 an
3834 1920 3910 1971 ti-

2301 1992 2438 2046 delis
2467 1993 2721 2059 baptizet.
2753 1990 2909 2058 Quod
2937 2002 3336 2048 sacramentum
3368 2000 3476 2047 tam
3506 2000 3759 2049 sanctum
3793 2000 3911 2058 est,

2301 2071 2362 2115 ut
2393 2077 2490 2134 nec
2519 2062 2785 2134 homicida
2835 2064 3175 2119 ministrante
3231 2064 3520 2134 polluatur.
3572 2061 3753 2116 Habet
3773 2061 3903 2132 qui-

2301 2134 2423 2204 dem
2473 2132 2756 2204 hmreticus
2788 2134 3109 2204 baptismum
3154 2132 3390 2202 Christi;
3440 2135 3534 2190 sed
3572 2134 3697 2204 quia
3739 2141 3910 2187 extra

2302 2202 2564 2276 unitatem
2600 2202 3016 2276 fideiiest,7nihil
3044 2207 3093 2260 ei
3123 2204 3365 2276 prodest.
3397 2204 3465 2260 At
3505 2202 3911 2272 ubi—ingressus

2302 2272 2483 2346 fuerit,
2512 2275 2694 2346 statim
2728 2275 3015 2346 baptisma,
3043 2272 3185 2346 quod
3228 2277 3491 2332 habuerat
3514 2276 3642 2330 foris
3661 2276 3732 2327 ad
3757 2289 3901 2346 per-

2304 2291 2483 2339 ruerit,
2512 2291 2694 2327 suum
2728 2291 3015 2344 napusma,
3043 2291 3185 2346 quon
3228 2291 3491 2332 nanuerat
3514 2291 3732 2330 tonsae
3800 2291 3901 2328 er-

2304 2343 2517 2418 niciem,
2549 2344 2733 2418 incipit
2764 2346 2837 2399 illi
2888 2345 2998 2415 jam
3033 2348 3291 2418 prodesse
3346 2348 3412 2418 ad
3444 2347 3685 2418 salutem.
3739 2291 3909 2411 δυο]

2306 2415 2450 2488 enim
2493 2416 2707 2488 accipit,
2741 2415 3045 2487 approbo,’
3070 2418 3165 2473 sed
3205 2418 3334 2488 quia
3361 2416 3492 2473 foris
3515 2416 3743 2486 accipit,
3791 2417 3909 2469 im-

2303 2486 2497 2555 probo.
2528 2486 2662 2540 Dum
2690 2486 2869 2542 autem
2893 2489 3120 2554 venerit,
3154 2486 3259 2544 non
3291 2496 3551 2552 mutatur,
3576 2488 3666 2541 sed
3693 2500 3887 2553 agnos

2304 2557 2445 2610 citur
2475 2575 2488 2610 :
2520 2557 2803 2630 character
2836 2568 2919 2613 est
2947 2561 3088 2614 enim
3121 2561 3261 2629 regis
3290 2561 3395 2614 mei
3424 2557 3719 2630 baptismus
3738 2596 3754 2620 ,
3791 2572 3910 2612 non

2303 2640 2457 2682 error
2502 2629 2830 2698 sacrilegus;
2893 2632 3105 2699 corrigo
3159 2629 3533 2696 desertorem,
3587 2644 3689 2683 non
3747 2636 3909 2699 muto

2304 2698 2695 2773 characterem.
2736 2718 2754 2752 ι
2790 2700 2977 2770 Itaque
3031 2698 3309 2757 sententiae
3351 2702 3566 2756 Palmm
3610 2698 3909 2773 Augustini

2305 2776 2360 2842 et
2387 2768 2576 2842 Isidori
2604 2768 2902 2842 perspicuae
2929 2783 3083 2826 erant
3105 2773 3157 2826 in
3182 2788 3243 2826 ea
3274 2781 3427 2842 pavte
3448 2787 3553 2841 qua
3582 2768 3906 2824 tradebatur

2304 2839 2570 2910 baptisma
2605 2839 2875 2896 collatum
2934 2843 3003 2897 ab
3046 2839 3314 2899 btereticis
3372 2839 3582 2908 valere;
3642 2844 3690 2895 in
3722 2842 3907 2895 altera

2307 2922 2486 2965 autem
2514 2920 2687 2981 parte,
2718 2927 2823 2983 qua
2854 2913 3020 2982 quaeri
3050 2923 3253 2983 posset,
3308 2928 3375 2967 an
3410 2913 3741 2983 baptizatum
3780 2925 3909 2983 esse

2306 2990 2583 3055 oporteret
2604 2985 2703 3055 qui
2733 2981 3065 3053 baptizaret,
3116 2984 3291 3039 dubiae
3320 2981 3716 3055 quodammodo
3750 2981 3910 3055 vide~

2307 3050 2532 3118 bantur;
2567 3050 2654 3107 ubi
2685 3050 2827 3108 enim
2860 3055 3144 3109 tradebant
3174 3056 3272 3123 illi,
3327 3050 3435 3110 non
3484 3054 3685 3109 attendi
3722 3054 3907 3107 meri-

2309 3131 2419 3176 tum
2450 3122 2797 3193 baptizantis,
2839 3125 2933 3180 sed
2968 3142 3127 3181 unam
3169 3122 3367 3182 Christi
3411 3124 3732 3181 sacramenti
3773 3138 3906 3179 auc-

2308 3194 2439 3247 toris
2484 3194 2874 3250 institutionem
2897 3238 2912 3263 ,
2947 3198 3213 3265 generalis
3255 3198 3473 3252 traditio
3502 3197 3788 3251 videbatur
3841 3194 3906 3249 ad

2308 3278 2417 3338 non
2447 3265 2749 3338 baptizatos
2795 3266 2949 3321 facile
2990 3268 3336 3338 producenda
3364 3286 3377 3330 ;
3422 3277 3479 3322 at
3507 3268 3597 3322 ubi
3628 3268 3695 3321 de
3711 3265 3910 3338 luere-

2306 3334 2428 3390 ticis
2456 3351 2519 3390 ac
2558 3335 2782 3410 proinde
2809 3338 2875 3410 de
2912 3334 3200 3410 baptizatis
3231 3339 3537 3394 hominibus
3566 3336 3907 3410 praecipuum

2304 3420 2612 3477 sermonem
2670 3408 2997 3475 habebant,
3032 3412 3271 3466 coerceri
3316 3408 3600 3465 videbatur
3627 3409 3908 3477 generalis

2305 3476 2394 3530 illa
2425 3475 2668 3551 definitio
2698 3479 2765 3533 ad
2793 3496 2887 3534 eos
2914 3489 3122 3536 tantum
3154 3483 3243 3551 qui
3268 3481 3377 3550 jam
3410 3475 3667 3551 baptizati
3696 3493 3901 3551 propo-

2307 3557 2583 3623 nerentur.
2636 3550 2805 3605 Dubia
2862 3567 3015 3607 meus
3062 3550 3278 3607 Patrum
3308 3550 3561 3623 explicari
3591 3550 3907 3623 debuitiper

2303 3621 2590 3706 pontifices
2619 3623 2917 3704 maximos,
2962 3624 3103 3705 inter
3130 3640 3266 3706 quos
3295 3619 3605 3705 nominatus
3645 3628 3729 3674 est
3765 3619 3908 3700 βενε

2304 3688 2505 3767 giuset
2533 3688 2826 3767 Gregorius
2848 3734 2881 3767 ,_
2896 3688 3166 3767 nominari
3196 3704 3376 3749 autem
3415 3694 3578 3748 etiam
3626 3691 3905 3767 potuisset

2305 3759 2557 3815 Nicolaus
2588 3759 2814 3830 I,'unde
2843 3763 3176 3819 Collectores
3204 3780 3494 3829 canonum,
3544 3772 3601 3817 ut
3628 3759 3746 3817 rem
3772 3763 3904 3816 uni-

2303 3845 2516 3905 yersam
2548 3837 2734 3905 paucis
2788 3834 3243 3904 perstringerent,
3294 3842 3664 3905 exposuerunt
3686 3874 3729 3905 ,_
3754 3834 3903 3887 aliud

2302 3900 2443 3957 forte
2471 3900 2587 3958 erui
2618 3919 2776 3974 posse
2789 3900 2867 3959 ex
2894 3900 3191 3975 Augustino
3215 3917 3269 3962 et
3296 3900 3537 3971 Isidoro;
3570 3904 3664 3960 sed
3696 3902 3897 3958 Roma-

2304 3987 2495 4027 norum
2552 3977 2852 4031 antistitum
2920 3978 3290 4033 deﬁnitionem
3340 3978 3587 4032 omnibus
3646 3985 3896 4030 veterum

2302 4042 3068 4123 dubitationibus“praevalere.
3109 4048 3197 4123 En‘
3218 4050 3403 4123 paucis
3428 4047 3755 4123 explicatam
3787 4046 3901 4123 lan-

2302 4114 2410 4167 dati
2441 4117 2665 4189 canonis
2695 4115 2764 4171 59
2784 4120 3125 4181 sententiam,
3162 4114 3399 4189 in'cujus
3428 4114 3584 4174 initio
3627 4117 3898 4189 dubitatio

2303 4188 2723 4260 proponebatur,
2757 4189 2933 4257 qualis
2962 4206 3029 4244 ex
3068 4190 3255 4245 Isidori
3288 4188 3381 4247 aut
3419 4188 3701 4260 Augustini
3733 4188 3896 4243 dictis

2302 4258 2644 4333 emergebat;
2677 4260 2730 4313 in
2752 4260 2906 4328 cujus
2925 4260 3252 4333 deinderline
3272 4261 3483 4333 prodita
3510 4258 3599 4316 est
3623 4262 3898 4333 sententia

2303 4328 2615 4401 pontiticum
2668 4333 3044 4385 maximorum.
3100 4328 3365 4388 Nonnulla
3397 4332 3593 4401 adjicio
3627 4332 3694 4384 ad
3724 4331 3898 4384 inter-

2304 4400 2661 4474 pretationem
2696 4402 2911 4474 laudati
2952 4402 3144 4472 capitis
3187 4403 3220 4455 6
3251 4404 3370 4459 libri
3404 4419 3437 4459 v
3461 4400 3853 4474 Capitttlarinm
3877 4442 3893 4465 .

2304 4468 2391 4549 tibi
2419 4469 2643 4549 dicitur,
2696 4468 3089 4549 baptizatuma
3122 4476 3437 4549 presbytero
3486 4468 3590 4529 non
3621 4472 3896 4549 baptiaato

2301 4541 2629 4612 impositione
2676 4559 2922 4596 manuum
2952 4541 3212 4612 indigere;
3242 4541 3328 4600 vel
3355 4545 3497 4601 enim
3537 4544 3761 4599 nomine
3789 4544 3893 4597 im-

609 4606 951 4687 baplismate,
984 4612 1097 4687 sive
1126 4611 1192 4687 de
1223 4606 1852 4687 nonrebaptizandisiis
1877 4615 1969 4681 qui
1995 4615 2061 4666 ab
2093 4614 2198 4687 hai-
2228 4615 2279 4677 Ι)
2305 4606 2588 4687 positionis
2628 4629 2889 4687 manuum
2950 4606 3263 4687 intelligitur
3310 4616 3581 4687 impositio
3631 4630 3892 4669 manuum

609 4679 791 4733 reticis
834 4682 998 4735 semel
1027 4682 1131 4735 rite
1160 4681 1415 4751 baptizati
1443 4678 1686 4737 fuissent.
1730 4684 1866 4737 Num
1896 4678 2033 4738 vero
2064 4694 2120 4738 et
2159 4685 2195 4739 ii

610 4758 864 4825 tanquam
896 4750 1295 4825 verebaptizati
1326 4752 1673 4825 haberentur,
1704 4756 1849 4824 quia
1881 4770 1986 4809 non
2017 4754 2196 4825 bapti-

613 4820 746 4893 satis
777 4820 1033 4893 baptizati
1064 4822 1315 4887 fuissent,
1351 4823 1631 4893 perspicue
1659 4820 1898 4880 nondum
1942 4820 2195 4881 tradit-um

613 4836 746 4873 zaus
777 4836 1033 4942 napuzau
1064 4836 1315 4887 luissem,
1351 4839 1631 4893 perspicue
1659 4836 1898 4880 nondum
1942 4836 2195 4881 traditum

612 4886 809 4971 fuerat.
832 4961 841 4971 _
867 4890 977 4971 tino
1006 4892 1331 4961 Augustinus
1360 4895 1427 4971 in
1441 4910 1505 4950 ea
1537 4896 1833 4971 quzestione
1862 4912 1920 4950 se
1949 4897 2195 4971 dubitan~

609 4966 733 5042 tem.
759 4961 1020 5030 exhibuit,
1070 4966 1467 5042 quanquant__in
1509 4961 1628 5021 eam
1659 4969 1837 5042 potius
1866 4970 2192 5042 sententiam

610 5031 913 5095 inclinaret,
944 5048 1048 5102 qua
1078 5031 1280 5107 diceret
1309 5037 1542 5091 validum
1562 5106 1565 5107 ν
1587 5031 1706 5093 esse
1748 5038 2091 5107 baptismum,
2135 5047 2194 5094 ut

611 5111 834 5170 apparet
862 5118 928 5157 ex
958 5120 1076 5159 can.
1113 5105 1174 5159 51
1208 5107 1274 5161 de
1304 5123 1487 5173 cons.,
1520 5106 1643 5162 dist.
1690 5106 1743 5161 4.
1780 5105 2193 5165 Recentioribus

611 5173 839 5254 saeculis,
874 5185 1030 5242 prout
1059 5192 1144 5231 res
1170 5178 1456 5254 incideret,
1488 5178 1847 5254 singularibus
1877 5179 2192 5254 pontificum

611 5248 968 5324 rnaximorum
1016 5248 1564 5324 rescriptis,_de_ﬂniri
1584 5248 1962 5324 controversia
1979 5251 2191 5324 recepit.

612 5310 998 5391 Hinclegimus
1040 5319 1091 5373 in
1127 5310 1218 5374 lib.
1244 5337 1276 5374 v
1302 5310 1689 5390 Capitularium
1709 5358 1724 5383 ,
1765 5321 1942 5391 capite
1970 5318 2003 5375 6
2033 5341 2044 5375 :
2081 5310 2108 5373 ι’
2135 5320 2191 5377 Si

611 5384 729 5454 quis
759 5385 1060 5511 baptizatus
1097 5401 1178 5446 est
1206 5407 1233 5443 a
1274 5384 1592 5470 presbytero
1634 5406 1742 5446 non
1788 5384 2090 5463 baptizato,
2139 5402 2193 5448 et

611 5465 795 5510 sancta
869 5470 1053 5511 nmtas
1079 5461 1131 5511 in
1161 5462 1276 5511 inso
1308 5462 1575 5511 baptismo
1603 5461 1847 5511 invocata
1876 5466 1990 5511 fuit-
2023 5466 2193 5511 banti-

609 5465 795 5510 sancta
823 5460 1053 5533 Trinitas
1079 5461 1131 5533 in
1161 5462 1276 5531 ipso
1308 5460 1575 5533 baptismo
1600 5460 1993 5533 invocata—fuit,
2023 5466 2196 5533 bapti-

608 5535 759 5583 zatus
781 5537 882 5602 est,
913 5532 1051 5602 sicut
1079 5530 1297 5602 sergius
1328 5546 1466 5601 papa
1504 5530 1657 5602 dixit,
1689 5531 2036 5602 Impositione
2061 5530 2189 5591 vero

608 5611 801 5672 inanus
841 5600 1057 5672 indiget.
1106 5600 1395 5671 Gregorius
1441 5601 1724 5671 episcopus
1773 5600 2089 5672 Romanus,
2136 5616 2193 5662 et

607 5664 843 5726 Joannes
886 5664 1315 5727 Sa'cellarius'sic
1345 5664 1648 5728 senserunt.
1684 5694 1702 5726 ι
1746 5675 1878 5730 Item
1908 5679 2004 5732 sub
2029 5664 2219 5732 Nico-~

609 5736 697 5796 Iao
724 5738 744 5792 I
772 5738 981 5809 Bulgari
1027 5744 1078 5797 in
1124 5743 1310 5798 eadem
1362 5747 1729 5801 controversia
1763 5747 2065 5803 Romanum
2090 5764 2185 5802 an-

613 5809 835 5886 tistitem
868 5814 1279 5886 consuluerunt,
1301 5814 1671 5886 rescriptoque
1691 5816 1987 5884 definitum,
2013 5819 2193 5874 valere

572 5962 575 5969 ἱ
609 5877 937 5954 baptismum
964 5882 1126 5940 etiam
1146 5898 1179 5940 a
1206 5877 1315 5942 non
1342 5877 1619 5955 baptizato
1639 5887 1917 5956 collatum,
1946 5877 2035 5948 ubi
2061 5891 2194 5962 legi-

2301 4684 2708 4758 czeremonialis,
2741 4693 2797 4739 et
2825 4701 2946 4739 eam
2977 4684 3154 4741 facere
3177 4688 3300 4758 jure
3347 4684 3452 4743 non
3496 4695 3712 4757 poterat
3734 4701 3894 4756 pres-

2303 4753 2459 4823 byter
2499 4770 2605 4829 non
2639 4756 2977 4829 baptizatus:
3009 4758 3094 4812 vel
3122 4753 3437 4829 intelligitur
3466 4753 3753 4829 impositio'
3775 4772 3895 4811 ma-

2302 4838 2463 4901 nuum
2495 4826 2841 4901 a_l_)_episcopo
2872 4825 3112 4901 facienda
3145 4830 3197 4885 in
3225 4825 3566 4901 sacramento
3596 4828 3896 4883 confirma-

2300 4894 2482 4974 tionis.
2514 4892 2800 4974 Fingamus
2829 4897 2971 4951 enim
3002 4915 3128 4955 vero
3169 4902 3255 4971 agi
3298 4896 3365 4955 de
3410 4901 3733 4974 presbytero
3782 4914 3895 4954 non

2298 4965 2592 5035 baptizata,
2626 4970 2716 5038 qui
2749 4985 2858 5042 una
2897 4978 2951 5023 et
2999 4965 3396 5042 sacramentum
3412 4965 3895 5042 'bapti'smatis,iet

2233 5098 2241 5105 ,
2295 5037 2691 5115 sacramentum
2723 5037 3318 5113 conﬁrmationisjuxta
3342 5037 3639 5115 aliquarum
3672 5041 3894 5115 provin-

2296 5107 2768 5181 ciarumHVt-terem
2800 5126 3005 5167 morem
3034 5107 3348 5171 contulisset
3378 5158 3392 5181 ,
3431 5107 3517 5169 'uti
3566 5116 3617 5168 in
3651 5107 3779 5168 can.
3834 5113 3890 5178 l,

2297 5178 2431 5261 (Πει.Δ
2574 5190 2628 5237 et
2671 5183 2727 5261 in
2779 5199 2900 5261 cap.
2933 5184 2986 5261 ﬁ
3026 5186 3105 5261 der
3130 5177 3521 5242 consuetudine
3555 5203 3567 5239 :
3602 5185 3731 5240 licet
3774 5177 3890 5238 non

2296 5258 2437 5303 esset
2473 5255 2779 5332 iterandum
2804 5255 3138 5325 baptismatis
3184 5264 3581 5332 sacramentum
3601 5297 3637 5332 ,_
3668 5264 3789 5310 erat
3810 5263 3892 5332 ta~_-

2298 5336 2439 5404 meo.
2472 5324 2774 5404 iterandum
2812 5324 3670 5404 saeratneiitutitconfirmationis
3692 5369 3708 5395 ,
3741 5326 3891 5397 quod

2297 5395 2496 5468 passim
2550 5395 2691 5468 apud
2719 5406 2945 5468 veteres
2980 5400 3197 5453 nomine
3224 5399 3581 5468 impositionis
3628 5395 3891 5453 manuum

2299 5465 2622 5553 appellatur.
2665 5466 2837 5553 Aliter
2866 5468 3167 5553 dicendum
3198 5478 3279 5553 est
3304 5465 3395 5553 "de
3426 5486 3634 5553 manus
3657 5471 3888 5553 imposif

2293 5535 2461 5610 tione.
2494 5552 2612 5590 cum
2643 5553 2747 5607 qua
2779 5539 2897 5610 loco
2940 5556 3099 5610 supra
3154 5539 3371 5596 laudato
3426 5540 3661 5596 Isidorus
3707 5535 3889 5596 aiebat

2293 5607 2631 5675 recipiendos
2678 5624 2796 5662 esse
2868 5607 3165 5680 baptizatos
3230 5612 3296 5665 ab
3329 5610 3635 5677 haereticis;
3684 5614 3887 5668 etenim

2295 5692 2486 5753 tnanus
2518 5680 2604 5753 illa
2634 5680 2903 5753 itiipositio
2926 5692 3042 5736 erat
3074 5683 3524 5747 recunciliatoria,
3550 5698 3654 5753 qua
3676 5685 3886 5737 scilicet

2296 5747 2533 5803 lireretici
2564 5753 2627 5803 al
2661 5748 2956 5805 Ecclesium
2989 5763 3321 5807 revertentes
3367 5747 3707 5808 reconciliari
3738 5754 3885 5808 sole-

2297 5820 2447 5875 bant.
2481 5818 2788 5897 Quottvero
2836 5822 2888 5875 iu
2936 5823 3129 5897 eodem
3149 5840 3372 5897 canone
3412 5826 3629 5894 legitur,
3659 5825 3876 5897 presby-

2297 5898 2473 5949 terum
2499 5907 2609 5948 uon
2638 5892 2967 5965 baptizatum
3006 5894 3396 5968 baptizandum
3434 5892 3585 5963 esse,
3615 5892 3734 5952 sed
3775 5892 3887 5959 non
