4070 6362
226 322 329 379 203

1216 315 1627 377 ISIDORIANA.
1651 313 1915 379 —PARB
1952 318 1995 376 Ι.
2034 316 2187 376 CAP.
2226 316 2466 376 XXXIV.

3386 322 3494 381 206

222 446 393 501 niente
418 437 569 498 Novo
602 432 835 497 cessabit.
864 433 982 492 Non
1007 434 1308 506 explicatur
1335 435 1583 506 quisnam
1611 434 1683 491 sit
1703 435 1806 493 iste

1935 471 2152 510 *rrorem.
2185 452 2242 508 In
2272 461 2418 507 tanta
2448 451 2609 521 igitur
2628 450 2889 509 varietate
2907 466 3091 508 rerum
3118 454 3493 524 antiquarum,

161 545 176 603 ς
222 532 417 591 Paulus
436 570 455 599 ,
487 529 579 602 qui
614 529 844 585 iortasse
867 532 948 582 est
976 526 1233 582 diaconus
1251 525 1641 592 Waruefridus,
1669 526 1804 593 sive,

161 605 175 624 ς
222 637 283 687 ut
334 627 426 684 alii
477 634 715 692 vocant,
747 622 1091 679 Warnei'ridi.
1141 621 1328 677 Obiter
1378 623 1695 686 advertam,
1740 620 1809 676 ab

222 721 548 779 auctoritate
577 732 801 789 quoque
830 715 1017 771 Isidori
1058 714 1269 769 initium
1315 714 1516 771 ducere
1548 715 1685 770 duos
1714 728 1811 768 au-

222 824 402 872 ctores
421 806 662 869 historia:
702 810 978 877 Romanas,
1009 807 1193 865 Italico
1224 810 1392 865 veteri
1413 823 1664 865 sermone
1689 822 1813 863 con-

222 906 435 975 scripta:
464 946 478 971 ,
510 905 740 960 alterum
788 904 839 959 in
870 920 972 961 ms.
1004 904 1205 961 Codice
1234 900 1601 957 Ottoboniano
1625 898 1806 955 2616:

220 996 349 1051 Dice
378 998 432 1051 lo
462 996 689 1068 glorioso
732 998 948 1051 missore
989 1004 1140 1050 sunto
1191 993 1396 1048 Isidoro
1425 1034 1440 1060 ,
1500 993 1725 1048 alterum
1758 992 1810 1045 in

221 1087 419 1146 Codice
436 1089 802 1144 Ottoboniau'o
818 1086 976 1143 2658.
998 1086 1125 1143 Dice
1142 1083 1299 1157 253
1330 1087 1379 1140 to
1410 1085 1635 1157 glorioso
1662 1092 1812 1139 santo

222 1178 432 1235 Isidoro
454 1179 588 1232 nello
609 1178 737 1233 livro
759 1179 892 1233 delle
917 1177 1247 1248 Etimalogie,
1268 1184 1376 1231 etc.
1407 1166 1607 1230 Prloris
1633 1175 1815 1246 operis

221 1278 411 1325 auctor
432 1269 627 1324 dicitur
651 1267 796 1323 Lello
821 1269 1066 1324 Petroni:
1095 1270 1325 1322 alterum
1352 1281 1682 1337 auonymum
1711 1273 1812 1320 est.

221 1359 279 1417 In
330 1360 517 1417 codice
553 1359 720 1429 Regio
769 1361 1033 1417 Vaticano
1077 1358 1217 1414 15Ἱὸ
1261 1375 1386 1416 mox
1420 1359 1815 1427 describenda,

222 1454 276 1509 in
303 1469 415 1523 quo
453 1453 693 1524 quaedam
723 1463 849 1508 sunt
884 1454 1108 1518 Isidori,
1164 1454 1433 1524 reperitur
1458 1467 1595 1522 opus
1632 1452 1820 1508 inscri-

221 1552 370 1616 ptum
387 1562 401 1598 :
420 1545 502 1599 Dr
516 1560 604 1600 xiv
624 1544 1273 1615 divisionibnstemporum.
1286 1543 1509 1615 Incipit:
1530 1542 1818 1598 Divisiones

224 1649 511 1711 temporum
539 1647 660 1710 quot
707 1640 864 1694 sunt?
889 1648 1001 1696 tun
1028 1684 1041 1705 ,
1076 1640 1130 1694 id
1174 1648 1289 1708 est,
1319 1648 1520 1695 atomus
1544 1680 1560 1706 ,
1592 1656 1821 1695 momen-

226 1740 327 1785 tum
352 1770 369 1797 ,
400 1738 510 1785 etc.
548 1729 749 1785 Passim
780 1730 1025 1785 laudatur
1054 1730 1293 1787 Isidorus
1319 1748 1331 1784 :
1359 1729 1598 1787 Isidorus
1628 1732 1821 1801 deﬁni-

1911 562 2045 618 quas
2086 546 2320 601 Isidorus
2376 544 2759 614 pertractavit,
2808 545 2853 600 si
2903 544 3023 614 quis
3076 560 3231 601 error
3282 546 3337 601 in
3384 546 3501 615 ejus

1910 654 2075 709 opera
2120 638 2369 707 irrepsit,
2404 636 2701 707 antiquitati
2740 636 2919 709 potius
2966 650 3132 707 quam
3160 636 3367 693 Isidoro
3400 638 3498 707 ipsi

1914 733 2226 788 tribuendus
2253 732 2485 799 videtur,
2517 747 2689 800 neque
2720 732 2793 785 ita
2835 740 3036 785 temere
3057 732 3126 786 de
3149 747 3217 785 eo
3247 731 3496 799 judican-

1913 828 2036 879 dum
2066 867 2081 891 ,
2116 834 2174 879 ut
2213 825 2429 896 quidam
2473 823 2676 878 faciunt
2700 841 2713 877 :
2736 838 3047 893 quanquam
3096 824 3340 893 plerique
3376 839 3500 877 eum

1915 917 2119 973 meritis
2174 918 2420 973 laudibus
2471 916 2756 974 extollunt.
2806 916 3074 972 Nonnulla
3136 916 3499 972 recentiorum

1914 1008 2266 1082 quorumdam
2308 1010 2376 1065 de
2408 1009 2611 1065 Isidoro
2636 1009 2833 1079 judicia
2866 1009 2989 1065 Nic.
3022 1010 3285 1065 Antonius
3314 1007 3409 1062 lib.
3446 1024 3503 1072 v,

1916 1118 2036 1173 cap.
2089 1100 2149 1168 4,
2193 1119 2245 1156 n.
2299 1101 2396 1167 9i,
2441 1102 2579 1155 Bibl.
2624 1101 2745 1155 Vet.
2781 1099 2955 1166 Ilisp.,
2998 1099 3238 1170 collegit.
3285 1096 3509 1152 Scilicet

1915 1190 2147 1247 Jacobus
2163 1190 2402 1247 Gaddius
2424 1198 2553 1247 tom.
2584 1190 2823 1261 IScript.
2850 1208 2956 1245 non
2978 1188 3315 1254 Ecclesiast.,
3332 1203 3507 1242 exeru-

1918 1288 2034 1359 plar
2061 1288 2285 1358 episcopi
2318 1286 2543 1340 numeris
2566 1286 2802 1341 omnibus
2823 1284 3065 1350 absoluti,
3095 1285 3348 1338 doctrina
3368 1282 3506 1336 mut-

1922 1383 2128 1451 tiplicis,
2150 1380 2552 1452 eruditionisque
2572 1380 2837 1433 immensa:
2859 1378 3019 1433 virum
3047 1376 3307 1431 Isidorum
3327 1382 3506 1429 vocat.

1921 1472 2118 1544 Xystus
2148 1473 2400 1529 Senensis
2429 1472 2525 1527 lib.
2554 1485 2625 1532 tv,
2660 1470 2892 1526 Biblotlt.
2919 1477 3092 1525 sanet.
3137 1468 3344 1521 eximite
3384 1482 3509 1519 san-

1922 1566 2114 1619 ctitatis
2135 1572 2183 1618 et
2212 1564 2537 1629 eruditionis,
2566 1562 2860 1616 divinarum
2888 1559 3278 1631 Scripturarum
3299 1557 3508 1627 peritis-

1922 1658 2108 1712 simum
2134 1690 2149 1725 ,
2179 1666 2229 1710 et
2267 1659 2322 1711 in
2351 1654 2582 1727 tegendis
2602 1696 2615 1719 ,
2654 1652 2955 1724 colligendis
2996 1651 3399 1721 coaptandisque
3427 1649 3511 1702 di-

1928 1750 2042 1814 ctis,
2070 1766 2128 1801 ac
2179 1748 2477 1811 sententiis,
2510 1755 2558 1799 et
2601 1744 2861 1816 rapsodiis
2904 1750 3128 1797 veterum
3175 1740 3393 1795 Patrum
3444 1756 3509 1794 ex

222 1822 291 1876 ait
344 1823 564 1888 dicens,
596 1828 701 1877 etc.
732 1820 948 1877 Tomol
976 1824 1212 1895 Operum
1259 1822 1419 1879 Beda:
1456 1831 1632 1881 exstat
1678 1840 1815 1896 opus

1940 1840 2200 1893 nnnmeris
2230 1848 2279 1892 et
2308 1838 2571 1891 immensis
2599 1850 2775 1891 eorum
2818 1832 3157 1890 voluminibus
3201 1833 3512 1887 desiderium

223 1916 293 1969 ita
322 1914 675 1983 inscriptum,
716 1913 870 1983 cujus
904 1914 1091 1969 Codex
1127 1930 1225 1971 ms.
1279 1916 1490 1971 auctior
1540 1932 1821 1971 commen-

224 2006 376 2061 datur
402 2020 433 2059 a
476 2003 786 2060 Mabillonio
818 2016 964 2060 tomo
1006 2005 1027 2059 I
1066 2005 1234 2062 Musei
1270 2005 1440 2063 Italici
1477 2020 1601 2078 pag.
1647 2004 1735 2061 69.
1762 2006 1822 2061 In

226 2096 329 2151 alio
357 2094 561 2152 Codice
608 2095 825 2166 Regium
858 2096 1155 2154 Succorum
1177 2135 1195 2164 ,
1228 2096 1367 2154 infra
1419 2100 1585 2155 etiam
1629 2115 1822 2156 remm-

228 2188 430 2253 scndo,
458 2202 595 2260 opus
631 2196 900 2258 reperitur
947 2192 1185 2245 auctoris
1224 2206 1333 2246 non
1361 2191 1435 2246 ita
1480 2192 1689 2263 prisci,
1720 2193 1824 2248 hoc

236 2280 389 2335 titulo
428 2298 443 2332 :
474 2278 821 2333 Auctoritates
857 2281 993 2351 quod
1036 2278 1219 2337 Bonus
1268 2298 1304 2335 a
1340 2288 1521 2335 sancto
1573 2278 1825 2336 Silvestro

230 2370 600 2427 Constantinus
645 2372 938 2443 baptizatus
985 2382 1083 2428 est.
1132 2372 1407 2429 Iudicatur
1446 2370 1686 2429 Isidorus
1724 2388 1825 2443 pro

228 2467 330 2524 hoc
360 2479 677 2538 argumento
724 2469 865 2523 inter
912 2468 1085 2526 alios:
1118 2471 1211 2526 scd
1242 2509 1257 2537 ,
1308 2481 1370 2526 ut
1416 2483 1520 2540 ego
1564 2477 1732 2540 puto,
1758 2482 1828 2524 ex

226 2562 536 2633 apocrypha
565 2560 888 2617 collectione
913 2561 1103 2617 Isidori
1126 2562 1462 2619 hiematuris.

292 2655 384 2711 29.
425 2656 611 2712 Codex
650 2656 940 2713 Vaticanus
976 2655 1119 2711 1345
1160 2656 1385 2711 exhibet
1414 2655 1709 2725 quamdam
1734 2654 1828 2709 de-

223 2756 501 2805 cretorum
535 2757 590 2806 et
627 2763 895 2805 canonum
931 2747 1344 2813 collectionem,
1376 2754 1433 2802 et
1476 2746 1735 2803 nonnulla
1762 2745 1831 2801 de

224 2840 389 2895 rebus
434 2840 815 2895 ecclesiasticis
863 2838 1143 2908 opuscula.
1200 2836 1442 2891 Primum
1488 2851 1627 2906 opus
1674 2836 1829 2891 initio

221 2930 484 2986 mutilum
527 2937 646 2998 est,
677 2930 735 2985 in
778 2944 887 3000 quo
944 2929 1013 2985 de
1064 2929 1304 2985 vestibus
1357 2928 1829 2999 sacerdotalibus,

222 3024 587 3080 sacramentis
627 3033 683 3079 et
710 3023 829 3080 aliis
863 3024 1060 3094 agitur,
1092 3029 1149 3079 et
1184 3024 1241 3079 in
1270 3023 1496 3080 rubricis
1519 3039 1666 3096 saepe
1689 3025 1830 3080 cita-

224 3121 314 3169 tur
353 3110 594 3171 Isidorus
616 3154 633 3182 ,
664 3123 725 3170 ut
764 3115 834 3170 de
881 3114 1200 3170 exorcismis
1227 3155 1243 3182 ,
1275 3114 1346 3171 de
1396 3116 1692 3184 scrutinio,
1719 3125 1825 3171 etc.

1925 1932 2193 1986 habentem
2223 1931 2535 2001 inexplebile
2554 1970 2568 1995 ,
2599 1938 2649 1983 et
2677 1931 2810 1983 vim
2837 1930 3049 1983 omnino
3073 1927 3431 1981 inexhaustas.

1994 2023 2047 2078 2.
2089 2022 2386 2078 Resendius
2415 2022 2506 2076 lib.
2540 2032 2577 2076 ιι
2608 2021 2777 2076 Lusit.
2812 2021 3058 2089 antiquit.
3089 2021 3252 2073 virum
3276 2033 3520 2089 magnum

1926 2117 2191 2187 appellat,
2223 2125 2274 2170 et
2313 2131 2484 2169 rerum
2538 2114 2817 2168 multarum
2865 2114 2993 2167 bene
3042 2114 3305 2181 peritum,
3359 2127 3521 2181 neque

1925 2208 2295 2280 elegantiarum
2344 2217 2449 2261 tam
2494 2216 2752 2275 expertem
2790 2206 3079 2260 litterarum
3104 2246 3117 2270 ,
3168 2212 3225 2256 ut
3277 2202 3523 2257 insolenti

1927 2301 2142 2372 fastidio
2196 2302 2262 2354 sit
2310 2317 2344 2353 a
2393 2299 2599 2354 dicendi
2656 2298 2947 2353 testimonio
2988 2295 3331 2367 ablegandus.
3378 2295 3522 2355 Alibi

1928 2394 2103 2449 multa:
2127 2399 2235 2446 tum
2260 2392 2567 2447 eruditionis
2584 2430 2599 2456 ,
2624 2397 2729 2444 tum
2756 2388 3039 2460 diligentias
3060 2388 3321 2443 hominem
3338 2395 3517 2445 vocat.

1929 2486 2170 2556 Rapbael
2198 2495 2376 2540 autem
2406 2483 2792 2541 Volaterranos
2816 2524 2832 2552 ,
2862 2484 3038 2554 pergit
3080 2481 3198 2540 Nic.
3232 2481 3520 2546 Antonius,

1930 2596 2034 2634 non
2056 2588 2161 2632 tam
2182 2579 2421 2633 doctrina
2443 2593 2601 2650 quam
2623 2578 2730 2632 cita
2752 2576 3134 2647 philosophum,
3156 2576 3275 2629 etin
3306 2574 3527 2629 dicendo

1930 2684 2033 2722 non
2057 2676 2185 2733 tam
2231 2668 2410 2721 rudem
2458 2682 2613 2738 quam
2660 2666 3053 2719 inexercitatum
3077 2703 3093 2731 ,
3124 2664 3268 2719 haud
3306 2663 3527 2720 omnino

1931 2776 2079 2822 recte
2108 2768 2339 2821 censuit.
2385 2764 2597 2837 Stylum
2636 2765 2780 2818 enim
2826 2764 2943 2832 ejus
2986 2764 3166 2819 satculi
3186 2763 3307 2832 quis
3355 2762 3407 2816 in
3459 2774 3527 2817 eo

1932 2858 2372 2929 reprehenderit?
2400 2859 2505 2911 Aut
2531 2857 2745 2911 cuinam
2772 2854 3042 2911 videbitur
3068 2856 3113 2910 is
3144 2866 3253 2911 non
3273 2854 3525 2910 doctrina

1932 2950 2315 3023 philos0phus,
2348 2947 2440 3017 qui
2488 2946 2733 3002 moribus
2767 2957 2821 3001 et
2851 2946 3034 3015 pietati
3064 2945 3396 3015 praescripsit
3438 2960 3529 3000 rc-

1932 3045 2086 3115 gulas
2115 3042 2379 3098 universis
2393 3038 2643 3097 Ecclesia:
2669 3039 2880 3096 saeculis
2903 3039 3095 3093 merito
3121 3037 3534 3107 suscipiendas!

1934 3135 2203 3203 Quantum
2258 3146 2389 3188 vero
2445 3130 2591 3187 favet
2636 3129 2905 3200 Iosephus
2954 3130 3234 3201 Scaliger!
3292 3128 3533 3185 Isidorus

224 3206 428 3262 Ibidem
456 3245 472 3272 ›
502 3218 625 3277 pas-
657 3206 763 3262 445
794 3249 809 3276 ,
843 3208 1166 3280 opusculum
1194 3208 1263 3265 de
1292 3208 1563 3279 baptismo
1595 3215 1651 3264 et
1680 3207 1830 3264 omni
1855 3212 1903 3278 C
1938 3228 2128 3291 multa,
2162 3226 2237 3281 ait
2288 3226 2342 3281 in
2391 3224 2580 3297 primis
2619 3221 3029 3293 Scaligerianis,
3063 3237 3116 3293 p.
3152 3220 3259 3288 65,
3290 3228 3360 3278 ex
3400 3233 3536 3278 vete-

229 3298 346 3368 ejus
368 3297 561 3354 ordine
588 3326 603 3367 φ
631 3299 786 3370 juxta
816 3300 1120 3371 indaginem
1147 3299 1542 3355 catholicorum
1561 3340 1577 3367 ,
1610 3300 1827 3369 incipit:

233 3388 486 3463 Baptismi
528 3400 907 3447 sacramentum
948 3392 996 3447 si
1037 3392 1207 3464 prima
1246 3401 1482 3463 repetens
1522 3387 1586 3444 ab
1634 3392 1835 3462 origine

234 3482 463 3553 pandam
491 3496 557 3538 ex
599 3496 719 3554 cap.
758 3481 831 3537 24
857 3526 872 3550 ,
912 3482 1006 3539 lib.
1046 3498 1084 3539 ιι
1130 3484 1197 3539 de
1240 3481 1444 3539 Olllciis
1481 3483 1699 3549 Isidori,
1736 3483 1834 3553 qui

136 3642 148 3657 ο
234 3588 486 3645 expresse
514 3575 823 3631 nominatur
846 3577 901 3631 in
931 3577 1088 3634 titulo
1118 3594 1132 3630 :
1167 3576 1242 3632 De
1271 3577 1651 3633 catechumenis
1679 3592 1835 3632 exor-

237 3666 407 3736 cismi:
439 3664 637 3721 Isidori
660 3684 678 3721 :
710 3668 919 3723 scilicet
936 3683 1003 3723 ex
1033 3668 1126 3723 lib.
1160 3684 1199 3724 ιι
1224 3669 1294 3725 de
1318 3666 1557 3737 Ofﬁciis,
1585 3684 1709 3742 cap.
1738 3669 1829 3725 20.

302 3758 385 3812 30.
428 3757 641 3813 Nomen
672 3757 858 3830 Isidori
887 3759 1219 3816 celebratum
1264 3760 1450 3817 videre
1475 3762 1639 3817 etiam
1681 3770 1835 3832 pote-

237 3848 305 3905 ris
330 3850 381 3903 in
436 3849 644 3907 Codice
697 3848 1066 3905 Laurentiano
1117 3850 1175 3905 S.
1235 3850 1439 3920 Marci,
1493 3854 1831 3908 recensendo

238 3953 347 4010 cap.
395 3938 463 3993 44
495 3978 514 4009 ,
546 3940 601 3994 in
642 3953 752 4010 quo
800 3940 883 3996 est
931 3939 1177 4011 quaedam
1222 3941 1444 3997 humilia
1498 3943 1600 3997 sub
1648 3941 1837 4000 Isidori

241 4032 465 4088 nomine.
508 4031 799 4087 Bandinius
834 4038 968 4088 tom.
995 4030 1039 4087 II
1074 4030 1247 4089 Codd.
1298 4031 1542 4089 Latinor.
1585 4033 1833 4091 bibliotb.

242 4120 479 4181 Mediceis
514 4166 529 4193 ,
583 4125 718 4195 plut.
770 4124 860 4190 47,
919 4124 1175 4181 describit
1230 4124 1489 4183 Codicem
1544 4127 1729 4183 saeculi
1783 4136 1837 4183 st

242 4218 462 4276 ineuntis
484 4263 510 4291 ,
543 4222 914 4276 continentem
940 4222 1143 4278 scholia
1172 4223 1226 4278 in
1242 4220 1579 4280 Priscianum
1597 4263 1614 4291 ,
1640 4224 1837 4296 quibus

242 4326 425 4385 printer
447 4318 592 4373 aiios
620 4310 856 4374 Isidorus
885 4325 941 4373 et
970 4314 1113 4374 Beda
1142 4312 1452 4375 laudantur.

307 4409 392 4465 51.
431 4410 726 4467 Curiosum
766 4416 848 4466 est
871 4422 1006 4481 opus
1054 4409 1369 4483 inscriptum
1398 4455 1413 4482 ,
1444 4411 1634 4468 Tomus
1660 4416 1839 4485 singu-

250 4502 363 4558 laris
401 4506 695 4576 insignium
738 4514 1009 4561 auctorum
1040 4516 1145 4559 tam
1182 4505 1482 4562 Grarcorum
1511 4523 1664 4579 quam
1688 4506 1839 4561 Lati-

1937 3338 2051 3377 rum
2106 3320 2252 3375 libris
2280 3361 2294 3387 ,
2354 3318 2535 3391 quibus
2589 3318 2742 3374 hodie
2791 3330 3025 3372 caremus
3056 3356 3072 3383 ,
3120 3326 3281 3387 eaque
3335 3318 3532 3384 optima

1939 3413 2286 3483 transcripsit.
2320 3411 2449 3468 Ideo
2474 3412 2623 3466 illum
2673 3410 2822 3466 velim
2870 3410 3075 3464 habere.
3124 3402 3305 3464 Doctis
3349 3410 3525 3465 utilis-

1937 3507 2098 3560 simus
2129 3511 2225 3558 est.

2008 3597 2168 3670 255
2189 3592 2242 3650 5.
2273 3592 2401 3649 Haec
2429 3592 2543 3649 fere
2567 3606 2637 3649 ex
2656 3591 2771 3647 Nic.
2795 3590 3051 3647 Antonio.
3081 3589 3148 3647 Ut
3168 3600 3349 3647 autem
3370 3590 3416 3646 is
3437 3590 3535 3646 Isi-

1938 3689 2128 3745 dorum
2160 3696 2351 3744 contra
2377 3685 2705 3754 Rapbaelem
2724 3683 3136 3740 Volaterranum
3165 3683 3421 3748 vindicat,
3454 3682 3535 3739 sic

1939 3785 2100 3841 etiam
2131 3782 2303 3839 Julius
2330 3781 2625 3837 Minutolus
2655 3780 2887 3836 similem
2910 3779 3279 3836 defensionem
3302 3781 3534 3835 adornat

1940 3881 2129 3930 contra
2173 3872 2441 3927 Alciatum
2501 3879 2556 3926 et
2600 3870 2887 3938 Polletum,
2936 3870 3029 3939 qui
3078 3869 3345 3927 Isidorqu
3372 3878 3542 3927 vocat

1940 3966 2106 4019 virum
2156 3978 2259 4018 non
2322 3970 2426 4015 tam
2474 3961 2731 4015 eruditum
2779 3974 2935 4029 quam
2982 3959 3189 4014 bonum.
3220 3960 3537 4032 Minutolus,

1941 4059 2156 4115 dissert.
2185 4058 2235 4123 '1,
2266 4056 2340 4111 ita
2369 4055 2543 4125 pergit
2575 4070 2587 4107 :
2624 4052 2862 4107 Isidorus
2890 4069 2983 4108 suo
3005 4051 3363 4125 Etgmologico
3382 4095 3395 4115 ,
3419 4056 3539 4125 qui-

1944 4150 2158 4204 busdam
2186 4150 2303 4205 licet
2324 4149 2482 4203 ntevis
2502 4161 2758 4216 resperso,
2782 4144 3155 4200 eruditionibus
3179 4155 3349 4201 tamen
3370 4148 3542 4219 refer-

1943 4246 2162 4309 tissimo,
2189 4254 2435 4311 magnam
2462 4240 2627 4293 lucem
2649 4238 2948 4308 antiquitati
2970 4239 3232 4309 feneratus
3261 4244 3356 4291 est.
3388 4236 3542 4291 Unde

1943 4342 2235 4407 portentum
2260 4331 2393 4387 illud
2424 4331 2733 4384 eruditionis
2765 4328 3051 4384 Panvinius
3080 4331 3136 4383 in
3173 4330 3429 4399 principio
3459 4330 3541 4384 sui

1944 4430 2115 4498 operis
2153 4426 2215 4481 de
2243 4422 2571 4480 Circensibus
2600 4422 2736 4476 ludis
2784 4423 3003 4493 ingenue
3039 4422 3229 4492 fatetur
3260 4436 3277 4473 :
3305 4420 3414 4473 Nec
3440 4434 3540 4491 pa-

1946 4540 2061 4577 rum
2101 4520 2311 4592 adjutus
2345 4533 2458 4571 sunt
2488 4515 2683 4569 Isidori
2722 4510 3169 4583 Etymologiarum
3198 4510 3366 4565 libris.
3397 4509 3541 4564 Baii-

250 4612 451 4667 norum,
517 4614 643 4671 quos
688 4614 753 4654 ea:
802 4600 960 4653 variis
1004 4597 1322 4655 bibliothecis
1371 4602 1647 4656 accersitos
1699 4617 1837 4655 nunc
1869 4616 1916 4682 υ
1942 4616 2080 4672 lctus
2118 4612 2170 4665 in
2210 4608 2424 4679 judiciis
2466 4606 2802 4673 Sapientum,
2852 4605 2934 4657 ιη,
2969 4601 3071 4667 99,
3104 4601 3357 4655 observat
3397 4599 3541 4656 vos-

251 4690 455 4757 prinum.
501 4692 563 4745 in
612 4691 775 4746 lucem
818 4690 1026 4761 prodire
1067 4700 1117 4744 et
1156 4692 1356 4761 publice
1397 4693 1641 4763 prodesse
1679 4693 1837 4765 jussit

261 4781 429 4840 Petrus
460 4785 751 4841 Stevartius
780 4783 1002 4840 Leodlus
1035 4783 1353 4856 Ingolstadii
1379 4802 1444 4839 ex
1492 4788 1835 4859 typographia

258 4872 527 4943 Fderiana,
560 4876 618 4931 in
664 4876 749 4931 4ο.
776 4875 835 4931 In
888 4875 1157 4932 nonnullis
1203 4875 1511 4945 hujusmodi
1567 4877 1838 4948 opusculis

258 4964 429 5026 Isidori
470 4972 637 5029 verba
674 4980 1083 5042 expromuntur,
1114 4975 1174 5025 ut
1199 4972 1319 5041 cap.
1351 4969 1420 5025 69
1448 4982 1504 5025 et
1529 4970 1598 5023 75
1627 4970 1833 5024 dicam:

263 5057 535 5131 aliquando
594 5062 791 5119 citatur
841 5059 1077 5117 Isidorus
1124 5062 1180 5115 in
1236 5060 1519 5117 Sententiis
1574 5064 1725 5129 suis,
1780 5069 1839 5117 ut

264 5165 370 5223 pag.
403 5154 497 5210 691
530 5197 549 5227 ,
577 5158 683 5212 hoc
709 5152 791 5211 est
818 5156 873 5210 in
902 5155 1051 5211 libris
1082 5154 1508 5211 Sententiarum.

693 5256 856 5341 254
892 5263 1120 5323 CAPUT
1160 5262 1393 5323 XXXIV.

272 5352 616 5420 Recentiorum
648 5360 989 5434 quorumdam
1036 5359 1099 5413 de
1135 5358 1345 5434 Isidori
1389 5359 1596 5430 scriptis
1639 5355 1844 5430 jutﬁcia

770 5430 917 5487 varia
943 5430 1323 5502 expenduntur.

336 5530 384 5589 1.
423 5530 520 5604 Qui
533 5530 598 5593 de
628 5534 819 5593 Isidori
852 5534 1105 5607 operibus
1134 5548 1417 5591 censuram
1447 5534 1625 5590 iacere
1656 5533 1841 5589 volunt

277 5624 335 5679 eo
362 5628 533 5684 animo
589 5641 713 5699 erga
764 5640 885 5684 eum
939 5640 1059 5683 esse
1092 5626 1352 5682 deberent
1394 5641 1501 5697 quo
1546 5626 1659 5695 ipse
1704 5624 1841 5680 anti-

278 5714 477 5785 (Ιαίοτεε
502 5721 731 5793 legebat.
767 5720 878 5777 Nec
899 5721 1169 5776 historicos
1188 5762 1203 5788 ,
1222 5720 1396 5789 inquit
1424 5718 1517 5773 lib.
1538 5733 1606 5773 xv
1633 5717 1837 5789 Etym.,

280 5804 388 5878 cap.
415 5810 465 5879 1,
499 5826 591 5870 nec
615 5821 1037 5872 commentatores
1060 5852 1075 5878 ,
1107 5813 1252 5866 varia
1281 5812 1505 5866 dicentes
1525 5850 1539 5877 ,
1567 5811 1841 5880 imperitiae

284 5905 605 5967 Wannare
655 5909 931 5975 debemus,
988 5908 1108 5978 quia
1153 5905 1431 5977 antiquitas
1477 5906 1593 5976 ipsa
1648 5903 1841 5960 creavit

1946 4706 2086 4761 sium
2112 4698 2391 4757 Seniorem
2432 4696 2499 4751 de
2530 4694 2819 4761 Philolog.,
2854 4705 2978 4762 pag.
3012 4690 3099 4756 26,
3128 4690 3404 4761 Scaligero
3432 4705 3532 4761 pro

1945 4797 2149 4852 Isidoro
2173 4789 2455 4854 assentiri;
2485 4786 2761 4841 Juniorem
2790 4782 2863 4839 du
2888 4783 3116 4840 Verdier
3144 4791 3332 4839 contra
3362 4783 3536 4839 Isido-

1946 4901 2063 4941 rum
2087 4883 2254 4938 Paulo
2276 4880 2494 4936 Merulae
2518 4877 2744 4933 Censur.
2786 4877 2838 4931 in
2860 4883 3094 4945 auctor.,
3118 4888 3243 4945 pag.
3263 4873 3367 4943 26;
3400 4891 3538 4933 ano-

1948 4991 2165 5048 nymum
2186 4989 2315 5029 vero
2342 4981 2619 5026 auctorem
2648 4969 2896 5038 bibliogr.
2920 4968 3113 5024 histor.
3134 4967 3262 5023 Cur.
3288 4982 3413 5039 pag.
3444 4968 3537 5037 36,

1946 5084 2053 5124 non
2085 5065 2263 5135 magni
2288 5064 2551 5119 interesse
2580 5062 2890 5117 existimare
2918 5075 3037 5131 qua:
3076 5058 3311 5115 Isidorus
3341 5061 3407 5115 de
3433 5074 3534 5115 suo

1946 5160 2167 5215 addidit.
2193 5156 2497 5211 Ludovicus
2524 5153 2686 5211 Vives
2706 5153 2775 5208 de
2800 5152 2961 5207 Trad.
2985 5150 3196 5221 discipl.
3226 5150 3319 5204 lib.
3344 5165 3423 5217 tu,
3443 5148 3537 5203 ubi

1946 5253 2057 5323 agit
2102 5250 2170 5306 de
2213 5248 2498 5321 philologis
2529 5265 2543 5299 :
2578 5246 2645 5300 In
2697 5247 2830 5301 hunc
2858 5260 3149 5311 numerum,
3192 5244 3294 5308 ait,
3337 5242 3531 5305 nescio,

1945 5364 2013 5402 an
2052 5349 2312 5417 patientur
2361 5341 2685 5415 grammatici
2742 5332 3005 5401 Isidorum
3036 5336 3401 5408 Hispalensem
3444 5334 3531 5387 in-

1946 5438 2219 5508 terferciri.
2264 5434 2430 5503 Aﬂert
2482 5432 2733 5487 nonnulla
2782 5446 2847 5485 ex
2897 5432 3122 5503 antiquis
3164 5428 3348 5480 hausta
3390 5423 3532 5478 haud

1948 5546 2157 5603 prorsus
2206 5527 2557 5598 aspernanda,
2615 5526 2903 5596 praesertim
2930 5522 3066 5594 quad
3092 5524 3261 5593 fontes
3304 5518 3387 5573 illi
3424 5533 3530 5574 non

1947 5622 2268 5694 pervenerint
2296 5620 2362 5674 ad
2386 5620 2519 5671 hanc
2546 5624 2769 5673 atatem.

2018 5718 2069 5771 4.
2114 5716 2344 5773 Criticos
2382 5713 2516 5770 alios
2544 5714 2689 5769 viros
2721 5710 2813 5783 qui
2850 5708 3111 5764 Isidorum
3152 5705 3524 5772 celebrarunt,

1948 5810 2226 5877 addamus,
2276 5808 2323 5863 si
2368 5808 2562 5879 placet.
2606 5804 2771 5859 Lilius
2818 5798 3084 5873 Gyraldus
3126 5792 3219 5854 lib.
3253 5813 3310 5864 ll,
3353 5796 3532 5855 dialo-

1946 5903 2119 5975 gismo
2150 5901 2237 5968 12,
2265 5900 2443 5957 verbis
2482 5899 2651 5955 utitur
2687 5892 2899 5962 Isidori,
2948 5892 3230 5964 pontiﬁcis.
3261 5893 3532 5964 inquiens,
