4070 6362
528 330 632 389 Si?"

530 464 772 521 doctrina
819 480 881 517 ac
926 463 1197 517 sanctitate
1253 460 1515 532 prreclari.
1562 457 1833 514 Gerardus
1876 455 2113 511 Joannes
2144 432 2189 490 Α
2218 432 2463 532 πίνων..

526 558 753 614 Vossius
781 556 846 610 de
874 554 1071 609 Natura
1101 552 1313 617 artium,
1349 552 1439 605 lib.
1473 566 1527 618 ιι,
1559 566 1676 619 cap.
1703 549 1756 611 5,
1786 550 1927 601 utilis
1956 549 2114 601 etiam

526 666 685 722 Opera
712 658 787 701 est
816 664 967 718 quam
997 643 1325 700 Isidorus....
1358 643 1597 711 praestitit
1641 642 1693 694 in
1724 640 1902 711 viginti
1933 639 2115 708 Origi.

525 763 647 799 num
696 744 859 804 libris,
903 758 1027 814 quos
1064 756 1128 794 ea;
1180 739 1386 809 Optimis
1437 737 1711 808 quibusque
1754 731 2113 803 scriptoribus,

524 838 779 907 plerisque
808 832 1194 899 ecclesiasticis,
1216 828 1531 899 compilavit.

599 927 652 981 5.
684 925 920 979 Thomas
962 924 1306 992 Dempsterus
1335 922 1388 974 in
1418 918 1652 973 Elencho
1692 917 2016 986 scriptorum
2048 912 2113 966 ad

526 1021 936 1089 Paralipomena
1010 1016 1401 1083 Antiquitatum
1458 1011 1825 1066 Romanorum
1877 1006 2109 1061 Rosini:

526 1113 767 1168 Isidorus
798 1108 1126 1178 Hispalensis
1157 1106 1523 1178 grammaticus
1566 1102 1907 1167 necessarius,
1934 1102 1986 1153 in
2013 1115 2113 1171 quo

526 1210 771 1281 pleraque
791 1223 903 1278 qua:
932 1219 1181 1275 nusquam
1206 1202 1351 1255 alibi.
1377 1199 1632 1253 Albertus
1653 1197 1898 1249 Dietcrus
1918 1193 2111 1247 Trekel

528 1302 581 1354 in
601 1310 713 1353 not.
732 1300 797 1351 ad
818 1297 1141 1351 Brissonium
1165 1293 1256 1347 lib.
1282 1308 1333 1345 ιν
1351 1306 1470 1359 cap.
1494 1287 1799 1351 20,8elect.
1825 1286 2108 1354 antiquit.:

525 1394 684 1447 Joan.
744 1390 881 1443 Dan.
924 1388 1157 1442 Ritterus
1205 1386 1357 1454 prwf.
1411 1381 1479 1433 ad
1527 1380 1642 1433 cod.
1678 1378 1872 1433 Theod.
1905 1389 2027 1431 tom.
2057 1374 2111 1443 I,

527 1485 723 1541 caeteris
764 1482 1079 1552 diligentior,
1112 1479 1176 1531 de
1222 1472 1569 1546 cognitoribus
1618 1481 1666 1525 et
1695 1470 2113 1540 procuratoribus

524 1578 631 1648 egit
655 1593 672 1629 :
695 1575 786 1628 sed
806 1572 1157 1643 praetermisit.
1172 1568 1353 1630 ,locum
1378 1564 1573 1618 Isidori
1601 1580 1697 1630 quo
1718 1578 1867 1616 nemo
1890 1570 2112 1615 ueterum

524 1669 705 1723 melius
738 1666 1088 1735 differentiam
1116 1658 1252 1713 inter
1282 1666 1639 1729 procuratores
1668 1662 1715 1708 et
1739 1654 2027 1725 cognitores
2056 1653 2111 1705 in

525 1779 675 1816 sensu
702 1760 913 1831 proprio
939 1754 1194 1826 exposuit.

1342 326 1431 381 AD
1468 325 1694 382 OPERA
1732 325 1792 382 S.
1835 319 2079 381 ISIDORI
2116 317 2552 378 HISPALENSIS
2591 318 3123 377 PROLEGOMENA.

3702 320 3831 376 108

2535 432 2747 487 Librum
2814 449 3011 505 quoque
3066 432 3129 487 de
3184 428 3394 486 Natura
3446 446 3668 514 rerum,
3718 451 3830 489 seu

2218 527 2429 591 mundo,
2454 525 2633 592 edidit,
2665 543 2763 598 quo
2792 525 3239 596 cosmographiam
3279 524 3555 593 quamdam
3580 524 3827 591 exhibet,

2217 619 2294 672 vel
2312 620 2428 673 ideo
2447 620 2911 673 commendandam
2937 620 3072 691 quod
3097 619 3257 673 multa
3277 621 3569 690 fragmenta
3585 619 3823 692 Nigidii,

2224 710 2501 774 Varronis,
2538 710 2775 766 Suetonii
2847 710 3167 781 Tranquilli,
3223 711 3543 783 aliorumque
3568 712 3827 766 exhibeat

2217 802 2410 856 dudum
2441 803 2728 874 deperdita.
2784 802 2869 856 Ex
2916 803 2997 857 his
3048 821 3165 858 vero
3208 814 3312 857 tum
3360 804 3424 856 de
3464 804 3584 874 ipsa
3614 802 3824 861 Isidori

2214 896 2567 965 philosOphia,
2599 906 2705 949 tum
2745 896 2811 949 de
2841 895 3034 949 meritis
3062 897 3173 964 ejus
3202 896 3255 948 in
3295 895 3529 949 eamdem
3559 895 3825 965 judican-

2216 988 2339 1039 dum
2365 997 2460 1041 est.
2484 986 2720 1041 Priorem
2743 1004 2807 1041 ex
2826 986 3154 1039 collectaneis
3180 993 3402 1039 veterum
3424 987 3593 1056 magis
3614 987 3824 1041 consti-

2216 1080 2338 1133 tisse
2363 1096 2517 1150 quam
2540 1089 2765 1149 systema
2804 1078 3016 1150 aliquod
3038 1079 3196 1150 257
3224 1078 3487 1133 coluerens
3507 1080 3827 1149 exposuisse

2214 1188 2278 1225 ea:
2317 1173 2471 1226 dictis
2499 1173 2829 1243 intelligitur,
2871 1172 3102 1243 adeoque
3130 1189 3375 1244 magnum
3405 1176 3544 1228 inter
3581 1175 3823 1245 philoso-

2214 1268 2343 1338 phos
2372 1269 2558 1333 locum,
2584 1285 2732 1338 quem
2762 1271 2895 1339 forte
2925 1285 3030 1323 non
3062 1270 3340 1324 admodum
3370 1270 3673 1339 affectabat,
3706 1290 3823 1328 non

2215 1370 2449 1431 occupat.
2513 1360 2644 1416 Haec
2686 1379 2805 1417 vero
2859 1379 2965 1416 non
3015 1366 3206 1435 exigua
3263 1366 3423 1436 fuisse
3469 1364 3532 1421 ob
3582 1367 3821 1436 plurima

2213 1464 2435 1508 veterum
2464 1455 2910 1525 philosophorum,
2941 1458 3027 1527 qui
3055 1459 3191 1511 inter
3219 1456 3440 1512 Latinos
3465 1460 3814 1529 scripserunt,

2216 1548 2510 1617 fragmenta
2530 1557 2579 1600 et
2604 1557 2848 1617 excerpta
2862 1558 3163 1602 conservata
3189 1550 3398 1605 omnino
3422 1550 3690 1621 fatendum
3711 1560 3815 1622 est.

2217 1638 2459 1702 Quamvis
2482 1641 2619 1693 enim
2645 1656 2748 1695 non
2782 1639 2966 1709 ubique
2983 1641 3244 1711 judicium
3272 1640 3585 1711 probaverit,
3616 1658 3823 1715 suaque

2212 1745 2317 1783 non
2358 1747 2423 1784 es:
2462 1732 2571 1784 suis
2616 1731 2813 1785 horreis
2868 1732 2960 1785 sed
3006 1748 3071 1785 ea:
3115 1733 3337 1786 aliorum
3388 1748 3522 1801 penu
3559 1734 3815 1802 hauserit,

596 1854 648 1908 6.
682 1817 1255 1906 ένθῆεὶεουςὶῖιοτίὸιιε
1275 1844 1507 1901 Sabinus
1526 1843 1619 1897 lib.
1649 1858 1687 1898 ιι
1711 1841 1860 1897 Lect.
1886 1839 2106 1905 succis.,

2214 1822 2449 1876 eamdem
2480 1834 2649 1876 tamen
2683 1822 3029 1891 philosophia:
3061 1826 3271 1894 ejusque
3311 1823 3545 1878 historice
3570 1824 3821 1894 praestitit

526 1962 648 2014 cap.
698 1942 785 2005 12,
833 1940 1091 1995 isidorum
1135 1955 1164 1993 a
1213 1938 1479 1993 Beroaldo
1522 1937 1576 1991 in
1628 1949 1823 2005 magno
1870 1932 2109 1988 habitum

526 2035 700 2105 pretio
732 2033 944 2096 fatetur,
980 2030 1106 2085 dum
1139 2030 1217 2085 sic
1258 2030 1400 2084 hunc
1444 2028 1776 2097 alloquitur:
1810 2023 1885 2079 Tu
1910 2042 1977 2079 ea:
2007 2023 2113 2077 Isi-

528 2128 655 2179 doro
688 2124 995 2195 Albertoque
1033 2121 1229 2194 Magno
1272 2122 1474 2176 insulsa
1508 2122 1878 2191 invenustaque
1916 2118 2112 2187 scripta

524 2221 776 2274 conteris.
825 2217 1116 2273 Salmasius
1160 2218 1213 2271 in
1246 2215 1445 2270 Elium
1474 2213 1839 2284 Spartianum,
1891 2225 2015 2281 pag.
2054 2210 2109 2276 5,

524 2329 574 2365 ν.
603 2311 690 2377 55,
724 2327 844 2366 cum
873 2311 1035 2381 256
1063 2308 1219 2362 Plinii
1268 2309 1445 2361 locum
1484 2305 1551 2360 de
1579 2303 1971 2359 Samothraciis
2015 2318 2111 2356 an-

522 2405 662 2459 nulis
692 2404 979 2470 attulisset,
1010 2401 1241 2469 Erravit,
1280 2400 1470 2469 inquit,
1503 2396 1729 2467 Lipsius,
1757 2398 1842 2469 qui
1876 2394 2112 2449 Plinium

522 2496 798 2549 emendare
822 2495 913 2549 illo
935 2494 1034 2548 loci
1056 2501 1294 2548 conatur.
1318 2491 1453 2547 Tum
1494 2491 1660 2546 verba
1688 2489 1872 2544 Isidori
1908 2487 2113 2558 profert

522 2602 589 2641 ex
620 2587 711 2641 lib.
751 2601 858 2650 xxx,
901 2601 1018 2655 cap.
1051 2584 1112 2639 51
1150 2583 1453 2655 Etymolog.
1482 2600 1495 2635 :
1527 2581 1946 2647 Samothracius,
1977 2588 2110 2646 etc.,

521 2693 587 2732 ac
616 2678 889 2732 concludit
918 2695 930 2730 :
958 2675 1129 2730 Nemo
1151 2675 1334 2729 melius
1364 2681 1568 2745 poterat
1590 2683 1680 2726 aut
1723 2671 1921 2725 brevius
1941 2670 2110 2725 locum

520 2770 686 2825 Plinii
728 2786 1003 2841 exponere.
1052 2768 1195 2824 idem
1236 2766 1530 2822 Salmasius
1572 2767 1623 2819 in
1658 2764 1896 2819 Flavium
1948 2761 2113 2833 Vopi-

517 2878 686 2928 scum,
710 2876 834 2933 pag.
868 2860 992 2926 225,
1018 2876 1070 2916 ν.
1104 2861 1203 2915 55:
1224 2858 1483 2923 Isidorus,
1507 2859 1562 2911 in
1589 2874 1687 2929 quo
1718 2866 1928 2912 auctore
1947 2856 2113 2911 multa

517 2971 655 3024 sirpe
682 2953 832 3009 bona
877 2964 1014 3008 noue
1043 2953 1230 3023 reperi,
1263 2960 1313 3005 et
1342 2949 1469 3005 alibi
1519 2967 1624 3004 non
1654 2948 1987 3019 reperiundo,
2035 2947 2111 3002 sic

516 3045 734 3100 mulleos
763 3043 1028 3111 describit,
1051 3052 1155 3099 etc.

589 3137 641 3189 ’7.
684 3135 985 3203 Cellierius,
1030 3136 1121 3204 qui
1151 3142 1286 3189 tom.
1319 3132 1461 3187 XVII
1497 3132 1636 3188 Hist.
1662 3139 1877 3189 auctor.
1905 3131 2103 3187 eccles.

2216 1930 2443 1982 operam,
2494 1931 2648 1985 quam
2690 1916 2744 1968 in
2778 1913 3012 1984 Diogene
3061 1913 3289 1979 Laertia,
3334 1914 3524 1979 Suida,
3575 1912 3815 1981 Stoba’o,

2213 2007 2432 2077 aliisque
2460 2007 2890 2061 collectaneorum
2945 2006 3419 2076 philosophicorum
3466 2005 3818 2077 scriptoribus

2212 2100 2394 2153 merito
2422 2098 2716 2153 laudamus.
2751 2098 2818 2152 Id
2846 2098 2983 2164 quod
3021 2114 3079 2152 eo
3104 2098 3273 2169 magis
3303 2098 3442 2151 inter
3481 2097 3594 2168 ejus
3621 2099 3819 2151 merita

2212 2190 2539 2261 referendum
2569 2200 2665 2255 est,
2708 2206 2808 2261 quo
2859 2191 3029 2261 magis
3072 2190 3265 2243 stecula
3293 2190 3405 2243 hac
3446 2189 3665 2244 meliora
3705 2206 3817 2244 non

2215 2280 2493 2347 habebant,
2515 2298 2611 2335 nec
2644 2283 2886 2353 egebant,
2901 2298 3194 2353 magnaque
3212 2292 3324 2335 erat
3342 2291 3567 2336 veterum
3589 2283 3820 2353 εει-ἱμο-

2212 2391 2327 2428 rum
2374 2376 2615 2445 penuria.
2652 2374 2846 2429 Durius
2883 2376 3058 2447 itaque
3097 2391 3214 2428 cum
3248 2373 3457 2429 Isidoro
3496 2383 3686 2446 agunt,
3714 2392 3817 2429 nec

2213 2467 2305 2520 arvi
2344 2466 2485 2521 illius
2508 2482 2605 2536 quo
2631 2466 2762 2521 vixit
2789 2467 3137 2521 conditionem
3165 2468 3294 2520 satis
3323 2466 3691 2535 recordantur,
3720 2468 3816 2538 qui

2213 2564 2485 2610 centonum
2522 2558 3023 2622 consarcinatorem,
3066 2559 3412 2628 fartoremque
3451 2558 3818 2625 semipriscuns

2214 2650 2555 2713 nominando.
2582 2650 2743 2721 plagii
2772 2658 2821 2703 et
2837 2650 3026 2720 ineptae
3045 2649 3429 2719 compilationis
3457 2665 3601 2703 reum
3623 2659 3815 2721 agunt.

2215 2738 2380 2804 Quem
2407 2742 2453 2795 si
2496 2758 2599 2795 non
2645 2742 2945 2795 habuissent
2985 2741 3287 2797 steculorum
3327 2743 3647 2813 sequentium
3690 2744 3819 2795 scri-

2211 2842 2408 2903 ptores,
2448 2834 2505 2885 in
2534 2832 2709 2886 multis
2737 2833 2946 2903 gravius
2974 2833 3338 2900 caecutiissent,
3378 2848 3472 2887 nec
3505 2832 3819 2904 depromere

2218 2926 2503 2995 potuissent
2544 2940 2607 2977 ea
2645 2923 2829 2995 quibus
2881 2925 3078 2994 scripta
3135 2940 3230 2977 sua
3280 2933 3526 2993 tanquam
3589 2926 3815 2993 gemmis

2212 3027 2491 3085 exornant,
2520 3018 2656 3088 quod
2687 3018 2871 3088 fecisse
2901 3014 3177 3071 Rabanum
3221 3014 3467 3071 Maurum
3521 3016 3816 3072 observari!

2215 3106 2356 3163 Guil.
2388 3106 2893 3175 Halmesburiensis,
2924 3108 3083 3163 invito
3114 3109 3234 3163 licet
3280 3107 3422 3163 Guil.
3454 3106 3617 3163 Caveo
3641 3106 3808 3179 (Hist.

516 3226 695 3299 Opera
736 3226 923 3281 Isidori
949 3198 1189 3295 diligenti
1220 3227 1473 3280 examine
1504 3224 1785 3292 describit,
1832 3231 2101 3290 recenset,
2130 3200 2176 3261 ο
2208 3198 2375 3299 “uel”
2400 3200 2586 3299 5”ij
2611 3199 2831 3299 θθθιξξη
2853 3198 3149 3299 νξλεο-έβδλ
3171 3200 3270 3266 Qui
3291 3201 3335 3254 ⁸ί
3358 3201 3633 3299 ⁶⁰Ψ²αξ³ς¹

517 3329 575 3378 et.
623 3319 932 3387 singillatim
979 3317 1180 3383 laudat,
1228 3317 1306 3372 sic
1346 3318 1395 3370 in
1425 3330 1625 3385 genere
1667 3316 1735 3370 de
1774 3314 1965 3370 Isidori
2010 3316 2109 3370 do-

516 3412 689 3467 ctrina
718 3423 843 3481 pag.
874 3407 978 3463 650
1018 3408 1293 3464 concludit
1325 3426 1337 3461 :
1373 3405 1458 3461 Ex
1496 3406 1733 3476 aperibus
1764 3405 1960 3462 Isidori
1996 3423 2110 3478 quae

518 3507 587 3559 ad
616 3522 710 3560 nos
737 3510 1074 3575 pervenerunt
1112 3500 1421 3571 perspicitur
1462 3502 1716 3553 immensa
1760 3516 1876 3553 eum
1932 3498 2108 3553 erudi-

520 3597 659 3651 tione
687 3596 958 3667 prazditum
976 3594 1161 3666 "fuisse,
1205 3602 1255 3647 et
1282 3607 1346 3669 ex
1375 3593 1600 3663 antiquis
1626 3591 1962 3659 scriptoribus
2004 3600 2107 3644 tum

518 3684 901 3746 ecclesiasticis,
936 3691 1039 3736 tum
1082 3684 1339 3752 profanis,
1371 3699 1498 3753 quos
1535 3682 1751 3754 legerat,
1778 3683 1903 3736 scite
1929 3684 2107 3754 profe-

518 3777 669 3830 cisse.
699 3773 829 3847 Ejus
881 3774 1087 3846 quidem
1129 3774 1294 3844 stglus
1330 3790 1490 3845 neque
1517 3774 1756 3844 eloquens
1802 3784 1901 3840 est,
1947 3790 2109 3845 neque

519 3869 800 3939 castigatus
830 3884 846 3921 :
878 3867 1051 3921 clarus
1085 3876 1253 3920 tamen
1298 3876 1349 3919 et
1390 3866 1579 3937 facilis.
1624 3864 1692 3921 In
1721 3865 1957 3937 operibus
1994 3868 2107 3937 ejus

517 3957 582 4010 de
623 3974 821 4012 morum
876 3957 1111 4011 doctrina
1159 3958 1367 4029 quidam
1418 3958 1663 4029 pietatis,
1714 3974 1775 4011 ac
1821 3958 2106 4029 spiritualis

516 4052 923 4122 compunctionis
965 4059 1141 4123 gustus
1185 4053 1393 4116 eminet,
1440 4054 1524 4122 qui
1571 4051 1731 4106 corda
1782 4062 2017 4120 penetrat
2055 4064 2106 4108 et

517 4144 732 4198 emollit.
763 4144 881 4197 Alia
911 4144 1139 4214 ejusdem
1185 4160 1343 4213 opera
1367 4160 1535 4196 rerum
1576 4160 1691 4215 qua:
1722 4154 2105 4214 pertractantur

2212 3290 2441 3343 omnium
2470 3293 2578 3359 fere
2615 3289 2770 3343 medii
2799 3289 2913 3353 (sui
2938 3288 3252 3359 scriptorum
3298 3305 3494 3344 morem
3524 3291 3715 3361 fuisse,
3747 3297 3810 3343 ut

2211 3379 2558 3450 prccedentes
2612 3381 2887 3449 scriptores
2943 3388 3307 3450 excerperent,
3353 3389 3405 3433 et
3451 3396 3517 3434 ea:
3569 3380 3650 3435 his
3706 3396 3807 3434 sua

2211 3478 2586 3548 compilarent,
2647 3476 2991 3531 intellexisset
3054 3476 3185 3530 nihil
3235 3474 3441 3531 Rabani
3499 3476 3805 3542 eruditioni,

2210 3571 2378 3639 quatis
2426 3568 2615 3623 sarcula
2650 3584 2704 3622 ιχ
2734 3569 2851 3638 fuit,
2884 3568 3160 3638 derogare,
3220 3568 3357 3639 quod
3406 3566 3671 3623 Isidorum
3720 3584 3808 3623 ea:-

2212 3662 2497 3732 scripserit.

2281 3731 2333 3808 9.
2386 3731 2529 3808 lntér
2572 3752 2761 3809 Isidori
2799 3752 3005 3822 elogia,
3036 3767 3067 3808 a
3099 3752 3492 3811 recentioribus
3533 3754 3803 3824 profecta,

2209 3847 2476 3903 collocare
2498 3861 2781 3917 possumus
2799 3845 3182 3917 Panegyricum
3204 3857 3473 3900 centonem
3494 3862 3561 3900 ex
3583 3846 3802 3901 diuersis

2208 3950 2476 4013 poetarum
2506 3939 2733 3996 versibus
2766 3941 2819 3994 in
2849 3938 2918 3996 D.
2953 3937 3149 3994 Isidori
3179 3936 3512 4009 Hispalensis
3543 3939 3807 4010 archiepi-

2207 4036 2347 4105 scopi
2393 4033 2597 4088 luudem
2642 4051 2674 4087 a
2717 4032 2925 4087 Joanne
2959 4034 3022 4086 de
3071 4034 3125 4087 la
3162 4030 3313 4088 Peﬁa
3362 4034 3724 4103 compositum,
3751 4040 3804 4087 et

2206 4126 2397 4179 editum
2423 4123 2629 4195 Hispali
2650 4123 2808 4189 1645,
2828 4124 2973 4179 ἔνι-4⁸
2996 4143 3011 4191 ;
3037 4140 3101 4181 ac
3124 4126 3320 4182 librum
3341 4124 3680 4181 Constantini
3695 4125 3803 4181 Ca-

516 4236 772 4306 stupenda
816 4238 1062 4289 varietate
1108 4236 1553 4290 commendantur.
1602 4235 1729 4293 Ηωε
1777 4254 1843 4293 ex
1867 4237 2103 4294 Cellierii

2211 4222 2371 4289 ietani
2388 4224 2466 4277 sic
2480 4222 2817 4291 inscriptum:
2840 4219 2947 4277 SS.
2976 4222 3133 4275 trium
3156 4222 3512 4291 episcoporum
3532 4222 3801 4292 religionis

519 4328 739 4383 Gallicis
769 4329 945 4383 verbis
975 4326 1164 4381 Latine
1194 4327 1425 4382 reddita.

589 4419 641 4473 8.
674 4417 942 4475 Judicium
965 4416 1152 4473 Jacobi
1185 4418 1443 4475 Bruckeri
1474 4420 1540 4475 de
1562 4420 1751 4477 Isidori
1775 4422 2018 4479 doctrina
2045 4423 2099 4478 in

517 4512 754 4589 Historia
796 4512 979 4568 critica
1013 4511 1364 4582 philosophia:
1403 4523 1533 4570 tom.
1562 4515 1649 4582 Ill,
1681 4531 1801 4588 pag.
1845 4518 1950 4572 569
1979 4534 2093 4588 seq.

2207 4313 2557 4368 Benedictinw
2586 4313 2857 4379 luminum,
2896 4310 3091 4367 Isidori
3134 4311 3500 4381 Hispalensis,
3537 4310 3804 4383 Ildefonsi

2208 4405 2464 4470 Toletani,
2492 4403 2729 4476 Gregorii
2766 4403 3053 4458 cardinalis
3085 4402 3338 4458 Ostiensis
3373 4402 3505 4456 Vitae
3542 4411 3593 4456 et
3628 4404 3800 4457 actio-

2202 4514 2316 4563 nes,
2348 4506 2454 4552 etc.
2500 4496 2691 4549 Addita
2715 4503 2835 4549 sunt
2879 4496 3074 4566 aliquot
3102 4494 3332 4565 ejusdem
3364 4491 3557 4548 Isidori
3600 4493 3800 4563 scripta

517 4618 625 4659 non
656 4586 739 4659 eSt
791 4605 965 4659 obiter
1002 4606 1455 4672 praetereundum.
1509 4583 1901 4679 Certe,_invquit,
1933 4583 2098 4667 virum

2211 4590 2431 4644 nondum
2468 4588 2607 4641 edita
2626 4629 2641 4652 ,
2696 4586 2879 4643 Romae
2903 4587 3062 4655 1606,
3104 4588 3243 4658 apud
3270 4587 3524 4639 Iacobum
3553 4584 3802 4640 Muscar-

517 4696 680 4765 fuisse
716 4712 820 4748 non
872 4710 1038 4749 sacra?
1067 4696 1237 4760 modo,
1289 4699 1379 4751 sed
1422 4708 1472 4753 et
1515 4703 1754 4773 profana:
1792 4705 2097 4758 litteratura:

515 4785 915 4855 peritissimum,
981 4788 1093 4856 ejus
1150 4790 1342 4859 scripta
1391 4808 1423 4844 a
1462 4793 1689 4849 laudatis
1756 4796 1876 4849 viris
1942 4813 2097 4849 enar-

2203 4687 2325 4740 dum
2358 4682 2531 4737 ἱη-ιο.
2562 4681 2723 4735 Multa
2758 4682 2811 4736 in
2833 4680 3023 4736 Isidori
3053 4680 3264 4734 laudem
3286 4679 3577 4748 Caietanus
3598 4679 3651 4733 in
3674 4680 3798 4749 epi-

2200 4778 2354 4834 stolis
2386 4774 2730 4830 dedicatoriis
2755 4774 3019 4843 congerit,
3064 4780 3227 4841 atque
3246 4771 3388 4825 inter
3418 4770 3522 4824 alia
3549 4788 3562 4823 :
3588 4768 3792 4823 Horum

514 4884 665 4940 rata,
718 4878 1009 4945 passimque
1055 4894 1087 4929 a
1153 4881 1486 4951 scriptoribus
1542 4886 1772 4940 historice
1826 4887 2096 4945 litterariae

2211 4874 2256 4926 in
2292 4886 2502 4925 numero
2532 4870 2663 4922 sicut
2689 4866 2962 4921 sanctitate
2989 4864 3329 4929 clarissimus,
3357 4864 3433 4915 ita
3454 4862 3612 4915 etiam
3633 4860 3791 4914 libro-

516 4972 878 5025 ecclesiasticis
928 4984 1226 5027 enumerata
1288 4978 1582 5032 ostendunt.
1636 4977 1702 5032 In
1747 4979 1926 5050 quibus
1979 4982 2096 5037 licet

514 5062 983 5116 consarcinatorem
1026 5067 1185 5135 egerit
1213 5077 1457 5135 veterum,
1488 5071 1815 5138 centonisque
1836 5072 2002 5126 instar
2028 5091 2093 5127 ex

514 5154 721 5209 illorum
775 5156 981 5224 scriptis
1030 5175 1124 5213 sua
1176 5164 1454 5227 consuerit,
1496 5162 1752 5231 judicium
1811 5171 1980 5218 tamen
2042 5167 2096 5219 in

514 5247 787 5317 seligendis
817 5251 1023 5319 optimis
1052 5253 1301 5322 probavit,
1342 5266 1556 5323 cumque
1594 5252 1756 5306 multa
1784 5258 2097 5326 excerpserit

512 5353 576 5391 ea:
608 5336 983 5410 libris,.quibus
1012 5341 1163 5395 hodie
1188 5358 1442 5409 caremus,
1488 5357 1590 5395 non
1628 5343 1861 5398 inutilem
1890 5346 2096 5410 prwsti-

513 5429 634 5481 tisse
661 5446 870 5498 operam
914 5429 1237 5501 sequentibus
1275 5431 1478 5484 saeculis
1518 5434 1797 5489 censendus
1833 5445 1929 5490 est.
1956 5435 2091 5492 Tum

512 5518 576 5570 de
601 5519 979 5588 Etymolugiis:
1008 5517 1134 5574 Non
1155 5521 1293 5574 enim
1322 5523 1461 5576 solas
1483 5527 1820 5596 etymologias
1842 5536 2090 5597 sectatur,

513 5609 761 5678 aridaque
809 5610 1012 5665 calamo
1056 5611 1294 5681 jejunum
1342 5625 1697 5685 argumentum
1742 5621 2088 5690 prosequitur,

2204 4977 2316 5013 rum
2366 4959 2534 5028 copia,
2576 4957 2770 5028 ingenii
2815 4954 3067 5020 ubertate,
3110 4952 3379 5024 facundia,
3434 4961 3483 5005 et
3541 4952 3789 5005 doctrinae

2204 5052 2431 5123 pondere
2459 5050 2771 5119 pracipuus,
2800 5055 2888 5100 aut
2917 5054 3053 5099 certe
3076 5045 3212 5097 inter
3236 5045 3431 5114 primos
3461 5042 3524 5097 S.
3548 5040 3789 5097 Isidorus

2204 5144 2536 5212 Hispalensis
2569 5151 2645 5196 est
2673 5138 3017 5209 reponendus.
3063 5136 3230 5190 Habet
3273 5138 3327 5190 in
3380 5135 3470 5190 illa
3517 5134 3655 5208 quod
3700 5134 3790 5205 ju-

2203 5245 2378 5291 ventus
2419 5234 2647 5289 discendi
2695 5231 2883 5301 cupida
2910 5229 3113 5295 delibet,
3143 5227 3279 5299 quod
3308 5226 3581 5282 curiositas
3615 5225 3788 5279 admi-

2202 5339 2361 5395 retur,
2403 5336 2510 5383 etc.
2664 5394 2665 5397 η

2630 5414 2793 5489 253
2842 5411 3070 5469 CAPUT
3119 5410 3335 5467 xxxv.

2224 5511 2403 5567 Editio
2429 5511 2653 5582 Operum
2676 5508 2892 5575 Isidori,
2925 5515 3137 5560 curante
3163 5504 3396 5576 Bignaeo,
3428 5502 3756 5558 describitur.

2270 5624 2321 5678 1.
2366 5622 2444 5678 Ne
2471 5622 2596 5693 quid
2652 5621 2777 5675 huic
2818 5627 3017 5674 nostrae
3042 5616 3267 5673 editioni
3312 5614 3472 5681 desit,
3508 5629 3571 5670 ea
3599 5613 3784 5670 omnis

512 5700 602 5753 sed
626 5716 716 5769 per
744 5716 896 5754 omne
917 5703 1025 5772 fere
1051 5702 1356 5758 eruditionis
1386 5721 1545 5775 genus
1572 5707 1815 5777 diffusus,
1845 5711 2090 5783 pleraque
2197 5730 2315 5786 quae
2342 5716 2394 5768 in
2418 5713 2537 5769 aliis
2575 5711 2763 5767 Isidori
2805 5709 3130 5766 editionibus
3158 5707 3504 5778 reperiuntur
3524 5706 3785 5776 colligere

514 5791 646 5846 scitu
670 5790 846 5861 digna,
885 5799 934 5845 et
967 5792 1129 5844 multa
1156 5796 1383 5865 egregia,
1415 5796 1638 5871 alibique
1665 5802 1752 5856 vix
1779 5805 2090 5877 reperiunda
2195 5815 2280 5865 est
2322 5806 2550 5862 animus.
2583 5802 2820 5861 Primum
2850 5818 2943 5860 eas
2982 5801 3381 5861 recensebimus
3419 5813 3542 5875 quae
3569 5800 3640 5855 ad
3666 5812 3782 5855 ου’
