4070 6362
280 424 389 483 209

1326 423 1738 482 lSlDORIANA.
1769 454 1841 466 -—
1862 423 2045 481 PARS
2084 426 2124 481 Ι.
2153 423 2307 480 CAP.
2348 422 2562 479 XXXV.

3450 424 3561 481 210

276 547 373 605 nia
398 544 584 601 lsidori
616 543 792 614 Opera
821 544 1331 614 comprehendenda
1371 551 1698 614 comparatae
1745 542 1864 597 fue-
1893 547 1948 604 Α
1970 543 2264 612 cujuspiam
2323 542 2664 614 antiquorum
2728 537 2987 614 Ecclesia:
3043 538 3261 614 Patrum
3298 538 3559 614 lectione,

275 646 427 696 runt.
458 636 658 693 Deinde
684 636 753 691 de
793 636 911 690 aliis
938 636 1297 706 peculiaribus
1339 633 1699 705 quorumdam
1724 632 1869 703 ejus;

278 726 403 787 dem
452 730 625 785 sancti
680 728 918 785 doctoris
970 727 1207 799 Opernm
1249 729 1572 784 editionibus
1628 742 1865 797 agemus.

278 820 478 894 Ioseph
514 822 814 893 Rodrignez
879 821 947 877 de
995 820 1188 879 Castro
1243 832 1377 878 tom.
1426 821 1471 876 Il
1522 822 1871 878 Bibliotheca)

275 933 390 973 sua:
445 915 730 987 Hispanae,
786 932 842 987 p.
875 915 1001 982 554,
1042 916 1337 972 editionem
1389 916 1627 971 omnium
1678 914 1871 971 Isidori

273 1007 511 1079 Operum
539 1008 761 1066 Basileae
790 1023 933 1064 anno
962 1006 1102 1061 1477
1146 1006 1241 1063 fol.
1276 1006 1480 1074 laudat,
1510 1006 1577 1062 ab
1605 1006 1722 1061 aliis
1753 1021 1872 1060 om-

273 1101 406 1157 nino
453 1098 890 1170 przetermissam.
950 1097 1160 1153 Vereor
1214 1112 1283 1153 ne
1335 1097 1659 1153 Basileensis
1703 1095 1869 1152 editio

270 1187 761 1261 Etymologiarum,
790 1202 823 1242 a
856 1185 1152 1241 Maittairio
1180 1187 1468 1251 recensita,
1500 1185 1568 1241 de
1596 1201 1702 1256 qua
1734 1184 1869 1239 infra

269 1298 394 1353 cap.
428 1281 519 1348 54,
550 1282 620 1337 ab
647 1281 832 1351 aliquo
869 1295 967 1348 per
997 1295 1240 1335 errorem
1270 1278 1436 1335 editio
1459 1280 1702 1334 omnium
1728 1275 1871 1348 Ope-

269 1390 393 1431 rum
415 1374 726 1431 existimata
752 1372 935 1428 fuerit.
960 1372 1294 1440 Margarinus
1314 1370 1383 1427 de
1408 1371 1459 1425 la
1476 1370 1644 1441 Bigne
1664 1371 1870 1440 primus

271 1467 551 1533 omnium,
612 1473 672 1520 ut
728 1471 857 1535 puto
880 1501 896 1527 ,
945 1457 1185 1519 studiose
1232 1461 1533 1518 elaboravit
1575 1468 1636 1515 ut
1681 1459 1868 1516 lsidori

265 1556 448 1629 Opera
493 1557 547 1613 in
576 1572 742 1612 unum
775 1570 974 1626 corpus
999 1552 1299 1625 colligeret.
1342 1551 1475 1622 Ejus
1500 1551 1755 1609 editionis
1782 1551 1868 1607 hic

264 1658 355 1706 est
383 1649 593 1705 titulus.

338 1740 394 1796 2.
442 1740 504 1796 S.
554 1739 750 1796 Isidori
808 1734 1147 1805 Hispalensis
1190 1738 1418 1808 episcopi
1476 1752 1635 1807 opera
1690 1735 1867 1789 omnia

260 1849 383 1905 qut:
406 1842 636 1902 exstant,
666 1834 860 1904 partim
887 1831 1173 1903 aliquando
1195 1831 1423 1886 virorum
1450 1829 1867 1884 doctissimon

258 1926 527 1983 laboribus
580 1927 758 1993 edita,
809 1927 1004 1997 partim
1047 1940 1185 1978 nunc
1236 1925 1463 1994 primum
1510 1923 1772 1992 exscripta
1817 1930 1865 1976 et

259 2018 542 2088 castigata.
601 2016 709 2072 Per
736 2014 1106 2087 Margarinum
1150 2014 1213 2068 de
1248 2014 1303 2068 la
1345 2012 1527 2084 Bigne,
1571 2012 1866 2084 theologum

260 2108 525 2164 doctorem
596 2108 976 2163 Parisiensem.
1042 2106 1298 2173 Parisiis,
1342 2106 1482 2176 apud
1553 2104 1864 2159 Michaelcm

259 2202 543 2265 Somnium,
586 2203 670 2256 via
707 2199 977 2267 Jacobaza,
1006 2198 1098 2254 sub
1121 2207 1264 2253 scuto
1296 2197 1575 2252 Basiliensi
1623 2195 1780 2263 1680,
1807 2197 1861 2250 in

258 2292 359 2364 fol.
384 2290 462 2347 Ea
491 2306 635 2355 nunc
660 2289 947 2361 subjiciam
976 2304 1096 2361 qua:
1131 2286 1358 2344 editioni
1382 2287 1664 2358 praemisit.

568 2445 907 2505 EPISTOLA
965 2445 1447 2504 DEDICATORIA.

262 2584 333 2639 Ii.
364 2587 417 2641 in
445 2585 652 2642 Christo
680 2585 848 2651 Patri,
884 2601 946 2638 ac
968 2584 1088 2638 DD.
1119 2583 1405 2639 Fruncisco
1438 2585 1713 2647 Parcensi,
1751 2586 1859 2642 SS.

336 2658 560 2725 (sancte
607 2656 773 2723 sedis)
824 2656 1129 2724 apostolici:
1177 2658 1559 2723 protonotario,
1590 2656 1864 2711 Cinnamu-

334 2729 511 2783 nensis
532 2726 783 2782 Ecclesia:
804 2726 1001 2779 decano
1032 2726 1295 2787 maximo,
1337 2734 1386 2777 et
1410 2726 1618 2780 domino
1643 2728 1697 2780 in
1728 2727 1860 2782 Che-

332 2799 524 2867 miray,
566 2798 817 2867 avunculo
849 2796 1098 2867 chariss.,
1129 2793 1475 2867 Margarinus
1510 2796 1600 2867 deA
1615 2796 1665 2867 la
1698 2796 1861 2867 Bigne

334 2864 501 2923 sacrte
555 2866 826 2938 theologia:
885 2865 1105 2929 doctor,
1167 2864 1394 2935 gratiam
1460 2866 1518 2919 in
1561 2864 1780 2921 Christo
1814 2876 1865 2921 et

334 2954 540 3007 pacem.

337 3067 392 3122 5.
433 3067 571 3122 Cum
613 3066 679 3120 ad
703 3064 790 3120 15.
824 3064 945 3121 Kal.
982 3065 1169 3122 Junias
1199 3067 1252 3121 in
1280 3067 1422 3121 hanc
1450 3068 1637 3123 urbem
1668 3068 1863 3124 rediis-

256 3154 402 3203 sem,
447 3148 506 3192 ut
556 3137 844 3205 provincia:
893 3147 1093 3192 nostra:
1142 3136 1596 3205 Rothomagensis
1645 3141 1863 3195 nomine

258 3209 511 3265 adessem
561 3208 849 3278 conventni
881 3223 1043 3278 quem
1101 3210 1165 3262 ad
1220 3208 1597 3278 constituenda
1646 3210 1860 3277 negotia

257 3294 359 3336 sua
409 3294 506 3333 rex
554 3275 924 3332 Christianiss‘.
977 3276 1230 3334 Ecclesize
1283 3276 1575 3334 Gallicana:
1625 3279 1677 3333 in
1719 3275 1859 3334 illud

258 3357 474 3420 tempus
521 3346 785 3420 indixerat
826 3348 913 3415 (Ι).
947 3356 1003 3402 et
1023 3324 1311 3405 vavuncule
1332 3324 1684 3420 uacuum-eu)
1889 3324 1936 3387 ο

258 3434 350 3475 me
377 3417 613 3488 primum
652 3417 965 3484 salutatum,
1000 3435 1100 3488 pro
1131 3435 1226 3474 sua
1266 3420 1318 3474 in
1357 3436 1446 3475 me
1476 3417 1855 3476 benevolentia

256 3498 316 3545 et
354 3488 709 3559 humanitate,
743 3499 1009 3544 venerunt
1046 3490 1203 3544 amici
1243 3492 1569 3559 complures,
1598 3492 1765 3546 multa
1803 3501 1860 3549 et

254 3560 410 3631 εει-ὴ
440 3574 651 3631 mecum
681 3557 748 3631 de
794 3560 1139 3631 comitiorum
1170 3557 1478 3615 nostrorum
1508 3573 1854 3631 argumento,

258 3628 519 3712 Ecclesiae
548 3630 967 3712 calamitatibus,
1010 3632 1253 3712 259_e_t
1304 3628 1860 3712 peliculis'infelicis;

258 3700 382 3756 simi
411 3701 568 3769 hujus
603 3700 787 3756 saeculi
815 3700 993 3769 genio,
1016 3700 1335 3769 reipublicae
1360 3701 1652 3757 Gallicanae
1690 3710 1857 3769 statu,

265 3779 324 3827 et
354 3771 471 3825 aliis
497 3772 658 3826 rebus
701 3770 979 3837 collocuti,
1028 3771 1246 3827 demum
1277 3788 1345 3826 ex
1387 3772 1656 3827 Blesensis
1699 3774 1857 3828 trium

260 3840 424 3910 hujus
453 3841 603 3910 regni
633 3840 881 3896 ordinum
930 3851 1229 3896 conventus
1260 3843 1429 3907 exitu,
1478 3854 1533 3897 et
1560 3843 1699 3896 bene
1726 3844 1857 3897 sub-

258 3912 440 3967 ductis
467 3926 645 3966 rerum
676 3919 984 3966 nostrarum
1014 3913 1301 3967 momentis
1339 3914 1587 3967 omnibus
1611 3914 1860 3980 provide-

258 3982 395 4037 bant
448 3980 708 4045 futurutn,
755 3989 814 4035 ut
865 3982 951 4035 vel
1005 3982 1107 4037 rite
1164 3983 1497 4038 conlirmatis
1545 3997 1664 4051 quae
1720 3982 1861 4038 forte

259 4053 467 4122 alioqui
492 4063 638 4109 stare
666 4068 777 4107 non
808 4060 1079 4121 poterant,
1108 4052 1432 4121 jampridem
1475 4053 1607 4108 cleri
1638 4053 1858 4122 nomine

260 4121 415 4179 initis
442 4124 635 4191 pactis,
663 4133 983 4192 perpetuum
1004 4126 1103 4193 sub
1133 4123 1373 4193 pondere
1402 4132 1643 4187 gemeret
1672 4121 1857 4177 Eccle-

258 4194 363 4261 sia,
392 4193 479 4249 vel
518 4194 610 4249 ubi
639 4194 879 4262 longum,
930 4202 988 4247 ut
1020 4192 1160 4259 Lari,
1212 4194 1675 4264 parturiissemus,
1726 4194 1858 4249 nihil

259 4264 370 4321 nisi
412 4264 646 4319 aulicutn
709 4272 765 4317 et
809 4264 953 4331 quod
999 4265 1297 4319 revelasset
1352 4264 1508 4333 hujus
1536 4264 1717 4318 tnundi
1767 4282 1855 4319 sa-

257 4335 488 4407 pientia,
539 4348 661 4407 qua:
711 4333 925 4388 inimica
976 4344 1067 4407 est
1100 4334 1235 4407 Deo,
1285 4343 1499 4407 etcum
1551 4334 1858 4407 hominibus

257 4403 500 4477 placeat,
528 4403 746 4477 Christo
778 4418 883 4458 non
933 4406 1117 4467 servit,
1147 4406 1222 4460 nil
1262 4406 1612 4461 ecclesiastici
1652 4407 1857 4463 ordinis

258 4475 550 4544 inajestate
599 4475 818 4544 dignum
872 4485 1206 4541 nasceretur,
1257 4488 1659 4533 sacrosanctam
1712 4479 1856 4531 enim

262 4543 395 4603 vero
419 4556 475 4601 et
493 4543 1261 4617 (ecutnenicamTriilentinam
1281 4547 1539 4617 synodum
1563 4548 1772 4617 sincere
1802 4549 1855 4602 in

260 4618 370 4674 hoc
396 4616 799 4686 religiosissimo
826 4630 992 4685 regno
1034 4615 1322 4685 publicari.
1349 4618 1552 4671 clerum
1594 4615 1852 4672 Gallicum

1977 609 2197 684 operam
2229 628 2403 666 meam
2434 609 2701 684 collocare
2728 610 2784 663 in
2813 617 2947 684 ututo
2972 626 2984 661 :
3023 617 3079 663 et
3106 609 3267 675 hunc,
3298 609 3344 664 si
3385 622 3559 684 nego-

1976 679 2129 739 tiatio
2162 690 2364 749 nostra,
2396 683 2632 752 peccatis
2657 679 2857 752 nostris
2883 680 3164 752 adversum
3196 680 3559 748 nosmetipsos

1975 755 2336 879 Eugnantibus
2379 749 2436 809 et
2479 750 2891 831 dividentibusa
2930 749 3064 814 Deo,
3094 750 3271 805 minus
3312 758 3557 820 optatum

2014 826 2200 879 aberet
2231 829 2413 879 linem.
2442 823 2766 879 cederetque
2806 820 2963 875 aliter
2987 834 3150 879 quam
3191 819 3413 875 fratrum
3451 836 3556 877 no-

2014 819 2200 880 aberet
2231 828 2413 890 linem,
2442 823 2766 891 cederetque
2806 820 2963 875 aliter
2987 834 3150 888 quam
3191 819 3413 875 fratrum
3451 836 3556 877 no-

1974 905 2232 961 strorum,
2261 911 2360 963 pro
2383 894 2579 964 quibus
2605 893 2708 947 hac
2736 891 3004 960 legatione
3026 891 3314 964 fungimur,
3342 898 3557 964 egestas

1974 959 2275 1037 postularet
2316 983 2331 1019 :
2380 959 2432 1019 iii
2490 959 2811 1032 tempestate
2852 976 3063 1015 sacram
3108 962 3399 1037 anchoram
3424 959 3557 1037 ,_ad

1974 1030 2116 1092 diem
2142 1036 2317 1091 luctus
2345 1030 2724 1105 opportunum,
2756 1040 2813 1088 et
2848 1039 3054 1088 certum
3086 1032 3360 1105 solatium,
3391 1030 3556 1105 rebus

1973 1107 2149 1162 dubiis
2193 1100 2435 1160 divinum
2474 1104 2749 1160 oraculum
2796 1117 3129 1171 comparare.
3169 1100 3324 1169 Quod
3366 1100 3412 1155 si
3442 1115 3558 1171 rex

1972 1175 2459 1233 Christianissimus
2484 1175 2848 1243 anguStiarum
2868 1170 3183 1243 incstrarum
3212 1170 3476 1243 misereri,
3500 1178 3558 1224 et

1973 1263 2067 1303 eas
2120 1248 2301 1316 aliquo
2350 1263 2448 1301 suo
2504 1241 2768 1316 augustali
2812 1242 2993 1298 edicto
3038 1242 3323 1316 sublevare
3372 1241 3555 1306 vellet,

1972 1314 2269 1386 spiritualis
2296 1317 2477 1385 gaudii
2525 1315 2917 1370 moderatorem
2959 1314 3323 1383 aequissimum
3359 1327 3559 1382 oppor-

1974 1398 2104 1444 tune
2123 1390 2253 1443 mihi
2276 1388 2578 1457 providere.

2042 1464 2096 1514 4.
2140 1452 2540 1527 Post'quatuor
2584 1464 2761 1510 autem
2790 1454 3149 1527 Occidentalis
3188 1453 3437 1527 Ecclesiae
3476 1452 3561 1507 lu-

1970 1530 2217 1596 minaria,
2237 1525 2341 1583 DD.
2367 1527 2772 1597 Hieronymum,
2797 1526 3161 1597 Ambrosium,
3183 1525 3558 1593 Augustinum,

1971 1609 2161 1671 terque
2205 1600 2498 1671 maximum
2542 1596 2850 1671 pontificem
2878 1596 3219 1671 (iegorium,
3255 1610 3405 1671 unus
3433 1609 3555 1649 om-

1971 1666 2141 1739 nium,
2167 1670 2369 1741 judicio
2400 1666 2557 1741 meq,
2573 1668 2788 1737 pietatis
2815 1666 3155 1741 et_do_ct_r_inte
3181 1667 3414 1741 palmam
3456 1679 3557 1741 suo

1970 1734 2251 1797 merito'et
2274 1741 2399 1810 jure
2426 1734 2637 1810 auferre
2664 1745 2843 1810 potest
2868 1737 2925 1810 S_.
2961 1734 3197 1810 Isidorus
3224 1734 3557 1810 Hispalensis

1969 1805 2291 1882 episcopus,
2308 1826 2415 1865 non
2448 1805 2847 1882 hujus‘q'uidem
2876 1807 3191 1882 discipulus,
3224 1815 3283 1861 ut
3308 1805 3560 1882 nonnulli

1970 1875 2299 1947 existimant,
2348 1895 2536 1935 verum
2582 1875 2698 1946 ejus
2746 1877 2889 1932 aetati
2918 1875 3268 1941 sic’vicinus,
3319 1886 3376 1930 ut
3424 1875 3561 1947 ado-

1898 1945 1945 2005 B
1972 1953 2181 2008 lescens
2211 1945 2520 2022 pontificem
2559 1945 2854 2022 maximum
2881 1948 3065 2002 videre
3092 1946 3331 2022 potuerit
3350 1986 3379 2022 ,μ
3398 1945 3547 2016 quod

1972 2024 2098 2080 licet
2137 2016 2413 2090 conjicere
2455 2036 2524 2090 ex
2552 2035 2618 2074 eo
2648 2018 2791 2088 quod
2832 2020 3058 2088 ipsemet
3087 2016 3340 2088 praefatur
3368 2020 3419 2071 in
3456 2030 3558 2090 sua

1970 2087 2369 2149 Commentaria
2400 2094 2453 2146 in
2474 2087 2874 2146 Testamentum
2896 2098 3070 2155 vetus,
3091 2087 3153 2142 Se
3174 2104 3239 2144 ea
3265 2087 3561 2156 sumpsisse

1969 2164 2038 2220 de
2080 2164 2333 2235 mysticis
2381 2160 2649 2235 thesauris
2696 2173 2938 2235 veterum
2983 2155 3427 2235 sapientum,_et
3488 2155 3554 2209 ab

1969 2228 2263 2290 auctoribus
2288 2275 2304 2302 ,
2322 2232 2512 2301 inquit,
2540 2231 2786 2302 Origene,
2810 2228 3405 2302 Victoriuo,Ambro_sio,
3422 2238 3557 2302 εις..

1968 2323 2032 2360 ac
2086 2296 2301 2360 nostris
2320 2296 2627 2371 temporibus
2639 2296 2655 2301 ’
2667 2300 2940 2371 insigniter
2985 2300 3239 2371 eloquenti
3259 2296 3549 2371 Gregorio.

1968 2375 2139 2443 Quem
2170 2383 2378 2429 tantum
2404 2367 2467 2427 ac
2493 2371 2652 2425 talem
2683 2367 2876 2434 virum,
2901 2371 3033 2443 sine
3060 2367 3362 2443 gratissima
3390 2367 3556 2443 disci-

1969 2437 2128 2516 plina:
2171 2443 2710 2516 commemoratione,
2759 2454 2790 2493 a
2837 2437 3554 2516 religiosissimo_disci_pulo

1967 2507 2209 2587 potuisse
2237 2514 2518 2587 pratteriri,
2569 2510 2759 2587 simile
2792 2507 3013 2587 nunAest
3037 2524 3188 2587 vero.
3238 2508 3310 2587 βε
3336 2507 3557 2587 quidem

1968 2577 2154 2644 noster
2200 2577 2288 2641 hic
2327 2577 2716 2655 quam'magno
2746 2580 2801 2635 in
2830 2582 2996 2655 περ
3020 2581 3194 2655 pretio
3231 2577 3393 2655 fuerit
3431 2585 3560 2655 ante

1968 2658 2165 2712 multas
2204 2648 2412 2722 mtatés,
2457 2648 2633 2724 plura‘
2653 2659 2792 2724 sunt
2828 2648 3240 2724 aestuarem.
3292 2648 3561 2724 imprimis

1966 2744 2096 2783 vero
2125 2721 2414 2781 Gratianus
2443 2721 2577 2793 ipse,
2611 2721 2834 2793 quivix
2872 2722 3052 2792 plures
3088 2737 3329 2793 canones
3369 2721 3561 2793 decre-

1970 2807 2146 2852 torum
2192 2812 2262 2851 ex
2302 2797 2408 2850 alio
2450 2790 2849 2864 quam'lsidori
2873 2790 3058 2864 Ifonte_
3084 2792 3284 2864 hausit,
3336 2798 3396 2845 ut
3423 2790 3556 2864 satis

1968 2875 2160 2937 aperte
2206 2866 2440 2937 ostendit
2469 2860 2647 2937 'index
2686 2861 2788 2937 ille
2833 2877 2994 2930 quem
3046 2861 3206 2937 hujus
3253 2860 3558 2937 argumenti

1970 2929 2132 3008 paulo
2162 2944 2286 3008 post
2310 2936 2655 3008 subjecimus.
2679 2929 2797 3008 ﬁcu
2824 2929 3296 3008 contentus’plura
3327 2929 3403 2985 ex
3440 2930 3560 3008 ejus

1967 3000 2130 3079 quam
2164 3000 2306 3061 alius
2347 3000 2649 3079 cuiuspiam
2677 3000 2827 3055 libris
2855 3004 3050 3079 citasse
3077 3019 3092 3068 ;
3122 3001 3277 3079 quasi
3318 3016 3425 3055 non
3456 3001 3559 3056 ob-

1967 3072 2124 3133 s'cure
2153 3091 2349 3145 magno
2378 3072 2677 3146 Augustino
2707 3075 3068 3146 antepositum
3114 3072 3300 3136 vellet,
3332 3085 3458 3146 quas
3488 3084 3560 3126 ex

1968 3149 2127 3217 hujus
2165 3141 2445 3217 operibus,
2468 3141 2666 3213 potuit,
2717 3141 2904 3217 maluit
2934 3156 3112 3199 tamen
3142 3158 3249 3198 non
3295 3141 3462 3217 semel
3489 3156 3559 3196 ex

1966 3211 2175 3275 Isidoro
2205 3211 2588 3277 transcribere,
2620 3211 2794 3283 qualis
2822 3215 2912 3269 ille
2938 3223 3039 3278 est,
3071 3228 3232 3283 quem
3262 3213 3402 3283 apud
3432 3227 3558 3283 eum

1971 3290 2135 3345 habes
2164 3287 2235 3341 2‘4
2262 3303 2315 3356 q.
2337 3330 2352 3354 ,
2382 3286 2417 3341 ὅ
2448 3304 2497 3342 c.
2526 3282 2754 3356 Quidam
2787 3297 2965 3339 autem
2996 3282 3232 3356 hazretici
3253 3299 3338 3356 ex
3362 3282 3557 3356 lsidori

1965 3357 2243 3429 Originum
2271 3352 2363 3414 lib.
2391 3374 2504 3423 vnt,
2536 3371 2656 3425 cap.
2689 3352 2746 3422 5,
2779 3356 3128 3423 prolixiorem
3157 3355 3224 3409 de
3250 3353 3558 3409 Hazresibus

1963 3438 2271 3485 tractatum.

2033 3500 2088 3554 5.
2135 3499 2275 3566 Quin
2323 3507 2377 3554 et
2427 3497 2760 3567 Hispalensis
2811 3496 3027 3555 concilii
3074 3493 3554 3567 constitutionibus

1963 3564 2258 3641 majestatts
2278 3564 2635 3638 aliquantum,
2654 3571 2844 3627 [sidori
2863 3578 3287 3641 commemorato
3312 3564 3551 3626 nomine,

1961 3635 2235 3711 adjectum
2270 3641 2333 3693 iri
2364 3635 2485 3694 cum
2528 3635 2636 3695 non
2681 3643 2972 3702 dubitaret,
3004 3637 3217 3711 quoties
3246 3635 3358 3711 fere
3384 3650 3454 3689 ex
3473 3648 3551 3711 go

1961 3702 2095 3766 citat
2123 3711 2422 3779 Quitloiam,
2451 3725 2560 3764 non
2609 3713 2710 3767 nisi
2743 3702 3036 3766 nominato'
3051 3707 3255 3779 Isidoro
3277 3707 3437 3779 citat.

1961 3772 2191 3837 concilio
2224 3772 2543 3848 Hispalensi,
2579 3781 2771 3850 inquit.
2804 3782 2890 3835 cui
2922 3776 3425 3850 iuterfuit‘lsidorus
3457 3772 3549 3841 15,

1960 3866 2014 3921 q.
2045 3850 2076 3921 7
2106 3867 2184 3921 c.,
2215 3846 2418 3917 alisque
2446 3846 2691 3919 synodali
2723 3850 2819 3915 16,
2842 3866 2908 3921 (ι.
2940 3848 3091 3921 3c,
3112 3847 3283 3921 prima
3304 3846 3553 3921 actione,

1961 3915 2016 3989 (ᾗ.
2052 3920 2081 3971 7
2113 3920 2164 3973 in
2198 3915 2342 3975 nona
2366 3915 2583 3973 actione
2616 3938 2629 3974 :
2662 3921 2806 3989 quod
2836 3915 2890 3972 in
2920 3918 3038 3989 aliis
3067 3919 3205 3971 forte
3234 3915 3415 3989 videre
3442 3930 3555 3969 non

1962 3985 2123 4043 liceat
2146 3990 2512 4051 observatum,
2545 3985 2705 4057 quam
2736 3990 2789 4044 in
2812 3990 2893 4043 his
2918 3987 3112 4053 quibus
3143 4002 3249 4057 non
3270 3985 3432 4038 modo
3457 3999 3555 4057 per

1961 4060 2188 4125 legatos,
2220 4060 2314 4114 sed
2346 4054 2641 4127 prmsentes
2669 4060 2882 4129 ipsimet
2910 4059 3073 4129 etiam
3110 4054 3332 4129 adfuere
3350 4054 3552 4129 ponti-

1960 4124 2087 4185 lices
2135 4124 2374 4183 maximi.
2427 4131 2535 4182 Nec
2583 4124 2710 4185 vero
2761 4128 2957 4184 dixerit
2990 4124 3233 4181 Gratiani
3281 4124 3554 4194 privatum

1960 4216 2098 4263 esse,
2122 4200 2216 4255 sed
2239 4214 2525 4271 commune
2545 4210 2601 4253 et
2624 4200 2939 4271 synodicutn
2966 4196 3219 4271 Ecclesia:
3239 4194 3550 4259 Gallicana),

1958 4270 2068 4326 imo
2109 4271 2273 4324 totius
2302 4270 2448 4324 orbis
2487 4267 2777 4326 Christiani
2814 4269 3076 4338 judicium
3116 4267 3265 4329 illud,
3300 4282 3408 4338 quo
3441 4274 3554 4319 tam

1958 4339 2243 4410 magniﬁce
2272 4340 2339 4395 de
2369 4350 2559 4397 sancto
2588 4342 2794 4397 Isidoro
2817 4336 3074 4402 sentitur,
3105 4339 3348 4410 quisquis
3376 4336 3554 4390 intue—

1958 4406 2102 4466 bitur
2138 4410 2371 4466 Gallicas
2400 4412 2517 4467 illas
2547 4424 2603 4468 et
2629 4412 2979 4469 Germanicas
3014 4406 3276 4480 synodos,
3308 4406 3553 4460 Franco—

1957 4482 2290 4537 fordiensem
2321 4481 2677 4551 adlllmnum,
2708 4483 3197 4551 Aquisgranensem
3241 4486 3546 4551 utramque,

1954 4552 2343 4618 Moguntinam,
2376 4545 2813 4620 Triburiensem',
2841 4545 2902 4606 et
2925 4549 3287 4620 Parisiensem
3306 4585 3322 4611 ,
3351 4545 3549 4613 quibus

1956 4617 2634 4693 ecclesiastica,disciplina
2661 4617 3237 4693 Christianissimorum
3268 4617 3554 4693 imperato-

258 4700 512 4759 paslores
564 4686 827 4759 canonico
873 4686 1072 4759 ordine
1124 4688 1225 4741 Sibi
1272 4687 1533 4759 deligere.
1568 4704 1722 4759 pecu
1745 4689 1854 4742 ium
1883 4697 1935 4758 D
1963 4710 2101 4757 rutn,
2126 4692 2306 4747 Caroli
2328 4686 2795 4759 Magni,Ludovicl
2818 4690 2917 4755 Pii,
2944 4689 3297 4756 Arnulphi,et
3318 4688 3551 4742 aliorum

258 4758 530 4821 nostrum,
577 4758 699 4824 jura
739 4758 921 4811 omnia
956 4766 1103 4811 sarta
1154 4765 1405 4826 tectaque
1453 4758 1608 4814 nobis
1652 4760 1854 4815 servari

262 4833 409 4901 (qua!
443 4830 783 4901 pet'tionum
813 4840 1120 4901 nostrarum
1158 4832 1575 4901 summaerat),
1622 4829 1855 4900 denique

260 4898 457 4970 regem
497 4898 865 4955 Christianiss.
927 4898 981 4953 in
1034 4900 1208 4970 rebus
1239 4899 1489 4954 omnibus
1530 4898 1855 4956 charismata

258 4969 507 5029 aemulari
553 4970 812 5037 meliora,
875 4984 1150 5039 nunquam
1191 4969 1331 5025 ferre
1376 4986 1534 5038 posse
1582 4972 1867 5040 ingenium-

260 5058 456 5101 corum
497 5056 605 5111 que
645 5041 825 5096 alieno
873 5042 1133 5111 sanguine
1183 5040 1561 5111 splendescere
1595 5051 1651 5097 et
1695 5043 1855 5097 luxu-

259 5113 419 5181 riari,
466 5123 725 5183 quwstum
772 5127 881 5167 non
926 5111 1268 5183 parricidium
1309 5111 1655 5167 arbitrantur.
1702 5113 1855 5179 Quod

260 5198 392 5241 cum
415 5197 517 5251 ego
549 5183 604 5237 in
632 5182 871 5237 animum
894 5182 1072 5237 meum
1097 5182 1351 5238 inducere
1374 5197 1481 5237 non
1510 5198 1747 5253 possem,
1769 5186 1862 5252 qui

260 5262 613 5325 perspectum
662 5253 1206 5325 haberemipluribns
1258 5254 1585 5325 argumentis
1622 5254 1860 5309 clemen-

263 5323 461 5381 tissimi
506 5323 679 5379 nostri
719 5324 972 5392 principis
1019 5324 1307 5380 candorem
1348 5332 1403 5378 et
1450 5324 1724 5394 pietatem,
1755 5340 1861 5393 qua

257 5397 375 5465 jam
428 5396 570 5461 apud
612 5394 811 5449 multos
841 5394 973 5449 illud
1010 5404 1095 5449 est
1140 5402 1440 5460 assecutus,
1478 5405 1535 5449 ut
1564 5410 1671 5449 non
1697 5394 1860 5451 modo

264 5466 760 5523 Christianissimus
786 5474 841 5519 et
884 5466 1123 5521 omnium
1165 5465 1441 5522 Gallorum
1488 5467 1721 5521 maxime
1768 5481 1859 5521 ca-

266 5537 524 5599 tholicus,
580 5537 677 5592 sed
726 5536 1103 5591 devotissimus
1150 5537 1373 5607 audiath
1410 5536 1641 5592 viderem
1671 5553 1855 5607 porro,

266 5609 401 5665 huic
454 5618 637 5663 nostro
668 5608 960 5677 conventui
1006 5607 1281 5663 adfuturos
1326 5605 1515 5663 Patres
1553 5605 1857 5677 complures

267 5679 442 5734 totius
492 5678 623 5733 cleri
651 5676 842 5732 Gallici
894 5676 1049 5734 facile
1098 5679 1366 5748 principes
1413 5679 1573 5745 viros,
1621 5676 1759 5747 quos
1803 5679 1857 5733 in

270 5748 621 5805 Blesensibus
686 5750 834 5818 regni
914 5748 1148 5804 comitiis
1211 5749 1420 5805 fidelem
1477 5760 1533 5804 et
1582 5758 1857 5805 strenuam

272 5820 510 5892 Chi-isto
540 5829 606 5892 et
639 5835 869 5892 sponstc
901 5819 1044 5892 illius
1090 5819 1343 5892 Ecclesiae
1371 5836 1592 5890 operam
1637 5836 1856 5887 navare,

275 5905 446 5960 seque
490 5888 700 5946 fortiter
726 5904 826 5962 pro
854 5890 947 5962 Dei
974 5890 1133 5946 domo
1160 5888 1425 5945 aheneuni
1449 5908 1659 5946 tnurutn
1689 5908 1859 5962 oppo-

280 5977 414 6020 nere
460 5976 694 6035 przesens
728 5961 889 6019 eram
937 5961 1157 6020 intuitus
1202 5980 1244 6018 :-
1271 5962 1435 6019 malui
1484 5972 1663 6021 tamen
1703 5961 1859 6020 unius

1963 4764 2216 4835 auspiciis
2242 4772 2349 4817 tam
2380 4766 2650 4835 sapienter
2687 4771 2742 4818 et
2772 4762 3067 4835 prudenter
3078 4768 3142 4835 et
3170 4760 3438 4835 integrum
3467 4764 3553 4835 est

1962 4828 2232 4899 restituta,
2261 4842 2316 4888 et
2344 4828 2593 4902 religiose
2624 4828 2931 4903 przescripta
2960 4832 3210 4903 regibus,
3240 4828 3548 4903 nobilitati,

1964 4905 2142 4975 plebi,
2201 4900 2465 4959 omnibus
2504 4900 2737 4975 denique
2791 4902 2948 4975 hujus
3005 4900 3215 4970 imperii
3274 4900 3551 4975 ordinibus

1962 4970 2180 5029 vivendi
2221 4990 2441 5039 norma,
2477 4991 2585 5028 non
2625 4970 2729 5029 alio
2771 4974 3078 5043 legislatore
3112 4986 3274 5041 quam
3302 4970 3508 5043 laiJOI‘D
3531 5007 3549 5031 .

1963 5062 2071 5101 non
2102 5046 2209 5100 alio
2261 5045 2584 5114 padagogo,
2618 5062 2723 5101 non
2757 5041 2863 5098 alio
2893 5052 3227 5113 praeceptore
3259 5059 3276 5114 :_
3308 5056 3429 5095 cum
3460 5041 3554 5114 vix

1965 5132 2128 5171 unum
2158 5111 2320 5185 atque
2342 5111 2576 5170 alterum
2592 5131 2659 5171 ex
2688 5116 2800 5170 DD.
2824 5111 3153 5185 Hieronymo
3176 5122 3233 5168 et
3254 5111 3551 5185 Augustino

1966 5182 2250 5256 praecipuis
2288 5185 2545 5241 Ecclesia:
2574 5187 2884 5256 doctoribus
2920 5182 3361 5256 desumpsissent,
3397 5182 3551 5256 plura

1966 5252 2146 5312 tamen
2175 5273 2280 5311 uno
2309 5258 2523 5327 spiritu,
2552 5273 2661 5313 uno
2690 5255 2875 5321 ductu,
2909 5272 2976 5311 ex
3008 5252 3147 5310 illius
3174 5254 3322 5308 libris
3350 5252 3547 5322 passim

1962 5328 2310 5397 cxscripsisse
2339 5328 2592 5397 capitula.

2034 5344 2135 5383 scrt
2177 5344 2310 5383 snsse
2339 5344 2592 5397 capuuta.

2033 5400 2085 5452 6.
2134 5344 2270 5466 ὅυὶιι
2309 5414 2438 5451 vero
2488 5400 2681 5455 attinet
2718 5412 3147 5455 commemorare
3186 5408 3348 5462 quam
3387 5406 3550 5466 accu-

1961 5478 2078 5523 rate
2108 5462 2177 5525 eiE
2200 5469 2319 5541 ejus
2347 5468 2803 5541 Etymologiarum
2833 5471 2923 5524 lib.
2952 5484 3045 5533 vtt,
3072 5482 3122 5520 c.
3151 5462 3551 5541 denerabiles

1962 5540 2175 5593 concilii
2198 5533 2695 5595 Francofordten-is
2718 5541 2900 5595 Patres
2923 5554 3045 5594 cum
3069 5536 3316 5593 omnibus
3337 5533 3550 5600 episco-

1965 5611 2047 5680 pis
2074 5609 2395 5684 Germania),
2425 5608 2629 5684 Gallina,
2659 5612 2993 5684 Aquitaniae,
3043 5617 3100 5664 et
3129 5617 3244 5661 toto
3270 5603 3549 5684 catholica:

1966 5671 2114 5750 pacis
2142 5682 2320 5745 clero,
2351 5671 2669 5752 praesulibus
2698 5671 2997 5752 Hispanus,
3022 5689 3077 5752 et
3104 5677 3319 5752 cuti-ris
3343 5671 3546 5728 ibidem

1966 5746 2382 5808 Christianitatis
2396 5768 2590 5808 nomen
2605 5746 2942 5815 habentibus,
2957 5750 3034 5804 sic
3045 5750 3139 5803 Dei
3151 5746 3286 5801 Filio
3299 5746 3547 5815 junctam

1965 5838 2085 5880 esse
2132 5831 2377 5878 naturam
2425 5825 2785 5878 humananatn
2828 5821 3308 5880 conﬁrmaverunt,
3362 5825 3420 5871 ut
3476 5829 3570 5874 ex.

1965 5895 2171 5950 duabus
2192 5896 2503 5949 substantiis
2537 5910 2639 5948 una
2670 5894 2823 5949 fieret
2852 5892 3122 5961 persona?
3152 5888 3248 5943 Vel
3277 5888 3418 5959 quod
3450 5901 3546 5961 eos

1965 5967 2057 6039 qui
2085 5982 2116 6022 a
2142 5967 2288 6023 clero
2317 5966 2385 6023 ad
2414 5966 2666 6022 smculum
2705 5958 2960 6031 redirent,
3005 5958 3443 6035 hippocentauris
3473 5958 3544 6014 si-
