4070 6362
258 345 372 415 eis

249 459 373 525 dice
392 456 732 514 bibliotheca
751 451 941 515 Sancti
959 446 1194 515 Victoris
1214 446 1283 503 ad
1303 463 1488 505 muros
1506 446 1858 507 Parisienses.
1887 455 1939 515 Α

325 530 657 599 Synonyma.

325 599 607 669 Episnolaz.
872 667 882 669 ᾼ
994 664 1010 669 _
1092 663 1122 669 _
1359 659 1398 669 _
1556 657 1590 669 υ

329 672 345 693 ⁸
369 658 790 733 Sententiarum,
840 667 955 721 sive
980 664 1050 720 de
1090 663 1313 719 Summo
1359 659 1518 733 Bono
1556 658 1687 733 libri
1716 666 1846 733 tres,

250 742 467 813 pridem
496 730 806 813 ﬁdelissime
834 736 1105 813 repurgati
1133 734 1306 813 studio
1327 775 1341 797 ,
1374 739 1428 813 et
1456 730 1638 813 labore
1661 730 1853 813 doctis-

250 800 375 879 Simi
420 811 520 869 viri
567 808 793 873 Joannis
829 800 1126 870 Aleauine,
1182 801 1421 863 doctoris
1462 800 1767 864 Sorboniei,
1798 809 1854 857 et

250 880 637 923 nmnirpnriarii
694 876 1030 923 Ριινίςίιηιςῖς-
1065 875 1370 923 Adieoinms
1421 871 1603 923 lsidori
1659 868 1851 923 nncia-

1698 887 1851 929 ηειδ-

290 874 640 939 ὼηῑιεηιίειῑίἰ
687 871 1030 952 Parisiensis.
1062 875 1370 952 Adjeciinus
1421 871 1823 952 lsitlpri_pr:efa

1670 951 1854 997 κίοι-ιε

279 956 458 1009 ionem
491 956 543 1007 in
573 950 791 1006 eosdem
834 949 1018 1013 libros,
1050 963 1119 1003 ex
1142 940 1488 1001 bibliotheca
1516 940 1573 997 S.

244 1025 321 1081 ad
342 1040 525 1081 muros
553 1020 904 1079 Parisienses.

324 1096 400 1157 De
420 1092 744 1175 Contempto
767 1091 972 1175 mundi,
1003 1087 1345 1171 recognitore
1371 1084 1608 1143 Huberto
1636 1082 1850 1143 Scutter

247 1161 730 1237 pnteo,_can_onico
759 1161 1104 1237 _Lo_van_ie_nsi,

248 1224 266 1253 ⁵
326 1235 402 1289 De
426 1224 633 1290 Oﬂiciis
661 1232 1058 1297 ecclesiasticis,
1089 1224 1209 1285 libri
1229 1228 1355 1284 duo.
1520 1281 1535 1288 -

260 1356 263 1359 .
326 1307 344 1327 ⁶
371 1306 444 1359 De
463 1305 717 1360 Doctrina
745 1311 802 1358 et
826 1303 957 1358 Fide
985 1301 1477 1358 ecclesiasticarum
1504 1297 1851 1366 dogmatum,

244 1392 316 1454 ex
343 1376 669 1437 bibliotheca
691 1391 744 1429 v.
775 1374 846 1429 cl.
874 1372 1019 1429 Petri
1056 1371 1292 1429 Danielis
1318 1367 1743 1427 Aurelianensis.

322 1489 409 1543 12.
445 1489 505 1543 in
530 1489 636 1547 hoc
663 1487 865 1554 indice,
903 1501 1065 1557 quem
1108 1500 1177 1541 ex
1221 1485 1345 1554 ipso
1395 1497 1561 1553 opere
1607 1481 1853 1538 nonnihil

242 1582 398 1649 auxi,
424 1580 649 1650 adiectis
670 1578 808 1634 libro
833 1578 891 1634 in
917 1577 1181 1634 Numeros
1208 1582 1264 1631 et
1315 1573 1569 1645 Epistolis
1590 1612 1606 1638 ,
1637 1572 1854 1629 asteris-

243 1688 345 1735 cus
365 1674 441 1728 ita
461 1680 546 1729 est
574 1678 818 1736 notatus,
866 1676 928 1726 ut
951 1669 1152 1725 indicet
1177 1668 1347 1724 libros
1392 1665 1795 1722 Sententiarum
1820 1678 1853 1717 a

244 1766 466 1836 Bignaeo
506 1774 633 1821 utne
690 1763 922 1835 primum
979 1763 1037 1818 in
1092 1761 1365 1833 publicam
1410 1758 1589 1814 lucem
1631 1756 1848 1811 emitti:

244 1857 495 1930 quamvis
534 1854 763 1915 fortasse
790 1856 977 1910 innuat
1015 1868 1125 1909 non
1153 1852 1261 1907 bos
1287 1851 1491 1916 libros,
1538 1847 1637 1903 sed
1678 1845 1855 1917 Syno-

245 1913 411 2023 iiyma
438 1913 833 2022 tunc-primum
872 1948 1111 2019 prodire.
1157 1913 1483 2014 Utrumque
1505 1941 1697 1998 falsum
1722 1913 1853 2007 est,
1888 1913 1937 1972 Β

247 2053 310 2101 ut
324 2045 379 2100 in
400 2043 746 2100 recensendis
762 2041 1101 2112 singulorum
1118 2053 1345 2109 operum
1369 2033 1696 2091 editioaibus
1723 2046 1857 2087 con-

246 2138 436 2194 stabit.
500 2136 751 2191 Aﬂirmat
796 2134 1043 2204 Bignaus
1100 2147 1162 2188 se
1207 2130 1445 2201 adjicere
1484 2125 1853 2198 praefationem

244 2227 443 2285 lsidori
461 2229 529 2283 ad
578 2228 746 2284 libros
788 2226 1223 2289 Sententiarum;
1262 2221 1361 2278 sed
1412 2236 1520 2275 non
1560 2217 1724 2290 264.
1748 2216 1851 2271 alia

248 2319 496 2391 prmfatio
540 2318 809 2388 adjicitur,
838 2317 939 2374 nisi
998 2316 1227 2388 epistola
1262 2314 1451 2371 lsidori
1507 2312 1725 2367 nomine
1781 2308 1850 2363 ad

248 2410 575 2475 Massonem,
616 2424 737 2480 quae
768 2409 822 2464 in
862 2408 1136 2466 nonnullis
1180 2406 1470 2464 Codicibus
1524 2402 1672 2458 libris
1710 2400 1851 2456 Sen-

246 2503 542 2577 tentiarum
565 2500 877 2572 praeligitur,
901 2501 1146 2571 quamvis
1167 2498 1233 2553 ad
1253 2513 1351 2554 eos
1372 2505 1523 2552 certe
1542 2495 1711 2550 libros
1735 2492 1855 2561 nul-

246 2592 304 2646 lo
337 2591 497 2646 modo
521 2592 793 2662 pertinere
821 2588 1093 2657 videatur,
1116 2598 1174 2644 ut
1207 2588 1375 2646 iusius
1396 2601 1515 2658 cap.
1546 2578 1617 2640 75
1646 2584 1855 2640 edisse-

244 2701 387 2749 ram.
421 2685 532 2741 Etsi
560 2692 743 2741 autem
768 2683 1012 2753 Bignazus
1031 2682 1274 2738 inindice
1293 2679 1551 2752 epistolas
1572 2693 1681 2735 non
1705 2692 1857 2732 com-

1302 333 1713 399 ISIDOBIANA.
1745 365 1818 377 —
1840 334 2022 399 PARS
2058 340 2108 401 1.
2145 340 2299 399 CAP.
2342 340 2582 398 XXXVI.

3444 341 3552 400 2M

2407 457 2571 528 κε
2595 455 2822 513 asper
2852 456 3094 513 xxxvr.

1961 580 2140 665 Editio
2194 603 2412 665 operum
2462 588 2661 665 (sidori
2708 589 3035 665 Matritensis
3082 592 3275 665 prima,
3318 601 3557 665 curante

2031 656 2248 735 Joanne
2265 656 2431 735 grial.
2466 660 2637 735 Hujus
2659 661 2877 735 epistola
2906 656 3233 735 dedicatoria
3256 656 3327 716 ad
3351 661 3557 735 Philip-

2032 744 2154 798 pum
2185 727 2283 785 111
2311 740 2359 784 et
2384 727 2623 802 prwfalio
2653 733 2721 789 ad
2757 734 3001 788 lectorem
3027 732 3409 789 describuntur.

2034 863 2085 917 1.
2116 864 2531 922 Accuratissima
2558 876 2642 923 est
2666 866 2780 924 haec
2802 867 2988 936 editio,
3020 876 3076 925 et
3104 869 3174 924 ob
3204 868 3451 939 egregios
3474 870 3555 924 vi-

1954 968 2051 1010 ros
2072 955 2163 1025 qui
2188 956 2239 1010 in
2265 970 2383 1012 eam
2412 959 2779 1015 adornandam
2802 960 3555 1019 incubuernntceleberrima.

1958 1045 2039 1102 En
2087 1051 2313 1120 primam
2366 1050 2597 1109 frontem
2632 1071 2646 1109 :
2680 1053 2800 1109 Divi
2847 1053 3044 1111 Isidori
3069 1055 3284 1128 Hispal.
3337 1057 3559 1130 episcopi

1962 1137 2157 1211 Opera,
2220 1139 2448 1214 Philippi
2499 1142 2561 1199 ΙΙ
2612 1145 2866 1202 Catholici
2918 1150 3055 1219 regis
3093 1147 3245 1219 jussu
3276 1165 3305 1203 e
3350 1150 3560 1203 vetustis

1958 1231 2342 1303 exemplaribus
2368 1235 2661 1292 emendata.
2684 1236 2914 1304 Matriti,
2941 1254 3007 1294 ea:
3029 1240 3372 1313 typographia
3392 1242 3559 1312 regia,

1965 1319 2126 1388 1599,
2156 1323 2212 1375 in
2236 1321 2330 1394 fol.

2036 1408 2091 1464 2.
2148 1410 2406 1480 Sequitur
2459 1414 2798 1484 privilegium
2845 1418 2987 1489 regis
3014 1433 3113 1489 pro
3154 1418 3366 1475 editore
3417 1416 3561 1475 Julio

1959 1500 2107 1557 Junti
2156 1504 2222 1557 de
2264 1502 2491 1560 Modesti
2520 1520 2662 1562 anno
2693 1505 2852 1574 1595,
2882 1508 2971 1564 die
2991 1507 3060 1562 28
3089 1507 3407 1566 Novembris
3436 1510 3562 1567 sub-

1960 1594 2218 1667 scriptum
2247 1612 2261 1662 ;
2292 1601 2357 1654 ad
2391 1595 2535 1666 quod
2564 1596 2637 1652 ita
2658 1613 2755 1654 rex
2785 1597 3040 1670 praefatur
3072 1619 3083 1653 :
3120 1599 3381 1665 Quoniam
3408 1602 3563 1656 intel-

1958 1684 2097 1753 lexi,
2143 1684 2315 1757 Opera
2344 1688 2555 1759 gloriosi
2588 1688 2649 1743 S.
2695 1687 2891 1744 lsidori
2934 1689 3312 1761 Hispaniarum
3338 1692 3591 1746 doctoris-

1958 1793 2229 1848 perperam
2253 1795 2364 1833 esse
2393 1779 2673 1851 descripta,
2696 1781 2970 1855 multisque
3002 1784 3061 1838 in
3088 1782 3218 1838 locis
3247 1784 3554 1853 depravata,

1960 1876 2019 1921 ut
2064 1886 2167 1923 non
2208 1871 2314 1925 leve
2365 1872 2649 1941 periculum
2692 1875 2849 1928 etiam
2889 1882 3022 1929 esset
3047 1890 3112 1929 ne
3140 1874 3303 1948 aliqui
3332 1874 3396 1929 de
3435 1892 3564 1929 sana

1964 1959 2075 2031 ejus
2106 1970 2256 2034 atque
2285 1963 2585 2018 admirabili
2621 1964 2878 2031 doctrina,
2902 1981 3061 2038 quam
3099 1973 3285 2021 sancta
3329 1966 3429 2021 Dei
3457 1965 3563 2019 Ec-

1965 2050 2125 2104 clesia
2146 2069 2335 2124 magno
2365 2069 2569 2124 semper
2592 2056 2651 2109 in
2681 2057 2845 2126 pretio
2870 2055 3072 2124 habuit,
3102 2056 3275 2109 minus
3303 2053 3427 2109 bene
3455 2070 3565 2109 sen-

1965 2142 2141 2208 tirent,
2173 2145 2366 2214 pietate
2385 2156 2645 2216 permotus
2666 2164 2767 2218 qua
2794 2164 2919 2219 erga
2951 2148 3012 2203 S.
3041 2148 3305 2203 doctorem
3335 2150 3563 2221 afﬁcior,

1962 2242 2014 2287 et
2055 2244 2267 2305 propter
2312 2236 2608 2308 obsequium
2654 2239 2793 2308 quod
2844 2238 3011 2293 eidem
3038 2241 3094 2293 in
3124 2240 3203 2294 his
3250 2240 3423 2311 regnis
3445 2240 3566 2310 jure

1962 2330 2146 2383 merits
2178 2329 2406 2395 debetur,
2457 2333 2615 2386 rantis
2657 2334 3001 2389 incommodis
3026 2351 3298 2391 occurrere
3328 2336 3560 2406 cupiens,

1958 2419 2016 2472 in
2039 2420 2266 2491 antiquis
2292 2420 2568 2497 Hispania:
2606 2434 2759 2496 atque
2786 2426 2842 2478 in
2885 2424 3005 2480 aliis
3034 2427 3259 2481 aliorum
3287 2443 3565 2496 regnorum

1961 2507 2285 2566 bibliothecis
2307 2511 2439 2568 Mss.
2458 2514 2757 2569 earumdem
2780 2530 2993 2585 operum
3015 2516 3337 2585 exemplaria
3358 2514 3563 2585 exquiri

1956 2603 2093 2673 jussi
2123 2620 2141 2657 :
2172 2621 2291 2676 qui:
2340 2622 2458 2660 cum
2506 2608 2669 2662 multa
2714 2617 2867 2681 atque
2906 2624 3110 2679 magna!
3155 2609 3477 2680 antiquitatis
3517 2614 3568 2660 et

1966 2697 2290 2751 auctoritatis
2322 2709 2522 2767 reperta
2559 2701 2795 2771 fuissent,
2820 2717 2881 2754 ea
2916 2702 3054 2755 inter
3072 2703 3207 2756 viros
3246 2701 3426 2755 doctos
3455 2699 3561 2752 dis-

244 2786 539 2843 memorat,
565 2775 1063 2868 tameninonnullas
1092 2773 1520 2868 producitpart.
1552 2786 1606 2835 ι,
1637 2766 1861 2868 pag.60
1967 2787 2124 2841 πίδηε
2191 2794 2444 2863 ρτωοερί,
2496 2766 2580 2866 qu}
2632 2798 3021 2850 accuratissime
3062 2804 3113 2851 et
3171 2796 3565 2868 diligentissime

241 2886 392 2943 seq.,
422 2871 630 2925 scilicet
657 2868 725 2924 ad
755 2867 1086 2933 hlassonem,
1108 2865 1176 2921 ad
1233 2863 1633 2928 Leudilredum,
1663 2862 1858 2917 iterum

242 2963 555 3030 fragmenta
607 2959 852 3030 epistolae
881 2957 952 3014 ad
1007 2958 1307 3015 Massonem
1364 2964 1420 3011 et
1447 2954 1738 3026 epistolam
1788 2951 1857 3008 ad

1971 2875 2148 2946 Opera
2195 2879 2257 2933 S.
2310 2880 2507 2937 Isidori
2555 2885 2625 2936 ad
2677 2902 2741 2938 ea
2780 2886 3103 2956 exemplaria
3136 2888 3459 2957 castigarunt
3513 2892 3565 2939 et

1968 2971 2325 3037 emendarunt,
2376 2984 2526 3045 atque
2552 2978 2709 3031 veteri
2734 2979 2917 3048 prima:
2942 2989 2990 3033 et
3015 2995 3148 3033 vera:
3192 2981 3463 3048 scriptura:
3483 2995 3567 3033 re—

238 3051 595 3121 Fulgentium
616 3051 857 3117 fratrem,
880 3049 1263 3106 dedicatoriam
1288 3047 1549 3103 librorum
1570 3044 1641 3099 de
1657 3040 1863 3099 Ol‘liciis
1964 3060 2179 3115 ﬂauere
2204 3065 2379 3118 comm
2405 3040 2544 3120 πλητ-

239 3143 656 3215 epclesiasticis,
704 3142 881 3197 minus
903 3149 1208 3211 Opportuno
1239 3139 1364 3193 loco
1392 3137 1714 3194 collocatam
1760 3150 1859 3189 an-

2037 3149 2091 3203 5.
2118 3148 2245 3208 Haec
2274 3169 2342 3208 ex
2371 3157 2595 3211 exordio
2623 3155 2922 3228 ﬂispanici,
2962 3158 3113 3229 quod
3136 3160 3267 3229 dixi,
3300 3160 3564 3231 privilegii

240 3244 308 3297 ιθ
338 3234 507 3291 libros
536 3232 973 3301 Sententiarum,
1014 3232 1106 3302 (ιιιὶ
1163 3231 1308 3286 illico
1355 3229 1676 3323 διιοςῑθάυξιι·
1734 3226 1861 3281 90⁸⁸
1910 3321 1929 3323 _
1970 3244 2229 3299 translata
2260 3254 2402 3301 sunt.
2430 3246 2687 3317 Sequitur
2708 3226 2871 3304 index
2893 3226 3118 3321 operum
3140 3226 3561 3323 partis—prioris;

202 3396 205 3397 γ
243 3327 488 3399 Operam
513 3326 743 3382 indicem
766 3325 1011 3393 Bignteus
1054 3323 1299 3393 adjungit
1322 3322 1568 3393 quaedam
1593 3318 1855 3387 fragmen-

1978 3354 2097 3395 nam
2127 3340 2182 3395 in
2211 3339 2344 3397 duas
2396 3349 2576 3412 partes
2623 3340 2856 3400 Grialius
2884 3359 3048 3416 opera
3079 3345 3282 3413 divisit,
3326 3353 3382 3399 et
3408 3358 3564 3399 suum

249 3430 328 3485 ta,
364 3420 566 3476 Isidoro
592 3421 824 3490 ascripta
853 3419 907 3473 in
934 3433 1031 3472 ms.
1066 3416 1267 3473 Codice
1297 3413 1612 3471 monasterii
1641 3411 1699 3467 S.
1729 3410 1866 3466 Dio-

251 3514 439 3586 nysii;
493 3528 610 3581 quae
665 3527 765 3569 nos
814 3502 1273 3582 Etymologiarum
1306 3507 1467 3563 libris
1500 3505 1863 3574 adjiciemus:

1970 3430 2165 3499 cuique
2212 3434 2354 3501 parti
2381 3430 2879 3503 Operum'indicem
2910 3434 3157 3505 przelixit.
3208 3434 3317 3489 Eos
3346 3448 3445 3503 ego
3475 3434 3566 3489 hic

1969 3521 2129 3575 simul
2154 3522 2457 3592 subjiciam,
2486 3533 2544 3579 ut
2572 3540 2679 3581 uno
2719 3532 2941 3597 aspectu
2968 3533 3081 3582 tota
3128 3539 3351 3595 operum
3378 3523 3531 3579 distri

251 3605 405 3675 quod.
429 3606 658 3663 locasse
686 3606 897 3661 diversa
922 3611 1006 3661 est
1064 3603 1239 3673 aliqua
1267 3603 1433 3659 leetio
1459 3617 1533 3657 ex
1583 3598 1865 3671 Etymolo-
1967 3610 2120 3666 buuo
2150 3615 2497 3685 percipiatur.

252 3701 462 3769 giarum
493 3698 907 3769 exemplaribus,
948 3711 1070 3766 quae
1099 3712 1207 3751 non
1229 3694 1401 3751 semel
1426 3693 1496 3748 ab
1523 3691 1716 3748 lsidori
1743 3704 1862 3746 ma-

238 3808 329 3851 .nu
356 3792 409 3847 in
435 3791 622 3861 vulgus
646 3789 986 3862 prodierunt,
1026 3794 1087 3843 ut
1112 3802 1245 3842 mox
1274 3784 1683 3856 explicabimus.

330 3904 417 3958 13.
463 3904 644 3959 iuliae
697 3902 894 3972 “ignari
943 3901 1181 3956 editione
1236 3912 1329 3953 sex
1380 3898 1623 3967 epistolae
1687 3894 1863 3949 libros

254 3996 711 4067 Etymologiarum
736 3993 1077 4064 praecedunt:
1105 3991 1155 4044 1.
1175 3988 1367 4045 [sideri
1388 3989 1455 4042 ad
1476 3986 1852 4041 Brsulionem:

256 4088 415 4141 Omni
456 4087 731 4141 desiderio.
763 4084 819 4139 9.
847 4083 1151 4139 Braule
1203 4085 1273 4136 ad
1310 4081 1571 4136 [nidorum
1604 4097 1619 4131 :
1667 4074 1715 4130 0
1767 4077 1861 4146 pie

255 4178 483 4233 domine.
530 4176 586 4230 5.
620 4174 810 4231 lsidori
839 4173 909 4228 ad
941 4172 1333 4228 Brauliouem:
1382 4168 1519 4235 Quia
1544 4176 1597 4223 te
1652 4166 1854 4223 incolu-

253 4286 409 4324 mem.
441 4268 496 4321 4.
548 4265 847 4322 Braulionis
887 4264 961 4318 ad
1006 4264 1312 4319 lsidorum:
1362 4261 1508 4316 Solet
1554 4260 1764 4328 repleri.
1794 4257 1848 4311 5.

254 4362 441 4419 Isidori
469 4363 534 4415 ad
564 4362 909 4416 Braulionem
944 4377 963 4413 :
986 4359 1111 4414 Tua:
1134 4358 1471 4414 Sanctitatis.
1497 4355 1550 4409 6.
1604 4354 1863 4423 Ejusdem

254 4449 322 4512 ad
355 4455 640 4511 eumdem:
667 4454 752 4509 En
780 4453 904 4517 tibi;
945 4466 1066 4523 quae
1102 4452 1289 4522 potius
1316 4457 1399 4506 est
1447 4446 1691 4519 praefatio
1730 4446 1861 4518 Ety-

253 4548 631 4617 mologiarum.
666 4545 845 4601 Editio
879 4544 1103 4613 elegans
1126 4551 1229 4609 est,
1262 4550 1321 4597 et
1345 4549 1615 4610 quantum.
1640 4539 1861 4609 quidem

252 4652 344 4695 res
384 4639 607 4709 patitur,
663 4643 1099 4692 correctaznam
1149 4648 1269 4689 cum
1312 4631 1559 4701 Dignicus
1612 4629 1856 4702 qumdam

253 4747 422 4804 Opera
458 4730 644 4786 lsidori
670 4730 874 4802 primus
900 4728 1474 4797 omniumvulgaverit,
1506 4734 1561 4782 et
1583 4726 1638 4781 in
1657 4726 1850 4796 depra-

252 4835 381 4881 vata
405 4823 755 4894 exemplaria,
786 4830 847 4877 ut
866 4821 1083 4889 accidit,
1105 4820 1414 4885 incurrerit,
1440 4834 1548 4875 non
1571 4817 1727 4873 valde
1757 4816 1858 4871 mi-

254 4932 376 4989 rum
402 4926 485 4973 est
514 4917 875 4973 recentiorum
911 4914 1243 4986 diligentiam
1270 4912 1422 4982 plura
1448 4910 1857 4966 animadvertis-

1885 4696 1939 4758 Ι)

1968 3719 2192 3799 Opnnuu
2218 3727 2281 3781 D.
2324 3727 2522 3783 lsmont
2549 3745 2679 3785 PARS
2722 3722 2910 3793 rmon,
2959 3730 3015 3784 in
3058 3745 3165 3799 qua
3214 3730 3563 3799 grammatica

2042 3746 2192 3780 'EnUu
2218 3746 2281 3781 υ.
2324 3746 2522 3783 ιδιυοιιι
2549 3746 2679 3785 PARS
2722 3746 2910 3793 rmon,
2959 3746 3015 3784 in
3097 3746 3165 3784 ua
3214 3746 3563 3799 grammatica

2042 3798 2412 3878 etmhistorjca.
2453 3828 2541 3878 -τς-
2570 3799 3028 3878 [ξιχηιοιοεὶειᾎινιιιῐι
3058 3746 3193 3855 (libri
3247 3801 3563 3878 viginti_.__—

2038 3866 2469 3923 Dillerentiarum
2490 3870 2612 3924 libri
2638 3872 2765 3925 duo.
2792 3866 2867 3915 -Ζ-
2887 3870 2967 3925 De
2993 3878 3193 3926 natura
3220 3866 3401 3926 rerum
3428 3872 3565 3927 liber

2034 3952 2189 3991 unus.
2230 3969 2295 3978 --
2345 3938 2672 3995 Chronicon.
2724 3972 2797 3984 -—
2833 3942 2910 3996 De
2936 3940 3077 3997 Viris
3104 3941 3399 3996 illustribus
3439 3956 3565 3997 cum

2031 4005 2088 4060 S.
2121 4005 2373 4061 lldel’onsi
2422 4009 2622 4065 libello.
2651 4041 2723 4053 —
2749 4011 2824 4065 De
2853 4019 2976 4066 ortu
3028 4020 3083 4065 et
3127 4011 3278 4067 obitu
3313 4008 3556 4066 Patrum.

2027 4109 2099 4120 —
2145 4078 2501 4145 Gotthorum,
2562 4078 2974 4148 Wandalorum,
3024 4088 3079 4135 et
3129 4079 3432 4134 Suevorum
3480 4082 3566 4133 bi-

2034 4149 2203 4222 Storia
2227 4165 2348 4206 cum
2377 4148 2702 4207 Gottborum
2728 4166 2934 4222 regum,
2966 4163 3022 4208 et
3044 4150 3431 4206 Toletanorum
3464 4168 3560 4205 an~

2036 4221 2258 4276 tistilum
2279 4222 2546 4290 catalogo.

1964 4289 2102 4348 PARS
2127 4308 2359 4348 ALTERA.
2386 4289 2880 4350 —’Sententiarum
2905 4293 3028 4350 libri
3057 4304 3185 4350 tres.
3216 4325 3289 4337 --
3309 4293 3563 4365 Mystico-

2034 4379 2151 4435 rum
2175 4365 2543 4432 expositiones
2572 4374 3055 4422 sacramentorum.
3080 4398 3152 4409 -—
3177 4365 3461 4435 Allegoria:
3491 4381 3559 4419 ex

2034 4433 2215 4489 Veteri
2237 4443 2294 4489 et
2316 4435 2469 4491 Novo
2492 4434 2860 4492 Testamento.
2886 4468 2961 4482 --
2977 4437 3178 4491 Contra
3201 4433 3414 4490 Judaaos
3439 4435 3581 4499 libri,

2033 4505 2162 4560 duo.
2198 4535 2265 4548 —
2297 4504 2692 4562 Promrniorum
2744 4507 2896 4562 liber.
2946 4539 3019 4552 -—
3044 4507 3125 4561 De
3178 4506 3565 4560 ecclesiasticis

2033 4574 2234 4648 Qlliciis
2281 4577 2403 4633 libri
2446 4579 2575 4634 duo.
2599 4608 2669 4619 ---
2698 4576 3133 4648 Synonymerum
3181 4575 3300 4629 libri
3329 4578 3458 4631 dum
3480 4603 3557 4648 3-

2032 4644 2287 4719 Epistolse
2341 4650 2565 4719 aliquot.
2594 4678 2669 4689 -
2695 4644 3329 4719 Regulamonachoqu2
3356 4672 3433 4719 _-_—
3477 4646 3565 4719 De

2034 4714 2299 4773 Conﬂictu
2327 4714 2578 4772 vitiorum
2623 4727 2678 4773 et
2722 4717 2999 4771 virtutum.
3043 4747 3116 4758 —
3167 4714 3452 4787 Etp‘dsitio
3500 4717 3556 4771 in

2030 4789 2310 4845 Canticum
2341 4789 2666 4844 Salomonis.

2031 4906 2085 4959 4.
2129 4904 2258 4960 Post
2282 4902 2516 4958 indicem
2559 4914 2783 4972 operum
2825 4900 3012 4972 prima:
3058 4898 3227 4970 partis
3256 4905 3555 4969 sequuntur

254 5025 314 5067 se
344 5018 465 5081 quae
513 5009 824 5066 corectione
866 5007 1188 5077 indigerent.
1240 5004 1534 5061 Nonnullas
1578 5003 1856 5073 scripturae
1960 4999 2145 5056 Grialii
2167 4996 2459 5061 dedicatio,
2487 5005 2542 5050 et
2562 4994 2803 5067 praefatio
2824 4994 2893 5050 ad
2918 4994 3175 5051 lectorem
3209 5008 3384 5065 :quas
3410 5009 3554 5050 nunc

256 5101 551 5157 varietates
578 5101 827 5170 margini,
856 5100 934 5155 uti
963 5100 1127 5154 etiam
1159 5099 1355 5154 breves
1398 5096 1656 5167 quasdam
1701 5104 1863 5151 notas
1960 5091 2113 5145 sisto.

256 5192 533 5249 interdum
615 5191 850 5262 adjecit,
928 5192 1224 5264 prmsertim
1278 5190 1332 5244 in
1394 5188 1856 5262 Etymologiarum

259 5293 424 5355 op’cre
450 5297 519 5339 ex
540 5282 785 5338 Vulcanii
812 5279 1065 5337 editione.
1094 5280 1251 5337 Initio
1280 5279 1584 5350 catalogum
1628 5277 1856 5347 scripto-

258 5394 405 5444 rum,
430 5377 628 5446 quibus
656 5375 890 5437 Isidorus
915 5377 969 5431 in
1026 5375 1178 5432 libris
1228 5372 1683 5444 Etymologiarum
1730 5386 1859 5427 usus

260 5466 731 5537 est,apposnit:in
753 5465 857 5519 line
872 5479 999 5520 vero
1010 5466 1146 5520 duos
1163 5463 1389 5531 indices,
1406 5462 1633 5517 alterum
1654 5474 1856 5526 rerum,

262 5558 494 5613 alterum
514 5557 756 5613 locorum
778 5572 943 5612 sacrm
954 5556 1263 5628 Scriptum.
1288 5552 1683 5610 Advertendum
1706 5552 1860 5608 deni-

2037 5182 2217 5257 (Hanc
2235 5183 2595 5255 praefationem
2613 5197 2729 5237 cum
2752 5182 3078 5240 dedicatione
3106 5183 3272 5255 legere
3300 5189 3377 5237 est
3400 5182 3551 5237 initio

1967 5279 2087 5332 torni
2116 5277 2413 5349 sequentis.)

2036 5370 2195 5440 273
2226 5368 2312 5422 51.
2344 5367 2595 5423 Nonnulli
2636 5366 2769 5422 falso
2816 5376 3063 5422 asserunt
3105 5365 3395 5421 editionem
3427 5360 3553 5415 Phi-

1966 5462 2110 5532 lippo
2124 5461 2165 5515 ll
2181 5477 2210 5515 a
2224 5460 2425 5515 Grialio
2440 5460 2604 5515 fuisse
2631 5460 2957 5528 dedicatam,
2972 5475 3037 5515 ex
3061 5473 3127 5513 eo
3141 5458 3395 5527 deceptos
3407 5454 3551 5525 quod

1956 5554 2594 5628 jussuPhilippillcmpta
2612 5553 2766 5610 fueri.
2798 5553 2981 5625 Neque
3012 5553 3077 5606 de
3104 5550 3221 5605 aliis
3241 5549 3292 5603 id
3315 5548 3506 5603 mirum
3532 5565 3545 5601 :

264 5664 370 5721 quo
392 5660 478 5708 est
519 5662 767 5719 magnam
794 5664 915 5706 esse
940 5650 996 5706 in
1015 5648 1329 5720 paginarum
1376 5645 1615 5701 numeris
1643 5652 1861 5715 pertur-
1960 5648 2053 5705 sed
2077 5649 2131 5701 in
2153 5645 2507 5717 Bodriguezio
2535 5646 2600 5700 de
2612 5646 2799 5701 Castro
2818 5644 3085 5697 notandus
3100 5642 3143 5696 is
3156 5656 3309 5694 error
3335 5648 3433 5701 est,
3455 5639 3551 5709 qui

264 5741 561 5809 bationem,
584 5740 871 5811 aliquando
892 5740 1057 5797 etiam
1081 5740 1136 5796 in
1158 5738 1401 5796 numeris
1423 5736 1680 5809 capitum.

1963 5729 2131 5797 fetam
2169 5738 2461 5794 editionem
2485 5747 2615 5793 tom.
2645 5735 2689 5791 ll
2716 5736 2970 5790 Bibliotb.
2995 5733 3242 5804 Hispan.,
3272 5745 3391 5803 pag.
3422 5728 3547 5796 298,

1959 5834 2091 5890 satis
2116 5833 2353 5902 alioquin
2380 5832 2662 5901 diligenter
2686 5829 2988 5899 descripsit.
3040 5825 3197 5893 Quod
3239 5826 3293 5882 in
3320 5825 3548 5898 epistola
