4070 6362
226 350 328 407 217

1210 343 1886 404 ISIDORIANA.-—PARS
1925 346 1964 403 1.
2004 348 2157 405 CAP.
2199 347 2460 407 XXXVII.

3385 351 3494 409 218

225 467 387 522 fuisti.
416 464 569 532 Quod
596 472 745 520 certe
771 461 959 529 majori
1005 463 1099 518 tibi
1138 463 1280 533 cedit
1332 461 1521 533 honori
1562 474 1722 533 quam
1755 460 1800 514 si
1835 480 1870 531 Α
1902 463 2079 517 steriis
2106 462 2428 533 praefectam.
2454 461 2635 519 Cresar
2683 463 2947 519 Baronius
2984 462 3299 526 cardinalis.
3339 473 3492 522 tomo

223 554 438 610 presens
481 535 797 610 exstitisses.
846 533 1120 602 Quispiam
1174 532 1317 610 enim
1362 532 1802 610 malevolus,__ex

223 602 318 665 suo
347 615 595 664 contorto
622 623 720 662 nec
742 606 898 675 justas
923 619 1189 661 mensura:
1218 604 1361 675 pede
1381 603 1646 674 potuisset
1667 602 1803 657 alios

224 680 420 747 metiri,
445 687 500 733 et
520 678 699 733 dicere
724 674 817 731 aut
837 678 1119 745 praesentia
1140 674 1478 747 perterritos,
1502 683 1597 729 aut
1618 687 1797 747 prece,

222 752 301 805 vel
335 744 507 819 pretio
539 749 593 804 in
638 748 740 804 hac
767 744 921 819 parte
976 744 1282 819 corruptos,
1326 744 1564 819 lapillum
1594 744 1831 819 album,

223 822 295 876 tui
322 815 515 890 gratia,
562 821 615 874 in
659 815 847 873 urnam
876 818 1106 874 misisse.
1138 816 1243 873 Sed
1272 816 1477 890 collega
1500 815 1799 890 tuus,rd_um

220 886 367 963 putat
396 891 611 963 negotia
638 890 893 963 Ecclesiae
919 889 1029 963 c_ito
1057 889 1333 963 terminari
1372 902 1551 963 posse,
1580 886 1662 941 vel
1699 887 1800 941 ho-

218 958 301 1018 ras
327 958 617 1017 succisivas
638 962 702 1015 ad
728 960 1047 1017 studendum
1074 960 1175 1017 sibi
1216 958 1427 1014 abunde
1455 958 1668 1024 datura,
1703 973 1793 1012 ro-

214 1041 365 1102 gatus
417 1047 449 1086 a
518 1030 781 1087 Michaele
826 1032 1029 1086 Sounio
1066 1031 1365 1102 bibliOpola
1413 1029 1791 1102 famosissima,

216 1097 449 1173 suscepit
487 1117 673 1158 curam
702 1102 1022 1157 emendandi
1050 1100 1223 1171 Opera
1247 1097 1424 1157 sancti
1464 1100 1652 1173 Isidori
1695 1097 1791 1152 Hi-

217 1171 469 1243 spaleiisis
491 1174 753 1243 episcopi.
776 1173 929 1241 Quod
950 1174 1232 1229 absolvere
1254 1172 1472 1227 minime
1496 1171 1685 1243 valuit,
1709 1186 1797 1225 re-

214 1241 309 1300 bus
329 1241 586 1300 Ecclesiae
611 1241 811 1310 jupiter
848 1244 1110 1310 intentus,
1145 1252 1201 1300 et
1222 1243 1568 1299 nihilominus
1596 1241 1650 1296 in
1671 1257 1795 1312 sep-

214 1316 393 1370 timum
430 1315 578 1371 diem
606 1314 883 1370 Februarii
912 1315 1189 1386 sequentis
1218 1315 1342 1369 anni
1367 1313 1664 1385 productis.

280 1405 328 1461 5.
360 1405 534 1476 Hujus
572 1417 751 1462 autem
800 1407 1108 1477 bibliopolae
1139 1406 1302 1474 filius,
1351 1422 1568 1471 nomen,
1599 1413 1799 1460 statum

210 1478 609 1549 candoremque
631 1494 841 1533 morum
866 1479 1103 1548 parentis
1127 1481 1386 1543 retinens,
1410 1493 1509 1534 nec
1532 1493 1600 1532 eo
1623 1477 1800 1530 minus

210 1549 330 1605 boni
356 1549 557 1619 publici
582 1550 828 1618 cupidus.
861 1564 949 1604 me
974 1550 1026 1603 iu
1056 1550 1191 1605 cella
1220 1550 1626 1605 delitescentem
1653 1562 1797 1617 saepe

207 1620 513 1675 sollicitavit
534 1629 591 1675 ut
613 1620 759 1690 quod
784 1620 922 1675 alius
946 1635 1040 1689 per
1062 1621 1230 1675 otium
1254 1621 1535 1675 absolvere
1557 1634 1662 1690 non
1696 1634 1796 1690 po:

208 1691 303 1745 tuit
331 1691 478 1760 (licet
508 1688 713 1747 hoc—in
741 1688 1096 1757 frontispicio,
1144 1702 1201 1745 et
1227 1691 1279 1747 in
1302 1690 1531 1760 epistola
1560 1688 1794 1743 liminari

207 1762 269 1815 ad
291 1763 614 1817 avunculum
641 1778 819 1828 suum,
846 1760 1332 1819 Cmnomanensem
1373 1762 1633 1817 decanum
1664 1775 1792 1829 pro-

1905 540 2135 604 septimo
2149 534 2568 597 Aunalium,sub
2593 551 2736 591 anno
2749 534 2943 590 Christi
2974 534 3100 599 569,
3127 535 3278 590 addit
3303 534 3489 592 Theo-

1906 604 2132 678 dosiam,
2181 606 2468 678 Leuvigilrlj
2506 607 2661 678 (alias
2693 606 3007 676 Leovigildi)
3053 609 3193 675 regis
3235 621 3489 678 uxorem.

1977 677 2028 731 7.
2054 675 2385 733 Breviarium
2414 675 2729 745 Hispaleuse
2760 675 2911 746 ponit
2954 678 3173 746 insuper
3220 676 3488 746 Justinam

1904 747 2249 813 abbatissam,
2279 757 2334 803 et
2373 744 2641 805 Braulium
2693 744 2807 803 sive
2836 744 3179 803 Braulionem
3208 744 3492 803 Caesarau-

1903 827 2187 888 gustanum
2216 820 2552 890 episcopum.
2571 819 2678 875 Sed
2705 818 3100 876 Joan.Vas:eus
3128 821 3179 874 in
3209 816 3487 873 Chronico

1904 891 2002 960 sub
2031 905 2174 945 anno
2195 890 2406 946 Domini
2439 890 2539 946 567
2570 892 2709 946 hanc
2738 891 2981 945 eamdem
3011 899 3165 960 putat
3212 904 3333 960 esse
3364 905 3488 944 cum

1903 959 2174 1015 Florentia
2210 979 2222 1013 :
2256 963 2399 1018 hunc
2445 978 2576 1017 vero
2643 972 2801 1027 negat
2846 959 3173 1029 reliquorum
3244 959 3488 1013 fratrem.

1902 1030 2165 1087 Defuncto
2197 1030 2441 1089 Leandro
2480 1032 2568 1090 die
2596 1032 2666 1086 27
2712 1031 2987 1087 Februarii
3020 1032 3145 1085 anui
3172 1030 3275 1085 605
3306 1032 3387 1099 (ut
3434 1030 3490 1084 in

1904 1101 2287 1173 Martyrologio
2308 1102 2555 1159 Romano
2578 1103 2783 1159 notavit
2810 1103 2947 1157 idem
2977 1102 3284 1173 Baronius),
3319 1100 3371 1154 in
3396 1114 3488 1153 ar—
3532 1128 3556 1143 α

1905 1171 2306 1245 chiepiscupum
2346 1173 2713 1244 Hispalensem
2737 1174 2941 1245 electus
2961 1181 3043 1228 est
3094 1171 3343 1234 Isidorus,
3378 1187 3489 1245 non

1905 1241 2142 1299 fraterno
2171 1241 2530 1301 successionis
2550 1245 2671 1313 jure
2699 1243 2953 1299 suffectus
2981 1248 3132 1300 more
3159 1258 3367 1313 corum,
3391 1241 3489 1310 qui

1904 1315 2128 1371 dicunt:
2158 1314 2483 1370 Haereditate
2529 1311 2902 1386 possideamus
2949 1313 3322 1386 sanctuarium
3353 1311 3486 1386 Dei;

1905 1401 2005 1442 nec
2035 1396 2285 1441 verentur
2308 1386 2441 1455 regii
2496 1383 2634 1441 vatis
2662 1386 3076 1455 imprecationes
3110 1400 3181 1455 eo
3226 1383 3326 1438 loci
3355 1383 3489 1455 sub-

1902 1465 2207 1525 sequmites.
2259 1452 2411 1512 Hanc
2456 1468 2635 1511 autem
2685 1452 3004 1511 electionem
3046 1454 3387 1511 conﬁrmavit
3425 1452 3489 1510 S.

1900 1526 2191 1600 Gregorius
2212 1544 2369 1600 papa.
2401 1529 2560 1600 eique
2598 1526 2817 1600 pallium
2868 1527 3113 1600 dignitati
3164 1539 3490 1600 congruens,

1901 1595 2031 1652 imo'
2062 1595 2424 1654 necessarium
2473 1595 2543 1653 ad
2590 1595 2707 1666 ejus
2749 1597 3178 1661 exsecutionem,
3212 1595 3357 1649 misit
3388 1613 3401 1648 :
3433 1602 3493 1649 ut

1901 1669 2060 1725 habet
2082 1669 2315 1725 officium
2342 1668 2459 1738 ejus
2498 1669 2803 1738 peculiare,
2855 1669 3000 1738 inter
3040 1669 3315 1738 proprium
3365 1682 3491 1721 san-

1898 1748 2108 1813 ctorum
2128 1736 2512 1813 Hispanorum,
2532 1755 2673 1813 anno
2687 1738 2896 1794 Domini
2910 1736 3047 1791 1597
3066 1736 3490 1813 Caesaraugusta:

206 1831 398 1900 mittat)
429 1804 1694 1903 iiiéé'ZoiiéuEhi‘éi'éiﬁ711.755;'beiiiiweme,’
1718 1830 1792 1885 vi-
1825 1804 1871 1865 Β
1897 1810 2377 1903 ἓῃιξςςξδλιξξξτςμῐῗξὲι
2406 1811 3163 1903 {(9)1i9p_i§f=qt3tyg9959335
3180 1806 3288 1903 *‘fﬁ
3291 1893 3305 1903 ‘
3317 1808 3487 1903 3‘11!“

205 1918 392 1974 resque
416 1918 542 1958 cum
565 1905 750 1968 animi,
786 1914 899 1959 tum
916 1905 1184 1974 corporis,
1206 1920 1303 1974 per
1317 1904 1543 1974 senilem
1571 1910 1790 1974 aetatem

204 1970 512 2030 fatiSccntes
542 1984 901 2041 sustentante,
946 1970 1177 2043 perfeci,
1197 1970 1408 2030 collatis
1429 1973 1612 2028 multis
1632 1970 1793 2043 Cedis

202 2044 347 2115 cibus
392 2044 784 2115 cbirograpbis,
834 2055 889 2099 et
917 2042 1253 2115 potissimum
1292 2061 1403 2100 uno
1443 2061 1494 2098 v.
1536 2043 1606 2098 cl.
1626 2042 1789 2115 _Pau_li

203 2112 425 2180 Petavii,
457 2112 682 2173 senatus
711 2112 1030 2172 Parisiensis
1053 2116 1347 2172 consiliarii
1378 2133 1391 2168 :
1422 2116 1593 2170 altero
1622 2112 1752 2181 Papi
1772 2143 1785 2153 -

200 2184 263 2239 rii
316 2185 592 2247 Massonii.
640 2190 692 2241 in
739 2188 931 2242 eodem
977 2195 1171 2243 senatu
1215 2186 1486 2251 advocati,
1518 2200 1583 2239 ex
1627 2185 1787 2239 editis

203 2253 348 2330 libris
370 2258 660 2330 notissimi,
685 2268 739 2312 et
760 2258 921 2330 tertio
938 2257 1037 2312 viri
1054 2259 1208 2330 probi
1228 2256 1532 2330 Sebastiani
1548 2255 1780 2330 Nivellii,

200 2328 435 2381 omnium
486 2328 824 2383 librariorum
855 2324 1072 2395 decani;
1106 2345 1201 2385 seu
1249 2328 1589 2396 antiquioris.
1636 2324 1781 2380 Libri

198 2406 373 2451 autem
425 2397 533 2452 duo
581 2398 649 2453 de
701 2397 903 2454 Ofﬁciis
931 2400 1309 2455 ecclesiasticis
1334 2401 1469 2453 adeo
1518 2397 1781 2460 corrupti,

198 2469 402 2522 mendis
432 2478 491 2523 et
515 2470 720 2525 lacunis
765 2470 944 2525 referti
974 2479 1151 2534 erant,
1190 2478 1251 2525 ut
1278 2469 1413 2527 nihil.
1436 2482 1617 2534 supra.
1675 2468 1782 2521 Sed

198 2536 292 2589 hos
321 2554 387 2592 ex
410 2541 585 2594 veteri
611 2541 808 2596 Codice
837 2557 937 2595 ms.
968 2550 1165 2595 nostra:
1195 2541 1562 2599 bibliotheca}.
1592 2547 1647 2591 et
1674 2538 1782 2593 alio

192 2604 447 2688 Cplomm,
478 2610 867 2688 _anuo_Christi
912 2609 1072 2688 {5633.
1104 2613 1245 2688 apud
1272 2610 1600 2688 Gervuinum
1629 2607 1786 2663 Cale—

190 2681 359 2751 nium,
392 2690 448 2735 et
474 2681 717 2736 hteredes
758 2682 978 2736 Joannis
1002 2682 1235 2747 Queutel
1286 2682 1571 2751 impresso,
1598 2693 1783 2751 emen-

188 2749 458 2822 davimus,
488 2764 549 2822 et
575 2754 751 2822 capita
790 2755 997 2819 integra
1026 2767 1150 2821 quae
1200 2749 1438 2822 deerant,
1454 2749 1777 2822 addidimus.

184 2816 285 2887 Qui
318 2836 451 2875 vero
494 2819 621 2876 libri
643 2816 833 2877 nostro
872 2816 1061 2876 labore
1100 2820 1389 2891 conquisiti
1428 2821 1481 2874 in
1520 2821 1621 2891 hac
1659 2818 1784 2891 Edi-

181 2891 331 2963 t_ione
378 2891 449 2945 de
495 2906 663 2959 novo,
712 2891 1005 2963 prodeant,
1045 2889 1473 2963 index'operum
1502 2889 1777 2963 indicabit.

177 2959 455 3032 Locorum
514 2959 738 3032 insuper
768 2977 937 3017 sacra:
983 2959 1355 3031 Scriptum'in
1389 2970 1536 3015 textu
1581 2960 1782 3028 produ-

179 3041 400 3103 ctorum
432 3031 603 3103 libros
632 3031 687 3089 et
715 3037 892 3103 capita
918 3033 984 3087 ad
1015 3034 1309 3103 marginem
1335 3032 1642 3103 notavimus
1676 3049 1689 3084 :
1720 3040 1780 3086 ut

180 3101 248 3172 ad
277 3103 428 3171 ipsos
455 3100 653 3169 fontes,
685 3100 839 3172 quasi
865 3102 1029 3171 digito
1052 3100 1351 3159 monstrato
1380 3102 1590 3162 itinere.
1616 3102 1777 3156 sedu-

182 3171 263 3228 lus
290 3175 466 3245 lector
486 3171 750 3245 recurrat,
769 3174 1076 3245 videatque,
1109 3190 1237 3229 num
1259 3173 1400 3245 quod
1422 3174 1637 3245 quierit,
1654 3187 1778 3229 con-

185 3243 411 3298 tractius
426 3258 591 3311 quam
607 3243 834 3315 decebat
862 3242 1029 3315 (unde
1059 3254 1185 3299 nata
1216 3242 1287 3299 sit
1307 3242 1653 3315 obscuritas),
1681 3253 1775 3315 aut

186 3328 472 3381 perperam
506 3315 727 3368 citatum
758 3314 938 3370 fuerit.
988 3314 1087 3383 Qui
1118 3316 1271 3371 labor
1324 3314 1615 3383 nunquam
1640 3314 1777 3369 tanti

188 3385 541 3439 :cstimabitur
566 3386 755 3453 quanti
786 3386 915 3440 mihi
946 3388 1187 3443 constitit
1212 3403 1227 3451 ;
1252 3402 1351 3442 nec
1380 3387 1511 3441 mihi
1542 3394 1772 3450 tantum,

189 3454 277 3509 sed
298 3463 352 3507 et
376 3471 499 3529 meo
522 3457 679 3527 277
701 3455 847 3510 fratri
866 3457 1184 3529 hieronymo
1208 3455 1451 3529 LeJuge,
1477 3458 1776 3529 baculo_se-

193 3526 419 3597 pectutis
445 3541 602 3595 meas,
633 3526 793 3595 Quem
816 3529 868 3581 in
900 3526 1230 3597 adjutorium
1257 3527 1609 3582 adsciveram.
1639 3526 1773 3581 Nam

193 3594 241 3669 in
267 3596 588 3669 quibusdam
640 3594 771 3652 locis
822 3594 1013 3653 auctor
1035 3614 1142 3655 non
1171 3599 1399 3669 vulgari,
1430 3598 1524 3653 sed
1551 3596 1779 3669 Septua-

195 3666 329 3738 ginta
347 3667 709 3737 lnterpretum
726 3670 1079 3738 translatione
1101 3666 1306 3724 utitur':
1331 3681 1563 3738 utrmque
1576 3666 1772 3723 frustra

195 3737 255 3790 ad
283 3740 698 3793 concordantias
726 3737 1020 3794 Bibliorum
1043 3741 1413 3797 reeiirrissem.

254 3828 303 3884 6.
330 3830 445 3885 Jam
473 3840 688 3894 tempus
710 3840 793 3885 est
815 3832 1130 3900 utdeipsius
1153 3832 1211 3886 S.
1234 3831 1424 3886 lsidori
1442 3831 1773 3901 parentibus,

193 3909 326 3971 ortu,
353 3903 647 3958 sanctitate
705 3902 851 3971 vitm,
878 3902 1181 3958 eruditione
1221 3910 1276 3955 et
1303 3900 1502 3967 obitus,
1531 3916 1664 3971 qua:
1708 3900 1776 3953 ab

193 3969 448 4042 historicis
476 3969 842 4042 Hispanorum
870 3974 1174 4033 didicimus,
1199 3970 1433 4042 breviter
1460 3969 1774 4042 referamus.

194 4038 373 4114 Baetica
402 4038 681 4114 Hispania:
706 4043 880 4111 regio,
909 4052 1099 4113 postea
1126 4046 1195 4098 ab
1226 4041 1500 4097 Wandalis
1538 4039 1777 4114 Wandaf

193 4110 322 4185 licia,
347 4124 402 4171 et
448 4110 599 4170 nunc
636 4110 929 4185 Anileluzia
969 4114 1146 4185 (cujus
1198 4114 1431 4185 maxima
1472 4111 1649 4183 portio
1673 4110 1776 4182 est)

193 4181 340 4251 dicta,
371 4186 652 4241 civitatem
704 4181 987 4254 Hispalim,
1016 4181 1177 4240 hedie
1212 4181 1777 4252 Sevillantnunbupa-

194 4261 325 4325 tam.
388 4265 556 4313 tantae
614 4256 981 4321 amoenitatis,
1038 4254 1490 4325 pulchritudinis,
1539 4262 1599 4325 et
1644 4268 1779 4325 opu-

194 4321 355 4394 lentia:
398 4327 592 4393 habet,
624 4334 680 4379 ιιι
719 4335 875 4383 vetus
912 4321 1254 4394 proverbium
1294 4324 1478 4390 fuerit,
1528 4322 1775 4379 Homini-

195 4392 283 4450 bus
326 4412 459 4467 quos
498 4392 647 4451 Deus
693 4407 865 4459 amat,
903 4392 1108 4466 Hispali
1134 4396 1352 4451 domum
1372 4394 1595 4464 largitur
1615 4404 1682 4467 et
1699 4395 1773 4448 vi-

196 4465 357 4539 cturm.
401 4469 756 4539 Spalisuuero
815 4476 868 4521 et
925 4465 1234 4539 Spalensis,
1273 4480 1559 4539 suppressa
1605 4465 1777 4539 prima

1896 1883 2393 1953 metropolitanum,
2412 1883 2694 1953 primatem
2719 1882 3166 1953 etepiscoporum
3190 1893 3488 1953 summum,

1898 1946 2193 2008 Rodericus
2205 1946 2512 2016 Toletaiius,
2534 1950 2785 2007 Allonsus
2798 1946 2836 2004 a'
2852 1950 3215 2019 Carthagcna,
3238 1946 3486 2019 Vasaeus,

1895 2032 1951 2077 et
1976 2024 2199 2079 Braulio
2231 2039 2357 2078 eum
2400 2022 2565 2078 fuisse
2596 2020 2940 2077 confitentur.
2970 2018 3177 2088 Quibus
3224 2018 3487 2087 astipula-

1895 2100 1982 2147 tur
2010 2094 2271 2149 Baronius
2296 2096 2366 2148 ita
2393 2094 2577 2150 dicens
2610 2111 2622 2146 :
2656 2092 2882 2147 Diversis
2926 2093 3073 2165 {uls_it
3114 2092 3487 2165 miraculorum

1889 2165 2071 2235 signis,
2104 2166 2354 2232 primaria
2385 2165 2637 2235 dignitate
2678 2166 2889 2234 ﬂorens,
2922 2160 2970 2218 et
3001 2163 3402 2235 Ijomanipapar
3428 2160 3485 2213 in

1894 2230 2153 2306 Hispania
2188 2238 2319 2308 vices
2350 2230 2553 2308 gerens.
2590 2230 2763 2308 Lucas
2799 2243 2978 2289 autem
3008 2233 3267 2308 Tudensis
3290 2230 3487 2308 talibus

1891 2303 2013 2360 eum
2043 2306 2254 2361 extollit
2283 2303 2545 2361 encomiis
2578 2323 2590 2358 :
2632 2303 2921 2360 Decoratus
2950 2306 3149 2360 exstitit
3178 2303 3484 2368 sanctitate,

1888 2378 2074 2446 spiritu
2102 2377 2389 2448 prophetia
2410 2376 2606 2448 clarus,
2635 2378 2689 2429 in
2712 2376 3049 2447 eleemosynis
3078 2374 3279 2448 largus,
3308 2372 3488 2439 hospi-

1891 2444 2435 2518 talitate'prazcipuus,
2482 2447 2638 2501 corde
2682 2462 2913 2511 serenus,
2936 2444 2998 2499 in
3018 2444 3274 2518 sententia
3304 2457 3483 2518 uerax,

1889 2519 1943 2573 in
1983 2512 2184 2590 judicio
2208 2512 2488 2589 justus,'in
2526 2517 3281 2590 prwdicatione7278l¢rtus,
3316 2513 3375 2590 in
3403 2512 3485 2590 (u_-

1889 2582 2100 2643 crandis
2128 2582 2236 2644 Deo
2265 2582 2534 2644 animabus
2563 2588 2845 2653 studiosus,
2896 2582 2975 2640 in—
2987 2582 3308 2653 Expositione
3338 2582 3488 2637 Scri-

1890 2670 2158 2728 pturarum
2190 2670 2394 2726 cautus,
2421 2661 2473 2713 in
2498 2659 2716 2713 consilio
2738 2658 3004 2729 providus,
3028 2661 3084 2711 in
3107 2665 3224 2709 actu
3248 2653 3482 2729 humilis,

1888 2727 1944 2782 in
1971 2747 2149 2784 mensa
2171 2730 2465 2795 sobrins,lin
2488 2732 2723 2784 oratione
2740 2727 2978 2790 denatus,
2998 2730 3264 2782 honestate
3282 2727 3478 2795 clarus,

1886 2816 2087 2868 semper
2149 2819 2242 2871 pro
2297 2794 2650 2871 Ecclesiwet
2703 2802 2933 2853 veritatis
3000 2798 3300 2871 defensiolie
3350 2794 3483 2848 mori

1884 2866 2228 2939 paratus,'et
2269 2872 2323 2923 in
2371 2872 2511 2923 omni
2567 2868 2795 2923 bonitate
2835 2866 3161 2938 conspicuus.
3219 2866 3486 2939 Praeterea

1892 2934 2049 2995 Pater
2077 2934 2174 3011 fuit
2204 2941 2530 3005 clericorum,
2564 2940 2743 3011 doctor
2770 2949 2818 2993 et
2857 2934 3174 3011 sustentator
3197 2934 3483 2991 monacho-

1882 3028 1999 3064 rum
2047 3010 2108 3065 ιιι)
2146 3012 2478 3073 monialium,
2534 3010 2832 3064 consolator
2862 3010 3207 3074 maerentium,
3252 3018 3482 3060 tutamen

1881 3082 2195 3151 pupillorum
2221 3099 2282 3136 ac
2308 3082 2597 3144 viduarum,
2618 3082 2827 3137 attritor
2846 3080 3181 3153 superborum
3200 3119 3215 3145 ,
3245 3092 3483 3147 persecu-

1881 3161 1964 3207 tor
1989 3161 2038 3206 et
2069 3154 2289 3207 malleus
2319 3153 2700 3207 Iuereticorum.

1804 3207 1849 3270 C
1954 3221 2009 3277 8.
2060 3223 2215 3291 Quod
2264 3231 2598 3291 postremum
2657 3236 2847 3288 magna
2903 3220 3097 3277 fiducia
3145 3222 3212 3276 ab
3257 3221 3481 3291 ineunte

1878 3301 2041 3365 astante
2087 3289 2363 3365 praestitit.
2408 3293 2541 3348 Nam
2591 3295 2677 3363 (ut
2720 3304 2811 3365 est
2863 3292 2916 3365 in
2984 3292 3311 3365 lectionibus
3345 3289 3481 3365 festi

1878 3363 2043 3435 illius)
2078 3363 2254 3419 adhuc
2304 3364 2662 3435 adolescens,
2719 3363 2964 3419 hmresim
3018 3364 3274 3435 Arianam
3335 3363 3478 3430 (qua:

1877 3433 2093 3501 gentem
2122 3435 2424 3490 Gothorum
2476 3433 2748 3504 Hispaniae
2792 3435 3053 3489 latissime
3101 3433 3477 3504 dominantem

1877 3506 2093 3575 penitus
2134 3506 2457 3576 jampridem
2489 3502 2783 3576 invaserat)
2806 3515 2917 3576 tam
2948 3513 3267 3576 constanter
3298 3502 3475 3572 palam

1878 3574 2157 3645 arguebat,
2192 3574 2264 3630 uti
2290 3591 2481 3646 parum
2506 3574 2738 3646 abfuerit
2761 3574 2888 3645 quin
2921 3576 2988 3630 ab
3013 3574 3226 3646 Arianis
3246 3588 3477 3629 necare-

1878 3644 1985 3701 tur.
2017 3646 2126 3700 Sed
2155 3644 2462 3702 admonitus
2489 3661 2520 3699 a
2549 3644 2818 3708 Leandre,
2875 3647 3019 3702 hunc
3045 3644 3149 3700 sibi
3192 3658 3477 3701 successo-

1880 3730 1995 3787 rem
2048 3719 2164 3771 fore
2216 3718 2597 3787 przesagiente.
2654 3716 3081 3787 indignationem
3129 3714 3474 3787 temperavit.

1879 3784 2077 3855 Contra
2122 3783 2237 3852 eos,
2283 3788 2370 3841 vel
2394 3783 2634 3855 'quosvis
2685 3786 2822 3841 alios
2874 3787 3180 3850 haereticos,
3229 3783 3367 3840 teste
3411 3783 3472 3855 S.

1879 3854 2189 3928 Draulione,
2212 3854 2622 3928 archiepiscopo
2645 3855 2911 3928 Toletano
2933 3854 3475 3928 (Ciesaraugustana),

1881 3924 2073 3995 librum
2102 3928 2319 3994 scripsit
2338 3924 2429 3995 qui
2453 3924 2613 3980 hodie
2634 3926 2990 3995 desideratur.
3010 3926 3151 3991 Quin
3173 3924 3336 3981 etiam
3363 3941 3474 3981 aera

1881 3993 2010 4062 66l,
2067 3995 2119 4049 id
2157 3993 2242 4050 est
2270 3993 2413 4051 anno
2439 3994 2651 4065 Domini
2680 3994 2807 4062 625,
2847 3995 2997 4065 regni
3025 4004 3208 4050 autem
3237 3995 3473 4049 Sisebuti

1881 4065 2021 4137 regis
2046 4065 2297 4133 septimo,
2330 4065 2473 4137 apud
2508 4063 2791 4137 Hispalim,
2824 4065 2877 4137 in
2915 4063 3467 4137 secretariosancta:

1885 4133 2219 4192 Hierusalem
2246 4133 2534 4192 concilium
2592 4133 2886 4191 celebravit
2934 4136 3193 4190 adversus
3224 4134 3476 4203 Acepba-

1883 4206 1983 4270 los,
2015 4206 2303 4262 haereticos
2339 4206 2569 4273 scilicet,
2597 4222 2825 4277 quorum
2854 4208 3059 4276 primus
3100 4216 3292 4262 auctor
3321 4206 3474 4275 igno-

1883 4284 2033 4349 ratur
2061 4295 2096 4349 κε
2148 4288 2202 4332 et
2238 4277 2447 4349 ‘Cyrum
2504 4276 2792 4347 quemdam
2849 4278 3195 4348 episcopum,
3243 4278 3473 4333 istorum

1884 4347 2128 4403 heresim
2158 4346 2557 4419 defendentem,
2591 4363 2687 4419 per
2727 4346 2974 4405 veredica
3004 4346 3289 4405 doctorum
3321 4350 3474 4402 testi-

1883 4420 2063 4489 monia
2086 4418 2403 4475 confutavit.
2433 4418 2633 4489 Sicque
2663 4434 2760 4489 per
2782 4435 2906 4475 eum
2936 4421 3115 4474 ﬂoruit
3142 4419 3284 4473 alma
3316 4418 3466 4473 fides.

1882 4487 2055 4555 Quam
2108 4489 2225 4559 ejus
2262 4487 2562 4547 successor
2593 4487 2754 4559 longe
2800 4490 3073 4545 dissimilis
3121 4503 3471 4559 corrumpere

195 4536 403 4623 syllaba,
432 4536 550 4623 pro
583 4537 822 4623 Hispalis
874 4538 1316 4623 et‘fiispalensis,
1354 4536 1776 4623 ittvetustisimis

1886 4536 2030 4613 t'iisus
2060 4536 2162 4623 est:
2215 4568 2273 4613 ut
2302 4560 2384 4615 his
2408 4536 2588 4616 verbis
2613 4536 2853 4614 declarat
2878 4559 3173 4614 Tudensis:
3206 4536 3472 4612 Succ'essit

198 4619 309 4677 mss.
335 4606 651 4677 Codicibus,
686 4606 859 4677 atque
901 4610 1063 4663 etiam
1096 4613 1147 4661 in
1201 4608 1320 4663 aliis
1352 4606 1625 4676 impressis
1643 4622 1771 4675 pas-

200 4676 292 4748 sim
329 4680 542 4745 legitur.
582 4676 672 4736 Sic
720 4676 892 4734 Graeci
951 4678 1261 4748 HiSpaniam
1304 4678 1562 4747 Spaniam
1585 4683 1771 4747 appel-

198 4746 316 4804 lant.
377 4750 524 4817 Quos
606 4749 1021 4812 Childebertus,
1050 4746 1059 4748 ⁷
1085 4746 1355 4805 secundus
1437 4746 1770 4804 Francorum

196 4832 278 4873 res
303 4818 665 4889 Christianus,
698 4822 751 4875 in
789 4836 887 4876 suo
916 4819 1248 4875 fuudationis
1287 4828 1485 4889 nostrae
1537 4819 1771 4874 basilica:

230 4888 698 4960 ragmatico.-ante
744 4890 892 4946 mille
938 4905 1111 4960 annos
1152 4890 1321 4955 edito,
1370 4888 1611 4960 imitatus
1663 4898 1766 4945 est.

239 4958 316 5032 am
342 4963 407 5017 de
433 4963 492 5020 S.
515 4960 806 5018 Vincentio
834 4973 1069 5032 martyre
1098 4959 1419 5032 loquerisait
1437 4958 1647 5032 {Cujus
1668 4975 1770 5016 nos

199 5031 434 5103 reliquias
457 5035 524 5089 de
578 5032 780 5103 Spania
817 5029 1426 5103 apportavimus._lgitur
1445 5031 1508 5103 S.
1533 5029 1769 5103 lsidorus

199 5095 387 5173 Hispali
410 5114 573 5161 natus
602 5095 706 5169 est,
730 5095 1215 5173 patre'Severiano,
1242 5095 1565 5173 Theodo_rici
1590 5101 1771 5173 Ostro-

200 5172 467 5243 gothorum
496 5184 551 5229 et
578 5170 744 5228 Italiai
771 5174 911 5243 regis
943 5172 1073 5237 filio,
1098 5180 1267 5227 matre
1294 5186 1426 5227 vero
1455 5170 1764 5243 Theodora,

202 5240 383 5313 inclyto
406 5243 708 5300 Gothorum
724 5240 911 5312 regum
926 5244 1187 5312 sanguine
1201 5250 1483 5313 prognata.
1514 5241 1769 5312 Idemque

201 5309 260 5364 de
284 5309 346 5366 eo
372 5315 515 5393 quod
542 5315 610 5393 de
647 5313 704 5393 S_.
734 5309 1019 5393 Ambrosio
1036 5309 1228 5393 legitur
1259 5309 1513 5393 :__scilicet
1540 5309 1765 5393 examen

202 5394 349 5457 apum
374 5385 473 5457 ipsi
494 5384 685 5440 infanti
714 5384 889 5457 visum
918 5385 973 5440 in
1012 5401 1075 5457 os
1100 5383 1328 5457 ingredi,
1355 5392 1411 5439 et
1453 5383 1634 5457 egredi
1655 5422 1671 5445 ,
1701 5399 1767 5457 ac

203 5454 251 5504 tu
294 5454 483 5509 cmlum
520 5470 695 5525 usque
736 5456 972 5521 evolare,
1026 5456 1217 5510 futura:
1269 5454 1409 5525 ejus,
1440 5455 1766 5524 eloquentia:

204 5526 525 5598 pnesagium.
551 5524 682 5593 Quae
703 5534 890 5598 postea
922 5536 1067 5598 tanta
1090 5525 1210 5586 fuit,
1236 5534 1293 5598 u_t
1312 5524 1588 5598 auditores
1623 5540 1768 5595 smpe

204 5595 250 5672 u_t
268 5601 542 5672 stuporem
572 5595 824 5672 verteret.
844 5595 1039 5653 Habuit
1054 5596 1314 5672 fratresS.
1346 5595 1645 5672 Leandrum
1674 5612 1755 5651 ar-

205 5662 586 5738 chiepiscopum
601 5666 997 5738 Hispalensem,
1027 5676 1082 5723 et
1102 5668 1161 5723 ὃ.
1185 5666 1542 5738 Fulgentium,
1558 5667 1767 5737 episco-

208 5743 319 5794 pum
340 5736 567 5804 primum
581 5736 957 5806 Astigitanum.
979 5739 1175 5794 deinde
1194 5736 1694 5805 Carthagineusem,
1713 5747 1771 5794 et

207 5810 435 5863 latorem
472 5806 847 5878 Florentiam,
900 5817 1208 5873 sanctarum
1264 5808 1529 5885 virginum
1575 5824 1766 5866 mona-

1879 4629 2096 4699 (inquit)
2121 4630 2416 4686 beatissimo
2457 4629 2664 4683 Isidoro
2697 4628 3034 4694 Theodiscus,
3072 4630 3277 4683 natione
3313 4627 3467 4681 Cra:-

1875 4716 1985 4763 cus,
2030 4702 2279 4755 varietate
2328 4702 2621 4772 linguarum
2679 4702 2881 4772 doctus,
2929 4702 3157 4772 exterius
3207 4699 3468 4772 locutione

1874 4772 2091 4835 nitidus,
2139 4772 2305 4826 serius
2349 4767 2517 4825 autem
2571 4771 2649 4827 (ut
2692 4771 2861 4825 exitus
2919 4770 3320 4837 demonstravit)
3372 4767 3466 4823 sub

1872 4843 2025 4913 acina
2056 4841 2367 4913 pelle_lupus
2412 4840 2796 4913 ueracissimus.
2840 4838 2985 4913 Nam
3029 4840 3186 4896 libros
3214 4840 3466 4913 quosdam

1875 4910 2069 4967 lsidori
2099 4913 2163 4965 de
2184 4910 2238 4964 Ν
2244 4910 2405 4966 alaris
2436 4926 2606 4965 rerum
2626 4919 2673 4963 et
2700 4912 2822 4965 Arte
2847 4912 3126 4979 medicina,
3150 4928 3243 4966 nec
3263 4928 3366 4965 non
3398 4910 3464 4964 de

1872 4982 1997 5036 Arte
2038 4982 2275 5048 notoria,
2304 4980 2582 5051 antequitnt
2624 4980 2678 5034 in
2710 4982 2968 5051 publicum
3013 4984 3261 5047 uenirent,
3295 4997 3463 5036 corru-

1874 5054 1971 5125 pit,
1993 5069 2230 5125 resecans
2258 5070 2379 5107 vera
2417 5062 2465 5125 et
2494 5052 2729 5125 inserens
2769 5056 2909 5123 falsa
2934 5069 2951 5106 :
2981 5064 3133 5125 atque
3160 5071 3250 5123 per
3281 5068 3461 5123 quem-

1874 5124 1995 5176 dam
2024 5123 2267 5185 Arabem,
2297 5124 2502 5179 nomine
2537 5123 2872 5190 Avicennam,
2924 5124 2986 5177 de
3015 5123 3205 5180 Latino
3236 5126 3289 5177 in
3321 5125 3460 5175 Ara-

1873 5192 1983 5247 bem
2032 5195 2319 5267 transtulit.
2377 5194 2641 5267 Erroneus
2690 5212 2887 5267 quoque
2942 5198 2997 5249 in
3055 5197 3288 5267 articulis
3338 5194 3463 5263 ﬁdei

1871 5266 2254 5337 comprobatus,
2301 5282 2393 5337 per
2437 5264 2696 5335 synodum
2733 5264 3161 5337 are/tiepiswpali
3203 5266 3458 5336 dignitate

1871 5335 2185 5405 degradatus
2200 5333 2419 5400 ιιι.οιιὶ
2435 5333 2705 5405 prapterea
2716 5336 2786 5389 ad
2798 5337 2992 5391 Arabes
3008 5333 3235 5401 transiit,
3248 5333 3459 5390 etsecta:

1869 5406 2343 5477 pseudopropliette
2375 5406 2659 5462 Maltometi
2698 5423 2759 5462 eo
2804 5408 2992 5463 saeculo
3016 5409 3182 5462 exorti
3213 5406 3454 5462 adhazsit.

1946 5475 1998 5531 9.
2030 5475 2087 5532 In
2128 5475 2281 5547 cujus
2307 5476 2595 5534 Theodisci
2627 5478 3058 5543 detestationem,
3092 5487 3146 5531 ct
3176 5480 3285 5547 ipsa
3316 5492 3457 5544 quo-

1873 5563 1980 5618 quc
2029 5548 2261 5619 Hispalis
2318 5547 2559 5619 Ecclesia
2600 5548 2741 5619 (qua:
2788 5548 3036 5604 undecim
3091 5547 3459 5619 sulfraganeos

1874 5617 2179 5689 episcopos,
2210 5618 2263 5674 in
2293 5619 2432 5675 libro
2461 5617 2680 5685 Theatri
2729 5619 2875 5675 orbis
2911 5619 3237 5678 nominatos.
3268 5617 3455 5673 hacte-

1876 5706 1977 5761 nus
2015 5690 2300 5761 habuerat)
2328 5690 2606 5760 primatus,
2634 5689 3121 5761 archiprassulatus,
3169 5698 3219 5761 et
3249 5699 3455 5744 metro-

1876 5760 2101 5889 politani
2128 5760 2475 5842 dignitatibus
2501 5761 2729 5825 amissis,
2767 5761 2821 5841 iu
2849 5760 3091 5815 ordinem
3132 5760 3369 5841 redacta,
3398 5766 3457 5840 et

1924 5831 2152 5889 oletanaa
2187 5832 2428 5889 subiecta
2479 5841 2563 5889 cst
2607 5829 2881 5889 Ecclesue.
2925 5828 3057 5889 Qua:
3100 5830 3247 5888 sedis
3289 5830 3455 5889 subb-

1924 5831 2152 5895 olctanm
2187 5828 2428 5904 subjecta
2479 5841 2563 5889 cst
2607 5829 2881 5890 Ecclesiae.
2925 5828 3057 5898 Qua:
3100 5830 3247 5888 sedis
3289 5830 3455 5889 subli-
