4070 6362
217 284 330 361 221

1257 285 1639 346 lSlDORlANA
1676 319 1748 330 —
1787 291 1960 365 rans
2001 294 2039 359 ι.
2079 294 2229 361 CAP.
2273 295 2535 346 xxxv".

3408 297 3512 353 99.").

211 418 415 481 cruce,
442 418 510 459 ex
536 402 742 481 aedibus
763 402 949 461 Sancti
966 404 1233 481 _Andoeni,
1267 406 1320 461 in
1341 405 1535 475 quibus
1563 404 1812 471 moraba-
1836 406 1895 469 Α
1916 422 2049 481 pore
2096 422 2203 481 non
2243 406 2422 481 sinere
2469 410 2850 481 peccatoribus
2895 423 2964 465 ex
3010 412 3277 467 sententia
3316 428 3502 481 agerc,

212 482 337 543 tur,
370 476 507 531 hora
536 476 763 546 septima
790 477 1051 532 matutina
1081 488 1331 546 egressus
1354 484 1458 544 est,
1488 492 1693 546 paucos
1723 491 1812 530 se-

211 562 350 602 cum
410 547 613 603 habens
656 547 881 609 comites
930 566 945 602 :
989 549 1238 609 nimirum
1287 547 1351 600 D.
1407 547 1693 603 Claudium
1746 547 1815 602 de

211 616 498 690 Sainctes,
541 620 851 690 episcopum
880 617 1284 689 Ebroicensem,
1316 626 1370 690 et
1396 625 1509 673 tres
1539 627 1633 673 aut
1678 633 1815 690 qua-

213 696 351 744 tuor
366 688 687 771 ‘Canonicos
726 688 979 771 (quorum
1009 707 1197 771 un_ur_n_
1223 699 1279 746 te
1307 688 1468 771 fuisse
1515 696 1667 771 certo
1700 688 1814 771 sci-

210 774 342 830 r_nus
366 762 385 830 )
418 776 519 816 nec
542 778 648 817 non
677 759 746 816 ex
772 759 1039 817 nobilibus
1077 762 1246 828 laicis,
1294 759 1541 818 dominos
1569 776 1599 815 a
1628 759 1815 823 Rubeo

209 826 414 905 Ριξξι-ὸ,
438 840 504 905 et
531 831 864 899 Mainevilhe,
896 848 1207 905 paucosque
1234 826 1391 905 alios.

290 901 390 974 14.
424 901 670 974 Cumque
695 901 974 973 putaretur
995 904 1062 959 ad
1086 901 1234 959 suam
1266 902 1540 959 basilicam
1570 916 1814 974 pergere,

207 972 638 1030 reﬁexoitiuere
649 972 876 1030 venitad
902 975 1077 1031 locum
1104 975 1193 1030 ubi
1221 975 1458 1030 haeretici
1486 982 1541 1030 et
1561 972 1649 1029 alii
1666 972 1818 1032 novae

206 1042 485 1115 doctrinte
528 1045 724 1101 curirisi
766 1054 919 1101 erant
964 1046 1292 1115 congregati.
1334 1044 1481 1112 Quos
1520 1048 1816 1103 reverendo

208 1114 395 1187 vultu.
430 1122 488 1170 et
516 1116 701 1171 habitu
726 1132 846 1183 suo,
882 1133 986 1172 non
1017 1114 1174 1173 aliter
1192 1132 1353 1187 quam
1378 1116 1598 1183 Jaddus,
1630 1117 1816 1185 Hiero-

203 1185 555 1259 solymorum
601 1203 842 1253 smnmus
885 1187 1125 1259 pontifex
1193 1185 1330 1255 stola
1378 1189 1722 1258 hyacinthina
1761 1198 1816 1244 et

206 1255 352 1341 tiara
386 1257 757 1341 _Alexandrum
789 1255 1060 1341 Magnum,
1084 1262 1156 1341 ita
1178 1259 1386 1341 terruit,
1418 1255 1479 1313 ut
1508 1260 1623 1341 ipse
1654 1276 1814 1330 pseu-

202 1326 640 1400 doecclesiastes
668 1344 793 1384 mox
823 1326 1140 1395 cn’nticeret,
1174 1330 1398 1400 ejusque
1425 1326 1698 1385 auditores
1727 1341 1810 1386 at-

200 1399 374 1453 toniti
424 1407 653 1466 starent,
684 1401 791 1454 vim
823 1417 1096 1457 armorum
1142 1399 1463 1456 metuentes.
1497 1400 1669 1467 Quam
1719 1402 1809 1457 ille

201 1483 411 1542 inagna
443 1475 765 1527 auctoritate
796 1471 906 1527 ﬁeri
942 1473 1186 1527 cohibuit
1214 1493 1225 1526 :
1272 1487 1473 1542 eosque
1505 1472 1701 1528 blande
1732 1472 1808 1527 af-

201 1538 375 1606 fatus,
428 1550 488 1596 ut
536 1543 589 1597 in
641 1542 744 1596 tide
797 1543 1087 1612 catholica,
1137 1538 1431 1613 apostolica
1479 1551 1534 1598 et
1562 1542 1806 1607 Romana

198 1622 640 1684 permanerent,
692 1614 936 1669 hortatus
983 1624 1093 1679 est,
1146 1630 1215 1670 ne
1259 1615 1542 1671 crederent
1587 1616 1811 1684 pseudo-

200 1682 497 1751 prophetis
539 1684 632 1753 qui
676 1684 899 1739 veniunt
943 1686 995 1741 in
1042 1686 1377 1741 vestimentis
1417 1682 1620 1752 ovium',
1665 1687 1809 1741 intus

199 1759 391 1826 autem
425 1761 557 1808 sunt
584 1753 694 1825 lupi
724 1770 970 1825 rapaces.
1006 1756 1149 1824 Quot
1181 1758 1340 1812 verba
1371 1756 1540 1826 dedit,
1573 1764 1653 1808 tot
1680 1773 1807 1812 acu-

200 1822 324 1879 leos
366 1824 425 1879 in
467 1822 723 1881 cordibus
750 1822 1045 1882 astantiuni
1065 1829 1285 1883 conﬁxit
1314 1846 1325 1880 :
1369 1822 1563 1897 quibus
1592 1828 1809 1883 contriti

200 1902 256 1948 et
303 1898 651 1965 compuncti,
700 1897 901 1967 absque
952 1900 1183 1955 tumultu
1222 1900 1451 1969 quisque
1494 1900 1548 1953 in
1588 1898 1808 1953 domum

196 1976 359 2039 suam
408 1978 772 2024 recesserunt.
818 1969 1001 2038 Neque
1044 1985 1279 2039 unquam
1326 1971 1393 2024 ab
1439 1972 1535 2024 hoc
1566 1978 1810 2039 tempore

196 2034 459 2111 auditum
481 2046 585 2104 est,
608 2039 855 2095 haeresim
879 2034 1090 2111 publice
1118 2034 1441 2109 Rothomagi
1464 2034 1808 2110 prtcdicatam

195 2103 391 2182 ﬁnisse.
428 2108 509 2182 De
540 2103 682 2164 tanta
714 2103 1016 2182 animorum
1060 2112 1287 2167 victoria
1326 2103 1595 2182 gloriosus
1624 2119 1809 2182 noster

197 2174 548 2254 Borbonius,
582 2180 976 2254 aduecclesiam
1022 2174 1354 2254 properavit:
1402 2190 1458 2237 et
1488 2190 1666 2252 grates
1696 2179 1807 2238 Deo

197 2251 442 2322 auctori
470 2252 719 2322 rependit
771 2270 784 2305 :
837 2268 979 2321 saepe
1026 2251 1166 2321 apud
1208 2269 1337 2308 suos
1379 2251 1605 2307 testatus
1670 2268 1806 2308 nun-

196 2331 366 2394 quam
399 2320 504 2394 sibi
530 2320 1175 2389 jucundioremilluxisse
1204 2325 1366 2379 diem.
1399 2324 1652 2389 Attende,
1683 2339 1806 2394 pre-

196 2402 296 2465 _cor
320 2391 595 2465 (quisquis
622 2394 738 2449 haec
784 2395 1018 2465 lecturus
1045 2398 1149 2465 es),
1199 2403 1256 2449 et
1284 2395 1588 2459 considera,
1620 2391 1802 2465 sinon

196 2458 249 2512 in
280 2458 688 2535 m‘ultisJoseph
717 2465 827 2520 ﬁlio
857 2463 1024 2521 Jacob
1049 2458 1393 2522 assimiletur.
1417 2458 1642 2535 Joseph,
1666 2464 1804 2522 ﬁlius

194 2543 543 2600 accrescens,
573 2534 629 2589 in
652 2534 847 2591 Genesi
880 2538 1207 2599 nominatur,
1234 2546 1287 2593 et
1313 2538 1380 2591 ab
1403 2536 1521 2591 aliis
1541 2534 1804 2604 augmen-

195 2606 329 2678 tum
363 2604 594 2678 Domini_
628 2608 1033 2678 interpretatur.
1086 2608 1358 2678 Quantum
1402 2614 1581 2661 autem
1615 2607 1702 2661 hic
1748 2607 1802 2662 in

190 2670 511 2743 profectum
558 2670 811 2732 Ecclesiae
851 2670 1171 2743 excreverit,
1200 2677 1403 2731 dictum
1427 2685 1546 2729 est:
1581 2692 1704 2731 cum
1735 2692 1803 2732 ex

190 2740 403 2821 abbate
451 2748 779 2821 episcopus,
818 2763 887 2802 ex
940 2740 1198 2821 episcopo
1244 2747 1700 2816 archiepisc0pus,
1754 2756 1812 2802 et

188 2813 426 2869 tandem
445 2813 730 2873 cardinalis
750 2813 921 2883 iteret,
936 2813 1183 2887 Spartam
1198 2813 1808 2887 quamcunque'nactam

189 2896 503 2963 esornans.
537 2888 737 2963 Ioseph
767 2885 1094 2963 patriarcha,
1130 2888 1180 2963 id
1207 2896 1290 2942 est
1318 2885 1567 2963 princeps
1590 2885 1808 2963 Patrum

185 2950 295 3006 fuit
330 2971 345 3006 :
382 2969 487 3011 nec
518 2950 693 3027 minus
721 2950 843 3027 iste,
872 2950 1203 3021 habens'sub
1245 2950 1543 3022 se'Patres,
1572 2973 1668 3013 seu
1693 2958 1808 3026 epi-

186 3038 400 3099 scopos
448 3026 835 3096 suﬁraganeos’
862 3045 993 3099 sex,
1042 3028 1265 3099 singulis
1316 3028 1598 3085 elementis
1649 3029 1806 3097 hujus

185 3091 392 3191 effigi?
417 3099 574 3191 iocis
601 3091 796 3156 siccus
824 3091 1173 3191 signiﬁcatos.
1191 3098 1495 3191 {osepmad
1518 3091 1801 3191 impeer
1829 3126 1875 3191 ο

190 3167 367 3240 patris
413 3168 578 3231 domo
615 3167 1157 3240 egressus,'qu:esivit
1203 3167 1406 3226 fratres
1441 3186 1568 3225 suos
1596 3167 1662 3227 in
1693 3169 1799 3226 Do-

191 3235 392 3313 ihaim,
444 3240 497 3294 id
541 3235 716 3299 estin
763 3235 1130 3313 defensionem
1158 3241 1432 3313 profectos
1466 3259 1479 3293 :
1512 3250 1567 3296 et
1608 3241 1693 3296 hic
1732 3243 1798 3296 nd

193 3303 393 3363 fratres
435 3327 563 3371 suos
592 3315 682 3385 qui
732 3329 761 3368 a
792 3313 895 3368 ﬁde
935 3303 1247 3385 defecerant
1288 3312 1683 3385 audiebantque
1712 3313 1798 3385 inf

196 3387 561 3453 cantatorem,
615 3383 723 3439 non
773 3387 1037 3440 obturatis
1085 3384 1139 3438 in
1186 3383 1405 3438 modum
1450 3383 1668 3453 aspidis,
1700 3384 1796 3439 sed

196 3452 400 3527 apertis
423 3456 664 3527 auribus,
690 3457 999 3527 properavit
1035 3472 1046 3507 :
1078 3452 1796 3527 iisdemque_propemodum

198 3521 398 3588 verbis,
436 3520 632 3593 quibus
654 3520 715 3581 et
744 3520 942 3596 Joseph
976 3540 1122 3591 usus,
1150 3520 1329 3579 divit':
1364 3520 1484 3578 P'ax
1508 3520 1669 3590 nobis,
1703 3542 1795 3596 ego

200 3604 341 3668 sum,
363 3595 530 3649 nolite
555 3595 891 3668 expavescere
920 3614 937 3650 :
966 3614 1061 3667 pro
1092 3598 1259 3650 salute
1284 3596 1422 3650 enim
1448 3605 1619 3650 vestra
1643 3595 1796 3668 illis“

198 3676 276 3714 me
296 3663 562 3737 Dominus
591 3663 659 3723 ad
687 3686 793 3724 vos.
826 3668 895 3729 Et
922 3663 1038 3723 hinc
1064 3670 1270 3735 dicens,
1301 3683 1410 3723 non
1441 3668 1613 3737 potuit
1640 3667 1712 3721 ita
1740 3682 1800 3722 se

204 3734 508 3804 continere,
561 3740 692 3810 quin
734 3739 1124 3808 aliquantulum
1163 3734 1415 3810 lacrymis
1442 3734 1606 3810 genas
1640 3736 1796 3810 _riga~

202 3809 322 3876 rei:
354 3821 500 3876 quas
534 3806 732 3875 tamen,
765 3806 1029 3864 ut'minus
1070 3823 1181 3862 sua:
1211 3806 1521 3861 auctoritati
1542 3814 1597 3861 et
1622 3806 1795 3875 digni-

201 3874 293 3950 tati
308 3874 725 3950 congruentes,
746 3881 959 3936 occulte
988 3879 1352 3947 abstergebat.

270 3945 358 4020 15.
406 3945 484 4007 Ᾰι
513 3952 605 4020 qui
653 3967 778 4009 eum
809 3945 1226 4014 comitabantur,
1270 3950 1429 4018 longe
1455 3948 1791 4020 copiosiores

202 4010 499 4094 fundebant
530 4010 546 4078 Ξ
574 4038 698 4079 cum
724 4023 794 4079 ob
823 4028 1160 4094 perSpectam
1194 4010 1449 4094 pietatem
1478 4010 1541 4073 et
1557 4018 1787 4094 cliarita-

204 4091 302 4165 lein
333 4093 472 4147 tanti
506 4094 757 4165 pastoris,
792 4088 903 4147 tum
945 4088 1015 4147 ob
1042 4088 1332 4165 errantium
1367 4093 1547 4165 ovium
1578 4088 1692 4158 ejus
1732 4092 1785 4145 in

202 4161 333 4232 yiam
380 4161 576 4219 salutis
621 4165 1014 4221 reductionem.
1062 4161 1333 4231 Erantque
1379 4162 1494 4217 istae
1533 4162 1785 4231 lacrymae

197 4232 547 4301 lycunditatis
590 4243 647 4291 et
692 4236 905 4301 laetitiae,
958 4248 1066 4289 non
1109 4233 1328 4299 doloris,
1381 4242 1476 4288 aut
1513 4233 1782 4289 mceroris.

204 4292 390 4387 Quales
420 4306 588 4387 (proh
619 4306 821 4387 dolor!)
852 4292 1073 4387 mutatae
1093 4314 1267 4360 sortes
1298 4292 1419 4386 vitae
1444 4305 1648 4387 ejus‘ab
1666 4318 1783 4358 om-

206 4367 352 4446 nibus
398 4367 619 4432 sincero
668 4367 864 4434 alfec'tu
912 4376 963 4430 in
995 4367 1655 4446 eun'irpropensisupostea
1694 4388 1783 4446 ex;

205 4441 489 4520 forserunt.
543 4450 703 4520 282
748 4446 881 4503 Nam
909 4462 1070 4520 _an_no
1123 4441 1549 4520 Domini_lrFiS'S,
1580 4444 1666 4500 die
1712 4444 1782 4520 25

207 4502 759 4589 ιξθρθιηιπίς,·“ἴοὲῑ›ίι
811 4517 1008 4588 repleri
1074 4502 1555 4589 amaritudinibus;
1609 4526 1667 4589 et
1709 4517 1786 4570 in.
1815 4516 1863 4577 1)

207 4578 391 4641 ebriari
410 4578 720 4649 absinthio;
739 4578 1027 4649 eum-irato
1060 4596 1116 4641 et
1142 4587 1430 4644 mandante
1459 4578 1585 4658 rege
1612 4586 1780 4658 Blesis

206 4658 433 4733 retentus
465 4668 568 4728 est,
596 4670 655 4733 _et
700 4659 1042 4733 postmodum
1083 4672 1180 4728 per
1209 4660 1383 4733 varias
1412 4657 1679 4733 stationes
1712 4657 1780 4722 ad

209 4714 827 4799 Fontanetum'Conﬁtis,
858 4714 1197 4784 Pictavof'um
1221 4729 1553 4799 Oppidulum,
1574 4716 1782 4799 deduc-

211 4795 307 4873 it_ts.
335 4793 392 4854 In
418 4818 531 4873 quo
559 4803 783 4873 quidem
808 4793 926 4857 viro
945 4803 1034 4871 (ut
1055 4800 1236 4856 verbis
1258 4793 1464 4857 Klfonsi
1492 4816 1520 4854 a
1540 4793 1753 4873 Cartha
1776 4830 1784 4841 ~

210 4871 492 4945 sineJuta'r)
536 4871 665 4930 satis
704 4887 1033 4945 cognoscere
1072 4877 1366 4945 potuerunt
1388 4873 1479 4943 qui
1512 4871 1779 4945 viderunt,

215 4938 261 5017 e_t
285 4939 437 5017 etiam
471 4938 579 4999 non
632 4938 881 5017 videntes
902 4944 993 5017 qui
1019 4938 1328 5013 audierunt,
1353 4938 1541 5011 quanti
1585 4941 1783 5017 valoris

214 5009 462 5086 indundana
488 5018 817 5086 prosperitas
840 5009 941 5071 sit':
962 5018 1087 5086 cum
1109 5028 1176 5069 ex
1203 5009 1410 5086 summa
1423 5013 1782 5085 prosperitate

217 5071 551 5155 ﬁﬁﬁuinma’m
572 5071 949 5143 adversitatem
976 5085 1204 5140 fortuna:
1230 5092 1350 5139 rota
1378 5071 1688 5155 frequenter
1716 5098 1781 5140 ac

218 5146 455 5228 fﬁlociter
502 5157 767 5215 humanos
793 5171 1071 5213 successus
1113 5156 1375 5211 revolvat.
1408 5146 1778 5228 Constantiam

221 5214 545 5301 nihilominus
572 5238 626 5283 et
656 5214 977 5301 patientiam
997 5229 1049 5282 in
1079 5228 1317 5301 adversis
1350 5242 1519 5301 usque
1546 5226 1618 5301 _ad
1652 5226 1776 5301 vitae

223 5287 486 5371 germinum
528 5287 801 5371 nunquam
829 5299 1009 5354 amisit
1040 5316 1053 5371 ς
1096 5299 1262 5367 etqui
1292 5287 1557 5371 consolari
1592 5311 1621 5350 a
1661 5297 1773 5352 suis

222 5350 485 5440 debuerat,
507 5350 1171 5440 iiséiﬁéfénsiinirisiés
1190 5350 1598 5434 consolabatur,
1631 5350 1773 5440 saepe

224 5435 312 5512 {sia
340 5435 638 5512 memorans
668 5460 681 5496 :
714 5440 839 5496 Non
876 5452 993 5496 sunt
1016 5442 1288 5512 condigna
1312 5443 1579 5512 passiones
1622 5435 1775 5512 hujus

226 5499 443 5588 {maris
470 5512 540 5565 ad
566 5515 791 5588 futuram
809 5513 1049 5588 gloriam,
1073 5499 1513 5588 qurerreverlaititur
1534 5513 1589 5588 in
1609 5499 1777 5566 nobis.

265 5575 298 5655 ξ,
324 5573 380 5628 Si
406 5578 535 5655 bona
562 5573 872 5655 suscepimus
899 5584 962 5637 de
996 5573 1154 5655 manu
1179 5582 1413 5655 Domini,
1458 5582 1598 5655 mala
1625 5597 1782 5650 quare

226 5646 318 5724 ’ξοξι
366 5646 765 5724 sustineamus'?
812 5656 1055 5724 Itemque
1104 5654 1232 5709 illud
1284 5646 1711 5709 Machabzeorum
1760 5669 1773 5705 :

270 5711 419 5773 dumi
452 5741 598 5783 casus
618 5731 701 5793 qui
729 5711 989 5793 accidunt,
1025 5743 1127 5782 non
1166 5726 1236 5781 ad
1265 5726 1553 5793 interitum,
1578 5724 1669 5780 sed
1708 5724 1779 5779 ad

232 5791 572 5855 correptionem
599 5791 719 5861 sunt
750 5798 951 5875 generis
977 5791 1163 5871 nostri,
1203 5796 1415 5855 Etenim
1445 5791 1616 5852 multo
1642 5804 1779 5855 tem-

1931 477 2029 549 setl
2064 478 2261 549 statim
2290 477 2525 535 ultiones
2573 477 2849 542 adhibere,
2905 482 3083 549 magni
3130 477 3378 539 beneﬁcii
3425 477 3508 541 est

1924 548 2199 604 indicium.
2230 548 2376 605 Obiit
2399 559 2579 606 autem
2609 551 2663 606 in
2691 551 2883 606 eodem
2912 548 3197 607 Fontaneti
3225 555 3342 611 loco
3364 571 3507 612 anno

1923 618 2120 693 Christi
2148 618 2305 686 1590,
2338 621 2423 683 die
2462 621 2728 693 Mercurii,
2770 623 2971 687 mensis
3009 622 3135 679 Maii
3164 640 3326 691 nona,
3359 626 3508 683 circa

1923 690 2111 745 horam
2161 693 2266 751 diei
2295 708 2516 759 nonam,
2565 690 2738 751 aetatis
2766 709 2877 750 suae
2904 695 3297 767 sexagesimum
3344 697 3511 767 septi-

1921 776 2066 816 mum
2097 778 2295 836 annum
2326 777 2509 832 agens,
2538 779 2646 819 non
2674 779 2885 819 veneno
2908 767 2989 835 (ut
3008 765 3225 835 quidam
3249 765 3511 836 suspicati

1922 836 2098 905 sunt),
2140 835 2236 891 sed
2276 836 2577 905 stranguria
2622 850 2785 905 quam
2815 837 3053 891 calculus
3080 835 3408 905 generabat,
3442 853 3511 895 ac

1920 903 2072 960 febre
2094 906 2285 962 victus.
2310 903 2472 965 Eram
2487 907 2542 967 in
2562 903 2692 967 urbe
2719 906 2985 967 Turonica
3008 923 3039 962 a
3060 903 3509 968 reverendissimo

1921 989 2075 1045 teque
2119 985 2173 1031 et
2217 976 2573 1035 illustrissimo
2622 976 2879 1049 cardinali
2925 976 3302 1049 Vindocinensi
3329 1022 3345 1046 ,
3389 979 3508 1049 ejus

1921 1057 2140 1119 nepote,
2172 1050 2481 1115 accersitus,
2528 1064 2650 1105 cum
2697 1048 2855 1117 hujus
2912 1047 3036 1103 mali
3084 1050 3254 1104 nuntii
3296 1047 3508 1119 baiulus

1919 1117 2137 1173 advenit
2160 1138 2172 1171 :
2200 1128 2435 1189 tuncque
2456 1120 2769 1176 defecerunt
2792 1135 2904 1192 prae
2922 1119 3180 1192 iacrymis
3205 1120 3345 1176 oculi
3366 1117 3512 1190 Vmei,

1917 1192 2233 1268 conturbata
2280 1200 2406 1245 sunt
2433 1189 2825 1268 viscera_mea.
2865 1189 3231 1268 Eliusunrest
3269 1193 3324 1248 in
3361 1189 3512 1268 terra

1910 1262 2066 1328 jecur
2095 1278 2274 1332 meum
2315 1277 2425 1332 prie
2461 1262 2784 1318 contritione
2810 1263 3000 1317 mortis
3029 1262 3134 1317 mei
3172 1262 3502 1322 Mecmnatis.

1990 1334 2076 1386 ifi.
2123 1331 2266 1399 Quot
2306 1331 2535 1387 caterva:
2569 1333 2848 1387 hominum
2889 1339 3004 1388 tota
3037 1333 3124 1387 die
3160 1334 3227 1387 ad
3256 1349 3377 1389 eum
3418 1334 3512 1389 νὶ-

1917 1402 2141 1457 sendum
2193 1402 2550 1459 conﬁuxerint
2596 1403 2927 1473 impossibile
2980 1410 3063 1459 est
3117 1404 3336 1467 referre.
3398 1403 3508 1471 Qui

1917 1473 2236 1531 recedentes
2263 1474 2627 1545 praedicabant
2654 1475 2770 1544 ejus
2808 1474 3127 1541 bonitatem,
3156 1475 3501 1532 clementiam

1916 1553 1970 1627 e_t
2015 1545 2426 1627 humanitatem,
2480 1546 2877 1627 stupebantque
2926 1562 3049 1627 eum
3086 1553 3358 1627 .ahtnorte.
3385 1548 3504 1627 plil:

1915 1615 2185 1688 ebriorem
2229 1632 2511 1688 apparere.
2552 1614 3020 1688 Exrhaciufausta
3051 1615 3267 1671 civitate
3310 1614 3398 1688 die
3436 1615 3505 1670 19

1914 1684 2040 1741 Julii
2070 1684 2316 1744 educitur
2345 1706 2358 1741 :
2392 1696 2446 1743 et
2477 1690 2554 1757 (te
2584 1687 2841 1743 ﬁdissimo
2870 1684 3076 1741 Achate
3107 1695 3299 1741 cuncta
3324 1686 3507 1757 dispo-

1916 1766 2099 1826 nente,
2145 1775 2377 1828 eumque
2422 1767 2616 1815 mmsto
2663 1759 2844 1812 animo
2885 1757 3158 1828 cum_suis
3194 1757 3506 1814 domesticis

1916 1828 2236 1899 deducente)
2254 1826 2498 1887 Castrum
2518 1828 2877 1899 Gailloneum,
2910 1829 2996 1884 die
3022 1826 3055 1881 8
3084 1828 3303 1896 Augusti
3326 1828 3503 1897 ingre—

1916 1899 2079 1957 ditur.
2123 1898 2287 1972 Cujus
2325 1902 2557 1956 animam
2596 1900 2704 1969 jam
2748 1898 2887 1972 coelo
2933 1900 3057 1962 l'rui,
3092 1907 3339 1953 anteacta
3368 1902 3502 1969 vita,

1915 1972 2129 2041 expiata
2158 1969 2496 2028 confessione
2528 1979 2772 2040 peccata,
2797 1969 3101 2041 devotaque
3124 1978 3499 2041 sacramento-

1913 2038 2032 2119 rum
2078 2044 2355 2119 perceptio
2390 2043 2440 2096 in
2490 2038 2607 2112 ipso
2653 2043 2777 2119 rita;
2826 2038 3142 2119 exitu,'i_ne_
3173 2040 3396 2119 credere
3424 2038 3504 2094 fa-

1912 2111 2168 2183 ciuntQSi
2195 2111 2323 2183 quid
2364 2111 2543 2168 tamen
2570 2113 2767 2183 residui
2811 2121 2895 2167 est
2921 2112 3065 2181 quod
3094 2111 3254 2174 obsit,
3280 2127 3497 2183 precor,

1912 2182 2053 2238 bone
2081 2180 2228 2251 Jesu,
2279 2193 2336 2240 ut
2365 2185 2468 2239 hoc
2495 2182 2870 2243 sacratissima:
2904 2180 3005 2238 tua)
3034 2180 3299 2252 passionis
3343 2181 3505 2237 meri-

1914 2262 2027 2309 tum
2057 2255 2222 2325 cluat.
2274 2255 2331 2310 ln
2360 2256 2498 2309 serie
2549 2254 3077 2325 archiepiscoporum
3108 2252 3506 2322 Rothomagen-
3566 2260 3569 2265 “

1914 2326 2055 2380 sium
2109 2324 2250 2392 fuit,
2307 2326 2603 2382 secundum
2662 2324 3073 2392 Democharem,
3142 2325 3505 2392 octogesimus

1914 2396 2138 2466 primus,
2184 2398 2269 2454 vel
2299 2398 2592 2455 secundum
2624 2396 2759 2453 alios
2796 2396 3157 2466 octogesimus
3175 2395 3453 2466 secundus
3483 2411 3499 2449 :

1913 2464 2142 2538 eamque
2189 2471 2371 2524 sedem
2403 2468 2559 2522 annis
2586 2466 2651 2520 41
2685 2466 2873 2527 tenuit.
2907 2464 2986 2520 Ex
3023 2465 3139 2534 ejus
3174 2464 3498 2538 librralitate

1914 2535 2089 2606 major
2130 2555 2254 2609 pars
2302 2539 2644 2595 bibliotheca:
2689 2553 2796 2592 non
2840 2538 3161 2609 communis,
3207 2535 3301 2609 sed
3352 2535 3500 2590 cellae

1916 2618 2114 2664 nostra:
2133 2607 2298 2680 _(quze
2336 2625 2562 2665 numero
2591 2609 2848 2663 librorum
2876 2615 2932 2680 et
2959 2607 3277 2680 excellentia
3307 2615 3500 2660 aucto-

1915 2694 2033 2735 rum
2083 2695 2114 2735 a
2160 2677 2341 2737 multis
2390 2681 2564 2737 doctis
2614 2677 3045 2748 commendatur)
3090 2677 3293 2748 prodiit
3342 2695 3355 2730 :
3401 2691 3504 2734 nec

1916 2748 2133 2807 dubium
2181 2754 2309 2821 quin
2359 2752 2413 2806 in
2464 2753 2783 2811 immensum
2816 2749 3185 2821 crevisset,‘_si
3236 2763 3341 2802 non
3390 2754 3502 2803 tam

1913 2821 2021 2873 cito
2072 2817 2215 2875 hunc
2263 2821 2417 2891 nobis
2447 2819 3050 2891 Atropossustulisset.
3082 2817 3246 2891 Hanc
3294 2825 3498 2891 tamen,

1912 2891 2063 2958 quasi
2094 2891 2147 2944 in
2174 2891 2289 2960 ejus
2318 2890 2495 2947 locum
2513 2889 2845 2960 succedens,
2881 2905 2988 2960 nec
3020 2890 3211 2943 minori
3256 2903 3344 2942 me
3376 2889 3505 2943 dile-

1911 2963 2092 3038 ctione
2122 2959 2479 3038 prosequens,
2501 2959 2721 3038 jamjam
2736 2961 2955 3038 aliquot
2980 2959 3130 3014 libris
3160 2966 3357 3038 praeter
3395 2973 3504 3038 me-

1909 3032 2069 3089 ritum
2117 3028 2332 3090 auxisti.
2383 3028 2548 3102 Cujus
2590 3028 2834 3095 beneﬁcii
2880 3046 3107 3099 memor,
3159 3028 3266 3087 non
3311 3028 3500 3086 desino

1908 3103 2148 3172 quotidie
2181 3103 2345 3159 Deum
2366 3105 2605 3159 omnium
2637 3104 2902 3163 bonorum
2929 3102 3238 3169 largitorem
3261 3102 3472 3172 precari

1908 3141 1967 3227 iit
1989 3141 2068 3229 ute
2113 3141 2714 3244 doniswiemporalibus
2768 3141 2847 3227 et“
2876 3141 3242 3243 spirifualibus
3262 3141 3501 3228 rabundd

1907 3255 2238 3312 remuneret,
2288 3247 2561 3315 vitamque
2601 3254 2747 3299 tuam
2777 3244 2843 3297 ad
2875 3244 3070 3298 multos
3111 3244 3502 3315 annosprodu—

1907 3326 2010 3372 cat.
2058 3316 2160 3373 Hei
2204 3332 2423 3388 quoque
2468 3313 2611 3386 apud
2635 3330 2759 3388 eum
2802 3316 3171 3386 (integerrime
3215 3313 3403 3381 abbas,
3443 3323 3500 3388 et

1906 3388 2104 3458 duplici
2154 3385 2351 3445 canitie
2400 3385 2765 3457 ornatissime)
2815 3385 3024 3458 memor
3066 3396 3233 3458 esto,_
3264 3402 3388 3458 cum
3442 3385 3497 3447 in

1906 3454 2266 3524 orationibus,
2300 3468 2410 3513 tum
2443 3460 2496 3514 in
2524 3454 2805 3514 incruento
2834 3456 3020 3512 altaris
3060 3454 3329 3511 sacriﬁcio
3376 3471 3387 3508 :
3435 3462 3495 3509 ut

1906 3531 1998 3597 qui
2025 3530 2208 3585 docuit
2237 3546 2324 3585 me
2355 3546 2384 3583 a
2412 3530 2695 3599 juventute
2726 3542 2867 3591 mea,
2912 3534 2968 3580 et
2997 3528 3149 3597 cujus
3190 3526 3352 3599 283
3394 3527 3499 3599 nii-

1903 3596 2091 3655 rabilia
2136 3602 2191 3654 in
2234 3596 2480 3656 Ecclesia
2528 3617 2651 3655 cum
2704 3600 2961 3654 fratribus
3004 3596 3497 3668 nostris‘quﬁotidie

1898 3672 2215 3795 sronuutio,
2266 3686 2437 3745 usque
2486 3672 2540 3737 in
2570 3679 2863 3735 senectam,
2910 3678 2966 3723 et
3011 3670 3222 3724 senium
3252 3684 3359 3723 non
3404 3683 3494 3725 me

1936 3743 2256 3795 erelinauat.
2289 3739 2441 3795 Vale.
2488 3740 2527 3794 E
2556 3741 2890 3795 monasterio
2930 3748 3119 3795 nostro
3150 3739 3324 3795 sancti
3354 3736 3491 3792 Ger-

1936 3743 2256 3801 erelinquat.
2289 3736 2441 3801 Vale.
2488 3740 2527 3794 E
2556 3741 2890 3797 monasterio
2930 3748 3119 3795 nostro
3150 3739 3324 3797 sancti
3354 3736 3491 3792 Ger-

1897 3814 2041 3866 mani
2068 3828 2094 3864 a
2125 3807 2325 3877 Patris,
2357 3813 2425 3864 ad
2454 3826 2638 3875 muros
2664 3810 2890 3871 Lutetizi:
2922 3807 3251 3873 Parisiorum
3282 3817 3489 3874 erecto,

1897 3898 2040 3939 anno
2067 3881 2262 3937 Christi
2294 3882 2455 3951 1601,
2486 3882 2571 3936 die
2600 3880 2667 3935 15
2698 3882 2895 3935 mensis
2923 3877 3274 3951 Septembris.

2588 3951 2769 4005 Cliens
2798 3958 2920 4003 tuus
2950 3949 3491 4018 obsequentissimus,

2713 4019 2944 4075 JAconus
2980 4036 3048 4073 ou
3086 4019 3289 4072 anun.

1965 4122 2050 4177 17.
2093 4120 2346 4181 Baeticam
2378 4128 2421 4177 ‘a
2457 4118 2735 4183 Wandalis
2774 4118 2974 4175 dictam
3022 4114 3186 4172 fuisse
3210 4113 3490 4173 Wandali-

1889 4219 2050 4283 ciam,
2075 4225 2131 4272 et
2152 4229 2293 4270 nunc
2310 4214 2621 4279 Andatuzia,
2646 4211 2895 4267 Breulius
2911 4225 3033 4266 cum
3062 4209 3242 4264 multis
3262 4209 3486 4265 asserit:

1888 4316 1981 4371 sed
2005 4315 2109 4369 alia
2138 4321 2219 4369 est
2249 4311 2376 4366 mihi
2406 4311 2634 4382 aliisque
2655 4308 2857 4379 opinio.
2891 4305 3140 4362 Baeticam
3168 4306 3235 4359 ab
3257 4304 3491 4376 antiquis

1889 4407 2281 4465 Wamlaliciam
2338 4412 2701 4476 nuncupatam
2758 4415 3028 4470 nunquam
3079 4399 3487 4470 comperimus:

1888 4502 2193 4559 Andalusia:
2219 4499 2540 4554 vocabulum
2594 4496 2734 4549 inter
2778 4492 3014 4555 Mauros,
3045 4490 3169 4543 dum
3219 4486 3491 4556 Hispania:

1888 4596 2320 4658 dominarentur,
2365 4593 2599 4661 primum
2630 4586 2800 4642 audiri
2831 4592 3065 4654 emptum
3099 4600 3112 4634 :
3146 4595 3254 4650 quo
3284 4579 3359 4633 illi
3388 4594 3487 4633 no-

1891 4691 2033 4745 mine
2064 4687 2367 4742 universam
2398 4679 2731 4751 Hispaniam,
2756 4691 2818 4731 ac
2846 4673 3143 4745 praesertim
3184 4669 3488 4742 provincias

1890 4796 2010 4852 quae
2038 4794 2227 4834 eorum
2265 4774 2455 4830 ditioni
2486 4778 2758 4844 parerent,
2805 4766 3168 4838 appellabant,
3218 4764 3426 4821 scilicet
3453 4779 3486 4819 a

1890 4888 2023 4928 voce
2055 4870 2282 4924 Arabica
2326 4864 2565 4929 andalos,
2615 4868 2672 4915 ut
2713 4858 2957 4914 nonnulli
3002 4856 3316 4926 conjiciunt,
3364 4869 3486 4925 qua:

1891 4982 2006 5021 rem
2046 4958 2434 5018 occidentalem
2474 4956 2759 5026 signiﬁcat.
2801 4952 3119 5009 Consecutis
3148 4950 3484 5021 temporibus

1890 5055 2191 5110 Andalusia;
2218 5050 2303 5107 vel
2330 5047 2634 5104 Andalusia
2672 5060 2871 5101 nomen
2904 5044 3046 5099 circa
3081 5044 3330 5114 regiones
3366 5039 3483 5095 Ba:-

1888 5149 2031 5215 ticm,
2087 5147 2138 5200 in
2184 5144 2379 5215 quibus
2433 5140 2603 5195 Mauri
2652 5128 2850 5194 diutius
2903 5135 3282 5207 perstiterunt,
3329 5132 3484 5203 quasi

1884 5237 2157 5314 proprium
2187 5236 2362 5291 haesit.
2404 5232 2621 5297 Confer,
2650 5231 2693 5286 si
2724 5230 2923 5302 placet,
2946 5226 3334 5296 Prolegomena
3360 5238 3482 5283 mea

1882 5331 1935 5387 in
1984 5329 2350 5394 Dracontium,
2398 5343 2517 5397 cap.
2554 5324 2640 5393 12,
2666 5339 2814 5379 num.
2847 5321 2971 5388 116,
3020 5330 3076 5376 et
3118 5320 3365 5377 laudatos
3406 5317 3484 5377 ibi

1886 5426 2197 5496 scriptores,
2231 5420 2511 5497 Nicolaum
2552 5417 2864 5495 Antonium,
2889 5423 2947 5470 et
2969 5412 3296 5468 Florezium.

1957 5516 2043 5571 18.
2087 5514 2458 5574 Severianum,
2484 5508 2673 5566 lsidori
2700 5514 3002 5579 parentem,
3033 5502 3199 5556 fuisse
3229 5497 3483 5554 Theodo-

1885 5610 1981 5667 rici
2025 5608 2165 5678 regis
2211 5605 2377 5661 ﬁlium
2430 5613 2634 5660 temere
2680 5597 2909 5656 afﬁrmat
2955 5596 3201 5653 Breulius
3246 5612 3260 5648 :
3303 5606 3479 5663 neque

1884 5702 2072 5758 lsidori
2116 5707 2343 5755 matrem
2380 5696 2718 5752 Theodoram
2748 5698 2994 5748 vocatam
3023 5694 3254 5751 constat,
3285 5684 3484 5741 multo-

1885 5808 1993 5867 que
2037 5792 2214 5847 minus
2255 5788 2557 5847 Gothorum
2604 5796 2791 5854 regunt
2835 5778 3093 5847 sanguine
3138 5785 3477 5848 prognatam.
