4070 6362
574 325 681 382 225

1307 324 1400 378 AD
1450 322 1678 379 OPERA
1719 323 1778 379 S.
1820 319 2072 379 lSlDORl
2110 320 2547 378 HISPALENSIS
2585 319 3121 377 PROLEGOMENA.

3890 324 3979 383 224

574 437 777 500 Recole
805 457 868 497 ca
898 454 1017 511 quae
1045 454 1166 511 cap.
1196 438 1263 493 l7
1292 438 1361 495 de
1402 437 1592 495 lsidori
1633 439 1945 511 parentibus
1980 438 2158 508 dispu-
2190 447 2237 504 Α
2277 468 2280 479 ι
2335 436 2726 495 Prommiorum
2774 438 2909 495 liber
2935 439 2990 494 in
3016 438 3181 495 Vetus
3210 446 3291 495 et
3336 437 3607 495 Novum
3660 439 3972 501 Testamen-

571 535 701 591 tavi.
752 532 1138 604 Episcopatum
1180 530 1657 601 Carthaginensem
1701 529 1966 600 Fulgentii
2012 544 2167 585 com-

572 628 877 683 mentitium
924 626 1154 695 censeri,
1186 641 1306 694 cap.
1340 624 1374 679 3
1401 626 1603 681 monui.
1663 624 1742 677 An
1782 623 1985 681 Isidoro
2012 622 2172 677 fuerit

569 735 725 777 soror
750 719 1058 786 Theodora,
1101 720 1214 773 sive
1242 716 1548 774 Theodosia
1594 717 1829 777 nomine,
1874 714 2168 783 Leovigildi

570 811 714 880 regis
759 825 913 875 uxor,
944 810 1295 865 vehementer
1340 808 1561 862 dubium
1608 822 1727 862 esse
1768 821 1889 876 cap.
1919 804 1987 858 17
2032 803 2165 860 dixi.

571 902 758 976 Neque
786 919 957 959 annus
993 901 1307 959 emortualis
1335 899 1566 956 Leandri
1594 899 1699 954 60$
1731 914 1850 954 esse
1884 906 2062 967 potest
2102 914 2171 953 ex

571 996 861 1051 momentis
883 994 1151 1049 rationum
1180 1008 1298 1063 cap.
1324 992 1393 1047 20
1414 992 1607 1046 allatis.
1639 990 1874 1058 Qumstio
1896 990 1963 1045 de
1987 988 2171 1060 pallio,

573 1088 715 1159 quod
742 1087 949 1143 lsidoro
977 1103 1006 1140 a
1036 1085 1297 1155 Gregorio
1330 1086 1523 1154 Magno
1554 1084 1772 1140 missum
1802 1083 2016 1148 dicitur,
2059 1082 2173 1153 agi-

573 1188 683 1235 tata
713 1189 796 1235 est
825 1196 943 1250 cap.
969 1178 1059 1234 22.
1091 1177 1225 1233 Cum
1262 1178 1501 1249 Breulius
1530 1177 1873 1232 Braulionem
1903 1178 2176 1233 Ctesarau-

571 1284 852 1343 gustauum
898 1272 1208 1343 episcopum
1260 1272 1407 1341 prius
1456 1271 1673 1334 dixerit,
1712 1279 1837 1339 post
1886 1284 2059 1339 neque
2099 1269 2173 1324 ita

570 1366 740 1422 multo
770 1380 866 1435 per
889 1380 1129 1420 errorem
1173 1363 1496 1419 Toletanum
1536 1362 2000 1434 archiepiscopum
2042 1379 2178 1419 nun-

569 1458 784 1526 cupavit
819 1478 831 1511 :
868 1455 1211 1513 Braulionem
1250 1457 1396 1511 enim
1436 1455 1706 1524 intelligit,
1749 1471 1869 1510 cum
1896 1471 1963 1509 ex
1990 1470 2057 1510 eo
2089 1471 2178 1510 re-

569 1548 672 1604 fert
712 1548 976 1604 lsidorum
1033 1549 1223 1604 librum
1273 1554 1462 1601 contra
1516 1547 1799 1602 haereticos
1854 1546 2175 1616 scripsisse:

569 1655 694 1694 nam
725 1640 865 1708 apud
908 1638 1238 1694 lldefonsum
1282 1638 1334 1693 in
1370 1636 1557 1693 lsidori
1589 1637 1767 1707 elogio
1796 1638 2016 1693 omnino
2046 1637 2179 1693 nihil

567 1729 746 1785 simile
774 1729 993 1796 legitur,
1023 1728 1164 1798 apud
1196 1728 1540 1782 Braulionem
1568 1742 1699 1782 vero
1732 1743 1745 1780 :
1791 1724 1868 1780 De
1895 1726 2175 1781 haeresibus

568 1818 755 1873 librant
784 1835 961 1881 unum,
984 1819 1036 1871 in
1058 1836 1178 1889 quo,
1207 1818 1467 1888 majorum
1495 1827 1698 1872 secutus
1722 1817 1979 1887 exempla,
2007 1817 2172 1871 brevi-

570 1917 675 1962 tate
715 1924 815 1978 qua
856 1911 1043 1978 potuit,
1075 1909 1269 1978 diffusa
1308 1910 1532 1981 collegit.
1585 1908 1769 1979 Neque
1816 1920 1994 1963 tamen
2048 1909 2173 1965 hinc

569 2011 784 2065 arguas,
812 1997 1069 2053 lsidorum
1106 2000 1338 2055 haereses
1375 2000 1554 2070 potius
1593 1999 1697 2055 hoc
1736 1999 1875 2055 libro
1902 1998 2174 2057 relellisse

570 2105 730 2159 quam
777 2104 963 2144 earum
1009 2090 1290 2146 historiam
1337 2106 1640 2147 enarrasse.

646 2199 733 2255 19.
767 2199 842 2256 De
870 2216 1013 2257 anno
1042 2217 1149 2273 quo
1190 2200 1507 2274 llispalense
1536 2201 1827 2256 concilium
1869 2218 1906 2256 ιι
1934 2201 2177 2258 celebra-

571 2298 686 2348 tum
716 2291 837 2361 fuit,
867 2293 953 2362 egi
978 2309 1097 2364 cap.
1128 2293 1220 2359 21,
1261 2294 1316 2348 in
1356 2309 1466 2362 quo
1490 2292 1722 2348 concilio
1760 2294 2038 2349 convictus
2080 2294 2181 2351 fuit

573 2382 866 2454 Gregorius
896 2385 1201 2455 episcopus.
1231 2385 1397 2458 284
1417 2385 1663 2442 Breulius
1688 2386 1878 2458 Cyrum
1908 2389 2181 2458 quemdam

571 2476 865 2546 episcopum
906 2476 1174 2543 nominat,
1207 2492 1425 2545 errore,
1458 2488 1516 2532 ut
1556 2487 1715 2550 puto,
1753 2481 2174 2550 typographico,

569 2584 669 2640 pro
698 2569 889 2641 Syrum
913 2573 1182 2643 quemdam
1210 2575 1544 2644 episcopum:
1569 2584 1687 2629 erat
1716 2575 1858 2630 enim
1884 2575 2179 2646 Gregorius

570 2662 791 2718 natione
818 2662 1005 2733 Syrus,
1032 2674 1091 2719 ut
1111 2681 1177 2720 ex
1208 2666 1325 2735 ipso
1351 2665 1656 2737 Hispaleusi
1686 2668 1918 2723 concilio
1941 2678 2172 2725 constat.

569 2753 817 2811 Breulius
868 2756 1100 2828 denique
1149 2758 1359 2814 fabulas
1405 2767 1607 2825 narrat,
1640 2774 1776 2830 quas
1811 2760 1923 2830 jam
1970 2762 2177 2831 pridem

568 2847 658 2902 alii
682 2847 750 2903 de
769 2846 1091 2905 Theodisclo
1115 2848 1301 2905 lsidori
1323 2864 1639 2907 successore
1661 2850 1952 2919 tinxerunt,
1968 2867 1997 2906 a
2021 2852 2177 2909 nobis

569 2954 690 3008 cap.
722 2937 794 2992 22
821 2939 1098 2996 refutatas.

636 3027 727 3082 20.
760 3027 890 3085 Post
932 3030 1215 3100 epistolam
1266 3032 1677 3099 dedicatoriam,
1727 3035 2175 3102 praenotationem
2204 3021 2250 3081 ο
2282 3010 2344 3050 se

565 3118 826 3175 librorum
882 3120 1073 3176 lsidori
1120 3138 1150 3176 a
1192 3122 1482 3178 Braulione
1528 3124 1750 3188 editam,
1792 3124 2059 3195 Sigeberti
2114 3142 2180 3183 ac

568 3208 792 3266 Joannis
816 3210 1095 3267 Trithemii
1132 3213 1310 3281 capita
1341 3214 1407 3268 de
1446 3214 1635 3269 lsidori
1664 3214 1861 3282 elogio,
1896 3223 1951 3269 et
1987 3230 2176 3271 narra-

570 3302 773 3359 tionem
806 3301 1092 3373 Redempti
1131 3303 1198 3357 de
1224 3303 1413 3359 lsidori
1450 3304 1619 3369 obitu,
1652 3303 1895 3360 Breulius
1932 3305 2177 3375 quaedam

569 3394 717 3450 addit
741 3394 807 3449 de
829 3409 971 3450 anno
1001 3395 1179 3451 obitus
1199 3394 1387 3450 lsidori
1412 3404 1573 3465 atque
1596 3396 1710 3464 ejus
1733 3395 1979 3466 corporis
2008 3408 2179 3452 trans-

570 3485 789 3550 latione,
822 3502 943 3557 quze
972 3503 1000 3541 a
1031 3488 1188 3542 nobis
1213 3488 1323 3543 suis
1353 3488 1487 3543 locis
1512 3504 1747 3559 expensa
1774 3498 1919 3545 sunt.
1950 3489 2180 3559 Subjicit

569 3576 815 3635 Breulius
845 3580 1103 3635 libiorum
1132 3580 1363 3636 indicem
1394 3583 1497 3637 hoc
1527 3582 1683 3637 titulo
1715 3601 1727 3636 :

575 3668 750 3748 ludes;
793 3673 1044 3748 librarum
1087 3674 1146 3730 S.
1191 3674 1385 3748 lsidori
1432 3674 1765 3748 Hispalensis
1811 3677 2069 3748 episcopi,
2111 3695 2177 3733 ea:

645 3744 824 3813 quibus
849 3761 935 3799 eos
962 3747 1046 3815 qui
1076 3762 1211 3798 nunc
1240 3747 1457 3815 primum
1501 3746 1755 3814 prodeunt
1784 3744 1848 3801 ἱη⁷
1876 3744 2061 3803 lucent
2083 3766 2177 3803 no-

649 3824 781 3869 tatus
812 3817 880 3869 ad
908 3818 1195 3887 marginem
1226 3818 1476 3870 astericus
1502 3818 1721 3872 indicat.

644 3905 735 3978 2|.
777 3905 1073 3977 Originum,
1104 3908 1218 3964 sive
1246 3906 1702 3978 Etymologiarum
1735 3910 1853 3965 libri
1888 3910 2098 3978 viginti.
2162 3908 2165 3911 λ

645 3977 726 4060 .De
756 3978 1097 4047 Dillercntiis,
1147 3981 1262 4035 sive
1294 3977 1631 4050 Proprietate
1671 3977 1986 4049 verborum,
2035 3982 2171 4039 liber

574 4064 799 4121 prunus.

648 4120 721 4175 De
750 4120 1072 4177 Dilferenliis
1093 4122 1442 4192 spiritalibus,
1471 4122 1609 4177 liber
1636 4122 1924 4177 secundus.

646 4192 1101 4262 Synonymorum,
1125 4191 1245 4247 isive
1272 4191 1715 4259 Soliloquiorum,
1748 4192 1867 4247 libri
1893 4193 2020 4250 duo.

649 4260 723 4331 De
745 4260 1065 4331 Contemptu
1095 4263 1279 4319 mundi
1309 4263 1539 4317 libellus.

650 4330 842 4385 Norma
871 4331 1101 4388 vivendi.

651 4402 668 4422 '
707 4400 1027 4459 Exhortatio
1067 4403 1383 4473 paenitendi,
1425 4418 1547 4457 cum
1591 4404 1962 4459 consolatione
1991 4418 2047 4461 et
2074 4409 2175 4463 mi-

576 4474 864 4529 sericordia
904 4474 1024 4540 Dei,
1061 4472 1127 4529 ad
1165 4474 1397 4528 animam
1440 4472 1615 4527 futura
1656 4475 1849 4543 judicia
1881 4477 2175 4533 formidan-

578 4554 706 4625 tem.
773 4543 944 4625 Quam
992 4561 1059 4601 ex
1107 4561 1207 4625 ms.
1254 4544 1455 4625 Codice
1508 4545 1958 4625 bibliothecazns.
2000 4547 2173 4625 glabri
2206 4564 2255 4625 υ

576 4614 938 4683 Fossatensis,
990 4616 1259 4687 quondam
1310 4616 1586 4686 regularis,
1636 4633 1689 4672 v.
1717 4617 1786 4673 cl.
1832 4616 1953 4673 Nic.
2000 4618 2175 4675 Faber

579 4687 858 4742 transcribi
889 4688 1120 4743 curavit.

650 4761 665 4831 _'
707 4754 1390 4831 Lamentumpoenitentiae,
1406 4772 1568 4815 versu
1588 4776 1649 4816 ac
1666 4760 1863 4831 duplici
1885 4759 2175 4831 alphabeio

576 4826 801 4882 editum.
834 4825 912 4882 Ex
941 4825 1131 4883 eadem
1160 4828 1505 4885 bibliotheca.

651 4898 668 4919 ⁹
707 4896 889 4953 Oratio
919 4900 1123 4972 prolixa
1153 4900 1209 4954 8.
1241 4896 1452 4972 lsidori,
1497 4902 1563 4957 ad
1594 4900 1765 4958 ﬂenda
1804 4917 2019 4971 semper
2046 4919 2173 4972 pec—

577 4977 720 5035 cata,
750 4981 849 5039 pro
878 4970 1218 5025 correctione
1246 4971 1386 5026 vice.
1420 4971 1500 5026 Ex
1527 4974 1713 5028 eadem
1746 4970 2096 5029 bibliotheca.

650 5041 668 5060 '
706 5040 891 5095 Oratio
920 5039 1159 5108 ejusdem
1190 5042 1387 5107 brevis,
1420 5052 1607 5099 contra
1636 5043 1857 5099 insidias
1879 5042 2102 5099 diaboli.

649 5108 884 5185 Epistola
914 5111 982 5167 ad
1012 5111 1313 5185 Massanum
1337 5113 1494 5183 (alias
1512 5113 1836 5185 Massonem)
1850 5114 2171 5185 episcopum

575 5180 643 5252 de
678 5182 841 5252 lapsu
880 5190 936 5237 et
976 5184 1319 5252 reparatione
1346 5180 1680 5240 sacerdotis.
1728 5180 2172 5243 Ex'bibliotheca

573 5250 632 5324 S.
662 5250 913 5308 Germani
940 5268 971 5308 a
994 5250 1169 5309 Pratis
1199 5255 1404 5324 integra
1436 5255 1639 5310 reddita
1673 5272 1685 5307 :
1726 5271 1847 5311 cum
1876 5264 2034 5311 antea
2064 5273 2172 5314 non

573 5323 675 5395 nisi
707 5324 1003 5395 fragmenta
1032 5324 1275 5395 quaedam
1303 5323 1560 5395 impressa
1589 5334 1884 5381 exstarent.

649 5394 726 5451 De
758 5393 958 5451 Natura
1004 5393 1205 5461 rerum,
1242 5396 1357 5453 sive
1380 5393 1472 5455 de
1499 5396 1718 5464 Mundo,
1749 5398 1818 5452 ad
1861 5396 2171 5455 Sisebutum

573 5479 777 5535 regem,
810 5466 960 5522 liber.
1254 5473 1258 5477 ‘

650 5539 672 5610 ,ξ’
703 5537 1123 5610 (Σὴῐοιι-ἰεοηίθι)
1174 5539 1328 5596 initio
1374 5540 1580 5604 mundi,
1631 5555 1802 5610 usque
1851 5538 1917 5593 ad
1965 5556 2165 5599 annum

575 5608 820 5733 animum
865 5608 1193 5665 Suinthilani
1238 5610 1380 5681 regis
1421 5608 1745 5693 Gothorum,
1782 5626 1879 5680 per
1924 5610 2166 5669 Garsiam

621 5693 822 5733 oausam
848 5679 1210 5733 emendatum.
1240 5690 1296 5733 et
1323 5681 1543 5733 scholus
1568 5682 1911 5733 illustratum.

621 5679 822 5733 oaisam
848 5679 1210 5746 emendatum,
1240 5690 1296 5736 et
1309 5679 1543 5736 'scholiis
1568 5679 1911 5737 illustratum.

648 5748 953 5829 Chrornicon
981 5748 1304 5823 Gothorum,
1342 5751 1578 5811 Historia
1633 5751 2040 5825 Wandalorum,
2072 5756 2167 5814 Hi-

585 5818 752 5878 8toria
779 5818 1096 5877 Suevorum.

2271 519 2723 636 migdmmentaria
2744 580 2796 653 in
2816 579 3091 647 Geuesim,
3116 581 3166 636 in
3188 579 3539 653 Exodugn.
3565 582 3632 636 in
3662 582 3965 653 Leviticum,

2272 653 2325 708 in
2366 652 2646 717 Numeros,
2677 652 2730 707 in
2761 651 3277 720 Deuteronomium,
3315 652 3387 707 in
3426 651 3655 715 Iosue.
3692 655 3749 709 in
3793 651 3965 713 librum

2271 724 2542 794 iudicum,
2590 724 2644 779 in
2693 722 2884 778 librum
2938 722 3103 791 Ruth,
3128 724 3181 779 in
3208 721 3277 789 1,
3323 722 3421 790 ll,
3459 722 3571 790 111,
3608 724 3686 779 IV
3724 724 3864 794 Reg.
3890 730 3963 794 ,in

2529 865 2604 920 De
2623 864 2890 921 Antiocho
2912 881 3058 936 rege,
3081 878 3135 922 et
3155 865 3691 923 Machabeorum
3715 872 3957 941 martyrio

2277 946 2673 994 consummato.

2352 1009 2740 1077 Allegoriarum
2784 1008 3139 1079 quarumdam
3180 1024 3396 1065 sacra:
3453 1007 3797 1081 Scriptura
3838 1011 3951 1067 liber

2280 1095 2817 1221 ungfiScriptoribus
2839 1149 3244 1214 ecclesiasticis,
3277 1151 3456 1206 liber
3492 1167 3681 1207 unus.

2350 1222 2426 1277 De
2460 1219 2584 1292 vus
2621 1221 2707 1275 vel
2747 1219 2907 1275 Obitu
2931 1230 3242 1292 sanctorum
3283 1222 3402 1292 qui
3442 1221 3577 1277 Deo
3614 1223 3939 1292 placuerunt.

2353 1292 2429 1347 De
2470 1291 2761 1346 Nativitate
2808 1291 3055 1353 Domini,
3109 1291 3430 1357 Passio'ne,
3492 1291 3939 1355 Resurrectione.

2282 1377 2470 1431 regno,
2502 1372 2667 1434 atque
2709 1362 2937 1432 judicio,
2969 1362 3037 1418 ad
3077 1361 3463 1419 Florentiam
3520 1379 3793 1421 sororem
3826 1364 3938 1420 liber

2282 1449 2444 1560 Ὓῗί
2464 1505 2729 1567 eamdem.
2760 1505 2828 1561 de
2852 1504 3147 1559 Vocatione
3174 1506 3495 1572 gentium.

2352 1575 2429 1630 De
2476 1572 2681 1630 Ofﬁciis
2709 1575 3118 1640 Ecclesiasticis,
3180 1575 3321 1630 libri
3379 1576 3539 1631 duo.
3573 1575 3667 1634 Ex
3695 1577 3759 1635 C.
3784 1576 3851 1633 11.
3877 1576 3921 1633 8.

2280 1647 2453 1702 sancti
2480 1644 2739 1701 Germani
2767 1662 2797 1701 a
2826 1645 3002 1702 Pratis
3040 1646 3362 1702 emendati.

2354 1716 2593 1787 Epistula
2624 1717 2689 1770 ad
2718 1716 3064 1772 Ludifredum
3097 1716 3257 1788 (alias
3290 1716 3775 1788 Leudefredum)
3807 1717 3918 1772 Cor-

2208 1781 2254 1841 B
2279 1781 2575 1868 dubensem
2629 1788 2975 1868 episcopum,
3025 1781 3124 1868 “de:
3148 1787 3426 1868 episcopi
3494 1798 3567 1868 et_
3621 1781 3916 1868 cancrorum

2281 1859 2603 1931 clericorum
2630 1856 2684 1913 in
2714 1857 2953 1931 Ecclesia
2985 1858 3182 1931 ofﬁcio.
3217 1856 3423 1926 Hujus
3468 1861 3737 1931 epistolae
3762 1870 3915 1931 poste.

2281 1930 2393 2000 rior
2440 1946 2586 1999 pars,
2639 1946 2759 1999 qua:
2788 1930 3212 1993 desiderabatur,
3253 1946 3587 2000 quamque
3636 1930 3910 1984 Madritium

2281 1998 2552 2126 ﬂispaniu;
2593 1998 2873 2071 exemplar
2901 2000 3057 2055 nobis
3101 2000 3335 2056 tandem
3390 1998 3802 2073 suppeditavit,
3830 2000 3905 2054 ha-

2321 2088 2349 2126 e
2380 2087 2441 2125 ur
2470 2088 2521 2125 in
2548 2088 2628 2126 ra.

2321 2080 2441 2126 etur
2470 2072 2628 2126 infra.

2353 2140 2776 2203 Sententiarum,
2802 2142 2917 2197 sive
2936 2141 3004 2196 de
3030 2158 3244 2197 summo
3266 2142 3448 2199 δοηο
3473 2144 3609 2199 libri
3638 2153 3765 2197 tres.

2358 2214 2373 2232 '
2402 2212 2657 2282 Epistolas
2695 2214 3144 2284 aliquot,pra:ter
3169 2227 3269 2269 eas
3298 2230 3443 2284 qua:
3474 2222 3618 2271 ante
3646 2210 3898 2284 Etymolo-

2285 2285 2482 2356 gias_et
2505 2283 3138 2356 Synonymaqbahentur.

2360 2356 2377 2376 '
2407 2353 2610 2427 [tegula
2633 2353 3043 2427 monachorum.

2360 2428 2377 2446 ‘
2411 2424 2794 2481 De'Conﬂictu
2841 2426 3090 2481 vitiorum
3122 2435 3180 2482 et
3206 2426 3530 2483 virtutum.

2360 2502 2379 2519 '
2409 2494 2684 2559 Emositio
2725 2496 2777 2550 in
2805 2495 3027 2553 Cantica
3052 2498 3436 2553 canticorum.

2358 2570 2377 2590 ‘
2399 2566 2457 2621 8.
2490 2567 2740 2625 lldel‘onsi
2769 2568 2902 2622 liber
2926 2568 2994 2623 de
3026 2566 3164 2623 Viris
3199 2568 3555 2625 illustribus.

2358 2641 2376 2660 '
2404 2637 2564 2694 Liber
2588 2638 2655 2695 de
2684 2636 3034 2704 Dillercntiis,
3058 2640 3172 2694 sive
3199 2642 3573 2707 proprietate
3604 2641 3881 2696 verborum.

2285 2709 2387 2777 Qui
2410 2711 2462 2763 in
2490 2708 2983 2781 editione_Matritia
3014 2711 3137 2781 anni
3175 2708 3326 2765 1599
3353 2712 3599 2781 (praeter
3625 2712 3755 2766 alios
3772 2708 3878 2761 duos

2284 2782 2532 2860 δυρεξτὲειε
2562 2778 3475 2860 castetyeolosias.impressas)
3511 2790 3759 2860 repentis
3792 2783 3870 2860 es?

2360 2849 2379 2873 ⁵
2409 2849 2576 2925 Liber:
2598 2850 2713 2925 divi
2742 2849 2929 2925 lsidori
2958 2850 3026 2925 de
3056 2849 3596 2921 Virisfillustribus;
3642 2852 3731 2925 qui
3760 2854 3876 2925 certe

2281 2922 2422 2996 libro
2451 2923 2508 2978 S.
2535 2919 2789 2996 Ildelonsi
2817 2920 2885 2975 de
2907 2921 3099 2996 eadem
3142 2925 3387 2996 materia
3419 2919 3674 2996 praepeni
3699 2919 3863 2978 debuit.

2348 2995 2377 3045 d
2413 3009 2520 3048 non
2548 3000 2658 3047 tam
2690 2993 2800 3046 cito
2828 2990 2987 3047 nobis
3018 2992 3277 3049 innotuit.

2355 3065 2373 3084 '
2403 3064 2553 3119 Nota:
2591 3063 2828 3134 virorum
2867 3062 3150 3134 doctorum
3202 3065 3255 3119 in
3314 3064 3601 3134 quosdam
3643 3063 3793 3118 libros
3816 3056 3863 3110 D.

2281 3134 2493 3209 lsidori,
2524 3133 2908 3209 perdoannean
2940 3131 3201 3209 Grialium
3225 3131 3772 3209 collectmctauctgﬁ.

2356 3207 2376 3226 ‘
2406 3200 2737 3261 Glossarium
2762 3219 2828 3258 ex
2855 3203 3080 3273 diversis
3099 3220 3218 3273 qua:
3240 3207 3477 3262 nomine
3497 3204 3686 3260 lsidori
3706 3200 3862 3268 Hispa-

2282 3276 2448 3332 lensis
2488 3276 2729 3345 episcopi
2768 3272 3239 3339 circumferuntur,
3285 3277 3617 3333 collectum.

2354 3346 2646 3417 Scriptum:
2674 3351 2875 3400 sancta:
2902 3346 3289 3417 auctoritatnm
3341 3363 3468 3416 qua:
3500 3349 3557 3402 in
3584 3346 3688 3401 hoc
3725 3350 3855 3410 ορετε

2280 3415 2509 3488 sparsim
2537 3417 2715 3472 citata:
2742 3425 2795 3488 et
2816 3415 3095 3484 explicatae
3123 3427 3272 3488 sunt,
3299 3415 3495 3473 index.

2358 3488 2557 3560 Rerum
2580 3496 2634 3542 et
2657 3487 2946 3560 verborum
2965 3502 3086 3557 qua:
3108 3490 3159 3543 in
3183 3487 3293 3544 hoc
3324 3503 3503 3560 opere
3529 3486 3847 3545 continentur,

2282 3559 2445 3615 index
2479 3558 2908 3628 copiosissimus.
3314 3586 3317 3589 -

2352 3670 2439 3725 22.
2470 3669 2713 3725 Breulius
2741 3670 3054 3725 asteriscum
3082 3670 3148 3725 iis
3179 3671 3449 3739 operibus
3491 3668 3712 3741 praeﬁgit
3755 3673 3846 3731 quire

2277 3765 2333 3820 in
2363 3764 2602 3819 editione
2631 3762 2833 3832 Bignzci
2860 3762 3307 3819 desiderabantur
3326 3807 3347 3833 ,
3399 3766 3649 3835 quamvis
3684 3758 3778 3827 jam
3802 3753 3843 3805 in

2278 3854 2516 3910 editione
2545 3854 2733 3910 Grialii
2759 3868 2957 3909 excusa
2977 3854 3383 3925 apparuissent,
3407 3864 3469 3910 ut
3486 3850 3771 3909 Chronicon
3789 3841 3839 3896 ab

2278 3946 2436 4001 initio
2466 3946 2668 4013 mundi,
2692 3954 2747 4001 et
2773 3960 2837 4000 ea
2867 3945 3047 4000 omnia
3076 3961 3241 4015 Opera
3265 3962 3394 4017 qua:
3415 3953 3538 4016 post
3558 3944 3710 3999 libros
3729 3936 3836 3991 Sen-

2279 4039 2571 4093 tentiarum
2621 4046 2990 4093 recensentur.
3014 4036 3242 4093 Videtur
3281 4040 3436 4095 enim
3486 4034 3715 4091 Breulius
3748 4028 3835 4097 jam

2275 4128 2392 4186 fere
2419 4130 2489 4185 ad
2520 4130 2831 4186 umbilicum
2858 4145 3011 4185 suam
3050 4127 3358 4185 Editionem
3391 4127 3711 4201 perduxisse,
3737 4129 3832 4174 cum

2278 4222 2346 4278 ad
2381 4222 2500 4292 cjus
2526 4238 2715 4276 manus
2754 4222 2918 4278 editio
2947 4222 3098 4290 regia
3137 4222 3471 4278 Matritensis
3500 4215 3743 4292 pervenit.
3770 4208 3830 4262 Et

2279 4331 2388 4387 quo
2427 4314 2624 4370 accidit
2665 4323 2723 4368 ut
2760 4328 2823 4369 ea
2861 4315 3041 4368 omnia
3072 4329 3192 4383 qua:
3227 4315 3279 4367 in
3309 4313 3549 4370 editione
3576 4295 3824 4363 Matritensi

2281 4426 2311 4465 a
2343 4424 2402 4467 se
2444 4424 2552 4463 non
2581 4407 2868 4463 observata
2913 4409 3148 4478 reperit,
3191 4406 3356 4463 etiam
3385 4404 3567 4462 Grialii
3605 4408 3742 4455 notas
3774 4387 3823 4443 ad

2281 4502 2486 4557 calcem
2537 4500 2788 4569 reiecerit
2834 4516 2847 4553 :
2894 4514 3019 4555 cum
3058 4499 3277 4555 interim
3329 4504 3608 4556 contextus
3634 4494 3818 4559 operum

2279 4594 2546 4651 editorum
2576 4593 2692 4650 sine
2726 4593 2829 4647 ulla
2856 4590 3043 4648 Grialii
3071 4591 3449 4649 emendatione
3488 4575 3815 4676 permanserit.

2278 4701 2341 4743 ac
2367 4686 2542 4744 solum
2571 4686 2751 4757 aliqua
2779 4701 2847 4741 ex
2880 4694 3033 4757 parte.
3062 4700 3169 4757 ope
3192 4693 3441 4741 notarum
3465 4678 3631 4754 juvari
3657 4671 3810 4745 p055"-

2347 4799 2436 4854 25.
2468 4800 2527 4856 ln
2547 4800 2649 4856 hac
2675 4799 2877 4855 Breulii
2902 4800 3141 4856 editione
3169 4801 3511 4870 praefationes
3531 4778 3813 4875 Matritensis

2276 4890 2526 4948 editionis
2558 4892 2721 4962 286
2747 4891 2974 4947 omissas
3012 4905 3153 4961 aegre
3212 4890 3391 4947 ferunt
3428 4873 3730 4945 Colomesius
3764 4873 3808 4926 ei

2277 4982 2387 5047 alii,
2413 4990 2472 5036 ut
2499 4983 2707 5038 notavit
2735 4981 3012 5038 Fabricius
3042 4982 3095 5037 in
3118 4982 3257 5038 Bibl.
3287 4983 3430 5039 med.
3452 4979 3564 5036 mvi.
3584 4966 3804 5065 Judiciutn

2275 5075 2699 5151 doctissimiviri
2730 5075 2958 5130 Andrea:
2983 5075 3235 5131 Burrielii
3263 5075 3331 5130 de
3356 5083 3570 5143 utraque
3597 5068 3684 5121 hac
3706 5054 3799 5114 edis

2276 5168 2442 5235 tione,
2473 5164 2744 5223 Grialiana
2772 5176 2826 5223 et
2856 5167 3178 5233 Breuliania,
3212 5167 3406 5239 protuli
3434 5157 3644 5236 cap.55.
3666 5157 3801 5223 Ρ¹⁸⁰Ρ⁶

2275 5258 2457 5316 linem.
2500 5260 2751 5332 Alioquin
2796 5258 2960 5314 editio
3009 5258 3293 5315 Breuliana
3337 5256 3497 5314 nitida
3540 5249 3690 5335 etiam
3713 5244 3793 5335 es},

2274 5360 2527 5408 accurata
2556 5360 2613 5407 et
2636 5352 2837 5422 Bignaei
2866 5352 3103 5408 editione
3124 5351 3283 5421 longe
3302 5344 3643 5421 praestantior;
3665 5333 3795 5397 ﬂes“

2274 5460 2491 5517 quoque
2520 5442 2817 5499 Matritensi
2846 5443 3080 5507 uberior,
3113 5442 3359 5513 quamvis
3388 5438 3548 5496 minus
3571 5425 3784 5517 cortem.

2270 5515 2332 5594 In
2379 5515 2604 5608 utraque
2644 5547 2822 5593 tamen
2865 5536 3103 5593 editione
3150 5535 3419 5592 Grialiana
3462 5515 3821 5619 etBreuliana‘

2271 5629 2425 5687 deest
2469 5630 2604 5687 liber
2648 5630 2717 5685 de
2766 5629 3022 5685 Doctrina
3066 5638 3121 5684 et
3168 5626 3303 5685 Fide
3353 5610 3821 5696 Ecclesiasticorutllg

2272 5726 2603 5796 do‘gmatum,
2635 5740 2665 5779 a
2688 5723 2903 5793 Bignaeo
2932 5722 3247 5793 productus,
3268 5719 3362 5793 qui
3385 5713 3566 5773 Isidoro
3589 5719 3616 5758 a
3639 5690 3781 5796 mulli?
3808 5693 3813 5725 i
3886 5722 3889 5723 '

2274 5792 2546 5888 tribuitur,
2577 5827 2652 5889 et,
2676 5816 2922 5890 quamvis
2938 5792 3011 5874 re
3038 5831 3167 5874 vera
3194 5792 3384 5874 lsidori
3408 5820 3503 5868 non
3523 5800 3609 5865 sit:
3636 5792 3775 5847 “me”
