4070 6362
123 363 229 423 2'25

1073 340 1458 404 ISIDORIANA
1495 330 1757 395 —-PAR8
1790 334 1831 393 I.
1870 331 2029 390 CAP.
2073 326 2359 387 XXXVIII.

3285 316 3390 395 ass

125 495 234 539 non
261 474 451 532 minori
500 471 622 542 jure
666 476 829 539 atque
867 466 971 522 alia
1001 479 1199 537 opera,
1250 463 1302 516 in
1344 456 1696 530 πβῡεηάίοθῐη
1730 460 1773 516 Α
1801 450 2095 542 ἶάίιίοηθῐη
2138 442 2534 542 ίιιξεξηξξιρρξξιξ
2884 453 2949 496 δε
2977 438 3156 495 είυάίο
3210 448 3264 495 el
3292 454 3389 509 ³3·

124 572 406 633 dubiorum
436 577 529 624 aut
554 563 955 636 suppositorum
985 558 1179 629 conjici
1208 561 1406 626 potest.

192 662 280 716 24.
300 658 551 730 Repetita
571 664 656 713 est
676 654 843 711 editio
862 651 1150 707 Breuliana
1174 646 1411 717 Operum
1433 643 1490 700 S.
1515 639 1708 697 Isidori

126 754 360 813 Coloniae
388 750 545 816 1617,
590 749 731 821 typis
776 763 884 803 non
918 746 989 800 ita
1020 742 1381 813 elegantibus;
1413 738 1580 793 editio
1603 734 1707 788 Pa-

127 848 359 904 risiensis
381 851 588 901 constat
618 841 827 916 paginis
851 838 979 907 975,
1005 834 1342 892 Coloniensis
1363 831 1489 898 631,
1518 836 1711 900 praeter

129 939 347 997 indices.
380 937 438 991 In
468 935 777 992 Coloniensi
818 941 941 1003 post
984 929 1193 984 titulum
1222 944 1254 982 a
1283 923 1500 979 Breulio
1535 935 1708 990 appo-

128 1032 282 1087 situm
314 1030 558 1084 additur:
595 1025 770 1081 Editio
798 1036 1057 1094 postrema
1086 1020 1306 1081 auctior,
1336 1026 1383 1071 et
1412 1014 1709 1076 correctior,

131 1120 353 1177 Colonia:
380 1120 716 1193 Agrippinae,
748 1114 1032 1187 sumptibus
1062 1110 1272 1166 Antonii
1320 1107 1527 1170 Hierat,
1573 1120 1713 1158 anno

130 1212 280 1265 1617.
313 1210 422 1266 Sed
468 1226 645 1281 neque
683 1209 917 1275 auctior,
951 1219 1124 1274 neque
1153 1200 1452 1257 correctior
1478 1205 1562 1253 est
1596 1196 1713 1251 edi-

133 1307 272 1360 tione
301 1304 503 1359 Breulii
552 1303 817 1368 Parisina,
867 1317 992 1357 cum
1039 1314 1145 1354 non
1192 1298 1259 1352 sit
1289 1296 1392 1350 nisi
1429 1293 1658 1364 repetita
1684 1307 1717 1346 a

132 1396 487 1468 typographo,
521 1406 583 1451 ut
624 1394 768 1462 dixi,
817 1393 1033 1449 nemine
1061 1390 1453 1447 correctionem
1485 1386 1718 1455 aliquam

130 1490 317 1562 prioris
362 1490 620 1547 editionis
661 1497 916 1552 curante;
964 1501 1030 1541 ac
1067 1485 1242 1541 solum
1294 1482 1429 1537 ordo
1468 1488 1720 1535 notarum

131 1588 414 1645 Grialianm
444 1582 700 1640 editionis
725 1588 964 1635 mutatus
983 1577 1083 1632 fuit
1110 1595 1125 1643 ;
1158 1585 1213 1631 et
1242 1583 1380 1630 nota:
1405 1574 1459 1628 in
1486 1572 1721 1628 Senten-

132 1682 319 1736 tiarum
372 1692 517 1749 opus
563 1690 634 1730 ex
683 1673 919 1729 editione
967 1667 1286 1725 Taurinensi
1342 1681 1439 1736 per
1483 1662 1723 1731 singulos

132 1770 291 1827 libros
318 1765 754 1839 conspiciuntur.
785 1762 1035 1818 Additum
1068 1773 1283 1829 quoque
1313 1766 1398 1813 est
1425 1756 1579 1811 initio
1610 1754 1725 1810 elo-

133 1861 269 1931 ginm
320 1857 520 1915 Isidori
565 1873 634 1913 ex
683 1855 823 1911 libro
852 1851 1164 1909 Bellarmini
1210 1851 1277 1905 de
1320 1848 1585 1919 Scriptor.
1617 1860 1722 1902 ec—
1754 1842 1801 1903 B

135 1952 363 2008 clesiast.

636 2015 864 2075 CAPUT
912 2012 1202 2070 XXXVIII.

141 2138 305 2194 Editio
326 2138 587 2193 recentior
620 2132 943 2189 Matritensis
974 2130 1199 2202 Operum
1241 2128 1302 2183 S.
1334 2124 1548 2202 Isidori.
1579 2121 1723 2177 Eru-

202 2212 307 2263 dita
333 2209 608 2279 praefatio,
640 2220 754 2279 qua:
781 2197 1149 2279 Ituic‘edit'ioni
1167 2197 1723 2279 prwmittendamppla-

204 2264 462 2343 rabaiur:
511 2264 606 2333 η’
646 2264 961 2330 adversariis
1015 2264 1295 2326 clarissimi
1344 2268 1569 2322 auctoris
1634 2264 1726 2319 de-

209 2360 471 2421 prompta.

207 2463 257 2519 l.
314 2461 744 2518 Bartholomaaus
797 2457 993 2523 Ulloa,
1055 2452 1350 2524 bibliopola
1400 2448 1728 2506 Matritensis

142 2556 333 2611 nostris
370 2553 705 2625 temporibus
733 2551 875 2606 haud
906 2548 1176 2619 ignobilis,
1222 2561 1347 2601 cum
1375 2542 1731 2600 intellexisset

143 2661 330 2702 novam
354 2645 592 2717 Operam
618 2645 678 2699 ὃ.
706 2642 895 2699 lsidori
922 2640 1213 2695 editionem
1255 2638 1367 2707 jam
1396 2634 1604 2706 pridem
1631 2633 1730 2688 de-

140 2737 398 2801 siderari,
455 2736 523 2792 ad
569 2751 691 2792 eam
736 2732 1069 2803 elegantibus
1117 2729 1303 2784 formis
1365 2724 1731 2781 adornandam

140 2839 356 2885 strenue
409 2842 697 2899 aggressus
724 2834 847 2884 .est.
911 2823 991 2878 En
1034 2822 1252 2877 titulum
1308 2838 1321 2874 :
1377 2818 1493 2874 Divi
1540 2817 1735 2873 Isidori

139 2916 477 2989 Hispalensis
502 2916 729 2986 episcopi
761 2912 936 2984 Opera
964 2911 1199 2981 Philippi
1229 2908 1293 2965 II
1322 2907 1577 2964 Catholici
1600 2908 1735 2979 regis

130 3009 282 3079 jussu
323 3017 374 3062 et
411 3007 621 3062 vetustis
650 3004 1031 3076 exemplaribus
1060 3002 1352 3066 emendata,
1386 3017 1522 3055 nunc
1568 3000 1734 3055 denuo

139 3099 539 3169 diligentissime
569 3105 822 3164 correcta,
852 3105 1004 3167 atque
1039 3094 1297 3166 aliquibus
1336 3092 1597 3163 opusculis
1626 3091 1735 3162 Ap-

1808 536 2023 590 gressus
2050 514 2248 590 sumet
2274 515 2534 590 perlicere
2561 514 2766 568 curavi.

1879 592 1931 646 4.
1975 591 2042 645 Ει
2067 579 2289 659 quidem
2310 588 2657 659 vehementer
2684 582 2930 659 amabam
2954 598 3071 659 non
3103 580 3277 659 solum
3298 579 3395 637 Isi-

1810 663 1927 719 dori
1955 652 2131 732 Opera
2157 660 2268 729 jam
2298 658 2426 713 olim
2457 656 2866 732 excusadenuo
2887 653 3103 732 optimis
3123 652 3399 732 characte-

1810 721 2261 801 ribus,'aliisqiie
2324 723 2823 801 ornamentis'quze
2878 721 2964 801 ad_
3001 721 3394 796 typographum

1811 792 2101 873 spectant,
2151 792 2371 873 praedita
2424 799 2475 873 in
2524 792 2779 873 medium,
2801 792 3153 873 “producere,
3211 808 3397 873 verum

1812 864 2023 939 etiam,
2079 864 2316 940 undique
2372 869 2585 925 collatis
2645 864 2918 940 veteribus
2973 864 3348 940 manuscriptis
3380 906 3397 933 ,

1813 932 2203 1007 emendatiora,
2228 932 2469 997 auctiora
2509 939 2907 1007 illustrioraque
2936 935 3137 1006 publici
3153 936 3288 1007 juris
3317 932 3402 1007 fa;-

1815 1030 1958 1071 cere.
1989 1013 2094 1068 Sed
2124 1003 2290 1067 animi
2317 1011 2427 1066 vim
2459 1010 2714 1079 repressit
2744 1003 2853 1079 tum
2882 1003 2957 1079 rei
2984 1006 3298 1079 magnitudo
3320 1003 3399 1059 fa-

1815 1087 2049 1163 cultates
2087 1100 2236 1163 meas
2278 1076 2561 1163 superans,
2599 1096 2732 1163 _cum
2771 1076 3009 1163 ejusdem
3043 1078 3147 1160 mei
3176 1083 3405 1155 conatus

1816 1172 1939 1227 spes
1967 1153 2309 1227 velomnino
2334 1147 2445 1220 jam
2490 1151 2723 1227 expleta,
2764 1150 2856 1227 _vel
2885 1164 2991 1204 non
3022 1148 3124 1202 nisi
3153 1162 3294 1227 :egre
3319 1147 3402 1227 n_i_-

1816 1216 1920 1281 n'iis
1948 1224 2233 1295 explenda.
2260 1216 2605 1295 rNe'mo_eniin
2635 1216 2811 1295 nescit
2849 1226 3050 1295 quanta
3080 1216 3407 1295 cura_et_di-

1818 1288 2062 1367 ligentia,
2094 1291 2650 1367 acceden_te_Philippi
2677 1290 2721 1345 Il
2749 1289 3123 1367 Hispaniarum
3152 1288 3410 1367 principis

1820 1358 2180 1436 anguistiSSimi
2204 1358 2761 1436 specialimandato,
2786 1358 2887 1415 viri
2912 1376 2982 1416 ex
3010 1368 3122 1415 tota
3153 1358 3410 1429 Hispania

1821 1430 2139 1501 doctissimi,
2170 1430 2488 1503 conquisitis
2517 1432 2641 1487 hinc
2672 1430 2936 1503 indenon
2964 1446 3060 1501 per
3080 1438 3255 1503 totam
3286 1438 3407 1503 tan-

1822 1516 1935 1562 tum
1962 1498 2310 1576 Hispaniam;
2323 1504 2416 1558 sed
2437 1503 2607 1576 etiam
2616 1517 2715 1576 per
2736 1498 3179 1576 universamfere
3202 1498 3413 1576 Italiam

1825 1570 2073 1648 antiquis
2096 1574 2403 1639 Codicibus,
2437 1570 2631 1648 singuli
2663 1580 2854 1648 partes
2893 1572 3131 1648 singulas
3155 1572 3220 1648 ad
3255 1570 3413 1648 tr_uti-

1826 1640 2320 1708 nam'revocantes,
2349 1640 2771 1700 omnia’tand’em
2792 1641 2967 1698 sancti
2996 1640 3184 1697 Isidori
3209 1642 3411 1711 scripta

1827 1734 1945 1789 quae
1994 1718 2221 1773 inveniri
2264 1724 2555 1789 potuerunt
2598 1721 2658 1768 et
2696 1712 3077 1789 eluendarunt,
3120 1720 3177 1766 et
3203 1710 3418 1789 selectis

1829 1779 2280 1844 annotationibus
2313 1786 2666 1841 illustrarunt.
2696 1782 2835 1838 Hinc
2872 1782 3071 1853 prodiit
3108 1779 3418 1853 ann_oI'599

1826 1859 1993 1915 editio
2014 1859 2165 1926 regio
2194 1858 2409 1913 nomine
2440 1855 2709 1926 insignita,
2740 1850 2903 1923 quam
2921 1850 3159 1926 Joannes
3185 1850 3422 1926 Griali‘us

1821 1930 1906 1985 vir
1935 1922 2296 1990 clarissimus,
2325 1922 2563 1982 aliorum
2584 1922 2899 1993 perfunctus
2920 1923 3226 1993 laboribus,
3272 1922 3422 1991 adje-

1822 2001 1925 2056 ctis
1941 2015 2158 2070 quoque
2177 2000 2305 2060 suis,
2328 1992 2661 2070 Philippoilll
2680 1996 2789 2070 jam
2806 2004 2932 2070 tunc
2948 1992 3421 2070 regnanti_n_uncu-

1826 2064 2033 2151 patent,
2049 2064 2282 2151 2min
2296 2064 2486 2151 vulgus
2506 2064 2706 2151 emisit.
2730 2064 2952 2151 Regiam
2971 2066 3111 2151 hanc
3129 2064 3421 2151 editionem

1826 2135 2347 2211 optimarﬁquidem,
2376 2144 2540 2206 atque
2565 2136 2685 2211 aliis
2709 2136 2873 2211 etiam
2905 2135 3295 2204 posterioribus
3324 2149 3417 2211 an_-

1826 2205 2189 2282 téponenda'm
2236 2205 2764 2282 asserunternditi;
2822 2222 2930 2282 nun
2962 2215 3143 2282 tamen
3187 2205 3426 2282 numeris

1827 2276 2080 2338 omnibus
2109 2279 2412 2334 absolutam
2442 2277 2794 2332 arbitrantur.
2848 2276 3179 2331 Certandum
3226 2276 3423 2337 adhuc,

1828 2361 1885 2409 et
1912 2368 2054 2408 novo
2076 2351 2264 2405 labore
2285 2347 2641 2405 insudandum
2671 2347 2925 2412 clamant,
2952 2355 3009 2400 ut
3031 2344 3288 2414 Isidorus,
3320 2360 3426 2415 qua

1829 2439 1927 2494 par
1953 2430 2053 2487 est,
2084 2421 2252 2494 gloria
2283 2428 2340 2494 et
2386 2417 2589 2494 decore
2626 2416 2905 2494 proc_edat_
2929 2417 2983 2470 in
3013 2416 3305 2494 publicum.
3353 2415 3427 2494 At

1830 2487 2037 2558 dicunt,
2068 2487 2178 2548 non
2217 2492 2457 2546 faciunt:
2488 2487 2723 2545 Isidorus
2750 2487 2963 2558 interim
2994 2502 3133 2557 pene
3162 2489 3315 2555 latet,
3345 2493 3429 2541 at—

1830 2579 1938 2635 que
1966 2557 2165 2635 indies
2194 2562 2366 2631 magis
2393 2561 2673 2635 magisque
2695 2557 3051 2635 desideratur.

1904 2634 1959 2688 5.
1990 2633 2155 2702 Igitur
2179 2626 2322 2702 quod
2355 2646 2449 2701 per
2478 2626 2563 2685 me
2583 2626 2754 2702 'licet,
2784 2628 3041 2702 quodque
3063 2643 3105 2702 ‘a
3134 2642 3224 2684 me
3248 2634 3304 2683 et
3331 2626 3429 2702 ob-

1832 2698 2104 2761 servantia
2135 2698 2503 2765 in'lsido'rum,
2526 2710 2581 2756 et
2609 2698 2838 2770 publica;
2864 2698 3106 2770 utilitatis
3134 2714 3287 2754 amor
3313 2698 3432 2755 exi-

1833 2783 1985 2843 gunt,
2042 2775 2093 2828 id
2145 2779 2379 2843 praasto:
2433 2769 2677 2843 eamdem
2727 2771 2896 2843 ipsam
2925 2769 3177 2843 videlicet
3224 2772 3428 2843 regiam

1836 2840 2130 2900 editionem
2145 2840 2445 2912 integram,
2476 2841 2759 2912 illustrioriﬁ
2789 2841 2959 2912 forma
2990 2841 3271 2912 digestam,
3313 2840 3430 2896 ele—

1834 2909 2613 2985 gantioribuscharacteribus,
2636 2918 2692 2985 et
2712 2910 2876 2965 nitida
2899 2911 3107 2985 charta,
3134 2910 3185 2964 id
3214 2919 3429 2985 est,op-

1839 2978 1982 3056 iimis
2004 2983 2141 3056 typis
2170 2983 2311 3056 (quae
2334 2978 2652 3056 typograpbi
2679 2989 2804 3056 sunt
2830 2978 3427 3056 par_t_e_s),_conspicuain

1834 3049 2041 3110 iterum'
2062 3049 2115 3108 in
2145 3049 2408 3109 medium'
2427 3049 2664 3121 profero.
2692 3049 2879 3120 Neque
2908 3050 3022 3115 tibi,
3062 3051 3239 3121 lector
3263 3051 3428 3107 bene-

1833 3126 1979 3193 vole,
2010 3122 2152 3179 aliud
2183 3140 2212 3177 a
2266 3137 2355 3178 me
2398 3120 2788 3193 exquirendum
2840 3129 3013 3193 putes.
3042 3120 3112 3175 At
3163 3121 3427 3190 fortassis,

141 3190 372 3263 pendicis
401 3191 516 3245 loco
554 3198 727 3243 aucta.
772 3187 1000 3252 Matriti,
1042 3187 1179 3258 typis
1218 3195 1267 3239 et
1313 3186 1551 3255 expensis
1592 3182 1732 3237 Bar-

1836 3182 2161 3279 plura.sunt,
2178 3193 2408 3275 inquies,
2435 3182 2621 3279 Isidori
2646 3182 2866 3248 nomine
2888 3192 3143 3279 inscripta
3169 3182 3432 3279 opuscula

151 3281 403 3337 tholomwi
470 3279 625 3335 Ulloa
672 3296 691 3333 :
741 3278 882 3350 apud
949 3277 1323 3333 monasterium
1372 3275 1731 3345 Conceptionis

154 3370 577 3443 Hieronymiana:
614 3387 631 3425 :
664 3386 806 3425 anno
839 3368 1051 3423 Domini
1078 3366 1237 3422 I778.
1269 3368 1385 3423 Duo
1407 3380 1601 3435 magna
1633 3381 1732 3421 vo-

155 3464 345 3519 lumina
375 3461 557 3519 in-fol.

221 3556 374 3627 237
388 3553 444 3609 2.
468 3553 617 3610 Ordo
641 3553 893 3610 editionis
914 3551 1004 3609 hic
1027 3560 1129 3608 est.
1151 3549 1345 3607 Omnia
1364 3549 1554 3607 Isidori
1567 3563 1735 3620 opera

158 3657 263 3712 qua:
288 3660 317 3700 a
361 3643 571 3700 Grialio
615 3645 761 3701 edita
790 3656 935 3711 sunt,
965 3642 1155 3700 eodem
1202 3642 1393 3698 ordine
1439 3641 1737 3710 iisdemque

161 3737 364 3792 omnino
405 3737 572 3803 notis,
604 3736 871 3805 nullisque
912 3736 1031 3790 aliis
1069 3735 1222 3791 novis
1250 3733 1595 3790 recuduntur.
1628 3731 1739 3788 Nec

163 3827 337 3885 desunt
364 3829 597 3901 epistola
626 3828 954 3885 dedicatoria
982 3836 1040 3883 et
1077 3826 1325 3898 praelatio
1352 3824 1537 3880 Grialii
1567 3825 1635 3879 ad
1662 3825 1740 3879 le-

163 3925 369 3989 ctorem,
419 3936 589 3993 quam
630 3936 662 3976 a
698 3920 914 3976 Breulio
950 3920 1367 3991 praetermissam
1412 3918 1575 3971 fuisse
1605 3931 1739 3971 non-

164 4014 284 4069 nulli
305 4031 442 4086 aegre
474 4015 743 4082 ferebant,
770 4024 831 4070 ut
857 4015 1110 4070 diximus.
1144 4013 1310 4069 Adest
1338 4027 1475 4068 nova
1505 4010 1740 4067 Editoris

166 4108 387 4174 praefatio
408 4110 465 4166 in
504 4109 607 4165 hoc
632 4108 941 4181 exemplum
966 4127 981 4163 :
1562 4097 1569 4103 ’

170 4218 226 4274 1η
243 4236 418 4280 novam
445 4225 625 4281 sancti
654 4224 847 4280 Isidori
872 4223 1206 4286 Hispalensis
1244 4222 1471 4294 episcopi
1512 4219 1740 4293 Operum

428 4296 717 4352 editionem
741 4297 903 4350 brevis
925 4294 1158 4350 Editoris
1186 4297 1449 4366 prtefatio.

231 4387 279 4441 3.
303 4387 500 4446 Paucis
529 4397 583 4444 te
601 4389 747 4454 volo,
767 4389 940 4444 lector
962 4387 1247 4444 benevole.
1277 4386 1611 4443 Sanctissimi
1636 4386 1742 4443 Pa.

174 4458 256 4531 tris
296 4467 451 4531 atque
514 4459 798 4515 clarissimi
849 4458 1225 4529 Hispaniarum
1271 4457 1741 4531 doctorishlsidori

174 4525 327 4600 Opera
349 4525 558 4594 omnia,
589 4536 857 4600 quotquot
884 4525 1124 4595 exstant,
1158 4544 1383 4600 qumque
1409 4528 1741 4600 eruditorum

1838 3261 1957 3336 quae
1986 3264 2183 3321 frustra
2200 3261 2421 3336 injregia
2443 3264 2679 3336 editione
2694 3278 2932 3336 quaeras.
2964 3261 3148 3336 Exilis
3172 3261 3431 3336 nonnulla

1836 3332 2066 3407 sparsim
2096 3335 2165 3390 ab
2204 3334 2471 3407 aliquibus
2514 3333 2661 3407 fuere
2691 3334 2744 3407 in
2778 3332 3142 3407 luceni_edita
3175 3335 3431 3407 ;_re|iqua

1836 3403 2014 3463 adhuc
2044 3408 2098 3462 in
2129 3405 2479 3461 ecclesiarum
2510 3405 2762 3461 archiviis
2807 3406 2889 3459 vel
2932 3403 3272 3459 chartulariis
3300 3403 3436 3460 deli-

1841 3486 2077 3533 tescunt.
2097 3476 2236 3531 Sunt
2256 3476 2438 3545 plane,
2459 3475 2764 3545 eademque
2785 3475 2878 3530 tibi
2901 3490 3043 3530 nunc
3066 3474 3297 3545 exbibeo
3319 3475 3433 3545 Ap-

1836 3548 2086 3619 pendicis
2114 3544 2401 3619 locoiQua
2433 3547 2486 3600 in
2512 3560 2569 3600 re
2590 3544 3075 3619 conjecturzeniezc
3093 3544 3295 3619 eflcctu
3310 3544 3431 3617 ipso

1839 3614 2565 3690 comprobauelnculentum
2611 3614 2777 3690 habes
2809 3615 3192 3690 testimonium.
3225 3614 3436 3690 Revera

1838 3687 1980 3743 enim
2025 3704 2126 3744 nec
2168 3687 2357 3752 labori,
2390 3701 2491 3742 nec
2519 3687 2752 3757 sumptui
2796 3688 3031 3757 peperci,
3062 3694 3122 3740 ut
3163 3688 3345 3742 omnia
3371 3702 3437 3742 ea

1839 3759 2197 3829 requirerem,
2228 3772 2347 3828 qua:
2365 3771 2575 3829 novam
2616 3756 2910 3829 editionem
2948 3756 3253 3829 uberiorem
3281 3757 3437 3829 locu-

1840 3826 2598 3900 pletioremque‘reddereut.
2636 3828 2849 3900 Accepi
2897 3828 3078 3900 itaque
3131 3826 3266 3900 hinc
3314 3827 3439 3900 inde

1842 3896 2165 3968 apographa'
2180 3898 2364 3968 varia,
2382 3896 2555 3951 sancti
2581 3896 2770 3951 lsidori
2800 3896 3020 3951 nomine
3042 3896 3312 3968 insignita.
3329 3896 3438 3952 Sed

1844 3967 1908 4024 ea
1938 3986 1967 4047 a
1997 3969 2127 4047 viris
2155 3968 2328 4047 do_ctis
2355 3967 2408 4020 in
2440 3968 2697 4047 trutinam
2714 3974 2991 4047 revocata,
3012 3967 3331 4047 apocrypha
3353 3968 3438 4021 in-

1843 4045 2004 4093 venta
2034 4038 2184 4093 luere
2209 4036 2324 4091 fere
2350 4038 2553 4090 omnia.
2594 4035 2748 4089 Edidi
2780 4035 3133 4090 nihilominus
3158 4035 3211 4090 et
3231 4035 3286 4089 in
3317 4045 3436 4091 stu-

1845 4110 2120 4165 diosorum
2150 4108 2398 4177 gratiam,
2440 4114 2493 4162 et
2517 4106 2570 4161 in
2602 4106 2939 4162 eruditorum
2968 4106 3432 4162 exercitationem.

1843 4178 2030 4251 Itaque
2072 4178 2404 4248 singulorum
2454 4178 2688 4245 seriem,
2748 4178 2927 4233 addita
2983 4177 3134 4234 brevi
3169 4193 3434 4247 censura,

1844 4261 2149 4306 contexanL

1917 4321 1969 4375 6.
2014 4320 2250 4375 Primum
2283 4320 2493 4376 obtinet
2520 4320 2708 4392 locum
2726 4318 2882 4374 Liber
2901 4328 3118 4392 quartus
3141 4319 3441 4377 Sententia-

1847 4409 1984 4456 rum,
2008 4393 2100 4456 qui
2148 4392 2410 4446 hactenus
2438 4407 2469 4445 a
2510 4391 2783 4446 nonnullis
2814 4392 2883 4446 ob
2922 4391 3228 4456 aliquorum
3268 4393 3439 4448 Codi-

1846 4479 1990 4527 cum,
2027 4462 2218 4517 Isidori
2268 4477 2464 4518 nomen
2507 4462 2927 4530 prxel'ercntium,
2960 4462 3146 4527 Iidem,
3183 4471 3437 4531 tanquam

1848 4534 2092 4603 ejusdem
2125 4533 2299 4588 sancti
2330 4532 2570 4588 doctoris
2599 4534 2889 4600 genuinum
2921 4548 3056 4603 Opus
3077 4532 3175 4585 luit
3200 4532 3437 4603 habitus.

176 4598 389 4673 virorum
415 4598 692 4673 seittentia
732 4600 997 4673 genuinus
1021 4599 1259 4673 ejusdem
1289 4606 1413 4673 suut
1445 4598 1603 4673 fetus,
1638 4609 1741 4655 tute
1772 4603 1822 4664 Ι)
1847 4598 1915 4658 At
1936 4606 2047 4672 jam
2089 4612 2147 4658 ut
2176 4605 2414 4673 spurium
2461 4598 2767 4658 habendum
2809 4598 3075 4673 dubitavit
3123 4616 3315 4673 nemo,
3344 4602 3439 4673 qui

180 4680 235 4722 ac
274 4672 495 4739 publicae
542 4672 782 4726 omnium
834 4669 1048 4725 utilitati
1098 4669 1268 4723 libens
1320 4669 1511 4728 otfcro.
1561 4670 1743 4738 Neque

182 4751 335 4812 meam
363 4744 792 4812 qualemcunque
836 4755 1058 4812 operam
1088 4741 1140 4793 in
1182 4740 1292 4812 hac
1311 4740 1547 4812 editione
1586 4741 1746 4812 ador-

185 4808 521 4885 nandacuivis
551 4808 815 4882 ingratam
836 4808 1070 4885 futuram
1098 4816 1250 4885 puto.
1277 4808 1331 4864 Id
1345 4812 1486 4881 quoi
1516 4811 1599 4885 vel
1621 4811 1746 4885 inde

189 4878 301 4934 mihi
316 4883 448 4954 satis
500 4878 814 4954 persuasum
842 4881 1033 4954 habeo,
1048 4878 1319 4954 quoniam
1361 4878 1457 4950 per
1496 4880 1745 4954 dnogfere

192 4952 378 5019 macula,
426 4950 667 5010 ab'anno
692 4952 899 5009 scilicet
941 4950 1100 5012 1617.
1132 4951 1326 5015 nullus,
1368 4952 1511 5020 quod
1558 4952 1742 5016 sciam,

194 5022 470 5079 recudenda
491 5025 714 5081 curarit.
744 5022 998 5092 Exigebat
1024 5037 1153 5077 sane
1175 5024 1409 5078 auctoris
1432 5022 1746 5078 nobilissimi

195 5093 453 5175 umnigena
482 5112 562 5175 ac_
569 5094 979 5175 praeclarissima
1013 5092 1254 5175 doctrina
1284 5102 1364 5161 ut,
1391 5094 1745 5175 quemadmo-

196 5156 395 5243 tlltmjh
420 5156 670 5243 omnibus
684 5165 807 5234 jure
828 5166 1021 5220 merito
1050 5156 1391 5243 praedicatur,
1409 5156 1486 5243 ita
1507 5164 1747 5243 omnium

199 5232 418 5289 manibus
443 5236 534 5291 diu
578 5232 848 5306 noctuque
889 5232 1169 5306 tereretur.
1185 5232 1397 5306 _Verum
1436 5235 1489 5289 id
1516 5235 1605 5306 qui
1634 5234 1750 5291 lleri

199 5307 377 5379 lf--!9§t,
391 5306 486 5379 nisi
508 5303 836 5379 exemplaria
864 5305 1168 5379 abundent?
1184 5303 1258 5379 Ea
1274 5313 1495 5379 propter
1511 5303 1749 5379 ipsorum

202 5367 518 5440 dcsiderium,
559 5367 709 5448 quod
738 5378 989 5448 doctoris
1022 5384 1135 5431 toto
1164 5367 1296 5431 orbe
1343 5367 1753 5448 celebratissimi

205 5451 427 5527 magnum
444 5446 637 5527 nomen
665 5448 913 5527 augebat,
927 5446 995 5527 ad
1010 5462 1202 5527 novam
1223 5447 1511 5518 quamdam
1526 5461 1754 5527 eamque

206 5518 633 5593 accuratissimam
654 5519 1033 5574 elaborandam
1070 5518 1383 5593 editionem,
1412 5518 1745 5593 eruditorum

207 5586 440 5661 ξπιιίιίιιιιιε
469 5586 827 5661 Hispanorum
855 5588 1166 5661 praesertim,
1194 5590 1403 5661 animos
1429 5589 1753 5643 sollicitabat

210 5658 644 5741 gfftetttabatque.
674 5660 793 5741 Nec
812 5658 1299 5741 tanienprouterea
1328 5660 1556 5741 fuit,_qui
1588 5674 1753 5741 opera

211 5724 515 5804 tflrintiustria
534 5724 627 5804 sua
648 5731 874 5802 publicis
893 5724 1033 5787 votis
1044 5724 1399 5804 satisfaceret.
1429 5724 1555 5785 Haec
1576 5724 1755 5804 autem

213 5799 370 5873 zamia
407 5799 983 5873 animadvertensego,
1012 5802 1276 5873 simulque
1304 5817 1495 5859 verens
1536 5817 1605 5856 ne
1632 5800 1757 5857 inde

216 5851 730 5959 nummatus
739 5851 1035 5931 uagas;
1043 5851 1274 5947 Isara
1284 5851 1602 5941 aanimi;
1616 5851 1757 5929 iga;

1850 4670 2015 4729 libros
2071 4670 2310 4744 quinque
2369 4672 2769 4727 Sententiarum
2816 4687 2846 4725 a
2897 4671 3100 4727 Taione
3156 4670 3439 4729 Cwsara'u-

1849 4743 2098 4813 gustano’
2127 4743 2383 4813 episcopo
2429 4744 2719 4813 collectos,
2775 4751 2939 4810 atque
2978 4760 3010 4796 ιι
3056 4743 3439 4801 continuatore

1851 4810 2118 4886 Hispaniae
2133 4810 2464 4886 Sacrae—tum.
2487 4810 2657 4867 XXXI
2670 4813 2964 4886 novissime
2986 4814 3038 4886 in
3062 4814 3233 4870 lucem
3245 4815 3442 4883 editos,

1851 4883 2058 4942 attente
2107 4886 2315 4955 legerit.
2349 4883 2643 4955 Excerptus
2675 4900 2907 4953 namque
2954 4885 3077 4939 inde
3113 4893 3197 4941 est
3217 4894 3441 4955 quartus

1854 4956 2123 5038 llic-liber,
2169 4964 2231 5038 ut
2273 4955 2464 5036 cuique
2486 4956 2790 5038 .conf‘erenti
2820 4955 3043 5038 patebit.
3077 4956 3253 5038 Atque
3298 4965 3356 5011 ut
3386 4958 3441 5012 id

1853 5026 1995 5082 facili
2025 5027 2241 5097 negotio
2272 5025 2500 5095 perspici
2542 5025 3013 5097 valeathingulis
3048 5028 3313 5097 capitibus
3340 5044 3440 5083 an-

1853 5106 2089 5161 notatur,
2104 5096 2482 5169 quodnamex
2504 5110 2737 5165 quonam
2762 5096 2980 5152 Taionis
3008 5096 3166 5163 libro,
3188 5108 3243 5154 et
3264 5100 3442 5169 capite

1852 5170 1923 5225 sit
1943 5164 2305 5239 desmnptum.
2349 5164 2717 5223 Observantur
2762 5179 3021 5239 praeterea
3051 5169 3313 5225 lectiones
3332 5164 3439 5225 ’νει-

1852 5242 1976 5306 riae,
2034 5248 2088 5292 et
2129 5239 2323 5293 alicubi
2372 5254 2478 5310 non
2508 5247 2780 5309 perpetuae
2823 5239 3222 5310 Sententiarum
3273 5240 3442 5310 series
3486 5302 3501 5310 ﬁ

1854 5310 2089 5380 alioquin
2133 5310 2233 5365 sibi
2288 5308 2538 5380 utrinque
2580 5308 2932 5366 cohaerentes.
2984 5309 3113 5378 Qua:
3151 5311 3329 5366 omnia
3371 5308 3442 5365 ad

1855 5381 1954 5436 SS.
1980 5378 2217 5435 ’Patrum
2247 5378 2525 5452 Augustini
2554 5389 2609 5434 et
2646 5382 2891 5451 Gregorii
2930 5397 3128 5452 opera,
3173 5397 3204 5436 e
3247 5380 3441 5447 quibus

1858 5452 1990 5575 Τειίὲ
2018 5452 2184 5575 libros
2223 5450 2536 5521 compilavit
2580 5467 2740 5519 suos,
2791 5450 3102 5509 illustranda
3151 5452 3440 5523 plurimum

1858 5538 1952 5575 con
1992 5537 2127 5575 ucen
2158 5562 2173 5575 .

1850 5531 2173 5579 conducenL

1926 5593 1979 5648 7.
2020 5592 2329 5663 Sequuntur
2350 5591 2467 5647 Duo
2487 5593 2594 5648 alia
2620 5592 3285 5664 Sententiarumirapitula:
3307 5608 3443 5664 quo-3

1855 5680 1973 5721 rum
2001 5662 2235 5735 primum
2266 5680 2335 5718 ex
2363 5664 2485 5719 divo
2524 5666 2784 5734 Gregorio
2815 5681 2976 5735 super
3002 5662 3337 5735 Ezet-liielem
3373 5662 3443 5735 ad

1857 5737 2081 5791 verbum
2104 5745 2188 5789 est
2208 5734 2617 5805 depromptum;
2649 5734 2970 5789 alterum’ex
2996 5734 3190 5790 Juliani
3209 5734 3444 5791 Pomerii

1860 5805 1942 5861 De
1974 5805 2095 5871 Vite
2122 5805 2517 5876 contemplativa
2545 5806 2638 5863 lib.
2670 5822 2748 5873 in,
2776 5806 3040 5876 capitibus
3068 5806 3121 5867 5,
3146 5806 3201 5875 ι,
3223 5806 3255 5860 9
3279 5814 3334 5863 et
3358 5807 3443 5862 10.

1864 5878 2136 5934 Invenitur
2153 5878 2323 5935 hocce
2350 5891 2487 5947 opus
2510 5876 2652 5933 inter
2672 5878 2845 5934 sancti
2870 5879 3117 5949 l’rosperi
3144 5876 3450 5952 Aquitanis!
