4070 6362
202 270 303 329 255

1169 267 1578 329 ISIDORIANA.
1616 299 1687 315 -
1724 268 1902 331 PARS
1938 270 1983 331 I.
2022 270 2177 329 CAP.
2218 271 2503 330 XXXVIII.

3368 284 3478 343 254

268 385 355 441 η.
393 382 573 440 Liceat
598 382 654 438 in
698 383 927 469 stt-tanti
960 385 1252 469 momenti,
1277 394 1335 441 ut
1370 394 1615 469 nostrum
1642 402 1769 444 sen—
1799 401 1854 464 Α
1877 386 1997 469 libet
2026 387 2321 469 subjacente
2358 395 2712 469 creaturarum
2741 391 3089 469 corporalium
3115 396 3476 469 materiaﬁeri

201 474 314 516 sum
340 469 677 527 promamns,
710 454 1105 527 aliquantulum
1152 456 1443 512 immorari.
1477 457 1621 514 Ordo
1660 474 1773 514 ser-

201 524 434 600 vatus—Uini
454 524 677 600 prtel'ato
707 526 843 581 libro
872 526 943 600 de
967 527 1166 582 Ordine
1205 536 1594 594 creaturarum,
1628 530 1776 600 capi-

201 607 307 657 tum
334 598 522 653 divisio
549 638 564 661 ,
592 613 769 652 sermo
797 599 1042 653 concisus
1081 607 1136 653 et
1166 600 1463 668 proverbiis
1506 598 1732 655 refertus
1754 641 1769 667 ,

199 672 314 728 calx
339 670 455 725 sine
476 683 640 740 arena
660 710 673 735 ,
704 678 1021 724 caementum
1064 670 1267 740 absque
1296 670 1641 740 Speciositate
1667 670 1776 726 [οι--

199 756 294 798 mat
320 783 336 808 ,
366 749 421 795 et
446 739 803 823 perspicuitas
830 740 1108 823 sententia:
1148 739 1353 809 absque
1382 740 1684 823 facundia,
1714 758 1775 799 re

198 827 317 869 vera
346 811 525 867 omnia
566 810 706 865 inter
732 826 791 866 se
838 810 1028 865 collata
1054 853 1070 878 ,
1099 819 1399 880 congruunt
1441 813 1695 869 methodo
1743 829 1775 868 a

199 881 252 955 ξ.
305 881 507 955 Isidoro
564 882 618 936 in
671 882 808 937 libro
861 881 947 955 de_
979 880 1356 955 Etymologiis,
1403 892 1458 955 et
1510 885 1777 955 praecipue

200 954 577 1026 Sententiarum
604 962 871 1026 servatae,
919 953 988 1026 de
1041 953 1237 1026 quibus
1290 953 1543 1026 operibus
1598 953 1777 1010 nullus

196 1023 463 1094 hucusque
491 1023 793 1089 dubitavit;
822 1033 877 1078 et
922 1024 1047 1079 licet
1074 1023 1344 1080 hominem
1375 1032 1484 1080 tam
1513 1036 1779 1083 emunctae.

196 1095 330 1149 naris
358 1135 375 1159 ,
411 1102 471 1149 ut
515 1094 791 1149 Nicolaum
823 1094 1149 1159 Antonium,
1191 1112 1301 1152 non
1330 1096 1468 1151 bene
1496 1097 1779 1153 redoleant

196 1165 494 1221 dubietates
518 1167 675 1236 297
721 1166 864 1220 circa
894 1174 1096 1222 statum
1143 1168 1441 1223 animarum
1484 1177 1611 1239 post
1633 1184 1777 1225 mor-

196 1244 337 1307 tem,
381 1244 439 1291 et
479 1239 850 1307 purgatorium
876 1279 890 1302 ,
948 1246 1129 1293 tamen
1174 1254 1281 1293 non
1328 1238 1563 1294 demiror
1593 1238 1650 1294 S.
1682 1240 1782 1295 Isi-

195 1305 376 1362 dorum
406 1305 692 1362 obscurius
720 1307 821 1361 hac
850 1308 902 1361 in
940 1309 1165 1363 materia
1197 1308 1362 1365 fuisse
1391 1309 1647 1366 locutum.

257 1377 342 1431 45.
382 1376 713 1433 Evolventes
735 1386 978 1433 veterum
1010 1378 1226 1435 Patrum
1258 1380 1443 1445 libros,
1485 1389 1539 1435 et
1591 1396 1780 1438 eorum

192 1448 468 1519 opiniones
503 1449 693 1505 sedulo
722 1448 1068 1517 meditantes,
1110 1466 1216 1506 non
1244 1461 1621 1519 expavescent,
1654 1453 1781 1507 dum

190 1518 515 1589 perlegerint
561 1520 871 1590 episcOpum
921 1521 1260 1577 Alexandriae
1304 1518 1427 1578 cum
1457 1522 1512 1577 S.
1565 1523 1784 1579 Victore

225 1604 320 1659 apa
364 1594 434 1647 de
463 1591 551 1646 die
579 1590 856 1663 Paschatis
899 1593 1075 1646 acrius
1110 1593 1461 1663 disputasse:
1491 1592 1780 1660 Iustinum,

212 1675 441 1717 renatum
498 1669 554 1717 et
583 1662 719 1733 alios
758 1660 945 1717 Patres
974 1660 1223 1732 ejusdem?
1255 1664 1353 1718 τιξνί
1394 1664 1785 1733 aliquantulum

188 1730 605 1807 in_opinion_em_
632 1730 1054 1807 Millenariorum
1104 1734 1388 1807 prolapsos
1434 1730 1599 1791 fuisse
1631 1754 1644 1790 :
1675 1735 1784 1807 Cy-

187 1802 426 1877 prianum
484 1804 695 1877 fortiter
740 1805 1069 1877 obnitentem
1106 1802 1177 1861 'S.
1210 1802 1509 1877 Stephano
1541 1822 1692 1877 papae
1720 1802 1788 1862 de

187 1871 583 1943 rebaptizandis
610 1875 894 1937 haereticis,
924 1876 997 1930 ita
1026 1885 1085 1930 ut
1108 1891 1177 1931 ex
1205 1871 1355 1933 hisce
1385 1876 1515 1930 nihil
1538 1871 1787 1933 crederet

187 1941 502 2019 Cyprianus,
527 1954 795 2019 tanquam
822 1961 887 2001 ex
902 1946 1291 2019 instrumentis
1320 1948 1551 2003 mortuis
1577 1956 1632 2004 et
1675 1948 1786 2019 eje-

187 2016 281 2070 ctis
318 2017 383 2072 ab
409 2016 656 2072 Ecclesia
705 2017 820 2088 Dei,
853 2016 920 2072 ad
949 2018 1178 2079 salutem
1208 2019 1571 2088 spiritualem,
1598 2019 1663 2074 ad
1686 2016 1787 2075 nos

188 2100 341 2159 posse
366 2089 559 2143 venire
588 2106 601 2140 :
632 2098 686 2142 et
710 2086 979 2159 Hilarium
1018 2086 1390 2145 Arelatensem
1420 2090 1781 2159 objurgatum,

187 2164 237 2209 et
279 2158 329 2212 in
362 2159 611 2229 epistolis
641 2176 669 2230 a
699 2157 969 2230 S.7Leone
1009 2174 1144 2230 papa
1186 2160 1324 2215 fama
1355 2157 1522 2215 fuisse
1551 2157 1785 2217 diminu-

189 2235 320 2302 tum;
373 2231 491 2302 haec
518 2238 575 2284 et
620 2229 724 2302 alia
755 2229 831 2302 iis
854 2230 1049 2286 similia
1085 2229 1203 2287 non
1232 2232 1399 2286 torvis
1428 2231 1600 2302 oculis
1641 2233 1784 2302 aspi-

187 2298 358 2372 cient,
390 2301 570 2371 primo
596 2301 723 2370 quia
753 2301 880 2356 licet
926 2317 1139 2372 semper
1186 2302 1397 2357 articuli
1445 2300 1566 2358 ﬁdei
1619 2298 1779 2359 iidem

186 2366 408 2443 fuerint,
430 2388 538 2443 non
575 2366 757 2427 tamen
800 2372 991 2429 eodem
1044 2366 1288 2443 tempore
1328 2374 1560 2439 detecti;
1593 2391 1783 2431 omnes

186 2440 337 2515 enim
363 2442 417 2496 in
459 2442 720 2514 Symbolo
766 2440 1171 2512 apostolorum,
1186 2445 1326 2500 sicut
1354 2444 1409 2498 in
1440 2445 1587 2515 spica
1613 2459 1780 2514 grana

188 2510 363 2581 tritici,
391 2510 769 2586 continentur;
795 2510 890 2569 sed
920 2530 1029 2578 non
1053 2510 1160 2570 tam
1189 2523 1379 2586 aperte
1406 2510 1781 2586 et'prop'atulo

186 2595 367 2637 omnes
399 2593 607 2656 patent,
650 2585 753 2640 nisi
780 2586 997 2655 quando
1037 2595 1161 2656 post
1203 2585 1783 2643 discussionem’dete-

181 2663 398 2720 gttntur.

244 2722 333 2779 44.
373 2726 627 2783 Secundo
656 2744 670 2781 :
704 2726 908 2782 similes
934 2728 1313 2782 contentiones
1341 2728 1481 2782 inter
1510 2725 1700 2783 Patres
1728 2735 1784 2783 et

174 2793 429 2854 Ecclesia:
462 2798 716 2853 doctores
740 2812 849 2852 non
883 2813 948 2851 ex
979 2798 1250 2863 superbia,
1285 2797 1425 2853 fastu
1469 2806 1563 2851 aut
1589 2814 1781 2854 aversa

173 2869 479 2931 voluntate,
509 2868 603 2922 sed
634 2883 699 2921 ex
723 2867 957 2937 quadam
987 2868 1314 2932 sinceritate,
1342 2867 1649 2937 addiscendi
1689 2869 1784 2923 de-

169 2939 390 3001 siderio,
423 2948 484 2995 et
512 2938 675 2992 animi
696 2936 963 2992 sententia
990 2939 1041 2991 in
1070 2938 1230 2993 rebus
1254 2954 1375 3007 quae
1397 2937 1463 2991 ad
1486 2936 1642 2992 ﬁdem
1674 2954 1782 2994 non

165 3018 421 3079 spectare
476 3010 692 3065 sibimet
744 3008 1182 3079 persuadebant,
1227 3009 1585 3064 oriebantur:
1629 3018 1685 3064 et
1734 3009 1782 3065 si

171 3077 324 3135 lubet
372 3080 633 3151 adjicere,
666 3077 762 3135 SS.
797 3077 989 3136 Patres
1037 3079 1372 3151 singillatim,
1402 3079 1777 3151 uthomines,

172 3150 519 3223 potuisse‘in
557 3150 736 3223 aliquo
766 3152 963 3223 decipi,
996 3160 1087 3205 aut
1132 3149 1342 3219 errare,
1374 3150 1496 3205 audi
1524 3149 1780 3223 Augusti-

178 3220 300 3293 num
334 3222 389 3276 in
420 3220 917 3278 Retractationibus
962 3223 1073 3293 suis
1098 3224 1343 3291 quredam
1372 3223 1534 3277 verba
1567 3220 1634 3277 et'
1662 3226 1780 3293 opi-

180 3292 368 3347 niones
405 3300 707 3347 retractare
738 3309 845 3347 non
893 3292 1236 3360 dedignatum
1279 3294 1444 3347 fuisse
1470 3336 1485 3361 ,
1535 3302 1593 3347 ut
1622 3297 1780 3351 nobis

182 3360 495 3418 humilitatis
526 3364 665 3417 viam
695 3373 980 3419 sterneret.
1040 3362 1200 3419 Solus
1243 3364 1383 3419 Deus
1423 3360 1507 3419 est
1551 3380 1649 3434 per
1692 3382 1779 3421 es-

182 3434 404 3505 sentiam
436 3434 688 3505 sapiens,
716 3435 898 3489 omnia
946 3435 1083 3501 scit,
1109 3443 1304 3491 cuncta
1334 3435 1608 3505 percallet,
1642 3446 1698 3491 et
1724 3438 1779 3493 in

184 3503 323 3575 nullo
353 3503 546 3560 fallere
588 3505 835 3575 autfalli
866 3514 1060 3575 potest,
1094 3522 1195 3561 nec
1240 3503 1517 3575 hucusque
1548 3507 1694 3561 misit
1724 3508 1779 3563 in

186 3570 474 3631 Ecclesiam
508 3590 660 3630 suam
688 3574 745 3629 S.
774 3570 1051 3631 doctorem
1075 3578 1165 3643 qui
1208 3578 1260 3631 in
1307 3570 1556 3632 omnibus
1585 3586 1639 3632 et
1686 3595 1779 3633 su-

134 3706 137 3709 b
184 3657 273 3712 per
290 3661 482 3702 omnes
504 3654 644 3702 esset
670 3645 905 3715 perfecte
925 3647 1275 3712 illuminatus,
1293 3646 1388 3702 sed
1406 3650 1778 3704 tantummodo

186 3718 532 3788 eosreplevit
560 3717 787 3788 scientia
828 3719 1146 3788 congruenti
1178 3719 1330 3787 operi
1358 3719 1425 3771 ad
1452 3720 1595 3788 quod
1621 3718 1782 3773 desti-

186 3787 339 3857 navit.
384 3787 781 3844 Tertullianum
819 3788 998 3857 itaque
1028 3796 1081 3841 et
1109 3787 1374 3842 Iustinum
1415 3787 1574 3843 nemo
1621 3798 1777 3843 ante-

187 3856 361 3928 celluit
390 3859 443 3913 in
482 3858 745 3928 Apologia
769 3874 867 3928 pro
889 3858 1153 3913 catholica
1183 3859 1463 3925 religione,
1489 3856 1777 3928 Origenem

185 3933 233 4001 et
260 3926 649 4001 Hieronymum
679 3930 732 3983 in
758 3926 919 4001 sensu
950 3928 1280 4001 etversione
1324 3927 1531 4001 veteris
1562 3926 1616 3981 et
1644 3930 1779 3983 Novi

186 3995 531 4065 Testamenii,
567 3998 885 4067 Gregorium
917 4007 972 4053 et
996 3999 1336 4053 Ambrosium
1366 3999 1420 4052 in
1450 4012 1609 4052 sensu
1656 4014 1777 4055 mo-

188 4069 309 4139 rali,
362 4070 729 4138 Augustinum
787 4071 839 4124 in
871 4070 1204 4139 exponendis
1253 4070 1465 4123 arcanis
1510 4070 1695 4136 gratia:
1724 4079 1780 4126 et

187 4136 325 4195 liberi
374 4136 617 4197 ltofninis
666 4140 893 4206 arbitrii,
923 4136 977 4194 et
1027 4141 1077 4193 in
1109 4139 1368 4209 Hesperia
1399 4148 1580 4195 nostra
1607 4140 1778 4196 Isido-

188 4223 291 4264 rum
321 4212 371 4274 in
403 4210 796 4282 Etymologiis,
828 4212 1108 4266 sententiis
1131 4252 1146 4278 ,
1187 4220 1244 4267 et
1290 4213 1485 4266 artium
1517 4212 1777 4268 varietate

189 4292 241 4332 ca
251 4286 540 4339 nessenda.

250 4296 807 4425 ligua“iiionysium
852 4353 1658 4425 AtheniensemdAreopagitam
1706 4356 1775 4413 de

190 4418 367 4477 divinis
411 4418 757 4488 Nominibus,
788 4432 844 4477 et
885 4425 952 4477 de
981 4424 1186 4479 cmlesti
1234 4418 1567 4491 Hierarchia,
1604 4428 1777 4482 lector

191 4496 343 4568 possit
364 4496 584 4563 rimari,
618 4496 707 4548 lilo
730 4509 895 4568 aureo
925 4494 1165 4568 Angelici
1195 4495 1435 4551 doctoris
1462 4496 1519 4551 S.
1552 4497 1771 4551 'Iltomte

1878 457 2047 512 Deum
2088 457 2390 531 instituisse,
2421 460 2666 528 quoniam
2716 457 2957 514 non'Dei
3004 472 3221 531 partem,
3252 457 3477 525 sed'Det

1876 539 2168 609 creaturam
2198 528 2451 583 credimus
2479 546 2608 596 esse,
2640 546 2801 609 neque
2841 528 3041 609 aliquid
3069 528 3260 589 habere
3287 554 3478 609 corpo-

1876 599 1988 653 rale
2025 600 2079 652 in
2105 617 2199 655 sua
2227 610 2433 679 natura,
2460 610 2547 653 aut
2576 599 2800 655 calorem
2835 599 2938 679 _de'
2958 604 3129 674 ignea,
3151 621 3261 679 ,attt
3292 599 3480 679 [totum

1876 686 1941 725 ea:
1972 687 2129 738 aerea,
2158 681 2245 724 aut
2277 672 2537 725 humorem
2577 688 2641 725 ea;
2668 673 2930 739 aquatica,
2960 672 3048 728 aut
3074 672 3477 737 crassitudinem

1878 750 1926 818 et
1968 742 2283 796 soliditatem
2324 759 2389 796 ea:
2418 752 2656 818 terrena,
2686 754 2734 796 et
2779 746 2899 818 quia
2928 745 3011 798 Itis
3035 746 3272 803 omnibus
3303 763 3477 818 caret,

1878 812 2237 886 incorporeum
2263 830 2391 878 esse,
2433 822 2494 886 et
2517 830 2606 886 per
2639 812 2807 883 ipsam
2852 817 3383 886 incorporabttitatem
3426 812 3477 876 et

1878 881 2293 957 mutabilitatem,
2338 892 2388 957 et
2438 881 2588 957 liberi
2636 881 2841 939 arbitrii
2890 881 3214 957 potestatem,
3242 893 3479 947 eamdem

1878 969 1995 1077 (ἔξω
2022 954 2224 1037 angelis
2266 956 2454 1010 habere
2479 956 2845 1025 substantiam,
2875 954 3208 1032 creandique
3226 964 3479 1035 originem

1924 1041 2145 1077 ianosct.

1924 1041 2145 1079 80110868.

1945 1042 2269 1173 ξιῗᾛίτυω
2304 1105 2486 1153 autem
2512 1099 2734 1167 singulis
2763 1102 3083 1173 corporibus
3108 1101 3419 1173 singillatim
3444 1124 3477 1160 a

1883 1164 2212 1246 beo-anima
2246 1178 2481 1246 creetur,
2534 1164 2880 1246 an'tempore
2920 1172 3137 1237 Adami,
3172 1164 3258 1228 v'el
3289 1185 3482 1246 postea

1883 1234 2050 1310 fuerit
2093 1238 2300 1310 creatio
2328 1279 2343 1304 ,
2403 1240 2545 1295 hanc
2594 1234 2943 1310 qutesiionem
3018 1234 3259 1302 scientia
3289 1234 3485 1303 'refert

1884 1307 2214 1386 90nditoris,
2247 1309 2300 1363 in
2331 1310 2525 1386 quibus
2558 1307 2761 1386 verbis
2791 1329 2897 1368 non
2918 1313 3178 1386 _oIIendat
3206 1317 3482 1386 piissimus
3560 1321 3569 1335 '

1885 1377 2079 1457 lector,
2112 1394 2236 1457 nam
2266 1380 2452 1457 eadem
2482 1378 2727 1457 profecto
2748 1382 2989 1457 inveniet
3005 1385 3059 1439 in
3090 1385 3147 1440 S.
3174 1377 3481 1457 A'ngustino

1885 1458 1941 1503 et
1972 1450 2093 1521 aliis
2120 1451 2435 1506 doctoribus
2473 1451 2734 1521 quiante
2766 1468 2889 1508 eum
2938 1454 3189 1513 ﬂoruere.
3220 1450 3483 1514 Tintum-

1886 1519 2047 1575 modo
2088 1521 2251 1596 igitur
2276 1519 2546 1596 colligitur
2569 1520 2625 1577 S.
2651 1522 2913 1596 Isidorutn
2937 1527 3129 1596 pedem
3160 1528 3362 1595 ﬁxisse,
3386 1540 3484 1585 aut

1886 1594 2209 1666 sententiam
2257 1591 2502 1666 proferre
2543 1608 2649 1647 non
2697 1591 2952 1666 valuisse;
2982 1598 3109 1666 quia
3150 1614 3249 1653 nec
3278 1591 3481 1657 idi'outa

1890 1662 2267 1741 theologicam
2296 1663 2372 1741 de
2423 1663 2525 1719 hac
2552 1678 2614 1717 re
2662 1665 2838 1741 adhuc
2876 1662 3175 1741 constabat,
3206 1679 3263 1725 et
3289 1685 3485 1741 magna

1889 1732 2469 1814 caligineoinvolutum
2515 1735 2789 1801 manebat,
2832 1750 2901 1790 an
2942 1732 3230 1809 unicuique
3268 1732 3485 1814 corpori

1817 1810 1866 1871 B
1892 1801 2033 1858 Deus
2061 1804 2294 1859 animam
2315 1814 2547 1860 crearet.

1961 1872 2053 1949 48.
2077 1873 2264 1949 “Lucas
2292 1876 2569 1949 Acherius_
2598 1885 2783 1949 mouet
2811 1878 3041 1935 fortasse
3066 1880 3351 1949 legendum
3381 1886 3483 1939 im-

1890 1945 2286 1999 mutabilitatem
2331 1948 2383 2001 in
2435 1946 2659 2015 praefato
2708 1948 2830 2004 loco
2881 1952 2938 2006 S.
2972 1945 3180 2015 Isidori,
3226 1955 3321 2007 sed
3372 1971 3482 2010 non

1888 2028 2109 2090 egemus
2143 2018 2246 2073 hac
2280 2017 2641 2090 correctione,
2691 2034 2813 2072 nam
2841 2019 2894 2074 in
2924 2023 3170 2090 presenti
3195 2023 3321 2078 vita:
3340 2033 3483 2080 statu

1888 2087 2065 2158 anima
2096 2089 2391 2144 secundum
2420 2097 2747 2158 potestatem
2778 2087 2936 2145 liberi
2960 2091 3169 2146 arbitrii
3202 2104 3285 2149 est
3309 2104 3486 2150 muta-

1887 2156 2011 2231 bilis
2052 2160 2118 2231 ad
2150 2158 2371 2223 bonum,
2406 2156 2491 2231 vel
2520 2158 2587 2211 ad
2616 2160 2815 2213 malum
2860 2164 3230 2231 temporaliter
3272 2166 3384 2221 suis
3414 2168 3485 2221 al-

1884 2226 2231 2303 lectionibus,
2252 2229 2612 2303 mutabilitate
2641 2226 3051 2303 cogitationum,
3076 2234 3221 2303 justa
3253 2235 3483 2292 damna-.-

1886 2298 2034 2375 tione
2061 2300 2220 2375 primi
2248 2300 2480 2375 hominis
2501 2315 2686 2375 poenas
2714 2306 2886 2375 luens,
2920 2312 2977 2375 ut
3003 2298 3235 2375 ipsemet
3259 2305 3316 2361 S.
3345 2308 3480 2363 doc-

1886 2376 1972 2423 tor
2020 2369 2465 2442 luculentioribus
2503 2369 2689 2427 verbis
2724 2372 2978 2442 exprimit
3011 2369 3048 2429 l'.
3100 2390 3119 2429 ι
3166 2375 3477 2434 Sententia-

1885 2455 2023 2503 rum,
2056 2457 2107 2507 c,
2140 2440 2207 2492 12
2231 2441 2297 2496 de
2326 2441 2539 2495 Anima.

1954 2509 2041 2590 49.
2076 2512 2269 2590 Aptius
2308 2512 2521 2590 εις-τεῳ
2544 2514 2613 2590 sit
2634 2517 3185 2590 sequens‘auctoritas
3205 2516 3262 2573 S.
3299 2518 3482 2590 Augu-

1882 2582 2027 2647 stini,
2053 2580 2282 2651 epistola
2308 2580 2429 2648 157,
2454 2583 2520 2636 ad
2540 2580 2831 2653 Optatum:
2852 2584 3086 2650 Quarum
3109 2597 3283 2644 autem
3308 2580 3481 2646 rernm

1884 2660 2038 2720 atque
2066 2670 2344 2727 causarum
2373 2654 2789 2727 consideratione
2828 2674 3144 2727 permoveor,
3177 2671 3232 2713 ut
3270 2661 3325 2715 in
3357 2678 3483 2716 neu-

1886 2732 2020 2775 tram
2049 2726 2387 2777 assertionem
2433 2740 2572 2778 meus
2600 2724 2877 2781 inclinetur
2901 2745 3163 2793 assensus,
3194 2731 3285 2785 sed
3315 2732 3485 2787 adhuc

1882 2793 2017 2847 inter
2040 2804 2316 2870 utramque
2339 2795 2655 2870 disceptent;
2686 2806 2741 2851 et
2772 2797 2906 2870 ιώ.)
2932 2800 3020 2870 de_
3023 2798 3240 2869 Origine
3262 2802 3481 2870 animae,

1884 2878 2005 2932 cap.
2032 2864 2482 2941 iﬁ,._de_t.raduce‘
2500 2868 2799 2941 animarum
2830 2868 2939 2941 ait:
2974 2866 3089 2940 Ego
3114 2864 3208 2923 nec
3232 2864 3481 2941 defendo,

1885 2949 1977 2987 nec
2004 2934 2205 3006 refello.
2231 2933 2659 3010 Expressiuslib.
2684 2953 2717 2989 χ
2747 2936 2817 3010 de
2846 2933 3063 3010 Genesi,
3088 2956 3208 3010 cap.
3235 2933 3324 3006 ΞΓ,
3353 2933 3484 2997 εειιέ

1884 3019 2011 3058 sura
2042 3004 2136 3060 sua
2168 3006 2533 3079 perstringens
2579 3004 2919 3079 Tertulliani
2946 3004 3209 3075 errarem,
3242 3004 3334 3079 qui
3361 3014 3482 3067 ani-

1883 3090 1999 3130 mas
2024 3090 2092 3129 ex
2116 3076 2447 3148 corpulentis
2465 3077 2758 3131 seminibus
2789 3078 3052 3148 originem
3085 3076 3300 3137 trahere
3330 3098 3480 3139 asse-

1884 3149 2126 3213 verabat,
2154 3144 2323 3223 inquit
2351 3144 2509 3223 {Ego
2534 3148 2700 3223 adhuc
2726 3144 3138 3223 interutrasque
3179 3151 3387 3223 ambigo
3429 3164 3480 3208 et

1884 3217 2425 3293 ntoreor,‘aliqua_ndo
2454 3219 2547 3293 sig,
2579 3218 2859 3293 aliquando
2881 3217 3172 3277 autem—sic.

1955 3289 2044 3366 59.
2105 3290 2434 3359 Augustinus
2473 3289 2872 3366 Tertullianum
2934 3296 3316 3366 reprehendit,
3368 3314 3478 3354 non

1883 3362 2026 3430 quod
2061 3367 2349 3436 traducem
2398 3362 2697 3417 animarum
2748 3362 3011 3436 poneret,
3045 3367 3140 3420 sed
3168 3362 3314 3436 quod
3365 3386 3475 3427 non

1882 3441 2029 3488 recte
2057 3432 2205 3509 illum
2237 3442 2522 3499 assereret,
2543 3444 2736 3504 putans
2750 3432 2989 3490 animam
3002 3452 3123 3492 esse
3133 3432 3477 3509 corpoream,

1882 3512 2044 3572 atque
2073 3506 2208 3579 adeo
2237 3518 2332 3579 per
2352 3520 2536 3579 semen
2561 3521 2893 3579 corporeum,
2912 3506 3471 3579 generantisiraduci,

1885 3581 1944 3627 ut
1982 3575 2173 3628 asserit
2202 3576 2630 3644 sapientissimus
2659 3575 2950 3632 cardinalis
2979 3576 3244 3635 Henricus
3269 3582 3336 3637 de
3364 3575 3478 3638 No;

1882 3645 1958 3719 ris
1986 3647 2040 3699 in
2065 3641 2322 3719 vindiciis
2352 3641 2751 3719 Augustinianis
2780 3648 2809 3719 ξ
2834 3664 2909 3714 m,
2940 3651 3083 3717 quod
3108 3650 3279 3707 fusius
3300 3662 3480 3709 osten-

1882 3714 2074 3769 demus
2103 3716 2154 3768 in
2183 3717 2323 3770 notis
2352 3718 2417 3769 ad
2452 3714 2618 3780 t-aput
2649 3718 2718 3770 de
2748 3714 2921 3772 I‘ntura
2945 3714 3050 3772 vita
3079 3722 3135 3774 ὃ.
3176 3719 3365 3777 Isidori
3408 3726 3478 3780 de

1882 3785 2073 3857 ordine
2093 3797 2482 3857 creaturarum.
2514 3785 2571 3839 In
2602 3790 3009 3857 prmsentiarum
3044 3789 3273 3845 suﬂiciat
3292 3794 3476 3849 dicere

1882 3854 1937 3931 ξ.
1961 3855 2335 3931 Augustinum,
2368 3854 2649 3931 Africanos
2681 3857 2864 3931 Patres
2887 3861 3101 3931 etialios
3127 3866 3476 3931 quamplures

1882 3923 2137 4003 Ecclesiae
2165 3924 2546 4003 Occidentalis,
2571 3929 2901 4003 certissimos
2932 3930 3110 4003 luisse
3138 3923 3205 4003 de
3231 3923 3477 4003 incorpo-

1881 3994 2097 4059 reitate,
2114 3997 2436 4060 mternitate,
2455 3997 2832 4065 spiritualitate
2855 4006 2910 4051 et
2930 3998 3336 4054 immortalitate
3353 3994 3473 4057 ani-

1882 4080 2004 4130 mae,
2029 4064 2314 4133 solumque
2335 4064 2552 4120 dubium
2577 4082 2765 4121 eorum
2790 4068 3065 4123 exstitisse
3085 4069 3229 4122 circa
3252 4073 3471 4127 modum

1885 4136 2118 4190 traducis
2132 4135 2323 4189 anima:
2347 4154 2360 4190 :
2384 4137 2602 4206 quidam
2624 4138 2824 4192 etenim
2842 4138 3133 4193 credebant
3153 4140 3363 4196 animas
3379 4145 3472 4197 bo-

1880 4208 2084 4261 minum
2102 4208 2294 4280 eodem
2320 4217 2561 4280 tempore
2580 4224 2688 4278 quo
2706 4210 2944 4278 angelos,
2969 4210 3049 4264 vel
3076 4220 3285 4280 postea,
3304 4212 3473 4270 fuisse

1879 4287 2119 4353 creatas:
2136 4278 2227 4353 alii
2246 4279 2452 4334 animas
2469 4295 2535 4334 ex
2558 4284 2743 4353 Adam
2762 4283 2967 4347 venire,
3009 4278 3116 4337 non
3130 4298 3200 4337 ex
3239 4278 3471 4353 corpore

1880 4349 2089 4426 Adami,
2105 4351 2198 4426 sed
2215 4364 2280 4426 es
2297 4353 2473 4426 anima
2491 4352 2683 4426 Adami
2714 4353 2937 4426 traduci,
2963 4354 3118 4426 quasi
3140 4354 3193 4408 in
3226 4349 3467 4426 potentia

1878 4421 2071 4474 animae
2086 4422 2276 4475 Adatni
2313 4421 2431 4476 alite
2449 4422 2640 4477 anima:
2662 4424 2937 4479 hominum
2958 4421 3263 4480 {murorum
3294 4428 3469 4481 conti-

1878 4500 2171 4575 nerentur;
2203 4493 2343 4575 sicut
2369 4494 2511 4547 enim
2558 4494 2737 4575 hodie.
2770 4497 3060 4575 asserimus
3089 4497 3251 4566 2m
3274 4511 3469 4575 omnes

191 4555 394 4643 indiget,
414 4576 494 4643 _ut
523 4555 740 4643 sensum
761 4565 939 4643 capiat
967 4555 1036 4619 ef
1051 4565 1105 4643 i_n
1148 4566 1461 4643 barathrum
1502 4583 1609 4643 non
1638 4568 1772 4623 inci-
1800 4555 3470 4643 1).homines,quoadpeccatumoriginale,essent?;apite,vo-

190 4632 365 4707 dat.’S.
398 4638 754 4707 Augustinus,
788 4632 1015 4703 loquens
1040 4636 1107 4689 de
1136 4636 1431 4691 substantia
1458 4639 1772 4705 angelorum

191 4706 325 4779 etde
349 4710 531 4779 anima
562 4708 792 4762 hominis
839 4707 1062 4775 ejusque
1098 4708 1381 4779 potentiis,
1414 4708 1642 4779 caligine
1688 4710 1771 4763 in-

191 4775 387 4846 volutus
435 4773 744 4846 legentibus
791 4773 1053 4845 apparet;
1095 4773 1429 4846 ipsequemet
1477 4773 1547 4833 Sf
1584 4782 1775 4835 doctor

195 4840 375 4902 fatetur
402 4840 597 4903 sensus
636 4848 717 4904 sui
765 4840 1204 4917 imbecillitatem,
1229 4840 1375 4913 'Quid
1408 4851 1569 4917 igitur
1617 4852 1774 4906 obest

194 4926 364 4987 nostra
387 4918 443 4975 S.
472 4920 695 4980 Isidoro.
723 4918 767 4973 si
797 4920 973 4987 capite
996 4916 1064 4970 l5
1090 4918 1157 4973 de
1186 4914 1361 4973 futura
1390 4914 1517 4986 vita,
1550 4922 1603 4975 in
1637 4922 1771 4977 libro

196 4982 252 5061 {le
290 4992 473 5046 ordine
527 4982 932 5052 creaturarum,
966 5005 1075 5043 non
1096 4998 1214 5061 tam
1256 5006 1439 5059 preSse
1467 4982 1772 5061 diserteque

198 5051 431 5131 Loquatur
456 5064 526 5117 de
556 5062 734 5115 anima
763 5061 1052 5115 rationali?
1083 5058 1196 5130 Ego
1226 5051 1362 5114 enim
1392 5063 1491 5131 (ait
1518 5063 1569 5116 in
1596 5051 1764 5129 calce,

199 5121 452 5203 Braulium
482 5131 1017 5203 Ctesaraugustanum
1061 5121 1373 5200 episcopum
1399 5121 1701 5201 ‘alloquens
1723 5121 1765 5202 ),

200 5191 330 5253 bonis
374 5211 421 5255 et
463 5191 1045 5257 catholicisvlectoribus
1083 5191 1408 5257 consentiens
1430 5244 1445 5269 ,
1480 5191 1769 5258 innidoruni

199 5279 289 5345 non
326 5287 444 5328 curo
473 5274 730 5344 queriolas
762 5272 867 5344 (uel
912 5274 1190 5345 querelas),
1220 5274 1307 5343 qui
1335 5275 1447 5328 sine
1485 5277 1665 5345 pennis
1713 5278 1769 5329 in

201 5342 327 5414 {erro
354 5342 631 5414 reptantes,
662 5342 832 5399 volatu
860 5342 1110 5398 ranarum
1136 5344 1286 5398 nidos
1315 5342 1493 5400 avium
1510 5347 1727 5399 irrident
1748 5348 1769 5400 !

201 5406 378 5480 Adeat,
406 5406 497 5486 qui
524 5406 669 5481 velit,
703 5414 759 5471 S.
792 5415 1145 5485 Augustinum
1193 5414 1287 5469 lib.
1316 5430 1350 5468 v
1386 5426 1575 5471 contra
1604 5415 1769 5471 Julia-

201 5490 316 5556 ηοω
346 5500 465 5556 cap.
498 5487 531 5541 5
552 5528 567 5554 ,
602 5496 657 5543 et
706 5488 1072 5542 obscuriorem
1121 5488 1356 5556 reperiet
1392 5488 1768 5543 auctoritatem

201 5547 259 5604 de
280 5547 493 5613 traduce
512 5547 704 5614 animae
722 5556 900 5628 quoad
916 5547 1200 5626 peccatum
1216 5558 1477 5625 originale
1506 5558 1588 5614 his
1606 5560 1773 5682 3,98

202 5622 368 5680 Verbis
401 5645 413 5679 :
446 5627 595 5682 Quod
620 5640 790 5682 autem
818 5629 1000 5682 horum
1027 5630 1093 5681 sit
1116 5644 1309 5682 verum.
1342 5628 1581 5682 libentius
1643 5631 1769 5682 isco.

202 5622 368 5680 Verbis
401 5645 413 5679 :
446 5627 595 5692 Quod
620 5622 790 5683 autent
818 5622 1000 5682 Itoritm
1027 5630 1093 5681 sit
1116 5622 1323 5693 rerum;
1342 5628 1581 5683 libentius
1606 5622 1769 5695 dis'co',

203 5706 340 5770 quiut
362 5698 498 5770 dico,
526 5716 590 5755 ne
611 5700 829 5754 audeant
851 5700 1032 5754 docere
1056 5701 1191 5770 quod
1218 5702 1405 5755 nescio.

254 5763 347 5843 d6.
380 5763 533 5825 Circa
556 5772 786 5827 medium
809 5771 1009 5843 prmlati
1035 5763 1254 5843 capituli
1280 5772 1472 5827 astruit
1495 5770 1552 5827 S.
1583 5772 1775 5831 doctor

207 5828 445 5910 Isidorus,
477 5843 711 5897 Animam
750 5828 910 5914 neque
930 5842 993 5895 de
1022 5828 1153 5908 θεῖ),
1182 5858 1341 5914 neque
1366 5844 1428 5898 de
1449 5844 1619 5916 aliqua
1632 5828 1771 5917 qua;

475 5938 747 6002 Parant.
796 5937 1091 6000 LXXXI.

1884 4632 2111 4699 luntate,
2148 4644 2204 4688 et
2229 4632 2434 4688 semine
2457 4635 2669 4702 Adauti,
2691 4632 2832 4689 et'ex
2853 4636 2970 4703 ejus
2990 4637 3214 4689 materia
3234 4632 3467 4693 nascen-

1885 4705 2015 4776 tium
2038 4719 2267 4774 corpora
2291 4705 2593 4774 provenire,
2614 4710 2694 4759 sic
2708 4705 2923 4776 quidam
2944 4704 3131 4760 Patres
3146 4703 3468 4763 Occidenta-

1882 4774 1958 4830 les
1984 4791 2169 4831 anmas
2192 4777 2529 4830 nascentium
2558 4790 2624 4830 ex
2657 4774 2879 4832 traduce
2902 4778 3092 4830 anima:
3121 4776 3314 4831 Adami
3341 4781 3468 4837 des-

1884 4847 2111 4901 cendere
2138 4848 2491 4919 autumabant
2522 4849 2727 4919 :‘IIIOUO
2755 4862 2863 4915 quo
2893 4846 2997 4902 hoc
3013 4852 3281 4904 accnderet
3309 4851 3466 4919 igno-

1879 4919 2159 4983 rabant,et
2189 4922 2257 4972 ob
2288 4919 2391 4972 hoc
2423 4916 2757 4971 insolubilem
2781 4920 3131 4985 quaestionem
3162 4916 3375 4975 vocavit
3398 4926 3461 4979 ὃ.

1878 4988 2208 5055 Augustinus
2244 4986 2431 5042 iisdem
2460 4988 2637 5042 verbis
2657 4990 2853 5057 quibus
2878 4988 2934 5043 S.
2969 4989 3224 5046 Isidorus.
3252 4992 3329 5047 Ne
3359 4996 3460 5046 dn-

1876 5059 2077 5113 hitandi
2112 5061 2285 5130 locum
2316 5057 2700 5129 relinquamus,
2746 5062 3044 5116 claudimus
3088 5073 3460 5130 argumentum

1876 5145 2133 5200 expresso
2164 5129 2228 5200 S.
2249 5128 2436 5183 lsidori
2468 5128 2773 5184 testimonio
2800 5132 2889 5185 lib.
2916 5148 2950 5186 ιι
2981 5135 3049 5186 de
3066 5128 3462 5189 Ecclesiasticis

1876 5199 2175 5273 0t‘liciis,gc.
2208 5199 2296 5265 23,
2321 5200 2402 5273 de,
2419 5201 2622 5273 Regula
2644 5201 2786 5268 ﬁdei,
2811 5203 2897 5257 ubi
2920 5213 3043 5273 post
3063 5205 3456 5259 conles~ioncm

1876 5271 2117 5343 mysterii
2161 5272 2509 5326 sanctissima:
2566 5271 2842 5327 Trinitatis
2869 5314 2883 5339 ,
2922 5271 3346 5339 incarnationis,
3403 5287 3459 5330 et

1876 5341 2237 5399 Articulorum
2256 5342 2396 5403 lidei,
2418 5343 2562 5398 addit
2589 5346 2867 5412 sequentia
2882 5345 3077 5399 verba:
3102 5343 3170 5397 Et
3193 5346 3329 5415 quod
3350 5348 3461 5398 ani-

1876 5432 1976 5469 mte
2001 5420 2068 5468 sit
2092 5417 2288 5467 incerta
2318 5416 2485 5484 origo,
2513 5425 2562 5467 et
2591 5418 2724 5486 quod
2755 5416 3074 5486 angelorum,
3097 5415 3260 5486 origo,
3294 5428 3342 5469 et
3368 5433 3458 5468 na-

1876 5494 2015 5554 tura,
2042 5487 2115 5539 vel
2144 5487 2333 5539 anima:
2373 5501 2475 5539 non
2522 5486 2587 5539 sit
2605 5485 2738 5556 pars
2764 5485 2953 5541 diuina:
2996 5485 3318 5552 substantite,
3366 5487 3460 5541 sed

1875 5556 1975 5610 Dei
1996 5565 2230 5610 creatura
2275 5573 2339 5610 ea:
2384 5556 2549 5610 nihilo
2584 5558 2810 5625 condita,
2836 5568 2886 5611 et
2909 5560 2963 5612 in
2991 5573 3203 5628 corpore
3223 5572 3333 5613 esse
3354 5560 3461 5611 eui-

1875 5629 2054 5681 denter
2083 5628 2385 5682 ostenditur.

1948 5697 2033 5751 51.
2076 5698 2131 5751 In
2155 5700 2331 5769 capite
2377 5699 2444 5753 de
2471 5699 2594 5767 igne
2624 5702 2917 5769 purgatorii
2946 5700 3139 5755 asserit
3176 5698 3233 5752 S.
3267 5699 3460 5755 doctor

1875 5770 2124 5835 Isidorus,
2154 5787 2258 5823 non
2281 5786 2347 5825 eo
2373 5772 2584 5840 purgari
2606 5775 2850 5839 graviora
2875 5772 3094 5841 crimina
3126 5785 3247 5841 quat
3271 5785 3461 5827 macu-

1877 5844 1990 5897 lant
2010 5858 2103 5897 eos
2127 5853 2380 5911 (quorum
2400 5856 2677 5911 operarios
2697 5859 2727 5897 a
2748 5858 2916 5913 regno
2944 5842 3034 5898 Dei
3060 5840 3255 5900 Paulus
3275 5844 3458 5900 exclu-

2896 5942 2936 6004 8
