4070 6362
611 306 716 360 259

1361 305 1452 361 AD
1490 304 1721 362 OPERA
1764 304 1821 360 S.
1867 300 2110 360 lSlDUlll
2154 303 2592 362 HISPALENSIS
2634 305 3165 364 PROLEGOMENA.
3829 313 3914 372 NO

609 420 816 476 audivit
881 421 1123 476 Andreas
1193 418 1383 474 Petrus
1437 418 1802 484 Julianellius,
1862 419 2201 474 bibliotheca:
2230 421 2281 482 Α
2326 489 2337 492 _
2382 419 3038 492 Laurentumpmnitentim
3056 437 3151 492 pro
3173 419 3528 492 indulgentia
3564 432 3910 492 peccatorum,

611 513 981 570 Laurentianac
1022 531 1120 584 pro
1171 515 1319 584 regio
1356 515 1764 570 bibliothecario
1805 513 1948 569 vices
1983 529 2198 585 gerens,

606 619 664 662 ut
710 617 936 666 testatur
965 609 1080 678 ipse
1109 609 1287 664 verbis
1331 625 1384 663 c.
1417 608 1486 662 45
1518 607 1811 663 referendis
1835 645 1851 673 ,
1890 622 2011 664 cum
2039 607 2104 662 de
2133 621 2199 661 eo

611 701 809 756 Codice
837 701 1153 756 Florentino
1181 707 1489 757 sermonem
1522 700 1818 755 instituam.

675 792 730 847 5.
789 791 954 847 Miror
984 802 1162 848 tamen
1193 808 1222 846 a
1253 792 1483 864 Bayerio
1511 792 1750 846 laborem
1779 794 1937 845 istum
1961 805 2117 844 suum
2145 789 2196 844 in

601 891 714 939 not.
764 882 832 938 ad
882 883 1140 941 Biblioth.
1188 894 1292 941 vet.
1328 885 1478 957 Hisp.
1528 884 1692 940 fuisse
1733 883 1946 938 silentio
1978 892 2196 952 przeter-

597 975 843 1029 missum.
894 974 1296 1030 Commemorat
1326 975 1414 1029 ille
1444 973 1661 1044 quidem
1705 974 1756 1028 in
1802 983 1914 1027 not.
1950 972 2016 1025 ad
2046 988 2190 1026 num.

600 1065 706 1118 102
727 1065 816 1118 lib.
843 1081 875 1118 ν
899 1079 1020 1134 cap.
1046 1062 1099 1128 4,
1125 1078 1183 1119 se
1205 1063 1270 1117 ad
1297 1079 1499 1117 annum
1528 1060 1666 1115 1752
1691 1061 1944 1117 Codiccm
1976 1060 2194 1132 Etymo-

599 1157 860 1226 logiarum
899 1154 1218 1211 Toletanum
1249 1155 1430 1210 saeculi
1455 1169 1509 1209 ix
1535 1161 1629 1208 aut
1657 1153 1891 1208 ineuntis
1918 1169 1972 1220 ι,
1999 1152 2191 1205 alium-

596 1264 700 1316 que
727 1249 856 1303 item
901 1247 1180 1318 antiquum
1208 1247 1502 1302 contulisse
1531 1261 1652 1299 cum
1694 1243 1879 1298 Grialii
1904 1243 2050 1298 edito
2082 1261 2092 1294 :
2127 1260 2192 1296 ex

594 1359 694 1412 quo
735 1340 930 1406 labore,
979 1340 1172 1410 inquit,
1227 1357 1329 1395 non
1377 1336 1673 1410 pamitendu
1713 1337 1837 1390 milii
1879 1337 2190 1390 variantium

591 1433 865 1485 lectionum
904 1432 1150 1484 succrevit
1191 1447 1355 1500 seges.
1406 1429 1476 1482 At
1522 1443 1642 1482 cum
1687 1427 1894 1494 in_not.
1939 1427 2004 1480 ad
2037 1442 2186 1481 num.

591 1524 694 1578 £59
724 1524 793 1580 de
821 1539 953 1580 mss.
984 1523 1275 1580 Codicibus
1306 1521 1672 1588 Qntestionum
1719 1521 1771 1575 in
1802 1521 1968 1576 Vetus
1998 1520 2186 1576 Testa-

589 1624 826 1669 mentum
874 1628 1180 1670 sermonem
1223 1611 1474 1673 iustituit,
1521 1611 1715 1679 quinos
1757 1610 1985 1667 Codices
2017 1609 2185 1665 Escu-

587 1709 848 1764 rialenses
889 1707 1111 1772 indicat,
1145 1705 1212 1760 de
1259 1703 1535 1760 Toletanis
1564 1719 1691 1759 vero
1720 1719 1787 1759 ne
1817 1703 2040 1758 verbum
2071 1703 2186 1773 qui-

2307 489 2504 560 duplici
2562 489 2848 560 alpha’beto
2879 489 3166 560 digestum,
3197 501 3252 548 et
3310 489 3638 548 trochaicis
3670 489 3907 552 versibus.

2375 561 2558 639 Oratio
2587 563 2792 639 prolixa
2847 564 2914 616 ad
2963 562 3138 619 ﬂenda
3185 579 3420 635 semper
3451 572 3689 635 peccata
3720 567 3784 620 ad
3813 583 3912 624 cor-

2305 635 2603 686 rectionem
2633 635 2774 688 vita).

2374 701 2559 758 Oratio
2583 705 2756 759 brevis
2787 715 2971 760 contra
3007 705 3225 761 insidias
3255 704 3505 762 diaboli.

2373 771 2534 828 Liber
2551 773 2616 828 de
2644 775 2832 830 ordine
2861 784 3251 830 creaturarum.

2371 841 2805 902 Commentarius
2826 848 2881 902 in
2903 848 3184 903 Canticum
3215 849 3612 905 canticorum.

2729 942 3009 1014 Appendix
3031 940 3460 1013 suppositarum.

2373 1032 2422 1086 7.
2456 1032 2533 1088 De
2556 1031 2810 1090 conflictu
2858 1035 3116 1089 vitiorum
3148 1044 3204 1090 et
3229 1037 3540 1101 virtutum,

2296 1103 2358 1160 sii
2382 1106 2623 1178 Autperti
2654 1114 2753 1160 est.
2785 1133 2856 1144 —
2884 1104 3137 1173 Epistolae
3164 1106 3342 1160 :nad
3362 1103 3692 1164 Masson'em
3706 1109 3768 1164 de
3782 1111 3905 1178 lapsu

2296 1176 2595 1231 sacerdotis
2617 1187 2671 1230 et
2697 1178 3037 1231 restitutione
3067 1187 3188 1244 post
3217 1178 3474 1246 lapsum.
3499 1209 3578 1219 —
3637 1179 3720 1233 Ad
3765 1176 3904 1234 Clau-

2295 1246 2443 1318 dium
2475 1246 2687 1301 ducem.
2731 1276 2803 1286 —
2828 1248 2906 1300 Ad
2941 1247 3298 1318 Redemptum
3330 1249 3822 1307 archidiaconum.
3851 1281 3902 1291 —

2295 1316 2372 1370 Ad
2408 1316 2702 1386 Eugenium
2735 1318 3051 1374 Toletanutn
3078 1316 3433 1388 episcopum.

3577 1037 3674 1107 qui
3705 1039 3906 1094 smbm.

2365 1430 2416 1484 8.
2446 1429 2546 1487 Hic
2574 1440 2657 1486 est
2676 1431 2809 1488 ordo
2838 1448 2998 1501 quem
3024 1429 3268 1487 Oudinus
3294 1433 3356 1488 in
3382 1450 3654 1504 proxuna
3685 1435 3896 1492 omnium

2293 1520 2480 1578 lsidori
2503 1519 2739 1592 Operum
2769 1523 3010 1579 editione
3065 1525 3268 1579 servari
3294 1527 3582 1595 cupiebat
3615 1546 3627 1580 :
3663 1530 3754 1598 qui
3779 1543 3887 1584 sane

2291 1611 2345 1666 in
2376 1610 2557 1668 multis
2583 1628 2704 1669 cum
2725 1628 2792 1670 eo
2823 1615 3078 1670 convenit
3102 1629 3263 1684 quem
3292 1616 3444 1671 mihi
3481 1619 3813 1689 praescripsi.

2795 1731 2957 1802 305
2985 1728 3214 1784 CAPUT
3267 1729 3392 1786 XL.

584 1801 706 1855 dem
733 1800 900 1855 ullum
931 1799 1075 1854 facit.
1124 1797 1237 1852 lmo
1265 1811 1442 1866 neque
1470 1797 1714 1854 Andreas
1741 1799 2057 1865 Burrielius,
2091 1799 2181 1869 qui
2218 1817 2266 1878 Β
2291 1841 2372 1898 De
2398 1861 2528 1899 nova
2550 1845 2772 1899 editione
2802 1797 3031 1913 ὖῇεξωη
3086 1841 3124 1898 S
3202 1841 3415 1897 hmo".
3461 1844 3778 1898 adornanda
3801 1845 3887 1897 Αη.

586 1909 690 1913 ---_
753 1891 1072 1913 ___-_-_I-_!..
1125 1889 1381 1913 'I"..I..._....
1428 1890 1616 1913 [-2J-_2
1664 1893 2062 1913 J2I2_-s_.!-_3,,s_
2101 1893 2147 1913 3..
3133 1882 3145 1896 ⁸

585 1909 713 1948 ηδε.
746 1891 1077 1960 exemplaria
1125 1889 1387 1945 Toletana
1427 1890 1618 1947 lsidori
1659 1893 2069 1963 diligentissime
2101 1893 2181 1948 in-

581 1986 877 2054 vestigarat
905 1992 962 2039 et
989 1984 1354 2054 consuluerat,
1377 1983 1631 2042 Codioem
1660 1987 1828 2042 ullum
1860 1989 2044 2054 refert,
2074 2005 2181 2060 quo

581 2075 918 2142 Qtrazstioncs
944 2075 998 2129 in
1031 2075 1197 2130 Vetus
1241 2074 1647 2132 Testamentum
1689 2079 2092 2145 contineantur,
2124 2088 2183 2134 ut

579 2182 648 2221 ex
697 2165 814 2237 ejus
863 2165 1096 2236 epistola
1146 2180 1270 2221 mox
1313 2166 1634 2237 proferenda
1680 2166 2020 2223 manifestum
2066 2169 2178 2224 fiet.

578 2258 769 2314 Varias
809 2267 992 2315 autem
1042 2256 1305 2314 lectiones
1332 2273 1400 2313 ex
1450 2259 1615 2315 veteri
1641 2257 1870 2314 Gothico
1917 2259 2180 2316 Toletano

576 2351 1046 2424 Etymologiarum
1097 2352 1236 2408 libro
1286 2368 1318 2408 a
1374 2351 1602 2424 Bayerio
1659 2355 1916 2411 collectas
1967 2356 2174 2423 fuisse,

577 2442 968 2514 Bodriguezius
989 2445 1059 2501 de
1085 2444 1280 2502 Castro
1311 2453 1442 2502 tom.
1469 2445 1512 2501 ll
1543 2445 1680 2502 Bibl.
1706 2446 1882 2520 Hisp.,
1908 2463 2029 2519 pag.
2053 2450 2176 2517 512,

577 2533 633 2590 in
659 2543 772 2592 not.
802 2536 1113 2592 confirmat.

648 2629 702 2683 ι.
734 2626 1006 2695 Quoniam
1049 2645 1181 2686 vero
1224 2629 1395 2687 multo
1434 2629 1561 2688 ante
1599 2632 1893 2688 Casimirus
1937 2631 2180 2690 Oudinus

575 2722 644 2781 de
673 2723 875 2796 Script.
926 2725 1199 2782 ecclesiat.
1235 2734 1368 2783 tom.
1416 2726 1459 2794 Ι,
1492 2727 1596 2782 col.
1642 2724 1801 2792 1585,
1849 2727 2178 2796 peculiarem

579 2817 1016 2874 dissertationem
1043 2818 1212 2875 edidit
1241 2819 1309 2874 de
1329 2816 1554 2890 Scriptis
1585 2818 1640 2875 S.
1676 2819 1863 2874 lsidori
1893 2818 2180 2887 Hispalens

577 2912 673 2979 sis,
705 2912 760 2967 in
790 2927 896 2984 qua
927 2911 1171 2968 ordinem
1197 2912 1440 2969 exhibuit
1465 2928 1625 2984 quem
1656 2912 1708 2967 in
1732 2928 1956 2983 operum
1987 2911 2176 2968 lsidori

578 3002 820 3060 editione
871 3005 1077 3061 servari
1134 3004 1250 3075 ipse
1298 3013 1551 3074 cuperet,
1609 3003 1769 3074 quale
1817 3002 1980 3058 fuerit
2030 3002 2174 3058 docti

574 3094 737 3165 hujus
775 3093 1098 3151 heterodoxi
1141 3094 1229 3150 vel
1272 3101 1532 3165 apostatae
1572 3093 1751 3164 potius
1797 3091 2054 3163 judicium
2094 3091 2175 3146 vi-

573 3185 820 3242 deamus.
885 3238 896 3248 _

576 3300 916 3374 30540rdo
946 3297 1176 3370 Operum
1198 3298 1258 3354 S.
1295 3297 1491 3370 lsidori
1540 3295 1870 3367 Hispalensis
1924 3298 2170 3368 episcopi.

645 3411 695 3465 5.
727 3411 1028 3482 Originum,
1063 3413 1178 3468 sive
1204 3410 1670 3482 Etymologiarum
1711 3411 1833 3465 libri
1864 3411 2072 3481 viginti.

641 3481 1094 3548 Diﬂ‘erentiarum,
1128 3499 1224 3538 seu
1278 3481 1346 3536 de
1401 3482 1731 3552 proprietate
1760 3483 2026 3537 sermonis
2050 3482 2172 3538 libri

573 3562 684 3608 tres
714 3554 902 3609 ordine
928 3553 1205 3624 praedicto.
1228 3552 1469 3624 (Scilicet
1491 3552 1716 3624 primum
1751 3552 1887 3624 liber
1915 3553 2172 3624 alphabe-

567 3623 707 3680 ticus
744 3623 1054 3690 verborum,
1089 3623 1284 3679 deinde
1327 3623 1460 3677 liber
1504 3623 1792 3677 verborum
1823 3623 1938 3678 sine
1978 3623 2172 3680 ordine

567 3691 935 3766 alphabetico,
960 3703 1073 3750 tum
1097 3695 1229 3750 liber
1250 3693 1682 3766 Diﬁerentiarum
1705 3695 1930 3766 rerum.)

639 3766 716 3822 De
743 3763 942 3822 Natura
990 3781 1196 3832 rerum,
1221 3765 1334 3820 sive
1395 3764 1464 3821 de
1509 3763 1711 3820 mundo
1750 3763 1816 3818 ad
1861 3763 2167 3821 Sisebututu

573 3851 779 3900 regem.

638 3906 800 3963 Liber
838 3907 1235 3967 Prommiorum
1257 3906 1326 3964 de
1356 3906 1507 3962 libris
1551 3905 1761 3962 Veteris
1785 3913 1840 3961 et
1865 3905 2006 3962 Novi
2036 3905 2165 3963 Tes-

574 3979 818 4034 tamenti.
1241 4009 1252 4021 κ

637 4047 796 4106 Liber
825 4051 1216 4119 Allegoriarum
1241 4065 1407 4106 sacrae
1429 4049 1721 4120 Scriptum
1765 4048 1834 4104 de
1862 4049 2166 4107 nominibus

566 4119 778 4176 Veteris
809 4130 864 4174 et
892 4120 1027 4176 Novi
1065 4121 1418 4178 Testamenti.

638 4190 1025 4246 Commentarii
1071 4193 1264 4247 breves
1313 4192 1367 4246 in
1417 4191 1584 4248 libros
1638 4191 1923 4250 historicos
1950 4190 2162 4250 Veteris

569 4259 923 4326 Testamenti,
949 4262 1222 4328 Genesim,
1257 4269 1364 4316 etc.

637 4331 1062 4397 Sententiarum,
1095 4335 1208 4388 sive
1228 4331 1294 4386 de
1309 4347 1518 4388 summo
1546 4333 1716 4400 Bono,
1749 4333 1867 4390 libri
1899 4341 2030 4390 tres.

640 4402 784 4458 Libri
815 4403 924 4458 duo
955 4411 1139 4458 contra
1161 4403 1456 4471 nequitiam
1484 4402 1812 4459 Judazorum.

637 4472 783 4529 Libri
814 4474 921 4531 duo
948 4475 1015 4529 de
1047 4473 1238 4529 olliciis
1268 4474 1458 4529 divinis
1488 4491 1583 4531 seu
1611 4475 2010 4531 ecclesiasticis.

637 4543 876 4626 Epistola
912 4543 1380 4626 adnLudifredum
1406 4545 1810 4602 Cordubensem
1839 4547 2152 4617 episcopum

515 4679 520 4682 _
563 4615 630 4670 de
661 4615 848 4671 iisdem
869 4615 1077 4672 officiis.

635 4686 1095 4760 Synonymorum,
1121 4687 1234 4760 sive
1291 4686 1712 4760 Soliloquiorum
1753 4686 1879 4744 libri
1930 4687 2037 4742 duo
2087 4687 2154 4743 ad

569 4755 913 4812 Braulionem
953 4759 1410 4815 archidiaconum.

632 4827 835 4908 Regula
879 4830 1264 4884 monachorum
1314 4831 1580 4902 capitibus
1621 4831 1694 4884 24
1741 4829 1997 4885 distincta
2051 4844 2151 4900 pro

565 4907 754 4967 patriar:
783 4915 903 4954 usu.

635 4968 861 5043 De_Vita
879 4979 934 5025 et
963 4981 1136 5027 morte
1185 4982 1491 5030 sanctorum
1530 4974 1623 5043 qui
1673 4972 1784 5027 Deo
1810 4971 2151 5042 placuerunt,

560 5038 673 5094 sive
703 5040 770 5094 de
798 5051 917 5095 ortu
944 5051 999 5096 et
1027 5043 1176 5097 obitu
1207 5043 1443 5100 Patrum.

635 5111 800 5185 Liber
821 5110 889 5185 de
906 5113 1266 5185 Scriptoribus
1313 5114 1693 5172 ecclesiasticis
1749 5127 1872 5169 cum
1920 5111 2153 5185 Supple-

560 5189 746 5254 mento
768 5181 829 5254 S.
857 5181 1106 5239 lldefoitsi
1135 5185 1379 5240 Toletani
1403 5185 1814 5254 archiepiscopi.

633 5251 939 5326 Chronicon
971 5257 1036 5310 ab
1060 5257 1210 5313 initio
1233 5259 1415 5312 mundi
1469 5251 1637 5325 usque
1663 5251 1960 5312 adanuum
1991 5256 2152 5326 quin-

738 5322 1042 5382 Suintillani
1088 5329 1230 5397 regis
1309 5322 1632 5393 Gothorum,
1680 5326 1885 5382 Christi
1936 5322 2151 5383 Do'mini

634 5463 868 5538 Historia
894 5469 1218 5535 Gothorum,
1241 5469 1542 5523 Suevorum
1572 5476 1626 5523 et
1653 5470 2020 5526 Vandalorum
2043 5488 2055 5538 ;
2081 5485 2150 5527 ex

561 5536 798 5611 editione
825 5548 1004 5597 tamen
1035 5541 1342 5606 Labbeana,
1372 5554 1531 5609 quam
1554 5539 1970 5611 designavimus.

633 5608 823 5666 Pauca:
851 5611 1141 5668 admodum
1166 5621 1220 5666 et
1245 5608 1440 5666 breves
1474 5608 1716 5681 quaidafn
1741 5615 2006 5682 epistolae.

1025 5703 1296 5774 Appendix
1323 5705 1655 5759 incertorum.

633 5790 689 5862 ο.
719 5790 1040 5849 Exhortatio
1064 5793 1354 5862 paenitendi
1408 5810 1528 5849 cum
1565 5796 1937 5853 consolatione
1960 5806 2015 5853 ct
2039 5799 2150 5854 mi-

563 5861 854 5921 sericordia
873 5864 987 5932 Dei,
1007 5861 1076 5921 ad
1093 5865 1322 5922 animam
1339 5865 1514 5922 futura
1533 5867 1731 5938 judicia
1751 5868 2147 5926 formidantem.

2183 4617 2241 4680 D

2359 1916 2497 1970 drete
2537 1914 2778 1970 Burrielii
2827 1915 3045 1985 consilia
3103 1922 3152 1966 et
3207 1914 3427 1985 erudita
3480 1916 3729 1985 epistola.
3793 1915 3888 1967 Alis

2368 1985 2426 2039 V.
2458 1985 2517 2040 C.
2550 1986 2696 2040 Petri
2724 1986 2786 2040 de
2815 1984 2997 2040 Castro
3028 1985 3246 2054 epistola
3272 1986 3349 2039 ad
3378 1984 3602 2041 Franc.
3635 1986 3886 2040 Antoniam

2356 2057 2398 2111 Ζ
2403 2058 2688 2112 accariam.

2354 2170 2404 2222 l.
2440 2168 2756 2224 Franciscus
2785 2168 3038 2238 Rabagus
3057 2167 3184 2224 Soc.
3215 2169 3373 2235 Jesu,
3418 2171 3507 2226 vir
3535 2171 3752 2240 egregie
3778 2169 3881 2224 doc-

2285 2269 2470 2327 tus,ut
2523 2261 2719 2331 scripta
2788 2261 2904 2330 ejus
2957 2269 3245 2324 testantur,
3282 2259 3570 2317 doctrina:
3597 2276 3725 2316 vero
3765 2259 3879 2314 inter

2284 2356 2548 2427 Hispanos
2599 2356 2857 2427 augenda:
2907 2355 3359 2423 studiosissimus,
3395 2356 3537 2412 dum
3595 2353 3876 2413 confessarii

2282 2466 2476 2506 munus
2540 2450 2681 2520 apud
2738 2449 3134 2506 Ferdinandum
3186 2447 3252 2502 Vl
3310 2447 3676 2505 Catholicum
3722 2460 3872 2515 regem

2281 2546 2546 2613 exercuit,
2577 2562 2697 2600 cum
2749 2545 2916 2599 multa
2946 2545 3049 2598 alia
3075 2544 3406 2598 litteratura:
3439 2542 3697 2613 Hispana:
3736 2539 3875 2594 utiliso

2281 2636 2413 2690 sima
2479 2635 2620 2704 regis
2671 2636 2994 2690 auctoritate
3023 2635 3207 2705 peragi
3255 2635 3509 2702 curavit,
3536 2644 3650 2689 tum
3685 2629 3801 2687 illud
3827 2629 3866 2682 in

2281 2726 2467 2795 primis
2499 2725 2641 2794 quod
2679 2724 2988 2795 peritissimi
3038 2724 3286 2779 homines
3320 2734 3518 2781 vetera
3548 2722 3867 2793 insigniorum

2280 2815 2628 2870 ecclesiarum
2659 2814 3049 2870 cathedralium
3075 2814 3346 2868 tabularia
3396 2815 3693 2885 diligenter
3740 2813 3860 2866 inve-

2279 2907 2623 2978 stigare'jussi
2637 2916 2782 2975 sunt,
2798 2916 2855 2961 ut
2871 2907 3241 2976 antiquissima
3256 2922 3502 2978 quaeque
3520 2913 3861 2966 monumenta,

2279 3000 2471 3070 quibus
2491 3000 2679 3069 religio
2703 3006 2796 3054 aut
2823 2999 3046 3054 historia
3075 2998 3336 3054 illustrari
3371 3010 3586 3070 posset,
3608 3016 3639 3055 e
3662 2994 3861 3053 tenebris

2278 3089 2333 3144 in
2365 3093 2534 3146 lucem
2562 3091 2980 3146 vindicarentur.
3015 3089 3258 3146 Andreas
3301 3089 3530 3147 Burriel
3594 3107 3659 3146 ex
3703 3087 3859 3144 eadem

2277 3184 2562 3250 societate,
2588 3183 2926 3239 avidissimus
2981 3191 3035 3239 et
3077 3183 3481 3243 solertissimus
3557 3178 3856 3252 antiquitatis

2278 3277 2476 3344 cultor,
2502 3277 2568 3330 ad
2599 3276 2841 3333 ecclesiae
2865 3275 3136 3331 Toletanaz
3163 3277 3417 3332 omnium
3451 3273 3856 3349 Hispaniensium

2275 3367 2640 3424 celeberrimae
2715 3368 3039 3423 tabularium
3123 3369 3521 3426 excutiendum
3591 3367 3852 3424 destinatus

2273 3457 2376 3513 fuit
2402 3477 2412 3511 :
2447 3460 2530 3513 cui
2556 3459 2734 3514 socius
2761 3458 2972 3514 additus
3002 3465 3086 3514 est
3133 3457 3467 3516 Franciscus
3500 3459 3666 3515 Perez
3688 3457 3851 3525 Baycr,

2275 3566 2384 3608 non
2408 3551 2700 3607 obscurum
2726 3551 2780 3606 in
2812 3551 2943 3606 orbe
2966 3549 3231 3606 litterario
3253 3566 3487 3608 nomen.

2296 3677 2309 3688 ς
2343 3643 2396 3696 2.
2455 3642 2693 3697 Meminit
2744 3641 2908 3711 hujus
2963 3642 3041 3697 rei
3096 3642 3212 3712 ipse
3265 3643 3542 3715 Bayerius
3594 3642 3646 3698 iu
3674 3647 3775 3695 not.
3797 3631 3849 3688 ad

2273 3735 2408 3792 Bibl.
2447 3735 2566 3790 Vet.
2599 3735 2749 3805 Hisp.
2780 3735 2873 3791 lib.
2907 3751 2984 3804 ιιι,
3017 3750 3136 3807 cap.
3175 3736 3226 3803 5,
3261 3755 3313 3791 η.
3354 3738 3447 3806 69,
3477 3738 3565 3793 ubi
3588 3737 3653 3791 de
3681 3729 3846 3788 Codice

2270 3846 2372 3887 ms.
2403 3829 2678 3886 Dracontii
2706 3830 2785 3886 sic
2815 3830 2982 3885 refert
3031 3848 3043 3883 :
3079 3829 3327 3898 Contulit,
3363 3842 3414 3886 et
3467 3832 3721 3886 variantes
3764 3822 3845 3876 lec-

2270 3923 2434 3978 tiones
2463 3923 2728 3976 annotavit
2757 3921 2836 3975 Cl.
2871 3923 3088 3992 amicus,
3111 3924 3233 3976 etin
3257 3924 3576 3995 colligendis
3617 3938 3644 3974 e
3667 3919 3846 3972 charta-

2267 4016 2507 4086 pltylacio
2537 4027 2585 4069 et
2604 4016 2911 4070 bibliotheca
2933 4016 3271 4071 illustrissimi
3292 4016 3682 4073 Canonicorum
3720 4007 3844 4064 Tole-

2269 4116 2508 4161 tanorum
2544 4107 2768 4180 collegii,
2800 4123 2915 4179 qua:
2942 4109 2994 4162 in
3037 4110 3262 4178 patriam
3309 4110 3591 4165 historiam
3640 4105 3844 4171 conferre

2265 4207 2497 4268 possent,
2521 4199 2886 4266 monumentis,
2911 4199 3111 4270 collega
3141 4200 3265 4254 olim
3283 4217 3435 4255 meus
3465 4199 3697 4253 Andreas
3719 4189 3840 4245 Mar-

2265 4305 2352 4343 cus
2379 4289 2605 4354 Burriel,
2637 4290 2761 4345 Soc.
2789 4290 2911 4343 Jcsu
2933 4289 3213 4360 presbyter,
3249 4307 3447 4362 magno
3482 4291 3554 4343 rei
3600 4277 3839 4340 litterarit!

2265 4385 2455 4440 damno
2469 4394 2590 4439 ante
2612 4401 2776 4439 annos
2805 4385 3001 4455 aliquot
3021 4393 3339 4450 praematura
3375 4393 3552 4440 morte
3583 4379 3835 4443 abreptus:

2263 4494 2391 4548 quas
2441 4494 2557 4530 cum
2601 4476 2843 4540 plurimis
2888 4475 3119 4546 ejusdem
3166 4476 3413 4541 stupendi
3458 4474 3615 4545 plane
3673 4456 3836 4556 labaris

2263 4579 2414 4645 atque
2449 4571 2723 4624 industria:
2745 4567 2927 4640 fetibus
2952 4569 3007 4622 in
3036 4569 3231 4638 regiam
3265 4566 3628 4622 bibliothecam
3678 4554 3835 4610 Matri-

2265 4675 2456 4719 tensem
2476 4673 2653 4734 postea
2667 4661 2866 4716 delatas
2893 4661 3342 4734 autoyraphasque
3364 4659 3438 4714 ad
3461 4645 3830 4740 manumhabea-

2331 4757 2386 4810 5.
2429 4757 2594 4827 Igitur
2615 4755 2930 4819 Burrielius,
2964 4770 3083 4810 cum
3109 4753 3413 4808 studiorum
3447 4757 3665 4804 suorum
3690 4743 3830 4832 rabor

2261 4867 2384 4907 nem
2407 4850 2628 4919 Rabago
2655 4849 2927 4912 redderet,
2956 4847 3024 4903 de
3055 4846 3111 4902 S.
3142 4846 3348 4903 Isidoro
3379 4843 3621 4913 loquitur
3665 4833 3832 4919 litteris

2260 4913 2810 5014 Hispanicc'scriptis
2867 4941 3043 4996 Toleti
3092 4939 3164 4993 22
3201 4937 3514 4995 Decembris
3542 4927 3661 4988 anni
3688 4913 3824 4980 4753i

2259 5052 2486 5108 quarum
2517 5035 2836 5091 sententiam
2865 5032 3058 5087 Latine
3087 5031 3280 5088 reddo.

2330 5127 2647 5196 Excerptum
2669 5141 2732 5179 ex
2760 5123 3003 5178 Burrielii
3033 5122 3252 5192 epistola
3283 5124 3352 5177 ad
3385 5121 3452 5176 Ρ.
3488 5115 3760 5184 Rabagum-

2329 5220 2383 5274 4.
2425 5239 2443 5271 ι
2478 5218 2741 5285 Quoniam
2772 5216 2830 5272 S.
2859 5215 3096 5271 Isidorus
3143 5215 3412 5286 Hispaniae
3437 5218 3632 5267 nostra:
3658 5199 3823 5255 (loeto!

2260 5323 2342 5369 est
2366 5313 2772 5378 celeberrimus,
2797 5321 2850 5365 et
2867 5309 2987 5379 'ejus
3000 5309 3175 5380 Opera
3200 5310 3253 5364 in
3275 5309 3482 5364 duabus
3504 5289 3815 5380 editionibus,

2260 5403 2542 5460 Breuliana
2573 5414 2628 5460 et
2655 5403 2803 5472 regia
2845 5400 3162 5468 Matritensi,
3195 5401 3313 5456 sine
3341 5408 3582 5457 extrema
3605 5392 3753 5442 manu
3772 5376 3820 5426 οι

2260 5495 2494 5569 politiori
2518 5495 2686 5560 cultu,
2723 5471 2841 5565 qua:
2871 5502 3113 5563 tempora
3170 5503 3355 5548 nostra
3391 5485 3550 5562 307
3582 5471 3812 5569 "wine,"

2259 5602 2456 5644 excusa
2488 5584 2720 5651 fuerunt,
2750 5583 2991 5653 quaedam
3030 5582 3148 5652 ejus
3179 5599 3343 5666 opera
3363 5595 3484 5639 cum
3523 5585 3645 5630 mss.
3671 5555 3813 5666 60th:

2255 5683 2408 5739 cibus
2438 5680 2530 5752 qui
2586 5679 2673 5736 hic
2719 5685 3068 5733 asservantur
3117 5659 3312 5735 collata
3356 5682 3515 5736 sunt,
3548 5659 3810 5752 praesertim

2256 5743 2719 5846 Etymologiarum
2751 5770 2872 5825 libri
2905 5787 3026 5826 cum
3055 5770 3264 5828 duobus
3293 5764 3532 5825 Gothicis
3559 5743 3810 5846 exempli}:

2254 5842 2421 5936 ribus,
2451 5882 2684 5938 quorum
2735 5865 2962 5923 alterum
3017 5865 3244 5922 fortasse
3281 5873 3403 5922 ante
3451 5853 3732 5913 Maurorum
3760 5842 3804 5885 tn
