4070 6362
214 352 310 408 ΞΗ

1243 298 1661 404 imponunt.
1691 376 1760 388 -
1798 345 1973 406 rans
2013 347 2051 405 ι.
2091 346 2241 406 car.
2283 346 2395 405 XL.

3386 352 3493 411 343

210 466 521 539 Hispaniam
561 463 908 535 irruptionem
949 471 1230 518 exaratum
1267 468 1381 528 est;
1403 468 1655 517 neutrum
1702 474 1799 516 au-
1829 466 1874 526 A
1906 460 2141 535 Epistola
2197 463 2265 517 ad
2313 461 2589 517 monachos
2644 458 3005 517 Benedictinas
3081 464 3498 535 congregationis

212 571 320 616 tem
350 559 419 614 ab
445 556 635 612 Isidori
657 553 957 612 editoribus
1000 553 1404 611 Matriteusibus
1455 552 1799 610 observatum

210 651 331 709 fuit.

369 761 389 797 ι
426 741 658 799 Exstant
708 742 763 798 in
810 740 912 799 hac
965 739 1290 809 bibliotheca
1341 735 1513 793 Biblia
1551 733 1803 792 editionis

207 836 440 906 vulgatae
459 834 737 891 volumine
783 832 917 890 satis
971 845 1181 899 crasso,
1210 837 1267 885 et
1315 829 1485 884 tribus
1537 824 1802 883 columnis

206 936 433 987 exarata
459 945 473 982 :
507 941 631 997 qua
658 925 897 982 Mariana
945 924 1000 979 in
1044 922 1204 995 epist.
1236 920 1472 977 dedicat.
1493 918 1800 975 Comment.

205 1023 340 1080 Novi
365 1022 724 1091 Testamenti,
748 1029 804 1077 et
832 1022 884 1076 in
913 1019 1074 1090 epist.
1122 1016 1295 1073 dedic.
1320 1017 1385 1071 ad
1416 1014 1564 1072 card.
1597 1013 1801 1070 Bellar-

205 1118 408 1175 minum
446 1115 757 1173 Comment.
820 1113 1029 1170 Veteris
1083 1109 1453 1179 Testamenti,
1510 1115 1800 1178 antequam

205 1202 374 1259 Mauri
402 1203 694 1275 Hispanias
743 1203 1085 1267 invasissent,
1115 1200 1221 1256 hoc
1249 1208 1333 1255 est
1362 1209 1491 1253 ante
1519 1196 1669 1267 mille
1697 1210 1798 1250 an-

200 1311 296 1354 nos
317 1298 529 1369 scripta
570 1296 734 1354 fuisse
754 1295 985 1353 censuit.
1041 1291 1433 1348 Inaestimabilis
1453 1291 1543 1346 hic
1564 1288 1747 1346 Codex
1768 1303 1800 1343 a

196 1388 252 1446 S.
286 1389 528 1459 Isidoro,
551 1398 609 1445 ut
627 1398 797 1462 patet,
826 1389 894 1444 ad
933 1403 1091 1445 usum
1137 1386 1490 1443 ecclesiarum
1530 1382 1800 1454 Hispanize

195 1482 483 1547 ordinatus
532 1482 652 1538 fuit.
700 1482 956 1553 Singulos
1012 1481 1179 1537 libras
1222 1487 1421 1551 praeter
1474 1478 1797 1551 Hieronymi

195 1575 487 1649 prologum
518 1575 657 1632 alius
684 1575 741 1630 S.
775 1573 966 1631 Isidori
996 1572 1276 1645 praecedit,
1306 1580 1361 1628 et
1399 1571 1640 1641 singulos
1666 1585 1796 1642 pro-

192 1668 384 1739 phetas
413 1668 660 1738 elogium
699 1667 1039 1735 historicum,
1062 1665 1208 1736 quod
1254 1665 1308 1721 in
1360 1663 1499 1721 libro
1554 1662 1796 1732 ejusdem

193 1754 249 1813 S.
280 1756 503 1822 Isidori,
532 1757 601 1813 de
653 1756 787 1812 Ortu
838 1764 894 1812 et
936 1755 1156 1812 interitu
1219 1753 1465 1823 Patrum,
1503 1754 1793 1826 reperitur.

1906 553 2203 609 Parisensis
2253 555 2314 608 S.
2368 552 2542 607 Mauri
2572 567 2724 624 super
2753 551 3060 621 quibusdam
3092 570 3277 620 parum
3312 571 3498 610 conso—

1906 644 2008 713 nis,
2034 644 2415 716 prietes-missis,
2440 652 2590 716 atque
2618 629 3128 714 imprababilibus’in
3148 646 3253 700 vita
3282 646 3346 703 S.
3362 645 3496 702 Gre-

1905 737 2039 807 gorii
2065 734 2267 806 Magni,
2301 735 2365 790 ab
2390 737 2513 807 ipsis
2535 736 2813 801 adornata,
2839 743 2888 789 et
2912 736 2967 790 in
3000 743 3139 791 torno
3159 734 3229 792 IV
3267 734 3497 809 Operam

1902 828 1959 881 in
1989 827 2150 882 lucem
2180 831 2340 895 edita,
2371 832 2586 901 repertis
2603 828 2868 884 Matritiet
2895 829 3147 886 Bononiae
3177 830 3338 887 1754.
3356 832 3495 891 Huic

1905 933 2035 989 ergo
2064 920 2316 976 Zaccaria
2345 922 2552 978 litteras
2577 921 2744 987 dedit,
2768 927 2832 975 ut
2856 937 2985 978 mss.
3020 921 3251 979 Codices
3279 922 3498 980 Toleta—

1904 1009 2216 1066 naslsidori
2256 1018 2348 1066 aut
2376 1012 2489 1083 ipse
2510 1010 2802 1080 conferret,
2842 1020 2935 1068 aut
2988 1013 3057 1068 ab
3106 1014 3213 1071 alio
3260 1014 3499 1071 conferri

1905 1109 2136 1158 curaret.
2166 1100 2356 1157 Petrus
2378 1109 2444 1157 ad
2475 1104 2794 1160 Burrielium
2825 1106 3101 1175 negotium
3129 1106 3345 1163 detulit.
3375 1103 3490 1162 Ha-

1906 1194 2009 1250 beo
2031 1208 2198 1264 penes
2217 1210 2304 1250 me
2334 1194 2583 1251 Burrielii
2610 1211 2713 1265 qua
2723 1203 2848 1252 tuor
2876 1195 3161 1253 familiaria
3183 1198 3251 1253 ad
3276 1196 3498 1254 Petrum

1905 1286 2170 1359 epistolis,
2203 1286 2327 1341 data
2354 1302 2494 1342 anno
2526 1286 2684 1355 I754,
2708 1288 2797 1344 die
2826 1287 2881 1355 5,
2906 1288 2993 1344 die
3021 1288 3055 1342 6
3081 1298 3138 1345 et
3182 1288 3269 1345 die
3300 1287 3369 1343 i5
3391 1288 3497 1346 De-
3598 1306 3599 1311 ‘

1904 1381 2155 1446 cembris,
2186 1389 2242 1437 et
2263 1396 2405 1436 anno
2440 1378 2595 1446 1⁸755,
2627 1380 2714 1436 die
2741 1380 2777 1435 '5
2803 1380 3063 1437 Januarii.

1976 1492 2030 1549 8.
2056 1493 2256 1549 Harum
2279 1493 2521 1549 brevium
2565 1493 2912 1563 epistolarum
2966 1495 3070 1550 hoc
3107 1510 3274 1551 unum
3301 1503 3384 1551 est
3412 1509 3500 1549 ar-

1902 1594 2235 1656 gumentum,
2269 1594 2329 1642 ut
2356 1586 2422 1641 de
2450 1585 2661 1641 ratione
2704 1601 2811 1656 qua
2864 1586 3130 1642 Zaccarire
3183 1587 3499 1658 responderi

1902 1686 2090 1748 posset
2145 1677 2462 1734 disseratur.
2487 1676 2783 1732 Burrielius
2824 1678 3120 1748 praemittit,
3152 1679 3255 1734 sibi
3300 1680 3352 1733 in
3377 1680 3499 1733 ani-

1902 1788 1992 1828 mo
2020 1787 2140 1829 esse
2161 1772 2458 1828 editionem
2486 1769 2677 1826 Isidori
2706 1769 2921 1826 meliori
2947 1772 3208 1828 methodo
3236 1772 3499 1840 digeslam

196 1849 534 1923 Pervulgata
561 1851 933 1908 controversia
975 1858 1079 1917 est,
1110 1850 1251 1907 sitne
1303 1847 1494 1905 Isidori
1534 1846 1798 1919 ejusmodi
1828 1865 1876 1927 Β
1902 1883 2063 1939 quam
2116 1867 2284 1937 Regia
2325 1866 2652 1923 Matritensis
2698 1874 2844 1923 esse;
2869 1909 2886 1935 ,
2940 1882 2972 1922 θ
3027 1883 3159 1924 ωδε,
3209 1868 3502 1924 codicibus

197 1958 350 2015 opus.
374 1942 668 2015 Equidem,
699 1942 976 2000 sexcentis
995 1941 1322 2012 conjecturis
1350 1949 1648 2012 permotus,
1679 1939 1798 2010 opi-

200 2052 298 2092 nor
353 2034 413 2093 S.
446 2036 734 2093 doctorem
789 2052 852 2093 ea
892 2039 1280 2108 prophetarum
1333 2035 1510 2106 elogia
1557 2036 1796 2106 perscri-

186 2127 391 2196 psisse,
424 2136 485 2182 ut
505 2127 561 2182 in
592 2126 778 2183 Bibliis
799 2142 865 2183 ca
893 2127 1118 2198 singulis
1146 2126 1426 2198 prophetis
1459 2125 1795 2197 praeﬁgeret;

200 2219 340 2290 quod
372 2218 561 2275 itidem
592 2218 661 2275 de
688 2218 927 2290 prologis
979 2219 1250 2275 existimo.
1287 2217 1357 2273 Ut
1397 2216 1560 2287 igitur
1585 2217 1797 2290 prologi

202 2309 360 2364 simul
383 2310 519 2365 uniti
542 2310 861 2381 opusculum
886 2319 1199 2382 separatum
1243 2308 1638 2366 Prommiorum
1664 2324 1798 2367 can-

201 2400 403 2470 iiciunt,
434 2403 509 2460 ita
556 2404 721 2460 etiam
774 2404 1165 2475 prophetarum
1219 2401 1416 2473 elogia.
1446 2400 1565 2456 Alia
1622 2400 1800 2471 elogia

196 2494 292 2552 SS.
321 2496 553 2567 Virginis
581 2504 639 2553 et
666 2496 1061 2568 apostolorum,
1086 2511 1155 2550 ex
1203 2494 1399 2567 quibus
1455 2494 1627 2550 altera
1668 2509 1796 2564 pars

199 2589 468 2659 apusculi,
497 2591 563 2645 de
610 2586 745 2645 Ortu
796 2597 853 2645 et
886 2588 1133 2659 interitu
1156 2586 1399 2655 Patrum,
1424 2593 1661 2653 constat,
1685 2585 1796 2642 I‘or—

198 2689 340 2737 tasse
390 2681 559 2737 alium
607 2682 676 2737 ab
731 2680 939 2737 Isidoro
963 2689 1242 2737 auctorem
1272 2679 1493 2735 habent.
1526 2677 1585 2731 In
1609 2678 1802 2735 eodem

196 2771 399 2829 Codice
424 2772 727 2844 Evangeliis
746 2773 939 2829 decem
984 2786 1224 2827 canones
1258 2770 1475 2827 Eusebii
1502 2767 1803 2825 Caesarien-

191 2865 267 2921 sis
320 2880 422 2936 pro
482 2866 935 2936 evangelistarum
983 2862 1273 2920 concordia
1344 2862 1747 2935 praemittuntur
1786 2878 1799 2915 :

191 2975 436 3031 quorum
455 2958 793 3016 harmoniam
814 2958 1051 3014 Isidorus
1076 2956 1129 3013 in
1156 2954 1621 3026 Etymologiarum
1648 2952 1802 3009 libris

193 3049 446 3119 exponit.
493 3051 632 3105 Ante
686 3048 837 3105 Pauli
895 3047 1152 3120 epistolas
1207 3061 1448 3103 canones
1474 3043 1798 3102 Priscilliani

193 3140 440 3198 bmretici
466 3157 496 3196 a
528 3140 819 3211 Peregrina
851 3141 1107 3211 episcopo
1151 3140 1387 3195 correcti
1408 3138 1791 3210 reperiuntur:

1898 1958 2152 2031 Hispanis
2175 1958 2443 2015 adornare
2477 1975 2489 2011 :
2524 1957 2673 2013 addit
2719 1957 2879 2014 facile
2930 1973 2991 2015 se
3053 1956 3319 2015 Zaccarize
3374 1974 3502 2014 suas

1898 2066 2089 2108 omnes
2133 2051 2188 2105 in
2235 2050 2499 2105 lsidorum
2546 2049 2953 2108 lucubrationes
3007 2066 3416 2118 concessurum,
3454 2055 3500 2108 si

1898 2145 2040 2200 bona
2068 2126 2199 2200 cum.
2215 2143 2374 2199 venia
2401 2157 2589 2200 eorum
2630 2158 2663 2200 e
2695 2159 2927 2215 quorum
2972 2146 3232 2217 penderet
3260 2154 3393 2203 nutu
3447 2145 3503 2201 id

1900 2235 2014 2293 ﬁeri
2041 2243 2225 2307 posset
2256 2253 2270 2289 :
2304 2243 2559 2307 ueterum
2587 2235 2808 2307 brevem
2839 2236 3101 2293 Codicum
3130 2253 3260 2294 mss.
3292 2238 3497 2305 descri-

1899 2328 2162 2401 ptionem,
2192 2326 2237 2383 si
2273 2327 2409 2383 nihil
2432 2326 2577 2383 aliud
2600 2326 2857 2384 Zaccaria
2886 2328 3111 2399 ﬂagitet,
3142 2331 3198 2386 in
3253 2312 3350 2387 sua
3380 2347 3502 2389 esse

1901 2428 2196 2495 potestate,
2227 2427 2289 2476 ut
2334 2434 2460 2476 cum
2509 2417 2763 2476 Zaccaria
2809 2422 3194 2478 communicet.
3230 2422 3505 2480 Valuisset

1900 2512 2200 2570 Burrielius
2257 2511 2578 2579 editionem,
2632 2512 2845 2570 collatis
2876 2514 3094 2570 auxiliis
3149 2524 3205 2571 et
3262 2517 3503 2572 consiliis

1899 2606 2014 2662 sive
2044 2605 2102 2661 in
2129 2604 2304 2672 Italia,
2333 2604 2449 2662 sive
2473 2605 2530 2661 in
2558 2604 2816 2676 Hispania
2845 2608 3029 2677 peragi
3082 2627 3093 2661 :
3125 2608 3224 2665 sed
3250 2610 3497 2676 fortumc,

1901 2712 2021 2769 quae
2050 2705 2180 2753 tunc
2207 2698 2436 2754 incuria
2482 2697 2721 2769 Hispana
2769 2699 2871 2755 sibi
2912 2714 3172 2771 prospera
3221 2713 3360 2770 erat,
3394 2718 3501 2759 non

1901 2787 2034 2843 satis
2063 2786 2265 2842 ﬁdebat
2298 2805 2311 2843 :
2344 2796 2510 2860 atque
2533 2796 2762 2846 eventus
2815 2792 2932 2861 ipse
2954 2792 3247 2862 prudentes
3268 2795 3503 2850 hominis

1901 2877 2127 2935 timores
2172 2878 2531 2937 confirmavit.
2555 2881 2893 2952 Agnascebat
2948 2884 3111 2939 etiam
3158 2885 3503 2943 difficultates

1900 2986 2022 3043 quae
2045 2972 2102 3027 in
2132 2971 2390 3044 Hispania
2446 2974 2511 3028 ad
2560 2974 2825 3043 ejusmodi
2850 2991 3076 3046 operum
3105 2977 3499 3035 absolutionem

1901 3064 2173 3121 interdum
2216 3075 2532 3123 occurrunt.
2568 3067 2793 3136 Vereor,
2836 3070 3031 3141 inquit,
3089 3086 3159 3127 ne
3202 3073 3343 3128 forte
3382 3074 3500 3129 edi-

1901 3155 2038 3212 tioni
2087 3165 2243 3213 extra
2295 3156 2610 3229 Hispaniam
2653 3161 3105 3231 impedimentum
3149 3164 3364 3235 aliquod
3398 3182 3496 3238 ap-

197 3252 335 3333 quos
364 3234 583 3333 ab‘aliis
612 3243 1072 3292 commemoralos
1110 3249 1219 3291 non
1272 3232 1397 3290 ηονί
1443 3252 1457 3287 ε
1496 3234 1680 3303 itaque
1699 3245 1796 3333 ⁸οβ
1822 3242 1873 3314 c
1901 3255 2153 3321 ponatur,
2183 3254 2240 3305 et
2289 3249 2345 3305 in
2400 3250 2658 3324 Hispania
2703 3252 2921 3309 interim
2978 3255 3111 3311 nihil
3166 3232 3500 3327 perficiatur.

200 3328 481 3398 descripsi.
514 3347 534 3380 ι

269 3422 319 3476 6.
354 3422 430 3477 De
458 3423 757 3479 canonibus
787 3420 1125 3490 Priscilliani,
1164 3436 1302 3492 quos
1326 3420 1621 3478 Burrielius
1647 3437 1799 3479 com-

203 3524 482 3581 memorat,
533 3514 704 3569 videri
729 3522 910 3585 potest
929 3514 1207 3571 Fabricius
1260 3514 1317 3570 in
1354 3514 1608 3571 Biblioth.
1638 3515 1800 3572 medii

206 3607 317 3675 sevi,
363 3615 419 3662 et
464 3605 717 3663 Zaccaria
765 3616 894 3663 tam.
926 3607 972 3663 V
1016 3606 1153 3663 Hist.
1204 3606 1371 3663 litter.
1420 3606 1539 3663 Ital.
1589 3623 1709 3680 cap.
1740 3608 1798 3679 9,

210 3711 348 3753 num.
378 3696 435 3767 4,
465 3699 560 3769 qui
602 3712 662 3753 se
699 3697 951 3768 ignorare
973 3698 1173 3754 fatetur
1199 3699 1447 3770 quisnam
1487 3699 1649 3755 fuerit
1697 3698 1799 3756 Pe-

208 3790 441 3858 regrinus
473 3789 566 3847 ille
610 3791 899 3862 episcopus
924 3791 1017 3861 qui
1039 3806 1278 3847 canones
1306 3790 1625 3847 Priscilliani
1673 3808 1799 3849 cor-

203 3884 351 3939 rexit.
380 3884 458 3939 Ac
501 3884 730 3940 fortasse
758 3884 1161 3958 pseudouymus
1190 3892 1379 3940 auctor
1406 3892 1507 3950 est,
1535 3884 1646 3954 qui,
1678 3900 1802 3941 cum

204 3989 345 4031 suum
375 3992 586 4033 nomen
614 3977 877 4033 occultari
932 3976 1117 4045 vellet,
1150 3976 1424 4049 Peregrini
1472 3992 1670 4033 nomen
1717 3993 1802 4035 as-

205 4068 432 4138 sumpsit,
458 4068 619 4137 ηυοά
676 4068 833 4123 simili
889 4069 955 4125 de
991 4084 1157 4125 causa
1187 4067 1323 4124 alios
1352 4084 1638 4141 usurpasse
1666 4085 1802 4127 can-

207 4166 319 4214 stat.
343 4159 720 4217 Burl'ieliusin
750 4160 942 4217 litteris
969 4161 1036 4216 ad
1066 4162 1128 4216 D.
1161 4162 1383 4218 Petrum
1403 4162 1470 4217 de
1495 4160 1689 4219 Castra
1716 4163 1805 4221 die

207 4264 255 4304 ιιι
281 4249 390 4306 Ian.
426 4254 453 4309 1
481 4252 586 4306 754
616 4268 741 4307 mox
769 4251 1077 4318 afferendis,
1104 4253 1281 4309 adhuc
1308 4255 1532 4325 putabat
1588 4255 1803 4312 Priscil-

206 4342 435 4403 lianihos
457 4362 712 4403 «canones
762 4347 903 4418 typis
955 4364 1064 4403 non
1112 4346 1277 4403 fuisse
1330 4349 1668 4418 exscriptos:
1702 4347 1800 4405 sed

210 4449 293 4491 eos
316 4438 462 4507 jama
485 4438 518 4494 b
547 4454 690 4493 anno
719 4437 863 4491 11752
883 4438 936 4492 in
966 4436 1299 4494 Bibliotheca
1321 4437 1639 4495 Pistoriensi
1672 4438 1803 4495 Zac-

214 4531 342 4585 caria
367 4532 709 4601 vulgaverat,
740 4531 829 4585 ubi
855 4530 1236 4585 animadvertit
1266 4531 1485 4587 eosdem
1516 4531 1805 4590 Priscillia-

1905 3340 2145 3413 Denique
2173 3343 2334 3415 309
2388 3343 2686 3415 longiorem
2744 3347 3033 3417 epistolam
3085 3351 3352 3416 exaravit,
3377 3365 3501 3421 quas

1902 3436 1974 3494 ad
2002 3436 2315 3494 Zaccariam
2334 3438 2472 3493 mitti
2496 3447 2700 3511 posset.
2728 3439 2800 3495 Ea
2827 3441 2972 3498 edita
3021 3441 3135 3513 jam
3163 3452 3248 3500 est
3294 3459 3327 3501 a
3347 3442 3503 3501 Jose-

1901 3534 2013 3606 pho
2058 3533 2362 3603 Rodriguez
2407 3535 2477 3602 de
2528 3535 2719 3592 Castra
2777 3537 2830 3591 in
2854 3536 3189 3596 Bibliotheca
3258 3538 3501 3611 Hispana

1903 3625 2068 3681 verbo
2098 3624 2338 3680 Isidorus
2388 3641 2407 3679 :
2457 3625 2552 3681 sed
2582 3627 2729 3697 quod
2766 3627 2857 3683 ille
2887 3628 3008 3684 loco
3055 3630 3288 3686 fortasse
3320 3630 3501 3687 alieno

1902 3718 2049 3783 fecit,
2080 3731 2179 3773 nos
2201 3716 2324 3773 loco
2346 3718 2584 3773 maxime
2606 3727 2913 3789 opportuno
2942 3721 3357 3790 praetermittere
3387 3738 3499 3778 non

1910 3806 2088 3873 decet,
2120 3808 2419 3878 praesertim
2467 3822 2589 3862 cum
2642 3808 2801 3878 digna
2849 3809 2919 3863 sit
2971 3824 3091 3879 quae
3133 3825 3255 3866 cum
3294 3812 3500 3869 exteris

1905 3900 2351 3957 communicatur.
2378 3899 2507 3955 Eam
2536 3900 2700 3970 igitur
2728 3916 2794 3955 ex
2823 3899 3117 3971 Hispanico
3148 3904 3490 3975 autographa

1906 3994 2197 4065 exemplari
2234 3994 2313 4049 sic
2343 3982 2589 4048 Latinam
2617 3993 2901 4048 faciebam.

2021 4108 2091 4164 D.
2120 4108 2278 4164 Petro
2309 4108 2373 4163 de
2392 4106 2597 4173 Castra,
2620 4108 2785 4163 amica
2810 4106 3135 4178 charissima,
3168 4108 3408 4166 Andreas

2480 4178 2684 4234 Burriel
2743 4178 2783 4234 S
2792 4222 2803 4234 .
2863 4178 2935 4235 Β.

1976 4274 2031 4331 9.
2064 4274 2296 4331 Litteras
2348 4282 2468 4346 tuas
2502 4273 2660 4346 simul
2686 4288 2808 4346 cum
2838 4274 2903 4330 iis
2926 4290 3061 4346 quas
3088 4276 3148 4331 P.
3168 4276 3495 4340 Franciscus

1906 4347 2172 4403 Antonius
2199 4345 2449 4402 Zaccaria
2493 4344 2580 4400 die
2628 4343 2664 4399 8
2708 4343 3026 4403 Novembris
3071 4347 3330 4405 Bononiae
3358 4351 3424 4406 ad
3450 4363 3505 4409 te

1907 4418 2457 4490 dedit,ﬁlibentis_sime
2484 4416 2610 4490 legi.
2640 4414 3048 4490 liorte‘fortuna
3078 4418 3182 4490 hoc
3205 4421 3325 4490 ipsa
3355 4430 3496 4477 tem-

1905 4506 2039 4561 pore
2061 4489 2257 4561 Patres
2300 4487 2516 4561 Panigai
2559 4486 2911 4561 e_t_‘Bra_mieri
2938 4503 2969 4543 e
2991 4486 3266 4561 provincia
3292 4490 3512 4550 Veneta

1911 4556 2187 4616 societatis
2230 4557 2379 4623 Iesu,
2421 4558 2512 4628 qui
2580 4556 2932 4630 Ulyssipone‘
2966 4556 3035 4613 a'd
3086 4559 3244 4616 istam
3293 4563 3503 4630 regiam

220 4633 346 4674 uio:
396 4623 568 4695 308
617 4635 909 4676 canonesa
940 4617 1232 4689 Peregrina
1281 4631 1558 4679 correctos
1588 4634 1805 4681 exstare
1837 4632 2113 4706 Βρυτίδαι
2158 4646 2218 4706 se
2270 4617 2571 4706 conferunt,
2603 4617 2704 4706 hac
2751 4617 2854 4706 iter
2908 4626 3156 4706 fecerunt
3198 4617 3500 4706 :Aquivcum‘

224 4707 269 4762 in
292 4710 615 4770 Bibliotheca
648 4712 905 4768 Vaticana
927 4710 1050 4767 cod.
1076 4711 1239 4779 5729,
1268 4710 1409 4780 217;
1440 4714 1666 4772 fortasse
1723 4718 1808 4773 in-

224 4800 396 4871 telligit
420 4805 670 4875 paginam
692 4803 797 4856 217
818 4802 1049 4860 Codicis.
1084 4801 1139 4856 In
1169 4802 1400 4858 laudatis
1412 4804 1597 4861 Bibliis
1618 4804 1809 4871 Gothi-

227 4892 296 4949 cis
317 4897 551 4954 ecclesia:
574 4897 850 4953 Toletanze
880 4895 1067 4951 deerat
1096 4894 1299 4965 primus
1324 4897 1603 4968 prologus,
1633 4901 1801 4955 omni-

229 4982 318 5041 bus
359 4990 525 5045 sacris
580 4989 737 5044 libris
792 4986 1115 5056 communis,
1147 5003 1307 5058 quem
1335 5003 1401 5043 ex
1456 4990 1806 5050 celeberrimo

231 5075 327 5135 alio
350 5079 551 5139 Codice
580 5081 797 5152 collegii
823 5080 1045 5152 majoris
1103 5080 1492 5153 complutensis
1513 5084 1806 5145 Burrielius

232 5166 444 5228 describi
474 5173 703 5231 curavit.

295 5263 343 5333 7,.
371 5265 495 5324 Post
518 5268 726 5323 litteras
754 5267 826 5322 ad
844 5267 1119 5337 Babagum
1149 5268 1319 5335 datas,
1347 5269 1562 5325 biennio
1591 5283 1805 5340 exacto,

236 5348 505 5412 Burrielius
534 5356 803 5413 Zaccarizc
834 5358 1073 5420 nomine.
1107 5360 1199 5428 qui
1253 5359 1543 5415 editionem
1573 5359 1807 5431 Operum

237 5439 287 5495 S.
316 5442 492 5504 Isidori
512 5450 891 5515 meditabatur,
913 5450 981 5506 de
1010 5466 1141 5507 mss.
1175 5451 1363 5508 Isidori
1407 5455 1807 5525 exemplaribus

239 5549 344 5603 qua:
385 5539 553 5598 Toleti
606 5552 1033 5611 asservarentur,
1091 5545 1370 5601 consultus
1417 5544 1533 5601 fuit.
1569 5546 1609 5600 E
1653 5550 1804 5619 regio

242 5621 578 5699 Hispanorum
625 5632 821 5704 majori
868 5634 1099 5705 collegio
1148 5635 1496 5702 Bononiensi,
1548 5638 1692 5707 quod
1743 5636 1803 5695 S.

244 5713 512 5779 Clementis
541 5733 903 5798 nuncupatur,
934 5725 1205 5783 Matritum
1247 5736 1472 5785 venerat
1515 5730 1598 5784 vir
1625 5730 1806 5787 clarus

246 5805 415 5868 Petrus
438 5815 502 5872 de
528 5816 717 5874 Castra
729 5817 968 5890 ejusdem
992 5819 1201 5890 collegii
1219 5820 1484 5891 alumnus,
1510 5837 1652 5878 nunc
1678 5821 1802 5879 His-

246 5899 455 5967 palensis
492 5907 734 5967 ecclesiae
784 5908 1117 5980 Canonicus,
1164 5909 1320 5985 cujus
1361 5919 1540 5968 exstat
1591 5911 1802 5969 erudita

1916 4703 2087 4759 Toleti
2120 4702 2359 4771 quinque
2387 4698 2574 4753 diebus
2596 4698 2662 4752 ad
2690 4698 3015 4773 hujus‘urbis
3045 4698 3417 4773 antiquitates,
3447 4714 3506 4761 et

1912 4777 2117 4830 rariora
2148 4786 2375 4842 quaeque
2418 4777 2767 4824 monumenta
2818 4771 3151 4826 observanda
3177 4771 3508 4833 commorati

1911 4847 2039 4908 sint,
2059 4845 2311 4899 idoneum
2337 4851 2548 4910 tempus
2580 4848 2768 4895 nactus
2797 4856 2939 4908 sum,
2968 4849 3031 4896 ut
3079 4858 3203 4899 cum
3230 4845 3309 4900 eis
3338 4845 3406 4901 de
3436 4845 3499 4902 P.

1912 4916 2363 4983 Zaccaria,quem
2403 4912 2605 4983 optime
2658 4921 2877 4979 norunt,
2924 4913 3141 4983 longum
3194 4930 3503 4973 sermonem

1912 4981 2246 5043 instituerem
2280 5004 2292 5037 :
2325 4995 2485 5051 atque
2506 4981 2645 5053 adeo
2672 4991 2731 5037 ut
2759 4981 3099 5053 prudentiam
3148 4986 3302 5043 ducis
3342 4987 3503 5044 Muti-

1912 5058 2116 5123 nensis,
2148 5057 2238 5125 qui
2289 5056 2340 5125 in
2394 5052 2709 5124 praelectum
2736 5052 2845 5111 suae
2870 5054 3214 5113 bibliothecae
3242 5074 3368 5114 eum
3393 5060 3509 5115 cla-

1909 5129 2124 5185 rissimo
2152 5123 2267 5182 viro
2288 5123 2945 5200 Muratoriosubrogavit,
2970 5143 3079 5200 uno
3104 5144 3202 5184 ore
3253 5130 3509 5200 praedica.

1913 5216 2127 5256 remus:
2156 5214 2219 5253 ac
2274 5206 2532 5267 praeterea
2588 5197 2729 5252 inter
2786 5196 2885 5253 nos
2930 5196 3341 5267 conferremus,
3396 5216 3506 5267 qua

1910 5270 2247 5342 potissimum
2276 5270 2484 5343 ratione
2513 5269 2619 5323 tuis
2636 5283 2737 5338 pro
2765 5268 2957 5325 eodem
2988 5268 3243 5326 Zaccaria
3262 5268 3505 5343 postula-

1912 5338 1980 5399 iis
2008 5359 2037 5397 a
2060 5357 2146 5397 me
2174 5338 2487 5409 responderi
2515 5347 2782 5410 oporteat.

1986 5413 2074 5469 10.
2120 5414 2197 5467 Ac
2244 5412 2472 5483 primum
2512 5411 2724 5483 gratias
2776 5412 2871 5468 tibi
2918 5427 2987 5468 ex
3017 5412 3182 5469 corde
3209 5427 3310 5482 ago
3354 5413 3506 5483 quod

1912 5487 2059 5544 docti
2086 5484 2239 5538 istius
2267 5481 2484 5537 Jesuitte
2511 5481 2913 5540 lucubrationes
2933 5491 2989 5539 et
3008 5484 3227 5553 plausus
3251 5481 3506 5540 tam—sin-

1915 5573 2039 5615 cera
2095 5565 2150 5610 et
2198 5568 2466 5625 propensa
2518 5554 2799 5609 voluntate
2855 5569 3180 5625 promovere
3231 5555 3433 5624 satagis
3480 5572 3499 5610 :

1915 5627 2191 5685 communi
2220 5626 2382 5681 etiam
2412 5625 2577 5680 totius
2606 5632 2800 5681 nostra:
2820 5625 2996 5694 gentis
3023 5639 3158 5680 voce
3199 5625 3393 5681 vellem
3420 5626 3505 5684 uti

1913 5714 2091 5770 posse,
2117 5706 2174 5752 ut
2196 5768 2205 5770 _
2224 5697 2398 5752 eidem
2429 5695 2696 5770 Zaccariaef
2722 5696 3019 5753 clarissima
3034 5695 3305 5770 _memoris
3332 5696 3505 5770 grati-

1910 5765 2017 5840 que
2043 5768 2208 5824 animi
2230 5775 2542 5840 argumenta
2554 5767 2891 5840 exhiberem,
2908 5765 3054 5840 quod
3068 5780 3287 5840 suarum
3313 5769 3502 5840 cogni-

1911 5836 2117 5909 tionum
2165 5839 2530 5909 doctrinaeque
2573 5837 2918 5909 copiamuad
2943 5836 3180 5909 doctoris
3232 5836 3402 5909 nostri
3431 5837 3493 5894 S.

1908 5903 2097 5967 Isidori
2150 5911 2348 5982 scripta
2377 5903 2690 5968 illustranda
2743 5906 3017 5964 etfundere
3061 5903 3382 5967 decreverit.
