4070 6362
187 317 298 372 949

1243 303 1654 363 ISIDORIANA.
1695 334 1765 348 -
1805 305 1981 364 PARS
2018 306 2059 361 1.
2099 304 2253 361 CAP.
2292 301 2406 359 XL.

3366 301 3476 359 εἶ’ιο

184 445 318 486 mss.
351 425 580 482 Gothica
609 439 676 480 eo
704 423 864 478 modo
890 422 1290 491 publicarentur
1310 435 1418 488 quo
1446 418 1550 474 alia
1577 419 1643 474 ab
1666 419 1784 474 aliis
1815 389 2175 483 AC-Codieibus
2203 432 2417 491 quoque,
2445 415 2777 473 collectionis
2803 419 3077 491 canonica:
3103 426 3159 474 et
3186 416 3475 474 bibliorum

185 500 434 556 omnium
465 497 702 565 gentium
731 491 1386 565 scriptoribuspublicata
1417 498 1560 565 sunt,
1593 499 1647 544 et
1674 505 1783 565 quo

188 586 391 640 nuper,
425 561 577 640 anno
617 561 1022 640 scilicet
1080 561 1658 640 Muratorius_Co_(lices
1697 561 1783 640 l_.i-

188 631 385 710 tur'gim
423 638 679 710 Romana:
704 633 1370 710 veteris‘illustravituqni
1399 631 1607 710 duobus
1634 631 1783 710 volu-

186 700 424 766 minibus
454 707 881 763 Sacramentaria
903 703 959 759 S.
995 703 1211 770 Leonis,
1242 700 1312 758 8.“
1332 701 1554 770 Gelasii,
1575 702 1634 758 8.
1652 700 1785 756 Gre-

185 783 344 851 gorii,
380 788 438 835 et
459 780 617 851 alia,
642 787 698 832 ut
734 778 787 832 in
818 776 1087 831 veteribus
1107 774 1520 851 exemplaribus
1543 789 1676 851 _r_uss.
1719 772 1787 828 ad

187 845 417 908 verbum
450 850 717 919 descripta
745 854 978 913 exstant,
1011 845 1151 917 typis
1177 845 1364 910 edidit,
1407 845 1660 900 brevibus
1689 859 1787 899 no-

187 925 255 978 tis
285 921 571 992 subjectis.

254 984 420 1064 317
449 991 538 1046 41.
570 991 627 1046 ln
655 1007 796 1064 nova
818 990 1051 1064 Operam
1073 987 1357 1064 cardinalis
1376 984 1790 1064 Thomasiiedi-

186 1056 360 1120 tione—
379 1056 560 1134 primo
589 1056 880 1134 volumine,
909 1061 1052 1134 quod
1091 1076 1120 1114 a
1163 1056 1706 1134 bibliopolis__nostri_s
1735 1056 1786 1110 in

181 1137 286 1189 duo
315 1127 576 1199 divisum,
605 1133 867 1189 distinctis
896 1127 1064 1186 titulis
1113 1139 1274 1201 atque
1302 1127 1552 1201 epistolis
1572 1127 1785 1201 dedica-

182 1207 334 1260 toriis
377 1212 664 1269 ornatum,
719 1220 816 1274 pro
861 1203 1087 1274 duobus
1120 1199 1644 1274 diversis'pperibns
1692 1199 1791 1274 ali-

182 1276 399 1362 quando
433 1269 736 1362 venditum"
758 1282 867 1362 est,
909 1272 1232 1362 ﬁlancb‘inus
1270 1270 1538 1362 Codice-ni
1562 1269 1791 1362 Iliturgim

181 1341 424 1402 Gothica:
447 1386 462 1410 ,
496 1345 548 1399 in
580 1345 800 1414 capituli
839 1345 1079 1399 ecclesiae
1106 1341 1428 1397 Veronensis
1466 1341 1791 1414 bibliotheca

180 1426 484 1486 repertum,
515 1411 758 1472 inseruit.
805 1415 919 1470 Vidi
948 1415 1108 1486 etiam
1133 1422 1477 1486 conspectum
1516 1411 1790 1486 editionis,

180 1483 338 1557 quam
367 1488 632 1558 pnesules
653 1486 952 1541 Assemanii
975 1483 1162 1558 Romae
1185 1483 1528 1558 meditantur,
1551 1485 1789 1536 omnium

182 1553 345 1614 totius
370 1553 528 1612 orbis
558 1558 890 1628 liturgiarum
920 1553 1610 1628 quindecimvoluminibus
1629 1569 1791 1628 excu-

181 1630 508 1695 dendarum,
555 1639 612 1682 ut
641 1623 1010 1684 in'Codicibus
1039 1626 1272 1695 antiquis
1297 1624 1498 1692 jacent.
1554 1623 1791 1695 Liturgia

184 1709 366 1754 nostra
397 1698 636 1754 Gothica
669 1699 1027 1762 Muzarabiea,
1053 1706 1145 1750 aut
1169 1694 1483 1760 lsidoriana,
1514 1695 1696 1749 multis
1724 1694 1792 1750 de

179 1772 353 1826 causis
375 1785 510 1826 cum
540 1770 823 1838 cujuslibet
848 1769 1065 1821 alterius
1094 1767 1265 1834 gentis
1292 1765 1792 1838 liturgiade‘digni-

181 1849 290 1896 tate
325 1850 383 1896 et
414 1835 775 1911 auriplitutline
813 1839 1144 1911 contenderc
1178 1845 1374 1907 potest.
1434 1835 1560 1911 Sola
1604 1836 1788 1911 biblio-

184 1912 336 1966 theca
367 1905 534 1981 hujus
562 1911 803 1981 ecclesiae
831 1905 1408 1981 pritiiatis__Toletaii:e,
1439 1915 1497 1960 ut
1520 1905 1629 1974 jam
1661 1907 1791 1981 dixi,

191 1982 346 2036 nobis
383 1978 637 2036 undecim
667 1978 939 2034 volu‘rina
965 1979 1186 2034 exhibet
1215 1997 1228 2032 :
1261 1985 1504 2031 nostrum
1550 1985 1632 2032 est
1670 1978 1795 2032 mis-

187 2052 299 2108 sale
327 2050 622 2107 Gothicum
653 2067 682 2104 a
714 2051 1024 2104 Mabillouio
1053 2063 1331 2113 excusum,
1361 2057 1415 2102 et
1438 2063 1466 2101 a
1499 2046 1796 2104 Muratorio

188 2137 464 2187 recusum,
483 2132 684 2199 noster
711 2121 963 2199 laudatus
991 2120 1170 2175 Codex
1201 2119 1424 2199 capituli
1445 2117 1792 2199 veronensis,

192 2202 372 2248 nostra
403 2193 679 2248 volumina
723 2190 950 2246 Gothica
994 2187 1305 2246 monasterii
1345 2187 1684 2257 Caradignae,
1727 2205 1796 2246 ex

192 2265 384 2334 quibus
434 2262 496 2317 P.
539 2263 812 2334 Berganza
857 2262 1115 2334 nonnulla
1161 2269 1417 2334 excerpta
1444 2259 1530 2334 ad
1575 2275 1793 2334 suarum

195 2331 558 2415 appendicum
585 2333 806 2415 falcem
859 2331 1123 2415 conjecit;
1156 2331 1517 2415 "neqdubito
1562 2331 1793 2415 quinnin

193 2401 310 2458 aliis
337 2418 557 2472 quoque
583 2403 849 2473 Hispania:
876 2402 1220 2458 monasteriis
1248 2401 1352 2455 alia
1382 2402 1657 2473 volumina
1684 2403 1795 2458 Go-

193 2474 333 2544 thica
360 2471 514 2528 ’mss.
547 2471 818 2544 litui-gica,
863 2482 923 2528 ut
971 2475 1024 2528 in
1074 2473 1404 2528 monasterio
1443 2471 1792 2544 Caradigme,

192 2543 305 2599 sive
333 2544 400 2599 de
429 2541 692 2614 Cardei'i'a,’
718 2545 942 2611 lateant,
970 2559 1002 2599 e
1029 2544 1224 2614 quibus
1252 2552 1356 2614 tam
1384 2543 1559 2614 ampla
1591 2541 1792 2600 collec-L

191 2614 266 2668 tio
289 2613 555 2684 compleri
579 2616 798 2686 poterit,
824 2624 884 2668 ut
903 2613 1178 2670 nulla’alia
1197 2613 1346 2668 natio
1365 2613 1594 2670 similem
1617 2615 1794 2670 valeat

192 2697 494 2740 opponere.

227 2699 804 2828 p£:.neMrgrtyrologia_
813 2769 1109 2828 eorumque
1127 2755 1210 2828 _in_
1232 2753 1410 2808 ofﬁcio
1440 2754 1635 2828 divino
1647 2825 1655 2828 _
1667 2771 1794 2811 usus

193 2835 376 2881 ortum
410 2826 466 2879 in
498 2824 736 2884 Ecclesia
765 2825 1098 2883 Cordubensi
1125 2825 1450 2892 habuerunt,
1482 2824 1532 2877 in
1562 2825 1796 2894 reliquas

181 2895 462 2966 Ecclesias
503 2897 698 2951 exinde
740 2894 1372 2966 propagatapsiquidem
1405 2895 1646 2966 epistolae
1676 2911 1795 2966 qua:

178 2981 310 3021 cum
341 2965 708 3021 additionibus
736 2964 802 3020 ad
836 2964 1270 3035 Martyrologium
1299 2965 1500 3019 Adonis
1526 2964 1793 3021 Viennen-

179 3037 257 3107 sis
283 3035 684 3107 circumfertur,
717 3037 874 3091 [idem
905 3044 1234 3107 praestaturus.
1271 3035 1534 3107 Nonnulla
1582 3048 1702 3090 sunt
1739 3038 1792 3092 in

179 3105 468 3179 Hispania,
511 3116 566 3162 et
590 3105 1790 3179 satisquidem_antiqua,_cjusmodimarty-

184 3176 393 3267 rololgia
425 3193 439 3258 ξ
471 3192 536 3267 ac
565 3174 861 3267 solarha-c.
885 3176 1208 3267 bibliotheca
1237 3174 1791 3267 I‘Ecclesichi‘oletanm
1819 3206 1865 3267 ρ

186 3247 398 3302 duobus
426 3247 569 3302 inter
588 3263 647 3302 se
666 3246 892 3312 diversis
913 3248 1130 3317 potitur.
1167 3243 1434 3301 Habemus
1461 3247 1643 3302 itidem
1674 3265 1791 3304 tna-
1819 3243 1865 3268 “

189 3329 291 3384 gno
320 3333 551 3389 numero
572 3318 918 3389 sanctoralia,
941 3325 995 3371 et
1017 3317 1181 3389 libros
1205 3325 1445 3389 actorum
1475 3326 1792 3389 martyrum,

191 3403 306 3512 qua:
335 3387 661 3470 in.ecclesiis
679 3388 1022 3470 legebantur.
1055 3386 1112 3441 In
1142 3388 1246 3441 hac
1267 3387 1491 3469 quidem
1524 3386 1653 3471 urbe
1682 3389 1790 3472 Cc-

227 3473 333 3512 tces
361 3473 481 3512 eius
509 3473 722 3512 generis
749 3467 963 3512 exstant
983 3457 1140 3512 valde
1170 3467 1375 3512 antiqui
1403 3476 1414 3512 :
1445 3475 1496 3512 in
1528 3460 1647 3512 alus
1671 3459 1790 3512 His-

227 3458 333 3513 ices
361 3458 481 3527 ejus
509 3460 722 3528 generis
749 3467 963 3513 exstant
983 3457 1140 3512 valde
1170 3458 1375 3526 antiqui
1403 3476 1414 3512 :
1445 3459 1496 3512 in
1528 3460 1647 3528 aliis
1671 3459 1791 3516 His-

195 3527 631 3599 panizepartibus
651 3531 815 3586 etiam
843 3529 1172 3584 characteris
1193 3537 1247 3583 et
1273 3529 1528 3599 temporis
1551 3527 1790 3587 Gothici.

198 3597 302 3670 Etsi
331 3597 666 3668 ejuscemodi
705 3609 1053 3654 monumenta
1080 3601 1133 3653 in
1155 3599 1376 3670 Tamayi
1407 3598 1792 3670 Martyrologio

199 3667 473 3742 deturpata
504 3670 740 3736 fuerunt,
772 3687 878 3725 non
914 3679 1091 3742 tamen
1119 3667 1402 3742 propterea
1426 3667 1583 3724 suum
1625 3667 1792 3726 inter-

200 3753 316 3810 num
341 3740 752 3797 fundamentum
773 3740 1074 3810 splendoris
1096 3741 1413 3805 amiserunt,
1436 3755 1595 3810 quem
1617 3743 1792 3810 quivis

199 3809 446 3876 eruditus,
490 3810 665 3868 ﬁdelis
697 3820 755 3866 et
790 3809 1054 3876 sincerus,
1085 3809 1468 3866 demonstrare
1496 3809 1712 3880 poterit,
1745 3813 1792 3868 si

201 3880 350 3953 modo
383 3881 594 3952 judicio
633 3897 664 3937 a
703 3882 934 3953 partium
974 3880 1155 3953 studio
1195 3881 1410 3953 alieno,
1449 3882 1696 3950 prudenti
1737 3891 1794 3938 et

200 3947 520 4022 incorrupto,
556 3947 746 4009 merita
776 3967 966 4022 eorum
989 3949 1299 4022 patelaciat,
1333 3947 1465 4004 llaec
1473 3959 1668 4022 autem
1693 3967 1790 4008 ve-

199 4025 303 4094 tera
323 4019 651 4079 documeuta
685 4023 932 4092 liturgica
955 4019 1226 4092 Hispania:
1245 4021 1448 4090 absque
1473 4021 1661 4076 Isidori
1688 4039 1792 4094 ope

203 4088 438 4149 illustrari
466 4095 778 4150 nullatenus
801 4088 1026 4164 possunt
1044 4088 1068 4145 ε’
1085 4101 1197 4164 tum
1220 4095 1344 4164 quia
1364 4088 1479 4164 ipse
1499 4100 1581 4147 est
1602 4088 1791 4149 eoru'm

239 4164 497 4238 raecipuus
521 4174 738 4238 auctor,
768 4163 879 4220 tum
900 4165 1043 4238 quia
1071 4179 1104 4218 e
1127 4163 1355 4238 diversis
1391 4163 1510 4238 ejus
1536 4165 1791 4238 operibus

224 4233 367 4288 nmen
396 4237 502 4305 peti
537 4235 734 4290 debet:
764 4244 823 4290 ut
860 4233 993 4290 nihil
1032 4233 1449 4305 interimidicam
1480 4234 1548 4290 de
1577 4235 1790 4292 vinculo

235 4316 300 4356 uo
328 4304 436 4362 tunc
465 4322 593 4363 cum
625 4306 806 4363 Bibliis
834 4305 1077 4361 Gothicis
1102 4315 1158 4361 et
1183 4304 1504 4361 collectione
1529 4307 1789 4362 canonica

247 4373 412 4449 ethica
439 4377 693 4449 copulata
722 4386 867 4432 sunt.

265 4441 346 4500 45.
383 4441 547 4514 Quod
573 4450 618 4504 si
647 4465 812 4519 opera
849 4455 1161 4504 sanctorum
1190 4456 1434 4504 veterum
1473 4454 1529 4503 et
1557 4449 1790 4519 scripto-

207 4524 323 4589 ιἰιιιι⁸
345 4519 830 4575 ecclesiasticorum
860 4519 1324 4589 Hispaniensium,
1351 4519 1494 4588 quod
1533 4531 1786 4588 quartum

1890 488 2238 544 inveniuntur
2265 507 2278 543 :
2312 489 2445 542 alius
2475 497 2628 543 vetus
2656 503 2917 545 annorum
2963 488 3068 544 600
3110 491 3164 544 in
3209 497 3478 549 conventu

1887 560 1944 615 8.
1977 560 2200 616 Joannis
2229 559 2466 630 Regum;
2509 559 2644 614 alius
2691 562 2961 616 recentior
3004 562 3056 630 in
3108 561 3213 615 hoc
3251 559 3480 630 collegio

1887 632 2195 703 Socii-tatis.
2248 629 2514 703 Praterea
2546 631 3002 703 aliaexemplaria
3027 629 3253 688 Gethica
3289 629 3483 687 biblio-

1889 703 2044 756 theca
2077 701 2460 757 Escurialensis
2487 702 2742 771 possidet.
2836 701 2851 703 ⁷
2919 702 2922 706 ’

1917 827 1921 831 .
1959 771 2050 834 45,
2092 773 2311 827 Divinus
2341 788 2438 827 rex
2475 781 2657 828 noster
2686 772 2742 829 S.
2773 773 3143 830 Ferdinaudus
3171 773 3351 830 statim
3394 780 3476 827 at-

1887 859 1992 914 que
2017 842 2318 916 Cordubam
2340 845 2683 916 expugnavit,
2703 854 2760 900 et
2783 845 3088 916 priusquam
3116 847 3303 914 ingens
3328 859 3483 916 opus,

1888 916 1974 970 cui
2007 914 2330 986 Par-(iturum
2365 914 2576 986 titulum
2607 916 2753 980 fecit,
2783 914 3150 981 adumbraret,
3180 915 3486 986 prudentis-

1889 987 2025 1042 sima
2064 993 2180 1058 arte
2213 985 2372 1053 jussit
2407 985 2554 1058 leges
2582 986 2722 1056 vulgi
2764 988 2940 1057 lingua
2977 985 3271 1058 publicari,
3321 994 3487 1058 atque

1890 1072 2025 1112 unas
2053 1055 2376 1128 easdemque
2405 1056 2457 1128 in
2485 1064 2598 1111 toto
2628 1055 2796 1127 regno
2822 1055 3046 1121 servari,
3077 1066 3337 1128 quantum
3365 1055 3487 1128 qui-

1890 1128 2013 1183 dem
2043 1126 2276 1180 nationis
2301 1125 2538 1198 stuﬁdium
2567 1137 2622 1182 et
2649 1125 2801 1183 amor
2828 1143 2954 1198 erga
2983 1144 3079 1184 sua
3095 1125 3229 1198 jura
3259 1125 3488 1198 munici-

1891 1199 2032 1269 palia
2057 1205 2350 1269 pateretur.
2379 1196 2536 1269 ,Hunc
2567 1198 2633 1252 ad
2662 1215 2815 1253 usum
2843 1196 3040 1254 Forum
3071 1196 3312 1254 Iudicum
3344 1197 3488 1252 Lati-

1895 1265 2073 1335 num,’
2107 1265 2251 1338 quod
2295 1267 2469 1340 Ioleti
2524 1270 2846 1340 praevalebat
2895 1271 3234 1340 (quanquam
3290 1271 3340 1323 in
3389 1283 3489 1324 usu

1893 1337 2269 1410 quoquei'erat
2296 1337 2492 1410 Forum
2527 1337 2966 1410 ’Castellanum'),
2999 1337 3122 1409 quia
3161 1341 3491 1410 gubernator

1893 1408 2282 1472 Muzarabum,
2313 1408 2533 1480 quibus,
2569 1418 2626 1464 ut
2664 1409 2874 1478 liturgia
2903 1408 3183 1476 Gothica,“
3207 1412 3280 1465 ita
3322 1410 3489 1480 etiam

1894 1481 2040 1550 leges
2079 1479 2696 1535 Gothicrc’conservata:
2738 1481 2964 1546 fuerant,
3014 1482 3243 1537 civitatis
3281 1490 3336 1536 et
3373 1479 3492 1548 ejus

1896 1551 2149 1606 territorii
2167 1550 2335 1622 judex
2357 1551 2659 1622 praecipuus
2676 1563 2812 1616 erat,
2837 1553 2888 1606 in
2909 1552 3270 1607 Castellanum
3295 1551 3492 1622 idiotna

1895 1624 2137 1678 converti
2161 1621 2322 1690 jussit
2346 1620 2535 1690 {quod
2574 1624 2643 1676 ita
2672 1638 2992 1677 conversum
3037 1639 3136 1691 pro
3178 1620 3492 1691 municipali

1891 1692 2012 1762 jure
2031 1692 2295 1747 Cordubze
2323 1693 2630 1760 assignavit,
2660 1701 2714 1748 et
2736 1691 2933 1747 Forum
2959 1690 3287 1748 Cordubense
3308 1690 3492 1746 vocari

1900 1764 2167 1836 praecepit.
2193 1762 2336 1817 [dem
2360 1762 2554 1836 Forum
2573 1762 3043 1836 Judicutnvulgari
3066 1763 3240 1836 lingua
3267 1762 3489 1836 Hispali,

1829 1820 1930 1888 Βίι
1970 1850 2028 1889 se
2065 1820 2414 1904 expugnare,
2467 1835 2611 1889 illico
2667 1835 2884 1889 tradidit
2925 1820 2960 1888 εν
2981 1835 3119 1889 idem
3143 1820 3388 1888 VMurcia':
3437 1820 3492 1886 ei

1899 1905 2103 1972 Alonae,
2135 1905 2318 1976 statim
2357 1915 2518 1976 atque
2546 1904 2769 1960 Alfouso
2798 1905 3039 1976 Sapienti
3079 1905 3188 1960 lilio
3219 1919 3339 1973 suo,
3369 1913 3494 1958 tunc

1898 1977 2113 2039 Infanti,
2142 1975 2337 2031 deinde
2363 1975 2497 2044 regi,
2522 1991 2581 2030 se
2609 1975 2994 2032 submiser’unt.

1964 2047 2054 2102 46.
2095 2046 2284 2102 Versio
2340 2047 2454 2102 haec
2498 2045 2800 2102 Castellana
2846 2047 2970 2102 Fori
3018 2046 3265 2102 Judicum
3321 2044 3491 2101 semel

1897 2125 2107 2172 tantum
2139 2117 2277 2188 typis
2305 2117 2444 2171 edita
2475 2126 2580 2184 est,
2612 2127 2666 2174 et
2696 2119 2925 2188 pessime
2954 2120 3191 2188 quidem,
3223 2129 3384 2186 atque
3413 2116 3495 2169 in-

1895 2190 2136 2244 numeris
2164 2187 2456 2250 erroribus,
2489 2187 2735 2257 quamvis
2762 2189 2812 2243 in
2843 2187 3095 2244 editiOuis
3127 2187 3305 2243 fronte
3334 2195 3494 2242 nota.-

1895 2261 2006 2314 rius
2029 2259 2256 2314 solemni
2283 2258 2512 2328 juridieo
2541 2260 2848 2313 testimonio
2875 2257 3106 2313 atllrmet
3133 2273 3251 2314 eam
3281 2258 3492 2313 cuidam

1894 2331 2154 2386 volumini
2207 2346 2307 2384 ms.
2339 2329 2580 2384 ecclesiae
2611 2328 2884 2384 Toletana:
2913 2330 3305 2384 conl'ormatam
3351 2343 3491 2382 esse.

1895 2400 2011 2456 Non
2043 2417 2230 2468 unum,
2255 2401 2346 2454 sed
2377 2400 2477 2453 tria
2503 2409 2628 2453 sunt
2650 2401 2861 2466 egregia
2893 2400 3048 2465 hujus
3070 2400 3336 2453 versionis
3363 2413 3490 2451 mss.

1894 2473 2222 2542 exemplaria
2256 2472 2304 2524 in
2335 2470 2493 2539 hujus
2514 2471 2754 2542 ecclesiae
2780 2470 3138 2542 bibliotheca:
3159 2470 3263 2542 alia
3286 2483 3497 2523 conser-

1894 2539 2091 2597 vantur
2118 2544 2168 2596 in
2201 2542 2523 2597 bibliotheca
2555 2540 2942 2608 Escurialensi;
2975 2539 3117 2595 aliud
3147 2539 3496 2594 Colmenares

1933 2613 2232 2677 ossidebat,
2271 2623 2325 2664 ut
2353 2613 2404 2666 in
2432 2627 2527 2666 sua
2557 2613 2799 2680 Segovize
2830 2613 3049 2667 historia
3082 2620 3339 2676 testatur;
3371 2610 3497 2664 urbs

1933 2629 2232 2677 OSSIUt’Dal,
2271 2629 2325 2664 ιιι
2353 2629 2404 2666 ιιι
2432 2629 2527 2666 sua
2557 2629 2799 2680 aegovra:
2830 2629 3049 2667 nistorta
3082 2629 3339 2676 teswtur;
3371 2629 3493 2664 urbs

1895 2629 2098 2737 Kiurcia
2130 2683 2520 2753 autographum
2559 2683 2861 2752 exemplar,
2898 2683 2966 2737 ab
2997 2690 3366 2753 expugnatcrc
3391 2681 3493 2735 do-

1895 2761 2101 2815 natum,
2131 2754 2304 2807 adhuc
2330 2751 2546 2818 servat;
2579 2753 2682 2806 alia
2711 2751 2837 2807 alibi
2867 2751 3226 2822 reperiuntur.
3257 2751 3497 2806 Consen-

1898 2831 2113 2893 taneum
2152 2823 2348 2877 rationi
2388 2823 2627 2893 videtur,
2659 2823 2754 2876 has
2794 2823 2967 2890 leges,
3007 2824 3200 2893 quibus
3240 2833 3494 2892 tanquam

1895 2892 2256 2948 fundamentis
2274 2892 2592 2964 monarchia
2617 2901 2811 2964 nostra
2833 2892 3065 2964 Hispana
3094 2893 3365 2964 innititur,
3400 2907 3497 2962 per

1896 2972 1978 3018 tot
2005 2964 2200 3020 smcula
2235 2963 2574 3028 observatas,
2604 2978 2633 3017 a
2665 2962 2846 3019 multis
2874 2962 3089 3033 regibus
3116 2962 3496 3031 conﬁrmatas,

1895 3045 1949 3088 et
1978 3050 2006 3088 a
2036 3035 2182 3090 nullo
2223 3037 2482 3089 hactenus
2509 3035 2824 3105 abrogatas,
2855 3043 3082 3104 utraque
3119 3035 3298 3103 lingua
3334 3049 3496 3105 quam

1897 3105 2006 3160 ﬁeri
2034 3106 2200 3176 possit
2223 3103 2649 3161 correctissimas
2669 3104 2776 3160 edi.
2802 3103 3008 3161 Praeter
3030 3106 3339 3160 innumeras
3360 3103 3496 3160 alias

1898 3177 2158 3231 utilitates
2207 3176 2508 3247 conspicua
2539 3184 2622 3231 est
2666 3190 2730 3247 ea
2773 3192 2892 3247 qua:
2941 3178 2994 3232 in
3044 3177 3356 3246 religionem
3404 3190 3495 3230 re-

1895 3247 2121 3315 dundat,
2151 3248 2457 3302 mirandum
2499 3246 2555 3303 in
2592 3246 2811 3302 modum
2848 3248 2916 3304 ab
2944 3247 3028 3304 his
3057 3249 3264 3318 legibus
3300 3247 3497 3302 contir-

1896 3326 2117 3372 matam.

1965 3388 2052 3442 47.
2080 3388 2414 3460 Quocunque
2435 3389 2488 3445 id
2517 3389 2681 3446 modo
2701 3390 3322 3462 expedietur,,lsidorum
3350 3400 3497 3462 certe

1893 3460 2109 3532 silentio
2140 3463 2415 3532 praeterire
2442 3476 2548 3516 non
2577 3460 2894 3531 possumus:
2920 3463 3034 3532 ipse
3058 3460 3494 3532 enimiejusqui

1894 3530 2232 3602 collectio‘nis
2274 3532 2450 3600 legum
2492 3530 2743 3602 princeps
2769 3530 2960 3588 auctor
2987 3541 3097 3597 est,
3127 3532 3173 3588 si
3207 3531 3361 3586 Luca:
3391 3530 3493 3586 Tuo

1894 3601 2044 3674 densi
2088 3602 2246 3657 tidem
2286 3601 2586 3674 praebemus
2617 3621 2628 3654 :
2661 3601 2910 3658 collectio
2949 3603 3063 3674 ipsa
3105 3604 3156 3657 in
3183 3602 3414 3658 concilio
3445 3617 3494 3657 tv

1894 3669 2181 3744 Toletano,
2222 3669 2308 3728 cui
2355 3673 2588 3728 Isidorus
2613 3674 2842 3742 prml‘uit,
2883 3669 3112 3729 forinata
3141 3684 3207 3744 et_
3223 3673 3495 3744 publicata

1894 3740 2012 3806 fuit,
2047 3744 2497 3814 siinscriptiones
2524 3753 2579 3797 et
2607 3740 2859 3814 prologus
2887 3744 3152 3800 versionis
3177 3740 3496 3800 castellanm

1894 3827 2013 3884 non,
2049 3812 2258 3884 fallunt.
2305 3812 2555 3868 Profecto
2608 3812 2743 3868 nihll
2771 3812 3034 3884 prohibet
3077 3817 3228 3884 quin,
3280 3814 3492 3868 etiamsi

1893 3880 2168 3953 Ervigius,
2204 3883 2545 3947 Leovigildus
2573 3891 2628 3937 et
2656 3885 2743 3938 alii
2776 3880 2929 3953 reges
2964 3880 3125 3940 Gotlii
3154 3885 3382 3940 Codices
3414 3886 3492 3940 le-

1932 3968 2016 4004 ιιιιι
2058 3952 2428 4018 formaverint,
2475 3955 2550 4008 uti
2595 3965 2752 4008 antea
2784 3952 3028 4010 Alaricus
3064 3955 3394 4008 Breviarium
3440 3963 3492 4009 et

1939 4022 2148 4077 odicem
2197 4023 2462 4077 Aniauum
2510 4024 2907 4092 publicaverat,
2967 4025 3311 4078 nihilominus
3351 4023 3491 4077 Sise.

1894 4092 2104 4148 nandus
2127 4092 2330 4148 Isidoro
2363 4109 2488 4149 usus
2518 4092 2708 4161 fuerit,
2743 4105 2801 4150 ut
2828 4111 3022 4149 novam
3050 4094 3276 4150 formam
3307 4094 3492 4149 (Βοιῑίιὶ

1894 4173 2348 4234 augmentumque
2371 4167 2650 4221 redderet:
2671 4182 2830 4236 quem
2855 4179 3043 4223 rursus
3063 4165 3492 4222 Chindasuiudus

1892 4236 2091 4308 aliique
2140 4237 2415 4292 consecuti
2447 4239 2610 4308 319
2635 4253 2789 4308 rcges
2839 4239 3183 4302 mutaverint,
3237 4253 3491 4292 correxe—

1892 4307 2028 4370 rint,
2079 4308 2346 4380 auxerint.
2402 4307 2666 4380 Praxteiﬁea
2708 4307 3094 4379 interpretatio
3143 4309 3492 4380 plurimarum

1890 4391 2068 4452 rerum
2121 4377 2360 4447 ejusdem
2403 4379 2738 4452 collectionis
2779 4377 2919 4452 apud
2964 4377 3225 4438 [siderum
3276 4395 3492 4450 quoque

1890 4447 2134 4519 similittr
2170 4450 2455 4519 qumrenda
2499 4459 2598 4504 est.

1963 4518 2052 4573 48.
2096 4518 2438 4575 Dehistoria
2469 4521 2595 4590 quid
2623 4523 2816 4590 attinet
2857 4521 3058 4586 dicere,
3111 4535 3232 4576 cum
3281 4527 3492 4590 constet

208 4591 278 4636 est
302 4584 783 4663 fundamentumjet
811 4584 1062 4663 columna
1086 4584 1388 4663 traditionis
1417 4584 1783 4656 ﬁdeibostrm,
1822 4601 1876 4663 ι)
1899 4589 2138 4663 historia:
2167 4603 2364 4645 "nstrae
2401 4584 2572 4645 fontes
2604 4593 2654 4646 in
2707 4585 2895 4646 lsidori
2923 4584 3192 4663 chronicis
3213 4598 3269 4644 et
3314 4589 3488 4663 histo-

209 4662 503 4734 opportunis
533 4661 947 4734 natationibus
975 4661 1258 4734 illustrata,
1287 4662 1342 4715 in
1373 4677 1547 4734 unum
1593 4676 1792 4732 corpus

211 4731 431 4808 redigere
460 4731 810 4808 voluerimus,
843 4731 1310 4808 Sllsidorussine
1337 4732 1442 4786 ulla
1474 4731 1790 4808 controver-

211 4801 296 4875 ἤιε,
318 4801 424 4856 sive
446 4801 847 4859 multitudinem
873 4801 1108 4874 Operutu
1133 4803 1251 4875 ejus
1269 4811 1500 4875 spectes,
1527 4803 1642 4858 sive
1661 4819 1792 4875 con-

213 4860 710 4944 (litionemteorum
766 4860 1006 4929 omnium
1061 4860 1315 4944 princeps
1357 4882 1440 4928 est
1487 4860 1788 4931 habendus.

216 4928 465 5014 Pteterea'
480 4928 722 4999 Isidorus
759 4928 966 5014 primus
993 4928 1416 5000 omnium'inter
1453 4928 1668 5000 nostros
1701 4928 1793 5000 ea;

217 5006 428 5092 glogurn
452 5016 691 5092 virorum
731 5006 1039 5092 illustrium,
1076 5017 1459 5092 Hieronymum
1491 5024 1546 5070 et
1571 5016 1790 5071 Genna-

219 5073 352 5160 diuni
385 5083 660 5160 imitatus,
682 5088 960 5160 contexuit
987 5105 997 5138 :
1025 5073 1057 5140 ξι
1087 5101 1196 5160 quo
1243 5073 1529 5160 maximam
1583 5097 1790 5160 partem

221 5153 563 5226 goguitionum
610 5158 847 5212 historia:
871 5167 1070 5213 nostra:
1105 5153 1423 5221 'litterarirc,
1466 5172 1530 5211 ac
1567 5153 1688 5211 vita:
1740 5166 1796 5213 et

221 5210 429 5298 Ορέι-ριιι
447 5210 1296 5298 scamna'ns'agniauiaeaa
1325 5210 1553 5282 mutuati
1577 5210 1796 5284 incesse

224 5295 310 5368 ςξιτ
341 5291 432 5358 Qui
464 5291 722 5354 lsidorum
752 5291 1029 5355 subsecuti
1054 5291 1209 5368 sunt,
1239 5316 1362 5354 eum
1392 5308 1646 5367 tanquam
1679 5315 1795 5354 ma-

225 5365 422 5441 Βιδξτξιιιι
459 5383 798 5441 communem
836 5365 1211 5441 suspexerunt.

283 5430 536 5512 313544.
575 5441 826 5512 Denique
845 5430 1191 5497 fundamenta
1219 5441 1546 5497 monarchia:
1560 5449 1790 5512 nostrae,

227 5509 342 5583 siuti
373 5508 620 5583 religione
667 5508 854 5569 intime
903 5522 1179 5579 canuexze,
1208 5522 1334 5569 sunt
1377 5514 1524 5582 leges
1547 5508 1792 5569 Gothicae

228 5575 282 5649 fit.
299 5570 524 5649 historia.
571 5583 771 5640 Forum
797 5584 1041 5638 Iudicum
1089 5570 1391 5640 Gothorum
1429 5570 1683 5638 Latinum
1731 5585 1786 5641 in

231 5634 457 5730 ξιξξραιξξίι
495 5634 768 5730 insana;
798 5634 1790 5730 1515i;"amas;tisanana;

231 5717 690 5796 §¥lra.l-lispaniam
737 5717 1036 5796 procurata:
1083 5729 1150 5782 ad
1191 5726 1440 5795 Codices,
1467 5741 1604 5796 quos
1649 5727 1791 5782 anti-

231 5789 497 5869 ﬂjlilssjinos:
515 5789 800 5864 habemus,
827 5800 1146 5869 recognosci
1175 5809 1230 5855 et
1255 5789 1504 5866 castigari
1543 5807 1784 5868 possunt.

232 5844 800 5939 [initiatae—$135;
821 5844 1504 5926 ἑὲἷιῖοέίὶῖἱὸῑὲιᾶἧὲῗέἒὲ
1531 5844 1786 5934 sagina;

237 5931 437 5985 (tuorum
465 5951 594 5995 unus
616 5931 874 5998 Gothicus
903 5957 1024 5997 eum
1057 5942 1197 5998 notis
1228 5941 1490 6009 Arabicis,
1521 5941 1706 6009 quales
1734 5931 1787 5995 in

1899 4660 1992 4714 riis
2022 4662 2358 4730 potissimum
2387 4663 2718 4716 consistere?
2744 4663 3022 4716 Postremo
3045 4662 3088 4715 si
3109 4676 3354 4730 qurenam
3379 4660 3491 4715 fue-

1899 4731 1965 4785 rit
1996 4733 2223 4800 antiquis
2251 4735 2301 4786 ill
2327 4749 2352 4786 s
2385 4733 2713 4802 temporibus
2739 4732 2912 4800 gentis
2940 4743 3140 4788 nostra:
3168 4732 3412 4787 doctrina
3435 4732 3489 4789 in

1897 4803 2044 4856 omni
2067 4805 2409 4857 scientiarum
2435 4819 2497 4856 ac
2524 4804 2820 4856 divinarum
2845 4803 3309 4872 humanarumque
3325 4804 3488 4858 disci-

1897 4875 2164 4942 plinarum
2208 4888 2424 4941 genere,
2473 4874 2612 4944 scire
2648 4875 2911 4944 cupimus,
2961 4884 3158 4942 praesto
3185 4882 3268 4929 est
3297 4875 3354 4928 8.
3387 4873 3487 4928 lsi-

1897 4945 2082 5016 dorns,
2131 4946 2220 5012 qui
2253 4946 2301 4996 in
2333 4946 2442 4998 suis
2471 4943 2926 5015 Etymologiarum
2959 4945 3106 5000 libris
3148 4947 3484 5016 encycloptc-

1898 5015 2040 5088 diam
2068 5016 2772 5088 confomnnit,omnesque
2800 5017 2940 5088 intra
2973 5025 3138 5088 atque
3165 5015 3318 5072 extra
3366 5016 3488 5072 His-

1898 5087 2112 5158 paniam
2151 5096 2278 5140 tunc
2317 5086 2868 5158 cognitasl'acultates
2897 5087 2948 5142 in
2984 5086 3366 5158 compendium
3398 5105 3485 5143 re-

1899 5155 2048 5225 degit
2081 5175 2093 5209 :
2125 5159 2268 5227 quod
2315 5157 2724 5229 compendium,
2777 5155 3270 5229 quibusdam-licet
3318 5160 3485 5212 ntevis

1899 5243 2221 5295 respersum,
2271 5228 2616 5298 nihilominus
2641 5228 2852 5285 censeri
2895 5229 3057 5300 debet
3102 5231 3484 5300 ιιι-πειθηῑίεεὶ-

1897 5293 2044 5352 mum
2074 5315 2210 5370 opus
2247 5293 2438 5371 eorum
2476 5300 2718 5354 omnium
2758 5316 2879 5370 qua:
2909 5293 2997 5355 illa
3025 5293 3244 5371 quidem
3289 5301 3484 5356 saecula

1898 5370 2336 5442 apudquaslibet
2365 5370 2499 5442 alias
2529 5371 2773 5427 nationes
2817 5370 3176 5442 protulerunt.

1968 5439 2056 5494 49.
2098 5441 2413 5510 Complexio
2453 5443 2656 5496 'horum
2696 5439 2935 5498 omnium
2981 5442 3298 5498 veneranda:
3344 5441 3484 5496 anti-

1900 5513 2120 5579 quitatis
2151 5523 2347 5568 nostra:
2377 5521 2850 5568 monumentorum
2883 5515 3086 5569 nationi
3115 5524 3313 5568 nostra:
3357 5529 3482 5582 pro-

1894 5585 1978 5639 cul
2009 5584 2172 5639 dubio
2214 5582 2811 5640 honerilicentissimum
2859 5594 3039 5641 esset:
3083 5585 3339 5640 invictqu
3370 5593 3479 5638 tra-

1894 5655 2118 5711 ditionis
2148 5653 2268 5710 ﬁJei
2296 5655 2545 5726 Hispana:
2589 5666 2963 5724 argumentum
2981 5657 3044 5726 in
3074 5655 3324 5710 omnibus
3351 5654 3482 5723 dog-

1894 5727 2053 5780 matis
2090 5726 2338 5782 catholici
2389 5725 2653 5795 capitibus
2678 5743 2706 5781 a
2761 5729 2946 5796 primis
2973 5725 3224 5782 Ecclesia:
3270 5728 3481 5783 saaculis

1896 5804 2202 5868 prmstaiet;
2235 5816 2296 5853 ac
2324 5799 2483 5853 simul
2512 5813 2820 5868 supremam
2850 5797 3100 5853 Ecclesia:
3130 5796 3380 5855 Romana:
3423 5807 3480 5854 et

1893 5867 2035 5922 sedis
2069 5870 2394 5940 iapnstllcc
2447 5867 2822 5940 auctoritatem
2873 5885 2904 5924 a
2957 5868 3144 5940 primis
3201 5868 3475 5940 Evangelii

1894 5939 2271 6009 splendor-ibus
2301 5953 2472 6008 usque
2497 5939 2565 5995 ad
2593 5950 2776 5996 nostra
2809 5939 3049 6013 tempera
3078 5939 3390 6000 constanter
3417 5942 3471 5995 in
