  <div class='ocr_page' id='page_1' title='image "/cluster/home/n/w/nwhite01/storage/ocr_20150623/81/hvd.32044015469430/131.png"; bbox 0 0 4070 6362; ppageno 0'>
   <div class='ocr_carea' id='block_1_1' title="bbox 587 297 696 356">
    <p class='ocr_par' dir='ltr' id='par_1_1' title="bbox 587 297 696 356">
     <span class='ocr_line' id='line_1_1' title="bbox 587 297 696 356; baseline 0.028 -3"><span class='ocrx_word' id='word_1_1' title='bbox 587 297 696 356; x_wconf 65' lang='lat'><strong>355</strong></span> 
     </span>
    </p>
   </div>
   <div class='ocr_carea' id='block_1_2' title="bbox 1313 290 3896 363">
    <p class='ocr_par' dir='ltr' id='par_1_2' title="bbox 1313 290 3896 363">
     <span class='ocr_line' id='line_1_2' title="bbox 1313 290 3896 363; baseline -0.001 -10"><span class='ocrx_word' id='word_1_2' title='bbox 1313 295 1404 353; x_wconf 77' lang='lat' dir='ltr'><strong>AD</strong></span> <span class='ocrx_word' id='word_1_3' title='bbox 1442 294 1669 353; x_wconf 75' lang='lat' dir='ltr'><strong>OPERA</strong></span> <span class='ocrx_word' id='word_1_4' title='bbox 1709 295 1764 353; x_wconf 88' lang='lat' dir='ltr'><strong>S.</strong></span> <span class='ocrx_word' id='word_1_5' title='bbox 1807 293 2054 352; x_wconf 80' lang='lat' dir='ltr'><strong>ISIDOBI</strong></span> <span class='ocrx_word' id='word_1_6' title='bbox 2094 290 2529 353; x_wconf 76' lang='lat' dir='ltr'><strong>HISPALENSIS</strong></span> <span class='ocrx_word' id='word_1_7' title='bbox 2570 292 3105 354; x_wconf 73' lang='lat' dir='ltr'><strong>PROLEGOIIENA.</strong></span> <span class='ocrx_word' id='word_1_8' title='bbox 3815 306 3896 363; x_wconf 73' lang='lat'><strong>255</strong></span> 
     </span>
    </p>
   </div>
   <div class='ocr_carea' id='block_1_3' title="bbox 590 406 3890 486">
    <p class='ocr_par' dir='ltr' id='par_1_3' title="bbox 590 406 3890 486">
     <span class='ocr_line' id='line_1_3' title="bbox 590 406 3890 486; baseline 0.001 -19"><span class='ocrx_word' id='word_1_9' title='bbox 590 410 797 469; x_wconf 82' lang='lat' dir='ltr'><strong>litteras</strong></span> <span class='ocrx_word' id='word_1_10' title='bbox 845 409 1092 482; x_wconf 77' lang='lat' dir='ltr'><strong>adjiciam</strong></span> <span class='ocrx_word' id='word_1_11' title='bbox 1114 452 1129 478; x_wconf 94' lang='lat'><strong>,</strong></span> <span class='ocrx_word' id='word_1_12' title='bbox 1178 423 1312 482; x_wconf 85' lang='lat' dir='ltr'><strong>quas</strong></span> <span class='ocrx_word' id='word_1_13' title='bbox 1354 408 1545 466; x_wconf 87' lang='lat' dir='ltr'><strong>Petrus</strong></span> <span class='ocrx_word' id='word_1_14' title='bbox 1570 408 1638 464; x_wconf 91' lang='lat' dir='ltr'><strong>de</strong></span> <span class='ocrx_word' id='word_1_15' title='bbox 1673 407 1862 463; x_wconf 81' lang='lat' dir='ltr'><strong>Castra</strong></span> <span class='ocrx_word' id='word_1_16' title='bbox 1892 407 1958 463; x_wconf 89' lang='lat' dir='ltr'><strong>ad</strong></span> <span class='ocrx_word' id='word_1_17' title='bbox 1989 407 2179 465; x_wconf 83' lang='lat' dir='ltr'><strong>Zacca-</strong></span> <span class='ocrx_word' id='word_1_18' title='bbox 2205 409 2259 473; x_wconf 77' lang='grc' dir='ltr'><strong>Α</strong></span> <span class='ocrx_word' id='word_1_19' title='bbox 2281 414 2483 464; x_wconf 87' lang='lat' dir='ltr'><strong>statum</strong></span> <span class='ocrx_word' id='word_1_20' title='bbox 2506 406 2561 464; x_wconf 91' lang='lat' dir='ltr'><strong>in</strong></span> <span class='ocrx_word' id='word_1_21' title='bbox 2588 408 2741 465; x_wconf 86' lang='lat' dir='ltr'><strong>curia</strong></span> <span class='ocrx_word' id='word_1_22' title='bbox 2761 407 3062 466; x_wconf 67' lang='lat' dir='ltr'><strong>latritensi</strong></span> <span class='ocrx_word' id='word_1_23' title='bbox 3092 421 3449 467; x_wconf 80' lang='lat' dir='ltr'><strong>conversum</strong></span> <span class='ocrx_word' id='word_1_24' title='bbox 3471 408 3675 482; x_wconf 82' lang='lat' dir='ltr'><strong>fuisse,</strong></span> <span class='ocrx_word' id='word_1_25' title='bbox 3706 412 3890 486; x_wconf 66' lang='lat' dir='ltr'><strong>dejeeto</strong></span> 
     </span>
    </p>
   </div>
   <div class='ocr_carea' id='block_1_4' title="bbox 588 498 2176 576">
    <p class='ocr_par' dir='ltr' id='par_1_4' title="bbox 588 498 2176 576">
     <span class='ocr_line' id='line_1_4' title="bbox 588 498 2176 576; baseline -0.003 -16"><span class='ocrx_word' id='word_1_26' title='bbox 588 505 725 561; x_wconf 89' lang='lat' dir='ltr'><strong>riam</strong></span> <span class='ocrx_word' id='word_1_27' title='bbox 773 504 1019 576; x_wconf 85' lang='lat' dir='ltr'><strong>scripsit,</strong></span> <span class='ocrx_word' id='word_1_28' title='bbox 1077 518 1198 560; x_wconf 91' lang='lat' dir='ltr'><strong>cum</strong></span> <span class='ocrx_word' id='word_1_29' title='bbox 1251 503 1548 570; x_wconf 75' lang='lat' dir='ltr'><strong>longiorem</strong></span> <span class='ocrx_word' id='word_1_30' title='bbox 1598 499 1840 556; x_wconf 88' lang='lat' dir='ltr'><strong>Burrielii</strong></span> <span class='ocrx_word' id='word_1_31' title='bbox 1893 498 2176 571; x_wconf 71' lang='lat' dir='ltr'><strong>epistolam</strong></span> 
     </span>
    </p>
   </div>
   <div class='ocr_carea' id='block_1_5' title="bbox 589 592 2174 667">
    <p class='ocr_par' dir='ltr' id='par_1_5' title="bbox 589 592 2174 667">
     <span class='ocr_line' id='line_1_5' title="bbox 589 592 2174 667; baseline -0.003 -15"><span class='ocrx_word' id='word_1_32' title='bbox 589 596 831 667; x_wconf 88' lang='lat' dir='ltr'><strong>aliasque</strong></span> <span class='ocrx_word' id='word_1_33' title='bbox 861 597 1137 653; x_wconf 79' lang='lat' dir='ltr'><strong>breviores</strong></span> <span class='ocrx_word' id='word_1_34' title='bbox 1164 595 1492 667; x_wconf 68' lang='lat' dir='ltr'><strong>familiares,</strong></span> <span class='ocrx_word' id='word_1_35' title='bbox 1526 594 1591 649; x_wconf 90' lang='lat' dir='ltr'><strong>de</strong></span> <span class='ocrx_word' id='word_1_36' title='bbox 1625 593 1819 665; x_wconf 91' lang='lat' dir='ltr'><strong>quibus</strong></span> <span class='ocrx_word' id='word_1_37' title='bbox 1862 599 1987 648; x_wconf 86' lang='lat' dir='ltr'><strong>ante</strong></span> <span class='ocrx_word' id='word_1_38' title='bbox 2016 592 2127 647; x_wconf 81' lang='lat' dir='ltr'><strong>dixi</strong></span> <span class='ocrx_word' id='word_1_39' title='bbox 2155 634 2174 661; x_wconf 95' lang='lat'><strong>,</strong></span> 
     </span>
    </p>
   </div>
   <div class='ocr_carea' id='block_1_6' title="bbox 586 688 2175 753">
    <p class='ocr_par' dir='ltr' id='par_1_6' title="bbox 586 688 2175 753">
     <span class='ocr_line' id='line_1_6' title="bbox 586 688 2175 753; baseline -0.004 -5"><span class='ocrx_word' id='word_1_40' title='bbox 586 693 747 749; x_wconf 81' lang='lat' dir='ltr'><strong>simul</strong></span> <span class='ocrx_word' id='word_1_41' title='bbox 776 695 1036 750; x_wconf 88' lang='lat' dir='ltr'><strong>mitteret.</strong></span> <span class='ocrx_word' id='word_1_42' title='bbox 1065 692 1281 748; x_wconf 75' lang='lat' dir='ltr'><strong>Litterze</strong></span> <span class='ocrx_word' id='word_1_43' title='bbox 1309 700 1487 748; x_wconf 87' lang='lat' dir='ltr'><strong>autem</strong></span> <span class='ocrx_word' id='word_1_44' title='bbox 1528 690 1674 746; x_wconf 84' lang='lat' dir='ltr'><strong>Petri</strong></span> <span class='ocrx_word' id='word_1_45' title='bbox 1702 690 1770 746; x_wconf 89' lang='lat' dir='ltr'><strong>de</strong></span> <span class='ocrx_word' id='word_1_46' title='bbox 1797 688 1987 745; x_wconf 89' lang='lat' dir='ltr'><strong>Castro</strong></span> <span class='ocrx_word' id='word_1_47' title='bbox 2006 728 2022 753; x_wconf 92' lang='lat'><strong>,</strong></span> <span class='ocrx_word' id='word_1_48' title='bbox 2054 702 2175 744; x_wconf 80' lang='lat' dir='ltr'><strong>ver-</strong></span> 
     </span>
    </p>
   </div>
   <div class='ocr_carea' id='block_1_7' title="bbox 584 781 2173 856">
    <p class='ocr_par' dir='ltr' id='par_1_7' title="bbox 584 781 2173 856">
     <span class='ocr_line' id='line_1_7' title="bbox 584 781 2173 856; baseline -0.004 -16"><span class='ocrx_word' id='word_1_49' title='bbox 584 783 670 840; x_wconf 87' lang='lat' dir='ltr'><strong>bis</strong></span> <span class='ocrx_word' id='word_1_50' title='bbox 707 783 913 841; x_wconf 76' lang='lat' dir='ltr'><strong>Latinis</strong></span> <span class='ocrx_word' id='word_1_51' title='bbox 963 785 1031 840; x_wconf 91' lang='lat' dir='ltr'><strong>ab</strong></span> <span class='ocrx_word' id='word_1_52' title='bbox 1086 784 1204 856; x_wconf 90' lang='lat' dir='ltr'><strong>ipso</strong></span> <span class='ocrx_word' id='word_1_53' title='bbox 1250 792 1524 855; x_wconf 74' lang='lat' dir='ltr'><strong>concepta:</strong></span> <span class='ocrx_word' id='word_1_54' title='bbox 1548 824 1565 851; x_wconf 90' lang='lat'><strong>,</strong></span> <span class='ocrx_word' id='word_1_55' title='bbox 1594 781 1739 853; x_wconf 89' lang='lat' dir='ltr'><strong>apud</strong></span> <span class='ocrx_word' id='word_1_56' title='bbox 1778 795 1868 837; x_wconf 86' lang='lat' dir='ltr'><strong>me</strong></span> <span class='ocrx_word' id='word_1_57' title='bbox 1920 787 2173 851; x_wconf 78' lang='lat' dir='ltr'><strong>autogra-</strong></span> 
     </span>
    </p>
   </div>
   <div class='ocr_carea' id='block_1_8' title="bbox 586 874 897 947">
    <p class='ocr_par' dir='ltr' id='par_1_8' title="bbox 586 874 897 947">
     <span class='ocr_line' id='line_1_8' title="bbox 586 874 897 947; baseline -0.003 -16"><span class='ocrx_word' id='word_1_58' title='bbox 586 874 707 947; x_wconf 75' lang='lat' dir='ltr'><strong>phie</strong></span> <span class='ocrx_word' id='word_1_59' title='bbox 751 886 897 931; x_wconf 90' lang='lat' dir='ltr'><strong>sunt.</strong></span> 
     </span>
    </p>
   </div>
   <div class='ocr_carea' id='block_1_9' title="bbox 586 984 2170 1045">
    <p class='ocr_par' dir='ltr' id='par_1_9' title="bbox 586 984 2170 1045">
     <span class='ocr_line' id='line_1_9' title="bbox 586 984 2170 1045; baseline -0.003 0"><span class='ocrx_word' id='word_1_60' title='bbox 586 986 1030 1045; x_wconf 80' lang='lat' dir='ltr'><strong>Reverendissimo</strong></span> <span class='ocrx_word' id='word_1_61' title='bbox 1088 987 1238 1042; x_wconf 87' lang='lat' dir='ltr'><strong>Patri</strong></span> <span class='ocrx_word' id='word_1_62' title='bbox 1291 985 1579 1043; x_wconf 83' lang='lat' dir='ltr'><strong>Francisco</strong></span> <span class='ocrx_word' id='word_1_63' title='bbox 1636 985 1864 1041; x_wconf 79' lang='lat' dir='ltr'><strong>Antonio</strong></span> <span class='ocrx_word' id='word_1_64' title='bbox 1912 984 2170 1041; x_wconf 85' lang='lat' dir='ltr'><strong>Zaccaria</strong></span> 
     </span>
    </p>
   </div>
   <div class='ocr_carea' id='block_1_10' title="bbox 867 1056 1889 1116">
    <p class='ocr_par' dir='ltr' id='par_1_10' title="bbox 867 1056 1889 1116">
     <span class='ocr_line' id='line_1_10' title="bbox 867 1056 1889 1116; baseline -0.002 -1"><span class='ocrx_word' id='word_1_65' title='bbox 867 1077 897 1115; x_wconf 90' lang='lat' dir='ltr'><strong>e</strong></span> <span class='ocrx_word' id='word_1_66' title='bbox 925 1059 1056 1116; x_wconf 79' lang='lat' dir='ltr'><strong>SJ.</strong></span> <span class='ocrx_word' id='word_1_67' title='bbox 1089 1058 1279 1114; x_wconf 85' lang='lat' dir='ltr'><strong>Petrus</strong></span> <span class='ocrx_word' id='word_1_68' title='bbox 1308 1060 1373 1113; x_wconf 90' lang='lat' dir='ltr'><strong>de</strong></span> <span class='ocrx_word' id='word_1_69' title='bbox 1398 1057 1584 1114; x_wconf 86' lang='lat' dir='ltr'><strong>Castra</strong></span> <span class='ocrx_word' id='word_1_70' title='bbox 1620 1058 1683 1114; x_wconf 89' lang='lat' dir='ltr'><strong>S.</strong></span> <span class='ocrx_word' id='word_1_71' title='bbox 1718 1056 1785 1111; x_wconf 85' lang='lat' dir='ltr'><strong>P.</strong></span> <span class='ocrx_word' id='word_1_72' title='bbox 1819 1056 1889 1113; x_wconf 81' lang='grc' dir='ltr'><strong>ο.</strong></span> 
     </span>
    </p>
   </div>
   <div class='ocr_carea' id='block_1_11' title="bbox 653 1168 2171 1237">
    <p class='ocr_par' dir='ltr' id='par_1_11' title="bbox 653 1168 2171 1237">
     <span class='ocr_line' id='line_1_11' title="bbox 653 1168 2171 1237; baseline -0.001 -9"><span class='ocrx_word' id='word_1_73' title='bbox 653 1172 745 1230; x_wconf 84' lang='grc'><strong>74.</strong></span> <span class='ocrx_word' id='word_1_74' title='bbox 787 1172 963 1229; x_wconf 84' lang='lat' dir='ltr'><strong>Pridie</strong></span> <span class='ocrx_word' id='word_1_75' title='bbox 986 1172 1105 1228; x_wconf 86' lang='lat' dir='ltr'><strong>Kal.</strong></span> <span class='ocrx_word' id='word_1_76' title='bbox 1130 1172 1459 1237; x_wconf 86' lang='lat' dir='ltr'><strong>Decembris,</strong></span> <span class='ocrx_word' id='word_1_77' title='bbox 1486 1170 1795 1227; x_wconf 84' lang='lat' dir='ltr'><strong>doctissime</strong></span> <span class='ocrx_word' id='word_1_78' title='bbox 1822 1168 1998 1236; x_wconf 84' lang='lat' dir='ltr'><strong>Pater,</strong></span> <span class='ocrx_word' id='word_1_79' title='bbox 2022 1170 2171 1227; x_wconf 66' lang='lat' dir='ltr'><strong>litte~</strong></span> 
     </span>
    </p>
   </div>
   <div class='ocr_carea' id='block_1_12' title="bbox 585 1240 2172 1312">
    <p class='ocr_par' dir='ltr' id='par_1_12' title="bbox 585 1240 2172 1312">
     <span class='ocr_line' id='line_1_12' title="bbox 585 1240 2172 1312; baseline -0.003 -11"><span class='ocrx_word' id='word_1_80' title='bbox 585 1260 674 1302; x_wconf 88' lang='lat' dir='ltr'><strong>ras</strong></span> <span class='ocrx_word' id='word_1_81' title='bbox 704 1257 821 1301; x_wconf 92' lang='lat' dir='ltr'><strong>tuas</strong></span> <span class='ocrx_word' id='word_1_82' title='bbox 860 1246 1041 1312; x_wconf 89' lang='lat' dir='ltr'><strong>accepi</strong></span> <span class='ocrx_word' id='word_1_83' title='bbox 1066 1244 1458 1300; x_wconf 72' lang='lat' dir='ltr'><strong>benevolentia:</strong></span> <span class='ocrx_word' id='word_1_84' title='bbox 1502 1243 1555 1297; x_wconf 90' lang='lat' dir='ltr'><strong>in</strong></span> <span class='ocrx_word' id='word_1_85' title='bbox 1586 1257 1672 1297; x_wconf 90' lang='lat' dir='ltr'><strong>me</strong></span> <span class='ocrx_word' id='word_1_86' title='bbox 1695 1242 1910 1312; x_wconf 81' lang='lat' dir='ltr'><strong>plenas.</strong></span> <span class='ocrx_word' id='word_1_87' title='bbox 1938 1240 2053 1309; x_wconf 86' lang='lat' dir='ltr'><strong>Qua</strong></span> <span class='ocrx_word' id='word_1_88' title='bbox 2084 1257 2172 1297; x_wconf 86' lang='lat' dir='ltr'><strong>ra-</strong></span> 
     </span>
    </p>
   </div>
   <div class='ocr_carea' id='block_1_13' title="bbox 582 1311 2168 1397">
    <p class='ocr_par' dir='ltr' id='par_1_13' title="bbox 582 1311 2168 1397">
     <span class='ocr_line' id='line_1_13' title="bbox 582 1311 2168 1397; baseline -0.004 -24"><span class='ocrx_word' id='word_1_89' title='bbox 582 1318 727 1397; x_wconf 79' lang='lat' dir='ltr'><strong>tione</strong></span> <span class='ocrx_word' id='word_1_90' title='bbox 767 1317 858 1397; x_wconf 79' lang='lat' dir='ltr'><strong>tibi</strong></span> <span class='ocrx_word' id='word_1_91' title='bbox 889 1317 941 1372; x_wconf 91' lang='lat' dir='ltr'><strong>in</strong></span> <span class='ocrx_word' id='word_1_92' title='bbox 986 1311 1050 1372; x_wconf 89' lang='lat' dir='ltr'><strong>iis</strong></span> <span class='ocrx_word' id='word_1_93' title='bbox 1093 1331 1213 1397; x_wconf 66' lang='lat' dir='ltr'><strong>quae</strong></span> <span class='ocrx_word' id='word_1_94' title='bbox 1242 1315 1308 1370; x_wconf 91' lang='lat' dir='ltr'><strong>de</strong></span> <span class='ocrx_word' id='word_1_95' title='bbox 1338 1323 1449 1397; x_wconf 54' lang='lat' dir='ltr'><strong>tua</strong></span> <span class='ocrx_word' id='word_1_96' title='bbox 1469 1311 2017 1397; x_wconf 42' lang='lat' dir='ltr'><strong>lsi&#39;t‘loriﬁispalens&#39;i‘s</strong></span> <span class='ocrx_word' id='word_1_97' title='bbox 2053 1312 2168 1397; x_wconf 53' lang='lat' dir='ltr'><strong>edi:</strong></span> 
     </span>
    </p>
   </div>
   <div class='ocr_carea' id='block_1_14' title="bbox 581 1382 2169 1455">
    <p class='ocr_par' dir='ltr' id='par_1_14' title="bbox 581 1382 2169 1455">
     <span class='ocr_line' id='line_1_14' title="bbox 581 1382 2169 1455; baseline -0.002 -13"><span class='ocrx_word' id='word_1_98' title='bbox 581 1389 728 1442; x_wconf 90' lang='lat' dir='ltr'><strong>tione</strong></span> <span class='ocrx_word' id='word_1_99' title='bbox 775 1388 840 1442; x_wconf 91' lang='lat' dir='ltr'><strong>ad</strong></span> <span class='ocrx_word' id='word_1_100' title='bbox 880 1402 967 1440; x_wconf 91' lang='lat' dir='ltr'><strong>me</strong></span> <span class='ocrx_word' id='word_1_101' title='bbox 1014 1382 1234 1449; x_wconf 83' lang='lat' dir='ltr'><strong>scribis,</strong></span> <span class='ocrx_word' id='word_1_102' title='bbox 1266 1400 1361 1455; x_wconf 88' lang='lat' dir='ltr'><strong>per</strong></span> <span class='ocrx_word' id='word_1_103' title='bbox 1409 1384 1474 1440; x_wconf 73' lang='grc' dir='ltr'><strong>Β.</strong></span> <span class='ocrx_word' id='word_1_104' title='bbox 1527 1382 1590 1438; x_wconf 91' lang='lat' dir='ltr'><strong>P.</strong></span> <span class='ocrx_word' id='word_1_105' title='bbox 1649 1383 1911 1455; x_wconf 75' lang='lat' dir='ltr'><strong>Andream</strong></span> <span class='ocrx_word' id='word_1_106' title='bbox 1961 1382 2169 1439; x_wconf 82' lang='lat' dir='ltr'><strong>Burriel</strong></span> 
     </span>
    </p>
   </div>
   <div class='ocr_carea' id='block_1_15' title="bbox 579 1454 2167 1525">
    <p class='ocr_par' dir='ltr' id='par_1_15' title="bbox 579 1454 2167 1525">
     <span class='ocr_line' id='line_1_15' title="bbox 579 1454 2167 1525; baseline -0.002 -13"><span class='ocrx_word' id='word_1_107' title='bbox 579 1473 783 1513; x_wconf 88' lang='lat' dir='ltr'><strong>morem</strong></span> <span class='ocrx_word' id='word_1_108' title='bbox 828 1471 1019 1525; x_wconf 77' lang='lat' dir='ltr'><strong>gerere</strong></span> <span class='ocrx_word' id='word_1_109' title='bbox 1065 1454 1408 1521; x_wconf 85' lang='lat' dir='ltr'><strong>curaverim,</strong></span> <span class='ocrx_word' id='word_1_110' title='bbox 1462 1455 1589 1524; x_wconf 83' lang='lat' dir='ltr'><strong>quia</strong></span> <span class='ocrx_word' id='word_1_111' title='bbox 1640 1470 1763 1509; x_wconf 91' lang='lat' dir='ltr'><strong>cum</strong></span> <span class='ocrx_word' id='word_1_112' title='bbox 1821 1454 1910 1508; x_wconf 92' lang='lat' dir='ltr'><strong>illa</strong></span> <span class='ocrx_word' id='word_1_113' title='bbox 1959 1468 2167 1523; x_wconf 75' lang='lat' dir='ltr'><strong>magna:</strong></span> 
     </span>
    </p>
   </div>
   <div class='ocr_carea' id='block_1_16' title="bbox 578 1526 2169 1597">
    <p class='ocr_par' dir='ltr' id='par_1_16' title="bbox 578 1526 2169 1597">
     <span class='ocr_line' id='line_1_16' title="bbox 578 1526 2169 1597; baseline -0.001 -14"><span class='ocrx_word' id='word_1_114' title='bbox 578 1530 767 1593; x_wconf 90' lang='lat' dir='ltr'><strong>molis,</strong></span> <span class='ocrx_word' id='word_1_115' title='bbox 791 1538 955 1597; x_wconf 87' lang='lat' dir='ltr'><strong>atque</strong></span> <span class='ocrx_word' id='word_1_116' title='bbox 985 1542 1087 1597; x_wconf 90' lang='lat' dir='ltr'><strong>ego</strong></span> <span class='ocrx_word' id='word_1_117' title='bbox 1117 1528 1169 1582; x_wconf 92' lang='lat' dir='ltr'><strong>in</strong></span> <span class='ocrx_word' id='word_1_118' title='bbox 1194 1527 1417 1581; x_wconf 90' lang='lat' dir='ltr'><strong>summis</strong></span> <span class='ocrx_word' id='word_1_119' title='bbox 1446 1526 1659 1594; x_wconf 84' lang='lat' dir='ltr'><strong>collegii</strong></span> <span class='ocrx_word' id='word_1_120' title='bbox 1696 1526 1857 1579; x_wconf 89' lang='lat' dir='ltr'><strong>rebus</strong></span> <span class='ocrx_word' id='word_1_121' title='bbox 1896 1533 2040 1597; x_wconf 89' lang='lat' dir='ltr'><strong>totus</strong></span> <span class='ocrx_word' id='word_1_122' title='bbox 2078 1541 2169 1582; x_wconf 88' lang='lat' dir='ltr'><strong>es-</strong></span> 
     </span>
    </p>
   </div>
   <div class='ocr_carea' id='block_1_17' title="bbox 575 1596 2169 1669">
    <p class='ocr_par' dir='ltr' id='par_1_17' title="bbox 575 1596 2169 1669">
     <span class='ocr_line' id='line_1_17' title="bbox 575 1596 2169 1669; baseline -0.001 -15"><span class='ocrx_word' id='word_1_123' title='bbox 575 1614 688 1654; x_wconf 86' lang='lat' dir='ltr'><strong>sem</strong></span> <span class='ocrx_word' id='word_1_124' title='bbox 716 1640 731 1665; x_wconf 93' lang='lat'><strong>,</strong></span> <span class='ocrx_word' id='word_1_125' title='bbox 757 1596 979 1669; x_wconf 80' lang='lat' dir='ltr'><strong>exsequi</strong></span> <span class='ocrx_word' id='word_1_126' title='bbox 1028 1596 1171 1654; x_wconf 89' lang='lat' dir='ltr'><strong>haud</strong></span> <span class='ocrx_word' id='word_1_127' title='bbox 1202 1605 1445 1669; x_wconf 83' lang='lat' dir='ltr'><strong>poteram</strong></span> <span class='ocrx_word' id='word_1_128' title='bbox 1474 1615 1487 1663; x_wconf 91' lang='lat'><strong>;</strong></span> <span class='ocrx_word' id='word_1_129' title='bbox 1519 1612 1641 1665; x_wconf 66' lang='lat' dir='ltr'><strong>quae</strong></span> <span class='ocrx_word' id='word_1_130' title='bbox 1686 1596 1959 1669; x_wconf 77' lang='lat' dir='ltr'><strong>ejusmodi</strong></span> <span class='ocrx_word' id='word_1_131' title='bbox 1980 1597 2169 1669; x_wconf 9' lang='lat' dir='ltr'><strong>inanos</strong></span> 
     </span>
    </p>
   </div>
   <div class='ocr_carea' id='block_1_18' title="bbox 576 1667 2164 1740">
    <p class='ocr_par' dir='ltr' id='par_1_18' title="bbox 576 1667 2164 1740">
     <span class='ocr_line' id='line_1_18' title="bbox 576 1667 2164 1740; baseline -0.002 -15"><span class='ocrx_word' id='word_1_132' title='bbox 576 1670 883 1726; x_wconf 87' lang='lat' dir='ltr'><strong>humanitas</strong></span> <span class='ocrx_word' id='word_1_133' title='bbox 907 1667 925 1737; x_wconf 57' lang='grc' dir='ltr'>ζ</span> <span class='ocrx_word' id='word_1_134' title='bbox 950 1685 1071 1740; x_wconf 75' lang='lat' dir='ltr'><strong>qua:</strong></span> <span class='ocrx_word' id='word_1_135' title='bbox 1095 1667 1259 1739; x_wconf 84' lang='lat' dir='ltr'><strong>super</strong></span> <span class='ocrx_word' id='word_1_136' title='bbox 1288 1668 1479 1740; x_wconf 83' lang='lat' dir='ltr'><strong>eodem</strong></span> <span class='ocrx_word' id='word_1_137' title='bbox 1506 1676 1825 1740; x_wconf 83' lang='lat' dir='ltr'><strong>argumento</strong></span> <span class='ocrx_word' id='word_1_138' title='bbox 1858 1667 2164 1740; x_wconf 80' lang='lat' dir='ltr'><strong>assiduitas,</strong></span> 
     </span>
    </p>
   </div>
   <div class='ocr_carea' id='block_1_19' title="bbox 576 1736 2171 1809">
    <p class='ocr_par' dir='ltr' id='par_1_19' title="bbox 576 1736 2171 1809">
     <span class='ocr_line' id='line_1_19' title="bbox 576 1736 2171 1809; baseline -0.002 -13"><span class='ocrx_word' id='word_1_139' title='bbox 576 1757 695 1808; x_wconf 65' lang='lat' dir='ltr'><strong>quae</strong></span> <span class='ocrx_word' id='word_1_140' title='bbox 718 1736 936 1796; x_wconf 81' lang='lat' dir='ltr'><strong>tandem</strong></span> <span class='ocrx_word' id='word_1_141' title='bbox 962 1736 1049 1795; x_wconf 77' lang='lat' dir='ltr'><strong>sui</strong></span> <span class='ocrx_word' id='word_1_142' title='bbox 1074 1736 1258 1794; x_wconf 75' lang='lat' dir='ltr'><strong>auxilii</strong></span> <span class='ocrx_word' id='word_1_143' title='bbox 1285 1738 1354 1794; x_wconf 90' lang='lat' dir='ltr'><strong>sit</strong></span> <span class='ocrx_word' id='word_1_144' title='bbox 1393 1736 1486 1793; x_wconf 89' lang='lat' dir='ltr'><strong>tibi</strong></span> <span class='ocrx_word' id='word_1_145' title='bbox 1515 1738 1809 1794; x_wconf 84' lang='lat' dir='ltr'><strong>necessitas</strong></span> <span class='ocrx_word' id='word_1_146' title='bbox 1826 1779 1839 1803; x_wconf 94' lang='lat'><strong>,</strong></span> <span class='ocrx_word' id='word_1_147' title='bbox 1864 1738 2033 1809; x_wconf 83' lang='lat' dir='ltr'><strong>ipsius</strong></span> <span class='ocrx_word' id='word_1_148' title='bbox 2054 1742 2171 1809; x_wconf 80' lang='lat' dir='ltr'><strong>epi-</strong></span> 
     </span>
    </p>
   </div>
   <div class='ocr_carea' id='block_1_20' title="bbox 573 1808 2245 1894">
    <p class='ocr_par' dir='ltr' id='par_1_20' title="bbox 573 1808 2245 1894">
     <span class='ocr_line' id='line_1_20' title="bbox 573 1808 2245 1894; baseline 0.001 -27"><span class='ocrx_word' id='word_1_149' title='bbox 573 1812 897 1894; x_wconf 52' lang='lat' dir='ltr'><strong>stolamquas</strong></span> <span class='ocrx_word' id='word_1_150' title='bbox 930 1812 1023 1867; x_wconf 91' lang='lat' dir='ltr'><strong>tibi</strong></span> <span class='ocrx_word' id='word_1_151' title='bbox 1054 1810 1534 1894; x_wconf 35' lang='lat' dir='ltr'><strong>transmitto,‘satis</strong></span> <span class='ocrx_word' id='word_1_152' title='bbox 1561 1824 1830 1894; x_wconf 67' lang='lat' dir='ltr'><strong>superque</strong></span> <span class='ocrx_word' id='word_1_153' title='bbox 1850 1808 2161 1894; x_wconf 64' lang='lat' dir='ltr'><strong>ostendunt.</strong></span> <span class='ocrx_word' id='word_1_154' title='bbox 2204 1810 2245 1869; x_wconf 82' lang='grc' dir='ltr'><strong>Β</strong></span> 
     </span>
    </p>
   </div>
   <div class='ocr_carea' id='block_1_21' title="bbox 573 1880 2166 1951">
    <p class='ocr_par' dir='ltr' id='par_1_21' title="bbox 573 1880 2166 1951">
     <span class='ocr_line' id='line_1_21' title="bbox 573 1880 2166 1951; baseline -0.001 -13"><span class='ocrx_word' id='word_1_155' title='bbox 573 1880 840 1949; x_wconf 76' lang='lat' dir='ltr'><strong>Quoniam</strong></span> <span class='ocrx_word' id='word_1_156' title='bbox 868 1897 1001 1938; x_wconf 90' lang='lat' dir='ltr'><strong>vero</strong></span> <span class='ocrx_word' id='word_1_157' title='bbox 1030 1897 1137 1937; x_wconf 90' lang='lat' dir='ltr'><strong>non</strong></span> <span class='ocrx_word' id='word_1_158' title='bbox 1160 1880 1400 1936; x_wconf 87' lang='lat' dir='ltr'><strong>indicant</strong></span> <span class='ocrx_word' id='word_1_159' title='bbox 1426 1896 1457 1935; x_wconf 90' lang='lat' dir='ltr'><strong>a</strong></span> <span class='ocrx_word' id='word_1_160' title='bbox 1485 1880 1679 1951; x_wconf 88' lang='lat' dir='ltr'><strong>quibus</strong></span> <span class='ocrx_word' id='word_1_161' title='bbox 1715 1882 1764 1935; x_wconf 90' lang='lat' dir='ltr'><strong>ei</strong></span> <span class='ocrx_word' id='word_1_162' title='bbox 1793 1880 1862 1935; x_wconf 90' lang='lat' dir='ltr'><strong>de</strong></span> <span class='ocrx_word' id='word_1_163' title='bbox 1890 1880 1995 1934; x_wconf 91' lang='lat' dir='ltr'><strong>illis</strong></span> <span class='ocrx_word' id='word_1_164' title='bbox 2025 1882 2166 1937; x_wconf 89' lang='lat' dir='ltr'><strong>inter</strong></span> 
     </span>
    </p>
   </div>
   <div class='ocr_carea' id='block_1_22' title="bbox 573 1951 2163 2021">
    <p class='ocr_par' dir='ltr' id='par_1_22' title="bbox 573 1951 2163 2021">
     <span class='ocr_line' id='line_1_22' title="bbox 573 1951 2163 2021; baseline -0.001 -14"><span class='ocrx_word' id='word_1_165' title='bbox 573 1967 673 2009; x_wconf 87' lang='lat' dir='ltr'><strong>vos</strong></span> <span class='ocrx_word' id='word_1_166' title='bbox 728 1951 1164 2009; x_wconf 88' lang='lat' dir='ltr'><strong>communicandi</strong></span> <span class='ocrx_word' id='word_1_167' title='bbox 1218 1953 1520 2006; x_wconf 83' lang='lat' dir='ltr'><strong>libertatem</strong></span> <span class='ocrx_word' id='word_1_168' title='bbox 1575 1952 1866 2021; x_wconf 88' lang='lat' dir='ltr'><strong>impetrare</strong></span> <span class='ocrx_word' id='word_1_169' title='bbox 1920 1952 2119 2006; x_wconf 88' lang='lat' dir='ltr'><strong>debeas</strong></span> <span class='ocrx_word' id='word_1_170' title='bbox 2146 1991 2163 2015; x_wconf 89' lang='lat'><strong>,</strong></span> 
     </span>
    </p>
   </div>
   <div class='ocr_carea' id='block_1_23' title="bbox 611 2022 2166 2090">
    <p class='ocr_par' dir='ltr' id='par_1_23' title="bbox 611 2022 2166 2090">
     <span class='ocr_line' id='line_1_23' title="bbox 611 2022 2166 2090; baseline 0.001 -13"><span class='ocrx_word' id='word_1_171' title='bbox 611 2024 761 2079; x_wconf 90' lang='lat' dir='ltr'><strong>aucis</strong></span> <span class='ocrx_word' id='word_1_172' title='bbox 790 2024 1095 2079; x_wconf 72' lang='lat' dir='ltr'><strong>exhibeam.</strong></span> <span class='ocrx_word' id='word_1_173' title='bbox 1122 2022 1366 2090; x_wconf 75' lang='lat' dir='ltr'><strong>Quathor</strong></span> <span class='ocrx_word' id='word_1_174' title='bbox 1392 2022 1459 2076; x_wconf 88' lang='lat' dir='ltr'><strong>ab</strong></span> <span class='ocrx_word' id='word_1_175' title='bbox 1489 2022 1615 2078; x_wconf 89' lang='lat' dir='ltr'><strong>hinc</strong></span> <span class='ocrx_word' id='word_1_176' title='bbox 1639 2022 1794 2077; x_wconf 90' lang='lat' dir='ltr'><strong>annis</strong></span> <span class='ocrx_word' id='word_1_177' title='bbox 1822 2022 2166 2078; x_wconf 89' lang='lat' dir='ltr'><strong>doctissimus</strong></span> 
     </span>
    </p>
   </div>
   <div class='ocr_carea' id='block_1_24' title="bbox 572 2039 2164 2167">
    <p class='ocr_par' dir='ltr' id='par_1_24' title="bbox 572 2039 2164 2167">
     <span class='ocr_line' id='line_1_24' title="bbox 611 2039 2164 2090; baseline 0.001 -13"><span class='ocrx_word' id='word_1_178' title='bbox 611 2039 761 2079; x_wconf 72' lang='lat' dir='ltr'><strong>aucns</strong></span> <span class='ocrx_word' id='word_1_179' title='bbox 790 2039 1095 2079; x_wconf 72' lang='lat' dir='ltr'><strong>exnmeam.</strong></span> <span class='ocrx_word' id='word_1_180' title='bbox 1122 2039 1366 2090; x_wconf 64' lang='lat' dir='ltr'><strong>quatuor</strong></span> <span class='ocrx_word' id='word_1_181' title='bbox 1392 2039 1459 2076; x_wconf 83' lang='lat' dir='ltr'><strong>an</strong></span> <span class='ocrx_word' id='word_1_182' title='bbox 1491 2039 1615 2078; x_wconf 88' lang='lat' dir='ltr'><strong>nmc</strong></span> <span class='ocrx_word' id='word_1_183' title='bbox 1639 2039 1794 2077; x_wconf 85' lang='lat' dir='ltr'><strong>annis</strong></span> <span class='ocrx_word' id='word_1_184' title='bbox 1822 2039 2164 2078; x_wconf 78' lang='lat' dir='ltr'><strong>doctissimus</strong></span> 
     </span>
     <span class='ocr_line' id='line_1_25' title="bbox 572 2039 2164 2167; baseline 0.001 -20"><span class='ocrx_word' id='word_1_185' title='bbox 572 2039 662 2148; x_wconf 58' lang='grc' dir='ltr'><strong>Εἰς</strong></span> <span class='ocrx_word' id='word_1_186' title='bbox 694 2103 795 2150; x_wconf 66' lang='lat' dir='ltr'><strong>tua:</strong></span> <span class='ocrx_word' id='word_1_187' title='bbox 826 2095 1038 2167; x_wconf 69' lang='lat' dir='ltr'><strong>inclyta:</strong></span> <span class='ocrx_word' id='word_1_188' title='bbox 1063 2093 1349 2167; x_wconf 66' lang='lat' dir='ltr'><strong>Societatis</strong></span> <span class='ocrx_word' id='word_1_189' title='bbox 1384 2094 1485 2167; x_wconf 81' lang='lat' dir='ltr'><strong>vir,</strong></span> <span class='ocrx_word' id='word_1_190' title='bbox 1517 2093 1663 2163; x_wconf 90' lang='lat' dir='ltr'><strong>regia</strong></span> <span class='ocrx_word' id='word_1_191' title='bbox 1701 2091 1949 2147; x_wconf 77' lang='lat' dir='ltr'><strong>suffultus</strong></span> <span class='ocrx_word' id='word_1_192' title='bbox 1972 2101 2164 2167; x_wconf 76' lang='lat' dir='ltr'><strong>aucto-</strong></span> 
     </span>
    </p>
   </div>
   <div class='ocr_carea' id='block_1_25' title="bbox 571 2163 2166 2237">
    <p class='ocr_par' dir='ltr' id='par_1_25' title="bbox 571 2163 2166 2237">
     <span class='ocr_line' id='line_1_26' title="bbox 571 2163 2166 2237; baseline 0.001 -18"><span class='ocrx_word' id='word_1_193' title='bbox 571 2166 734 2221; x_wconf 86' lang='lat' dir='ltr'><strong>ritate</strong></span> <span class='ocrx_word' id='word_1_194' title='bbox 762 2175 925 2237; x_wconf 89' lang='lat' dir='ltr'><strong>atque</strong></span> <span class='ocrx_word' id='word_1_195' title='bbox 937 2163 1225 2236; x_wconf 59' lang='lat' dir='ltr'><strong>&#39;stipendio</strong></span> <span class='ocrx_word' id='word_1_196' title='bbox 1251 2163 1475 2237; x_wconf 77' lang='lat' dir='ltr'><strong>,_To_leti</strong></span> <span class='ocrx_word' id='word_1_197' title='bbox 1504 2171 1897 2237; x_wconf 48' lang='lat' dir='ltr'><strong>commoratur;</strong></span> <span class='ocrx_word' id='word_1_198' title='bbox 1928 2172 1986 2218; x_wconf 92' lang='lat' dir='ltr'><strong>ut</strong></span> <span class='ocrx_word' id='word_1_199' title='bbox 2025 2164 2166 2220; x_wconf 85' lang='lat' dir='ltr'><strong>illius</strong></span> 
     </span>
    </p>
   </div>
   <div class='ocr_carea' id='block_1_26' title="bbox 571 2234 2167 2306">
    <p class='ocr_par' dir='ltr' id='par_1_26' title="bbox 571 2234 2167 2306">
     <span class='ocr_line' id='line_1_27' title="bbox 571 2234 2167 2306; baseline -0.001 -16"><span class='ocrx_word' id='word_1_200' title='bbox 571 2234 853 2306; x_wconf 70' lang='lat' dir='ltr'><strong>primariae</strong></span> <span class='ocrx_word' id='word_1_201' title='bbox 890 2234 1136 2293; x_wconf 65' lang='lat' dir='ltr'><strong>ecclesiis</strong></span> <span class='ocrx_word' id='word_1_202' title='bbox 1181 2235 1479 2290; x_wconf 89' lang='lat' dir='ltr'><strong>archivium</strong></span> <span class='ocrx_word' id='word_1_203' title='bbox 1526 2243 1812 2306; x_wconf 74' lang='lat' dir='ltr'><strong>scrutetur.</strong></span> <span class='ocrx_word' id='word_1_204' title='bbox 1845 2234 2073 2306; x_wconf 6' lang='lat' dir='ltr'><strong>altaque,</strong></span> <span class='ocrx_word' id='word_1_205' title='bbox 2108 2243 2167 2289; x_wconf 84' lang='lat' dir='ltr'><strong>ut</strong></span> 
     </span>
    </p>
   </div>
   <div class='ocr_carea' id='block_1_27' title="bbox 572 2304 2162 2377">
    <p class='ocr_par' dir='ltr' id='par_1_27' title="bbox 572 2304 2162 2377">
     <span class='ocr_line' id='line_1_28' title="bbox 572 2304 2162 2377; baseline -0.001 -15"><span class='ocrx_word' id='word_1_206' title='bbox 572 2304 806 2377; x_wconf 75' lang='lat' dir='ltr'><strong>conjicio</strong></span> <span class='ocrx_word' id='word_1_207' title='bbox 834 2348 849 2373; x_wconf 95' lang='lat'><strong>,</strong></span> <span class='ocrx_word' id='word_1_208' title='bbox 880 2308 980 2363; x_wconf 87' lang='lat' dir='ltr'><strong>nisi</strong></span> <span class='ocrx_word' id='word_1_209' title='bbox 1004 2323 1100 2377; x_wconf 89' lang='lat' dir='ltr'><strong>per</strong></span> <span class='ocrx_word' id='word_1_210' title='bbox 1114 2306 1514 2362; x_wconf 86' lang='lat' dir='ltr'><strong>serenissimum</strong></span> <span class='ocrx_word' id='word_1_211' title='bbox 1544 2313 1691 2377; x_wconf 89' lang='lat' dir='ltr'><strong>tuum</strong></span> <span class='ocrx_word' id='word_1_212' title='bbox 1722 2304 1939 2360; x_wconf 77' lang='lat' dir='ltr'><strong>Mutina:</strong></span> <span class='ocrx_word' id='word_1_213' title='bbox 1964 2304 2162 2361; x_wconf 88' lang='lat' dir='ltr'><strong>ducem</strong></span> 
     </span>
    </p>
   </div>
   <div class='ocr_carea' id='block_1_28' title="bbox 571 2376 2161 2446">
    <p class='ocr_par' dir='ltr' id='par_1_28' title="bbox 571 2376 2161 2446">
     <span class='ocr_line' id='line_1_29' title="bbox 571 2376 2161 2446; baseline 0.001 -15"><span class='ocrx_word' id='word_1_214' title='bbox 571 2392 603 2431; x_wconf 93' lang='lat' dir='ltr'><strong>a</strong></span> <span class='ocrx_word' id='word_1_215' title='bbox 653 2376 911 2433; x_wconf 87' lang='lat' dir='ltr'><strong>ministris</strong></span> <span class='ocrx_word' id='word_1_216' title='bbox 956 2376 1150 2446; x_wconf 77' lang='lat' dir='ltr'><strong>regiis;</strong></span> <span class='ocrx_word' id='word_1_217' title='bbox 1193 2391 1223 2430; x_wconf 89' lang='lat' dir='ltr'><strong>a</strong></span> <span class='ocrx_word' id='word_1_218' title='bbox 1254 2376 1681 2431; x_wconf 85' lang='lat' dir='ltr'><strong>confessionibus</strong></span> <span class='ocrx_word' id='word_1_219' title='bbox 1720 2384 1776 2432; x_wconf 92' lang='lat' dir='ltr'><strong>et</strong></span> <span class='ocrx_word' id='word_1_220' title='bbox 1802 2384 1944 2433; x_wconf 88' lang='lat' dir='ltr'><strong>statu</strong></span> <span class='ocrx_word' id='word_1_221' title='bbox 1991 2376 2161 2445; x_wconf 87' lang='lat' dir='ltr'><strong>ipsam</strong></span> 
     </span>
    </p>
   </div>
   <div class='ocr_carea' id='block_1_29' title="bbox 571 2447 2164 2517">
    <p class='ocr_par' dir='ltr' id='par_1_29' title="bbox 571 2447 2164 2517">
     <span class='ocr_line' id='line_1_30' title="bbox 571 2447 2164 2517; baseline 0.001 -16"><span class='ocrx_word' id='word_1_222' title='bbox 571 2449 881 2517; x_wconf 89' lang='lat' dir='ltr'><strong>assequaris</strong></span> <span class='ocrx_word' id='word_1_223' title='bbox 904 2491 920 2515; x_wconf 88' lang='lat'><strong>,</strong></span> <span class='ocrx_word' id='word_1_224' title='bbox 950 2456 1003 2503; x_wconf 92' lang='lat' dir='ltr'><strong>te</strong></span> <span class='ocrx_word' id='word_1_225' title='bbox 1050 2463 1169 2502; x_wconf 90' lang='lat' dir='ltr'><strong>eam</strong></span> <span class='ocrx_word' id='word_1_226' title='bbox 1212 2447 1368 2502; x_wconf 90' lang='lat' dir='ltr'><strong>aliter</strong></span> <span class='ocrx_word' id='word_1_227' title='bbox 1418 2448 1665 2503; x_wconf 89' lang='lat' dir='ltr'><strong>obtinere</strong></span> <span class='ocrx_word' id='word_1_228' title='bbox 1712 2462 1873 2517; x_wconf 81' lang='lat' dir='ltr'><strong>posse</strong></span> <span class='ocrx_word' id='word_1_229' title='bbox 1896 2487 1911 2511; x_wconf 89' lang='lat'><strong>,</strong></span> <span class='ocrx_word' id='word_1_230' title='bbox 1944 2447 2164 2503; x_wconf 91' lang='lat' dir='ltr'><strong>minime</strong></span> 
     </span>
    </p>
   </div>
   <div class='ocr_carea' id='block_1_30' title="bbox 571 2517 2165 2589">
    <p class='ocr_par' dir='ltr' id='par_1_30' title="bbox 571 2517 2165 2589">
     <span class='ocr_line' id='line_1_31' title="bbox 571 2517 2165 2589; baseline 0.001 -16"><span class='ocrx_word' id='word_1_231' title='bbox 571 2517 808 2574; x_wconf 84' lang='lat' dir='ltr'><strong>confido.</strong></span> <span class='ocrx_word' id='word_1_232' title='bbox 838 2518 1041 2589; x_wconf 82' lang='lat' dir='ltr'><strong>Vellem</strong></span> <span class='ocrx_word' id='word_1_233' title='bbox 1073 2518 1257 2589; x_wconf 91' lang='lat' dir='ltr'><strong>utique</strong></span> <span class='ocrx_word' id='word_1_234' title='bbox 1306 2527 1367 2573; x_wconf 93' lang='lat' dir='ltr'><strong>ut</strong></span> <span class='ocrx_word' id='word_1_235' title='bbox 1394 2519 1735 2575; x_wconf 88' lang='lat' dir='ltr'><strong>occasionem</strong></span> <span class='ocrx_word' id='word_1_236' title='bbox 1758 2519 1899 2573; x_wconf 89' lang='lat' dir='ltr'><strong>hanc</strong></span> <span class='ocrx_word' id='word_1_237' title='bbox 1928 2518 2165 2588; x_wconf 84' lang='lat' dir='ltr'><strong>elIugere</strong></span> 
     </span>
    </p>
   </div>
   <div class='ocr_carea' id='block_1_31' title="bbox 570 2588 2159 2659">
    <p class='ocr_par' dir='ltr' id='par_1_31' title="bbox 570 2588 2159 2659">
     <span class='ocr_line' id='line_1_32' title="bbox 570 2588 2159 2659; baseline 0.002 -16"><span class='ocrx_word' id='word_1_238' title='bbox 570 2604 680 2659; x_wconf 83' lang='lat' dir='ltr'><strong>non</strong></span> <span class='ocrx_word' id='word_1_239' title='bbox 712 2590 937 2644; x_wconf 89' lang='lat' dir='ltr'><strong>sineres.</strong></span> <span class='ocrx_word' id='word_1_240' title='bbox 974 2588 1107 2644; x_wconf 85' lang='lat' dir='ltr'><strong>Nam</strong></span> <span class='ocrx_word' id='word_1_241' title='bbox 1156 2588 1201 2644; x_wconf 80' lang='lat' dir='ltr'><strong>si</strong></span> <span class='ocrx_word' id='word_1_242' title='bbox 1242 2606 1272 2644; x_wconf 90' lang='lat' dir='ltr'><strong>a</strong></span> <span class='ocrx_word' id='word_1_243' title='bbox 1301 2590 1452 2645; x_wconf 89' lang='lat' dir='ltr'><strong>vobis</strong></span> <span class='ocrx_word' id='word_1_244' title='bbox 1472 2632 1489 2657; x_wconf 95' lang='lat'><strong>,</strong></span> <span class='ocrx_word' id='word_1_245' title='bbox 1522 2590 1612 2659; x_wconf 88' lang='lat' dir='ltr'><strong>qui</strong></span> <span class='ocrx_word' id='word_1_246' title='bbox 1642 2604 1781 2659; x_wconf 84' lang='lat' dir='ltr'><strong>pene</strong></span> <span class='ocrx_word' id='word_1_247' title='bbox 1810 2604 1999 2644; x_wconf 90' lang='lat' dir='ltr'><strong>omnes</strong></span> <span class='ocrx_word' id='word_1_248' title='bbox 2030 2605 2159 2646; x_wconf 90' lang='lat' dir='ltr'><strong>mss.</strong></span> 
     </span>
    </p>
   </div>
   <div class='ocr_carea' id='block_1_32' title="bbox 569 2658 2162 2732">
    <p class='ocr_par' dir='ltr' id='par_1_32' title="bbox 569 2658 2162 2732">
     <span class='ocr_line' id='line_1_33' title="bbox 569 2658 2162 2732; baseline 0 -16"><span class='ocrx_word' id='word_1_249' title='bbox 569 2658 800 2716; x_wconf 88' lang='lat' dir='ltr'><strong>Codices</strong></span> <span class='ocrx_word' id='word_1_250' title='bbox 825 2660 1105 2716; x_wconf 90' lang='lat' dir='ltr'><strong>consultos</strong></span> <span class='ocrx_word' id='word_1_251' title='bbox 1124 2661 1354 2732; x_wconf 87' lang='lat' dir='ltr'><strong>habetis,</strong></span> <span class='ocrx_word' id='word_1_252' title='bbox 1381 2658 1551 2715; x_wconf 82' lang='lat' dir='ltr'><strong>editio</strong></span> <span class='ocrx_word' id='word_1_253' title='bbox 1571 2658 1679 2716; x_wconf 86' lang='lat' dir='ltr'><strong>non</strong></span> <span class='ocrx_word' id='word_1_254' title='bbox 1712 2659 2004 2730; x_wconf 80' lang='lat' dir='ltr'><strong>perficitur,</strong></span> <span class='ocrx_word' id='word_1_255' title='bbox 2038 2662 2162 2732; x_wconf 88' lang='lat' dir='ltr'><strong>quis</strong></span> 
     </span>
    </p>
   </div>
   <div class='ocr_carea' id='block_1_33' title="bbox 567 2731 2161 2801">
    <p class='ocr_par' dir='ltr' id='par_1_33' title="bbox 567 2731 2161 2801">
     <span class='ocr_line' id='line_1_34' title="bbox 567 2731 2161 2801; baseline 0.001 -16"><span class='ocrx_word' id='word_1_256' title='bbox 567 2742 689 2785; x_wconf 89' lang='lat' dir='ltr'><strong>eam</strong></span> <span class='ocrx_word' id='word_1_257' title='bbox 732 2732 1118 2800; x_wconf 85' lang='lat' dir='ltr'><strong>aggredietur?</strong></span> <span class='ocrx_word' id='word_1_258' title='bbox 1149 2731 1303 2799; x_wconf 85' lang='lat' dir='ltr'><strong>Quod</strong></span> <span class='ocrx_word' id='word_1_259' title='bbox 1346 2733 1538 2787; x_wconf 91' lang='lat' dir='ltr'><strong>scribis</strong></span> <span class='ocrx_word' id='word_1_260' title='bbox 1560 2773 1576 2797; x_wconf 91' lang='lat'><strong>,</strong></span> <span class='ocrx_word' id='word_1_261' title='bbox 1620 2742 1673 2786; x_wconf 92' lang='lat' dir='ltr'><strong>te</strong></span> <span class='ocrx_word' id='word_1_262' title='bbox 1701 2732 1842 2787; x_wconf 84' lang='lat' dir='ltr'><strong>velle</strong></span> <span class='ocrx_word' id='word_1_263' title='bbox 1872 2732 1939 2786; x_wconf 88' lang='lat' dir='ltr'><strong>ab</strong></span> <span class='ocrx_word' id='word_1_264' title='bbox 1976 2731 2161 2801; x_wconf 90' lang='lat' dir='ltr'><strong>aliquo</strong></span> 
     </span>
    </p>
   </div>
   <div class='ocr_carea' id='block_1_34' title="bbox 566 2801 2159 2872">
    <p class='ocr_par' dir='ltr' id='par_1_34' title="bbox 566 2801 2159 2872">
     <span class='ocr_line' id='line_1_35' title="bbox 566 2801 2159 2872; baseline 0.003 -18"><span class='ocrx_word' id='word_1_265' title='bbox 566 2802 686 2872; x_wconf 78' lang='lat' dir='ltr'><strong>viro</strong></span> <span class='ocrx_word' id='word_1_266' title='bbox 728 2801 900 2872; x_wconf 85' lang='lat' dir='ltr'><strong>docto</strong></span> <span class='ocrx_word' id='word_1_267' title='bbox 919 2802 984 2856; x_wconf 91' lang='lat' dir='ltr'><strong>de</strong></span> <span class='ocrx_word' id='word_1_268' title='bbox 1015 2803 1165 2859; x_wconf 86' lang='lat' dir='ltr'><strong>libris</strong></span> <span class='ocrx_word' id='word_1_269' title='bbox 1206 2804 1298 2872; x_wconf 90' lang='lat' dir='ltr'><strong>qui</strong></span> <span class='ocrx_word' id='word_1_270' title='bbox 1350 2804 1437 2859; x_wconf 89' lang='lat' dir='ltr'><strong>hic</strong></span> <span class='ocrx_word' id='word_1_271' title='bbox 1475 2802 1837 2871; x_wconf 88' lang='lat' dir='ltr'><strong>divulgantur,</strong></span> <span class='ocrx_word' id='word_1_272' title='bbox 1867 2802 2159 2860; x_wconf 88' lang='lat' dir='ltr'><strong>certiorem</strong></span> 
     </span>
    </p>
   </div>
   <div class='ocr_carea' id='block_1_35' title="bbox 568 2871 2163 2956">
    <p class='ocr_par' dir='ltr' id='par_1_35' title="bbox 568 2871 2163 2956">
     <span class='ocr_line' id='line_1_36' title="bbox 568 2871 2163 2956; baseline 0.003 -31"><span class='ocrx_word' id='word_1_273' title='bbox 568 2871 687 2926; x_wconf 85' lang='lat' dir='ltr'><strong>fieri</strong></span> <span class='ocrx_word' id='word_1_274' title='bbox 712 2912 728 2935; x_wconf 87' lang='lat'><strong>,</strong></span> <span class='ocrx_word' id='word_1_275' title='bbox 782 2871 1146 2956; x_wconf 53' lang='lat' dir='ltr'><strong>idnfactnrum</strong></span> <span class='ocrx_word' id='word_1_276' title='bbox 1199 2871 1253 2929; x_wconf 86' lang='lat' dir='ltr'><strong>in</strong></span> <span class='ocrx_word' id='word_1_277' title='bbox 1287 2889 1346 2929; x_wconf 91' lang='lat' dir='ltr'><strong>se</strong></span> <span class='ocrx_word' id='word_1_278' title='bbox 1369 2875 1588 2956; x_wconf 80' lang='lat' dir='ltr'><strong>_rec_e_pit</strong></span> <span class='ocrx_word' id='word_1_279' title='bbox 1624 2873 2052 2956; x_wconf 68' lang='lat' dir='ltr'><strong>sapientissimus</strong></span> <span class='ocrx_word' id='word_1_280' title='bbox 2080 2875 2163 2956; x_wconf 55' lang='lat' dir='ltr'><strong>vir</strong></span> 
     </span>
    </p>
   </div>
   <div class='ocr_carea' id='block_1_36' title="bbox 568 2943 2159 3014">
    <p class='ocr_par' dir='ltr' id='par_1_36' title="bbox 568 2943 2159 3014">
     <span class='ocr_line' id='line_1_37' title="bbox 568 2943 2159 3014; baseline 0.004 -19"><span class='ocrx_word' id='word_1_281' title='bbox 568 2957 601 3014; x_wconf 82' lang='lat' dir='ltr'><strong>e</strong></span> <span class='ocrx_word' id='word_1_282' title='bbox 635 2957 790 3014; x_wconf 83' lang='lat' dir='ltr'><strong>sacra</strong></span> <span class='ocrx_word' id='word_1_283' title='bbox 814 2943 1313 3014; x_wconf 29' lang='lat' dir='ltr'><strong>&quot;Franciscanorum</strong></span> <span class='ocrx_word' id='word_1_284' title='bbox 1367 2943 1565 2999; x_wconf 80' lang='lat' dir='ltr'><strong>familia</strong></span> <span class='ocrx_word' id='word_1_285' title='bbox 1590 2988 1606 3014; x_wconf 93' lang='lat'><strong>,</strong></span> <span class='ocrx_word' id='word_1_286' title='bbox 1642 2943 1705 3001; x_wconf 56' lang='lat' dir='ltr'><strong>R&#39;.</strong></span> <span class='ocrx_word' id='word_1_287' title='bbox 1754 2945 1963 3001; x_wconf 87' lang='lat' dir='ltr'><strong>scilicet</strong></span> <span class='ocrx_word' id='word_1_288' title='bbox 2001 2946 2062 3000; x_wconf 81' lang='grc' dir='ltr'><strong>Ρ.</strong></span> <span class='ocrx_word' id='word_1_289' title='bbox 2096 2944 2159 3001; x_wconf 83' lang='lat' dir='ltr'><strong>F.</strong></span> 
     </span>
    </p>
   </div>
   <div class='ocr_carea' id='block_1_37' title="bbox 565 3012 2161 3087">
    <p class='ocr_par' dir='ltr' id='par_1_37' title="bbox 565 3012 2161 3087">
     <span class='ocr_line' id='line_1_38' title="bbox 565 3012 2161 3087; baseline 0.003 -19"><span class='ocrx_word' id='word_1_290' title='bbox 565 3012 1094 3087; x_wconf 69' lang='lat' dir='ltr'><strong>Joseph_Torrubia,</strong></span> <span class='ocrx_word' id='word_1_291' title='bbox 1143 3017 1299 3084; x_wconf 88' lang='lat' dir='ltr'><strong>cujus</strong></span> <span class='ocrx_word' id='word_1_292' title='bbox 1333 3012 1724 3087; x_wconf 85' lang='lat' dir='ltr'><strong>jucundissima</strong></span> <span class='ocrx_word' id='word_1_293' title='bbox 1770 3017 2161 3072; x_wconf 82' lang='lat' dir='ltr'><strong>consuetudine</strong></span> 
     </span>
    </p>
   </div>
   <div class='ocr_carea' id='block_1_38' title="bbox 566 3081 2158 3210">
    <p class='ocr_par' dir='ltr' id='par_1_38' title="bbox 566 3081 2158 3210">
     <span class='ocr_line' id='line_1_39' title="bbox 566 3081 2158 3210; baseline 0.003 -73"><span class='ocrx_word' id='word_1_294' title='bbox 566 3081 738 3139; x_wconf 79' lang='lat' dir='ltr'><strong>fruor.</strong></span> <span class='ocrx_word' id='word_1_295' title='bbox 772 3084 842 3139; x_wconf 83' lang='lat' dir='ltr'><strong>At</strong></span> <span class='ocrx_word' id='word_1_296' title='bbox 890 3081 1086 3155; x_wconf 89' lang='lat' dir='ltr'><strong>ipsum</strong></span> <span class='ocrx_word' id='word_1_297' title='bbox 1108 3081 1264 3142; x_wconf 75' lang='lat' dir='ltr'><strong>video</strong></span> <span class='ocrx_word' id='word_1_298' title='bbox 1334 3081 1405 3142; x_wconf 84' lang='lat' dir='ltr'><strong>ita</strong></span> <span class='ocrx_word' id='word_1_299' title='bbox 1436 3087 1547 3142; x_wconf 89' lang='lat' dir='ltr'><strong>suis</strong></span> <span class='ocrx_word' id='word_1_300' title='bbox 1582 3087 1797 3210; x_wconf 68' lang='lat' dir='ltr'><strong>scriptis</strong></span> <span class='ocrx_word' id='word_1_301' title='bbox 1830 3096 2158 3158; x_wconf 88' lang='lat' dir='ltr'><strong>occupatum</strong></span> 
     </span>
     <span class='ocr_line' id='line_1_40' title="bbox 566 3156 2154 3210; baseline 0 0"><span class='ocrx_word' id='word_1_302' title='bbox 566 3156 915 3210; x_wconf 79' lang='lat' dir='ltr'><strong>nodattraaue</strong></span> <span class='ocrx_word' id='word_1_303' title='bbox 964 3158 1299 3210; x_wconf 87' lang='lat' dir='ltr'><strong>laborantem</strong></span> <span class='ocrx_word' id='word_1_304' title='bbox 1329 3201 1345 3210; x_wconf 89' lang='lat'><strong>-</strong></span> <span class='ocrx_word' id='word_1_305' title='bbox 1378 3167 1436 3210; x_wconf 89' lang='lat' dir='ltr'><strong>ut</strong></span> <span class='ocrx_word' id='word_1_306' title='bbox 1483 3158 1548 3210; x_wconf 92' lang='lat' dir='ltr'><strong>de</strong></span> <span class='ocrx_word' id='word_1_307' title='bbox 1595 3157 1684 3210; x_wconf 90' lang='lat' dir='ltr'><strong>nol</strong></span> <span class='ocrx_word' id='word_1_308' title='bbox 1711 3157 1984 3210; x_wconf 90' lang='lat' dir='ltr'><strong>icitatione</strong></span> <span class='ocrx_word' id='word_1_309' title='bbox 2012 3156 2154 3210; x_wconf 83' lang='lat' dir='ltr'><strong>diﬂi-</strong></span> 
     </span>
    </p>
   </div>
   <div class='ocr_carea' id='block_1_39' title="bbox 565 3156 2154 3227">
    <p class='ocr_par' dir='ltr' id='par_1_39' title="bbox 565 3156 2154 3227">
     <span class='ocr_line' id='line_1_41' title="bbox 565 3156 2154 3227; baseline 0.001 -19"><span class='ocrx_word' id='word_1_310' title='bbox 565 3156 915 3227; x_wconf 64' lang='lat' dir='ltr'><strong>podagraque</strong></span> <span class='ocrx_word' id='word_1_311' title='bbox 964 3158 1345 3226; x_wconf 89' lang='lat' dir='ltr'><strong>laborantem,</strong></span> <span class='ocrx_word' id='word_1_312' title='bbox 1378 3167 1436 3213; x_wconf 88' lang='lat' dir='ltr'><strong>ut</strong></span> <span class='ocrx_word' id='word_1_313' title='bbox 1483 3158 1548 3212; x_wconf 92' lang='lat' dir='ltr'><strong>de</strong></span> <span class='ocrx_word' id='word_1_314' title='bbox 1595 3156 1989 3227; x_wconf 78' lang='lat' dir='ltr'><strong>pollicitatione</strong></span> <span class='ocrx_word' id='word_1_315' title='bbox 2012 3156 2154 3213; x_wconf 83' lang='lat' dir='ltr'><strong>diﬂi-</strong></span> 
     </span>
    </p>
   </div>
   <div class='ocr_carea' id='block_1_40' title="bbox 564 3223 2158 3299">
    <p class='ocr_par' dir='ltr' id='par_1_40' title="bbox 564 3223 2158 3299">
     <span class='ocr_line' id='line_1_42' title="bbox 564 3223 2158 3299; baseline 0.003 -19"><span class='ocrx_word' id='word_1_316' title='bbox 564 3223 885 3299; x_wconf 45' lang='lat' dir='ltr'><strong>datn.&#39;ldem</strong></span> <span class='ocrx_word' id='word_1_317' title='bbox 925 3229 1089 3283; x_wconf 90' lang='lat' dir='ltr'><strong>etiam</strong></span> <span class='ocrx_word' id='word_1_318' title='bbox 1142 3228 1209 3299; x_wconf 89' lang='lat' dir='ltr'><strong>ad</strong></span> <span class='ocrx_word' id='word_1_319' title='bbox 1241 3238 1293 3283; x_wconf 92' lang='lat' dir='ltr'><strong>te</strong></span> <span class='ocrx_word' id='word_1_320' title='bbox 1326 3223 1503 3283; x_wconf 81' lang='lat' dir='ltr'><strong>inittet</strong></span> <span class='ocrx_word' id='word_1_321' title='bbox 1548 3223 1828 3298; x_wconf 74' lang='lat' dir='ltr'><strong>eiemplar</strong></span> <span class='ocrx_word' id='word_1_322' title='bbox 1853 3230 1935 3284; x_wconf 91' lang='lat' dir='ltr'><strong>sui</strong></span> <span class='ocrx_word' id='word_1_323' title='bbox 1986 3245 2158 3299; x_wconf 89' lang='lat' dir='ltr'><strong>nuper</strong></span> 
     </span>
    </p>
   </div>
   <div class='ocr_carea' id='block_1_41' title="bbox 564 3294 2161 3370">
    <p class='ocr_par' dir='ltr' id='par_1_41' title="bbox 564 3294 2161 3370">
     <span class='ocr_line' id='line_1_43' title="bbox 564 3294 2161 3370; baseline 0.004 -21"><span class='ocrx_word' id='word_1_324' title='bbox 564 3294 695 3350; x_wconf 85' lang='lat' dir='ltr'><strong>editi</strong></span> <span class='ocrx_word' id='word_1_325' title='bbox 724 3297 907 3370; x_wconf 85' lang='lat' dir='ltr'><strong>operis</strong></span> <span class='ocrx_word' id='word_1_326' title='bbox 923 3298 1279 3370; x_wconf 14' lang='lat' dir='ltr'><strong>,‘cuiatitulus</strong></span> <span class='ocrx_word' id='word_1_327' title='bbox 1314 3306 1396 3353; x_wconf 88' lang='lat' dir='ltr'><strong>est</strong></span> <span class='ocrx_word' id='word_1_328' title='bbox 1425 3299 1657 3370; x_wconf 74' lang='lat' dir='ltr'><strong>Aparato</strong></span> <span class='ocrx_word' id='word_1_329' title='bbox 1686 3294 1818 3369; x_wconf 79' lang='lat' dir='ltr'><strong>para</strong></span> <span class='ocrx_word' id='word_1_330' title='bbox 1860 3300 1910 3353; x_wconf 84' lang='lat' dir='ltr'><strong>la</strong></span> <span class='ocrx_word' id='word_1_331' title='bbox 1940 3294 2161 3355; x_wconf 79' lang='lat' dir='ltr'><strong>historia</strong></span> 
     </span>
    </p>
   </div>
   <div class='ocr_carea' id='block_1_42' title="bbox 563 3312 2159 3442">
    <p class='ocr_par' dir='ltr' id='par_1_42' title="bbox 563 3312 2159 3442">
     <span class='ocr_line' id='line_1_44' title="bbox 564 3312 2159 3421; baseline 0.004 -72"><span class='ocrx_word' id='word_1_332' title='bbox 564 3312 695 3350; x_wconf 82' lang='lat' dir='ltr'><strong>euut</strong></span> <span class='ocrx_word' id='word_1_333' title='bbox 724 3312 907 3421; x_wconf 65' lang='lat' dir='ltr'><strong>operis</strong></span> <span class='ocrx_word' id='word_1_334' title='bbox 928 3339 943 3362; x_wconf 94' lang='lat'><strong>,</strong></span> <span class='ocrx_word' id='word_1_335' title='bbox 974 3314 1060 3353; x_wconf 83' lang='lat' dir='ltr'><strong>cui</strong></span> <span class='ocrx_word' id='word_1_336' title='bbox 1092 3312 1279 3355; x_wconf 82' lang='lat' dir='ltr'><strong>titulus</strong></span> <span class='ocrx_word' id='word_1_337' title='bbox 1314 3312 1396 3353; x_wconf 88' lang='lat' dir='ltr'><strong>est</strong></span> <span class='ocrx_word' id='word_1_338' title='bbox 1425 3312 1657 3370; x_wconf 73' lang='lat' dir='ltr'><strong>Aparato</strong></span> <span class='ocrx_word' id='word_1_339' title='bbox 1686 3316 1818 3369; x_wconf 87' lang='lat' dir='ltr'><strong>para</strong></span> <span class='ocrx_word' id='word_1_340' title='bbox 1860 3312 1910 3353; x_wconf 86' lang='lat' dir='ltr'><strong>ta</strong></span> <span class='ocrx_word' id='word_1_341' title='bbox 1940 3312 2159 3355; x_wconf 81' lang='lat' dir='ltr'><strong>historia</strong></span> 
     </span>
     <span class='ocr_line' id='line_1_45' title="bbox 563 3367 2159 3442; baseline 0.004 -22"><span class='ocrx_word' id='word_1_342' title='bbox 563 3375 752 3442; x_wconf 70' lang='lat' dir='ltr'><strong>natura</strong></span> <span class='ocrx_word' id='word_1_343' title='bbox 799 3369 887 3442; x_wconf 78' lang='lat' dir='ltr'><strong>de</strong></span> <span class='ocrx_word' id='word_1_344' title='bbox 913 3367 1170 3442; x_wconf 68' lang='lat' dir='ltr'><strong>Espaﬁa;</strong></span> <span class='ocrx_word' id='word_1_345' title='bbox 1197 3382 1253 3424; x_wconf 90' lang='lat' dir='ltr'><strong>et</strong></span> <span class='ocrx_word' id='word_1_346' title='bbox 1300 3369 1444 3439; x_wconf 88' lang='lat' dir='ltr'><strong>quod</strong></span> <span class='ocrx_word' id='word_1_347' title='bbox 1473 3386 1538 3442; x_wconf 77' lang='lat' dir='ltr'><strong>a</strong></span> <span class='ocrx_word' id='word_1_348' title='bbox 1570 3379 1631 3442; x_wconf 84' lang='lat' dir='ltr'><strong>te</strong></span> <span class='ocrx_word' id='word_1_349' title='bbox 1672 3386 1901 3442; x_wconf 85' lang='lat' dir='ltr'><strong>smmmo</strong></span> <span class='ocrx_word' id='word_1_350' title='bbox 1930 3371 2012 3442; x_wconf 91' lang='lat' dir='ltr'><strong>(ut</strong></span> <span class='ocrx_word' id='word_1_351' title='bbox 2049 3373 2159 3442; x_wconf 77' lang='lat' dir='ltr'><strong>hic)</strong></span> 
     </span>
    </p>
   </div>
   <div class='ocr_carea' id='block_1_43' title="bbox 566 3436 2161 3511">
    <p class='ocr_par' dir='ltr' id='par_1_43' title="bbox 566 3436 2161 3511">
     <span class='ocr_line' id='line_1_46' title="bbox 566 3436 2161 3511; baseline 0.003 -19"><span class='ocrx_word' id='word_1_352' title='bbox 566 3436 753 3511; x_wconf 78' lang='lat' dir='ltr'><strong>favore</strong></span> <span class='ocrx_word' id='word_1_353' title='bbox 774 3436 1148 3511; x_wconf 83' lang='lat' dir='ltr'><strong>accipiendum</strong></span> <span class='ocrx_word' id='word_1_354' title='bbox 1166 3454 1285 3495; x_wconf 87' lang='lat' dir='ltr'><strong>esse</strong></span> <span class='ocrx_word' id='word_1_355' title='bbox 1318 3436 1431 3495; x_wconf 75' lang='lat' dir='ltr'><strong>non</strong></span> <span class='ocrx_word' id='word_1_356' title='bbox 1453 3440 1663 3496; x_wconf 88' lang='lat' dir='ltr'><strong>dubito.</strong></span> <span class='ocrx_word' id='word_1_357' title='bbox 1684 3436 2055 3496; x_wconf 60' lang='lat' dir='ltr'><strong>Praefecturam</strong></span> <span class='ocrx_word' id='word_1_358' title='bbox 2079 3436 2161 3497; x_wconf 70' lang='lat' dir='ltr'><strong>bi-</strong></span> 
     </span>
    </p>
   </div>
   <div class='ocr_carea' id='block_1_44' title="bbox 561 3507 2159 3582">
    <p class='ocr_par' dir='ltr' id='par_1_44' title="bbox 561 3507 2159 3582">
     <span class='ocr_line' id='line_1_47' title="bbox 561 3507 2159 3582; baseline 0.003 -20"><span class='ocrx_word' id='word_1_359' title='bbox 561 3507 867 3582; x_wconf 67' lang='lat' dir='ltr'><strong>bliothecae,</strong></span> <span class='ocrx_word' id='word_1_360' title='bbox 896 3507 1059 3581; x_wconf 82' lang='lat' dir='ltr'><strong>quam</strong></span> <span class='ocrx_word' id='word_1_361' title='bbox 1090 3510 1470 3566; x_wconf 82' lang='lat' dir='ltr'><strong>Mutinensinm</strong></span> <span class='ocrx_word' id='word_1_362' title='bbox 1492 3512 1600 3567; x_wconf 81' lang='lat' dir='ltr'><strong>dux</strong></span> <span class='ocrx_word' id='word_1_363' title='bbox 1621 3512 1715 3567; x_wconf 91' lang='lat' dir='ltr'><strong>tibi</strong></span> <span class='ocrx_word' id='word_1_364' title='bbox 1739 3520 1861 3582; x_wconf 92' lang='lat' dir='ltr'><strong>post</strong></span> <span class='ocrx_word' id='word_1_365' title='bbox 1884 3511 2159 3567; x_wconf 76' lang='lat' dir='ltr'><strong>Muratorii</strong></span> 
     </span>
    </p>
   </div>
   <div class='ocr_carea' id='block_1_45' title="bbox 565 3578 2157 3655">
    <p class='ocr_par' dir='ltr' id='par_1_45' title="bbox 565 3578 2157 3655">
     <span class='ocr_line' id='line_1_48' title="bbox 565 3578 2157 3655; baseline 0.003 -23"><span class='ocrx_word' id='word_1_366' title='bbox 565 3578 772 3655; x_wconf 65' lang='lat' dir='ltr'><strong>obitum</strong></span> <span class='ocrx_word' id='word_1_367' title='bbox 817 3578 1112 3655; x_wconf 78' lang='lat' dir='ltr'><strong>rectissime</strong></span> <span class='ocrx_word' id='word_1_368' title='bbox 1150 3582 1439 3647; x_wconf 88' lang='lat' dir='ltr'><strong>commisit,</strong></span> <span class='ocrx_word' id='word_1_369' title='bbox 1468 3578 1756 3655; x_wconf 77' lang='lat' dir='ltr'><strong>plurimum</strong></span> <span class='ocrx_word' id='word_1_370' title='bbox 1788 3583 2157 3655; x_wconf 16' lang='lat' dir='ltr'><strong>325Agratu-</strong></span> 
     </span>
    </p>
   </div>
   <div class='ocr_carea' id='block_1_46' title="bbox 565 3648 2159 3725">
    <p class='ocr_par' dir='ltr' id='par_1_46' title="bbox 565 3648 2159 3725">
     <span class='ocr_line' id='line_1_49' title="bbox 565 3648 2159 3725; baseline 0.004 -21"><span class='ocrx_word' id='word_1_371' title='bbox 565 3648 669 3705; x_wconf 90' lang='lat' dir='ltr'><strong>lor.</strong></span> <span class='ocrx_word' id='word_1_372' title='bbox 708 3650 791 3725; x_wconf 79' lang='lat' dir='ltr'><strong>De</strong></span> <span class='ocrx_word' id='word_1_373' title='bbox 816 3661 871 3707; x_wconf 94' lang='lat' dir='ltr'><strong>te</strong></span> <span class='ocrx_word' id='word_1_374' title='bbox 897 3653 1112 3725; x_wconf 52' lang='lat' dir='ltr'><strong>quidem</strong></span> <span class='ocrx_word' id='word_1_375' title='bbox 1158 3662 1308 3709; x_wconf 88' lang='lat' dir='ltr'><strong>certe</strong></span> <span class='ocrx_word' id='word_1_376' title='bbox 1340 3648 1518 3709; x_wconf 79' lang='lat' dir='ltr'><strong>tantus</strong></span> <span class='ocrx_word' id='word_1_377' title='bbox 1546 3648 2032 3725; x_wconf 33' lang='lat' dir='ltr'><strong>princepsf,—ciijus</strong></span> <span class='ocrx_word' id='word_1_378' title='bbox 2058 3656 2159 3710; x_wconf 87' lang='lat' dir='ltr'><strong>sub</strong></span> 
     </span>
    </p>
   </div>
   <div class='ocr_carea' id='block_1_47' title="bbox 566 3722 2157 3795">
    <p class='ocr_par' dir='ltr' id='par_1_47' title="bbox 566 3722 2157 3795">
     <span class='ocr_line' id='line_1_50' title="bbox 566 3722 2157 3795; baseline 0.004 -20"><span class='ocrx_word' id='word_1_379' title='bbox 566 3722 825 3795; x_wconf 71' lang='lat' dir='ltr'><strong>auspiciis</strong></span> <span class='ocrx_word' id='word_1_380' title='bbox 880 3723 1152 3791; x_wconf 85' lang='lat' dir='ltr'><strong>divulgata</strong></span> <span class='ocrx_word' id='word_1_381' title='bbox 1203 3722 1635 3795; x_wconf 57' lang='lat' dir='ltr'><strong>divulganilaque</strong></span> <span class='ocrx_word' id='word_1_382' title='bbox 1691 3722 1875 3779; x_wconf 79' lang='lat' dir='ltr'><strong>Italica</strong></span> <span class='ocrx_word' id='word_1_383' title='bbox 1930 3724 2157 3781; x_wconf 87' lang='lat' dir='ltr'><strong>historia</strong></span> 
     </span>
    </p>
   </div>
   <div class='ocr_carea' id='block_1_48' title="bbox 564 3790 2152 3865">
    <p class='ocr_par' dir='ltr' id='par_1_48' title="bbox 564 3790 2152 3865">
     <span class='ocr_line' id='line_1_51' title="bbox 564 3790 2152 3865; baseline 0.004 -21"><span class='ocrx_word' id='word_1_384' title='bbox 564 3790 825 3865; x_wconf 75' lang='lat' dir='ltr'><strong>litteraria</strong></span> <span class='ocrx_word' id='word_1_385' title='bbox 876 3790 1136 3861; x_wconf 81' lang='lat' dir='ltr'><strong>cernitur,</strong></span> <span class='ocrx_word' id='word_1_386' title='bbox 1161 3796 1318 3851; x_wconf 88' lang='lat' dir='ltr'><strong>aliter</strong></span> <span class='ocrx_word' id='word_1_387' title='bbox 1355 3790 1495 3851; x_wconf 86' lang='lat' dir='ltr'><strong>bene</strong></span> <span class='ocrx_word' id='word_1_388' title='bbox 1542 3790 1739 3865; x_wconf 76' lang='lat' dir='ltr'><strong>mereri</strong></span> <span class='ocrx_word' id='word_1_389' title='bbox 1781 3810 1890 3850; x_wconf 91' lang='lat' dir='ltr'><strong>non</strong></span> <span class='ocrx_word' id='word_1_390' title='bbox 1916 3801 2152 3865; x_wconf 89' lang='lat' dir='ltr'><strong>poterat.</strong></span> 
     </span>
    </p>
   </div>
   <div class='ocr_carea' id='block_1_49' title="bbox 567 3860 1619 3933">
    <p class='ocr_par' dir='ltr' id='par_1_49' title="bbox 567 3860 1619 3933">
     <span class='ocr_line' id='line_1_52' title="bbox 567 3860 1619 3933; baseline 0.007 -18"><span class='ocrx_word' id='word_1_391' title='bbox 567 3860 717 3917; x_wconf 87' lang='lat' dir='ltr'><strong>Vale.</strong></span> <span class='ocrx_word' id='word_1_392' title='bbox 750 3862 972 3933; x_wconf 82' lang='lat' dir='ltr'><strong>Matriti,</strong></span> <span class='ocrx_word' id='word_1_393' title='bbox 1010 3882 1065 3921; x_wconf 86' lang='grc' dir='ltr'><strong>ιιι</strong></span> <span class='ocrx_word' id='word_1_394' title='bbox 1086 3860 1168 3924; x_wconf 90' lang='lat' dir='ltr'><strong>ld.</strong></span> <span class='ocrx_word' id='word_1_395' title='bbox 1192 3866 1430 3921; x_wconf 84' lang='lat' dir='ltr'><strong>Januarii</strong></span> <span class='ocrx_word' id='word_1_396' title='bbox 1460 3864 1619 3922; x_wconf 76' lang='lat' dir='ltr'><strong>i755.</strong></span> 
     </span>
    </p>
   </div>
   <div class='ocr_carea' id='block_1_50' title="bbox 635 3998 2154 4073">
    <p class='ocr_par' dir='ltr' id='par_1_50' title="bbox 635 3998 2154 4073">
     <span class='ocr_line' id='line_1_53' title="bbox 635 3998 2154 4073; baseline 0.007 -21"><span class='ocrx_word' id='word_1_397' title='bbox 635 3998 721 4055; x_wconf 88' lang='lat'><strong>75.</strong></span> <span class='ocrx_word' id='word_1_398' title='bbox 779 3999 910 4059; x_wconf 88' lang='lat' dir='ltr'><strong>Post</strong></span> <span class='ocrx_word' id='word_1_399' title='bbox 957 4002 1230 4061; x_wconf 74' lang='lat' dir='ltr'><strong>Zaccaria:</strong></span> <span class='ocrx_word' id='word_1_400' title='bbox 1275 4005 1513 4073; x_wconf 90' lang='lat' dir='ltr'><strong>obitum,</strong></span> <span class='ocrx_word' id='word_1_401' title='bbox 1554 4004 1693 4061; x_wconf 79' lang='lat' dir='ltr'><strong>inter</strong></span> <span class='ocrx_word' id='word_1_402' title='bbox 1736 4005 1870 4061; x_wconf 88' lang='lat' dir='ltr'><strong>alias</strong></span> <span class='ocrx_word' id='word_1_403' title='bbox 1918 4007 2154 4062; x_wconf 88' lang='lat' dir='ltr'><strong>virorum</strong></span> 
     </span>
    </p>
   </div>
   <div class='ocr_carea' id='block_1_51' title="bbox 560 4090 2158 4169">
    <p class='ocr_par' dir='ltr' id='par_1_51' title="bbox 560 4090 2158 4169">
     <span class='ocr_line' id='line_1_54' title="bbox 560 4090 2158 4169; baseline 0.007 -24"><span class='ocrx_word' id='word_1_404' title='bbox 560 4090 851 4148; x_wconf 90' lang='lat' dir='ltr'><strong>illustrium</strong></span> <span class='ocrx_word' id='word_1_405' title='bbox 878 4096 949 4149; x_wconf 89' lang='lat' dir='ltr'><strong>ad</strong></span> <span class='ocrx_word' id='word_1_406' title='bbox 986 4111 1110 4151; x_wconf 91' lang='lat' dir='ltr'><strong>eum</strong></span> <span class='ocrx_word' id='word_1_407' title='bbox 1143 4097 1374 4167; x_wconf 87' lang='lat' dir='ltr'><strong>scriptas</strong></span> <span class='ocrx_word' id='word_1_408' title='bbox 1396 4096 1675 4167; x_wconf 89' lang='lat' dir='ltr'><strong>epistolas,</strong></span> <span class='ocrx_word' id='word_1_409' title='bbox 1706 4112 1840 4167; x_wconf 91' lang='lat' dir='ltr'><strong>quas</strong></span> <span class='ocrx_word' id='word_1_410' title='bbox 1871 4114 2039 4169; x_wconf 88' lang='lat' dir='ltr'><strong>penes</strong></span> <span class='ocrx_word' id='word_1_411' title='bbox 2068 4114 2158 4156; x_wconf 89' lang='lat' dir='ltr'><strong>me</strong></span> 
     </span>
    </p>
   </div>
   <div class='ocr_carea' id='block_1_52' title="bbox 561 4183 2153 4258">
    <p class='ocr_par' dir='ltr' id='par_1_52' title="bbox 561 4183 2153 4258">
     <span class='ocr_line' id='line_1_55' title="bbox 561 4183 2153 4258; baseline 0.006 -22"><span class='ocrx_word' id='word_1_412' title='bbox 561 4183 794 4250; x_wconf 85' lang='lat' dir='ltr'><strong>retineo,</strong></span> <span class='ocrx_word' id='word_1_413' title='bbox 846 4187 1023 4255; x_wconf 87' lang='lat' dir='ltr'><strong>reperi</strong></span> <span class='ocrx_word' id='word_1_414' title='bbox 1052 4195 1162 4242; x_wconf 88' lang='lat' dir='ltr'><strong>tres</strong></span> <span class='ocrx_word' id='word_1_415' title='bbox 1193 4186 1464 4254; x_wconf 89' lang='lat' dir='ltr'><strong>Burrielii,</strong></span> <span class='ocrx_word' id='word_1_416' title='bbox 1496 4187 1725 4258; x_wconf 87' lang='lat' dir='ltr'><strong>primam</strong></span> <span class='ocrx_word' id='word_1_417' title='bbox 1764 4187 2006 4244; x_wconf 88' lang='lat' dir='ltr'><strong>Latinam</strong></span> <span class='ocrx_word' id='word_1_418' title='bbox 2038 4189 2153 4244; x_wconf 84' lang='lat' dir='ltr'><strong>Ma-</strong></span> 
     </span>
    </p>
   </div>
   <div class='ocr_carea' id='block_1_53' title="bbox 562 4272 2154 4350">
    <p class='ocr_par' dir='ltr' id='par_1_53' title="bbox 562 4272 2154 4350">
     <span class='ocr_line' id='line_1_56' title="bbox 562 4272 2154 4350; baseline 0.006 -25"><span class='ocrx_word' id='word_1_419' title='bbox 562 4273 673 4327; x_wconf 87' lang='lat' dir='ltr'><strong>triti</strong></span> <span class='ocrx_word' id='word_1_420' title='bbox 711 4272 781 4327; x_wconf 69' lang='lat'><strong>20</strong></span> <span class='ocrx_word' id='word_1_421' title='bbox 819 4273 1155 4346; x_wconf 87' lang='lat' dir='ltr'><strong>Septembris</strong></span> <span class='ocrx_word' id='word_1_422' title='bbox 1177 4276 1343 4347; x_wconf 77' lang='lat' dir='ltr'><strong>i755,</strong></span> <span class='ocrx_word' id='word_1_423' title='bbox 1390 4277 1617 4333; x_wconf 87' lang='lat' dir='ltr'><strong>alteram</strong></span> <span class='ocrx_word' id='word_1_424' title='bbox 1662 4275 2004 4350; x_wconf 86' lang='lat' dir='ltr'><strong>Hispanicam</strong></span> <span class='ocrx_word' id='word_1_425' title='bbox 2047 4277 2154 4335; x_wconf 83' lang='lat' dir='ltr'><strong>To-</strong></span> 
     </span>
    </p>
   </div>
   <div class='ocr_carea' id='block_1_54' title="bbox 564 4362 2153 4443">
    <p class='ocr_par' dir='ltr' id='par_1_54' title="bbox 564 4362 2153 4443">
     <span class='ocr_line' id='line_1_57' title="bbox 564 4362 2153 4443; baseline 0.006 -25"><span class='ocrx_word' id='word_1_426' title='bbox 564 4362 659 4419; x_wconf 88' lang='lat' dir='ltr'><strong>leti</strong></span> <span class='ocrx_word' id='word_1_427' title='bbox 701 4363 771 4420; x_wconf 75' lang='grc'>12</span> <span class='ocrx_word' id='word_1_428' title='bbox 806 4365 1117 4423; x_wconf 85' lang='lat' dir='ltr'><strong>Decembris</strong></span> <span class='ocrx_word' id='word_1_429' title='bbox 1144 4367 1309 4437; x_wconf 72' lang='lat' dir='ltr'><strong>i755,</strong></span> <span class='ocrx_word' id='word_1_430' title='bbox 1342 4370 1553 4424; x_wconf 89' lang='lat' dir='ltr'><strong>tertiam</strong></span> <span class='ocrx_word' id='word_1_431' title='bbox 1593 4368 1779 4426; x_wconf 87' lang='lat' dir='ltr'><strong>itidem</strong></span> <span class='ocrx_word' id='word_1_432' title='bbox 1810 4370 2153 4443; x_wconf 79' lang='lat' dir='ltr'><strong>Hispanicum</strong></span> 
     </span>
    </p>
   </div>
   <div class='ocr_carea' id='block_1_55' title="bbox 562 4458 2153 4534">
    <p class='ocr_par' dir='ltr' id='par_1_55' title="bbox 562 4458 2153 4534">
     <span class='ocr_line' id='line_1_58' title="bbox 562 4458 2153 4534; baseline 0.007 -24"><span class='ocrx_word' id='word_1_433' title='bbox 562 4458 771 4514; x_wconf 67' lang='lat' dir='ltr'><strong>caeteris</strong></span> <span class='ocrx_word' id='word_1_434' title='bbox 818 4458 1140 4529; x_wconf 89' lang='lat' dir='ltr'><strong>longiorem,</strong></span> <span class='ocrx_word' id='word_1_435' title='bbox 1189 4469 1246 4517; x_wconf 91' lang='lat' dir='ltr'><strong>et</strong></span> <span class='ocrx_word' id='word_1_436' title='bbox 1270 4463 1657 4534; x_wconf 89' lang='lat' dir='ltr'><strong>autographam</strong></span> <span class='ocrx_word' id='word_1_437' title='bbox 1706 4463 1903 4520; x_wconf 81' lang='lat' dir='ltr'><strong>Matriti</strong></span> <span class='ocrx_word' id='word_1_438' title='bbox 1951 4464 2021 4518; x_wconf 73' lang='lat'><strong>25</strong></span> <span class='ocrx_word' id='word_1_439' title='bbox 2050 4464 2153 4521; x_wconf 89' lang='lat' dir='ltr'><strong>Fe-</strong></span> 
     </span>
    </p>
   </div>
   <div class='ocr_carea' id='block_1_56' title="bbox 2180 3192 2231 3255">
    <p class='ocr_par' dir='ltr' id='par_1_56' title="bbox 2180 3192 2231 3255">
     <span class='ocr_line' id='line_1_59' title="bbox 2180 3192 2231 3255; baseline 0 0"><span class='ocrx_word' id='word_1_440' title='bbox 2180 3192 2231 3255; x_wconf 88' lang='lat' dir='ltr'><strong>C</strong></span> 
     </span>
    </p>
   </div>
   <div class='ocr_carea' id='block_1_57' title="bbox 2280 496 3889 577">
    <p class='ocr_par' dir='ltr' id='par_1_57' title="bbox 2280 496 3889 577">
     <span class='ocr_line' id='line_1_60' title="bbox 2280 496 3889 577; baseline 0.008 -25"><span class='ocrx_word' id='word_1_441' title='bbox 2280 496 2342 553; x_wconf 78' lang='grc' dir='ltr'><strong>Ρ.</strong></span> <span class='ocrx_word' id='word_1_442' title='bbox 2363 497 2654 555; x_wconf 74' lang='lat' dir='ltr'><strong>Francisco</strong></span> <span class='ocrx_word' id='word_1_443' title='bbox 2677 498 2917 571; x_wconf 82' lang='lat' dir='ltr'><strong>Rabago,</strong></span> <span class='ocrx_word' id='word_1_444' title='bbox 2948 501 3039 573; x_wconf 92' lang='lat' dir='ltr'><strong>qui</strong></span> <span class='ocrx_word' id='word_1_445' title='bbox 3070 502 3181 571; x_wconf 83' lang='lat' dir='ltr'><strong>regi</strong></span> <span class='ocrx_word' id='word_1_446' title='bbox 3206 517 3240 557; x_wconf 90' lang='lat' dir='ltr'><strong>a</strong></span> <span class='ocrx_word' id='word_1_447' title='bbox 3276 499 3750 563; x_wconf 81' lang='lat' dir='ltr'><strong>confessionibus</strong></span> <span class='ocrx_word' id='word_1_448' title='bbox 3775 520 3889 577; x_wconf 84' lang='lat' dir='ltr'><strong>erat,</strong></span> 
     </span>
    </p>
   </div>
   <div class='ocr_carea' id='block_1_58' title="bbox 2278 589 3892 664">
    <p class='ocr_par' dir='ltr' id='par_1_58' title="bbox 2278 589 3892 664">
     <span class='ocr_line' id='line_1_61' title="bbox 2278 589 3892 664; baseline 0.006 -21"><span class='ocrx_word' id='word_1_449' title='bbox 2278 596 2335 643; x_wconf 90' lang='lat' dir='ltr'><strong>et</strong></span> <span class='ocrx_word' id='word_1_450' title='bbox 2386 589 2689 647; x_wconf 87' lang='lat' dir='ltr'><strong>istiusmodi</strong></span> <span class='ocrx_word' id='word_1_451' title='bbox 2743 591 3035 648; x_wconf 89' lang='lat' dir='ltr'><strong>litterarios</strong></span> <span class='ocrx_word' id='word_1_452' title='bbox 3094 599 3341 648; x_wconf 85' lang='lat' dir='ltr'><strong>conatus</strong></span> <span class='ocrx_word' id='word_1_453' title='bbox 3399 606 3799 664; x_wconf 82' lang='lat' dir='ltr'><strong>persuaserat,</strong></span> <span class='ocrx_word' id='word_1_454' title='bbox 3852 609 3892 654; x_wconf 75' lang='lat' dir='ltr'><strong>et</strong></span> 
     </span>
    </p>
   </div>
   <div class='ocr_carea' id='block_1_59' title="bbox 2275 683 3889 755">
    <p class='ocr_par' dir='ltr' id='par_1_59' title="bbox 2275 683 3889 755">
     <span class='ocr_line' id='line_1_62' title="bbox 2275 683 3889 755; baseline 0.006 -17"><span class='ocrx_word' id='word_1_455' title='bbox 2275 683 2632 754; x_wconf 83' lang='lat' dir='ltr'><strong>promovebat</strong></span> <span class='ocrx_word' id='word_1_456' title='bbox 2663 702 2675 738; x_wconf 91' lang='lat'>:</span> <span class='ocrx_word' id='word_1_457' title='bbox 2707 698 2776 741; x_wconf 83' lang='lat' dir='ltr'><strong>ex</strong></span> <span class='ocrx_word' id='word_1_458' title='bbox 2808 685 2873 741; x_wconf 92' lang='lat' dir='ltr'><strong>iis</strong></span> <span class='ocrx_word' id='word_1_459' title='bbox 2891 700 3011 755; x_wconf 65' lang='lat' dir='ltr'><strong>qua:</strong></span> <span class='ocrx_word' id='word_1_460' title='bbox 3050 686 3164 755; x_wconf 86' lang='lat' dir='ltr'><strong>ipse</strong></span> <span class='ocrx_word' id='word_1_461' title='bbox 3191 685 3264 740; x_wconf 88' lang='lat' dir='ltr'><strong>ad</strong></span> <span class='ocrx_word' id='word_1_462' title='bbox 3299 684 3691 743; x_wconf 86' lang='lat' dir='ltr'><strong>lsidorianam</strong></span> <span class='ocrx_word' id='word_1_463' title='bbox 3724 689 3889 747; x_wconf 86' lang='lat' dir='ltr'><strong>editio-</strong></span> 
     </span>
    </p>
   </div>
   <div class='ocr_carea' id='block_1_60' title="bbox 2275 780 3888 853">
    <p class='ocr_par' dir='ltr' id='par_1_60' title="bbox 2275 780 3888 853">
     <span class='ocr_line' id='line_1_63' title="bbox 2275 780 3888 853; baseline 0.004 -19"><span class='ocrx_word' id='word_1_464' title='bbox 2275 793 2399 834; x_wconf 90' lang='lat' dir='ltr'><strong>nem</strong></span> <span class='ocrx_word' id='word_1_465' title='bbox 2430 788 2737 851; x_wconf 86' lang='lat' dir='ltr'><strong>paraverat,</strong></span> <span class='ocrx_word' id='word_1_466' title='bbox 2786 780 2919 835; x_wconf 91' lang='lat' dir='ltr'><strong>nihil</strong></span> <span class='ocrx_word' id='word_1_467' title='bbox 2950 781 3169 836; x_wconf 89' lang='lat' dir='ltr'><strong>omnino</strong></span> <span class='ocrx_word' id='word_1_468' title='bbox 3195 781 3328 837; x_wconf 89' lang='lat' dir='ltr'><strong>sine</strong></span> <span class='ocrx_word' id='word_1_469' title='bbox 3373 780 3535 851; x_wconf 85' lang='lat' dir='ltr'><strong>regis</strong></span> <span class='ocrx_word' id='word_1_470' title='bbox 3563 782 3711 838; x_wconf 92' lang='lat' dir='ltr'><strong>bona</strong></span> <span class='ocrx_word' id='word_1_471' title='bbox 3738 787 3888 853; x_wconf 79' lang='lat' dir='ltr'><strong>venia,</strong></span> 
     </span>
    </p>
   </div>
   <div class='ocr_carea' id='block_1_61' title="bbox 2275 869 3889 941">
    <p class='ocr_par' dir='ltr' id='par_1_61' title="bbox 2275 869 3889 941">
     <span class='ocr_line' id='line_1_64' title="bbox 2275 869 3889 941; baseline 0.005 -17"><span class='ocrx_word' id='word_1_472' title='bbox 2275 878 2371 925; x_wconf 90' lang='lat' dir='ltr'><strong>aut</strong></span> <span class='ocrx_word' id='word_1_473' title='bbox 2423 878 2695 941; x_wconf 66' lang='lat' dir='ltr'><strong>praecepto</strong></span> <span class='ocrx_word' id='word_1_474' title='bbox 2724 911 2741 937; x_wconf 96' lang='lat'><strong>,</strong></span> <span class='ocrx_word' id='word_1_475' title='bbox 2791 869 2859 924; x_wconf 90' lang='lat' dir='ltr'><strong>ad</strong></span> <span class='ocrx_word' id='word_1_476' title='bbox 2912 869 3219 925; x_wconf 80' lang='lat' dir='ltr'><strong>Zaccariam</strong></span> <span class='ocrx_word' id='word_1_477' title='bbox 3280 871 3695 929; x_wconf 84' lang='lat' dir='ltr'><strong>remissurum.</strong></span> <span class='ocrx_word' id='word_1_478' title='bbox 3755 875 3889 932; x_wconf 81' lang='lat' dir='ltr'><strong>Addit</strong></span> 
     </span>
    </p>
   </div>
   <div class='ocr_carea' id='block_1_62' title="bbox 2276 960 3885 1035">
    <p class='ocr_par' dir='ltr' id='par_1_62' title="bbox 2276 960 3885 1035">
     <span class='ocr_line' id='line_1_65' title="bbox 2276 960 3885 1035; baseline 0.005 -19"><span class='ocrx_word' id='word_1_479' title='bbox 2276 960 2656 1018; x_wconf 87' lang='lat' dir='ltr'><strong>collectionem</strong></span> <span class='ocrx_word' id='word_1_480' title='bbox 2704 976 2972 1018; x_wconf 84' lang='lat' dir='ltr'><strong>canonum</strong></span> <span class='ocrx_word' id='word_1_481' title='bbox 3010 960 3310 1018; x_wconf 88' lang='lat' dir='ltr'><strong>Gothicam</strong></span> <span class='ocrx_word' id='word_1_482' title='bbox 3358 963 3436 1019; x_wconf 90' lang='lat' dir='ltr'><strong>ad</strong></span> <span class='ocrx_word' id='word_1_483' title='bbox 3485 964 3736 1035; x_wconf 91' lang='lat' dir='ltr'><strong>quinque</strong></span> <span class='ocrx_word' id='word_1_484' title='bbox 3780 982 3885 1023; x_wconf 81' lang='lat' dir='ltr'><strong>mss.</strong></span> 
     </span>
    </p>
   </div>
   <div class='ocr_carea' id='block_1_63' title="bbox 2274 1051 3884 1115">
    <p class='ocr_par' dir='ltr' id='par_1_63' title="bbox 2274 1051 3884 1115">
     <span class='ocr_line' id='line_1_66' title="bbox 2274 1051 3884 1115; baseline 0.004 -7"><span class='ocrx_word' id='word_1_485' title='bbox 2274 1051 2504 1109; x_wconf 85' lang='lat' dir='ltr'><strong>Codices</strong></span> <span class='ocrx_word' id='word_1_486' title='bbox 2550 1068 2581 1107; x_wconf 89' lang='lat' dir='ltr'><strong>a</strong></span> <span class='ocrx_word' id='word_1_487' title='bbox 2641 1068 2701 1108; x_wconf 91' lang='lat' dir='ltr'><strong>se</strong></span> <span class='ocrx_word' id='word_1_488' title='bbox 2761 1053 3084 1109; x_wconf 86' lang='lat' dir='ltr'><strong>recensitam</strong></span> <span class='ocrx_word' id='word_1_489' title='bbox 3132 1055 3426 1110; x_wconf 77' lang='lat' dir='ltr'><strong>asservari</strong></span> <span class='ocrx_word' id='word_1_490' title='bbox 3499 1056 3560 1111; x_wconf 91' lang='lat' dir='ltr'><strong>in</strong></span> <span class='ocrx_word' id='word_1_491' title='bbox 3618 1061 3884 1115; x_wconf 81' lang='lat' dir='ltr'><strong>secretaria</strong></span> 
     </span>
    </p>
   </div>
   <div class='ocr_carea' id='block_1_64' title="bbox 2274 1145 3886 1216">
    <p class='ocr_par' dir='ltr' id='par_1_64' title="bbox 2274 1145 3886 1216">
     <span class='ocr_line' id='line_1_67' title="bbox 2274 1145 3886 1216; baseline 0.003 -14"><span class='ocrx_word' id='word_1_492' title='bbox 2274 1145 2477 1211; x_wconf 87' lang='lat' dir='ltr'><strong>Status,</strong></span> <span class='ocrx_word' id='word_1_493' title='bbox 2502 1154 2561 1201; x_wconf 92' lang='lat' dir='ltr'><strong>ut</strong></span> <span class='ocrx_word' id='word_1_494' title='bbox 2590 1154 2785 1203; x_wconf 89' lang='lat' dir='ltr'><strong>vocant</strong></span> <span class='ocrx_word' id='word_1_495' title='bbox 2811 1163 2823 1200; x_wconf 92' lang='lat'>:</span> <span class='ocrx_word' id='word_1_496' title='bbox 2854 1146 2995 1201; x_wconf 87' lang='lat' dir='ltr'><strong>hanc</strong></span> <span class='ocrx_word' id='word_1_497' title='bbox 3017 1161 3233 1216; x_wconf 89' lang='lat' dir='ltr'><strong>quoque</strong></span> <span class='ocrx_word' id='word_1_498' title='bbox 3257 1162 3327 1202; x_wconf 87' lang='lat' dir='ltr'><strong>se</strong></span> <span class='ocrx_word' id='word_1_499' title='bbox 3361 1148 3615 1204; x_wconf 89' lang='lat' dir='ltr'><strong>libenter</strong></span> <span class='ocrx_word' id='word_1_500' title='bbox 3645 1149 3886 1206; x_wconf 74' lang='lat' dir='ltr'><strong>Zaccaria:</strong></span> 
     </span>
    </p>
   </div>
   <div class='ocr_carea' id='block_1_65' title="bbox 2274 1239 3884 1311">
    <p class='ocr_par' dir='ltr' id='par_1_65' title="bbox 2274 1239 3884 1311">
     <span class='ocr_line' id='line_1_68' title="bbox 2274 1239 3884 1311; baseline 0.002 -15"><span class='ocrx_word' id='word_1_501' title='bbox 2274 1255 2686 1310; x_wconf 88' lang='lat' dir='ltr'><strong>concessurum,</strong></span> <span class='ocrx_word' id='word_1_502' title='bbox 2716 1240 2763 1295; x_wconf 93' lang='lat' dir='ltr'><strong>si</strong></span> <span class='ocrx_word' id='word_1_503' title='bbox 2790 1254 2888 1311; x_wconf 89' lang='lat' dir='ltr'><strong>per</strong></span> <span class='ocrx_word' id='word_1_504' title='bbox 2909 1254 3089 1309; x_wconf 86' lang='lat' dir='ltr'><strong>regem</strong></span> <span class='ocrx_word' id='word_1_505' title='bbox 3122 1240 3310 1295; x_wconf 91' lang='lat' dir='ltr'><strong>liceat.</strong></span> <span class='ocrx_word' id='word_1_506' title='bbox 3348 1239 3581 1296; x_wconf 86' lang='lat' dir='ltr'><strong>Interea</strong></span> <span class='ocrx_word' id='word_1_507' title='bbox 3618 1242 3884 1300; x_wconf 83' lang='lat' dir='ltr'><strong>Burrielins</strong></span> 
     </span>
    </p>
   </div>
   <div class='ocr_carea' id='block_1_66' title="bbox 2274 1332 3879 1404">
    <p class='ocr_par' dir='ltr' id='par_1_66' title="bbox 2274 1332 3879 1404">
     <span class='ocr_line' id='line_1_69' title="bbox 2274 1332 3879 1404; baseline -0.001 -16"><span class='ocrx_word' id='word_1_508' title='bbox 2274 1333 2343 1388; x_wconf 89' lang='lat' dir='ltr'><strong>ab</strong></span> <span class='ocrx_word' id='word_1_509' title='bbox 2374 1332 2694 1389; x_wconf 89' lang='lat' dir='ltr'><strong>eruditionis</strong></span> <span class='ocrx_word' id='word_1_510' title='bbox 2714 1332 2905 1388; x_wconf 91' lang='lat' dir='ltr'><strong>studiis</strong></span> <span class='ocrx_word' id='word_1_511' title='bbox 2926 1332 3219 1403; x_wconf 89' lang='lat' dir='ltr'><strong>sepositus,</strong></span> <span class='ocrx_word' id='word_1_512' title='bbox 3253 1341 3452 1388; x_wconf 90' lang='lat' dir='ltr'><strong>totum</strong></span> <span class='ocrx_word' id='word_1_513' title='bbox 3486 1349 3552 1389; x_wconf 91' lang='lat' dir='ltr'><strong>se</strong></span> <span class='ocrx_word' id='word_1_514' title='bbox 3572 1335 3879 1404; x_wconf 69' lang='lat' dir='ltr'><strong>explicandae</strong></span> 
     </span>
    </p>
   </div>
   <div class='ocr_carea' id='block_1_67' title="bbox 2276 1423 3876 1497">
    <p class='ocr_par' dir='ltr' id='par_1_67' title="bbox 2276 1423 3876 1497">
     <span class='ocr_line' id='line_1_70' title="bbox 2276 1423 3876 1497; baseline -0.002 -14"><span class='ocrx_word' id='word_1_515' title='bbox 2276 1426 2564 1497; x_wconf 70' lang='lat' dir='ltr'><strong>theologia:</strong></span> <span class='ocrx_word' id='word_1_516' title='bbox 2601 1426 2960 1491; x_wconf 64' lang='lat' dir='ltr'><strong>scholasticae,</strong></span> <span class='ocrx_word' id='word_1_517' title='bbox 2986 1424 3211 1494; x_wconf 79' lang='lat' dir='ltr'><strong>aliisque</strong></span> <span class='ocrx_word' id='word_1_518' title='bbox 3241 1423 3571 1482; x_wconf 89' lang='lat' dir='ltr'><strong>Societatis</strong></span> <span class='ocrx_word' id='word_1_519' title='bbox 3594 1426 3876 1481; x_wconf 84' lang='lat' dir='ltr'><strong>ministeriis</strong></span> 
     </span>
    </p>
   </div>
   <div class='ocr_carea' id='block_1_68' title="bbox 2274 1520 3878 1593">
    <p class='ocr_par' dir='ltr' id='par_1_68' title="bbox 2274 1520 3878 1593">
     <span class='ocr_line' id='line_1_71' title="bbox 2274 1520 3878 1593; baseline -0.004 -13"><span class='ocrx_word' id='word_1_520' title='bbox 2274 1522 2542 1581; x_wconf 87' lang='lat' dir='ltr'><strong>obeundis</strong></span> <span class='ocrx_word' id='word_1_521' title='bbox 2591 1522 2925 1579; x_wconf 85' lang='lat' dir='ltr'><strong>tradiderat:</strong></span> <span class='ocrx_word' id='word_1_522' title='bbox 2959 1536 3275 1593; x_wconf 88' lang='lat' dir='ltr'><strong>quanquam</strong></span> <span class='ocrx_word' id='word_1_523' title='bbox 3316 1520 3507 1575; x_wconf 87' lang='lat' dir='ltr'><strong>etiam</strong></span> <span class='ocrx_word' id='word_1_524' title='bbox 3559 1535 3631 1575; x_wconf 90' lang='lat' dir='ltr'><strong>eo</strong></span> <span class='ocrx_word' id='word_1_525' title='bbox 3663 1527 3878 1589; x_wconf 86' lang='lat' dir='ltr'><strong>tempore</strong></span> 
     </span>
    </p>
   </div>
   <div class='ocr_carea' id='block_1_69' title="bbox 2273 1611 3876 1686">
    <p class='ocr_par' dir='ltr' id='par_1_69' title="bbox 2273 1611 3876 1686">
     <span class='ocr_line' id='line_1_72' title="bbox 2273 1611 3876 1686; baseline -0.004 -16"><span class='ocrx_word' id='word_1_526' title='bbox 2273 1614 2435 1671; x_wconf 90' lang='lat' dir='ltr'><strong>docta</strong></span> <span class='ocrx_word' id='word_1_527' title='bbox 2482 1614 2728 1686; x_wconf 63' lang='lat' dir='ltr'><strong>quaedam</strong></span> <span class='ocrx_word' id='word_1_528' title='bbox 2782 1628 2948 1686; x_wconf 89' lang='lat' dir='ltr'><strong>opera</strong></span> <span class='ocrx_word' id='word_1_529' title='bbox 3001 1613 3054 1668; x_wconf 90' lang='lat' dir='ltr'><strong>in</strong></span> <span class='ocrx_word' id='word_1_530' title='bbox 3104 1612 3303 1681; x_wconf 83' lang='lat' dir='ltr'><strong>vulgus</strong></span> <span class='ocrx_word' id='word_1_531' title='bbox 3356 1611 3570 1676; x_wconf 89' lang='lat' dir='ltr'><strong>emisit,</strong></span> <span class='ocrx_word' id='word_1_532' title='bbox 3616 1624 3876 1681; x_wconf 85' lang='lat' dir='ltr'><strong>suppresso</strong></span> 
     </span>
    </p>
   </div>
   <div class='ocr_carea' id='block_1_70' title="bbox 2272 1706 2749 1763">
    <p class='ocr_par' dir='ltr' id='par_1_70' title="bbox 2272 1706 2749 1763">
     <span class='ocr_line' id='line_1_73' title="bbox 2272 1706 2749 1763; baseline -0.008 0"><span class='ocrx_word' id='word_1_533' title='bbox 2272 1706 2484 1763; x_wconf 90' lang='lat' dir='ltr'><strong>scilicet</strong></span> <span class='ocrx_word' id='word_1_534' title='bbox 2507 1706 2749 1762; x_wconf 89' lang='lat' dir='ltr'><strong>nomine.</strong></span> 
     </span>
    </p>
   </div>
   <div class='ocr_carea' id='block_1_71' title="bbox 2344 1791 3872 1863">
    <p class='ocr_par' dir='ltr' id='par_1_71' title="bbox 2344 1791 3872 1863">
     <span class='ocr_line' id='line_1_74' title="bbox 2344 1791 3872 1863; baseline -0.005 -9"><span class='ocrx_word' id='word_1_535' title='bbox 2344 1800 2434 1854; x_wconf 87' lang='lat'><strong>77.</strong></span> <span class='ocrx_word' id='word_1_536' title='bbox 2486 1800 2679 1854; x_wconf 80' lang='lat' dir='ltr'><strong>Exstat</strong></span> <span class='ocrx_word' id='word_1_537' title='bbox 2731 1796 2893 1853; x_wconf 90' lang='lat' dir='ltr'><strong>simul</strong></span> <span class='ocrx_word' id='word_1_538' title='bbox 2939 1810 3061 1852; x_wconf 90' lang='lat' dir='ltr'><strong>cum</strong></span> <span class='ocrx_word' id='word_1_539' title='bbox 3138 1793 3221 1849; x_wconf 86' lang='lat' dir='ltr'><strong>his</strong></span> <span class='ocrx_word' id='word_1_540' title='bbox 3284 1791 3558 1863; x_wconf 86' lang='lat' dir='ltr'><strong>epistolis</strong></span> <span class='ocrx_word' id='word_1_541' title='bbox 3630 1791 3872 1861; x_wconf 84' lang='lat' dir='ltr'><strong>catalogus</strong></span> 
     </span>
    </p>
   </div>
   <div class='ocr_carea' id='block_1_72' title="bbox 2267 1885 3865 1963">
    <p class='ocr_par' dir='ltr' id='par_1_72' title="bbox 2267 1885 3865 1963">
     <span class='ocr_line' id='line_1_75' title="bbox 2267 1885 3865 1963; baseline -0.006 -16"><span class='ocrx_word' id='word_1_542' title='bbox 2267 1890 2504 1963; x_wconf 90' lang='lat' dir='ltr'><strong>Operum</strong></span> <span class='ocrx_word' id='word_1_543' title='bbox 2529 1889 2779 1945; x_wconf 85' lang='lat' dir='ltr'><strong>Burrielii</strong></span> <span class='ocrx_word' id='word_1_544' title='bbox 2808 1898 2931 1960; x_wconf 85' lang='lat' dir='ltr'><strong>post</strong></span> <span class='ocrx_word' id='word_1_545' title='bbox 2958 1887 3116 1955; x_wconf 83' lang='lat' dir='ltr'><strong>hujus</strong></span> <span class='ocrx_word' id='word_1_546' title='bbox 3144 1887 3367 1941; x_wconf 90' lang='lat' dir='ltr'><strong>obitum</strong></span> <span class='ocrx_word' id='word_1_547' title='bbox 3413 1885 3725 1952; x_wconf 83' lang='lat' dir='ltr'><strong>confectus,</strong></span> <span class='ocrx_word' id='word_1_548' title='bbox 3752 1901 3865 1955; x_wconf 89' lang='lat' dir='ltr'><strong>quo-</strong></span> 
     </span>
    </p>
   </div>
   <div class='ocr_carea' id='block_1_73' title="bbox 2266 1977 3862 2043">
    <p class='ocr_par' dir='ltr' id='par_1_73' title="bbox 2266 1977 3862 2043">
     <span class='ocr_line' id='line_1_76' title="bbox 2266 1977 3862 2043; baseline -0.008 -5"><span class='ocrx_word' id='word_1_549' title='bbox 2266 1998 2387 2038; x_wconf 90' lang='lat' dir='ltr'><strong>rum</strong></span> <span class='ocrx_word' id='word_1_550' title='bbox 2439 1982 2545 2037; x_wconf 89' lang='lat' dir='ltr'><strong>alia</strong></span> <span class='ocrx_word' id='word_1_551' title='bbox 2588 1982 2763 2037; x_wconf 90' lang='lat' dir='ltr'><strong>lucem</strong></span> <span class='ocrx_word' id='word_1_552' title='bbox 2789 1979 3063 2043; x_wconf 83' lang='lat' dir='ltr'><strong>viderant,</strong></span> <span class='ocrx_word' id='word_1_553' title='bbox 3114 1979 3218 2031; x_wconf 86' lang='lat' dir='ltr'><strong>alia</strong></span> <span class='ocrx_word' id='word_1_554' title='bbox 3249 1993 3395 2034; x_wconf 91' lang='lat' dir='ltr'><strong>mss.</strong></span> <span class='ocrx_word' id='word_1_555' title='bbox 3456 1977 3862 2031; x_wconf 86' lang='lat' dir='ltr'><strong>asservabantur.</strong></span> 
     </span>
    </p>
   </div>
   <div class='ocr_carea' id='block_1_74' title="bbox 2266 2071 3865 2133">
    <p class='ocr_par' dir='ltr' id='par_1_74' title="bbox 2266 2071 3865 2133">
     <span class='ocr_line' id='line_1_77' title="bbox 2266 2071 3865 2133; baseline -0.006 -2"><span class='ocrx_word' id='word_1_556' title='bbox 2266 2075 2447 2133; x_wconf 85' lang='lat' dir='ltr'><strong>Nostri</strong></span> <span class='ocrx_word' id='word_1_557' title='bbox 2472 2074 2705 2132; x_wconf 85' lang='lat' dir='ltr'><strong>instituti</strong></span> <span class='ocrx_word' id='word_1_558' title='bbox 2730 2082 2817 2130; x_wconf 88' lang='lat' dir='ltr'><strong>est</strong></span> <span class='ocrx_word' id='word_1_559' title='bbox 2838 2084 3042 2129; x_wconf 90' lang='lat' dir='ltr'><strong>tantum</strong></span> <span class='ocrx_word' id='word_1_560' title='bbox 3071 2072 3279 2127; x_wconf 80' lang='lat' dir='ltr'><strong>referre</strong></span> <span class='ocrx_word' id='word_1_561' title='bbox 3306 2071 3706 2127; x_wconf 90' lang='lat' dir='ltr'><strong>collectionem</strong></span> <span class='ocrx_word' id='word_1_562' title='bbox 3730 2083 3865 2123; x_wconf 86' lang='lat' dir='ltr'><strong>cano-</strong></span> 
     </span>
    </p>
   </div>
   <div class='ocr_carea' id='block_1_75' title="bbox 2267 2157 3865 2235">
    <p class='ocr_par' dir='ltr' id='par_1_75' title="bbox 2267 2157 3865 2235">
     <span class='ocr_line' id='line_1_78' title="bbox 2267 2157 3865 2235; baseline -0.008 -10"><span class='ocrx_word' id='word_1_563' title='bbox 2267 2170 2446 2225; x_wconf 89' lang='lat' dir='ltr'><strong>nicam</strong></span> <span class='ocrx_word' id='word_1_564' title='bbox 2511 2167 2837 2235; x_wconf 82' lang='lat' dir='ltr'><strong>Gothicam,</strong></span> <span class='ocrx_word' id='word_1_565' title='bbox 2907 2164 3216 2221; x_wconf 89' lang='lat' dir='ltr'><strong>collectioni</strong></span> <span class='ocrx_word' id='word_1_566' title='bbox 3299 2161 3513 2217; x_wconf 83' lang='lat' dir='ltr'><strong>lsidori</strong></span> <span class='ocrx_word' id='word_1_567' title='bbox 3581 2157 3865 2215; x_wconf 73' lang='lat' dir='ltr'><strong>Hercatoris</strong></span> 
     </span>
    </p>
   </div>
   <div class='ocr_carea' id='block_1_76' title="bbox 2266 2246 3859 2332">
    <p class='ocr_par' dir='ltr' id='par_1_76' title="bbox 2266 2246 3859 2332">
     <span class='ocr_line' id='line_1_79' title="bbox 2266 2246 3859 2332; baseline -0.01 -15"><span class='ocrx_word' id='word_1_568' title='bbox 2266 2260 2573 2332; x_wconf 89' lang='lat' dir='ltr'><strong>oppositam</strong></span> <span class='ocrx_word' id='word_1_569' title='bbox 2620 2258 2783 2315; x_wconf 89' lang='lat' dir='ltr'><strong>tomis</strong></span> <span class='ocrx_word' id='word_1_570' title='bbox 2818 2255 2884 2312; x_wconf 77' lang='lat' dir='ltr'><strong>IV</strong></span> <span class='ocrx_word' id='word_1_571' title='bbox 2915 2257 2967 2312; x_wconf 92' lang='lat' dir='ltr'><strong>in</strong></span> <span class='ocrx_word' id='word_1_572' title='bbox 3002 2255 3118 2320; x_wconf 87' lang='lat' dir='ltr'><strong>fol.,</strong></span> <span class='ocrx_word' id='word_1_573' title='bbox 3169 2256 3493 2311; x_wconf 83' lang='lat' dir='ltr'><strong>absolutam</strong></span> <span class='ocrx_word' id='word_1_574' title='bbox 3544 2266 3688 2307; x_wconf 87' lang='lat' dir='ltr'><strong>anno</strong></span> <span class='ocrx_word' id='word_1_575' title='bbox 3727 2246 3859 2311; x_wconf 66' lang='grc'><strong>1754,</strong></span> 
     </span>
    </p>
   </div>
   <div class='ocr_carea' id='block_1_77' title="bbox 2264 2340 3859 2409">
    <p class='ocr_par' dir='ltr' id='par_1_77' title="bbox 2264 2340 3859 2409">
     <span class='ocr_line' id='line_1_80' title="bbox 2264 2340 3859 2409; baseline -0.009 0"><span class='ocrx_word' id='word_1_576' title='bbox 2264 2368 2368 2409; x_wconf 88' lang='lat' dir='ltr'><strong>ms.</strong></span> <span class='ocrx_word' id='word_1_577' title='bbox 2399 2351 2816 2409; x_wconf 90' lang='lat' dir='ltr'><strong>Dissertationes</strong></span> <span class='ocrx_word' id='word_1_578' title='bbox 2854 2366 2981 2405; x_wconf 86' lang='lat' dir='ltr'><strong>mss.</strong></span> <span class='ocrx_word' id='word_1_579' title='bbox 3014 2349 3080 2403; x_wconf 91' lang='lat' dir='ltr'><strong>de</strong></span> <span class='ocrx_word' id='word_1_580' title='bbox 3111 2348 3213 2401; x_wconf 88' lang='lat' dir='ltr'><strong>hac</strong></span> <span class='ocrx_word' id='word_1_581' title='bbox 3243 2346 3597 2402; x_wconf 89' lang='lat' dir='ltr'><strong>collectione</strong></span> <span class='ocrx_word' id='word_1_582' title='bbox 3630 2340 3859 2400; x_wconf 84' lang='lat' dir='ltr'><strong>canonica</strong></span> 
     </span>
    </p>
   </div>
   <div class='ocr_carea' id='block_1_78' title="bbox 2264 2435 3856 2513">
    <p class='ocr_par' dir='ltr' id='par_1_78' title="bbox 2264 2435 3856 2513">
     <span class='ocr_line' id='line_1_81' title="bbox 2264 2435 3856 2513; baseline -0.011 -11"><span class='ocrx_word' id='word_1_583' title='bbox 2264 2444 2519 2513; x_wconf 87' lang='lat' dir='ltr'><strong>Gothica,</strong></span> <span class='ocrx_word' id='word_1_584' title='bbox 2570 2452 2627 2500; x_wconf 91' lang='lat' dir='ltr'><strong>et</strong></span> <span class='ocrx_word' id='word_1_585' title='bbox 2670 2451 2859 2499; x_wconf 85' lang='lat' dir='ltr'><strong>contra</strong></span> <span class='ocrx_word' id='word_1_586' title='bbox 2907 2442 3097 2497; x_wconf 89' lang='lat' dir='ltr'><strong>Cennii</strong></span> <span class='ocrx_word' id='word_1_587' title='bbox 3145 2455 3396 2495; x_wconf 90' lang='lat' dir='ltr'><strong>errores.</strong></span> <span class='ocrx_word' id='word_1_588' title='bbox 3435 2435 3856 2493; x_wconf 82' lang='lat' dir='ltr'><strong>Dissertationem</strong></span> 
     </span>
    </p>
   </div>
   <div class='ocr_carea' id='block_1_79' title="bbox 2265 2524 3855 2603">
    <p class='ocr_par' dir='ltr' id='par_1_79' title="bbox 2265 2524 3855 2603">
     <span class='ocr_line' id='line_1_82' title="bbox 2265 2524 3855 2603; baseline -0.011 -10"><span class='ocrx_word' id='word_1_589' title='bbox 2265 2551 2371 2593; x_wconf 86' lang='lat' dir='ltr'><strong>ms.</strong></span> <span class='ocrx_word' id='word_1_590' title='bbox 2402 2535 2471 2591; x_wconf 90' lang='lat' dir='ltr'><strong>de</strong></span> <span class='ocrx_word' id='word_1_591' title='bbox 2499 2534 2686 2589; x_wconf 87' lang='lat' dir='ltr'><strong>Bibliis</strong></span> <span class='ocrx_word' id='word_1_592' title='bbox 2705 2534 2898 2603; x_wconf 90' lang='lat' dir='ltr'><strong>quibus</strong></span> <span class='ocrx_word' id='word_1_593' title='bbox 2927 2531 3115 2587; x_wconf 87' lang='lat' dir='ltr'><strong>lsidori</strong></span> <span class='ocrx_word' id='word_1_594' title='bbox 3152 2539 3323 2585; x_wconf 62' lang='lat' dir='ltr'><strong>aetate</strong></span> <span class='ocrx_word' id='word_1_595' title='bbox 3356 2545 3459 2585; x_wconf 89' lang='lat' dir='ltr'><strong>usa</strong></span> <span class='ocrx_word' id='word_1_596' title='bbox 3491 2538 3579 2584; x_wconf 90' lang='lat' dir='ltr'><strong>est</strong></span> <span class='ocrx_word' id='word_1_597' title='bbox 3609 2524 3855 2596; x_wconf 82' lang='lat' dir='ltr'><strong>Hispania,</strong></span> 
     </span>
    </p>
   </div>
   <div class='ocr_carea' id='block_1_80' title="bbox 2265 2616 3853 2696">
    <p class='ocr_par' dir='ltr' id='par_1_80' title="bbox 2265 2616 3853 2696">
     <span class='ocr_line' id='line_1_83' title="bbox 2265 2616 3853 2696; baseline -0.009 -13"><span class='ocrx_word' id='word_1_598' title='bbox 2265 2642 2408 2683; x_wconf 89' lang='lat' dir='ltr'><strong>anno</strong></span> <span class='ocrx_word' id='word_1_599' title='bbox 2440 2624 2601 2681; x_wconf 79' lang='grc'>1759.</span> <span class='ocrx_word' id='word_1_600' title='bbox 2650 2624 2944 2695; x_wconf 88' lang='lat' dir='ltr'><strong>Epistolam</strong></span> <span class='ocrx_word' id='word_1_601' title='bbox 2976 2624 3139 2696; x_wconf 77' lang='lat'><strong>326</strong></span> <span class='ocrx_word' id='word_1_602' title='bbox 3164 2639 3269 2677; x_wconf 86' lang='lat' dir='ltr'><strong>ms.</strong></span> <span class='ocrx_word' id='word_1_603' title='bbox 3306 2622 3377 2677; x_wconf 89' lang='lat' dir='ltr'><strong>ad</strong></span> <span class='ocrx_word' id='word_1_604' title='bbox 3410 2622 3478 2677; x_wconf 82' lang='grc' dir='ltr'><strong>Ι).</strong></span> <span class='ocrx_word' id='word_1_605' title='bbox 3506 2620 3761 2677; x_wconf 83' lang='lat' dir='ltr'><strong>Joannem</strong></span> <span class='ocrx_word' id='word_1_606' title='bbox 3800 2616 3853 2670; x_wconf 86' lang='lat' dir='ltr'><strong>de</strong></span> 
     </span>
    </p>
   </div>
   <div class='ocr_carea' id='block_1_81' title="bbox 2266 2704 3850 2792">
    <p class='ocr_par' dir='ltr' id='par_1_81' title="bbox 2266 2704 3850 2792">
     <span class='ocr_line' id='line_1_84' title="bbox 2266 2704 3850 2792; baseline -0.01 -16"><span class='ocrx_word' id='word_1_607' title='bbox 2266 2721 2473 2792; x_wconf 79' lang='lat' dir='ltr'><strong>Amaya</strong></span> <span class='ocrx_word' id='word_1_608' title='bbox 2502 2718 2570 2775; x_wconf 91' lang='lat' dir='ltr'><strong>de</strong></span> <span class='ocrx_word' id='word_1_609' title='bbox 2609 2717 2842 2788; x_wconf 84' lang='lat' dir='ltr'><strong>Legibus</strong></span> <span class='ocrx_word' id='word_1_610' title='bbox 2880 2716 3170 2787; x_wconf 65' lang='lat' dir='ltr'><strong>Hispaniae.</strong></span> <span class='ocrx_word' id='word_1_611' title='bbox 3218 2713 3537 2785; x_wconf 75' lang='lat' dir='ltr'><strong>Epistolam</strong></span> <span class='ocrx_word' id='word_1_612' title='bbox 3575 2711 3643 2767; x_wconf 90' lang='lat' dir='ltr'><strong>ad</strong></span> <span class='ocrx_word' id='word_1_613' title='bbox 3687 2709 3746 2764; x_wconf 84' lang='grc' dir='ltr'><strong>Ι).</strong></span> <span class='ocrx_word' id='word_1_614' title='bbox 3768 2704 3850 2761; x_wconf 84' lang='lat' dir='ltr'><strong>Pe-</strong></span> 
     </span>
    </p>
   </div>
   <div class='ocr_carea' id='block_1_82' title="bbox 2265 2798 3847 2878">
    <p class='ocr_par' dir='ltr' id='par_1_82' title="bbox 2265 2798 3847 2878">
     <span class='ocr_line' id='line_1_85' title="bbox 2265 2798 3847 2878; baseline -0.009 -11"><span class='ocrx_word' id='word_1_615' title='bbox 2265 2819 2407 2867; x_wconf 85' lang='lat' dir='ltr'><strong>trum</strong></span> <span class='ocrx_word' id='word_1_616' title='bbox 2434 2811 2502 2866; x_wconf 93' lang='lat' dir='ltr'><strong>de</strong></span> <span class='ocrx_word' id='word_1_617' title='bbox 2529 2809 2720 2865; x_wconf 88' lang='lat' dir='ltr'><strong>Castro</strong></span> <span class='ocrx_word' id='word_1_618' title='bbox 2764 2809 2831 2864; x_wconf 90' lang='lat' dir='ltr'><strong>de</strong></span> <span class='ocrx_word' id='word_1_619' title='bbox 2863 2808 3093 2878; x_wconf 84' lang='lat' dir='ltr'><strong>Legibus</strong></span> <span class='ocrx_word' id='word_1_620' title='bbox 3121 2807 3412 2863; x_wconf 89' lang='lat' dir='ltr'><strong>canonicis</strong></span> <span class='ocrx_word' id='word_1_621' title='bbox 3444 2803 3732 2876; x_wconf 66' lang='lat' dir='ltr'><strong>Hispaniae.</strong></span> <span class='ocrx_word' id='word_1_622' title='bbox 3761 2798 3847 2854; x_wconf 82' lang='lat' dir='ltr'><strong>Fo-</strong></span> 
     </span>
    </p>
   </div>
   <div class='ocr_carea' id='block_1_83' title="bbox 2264 2894 3848 2973">
    <p class='ocr_par' dir='ltr' id='par_1_83' title="bbox 2264 2894 3848 2973">
     <span class='ocr_line' id='line_1_86' title="bbox 2264 2894 3848 2973; baseline -0.009 -13"><span class='ocrx_word' id='word_1_623' title='bbox 2264 2920 2386 2960; x_wconf 86' lang='lat' dir='ltr'><strong>rum</strong></span> <span class='ocrx_word' id='word_1_624' title='bbox 2410 2900 2660 2958; x_wconf 88' lang='lat' dir='ltr'><strong>Judicum</strong></span> <span class='ocrx_word' id='word_1_625' title='bbox 2679 2900 2950 2973; x_wconf 59' lang='lat' dir='ltr'><strong>Hispaniae</strong></span> <span class='ocrx_word' id='word_1_626' title='bbox 2976 2916 3098 2957; x_wconf 91' lang='lat' dir='ltr'><strong>cum</strong></span> <span class='ocrx_word' id='word_1_627' title='bbox 3122 2901 3265 2956; x_wconf 91' lang='lat' dir='ltr'><strong>notis</strong></span> <span class='ocrx_word' id='word_1_628' title='bbox 3283 2908 3342 2957; x_wconf 90' lang='lat' dir='ltr'><strong>et</strong></span> <span class='ocrx_word' id='word_1_629' title='bbox 3363 2899 3535 2955; x_wconf 86' lang='lat' dir='ltr'><strong>variis</strong></span> <span class='ocrx_word' id='word_1_630' title='bbox 3558 2894 3848 2954; x_wconf 70' lang='lat' dir='ltr'><strong>lectionibus</strong></span> 
     </span>
    </p>
   </div>
   <div class='ocr_carea' id='block_1_84' title="bbox 2265 3012 3272 3121">
    <p class='ocr_par' dir='ltr' id='par_1_84' title="bbox 2265 3012 3272 3121">
     <span class='ocr_line' id='line_1_87' title="bbox 2265 3012 3272 3121; baseline -0.001 0"><span class='ocrx_word' id='word_1_631' title='bbox 2265 3012 2394 3053; x_wconf 60' lang='grc'><strong>³³⁸⁸⁸</strong></span> <span class='ocrx_word' id='word_1_632' title='bbox 2834 3062 3068 3121; x_wconf 80' lang='lat' dir='ltr'><strong>CAPUT</strong></span> <span class='ocrx_word' id='word_1_633' title='bbox 3132 3062 3272 3120; x_wconf 81' lang='lat' dir='ltr'><strong>xu.</strong></span> 
     </span>
    </p>
   </div>
   <div class='ocr_carea' id='block_1_85' title="bbox 2264 3155 3842 3233">
    <p class='ocr_par' dir='ltr' id='par_1_85' title="bbox 2264 3155 3842 3233">
     <span class='ocr_line' id='line_1_88' title="bbox 2264 3155 3842 3233; baseline -0.008 -14"><span class='ocrx_word' id='word_1_634' title='bbox 2264 3163 2585 3219; x_wconf 86' lang='lat' dir='ltr'><strong>Franciscus</strong></span> <span class='ocrx_word' id='word_1_635' title='bbox 2604 3162 2859 3233; x_wconf 76' lang='lat' dir='ltr'><strong>Antonius</strong></span> <span class='ocrx_word' id='word_1_636' title='bbox 2887 3160 3143 3215; x_wconf 75' lang='lat' dir='ltr'><strong>Zaccan’a</strong></span> <span class='ocrx_word' id='word_1_637' title='bbox 3172 3170 3522 3233; x_wconf 82' lang='lat' dir='ltr'><strong>conspectum</strong></span> <span class='ocrx_word' id='word_1_638' title='bbox 3550 3170 3658 3216; x_wconf 74' lang='lat' dir='ltr'><strong>suat</strong></span> <span class='ocrx_word' id='word_1_639' title='bbox 3683 3155 3842 3212; x_wconf 54' lang='lat' dir='ltr'><strong>editiw</strong></span> 
     </span>
    </p>
   </div>
   <div class='ocr_carea' id='block_1_86' title="bbox 2591 3231 3528 3303">
    <p class='ocr_par' dir='ltr' id='par_1_86' title="bbox 2591 3231 3528 3303">
     <span class='ocr_line' id='line_1_89' title="bbox 2591 3231 3528 3303; baseline -0.001 -15"><span class='ocrx_word' id='word_1_640' title='bbox 2591 3235 2671 3288; x_wconf 88' lang='lat' dir='ltr'><strong>nis</strong></span> <span class='ocrx_word' id='word_1_641' title='bbox 2703 3231 3020 3288; x_wconf 75' lang='lat' dir='ltr'><strong>Isidorianw</strong></span> <span class='ocrx_word' id='word_1_642' title='bbox 3046 3233 3181 3303; x_wconf 81' lang='lat' dir='ltr'><strong>typis</strong></span> <span class='ocrx_word' id='word_1_643' title='bbox 3213 3231 3528 3288; x_wconf 77' lang='lat' dir='ltr'><strong>conmittit.</strong></span> 
     </span>
    </p>
   </div>
   <div class='ocr_carea' id='block_1_87' title="bbox 2338 3342 3837 3418">
    <p class='ocr_par' dir='ltr' id='par_1_87' title="bbox 2338 3342 3837 3418">
     <span class='ocr_line' id='line_1_90' title="bbox 2338 3342 3837 3418; baseline -0.006 -10"><span class='ocrx_word' id='word_1_644' title='bbox 2338 3353 2391 3408; x_wconf 81' lang='grc' dir='ltr'><strong>Ι.</strong></span> <span class='ocrx_word' id='word_1_645' title='bbox 2433 3349 2551 3407; x_wconf 86' lang='grc' dir='ltr'>Νοιι</span> <span class='ocrx_word' id='word_1_646' title='bbox 2606 3350 2822 3407; x_wconf 92' lang='lat' dir='ltr'><strong>invenio</strong></span> <span class='ocrx_word' id='word_1_647' title='bbox 2877 3350 2931 3406; x_wconf 91' lang='lat' dir='ltr'><strong>in</strong></span> <span class='ocrx_word' id='word_1_648' title='bbox 2980 3350 3243 3406; x_wconf 70' lang='lat' dir='ltr'><strong>Zaccariae</strong></span> <span class='ocrx_word' id='word_1_649' title='bbox 3314 3350 3536 3408; x_wconf 87' lang='lat' dir='ltr'><strong>schedis</strong></span> <span class='ocrx_word' id='word_1_650' title='bbox 3578 3342 3837 3418; x_wconf 78' lang='lat' dir='ltr'><strong>quidquam</strong></span> 
     </span>
    </p>
   </div>
   <div class='ocr_carea' id='block_1_88' title="bbox 2262 3440 3838 3518">
    <p class='ocr_par' dir='ltr' id='par_1_88' title="bbox 2262 3440 3838 3518">
     <span class='ocr_line' id='line_1_91' title="bbox 2262 3440 3838 3518; baseline -0.01 -15"><span class='ocrx_word' id='word_1_651' title='bbox 2262 3446 2409 3504; x_wconf 92' lang='lat' dir='ltr'><strong>aliud</strong></span> <span class='ocrx_word' id='word_1_652' title='bbox 2455 3448 2598 3503; x_wconf 89' lang='lat' dir='ltr'><strong>inter</strong></span> <span class='ocrx_word' id='word_1_653' title='bbox 2642 3448 2817 3518; x_wconf 91' lang='lat' dir='ltr'><strong>ipsum</strong></span> <span class='ocrx_word' id='word_1_654' title='bbox 2873 3453 2929 3501; x_wconf 90' lang='lat' dir='ltr'><strong>et</strong></span> <span class='ocrx_word' id='word_1_655' title='bbox 2974 3445 3301 3501; x_wconf 83' lang='lat' dir='ltr'><strong>Burrielium</strong></span> <span class='ocrx_word' id='word_1_656' title='bbox 3358 3445 3431 3502; x_wconf 91' lang='lat' dir='ltr'><strong>de</strong></span> <span class='ocrx_word' id='word_1_657' title='bbox 3489 3440 3679 3499; x_wconf 86' lang='lat' dir='ltr'><strong>lsidori</strong></span> <span class='ocrx_word' id='word_1_658' title='bbox 3722 3444 3838 3491; x_wconf 79' lang='lat' dir='ltr'><strong>nova</strong></span> 
     </span>
    </p>
   </div>
   <div class='ocr_carea' id='block_1_89' title="bbox 2262 3524 3834 3611">
    <p class='ocr_par' dir='ltr' id='par_1_89' title="bbox 2262 3524 3834 3611">
     <span class='ocr_line' id='line_1_92' title="bbox 2262 3524 3834 3611; baseline -0.006 -16"><span class='ocrx_word' id='word_1_659' title='bbox 2262 3539 2499 3601; x_wconf 74' lang='lat' dir='ltr'><strong>ediiione</strong></span> <span class='ocrx_word' id='word_1_660' title='bbox 2526 3538 2863 3611; x_wconf 87' lang='lat' dir='ltr'><strong>procuranda</strong></span> <span class='ocrx_word' id='word_1_661' title='bbox 2911 3545 3198 3593; x_wconf 89' lang='lat' dir='ltr'><strong>tractatum</strong></span> <span class='ocrx_word' id='word_1_662' title='bbox 3231 3537 3424 3593; x_wconf 88' lang='lat' dir='ltr'><strong>fuisse.</strong></span> <span class='ocrx_word' id='word_1_663' title='bbox 3459 3531 3700 3591; x_wconf 91' lang='lat' dir='ltr'><strong>Burrielii</strong></span> <span class='ocrx_word' id='word_1_664' title='bbox 3734 3524 3834 3597; x_wconf 80' lang='lat' dir='ltr'><strong>qni-</strong></span> 
     </span>
    </p>
   </div>
   <div class='ocr_carea' id='block_1_90' title="bbox 2262 3620 3835 3706">
    <p class='ocr_par' dir='ltr' id='par_1_90' title="bbox 2262 3620 3835 3706">
     <span class='ocr_line' id='line_1_93' title="bbox 2262 3620 3835 3706; baseline -0.011 -16"><span class='ocrx_word' id='word_1_665' title='bbox 2262 3635 2387 3690; x_wconf 92' lang='lat' dir='ltr'><strong>dem</strong></span> <span class='ocrx_word' id='word_1_666' title='bbox 2437 3634 2864 3701; x_wconf 87' lang='lat' dir='ltr'><strong>lucubrationes,</strong></span> <span class='ocrx_word' id='word_1_667' title='bbox 2918 3642 2976 3689; x_wconf 93' lang='lat' dir='ltr'><strong>ut</strong></span> <span class='ocrx_word' id='word_1_668' title='bbox 3021 3632 3133 3703; x_wconf 90' lang='lat' dir='ltr'><strong>jam</strong></span> <span class='ocrx_word' id='word_1_669' title='bbox 3181 3648 3249 3687; x_wconf 76' lang='lat' dir='ltr'><strong>ex</strong></span> <span class='ocrx_word' id='word_1_670' title='bbox 3303 3632 3539 3706; x_wconf 85' lang='lat' dir='ltr'><strong>Bayerio</strong></span> <span class='ocrx_word' id='word_1_671' title='bbox 3588 3625 3753 3690; x_wconf 87' lang='lat' dir='ltr'><strong>retuli,</strong></span> <span class='ocrx_word' id='word_1_672' title='bbox 3790 3620 3835 3675; x_wconf 86' lang='lat' dir='ltr'><strong>in</strong></span> 
     </span>
    </p>
   </div>
   <div class='ocr_carea' id='block_1_91' title="bbox 2262 3716 3833 3795">
    <p class='ocr_par' dir='ltr' id='par_1_91' title="bbox 2262 3716 3833 3795">
     <span class='ocr_line' id='line_1_94' title="bbox 2262 3716 3833 3795; baseline -0.006 -12"><span class='ocrx_word' id='word_1_673' title='bbox 2262 3727 2644 3783; x_wconf 87' lang='lat' dir='ltr'><strong>bibliothecam</strong></span> <span class='ocrx_word' id='word_1_674' title='bbox 2674 3727 2878 3795; x_wconf 89' lang='lat' dir='ltr'><strong>regiam</strong></span> <span class='ocrx_word' id='word_1_675' title='bbox 2904 3725 3272 3781; x_wconf 78' lang='lat' dir='ltr'><strong>Matritensem</strong></span> <span class='ocrx_word' id='word_1_676' title='bbox 3306 3742 3506 3782; x_wconf 88' lang='lat' dir='ltr'><strong>onmes</strong></span> <span class='ocrx_word' id='word_1_677' title='bbox 3526 3723 3709 3779; x_wconf 76' lang='lat' dir='ltr'><strong>delata:</strong></span> <span class='ocrx_word' id='word_1_678' title='bbox 3733 3716 3833 3771; x_wconf 82' lang='lat' dir='ltr'><strong>fue-</strong></span> 
     </span>
    </p>
   </div>
   <div class='ocr_carea' id='block_1_92' title="bbox 2261 3804 3833 3887">
    <p class='ocr_par' dir='ltr' id='par_1_92' title="bbox 2261 3804 3833 3887">
     <span class='ocr_line' id='line_1_95' title="bbox 2261 3804 3833 3887; baseline -0.01 -13"><span class='ocrx_word' id='word_1_679' title='bbox 2261 3828 2404 3885; x_wconf 90' lang='lat' dir='ltr'><strong>runt,</strong></span> <span class='ocrx_word' id='word_1_680' title='bbox 2466 3819 2520 3874; x_wconf 90' lang='lat' dir='ltr'><strong>in</strong></span> <span class='ocrx_word' id='word_1_681' title='bbox 2575 3832 2749 3887; x_wconf 91' lang='lat' dir='ltr'><strong>eaque</strong></span> <span class='ocrx_word' id='word_1_682' title='bbox 2801 3826 3171 3873; x_wconf 87' lang='lat' dir='ltr'><strong>asservautur.</strong></span> <span class='ocrx_word' id='word_1_683' title='bbox 3230 3816 3451 3872; x_wconf 83' lang='lat' dir='ltr'><strong>Interea</strong></span> <span class='ocrx_word' id='word_1_684' title='bbox 3509 3810 3745 3869; x_wconf 84' lang='lat' dir='ltr'><strong>Zaccaria</strong></span> <span class='ocrx_word' id='word_1_685' title='bbox 3789 3804 3833 3859; x_wconf 87' lang='lat' dir='ltr'><strong>in</strong></span> 
     </span>
    </p>
   </div>
   <div class='ocr_carea' id='block_1_93' title="bbox 2202 3900 3829 3983">
    <p class='ocr_par' dir='ltr' id='par_1_93' title="bbox 2202 3900 3829 3983">
     <span class='ocr_line' id='line_1_96' title="bbox 2202 3900 3829 3983; baseline -0.01 -15"><span class='ocrx_word' id='word_1_686' title='bbox 2202 3980 2205 3983; x_wconf 95' lang='lat'><em>_</em></span> <span class='ocrx_word' id='word_1_687' title='bbox 2259 3926 2413 3967; x_wconf 87' lang='lat' dir='ltr'><strong>suum</strong></span> <span class='ocrx_word' id='word_1_688' title='bbox 2462 3926 2600 3981; x_wconf 89' lang='lat' dir='ltr'><strong>opus</strong></span> <span class='ocrx_word' id='word_1_689' title='bbox 2655 3926 2762 3966; x_wconf 92' lang='lat' dir='ltr'><strong>non</strong></span> <span class='ocrx_word' id='word_1_690' title='bbox 2817 3910 3053 3979; x_wconf 81' lang='lat' dir='ltr'><strong>segniter</strong></span> <span class='ocrx_word' id='word_1_691' title='bbox 3098 3909 3455 3965; x_wconf 90' lang='lat' dir='ltr'><strong>incumbebat</strong></span> <span class='ocrx_word' id='word_1_692' title='bbox 3488 3926 3501 3962; x_wconf 93' lang='lat'><strong>:</strong></span> <span class='ocrx_word' id='word_1_693' title='bbox 3533 3922 3596 3962; x_wconf 89' lang='lat' dir='ltr'><strong>ac</strong></span> <span class='ocrx_word' id='word_1_694' title='bbox 3642 3900 3829 3958; x_wconf 84' lang='lat' dir='ltr'><strong>tandem</strong></span> 
     </span>
    </p>
   </div>
   <div class='ocr_carea' id='block_1_94' title="bbox 2259 3991 3830 4073">
    <p class='ocr_par' dir='ltr' id='par_1_94' title="bbox 2259 3991 3830 4073">
     <span class='ocr_line' id='line_1_97' title="bbox 2259 3991 3830 4073; baseline -0.006 -15"><span class='ocrx_word' id='word_1_695' title='bbox 2259 4004 2486 4060; x_wconf 89' lang='lat' dir='ltr'><strong>consilia</strong></span> <span class='ocrx_word' id='word_1_696' title='bbox 2506 4016 2603 4058; x_wconf 88' lang='lat' dir='ltr'><strong>sua</strong></span> <span class='ocrx_word' id='word_1_697' title='bbox 2623 4003 2742 4059; x_wconf 90' lang='lat' dir='ltr'><strong>orbi</strong></span> <span class='ocrx_word' id='word_1_698' title='bbox 2764 4002 3028 4057; x_wconf 88' lang='lat' dir='ltr'><strong>litterario</strong></span> <span class='ocrx_word' id='word_1_699' title='bbox 3052 4000 3336 4073; x_wconf 87' lang='lat' dir='ltr'><strong>patefecit,</strong></span> <span class='ocrx_word' id='word_1_700' title='bbox 3350 4002 3659 4071; x_wconf 88' lang='lat' dir='ltr'><strong>Conspectu</strong></span> <span class='ocrx_word' id='word_1_701' title='bbox 3684 3991 3830 4051; x_wconf 74' lang='lat' dir='ltr'><strong>edito.</strong></span> 
     </span>
    </p>
   </div>
   <div class='ocr_carea' id='block_1_95' title="bbox 2257 4091 3826 4165">
    <p class='ocr_par' dir='ltr' id='par_1_95' title="bbox 2257 4091 3826 4165">
     <span class='ocr_line' id='line_1_98' title="bbox 2257 4091 3826 4165; baseline -0.01 -14"><span class='ocrx_word' id='word_1_702' title='bbox 2257 4095 2411 4165; x_wconf 85' lang='lat' dir='ltr'><strong>cujus</strong></span> <span class='ocrx_word' id='word_1_703' title='bbox 2438 4095 2653 4164; x_wconf 90' lang='lat' dir='ltr'><strong>quidem</strong></span> <span class='ocrx_word' id='word_1_704' title='bbox 2691 4094 2895 4149; x_wconf 91' lang='lat' dir='ltr'><strong>nullum</strong></span> <span class='ocrx_word' id='word_1_705' title='bbox 2927 4094 3148 4149; x_wconf 92' lang='lat' dir='ltr'><strong>omnino</strong></span> <span class='ocrx_word' id='word_1_706' title='bbox 3191 4091 3339 4163; x_wconf 85' lang='lat' dir='ltr'><strong>apud</strong></span> <span class='ocrx_word' id='word_1_707' title='bbox 3373 4099 3648 4147; x_wconf 88' lang='lat' dir='ltr'><strong>auctorem</strong></span> <span class='ocrx_word' id='word_1_708' title='bbox 3670 4094 3826 4139; x_wconf 85' lang='lat' dir='ltr'><strong>exem-</strong></span> 
     </span>
    </p>
   </div>
   <div class='ocr_carea' id='block_1_96' title="bbox 2257 4166 3828 4262">
    <p class='ocr_par' dir='ltr' id='par_1_96' title="bbox 2257 4166 3828 4262">
     <span class='ocr_line' id='line_1_99' title="bbox 2257 4166 3828 4262; baseline -0.011 -16"><span class='ocrx_word' id='word_1_709' title='bbox 2257 4190 2405 4262; x_wconf 91' lang='lat' dir='ltr'><strong>plum</strong></span> <span class='ocrx_word' id='word_1_710' title='bbox 2436 4196 2729 4254; x_wconf 87' lang='lat' dir='ltr'><strong>manserat,</strong></span> <span class='ocrx_word' id='word_1_711' title='bbox 2763 4188 2863 4243; x_wconf 91' lang='lat' dir='ltr'><strong>nisi</strong></span> <span class='ocrx_word' id='word_1_712' title='bbox 2889 4186 3159 4257; x_wconf 83' lang='lat' dir='ltr'><strong>quoddam</strong></span> <span class='ocrx_word' id='word_1_713' title='bbox 3190 4186 3589 4257; x_wconf 88' lang='lat' dir='ltr'><strong>autographum</strong></span> <span class='ocrx_word' id='word_1_714' title='bbox 3612 4166 3828 4236; x_wconf 84' lang='lat' dir='ltr'><strong>nonnihil</strong></span> 
     </span>
    </p>
   </div>
   <div class='ocr_carea' id='block_1_97' title="bbox 2256 4265 3827 4353">
    <p class='ocr_par' dir='ltr' id='par_1_97' title="bbox 2256 4265 3827 4353">
     <span class='ocr_line' id='line_1_100' title="bbox 2256 4265 3827 4353; baseline -0.015 -15"><span class='ocrx_word' id='word_1_715' title='bbox 2256 4283 2325 4338; x_wconf 91' lang='lat' dir='ltr'><strong>ab</strong></span> <span class='ocrx_word' id='word_1_716' title='bbox 2342 4282 2492 4338; x_wconf 70' lang='lat' dir='ltr'><strong>edito</strong></span> <span class='ocrx_word' id='word_1_717' title='bbox 2504 4280 2834 4352; x_wconf 90' lang='lat' dir='ltr'><strong>discrepans.</strong></span> <span class='ocrx_word' id='word_1_718' title='bbox 2849 4279 2954 4335; x_wconf 84' lang='lat' dir='ltr'><strong>Sed</strong></span> <span class='ocrx_word' id='word_1_719' title='bbox 2972 4294 3071 4350; x_wconf 91' lang='lat' dir='ltr'><strong>ego</strong></span> <span class='ocrx_word' id='word_1_720' title='bbox 3082 4289 3436 4353; x_wconf 87' lang='lat' dir='ltr'><strong>conspectum</strong></span> <span class='ocrx_word' id='word_1_721' title='bbox 3449 4277 3591 4347; x_wconf 84' lang='lat' dir='ltr'><strong>typis</strong></span> <span class='ocrx_word' id='word_1_722' title='bbox 3605 4265 3827 4329; x_wconf 74' lang='lat' dir='ltr'><strong>commis-</strong></span> 
     </span>
    </p>
   </div>
   <div class='ocr_carea' id='block_1_98' title="bbox 2255 4353 3821 4442">
    <p class='ocr_par' dir='ltr' id='par_1_98' title="bbox 2255 4353 3821 4442">
     <span class='ocr_line' id='line_1_101' title="bbox 2255 4353 3821 4442; baseline -0.01 -11"><span class='ocrx_word' id='word_1_723' title='bbox 2255 4390 2372 4431; x_wconf 90' lang='lat' dir='ltr'><strong>sum</strong></span> <span class='ocrx_word' id='word_1_724' title='bbox 2405 4382 2593 4429; x_wconf 89' lang='lat' dir='ltr'><strong>nactus</strong></span> <span class='ocrx_word' id='word_1_725' title='bbox 2626 4387 2851 4428; x_wconf 90' lang='lat' dir='ltr'><strong>munere</strong></span> <span class='ocrx_word' id='word_1_726' title='bbox 2874 4372 2935 4426; x_wconf 69' lang='grc' dir='ltr'><strong>ν.</strong></span> <span class='ocrx_word' id='word_1_727' title='bbox 2952 4372 3014 4427; x_wconf 90' lang='lat' dir='ltr'><strong>C.</strong></span> <span class='ocrx_word' id='word_1_728' title='bbox 3036 4371 3336 4428; x_wconf 89' lang='lat' dir='ltr'><strong>doctissimi</strong></span> <span class='ocrx_word' id='word_1_729' title='bbox 3372 4367 3616 4442; x_wconf 50' lang='lat' dir='ltr'><strong>praesulis</strong></span> <span class='ocrx_word' id='word_1_730' title='bbox 3641 4353 3821 4427; x_wconf 70' lang='lat' dir='ltr'><strong>Regsii.</strong></span> 
     </span>
    </p>
   </div>
   <div class='ocr_carea' id='block_1_99' title="bbox 2255 4455 3823 4538">
    <p class='ocr_par' dir='ltr' id='par_1_99' title="bbox 2255 4455 3823 4538">
     <span class='ocr_line' id='line_1_102' title="bbox 2255 4455 3823 4538; baseline -0.017 -14"><span class='ocrx_word' id='word_1_731' title='bbox 2255 4465 2629 4538; x_wconf 89' lang='lat' dir='ltr'><strong>hujuscemodi</strong></span> <span class='ocrx_word' id='word_1_732' title='bbox 2658 4466 2931 4521; x_wconf 67' lang='lat' dir='ltr'><strong>litterarim</strong></span> <span class='ocrx_word' id='word_1_733' title='bbox 2956 4465 3307 4536; x_wconf 87' lang='lat' dir='ltr'><strong>supellectilis</strong></span> <span class='ocrx_word' id='word_1_734' title='bbox 3339 4461 3543 4519; x_wconf 90' lang='lat' dir='ltr'><strong>curiosi</strong></span> <span class='ocrx_word' id='word_1_735' title='bbox 3573 4455 3823 4519; x_wconf 82' lang='lat' dir='ltr'><strong>indagato-</strong></span> 
     </span>
    </p>
   </div>
   <div class='ocr_carea' id='block_1_100' title="bbox 559 4540 3821 4651">
    <p class='ocr_par' dir='ltr' id='par_1_100' title="bbox 559 4540 3821 4651">
     <span class='ocr_line' id='line_1_103' title="bbox 559 4540 3821 4651; baseline -0.002 -49"><span class='ocrx_word' id='word_1_736' title='bbox 559 4548 763 4605; x_wconf 87' lang='lat' dir='ltr'><strong>bruarii</strong></span> <span class='ocrx_word' id='word_1_737' title='bbox 794 4548 947 4606; x_wconf 74' lang='lat'><strong>1759.</strong></span> <span class='ocrx_word' id='word_1_738' title='bbox 971 4549 1195 4608; x_wconf 88' lang='lat' dir='ltr'><strong>Omissis</strong></span> <span class='ocrx_word' id='word_1_739' title='bbox 1218 4552 1339 4609; x_wconf 88' lang='lat' dir='ltr'><strong>aliis</strong></span> <span class='ocrx_word' id='word_1_740' title='bbox 1362 4568 1483 4623; x_wconf 76' lang='lat' dir='ltr'><strong>qua:</strong></span> <span class='ocrx_word' id='word_1_741' title='bbox 1511 4554 1578 4611; x_wconf 88' lang='lat' dir='ltr'><strong>ad</strong></span> <span class='ocrx_word' id='word_1_742' title='bbox 1601 4571 1687 4611; x_wconf 90' lang='lat' dir='ltr'><strong>me</strong></span> <span class='ocrx_word' id='word_1_743' title='bbox 1713 4572 1821 4612; x_wconf 91' lang='lat' dir='ltr'><strong>non</strong></span> <span class='ocrx_word' id='word_1_744' title='bbox 1853 4557 2148 4627; x_wconf 90' lang='lat' dir='ltr'><strong>pertinent,</strong></span> <span class='ocrx_word' id='word_1_745' title='bbox 2181 4590 2235 4651; x_wconf 67' lang='grc' dir='ltr'><strong><em>Β</em></strong></span> <span class='ocrx_word' id='word_1_746' title='bbox 2258 4563 2354 4629; x_wconf 77' lang='lat' dir='ltr'><strong>ris,</strong></span> <span class='ocrx_word' id='word_1_747' title='bbox 2400 4570 2456 4617; x_wconf 89' lang='lat' dir='ltr'><strong>et</strong></span> <span class='ocrx_word' id='word_1_748' title='bbox 2508 4559 2647 4631; x_wconf 65' lang='lat' dir='ltr'><strong>aequi</strong></span> <span class='ocrx_word' id='word_1_749' title='bbox 2698 4559 3060 4622; x_wconf 78' lang='lat' dir='ltr'><strong>:estimatoris,</strong></span> <span class='ocrx_word' id='word_1_750' title='bbox 3092 4555 3502 4629; x_wconf 89' lang='lat' dir='ltr'><strong>Prolegomenis</strong></span> <span class='ocrx_word' id='word_1_751' title='bbox 3544 4540 3821 4608; x_wconf 86' lang='lat' dir='ltr'><strong>lsidorianis</strong></span> 
     </span>
    </p>
   </div>
   <div class='ocr_carea' id='block_1_101' title="bbox 559 4642 2153 4719">
    <p class='ocr_par' dir='ltr' id='par_1_101' title="bbox 559 4642 2153 4719">
     <span class='ocr_line' id='line_1_104' title="bbox 559 4642 2153 4719; baseline 0.007 -25"><span class='ocrx_word' id='word_1_752' title='bbox 559 4642 644 4696; x_wconf 91' lang='lat' dir='ltr'><strong>vel</strong></span> <span class='ocrx_word' id='word_1_753' title='bbox 672 4643 718 4696; x_wconf 91' lang='lat' dir='ltr'><strong>si</strong></span> <span class='ocrx_word' id='word_1_754' title='bbox 747 4642 816 4697; x_wconf 91' lang='lat' dir='ltr'><strong>ad</strong></span> <span class='ocrx_word' id='word_1_755' title='bbox 846 4660 931 4699; x_wconf 91' lang='lat' dir='ltr'><strong>me</strong></span> <span class='ocrx_word' id='word_1_756' title='bbox 953 4645 1194 4715; x_wconf 89' lang='lat' dir='ltr'><strong>quidem,</strong></span> <span class='ocrx_word' id='word_1_757' title='bbox 1247 4656 1395 4701; x_wconf 85' lang='lat' dir='ltr'><strong>certe</strong></span> <span class='ocrx_word' id='word_1_758' title='bbox 1440 4663 1546 4704; x_wconf 91' lang='lat' dir='ltr'><strong>non</strong></span> <span class='ocrx_word' id='word_1_759' title='bbox 1586 4648 1652 4704; x_wconf 87' lang='lat' dir='ltr'><strong>ad</strong></span> <span class='ocrx_word' id='word_1_760' title='bbox 1681 4649 1785 4705; x_wconf 91' lang='lat' dir='ltr'><strong>hoc</strong></span> <span class='ocrx_word' id='word_1_761' title='bbox 1819 4657 2028 4719; x_wconf 88' lang='lat' dir='ltr'><strong>tempus</strong></span> <span class='ocrx_word' id='word_1_762' title='bbox 2058 4658 2153 4705; x_wconf 90' lang='lat' dir='ltr'><strong>aut</strong></span> 
     </span>
    </p>
   </div>
   <div class='ocr_carea' id='block_1_102' title="bbox 561 4732 2154 4810">
    <p class='ocr_par' dir='ltr' id='par_1_102' title="bbox 561 4732 2154 4810">
     <span class='ocr_line' id='line_1_105' title="bbox 561 4732 2154 4810; baseline 0.009 -24"><span class='ocrx_word' id='word_1_763' title='bbox 561 4747 724 4803; x_wconf 90' lang='lat' dir='ltr'><strong>opus,</strong></span> <span class='ocrx_word' id='word_1_764' title='bbox 756 4732 1049 4791; x_wconf 87' lang='lat' dir='ltr'><strong>Burrielius</strong></span> <span class='ocrx_word' id='word_1_765' title='bbox 1079 4737 1130 4791; x_wconf 90' lang='lat' dir='ltr'><strong>in</strong></span> <span class='ocrx_word' id='word_1_766' title='bbox 1153 4738 1323 4809; x_wconf 87' lang='lat' dir='ltr'><strong>prima</strong></span> <span class='ocrx_word' id='word_1_767' title='bbox 1353 4740 1583 4810; x_wconf 82' lang='lat' dir='ltr'><strong>epistola</strong></span> <span class='ocrx_word' id='word_1_768' title='bbox 1614 4741 1692 4795; x_wconf 89' lang='lat' dir='ltr'><strong>sic</strong></span> <span class='ocrx_word' id='word_1_769' title='bbox 1722 4741 1943 4795; x_wconf 76' lang='lat' dir='ltr'><strong>totidem</strong></span> <span class='ocrx_word' id='word_1_770' title='bbox 1975 4742 2154 4800; x_wconf 86' lang='lat' dir='ltr'><strong>verbis</strong></span> 
     </span>
    </p>
   </div>
   <div class='ocr_carea' id='block_1_103' title="bbox 559 4824 2154 4902">
    <p class='ocr_par' dir='ltr' id='par_1_103' title="bbox 559 4824 2154 4902">
     <span class='ocr_line' id='line_1_106' title="bbox 559 4824 2154 4902; baseline 0.007 -24"><span class='ocrx_word' id='word_1_771' title='bbox 559 4826 636 4878; x_wconf 90' lang='lat' dir='ltr'><strong>ait</strong></span> <span class='ocrx_word' id='word_1_772' title='bbox 661 4826 676 4875; x_wconf 88' lang='lat'><strong>&#39;:</strong></span> <span class='ocrx_word' id='word_1_773' title='bbox 724 4824 962 4881; x_wconf 83' lang='lat' dir='ltr'><strong>Isidorus</strong></span> <span class='ocrx_word' id='word_1_774' title='bbox 993 4826 1299 4900; x_wconf 71' lang='lat' dir='ltr'><strong>Hispaniae</strong></span> <span class='ocrx_word' id='word_1_775' title='bbox 1346 4833 1616 4902; x_wconf 67' lang='lat' dir='ltr'><strong>sapientiae</strong></span> <span class='ocrx_word' id='word_1_776' title='bbox 1644 4848 1762 4885; x_wconf 88' lang='lat' dir='ltr'><strong>cum</strong></span> <span class='ocrx_word' id='word_1_777' title='bbox 1790 4834 2154 4889; x_wconf 79' lang='lat' dir='ltr'><strong>ecclesiastica:</strong></span> 
     </span>
    </p>
   </div>
   <div class='ocr_carea' id='block_1_104' title="bbox 562 4923 2153 4999">
    <p class='ocr_par' dir='ltr' id='par_1_104' title="bbox 562 4923 2153 4999">
     <span class='ocr_line' id='line_1_107' title="bbox 562 4923 2153 4999; baseline 0.009 -29"><span class='ocrx_word' id='word_1_778' title='bbox 562 4926 670 4972; x_wconf 87' lang='lat' dir='ltr'><strong>tum</strong></span> <span class='ocrx_word' id='word_1_779' title='bbox 715 4923 953 4989; x_wconf 72' lang='lat' dir='ltr'><strong>profana:</strong></span> <span class='ocrx_word' id='word_1_780' title='bbox 980 4924 1097 4994; x_wconf 79' lang='lat' dir='ltr'><strong>fons</strong></span> <span class='ocrx_word' id='word_1_781' title='bbox 1119 4925 1348 4996; x_wconf 83' lang='lat' dir='ltr'><strong>quidam,</strong></span> <span class='ocrx_word' id='word_1_782' title='bbox 1381 4936 1613 4980; x_wconf 76' lang='lat' dir='ltr'><strong>centrum</strong></span> <span class='ocrx_word' id='word_1_783' title='bbox 1641 4935 1691 4979; x_wconf 85' lang='lat' dir='ltr'><strong>et</strong></span> <span class='ocrx_word' id='word_1_784' title='bbox 1721 4926 1867 4995; x_wconf 86' lang='lat' dir='ltr'><strong>origo</strong></span> <span class='ocrx_word' id='word_1_785' title='bbox 1893 4935 1990 4981; x_wconf 86' lang='lat' dir='ltr'><strong>est.</strong></span> <span class='ocrx_word' id='word_1_786' title='bbox 2020 4927 2153 4999; x_wconf 84' lang='lat' dir='ltr'><strong>Ejus</strong></span> 
     </span>
    </p>
   </div>
   <div class='ocr_carea' id='block_1_105' title="bbox 563 5010 2152 5091">
    <p class='ocr_par' dir='ltr' id='par_1_105' title="bbox 563 5010 2152 5091">
     <span class='ocr_line' id='line_1_108' title="bbox 563 5010 2152 5091; baseline 0.009 -31"><span class='ocrx_word' id='word_1_787' title='bbox 563 5010 739 5081; x_wconf 80' lang='lat' dir='ltr'><strong>Opera</strong></span> <span class='ocrx_word' id='word_1_788' title='bbox 766 5027 859 5065; x_wconf 87' lang='lat' dir='ltr'><strong>nec</strong></span> <span class='ocrx_word' id='word_1_789' title='bbox 887 5016 1063 5068; x_wconf 84' lang='lat' dir='ltr'><strong>omnia</strong></span> <span class='ocrx_word' id='word_1_790' title='bbox 1089 5022 1349 5090; x_wconf 81' lang='lat' dir='ltr'><strong>hucusque</strong></span> <span class='ocrx_word' id='word_1_791' title='bbox 1377 5020 1540 5084; x_wconf 86' lang='lat' dir='ltr'><strong>edita,</strong></span> <span class='ocrx_word' id='word_1_792' title='bbox 1564 5034 1657 5072; x_wconf 88' lang='lat' dir='ltr'><strong>nec</strong></span> <span class='ocrx_word' id='word_1_793' title='bbox 1686 5034 1749 5072; x_wconf 89' lang='lat' dir='ltr'><strong>ea</strong></span> <span class='ocrx_word' id='word_1_794' title='bbox 1778 5019 2017 5074; x_wconf 77' lang='lat' dir='ltr'><strong>methodo</strong></span> <span class='ocrx_word' id='word_1_795' title='bbox 2051 5038 2152 5091; x_wconf 82' lang='lat' dir='ltr'><strong>qua</strong></span> 
     </span>
    </p>
   </div>
   <div class='ocr_carea' id='block_1_106' title="bbox 560 5106 2153 5183">
    <p class='ocr_par' dir='ltr' id='par_1_106' title="bbox 560 5106 2153 5183">
     <span class='ocr_line' id='line_1_109' title="bbox 560 5106 2153 5183; baseline 0.008 -28"><span class='ocrx_word' id='word_1_796' title='bbox 560 5119 658 5172; x_wconf 85' lang='lat' dir='ltr'><strong>par</strong></span> <span class='ocrx_word' id='word_1_797' title='bbox 704 5112 780 5157; x_wconf 87' lang='lat' dir='ltr'><strong>est</strong></span> <span class='ocrx_word' id='word_1_798' title='bbox 807 5106 1073 5163; x_wconf 77' lang='lat' dir='ltr'><strong>illustrata</strong></span> <span class='ocrx_word' id='word_1_799' title='bbox 1112 5110 1378 5166; x_wconf 84' lang='lat' dir='ltr'><strong>habemus.</strong></span> <span class='ocrx_word' id='word_1_800' title='bbox 1412 5109 1565 5165; x_wconf 82' lang='lat' dir='ltr'><strong>Nova</strong></span> <span class='ocrx_word' id='word_1_801' title='bbox 1614 5127 1739 5182; x_wconf 84' lang='lat' dir='ltr'><strong>ergo</strong></span> <span class='ocrx_word' id='word_1_802' title='bbox 1768 5110 1994 5183; x_wconf 76' lang='lat' dir='ltr'><strong>Operam</strong></span> <span class='ocrx_word' id='word_1_803' title='bbox 2040 5130 2153 5167; x_wconf 92' lang='lat' dir='ltr'><strong>om-</strong></span> 
     </span>
    </p>
   </div>
   <div class='ocr_carea' id='block_1_107' title="bbox 562 5194 2153 5276">
    <p class='ocr_par' dir='ltr' id='par_1_107' title="bbox 562 5194 2153 5276">
     <span class='ocr_line' id='line_1_110' title="bbox 562 5194 2153 5276; baseline 0.008 -28"><span class='ocrx_word' id='word_1_804' title='bbox 562 5194 706 5249; x_wconf 85' lang='lat' dir='ltr'><strong>nium</strong></span> <span class='ocrx_word' id='word_1_805' title='bbox 734 5198 893 5254; x_wconf 83' lang='lat' dir='ltr'><strong>editio</strong></span> <span class='ocrx_word' id='word_1_806' title='bbox 934 5201 1318 5276; x_wconf 87' lang='lat' dir='ltr'><strong>illustratioque</strong></span> <span class='ocrx_word' id='word_1_807' title='bbox 1347 5220 1451 5258; x_wconf 90' lang='lat' dir='ltr'><strong>non</strong></span> <span class='ocrx_word' id='word_1_808' title='bbox 1491 5204 1593 5257; x_wconf 64' lang='lat' dir='ltr'><strong>nisi</strong></span> <span class='ocrx_word' id='word_1_809' title='bbox 1622 5220 1813 5276; x_wconf 85' lang='lat' dir='ltr'><strong>magno</strong></span> <span class='ocrx_word' id='word_1_810' title='bbox 1852 5206 2153 5276; x_wconf 78' lang='lat' dir='ltr'><strong>reipublij</strong></span> 
     </span>
    </p>
   </div>
   <div class='ocr_carea' id='block_1_108' title="bbox 559 5287 2145 5367">
    <p class='ocr_par' dir='ltr' id='par_1_108' title="bbox 559 5287 2145 5367">
     <span class='ocr_line' id='line_1_111' title="bbox 559 5287 2145 5367; baseline 0.007 -26"><span class='ocrx_word' id='word_1_811' title='bbox 559 5287 831 5346; x_wconf 78' lang='lat' dir='ltr'><strong>litterariie</strong></span> <span class='ocrx_word' id='word_1_812' title='bbox 854 5295 1124 5349; x_wconf 86' lang='lat' dir='ltr'><strong>commodo</strong></span> <span class='ocrx_word' id='word_1_813' title='bbox 1154 5304 1321 5367; x_wconf 82' lang='lat' dir='ltr'><strong>potest</strong></span> <span class='ocrx_word' id='word_1_814' title='bbox 1360 5294 1615 5350; x_wconf 87' lang='lat' dir='ltr'><strong>accidere.</strong></span> <span class='ocrx_word' id='word_1_815' title='bbox 1651 5293 1718 5348; x_wconf 85' lang='lat' dir='ltr'><strong>Id</strong></span> <span class='ocrx_word' id='word_1_816' title='bbox 1744 5306 1947 5350; x_wconf 84' lang='lat' dir='ltr'><strong>tantum</strong></span> <span class='ocrx_word' id='word_1_817' title='bbox 1977 5297 2145 5365; x_wconf 85' lang='lat' dir='ltr'><strong>doleo,</strong></span> 
     </span>
    </p>
   </div>
   <div class='ocr_carea' id='block_1_109' title="bbox 564 5376 2148 5453">
    <p class='ocr_par' dir='ltr' id='par_1_109' title="bbox 564 5376 2148 5453">
     <span class='ocr_line' id='line_1_112' title="bbox 564 5376 2148 5453; baseline 0.007 -22"><span class='ocrx_word' id='word_1_818' title='bbox 564 5376 943 5450; x_wconf 82' lang='lat' dir='ltr'><strong>Hispaniarum</strong></span> <span class='ocrx_word' id='word_1_819' title='bbox 998 5384 1262 5439; x_wconf 86' lang='lat' dir='ltr'><strong>doctorem</strong></span> <span class='ocrx_word' id='word_1_820' title='bbox 1300 5385 1363 5437; x_wconf 78' lang='lat' dir='ltr'><strong>ab</strong></span> <span class='ocrx_word' id='word_1_821' title='bbox 1395 5384 1600 5439; x_wconf 75' lang='lat' dir='ltr'><strong>homine</strong></span> <span class='ocrx_word' id='word_1_822' title='bbox 1646 5402 1749 5440; x_wconf 88' lang='lat' dir='ltr'><strong>non</strong></span> <span class='ocrx_word' id='word_1_823' title='bbox 1786 5383 2026 5453; x_wconf 80' lang='lat' dir='ltr'><strong>Hispano</strong></span> <span class='ocrx_word' id='word_1_824' title='bbox 2057 5387 2148 5441; x_wconf 84' lang='lat' dir='ltr'><strong>sed</strong></span> 
     </span>
    </p>
   </div>
   <div class='ocr_carea' id='block_1_110' title="bbox 558 5478 2147 5550">
    <p class='ocr_par' dir='ltr' id='par_1_110' title="bbox 558 5478 2147 5550">
     <span class='ocr_line' id='line_1_113' title="bbox 558 5478 2147 5550; baseline 0.003 -24"><span class='ocrx_word' id='word_1_825' title='bbox 558 5483 736 5530; x_wconf 69' lang='lat' dir='ltr'><strong>extero</strong></span> <span class='ocrx_word' id='word_1_826' title='bbox 784 5478 1100 5547; x_wconf 76' lang='lat' dir='ltr'><strong>iﬂustratum</strong></span> <span class='ocrx_word' id='word_1_827' title='bbox 1153 5480 1241 5545; x_wconf 87' lang='lat' dir='ltr'><strong>iri,</strong></span> <span class='ocrx_word' id='word_1_828' title='bbox 1290 5478 1619 5550; x_wconf 74' lang='lat' dir='ltr'><strong>nationisque</strong></span> <span class='ocrx_word' id='word_1_829' title='bbox 1652 5488 1844 5534; x_wconf 77' lang='lat' dir='ltr'><strong>nostra:</strong></span> <span class='ocrx_word' id='word_1_830' title='bbox 1878 5480 2031 5533; x_wconf 65' lang='lat' dir='ltr'><strong>decus</strong></span> <span class='ocrx_word' id='word_1_831' title='bbox 2082 5479 2147 5532; x_wconf 80' lang='lat' dir='ltr'><strong>ab</strong></span> 
     </span>
    </p>
   </div>
   <div class='ocr_carea' id='block_1_111' title="bbox 558 5567 2151 5641">
    <p class='ocr_par' dir='ltr' id='par_1_111' title="bbox 558 5567 2151 5641">
     <span class='ocr_line' id='line_1_114' title="bbox 558 5567 2151 5641; baseline 0.006 -22"><span class='ocrx_word' id='word_1_832' title='bbox 558 5567 677 5623; x_wconf 75' lang='lat' dir='ltr'><strong>aliis</strong></span> <span class='ocrx_word' id='word_1_833' title='bbox 724 5586 878 5641; x_wconf 87' lang='lat' dir='ltr'><strong>quam</strong></span> <span class='ocrx_word' id='word_1_834' title='bbox 921 5589 955 5626; x_wconf 87' lang='lat' dir='ltr'><strong>a</strong></span> <span class='ocrx_word' id='word_1_835' title='bbox 1002 5582 1196 5627; x_wconf 80' lang='lat' dir='ltr'><strong>nostra:</strong></span> <span class='ocrx_word' id='word_1_836' title='bbox 1244 5572 1473 5628; x_wconf 77' lang='lat' dir='ltr'><strong>nationis</strong></span> <span class='ocrx_word' id='word_1_837' title='bbox 1521 5572 1811 5629; x_wconf 79' lang='lat' dir='ltr'><strong>hominibus</strong></span> <span class='ocrx_word' id='word_1_838' title='bbox 1833 5612 1848 5638; x_wconf 93' lang='lat'><strong>,</strong></span> <span class='ocrx_word' id='word_1_839' title='bbox 1897 5590 1988 5628; x_wconf 88' lang='lat' dir='ltr'><strong>nec</strong></span> <span class='ocrx_word' id='word_1_840' title='bbox 2039 5575 2151 5628; x_wconf 87' lang='lat' dir='ltr'><strong>sine</strong></span> 
     </span>
    </p>
   </div>
   <div class='ocr_carea' id='block_1_112' title="bbox 558 5658 1942 5739">
    <p class='ocr_par' dir='ltr' id='par_1_112' title="bbox 558 5658 1942 5739">
     <span class='ocr_line' id='line_1_115' title="bbox 558 5658 1942 5739; baseline 0.007 -27"><span class='ocrx_word' id='word_1_841' title='bbox 558 5658 732 5733; x_wconf 77' lang='lat' dir='ltr'><strong>aliqua</strong></span> <span class='ocrx_word' id='word_1_842' title='bbox 759 5676 937 5719; x_wconf 86' lang='lat' dir='ltr'><strong>nostro</strong></span> <span class='ocrx_word' id='word_1_843' title='bbox 966 5663 1238 5731; x_wconf 78' lang='lat' dir='ltr'><strong>dedecore,</strong></span> <span class='ocrx_word' id='word_1_844' title='bbox 1280 5664 1438 5722; x_wconf 88' lang='lat' dir='ltr'><strong>decus</strong></span> <span class='ocrx_word' id='word_1_845' title='bbox 1471 5683 1660 5723; x_wconf 78' lang='lat' dir='ltr'><strong>nouum</strong></span> <span class='ocrx_word' id='word_1_846' title='bbox 1690 5669 1942 5739; x_wconf 85' lang='lat' dir='ltr'><strong>accipere.</strong></span> 
     </span>
    </p>
   </div>
   <div class='ocr_carea' id='block_1_113' title="bbox 635 5754 2150 5835">
    <p class='ocr_par' dir='ltr' id='par_1_113' title="bbox 635 5754 2150 5835">
     <span class='ocr_line' id='line_1_116' title="bbox 635 5754 2150 5835; baseline 0.009 -28"><span class='ocrx_word' id='word_1_847' title='bbox 635 5754 719 5810; x_wconf 87' lang='lat'><strong>76.</strong></span> <span class='ocrx_word' id='word_1_848' title='bbox 752 5757 809 5813; x_wconf 93' lang='lat' dir='ltr'><strong>ln</strong></span> <span class='ocrx_word' id='word_1_849' title='bbox 827 5758 1068 5830; x_wconf 90' lang='lat' dir='ltr'><strong>epistolis</strong></span> <span class='ocrx_word' id='word_1_850' title='bbox 1090 5758 1397 5831; x_wconf 83' lang='lat' dir='ltr'><strong>Hispanicis</strong></span> <span class='ocrx_word' id='word_1_851' title='bbox 1418 5764 1642 5835; x_wconf 84' lang='lat' dir='ltr'><strong>exponit</strong></span> <span class='ocrx_word' id='word_1_852' title='bbox 1664 5763 1979 5830; x_wconf 86' lang='lat' dir='ltr'><strong>Burrielius,</strong></span> <span class='ocrx_word' id='word_1_853' title='bbox 2003 5764 2150 5834; x_wconf 91' lang='lat' dir='ltr'><strong>quod</strong></span> 
     </span>
    </p>
   </div>
   <div class='ocr_carea' id='block_1_114' title="bbox 562 5847 2149 5927">
    <p class='ocr_par' dir='ltr' id='par_1_114' title="bbox 562 5847 2149 5927">
     <span class='ocr_line' id='line_1_117' title="bbox 562 5847 2149 5927; baseline 0.007 -27"><span class='ocrx_word' id='word_1_854' title='bbox 562 5847 757 5902; x_wconf 88' lang='lat' dir='ltr'><strong>attinet</strong></span> <span class='ocrx_word' id='word_1_855' title='bbox 796 5851 863 5907; x_wconf 84' lang='lat' dir='ltr'><strong>ad</strong></span> <span class='ocrx_word' id='word_1_856' title='bbox 911 5851 1087 5908; x_wconf 85' lang='lat' dir='ltr'><strong>studia</strong></span> <span class='ocrx_word' id='word_1_857' title='bbox 1134 5853 1189 5911; x_wconf 82' lang='lat' dir='ltr'><strong>in</strong></span> <span class='ocrx_word' id='word_1_858' title='bbox 1230 5870 1353 5925; x_wconf 76' lang='lat' dir='ltr'><strong>qua:</strong></span> <span class='ocrx_word' id='word_1_859' title='bbox 1397 5856 1510 5927; x_wconf 86' lang='lat' dir='ltr'><strong>ipse</strong></span> <span class='ocrx_word' id='word_1_860' title='bbox 1558 5857 1925 5920; x_wconf 81' lang='lat' dir='ltr'><strong>incumbebat,</strong></span> <span class='ocrx_word' id='word_1_861' title='bbox 1968 5872 2149 5913; x_wconf 85' lang='lat' dir='ltr'><strong>rerum</strong></span> 
     </span>
    </p>
   </div>
   <div class='ocr_carea' id='block_1_115' title="bbox 2258 4652 2886 4722">
    <p class='ocr_par' dir='ltr' id='par_1_115' title="bbox 2258 4652 2886 4722">
     <span class='ocr_line' id='line_1_118' title="bbox 2258 4652 2886 4722; baseline -0.005 -14"><span class='ocrx_word' id='word_1_862' title='bbox 2258 4652 2603 4709; x_wconf 88' lang='lat' dir='ltr'><strong>inserendum</strong></span> <span class='ocrx_word' id='word_1_863' title='bbox 2628 4652 2886 4722; x_wconf 74' lang='lat' dir='ltr'><strong>iudicavi.</strong></span> 
     </span>
    </p>
   </div>
   <div class='ocr_carea' id='block_1_116' title="bbox 2255 4746 3815 4834">
    <p class='ocr_par' dir='ltr' id='par_1_116' title="bbox 2255 4746 3815 4834">
     <span class='ocr_line' id='line_1_119' title="bbox 2255 4746 3815 4834; baseline -0.014 -13"><span class='ocrx_word' id='word_1_864' title='bbox 2255 4766 2566 4834; x_wconf 82' lang='lat' dir='ltr'><strong>Conspectus</strong></span> <span class='ocrx_word' id='word_1_865' title='bbox 2604 4780 2747 4819; x_wconf 75' lang='lat' dir='ltr'><strong>nova:</strong></span> <span class='ocrx_word' id='word_1_866' title='bbox 2774 4762 2834 4818; x_wconf 91' lang='lat' dir='ltr'><strong>S.</strong></span> <span class='ocrx_word' id='word_1_867' title='bbox 2870 4761 3065 4817; x_wconf 84' lang='lat' dir='ltr'><strong>Isidori</strong></span> <span class='ocrx_word' id='word_1_868' title='bbox 3094 4762 3429 4832; x_wconf 76' lang='lat' dir='ltr'><strong>Hispalensis</strong></span> <span class='ocrx_word' id='word_1_869' title='bbox 3460 4758 3680 4834; x_wconf 54' lang='lat' dir='ltr'><strong>Operam</strong></span> <span class='ocrx_word' id='word_1_870' title='bbox 3719 4746 3815 4834; x_wconf 54' lang='lat' dir='ltr'><strong>edi:</strong></span> 
     </span>
    </p>
   </div>
   <div class='ocr_carea' id='block_1_117' title="bbox 2328 4825 3815 4907">
    <p class='ocr_par' dir='ltr' id='par_1_117' title="bbox 2328 4825 3815 4907">
     <span class='ocr_line' id='line_1_120' title="bbox 2328 4825 3815 4907; baseline -0.007 -16"><span class='ocrx_word' id='word_1_871' title='bbox 2328 4825 2504 4903; x_wconf 74' lang='lat' dir='ltr'><strong>tionis,</strong></span> <span class='ocrx_word' id='word_1_872' title='bbox 2541 4853 2693 4907; x_wconf 84' lang='lat' dir='ltr'><strong>quam</strong></span> <span class='ocrx_word' id='word_1_873' title='bbox 2742 4845 2896 4906; x_wconf 81' lang='lat' dir='ltr'><strong>parat</strong></span> <span class='ocrx_word' id='word_1_874' title='bbox 2941 4825 3265 4907; x_wconf 58' lang='lat' dir='ltr'><strong>li‘riincisgus</strong></span> <span class='ocrx_word' id='word_1_875' title='bbox 3306 4825 3560 4907; x_wconf 80' lang='lat' dir='ltr'><strong>Antonius</strong></span> <span class='ocrx_word' id='word_1_876' title='bbox 3589 4825 3815 4907; x_wconf 59' lang='grc' dir='ltr'><strong>ζιιεξαιξξῖ</strong></span> 
     </span>
    </p>
   </div>
   <div class='ocr_carea' id='block_1_118' title="bbox 2328 4885 3816 4974">
    <p class='ocr_par' dir='ltr' id='par_1_118' title="bbox 2328 4885 3816 4974">
     <span class='ocr_line' id='line_1_121' title="bbox 2328 4885 3816 4974; baseline -0.013 -11"><span class='ocrx_word' id='word_1_877' title='bbox 2328 4885 2609 4963; x_wconf 69' lang='grc' dir='ltr'><strong>δοείεἶαῖἕι</strong></span> <span class='ocrx_word' id='word_1_878' title='bbox 2633 4885 2784 4974; x_wconf 62' lang='lat' dir='ltr'><strong>Jesu,</strong></span> <span class='ocrx_word' id='word_1_879' title='bbox 2807 4906 3126 4960; x_wconf 69' lang='grc' dir='ltr'><strong>εει·εηὶεδὶΜὶ</strong></span> <span class='ocrx_word' id='word_1_880' title='bbox 3169 4904 3545 4959; x_wconf 84' lang='lat' dir='ltr'><strong>Mutinensium</strong></span> <span class='ocrx_word' id='word_1_881' title='bbox 3587 4894 3720 4949; x_wconf 84' lang='lat' dir='ltr'><strong>ducis</strong></span> <span class='ocrx_word' id='word_1_882' title='bbox 3748 4885 3816 4974; x_wconf 50' lang='lat'><strong>‘19}:</strong></span> 
     </span>
    </p>
   </div>
   <div class='ocr_carea' id='block_1_119' title="bbox 2327 4957 3815 5048">
    <p class='ocr_par' dir='ltr' id='par_1_119' title="bbox 2327 4957 3815 5048">
     <span class='ocr_line' id='line_1_122' title="bbox 2327 4957 3815 5048; baseline -0.001 -16"><span class='ocrx_word' id='word_1_883' title='bbox 2327 4957 3184 5048; x_wconf 54' lang='lat' dir='ltr'><strong>zisiis&#39;csp;s;-écn’.1man</strong></span> <span class='ocrx_word' id='word_1_884' title='bbox 3205 4957 3367 5045; x_wconf 60' lang='grc' dir='ltr'><strong>ιτεες</strong></span> <span class='ocrx_word' id='word_1_885' title='bbox 3397 4991 3462 5029; x_wconf 82' lang='lat' dir='ltr'><strong>ea:</strong></span> <span class='ocrx_word' id='word_1_886' title='bbox 3502 4957 3815 5042; x_wconf 65' lang='lat' dir='ltr'><strong>typograPM&quot;</strong></span> 
     </span>
    </p>
   </div>
   <div class='ocr_carea' id='block_1_120' title="bbox 2334 5048 2781 5104">
    <p class='ocr_par' dir='ltr' id='par_1_120' title="bbox 2334 5048 2781 5104">
     <span class='ocr_line' id='line_1_123' title="bbox 2334 5048 2781 5104; baseline -0.007 0"><span class='ocrx_word' id='word_1_887' title='bbox 2334 5048 2781 5104; x_wconf 87' lang='lat' dir='ltr'><strong>Remondiniana.</strong></span> 
     </span>
    </p>
   </div>
   <div class='ocr_carea' id='block_1_121' title="bbox 2330 5126 3811 5218">
    <p class='ocr_par' dir='ltr' id='par_1_121' title="bbox 2330 5126 3811 5218">
     <span class='ocr_line' id='line_1_124' title="bbox 2330 5126 3811 5218; baseline -0.007 -21"><span class='ocrx_word' id='word_1_888' title='bbox 2330 5144 2389 5218; x_wconf 73' lang='lat'><strong>2.</strong></span> <span class='ocrx_word' id='word_1_889' title='bbox 2411 5143 2545 5218; x_wconf 68' lang='lat' dir='ltr'><strong>Cum</strong></span> <span class='ocrx_word' id='word_1_890' title='bbox 2578 5150 2688 5197; x_wconf 91' lang='lat' dir='ltr'><strong>tres</strong></span> <span class='ocrx_word' id='word_1_891' title='bbox 2708 5144 2931 5218; x_wconf 79' lang='lat' dir='ltr'><strong>omnino</strong></span> <span class='ocrx_word' id='word_1_892' title='bbox 2954 5143 3062 5198; x_wconf 89' lang='lat' dir='ltr'><strong>sint</strong></span> <span class='ocrx_word' id='word_1_893' title='bbox 3080 5143 3317 5218; x_wconf 75' lang='lat' dir='ltr'><strong>omnium</strong></span> <span class='ocrx_word' id='word_1_894' title='bbox 3344 5140 3412 5218; x_wconf 87' lang='lat' dir='ltr'><strong>_S._</strong></span> <span class='ocrx_word' id='word_1_895' title='bbox 3438 5132 3619 5218; x_wconf 66' lang='lat' dir='ltr'><strong>[sideri</strong></span> 
     </span>
    </p>
   </div>
   <div class='ocr_carea' id='block_1_122' title="bbox 2259 5203 3810 5289">
    <p class='ocr_par' dir='ltr' id='par_1_122' title="bbox 2259 5203 3810 5289">
     <span class='ocr_line' id='line_1_125' title="bbox 2259 5203 3810 5289; baseline -0.008 -18"><span class='ocrx_word' id='word_1_896' title='bbox 2259 5214 2443 5289; x_wconf 73' lang='lat' dir='ltr'><strong>[ensis</strong></span> <span class='ocrx_word' id='word_1_897' title='bbox 2477 5214 2714 5289; x_wconf 63' lang='lat' dir='ltr'><strong>Onerum</strong></span> <span class='ocrx_word' id='word_1_898' title='bbox 2765 5214 3071 5289; x_wconf 75' lang='lat' dir='ltr'><strong>editiones,</strong></span> <span class='ocrx_word' id='word_1_899' title='bbox 3130 5213 3439 5289; x_wconf 77' lang='lat' dir='ltr'><strong>Margarini_</strong></span> <span class='ocrx_word' id='word_1_900' title='bbox 3472 5203 3810 5289; x_wconf 33' lang='lat' dir='ltr'><strong>Signatiluttiff</strong></span> 
     </span>
    </p>
   </div>
   <div class='ocr_carea' id='block_1_123' title="bbox 2260 5268 3806 5356">
    <p class='ocr_par' dir='ltr' id='par_1_123' title="bbox 2260 5268 3806 5356">
     <span class='ocr_line' id='line_1_126' title="bbox 2260 5268 3806 5356; baseline -0.006 -17"><span class='ocrx_word' id='word_1_901' title='bbox 2260 5268 2475 5342; x_wconf 47' lang='lat' dir='ltr'><strong>liarisiis</strong></span> <span class='ocrx_word' id='word_1_902' title='bbox 2507 5268 2677 5351; x_wconf 62' lang='grc' dir='ltr'>ι’58οξ</span> <span class='ocrx_word' id='word_1_903' title='bbox 2728 5268 2919 5349; x_wconf 73' lang='lat' dir='ltr'><strong>aucra,</strong></span> <span class='ocrx_word' id='word_1_904' title='bbox 2942 5268 3124 5356; x_wconf 73' lang='lat' dir='ltr'><strong>eaque</strong></span> <span class='ocrx_word' id='word_1_905' title='bbox 3169 5268 3806 5356; x_wconf 48' lang='lat' dir='ltr'><strong>pra&#39;astantissimaﬂfifj:</strong></span> 
     </span>
    </p>
   </div>
   <div class='ocr_carea' id='block_1_124' title="bbox 2260 5344 3806 5422">
    <p class='ocr_par' dir='ltr' id='par_1_124' title="bbox 2260 5344 3806 5422">
     <span class='ocr_line' id='line_1_127' title="bbox 2260 5344 3806 5422; baseline -0.011 -11"><span class='ocrx_word' id='word_1_906' title='bbox 2260 5360 2424 5413; x_wconf 90' lang='lat' dir='ltr'><strong>tensis</strong></span> <span class='ocrx_word' id='word_1_907' title='bbox 2446 5344 2676 5414; x_wconf 79' lang='lat' dir='ltr'><strong>Joannis</strong></span> <span class='ocrx_word' id='word_1_908' title='bbox 2694 5356 2878 5412; x_wconf 88' lang='lat' dir='ltr'><strong>Grialii</strong></span> <span class='ocrx_word' id='word_1_909' title='bbox 2908 5344 3052 5410; x_wconf 65' lang='lat' dir='ltr'><strong>l599&#39;</strong></span> <span class='ocrx_word' id='word_1_910' title='bbox 3070 5373 3084 5422; x_wconf 89' lang='lat'><strong>;</strong></span> <span class='ocrx_word' id='word_1_911' title='bbox 3117 5344 3273 5411; x_wconf 68' lang='lat' dir='ltr'><strong>teitia</strong></span> <span class='ocrx_word' id='word_1_912' title='bbox 3294 5355 3506 5409; x_wconf 89' lang='lat' dir='ltr'><strong>demum</strong></span> <span class='ocrx_word' id='word_1_913' title='bbox 3523 5344 3806 5422; x_wconf 54' lang='lat' dir='ltr'><strong>Parisientifi</strong></span> 
     </span>
    </p>
   </div>
   <div class='ocr_carea' id='block_1_125' title="bbox 2256 5414 3804 5489">
    <p class='ocr_par' dir='ltr' id='par_1_125' title="bbox 2256 5414 3804 5489">
     <span class='ocr_line' id='line_1_128' title="bbox 2256 5414 3804 5489; baseline -0.006 -6"><span class='ocrx_word' id='word_1_914' title='bbox 2256 5428 2439 5487; x_wconf 84' lang='lat' dir='ltr'><strong>Jacobi</strong></span> <span class='ocrx_word' id='word_1_915' title='bbox 2484 5427 2683 5485; x_wconf 85' lang='lat' dir='ltr'><strong>Breulii</strong></span> <span class='ocrx_word' id='word_1_916' title='bbox 2716 5428 3045 5483; x_wconf 87' lang='lat' dir='ltr'><strong>Benedictini</strong></span> <span class='ocrx_word' id='word_1_917' title='bbox 3072 5414 3323 5482; x_wconf 81' lang='lat' dir='ltr'><strong>monachi</strong></span> <span class='ocrx_word' id='word_1_918' title='bbox 3362 5422 3485 5477; x_wconf 78' lang='lat' dir='ltr'><strong>i601</strong></span> <span class='ocrx_word' id='word_1_919' title='bbox 3530 5419 3685 5489; x_wconf 53' lang='lat' dir='ltr'><strong>(nan;</strong></span> <span class='ocrx_word' id='word_1_920' title='bbox 3701 5414 3804 5489; x_wconf 56' lang='lat'><strong>4&#39;}?</strong></span> 
     </span>
    </p>
   </div>
   <div class='ocr_carea' id='block_1_126' title="bbox 2259 5478 3797 5571">
    <p class='ocr_par' dir='ltr' id='par_1_126' title="bbox 2259 5478 3797 5571">
     <span class='ocr_line' id='line_1_129' title="bbox 2259 5478 3797 5571; baseline -0.008 -17"><span class='ocrx_word' id='word_1_921' title='bbox 2259 5478 3390 5571; x_wconf 56' lang='grc' dir='ltr'><strong>ζόὀῖόηἶίᾗιῖὄᾴιτῦῥιιῖιῖιῖἑῦἐιίίἶἐιὶιῖῖϐιι</strong></span> <span class='ocrx_word' id='word_1_922' title='bbox 3423 5478 3797 5571; x_wconf 58' lang='lat' dir='ltr'><strong>ipsa‘estt’fjg;</strong></span> 
     </span>
    </p>
   </div>
   <div class='ocr_carea' id='block_1_127' title="bbox 2258 5554 3800 5646">
    <p class='ocr_par' dir='ltr' id='par_1_127' title="bbox 2258 5554 3800 5646">
     <span class='ocr_line' id='line_1_130' title="bbox 2258 5554 3800 5646; baseline -0.007 -19"><span class='ocrx_word' id='word_1_923' title='bbox 2258 5554 2460 5646; x_wconf 53' lang='lat' dir='ltr'><strong>meum</strong></span> <span class='ocrx_word' id='word_1_924' title='bbox 2496 5554 2714 5646; x_wconf 55' lang='grc' dir='ltr'><strong>τάδε,</strong></span> <span class='ocrx_word' id='word_1_925' title='bbox 2749 5554 2806 5626; x_wconf 72' lang='lat' dir='ltr'><strong>in</strong></span> <span class='ocrx_word' id='word_1_926' title='bbox 2860 5554 3030 5627; x_wconf 57' lang='lat' dir='ltr'><strong>&quot;an.</strong></span> <span class='ocrx_word' id='word_1_927' title='bbox 3080 5572 3220 5626; x_wconf 85' lang='lat' dir='ltr'><strong>inter</strong></span> <span class='ocrx_word' id='word_1_928' title='bbox 3266 5554 3800 5646; x_wconf 50' lang='grc' dir='ltr'>ραιιιοιιρειιωιρςςιξ</span> 
     </span>
    </p>
   </div>
   <div class='ocr_carea' id='block_1_128' title="bbox 2258 5624 3797 5712">
    <p class='ocr_par' dir='ltr' id='par_1_128' title="bbox 2258 5624 3797 5712">
     <span class='ocr_line' id='line_1_131' title="bbox 2258 5624 3797 5712; baseline 0.006 -16"><span class='ocrx_word' id='word_1_929' title='bbox 2258 5624 2357 5697; x_wconf 57' lang='lat' dir='ltr'><strong>ag</strong></span> <span class='ocrx_word' id='word_1_930' title='bbox 2376 5624 2582 5712; x_wconf 54' lang='grc' dir='ltr'><strong>⁷ῥὸεέιῦ</strong></span> <span class='ocrx_word' id='word_1_931' title='bbox 2598 5624 2981 5712; x_wconf 48' lang='lat' dir='ltr'><strong>animum</strong></span> <span class='ocrx_word' id='word_1_932' title='bbox 3004 5624 3211 5698; x_wconf 47' lang='lat' dir='ltr'><strong>nisi;</strong></span> <span class='ocrx_word' id='word_1_933' title='bbox 3250 5624 3350 5697; x_wconf 78' lang='lat' dir='ltr'><strong>viri</strong></span> <span class='ocrx_word' id='word_1_934' title='bbox 3396 5634 3618 5712; x_wconf 42' lang='lat' dir='ltr'><strong>quiq”;</strong></span> <span class='ocrx_word' id='word_1_935' title='bbox 3636 5624 3797 5712; x_wconf 60' lang='grc' dir='ltr'><strong>ΕῨΪΞ</strong></span> 
     </span>
    </p>
   </div>
   <div class='ocr_carea' id='block_1_129' title="bbox 2258 5694 3793 5785">
    <p class='ocr_par' dir='ltr' id='par_1_129' title="bbox 2258 5694 3793 5785">
     <span class='ocr_line' id='line_1_132' title="bbox 2258 5694 3793 5785; baseline -0.012 -17"><span class='ocrx_word' id='word_1_936' title='bbox 2258 5694 2615 5785; x_wconf 46' lang='lat' dir='ltr'><strong>abrasas;</strong></span> <span class='ocrx_word' id='word_1_937' title='bbox 2648 5694 2966 5785; x_wconf 57' lang='lat' dir='ltr'><strong>amissaa</strong></span> <span class='ocrx_word' id='word_1_938' title='bbox 3022 5694 3273 5778; x_wconf 56' lang='lat' dir='ltr'><strong>suum;</strong></span> <span class='ocrx_word' id='word_1_939' title='bbox 3287 5694 3513 5785; x_wconf 47' lang='grc' dir='ltr'>ξιιιιιῑυις</span> <span class='ocrx_word' id='word_1_940' title='bbox 3531 5694 3793 5785; x_wconf 47' lang='lat' dir='ltr'><strong>etiamfuga:</strong></span> 
     </span>
    </p>
   </div>
   <div class='ocr_carea' id='block_1_130' title="bbox 2260 5766 3795 5855">
    <p class='ocr_par' dir='ltr' id='par_1_130' title="bbox 2260 5766 3795 5855">
     <span class='ocr_line' id='line_1_133' title="bbox 2260 5766 3795 5855; baseline -0.008 -16"><span class='ocrx_word' id='word_1_941' title='bbox 2260 5766 2558 5839; x_wconf 65' lang='lat' dir='ltr'><strong>desiderari</strong></span> <span class='ocrx_word' id='word_1_942' title='bbox 2582 5791 2639 5855; x_wconf 87' lang='lat' dir='ltr'><strong>ut</strong></span> <span class='ocrx_word' id='word_1_943' title='bbox 2668 5766 2967 5855; x_wconf 57' lang='lat' dir='ltr'><strong>absolutam</strong></span> <span class='ocrx_word' id='word_1_944' title='bbox 2994 5766 3269 5855; x_wconf 39' lang='lat' dir='ltr'><strong>tantoque.</strong></span> <span class='ocrx_word' id='word_1_945' title='bbox 3286 5766 3795 5855; x_wconf 50' lang='lat' dir='ltr'><strong>HispaniensiLSjﬂ&#39;ff</strong></span> 
     </span>
    </p>
   </div>
   <div class='ocr_carea' id='block_1_131' title="bbox 2261 5836 3785 5920">
    <p class='ocr_par' dir='ltr' id='par_1_131' title="bbox 2261 5836 3785 5920">
     <span class='ocr_line' id='line_1_134' title="bbox 2261 5836 3785 5920; baseline -0.018 -11"><span class='ocrx_word' id='word_1_946' title='bbox 2261 5836 2403 5912; x_wconf 71' lang='lat' dir='ltr'><strong>adeo</strong></span> <span class='ocrx_word' id='word_1_947' title='bbox 2425 5836 2725 5911; x_wconf 68' lang='lat' dir='ltr'><strong>catholicae</strong></span> <span class='ocrx_word' id='word_1_948' title='bbox 2744 5836 3265 5913; x_wconf 44' lang='lat' dir='ltr'><strong>magisidem};</strong></span> <span class='ocrx_word' id='word_1_949' title='bbox 3286 5836 3512 5920; x_wconf 50' lang='lat' dir='ltr'><strong>big-nam</strong></span> <span class='ocrx_word' id='word_1_950' title='bbox 3559 5836 3785 5896; x_wconf 82' lang='lat' dir='ltr'><strong>librorum</strong></span> 
     </span>
    </p>
   </div>
  </div>
