4070 6362
503 296 610 355 263

506 505 686 563 nalem
740 500 1057 557 Lorenzana
1089 544 1104 569 ,
1153 500 1514 570 autograpbas
1567 498 1821 567 quidem,
1873 496 1966 551 sed
2022 496 2093 549 ita

504 594 879 664 frequentibus
916 591 1094 647 lituris
1139 600 1195 646 et
1230 591 1659 646 correcdonibns
1696 604 2008 659 respersas,
2042 593 2099 640 ut

504 688 703 744 merito
726 685 960 741 dubitari
988 685 1161 755 possit
1187 699 1252 739 an
1279 684 1582 754 exemplum
1612 698 1797 737 carum
1830 681 1881 735 in
1907 680 2098 751 Hispa-

510 782 654 836 niam
686 781 908 836 missum
940 778 1189 832 omnibus
1218 778 1271 831 in
1303 776 1545 847 partibus
1575 774 1896 829 consentiat.
1943 773 2000 827 In
2041 788 2101 828 re

509 874 625 945 ipsa
656 880 805 929 certe
830 871 920 926 vix
946 870 1111 925 ullum
1145 869 1431 925 discrimen
1459 866 1828 924 intercessisse
1857 866 2100 922 credide-

509 967 632 1023 rim.
686 965 917 1020 Primam
974 964 1258 1035 epistolam
1303 963 1480 1017 datam
1530 962 1723 1032 opinor
1752 976 1896 1016 anno
1925 959 2097 1030 I782,

507 1075 628 1132 quae.
653 1062 767 1115 sine
796 1059 1143 1129 inscriptione
1172 1057 1277 1111 ulla
1306 1057 1496 1127 incipit
1525 1074 1538 1110 :

510 1174 777 1229 Zaccaria:
799 1172 1013 1244 epistola
1044 1171 1113 1225 ad
1141 1171 1632 1225 excellentissiman:
1651 1171 2099 1244 archiepiscopum

583 1240 886 1300 Toletanum
913 1260 1048 1297 nunc
1077 1244 1539 1298 eminentissimum
1562 1241 1881 1295 cardinalem
1904 1240 2101 1294 Laren-

583 1332 787 1370 sanam.

577 1410 630 1464 9.
675 1409 1071 1465 Recreaverant
1114 1421 1201 1461 me
1229 1406 1505 1460 Toletanze
1549 1404 1767 1466 litterae,
1814 1418 1879 1457 ex
1908 1402 2101 1473 quibus

508 1494 819 1548 acceperam
840 1522 854 1545 ,
882 1490 1088 1549 quanta
1132 1478 1301 1549 anim_i
1334 1478 1593 1549 facilitate
1638 1492 1741 1549 non
1783 1474 1959 1527 solum
1992 1488 2097 1525 ma-

510 1544 718 1620 gnificis
764 1544 880 1606 istis
901 1544 1027 1620 tuis
1079 1564 1202 1602 eum
1253 1547 1639 1620 Toletanorum
1682 1544 1933 1620 Patrum,
1985 1552 2100 1597 tum

507 1617 875 1678 Conciliorum
908 1619 1179 1690 Hispania:
1195 1618 1559 1690 ieditionibus,
1614 1631 1699 1670 me
1729 1617 1934 1690 donare
1962 1631 2097 1690 con-

506 1693 798 1759 stituisses,
827 1692 923 1747 sed
951 1687 1113 1745 etiam
1145 1689 1213 1743 ad
1257 1703 1405 1755 cam,
1444 1703 1604 1756 quam
1650 1687 1903 1759 abinultis
1944 1689 2100 1759 annis

508 1764 728 1819 molitus
755 1756 905 1827 sum,
947 1761 1189 1817 omnium
1233 1759 1650 1813 Isidorianorum
1696 1756 1953 1810 librorum
1986 1758 2099 1810 edi-

508 1836 712 1888 tionem
760 1832 957 1901 insigni
990 1833 1174 1887 nescio
1204 1831 1361 1897 cujus
1391 1830 1650 1885 hactenus
1698 1828 1884 1901 inediti
1919 1828 2098 1901 operis

510 1898 891 1959 additamento
930 1902 1391 1971 locupletandam,
1425 1901 1673 1968 hancque
1717 1899 1887 1966 ipsam
1909 1937 1936 1971 ,Α
1958 1898 2098 1971 diffi-

511 1977 725 2029 cilimis
773 1976 899 2029 licet
947 1969 1307 2043 temporibus,
1355 1972 1534 2039 aliquo
1578 1970 1837 2043 pecunia;
1862 1969 2100 2024 subsidio

507 2045 809 2115 juvandam
834 2040 1183 2099 declarasses.
1225 2043 1349 2115 Nec
1375 2057 1505 2115 vero
1543 2041 1684 2094 aliud
1713 2040 2096 2115 mihiexspec-

512 2110 734 2171 iandum
788 2114 979 2177 fuerat,
1026 2117 1139 2168 sive
1191 2112 1533 2182 amplissima:
1585 2120 1689 2165 tuac
1741 2110 1920 2182 sedis,
1982 2125 2101 2179 qum

512 2187 774 2243 lsidorum
803 2186 1031 2241 duorum
1064 2183 1203 2255 apud
1241 2181 1299 2239 se
1320 2184 1673 2239 conciliorum
1700 2181 1978 2255 pncsidem
2006 2182 2103 2255 hac

510 2258 691 2313 huisse
721 2258 1001 2325 gloriatur,
1033 2252 1385 2325 dignitatem,
1418 2255 1533 2308 sive
1577 2254 1849 2325 singulare
1878 2252 1942 2325 in_
1963 2253 2103 2325 anti-

510 2344 650 2398 quos
673 2321 943 2396 Hispaniae
971 2321 1160 2381 Patres
1179 2364 1193 2389 ,
1226 2341 1455 2395 quorum
1489 2323 1901 2398 saneprinceps
1924 2321 2099 2398 Isido-

512 2392 604 2454 rus
624 2411 727 2465 εει,
751 2392 863 2453 sive
883 2392 1374 2466 exquisitissimam,
1397 2410 1502 2464 qua
1527 2394 1717 2463 polles,
1744 2392 2102 2448 eruditionem

513 2468 900 2525 consideranti.

584 2540 672 2594 10.
715 2538 911 2594 Verum
944 2538 1151 2609 (patere
1180 2537 1353 2602 enim,
1386 2534 1579 2609 praesul
1606 2534 2101 2609 excellentissime,

515 2619 575 2665 ut
615 2611 849 2665 animum
881 2605 983 2664 tibi
1015 2624 1192 2665 meum
1238 2607 1511 2661 liberrime
1548 2605 1801 2675 pandam)
1856 2606 2103 2660 nonnihil

510 2680 642 2750 [ipsi
670 2696 793 2737 cum
822 2688 1010 2750 postea
1055 2680 1295 2749 cogitare
1343 2687 1395 2731 te
1435 2676 1503 2750 de
1547 2692 1666 2750 mea
1720 2676 1821 2730 hac
1862 2676 2104 2732 editione

511 2749 691 2810 Toleti
720 2746 958 2807 curanda
998 2746 1406 2804 intellexissent.
1447 2746 1578 2805 Nam
1627 2748 1671 2800 si
1708 2760 2098 2816 repugnarem,

516 2824 742 2879 verebar
769 2838 837 2878 ne
866 2829 957 2876 aut
1000 2820 1051 2874 in
1079 2827 1281 2874 tantam
1304 2833 1465 2886 quam
1494 2832 1618 2885 erga
1652 2832 1736 2871 me
1764 2819 2101 2886 prmtctulisti

514 2894 903 2950 humanitatem
949 2892 1218 2960 ingratus,
1249 2896 1343 2942 aut
1382 2889 1434 2943 in
1465 2903 1582 2960 mea
1612 2888 1873 2958 petitione
1905 2889 2103 2944 inoles-

518 2973 601 3020 tus
630 2964 728 3019 tibi
750 2972 911 3032 atque
937 2958 1429 3032 importunusesse
1458 2958 1703 3014 viderer..
1726 2960 1888 3029 Atqui
1922 2968 2102 3032 tamen

515 3051 740 3090 necesse
765 3030 848 3089 est
878 3042 935 3088 ut
962 3030 1057 3087 tibi
1078 3030 1423 3101 gravissimas
1452 3045 1583 3101 sane
1613 3045 1804 3084 causas
1831 3030 2100 3101 aperiam,

516 3121 614 3177 cur
628 3105 789 3177 335
806 3105 874 3158 ab
887 3104 989 3158 hoc
1012 3113 1066 3157 te
1076 3100 1338 3177 dimoveri
1363 3100 1590 3177 consilio
1613 3102 1846 3154 maxime
1863 3100 2097 3177 cupiam.

514 3171 802 3248 Atqde'ilia
831 3182 981 3229 certe
1008 3174 1226 3226 maximi
1263 3171 1519 3248 ponderis
1544 3179 1656 3248 est,
1689 3186 1809 3248 qua:
1842 3186 1961 3225 sese
1992 3171 2101 3248 pri-

517 3242 665 3303 mum
684 3245 876 3311 offert,
902 3257 1153 3312 magnum
1172 3285 1186 3309 ,
1218 3259 1325 3313 quo
1352 3242 1724 3313 disiungimur,
1751 3242 1993 3297 locorum
2018 3243 2102 3296 in-

516 3317 820 3375 tervallum.
854 3314 1169 3381 Nuperrime
1195 3312 1318 3367 cum
1353 3312 1580 3368 duorum
1622 3322 1715 3365 aut
1746 3313 1903 3366 trium
1935 3328 2103 3367 anno-

515 3405 634 3444 rum
677 3385 1087 3457 exspectatione
1134 3382 1419 3457 fatigatus,
1470 3381 2096 3457 tandem_pos_tremani,

512 3474 633 3528 qua:
666 3452 797 3528 mihi
827 3456 1127 3528 necessaria
1148 3452 1259 3522 est,
1293 3454 1657 3528 Matritensem
1688 3452 1745 3528 S.
1774 3452 1961 3507 Isidori
1985 3455 2101 3508 edi-

516 3524 718 3584 tionem
759 3525 997 3582 Gadibus
1045 3528 1422 3596 impetrassem
1451 3566 1465 3590 ,
1536 3524 1725 3593 viginti
1766 3528 2019 3596 quinque
2070 3540 2100 3578 a

514 3596 836 3654 Liburnensi
883 3605 1044 3669 portu
1095 3594 1415 3669 milliaribus
1463 3596 1623 3665 periit
1670 3594 1939 3669 navicula
1980 3611 2101 3663 qua:

514 3684 695 3725 meum
723 3663 984 3724 Isidorum
1015 3666 1312 3724 deferebat.
1348 3669 1427 3720 An
1460 3663 1565 3719 non
1596 3663 1785 3720 eodem
1806 3668 1859 3718 in
1883 3665 2099 3734 itinere,

513 3749 607 3795 aut
634 3740 826 3804 etiam,
857 3740 1003 3810 quod
1035 3755 1142 3794 non
1172 3738 1338 3810 semel
1374 3736 1802 3810 aecidit,‘lsthic
1838 3738 1977 3810 apud
2019 3738 2102 3806 ip-

511 3827 630 3883 sum
658 3806 1051 3883 typographum
1071 3852 1085 3877 ,
1108 3809 1341 3883 _aut_alio
1378 3824 1484 3883 non
1516 3806 1900 3883 absimilicasu
1930 3807 2099 3883 inter:

511 3878 698 3938 cidere
720 3878 936 3953 posset,
977 3880 1124 3950 quod
1164 3880 1253 3953 ad
1274 3890 1334 3953 te
1362 3880 1665 3953 mitterem,
1700 3878 1965 3953 edendum
1996 3878 2101 3933 mei

512 3955 691 4022 operis
723 3948 1068 4022 exemplum?
1100 3950 1290 4013 Aliud,
1325 3950 1563 4018 inquies,
1608 3948 1834 4022 aptid‘te
1860 3958 2095 4022 servato.

510 4017 583 4080 At
610 4040 769 4081 nemo
799 4033 852 4081 te
883 4017 1075 4079 melius
1116 4022 1368 4091 intelligit
1403 4017 1568 4089 quam
1612 4017 1833 4073 dimcile
1871 4018 2101 4091 sitrtres

507 4109 713 4166 eosque
752 4094 1096 4166 praegrandes
1139 4090 1315 4147 tomos
1360 4107 1519 4162 posse
1553 4106 1706 4166 nunc
1740 4090 2001 4166 exscribi,
2034 4105 2097 4145 ac

511 4159 722 4222 sum-ma
746 4159 940 4221 deinde
968 4164 1241 4232 diligentia
1261 4206 1274 4226 ,
1325 4159 1383 4216 ιιί
1420 4161 1639 4215 omnino
1679 4174 1900 4212 necesse
1928 4159 2099 4226 foret,

509 4237 825 4307 recognosci
858 4236 1086 4307 intanta
1115 4232 1702 4307 variarumlectionum
1734 4237 1898 4307 atque
1912 4245 2099 4307 ‘anno-

511 4300 782 4362 tatio'num
812 4306 967 4375 copia
998 4323 1010 4356 :
1043 4305 1171 4372 quin
1194 4311 1249 4357 et
1275 4301 1573 4375 diutissime
1601 4300 1961 4369 protrahenda
1988 4302 2101 4357 edi-

511 4377 591 4433 tio
632 4386 805 4443 esset,
834 4372 897 4433 ειῖ
912 4375 1147 4431 maxima
1177 4372 1384 4443 argenti
1423 4372 1475 4424 vi
1515 4386 1869 4426 amanuenses
1900 4387 2100 4443 repen-

512 4447 695 4504 dendL

588 4520 674 4575 11.
715 4519 851 4588 Quid
872 4532 1004 4574 vero
1026 4517 1069 4572 si
1094 4513 1563 4588 plurimaquidem
1582 4556 1597 4583 ,
1619 4528 1682 4569 ac
1711 4514 2099 4588 penedixerim

515 4585 926 4648 innumerabilia
968 4589 1021 4643 in
1071 4585 1390 4641 adversariis
1416 4586 1643 4640 habeam
1695 4586 1761 4639 ad
1803 4585 2097 4640 editionem

514 4727 579 4787 ca
609 4733 736 4787 mihi
764 4727 979 4800 semper
1017 4745 1169 4783 mens
1206 4727 1336 4795 luit,
1372 4737 1433 4783 ut
1461 4744 1601 4800 cum
1642 4727 2100 4800 Mtecenatemftui

515 4803 747 4857 similem
775 4798 966 4857 nacius
990 4816 1166 4855 essem
1185 4839 1199 4863 ,
1230 4800 1322 4867 qui
1342 4799 1634 4854 editionem
1661 4800 1774 4852 suis
1798 4798 2101 4867 sumptibus

516 4873 768 4928 facillima
798 4874 1182 4941 impressorum
1222 4875 1592 4941 exemplorum
1641 4869 1981 4932 venditione,
2044 4879 2101 4923 ut

516 4943 703 5012 decet,
731 4941 1147 5013 compensandis
1171 4950 1419 5013 curaret,
1458 4942 1526 4996 ad
1564 4956 1682 4995 eam
1711 4949 1837 4993 tunc
1868 4941 2099 5013 primum

517 5030 708 5069 manus
752 5011 1126 5081 admoverem,
1162 5011 1468 5084 eodemque
1506 5021 1748 5081 tempore
1788 5019 1844 5084 et
1891 5012 2101 5084 edenda

517 5086 722 5154 scripto
746 5084 1150 5153 consignarem,
1199 5092 1253 5138 et
1292 5081 1492 5153 scripta
1538 5082 1872 5154 typograplio
1910 5081 2097 5150 impri-

518 5153 712 5210 menda
739 5157 1097 5211 traderentur.
1128 5154 1314 5223 Neque
1347 5156 1399 5209 id
1432 5153 1745 5213 miraberis,
1777 5154 1967 5223 praesul
2001 5167 2100 5205 ex—

519 5226 930 5293 cellentissime,
961 5227 1053 5296 qui
1083 5222 1253 5296 probe
1297 5224 1553 5296 intelligis
1585 5229 1787 5296 quanto
1834 5222 1962 5296 mihi
2003 5229 2098 5277 ta:-

517 5296 609 5353 dio
626 5298 861 5353 futurum
876 5292 1063 5353 fuisset
1081 5292 1285 5351 [extum
1306 5295 1617 5357 emendare,
1644 5292 1817 5346 varias
1838 5292 2098 5349 lectiones

519 5368 779 5440 adjicere,
812 5368 1130 5440 opportunis
1158 5383 1281 5423 cum
1310 5367 1443 5440 meis
1468 5376 1579 5417 tum
1611 5364 1837 5440 aliorum
1870 5371 2098 5419 annota-

519 5439 755 5495 tionibus
801 5437 1026 5496 obscnra
1075 5439 1192 5492 loca
1238 5437 1543 5506 explicare,
1597 5437 1725 5503 quin
1778 5443 1924 5489 certa
1973 5450 2099 5505 spes

517 5507 797 5580 affulgeret
827 5521 934 5566 tam
962 5508 1217 5564 laboriosi
1245 5505 1426 5576 operis
1470 5505 1759 5576 aliquando
1791 5507 2008 5561 tandem
2047 5508 2103 5563 in

518 5583 692 5641 lucem
722 5583 1019 5637 emittendi.

589 5657 675 5712 12.
700 5654 1068 5725 Quamobrem
1088 5648 1238 5704 vides
1272 5663 1377 5725 non
1405 5661 1693 5725 posse_me
1715 5647 1861 5725 ,_nisi
1891 5647 2098 5725 Romae,

518 5726 609 5783 ubi
636 5718 804 5800 dego,
840 5728 907 5795 de
943 5721 1182 5782 editione
1230 5721 1490 5800 cogitare:
1537 5718 1792 5800 δὴ.ψὶὺὶ
1830 5723 2097 5789 pecunia:

518 5809 628 5853 Ino
655 5789 893 5854 alierove
920 5806 1040 5869 post
1076 5805 1265 5869 mense
1286 5790 1618 5869 suscipictur
1645 5789 1733 5848 illa
1751 5831 1767 5860 ,
1800 5806 1974 5863 neque
2002 5810 2100 5848 un-

520 5882 680 5937 quam
709 5867 940 5926 cessabit
962 5869 1087 5923 dum
1113 5867 1441 5939 perficiatur.

1233 289 1326 345 AD
1363 290 1592 347 OPERA
1632 290 1690 346 S.
1730 289 1981 346 ISIDORI
2020 287 2454 347 IIISPALENSIS
2495 288 3034 348 PROLEGOMENA.

501 410 679 468 habeo
720 405 987 464 Zaccarize
1025 404 1283 476 epistolas
1311 406 1378 461 ad
1406 404 1881 461 eminentissimum
1913 403 2092 458 cardi-
2125 409 2167 465 Α

3681 298 3829 355 264

2270 408 2376 480 15.
2401 406 2621 480 Accedit
2650 406 2716 480 ad
2748 406 2887 480 haec,
2923 404 3039 461 fieri
3068 420 3177 461 non
3219 420 3379 480 posse
3418 408 3553 480 quin
3585 411 3824 468 crebra

2199 479 2546 534 suboriuntur
2574 478 2941 532 dubitationes
2961 518 2974 539 ,
3009 478 3306 547 praesertim
3339 478 3487 548 quod
3514 480 3583 534 ad
3610 484 3819 539 varias

2201 551 2466 622 lectiones
2490 549 2713 622 attinet,
2744 550 2838 622 vix
2869 548 3170 622 diluendae,
3204 550 3303 604 nisi
3334 567 3475 605 nova
3505 568 3683 622 eaque
3710 556 3813 610 la-

2199 622 2397 676 cillima
2430 619 2722 683 Codcum,
2753 620 2845 689 qui
2868 620 2955 675 hic
2985 634 3179 688 magno
3209 637 3437 677 numero
3468 619 3623 689 sunt,
3654 642 3817 681 con-

2200 693 2512 747 sultatione.
2544 691 2611 743 At
2647 691 2775 759 quid
2818 691 2863 745 si
2903 691 3327 762 manuscriptum
3373 709 3555 749 meum
3605 711 3815 752 exem-

2200 764 2345 834 plum
2371 763 2529 834 isthic
2554 763 2743 834 esset?

2272 833 2361 889 14.
2400 832 2523 899 Hm,
2551 848 2618 887 ne
2647 832 2856 906 longior
2880 833 3165 906 simiquam
3196 850 3292 905 par
3319 844 3426 900 est,
3460 838 3807 906 gravissime

2200 921 2301 961 cau
2331 921 2376 960 ω
2400 917 2526 959 sunt
2554 919 2648 958 cur
2670 902 2946 960 Toletantc
2980 902 3275 961 Romanam
3308 908 3437 962 mihi
3465 902 3797 964 'editionein

2200 976 2505 1031 nece-sario
2530 973 2913 1048 praeferendam
2930 992 3200 1032 censeam.
3228 977 3331 1032 Eas
3353 994 3451 1048 pro
3485 988 3577 1033 tua
3600 981 3799 1036 harum

2200 1063 2381 1121 rerum
2414 1047 2748 1121 experientia
2779 1046 2823 1101 si
2871 1048 3255 1121 perpenderis,
3285 1046 3469 1117 quidni
3497 1052 3639 1120 aequi
3681 1052 3805 1106 illas
3900 1108 3905 1121 ,

2204 1118 2443 1188 bonique
2477 1128 2529 1171 te
2568 1117 2832 1172 facturum
2865 1122 3117 1188 sperem?
3166 1119 3351 1188 Neque
3400 1117 3583 1175 tamen
3640 1132 3797 1177 tuum

2202 1189 2333 1243 mihi
2355 1187 2660 1243 defuturum
2682 1187 2940 1262 auxilium
2954 1200 3165 1262 metuo.
3200 1187 3386 1259 Itaque
3404 1192 3535 1245 illud
3561 1193 3799 1262 primum

2203 1276 2233 1314 a
2284 1270 2335 1315 te
2377 1270 2539 1329 peto,
2588 1269 2646 1331 ut
2685 1259 2985 1331 cujusmodi
3036 1262 3107 1314 sit
3151 1262 3297 1330 quod
3341 1262 3485 1331 apud
3526 1259 3581 1317 te
3625 1264 3797 1319 latere

2205 1332 2445 1386 intellexi
2498 1330 2758 1387 ἀνέκδοτον
2804 1329 2862 1385 S.
2908 1330 3098 1387 Isidori
3149 1329 3501 1401 opusculum,
3535 1349 3625 1388 ine
3672 1336 3805 1389 edo-

2204 1418 2349 1458 ceas.
2377 1402 2489 1457 Hoc
2509 1403 2654 1457 enim
2680 1402 2769 1456 tibi
2790 1402 2918 1455 mihi
2948 1402 3364 1472 signiticaveris,
3389 1405 3572 1458 statim
3596 1421 3798 1460 novum

2205 1488 2339 1527 mea:
2359 1473 2608 1527 editionis
2629 1481 2975 1542 conspectum
3001 1473 3085 1528 hic
3106 1474 3277 1538 edam,
3313 1474 3420 1528 late
3450 1490 3545 1543 per
3566 1475 3796 1541 Italiam,

2207 1544 2514 1613 Ilispanias,
2532 1543 2761 1597 Galliam
2786 1543 3025 1613 aliasque
3045 1546 3292 1613 regiones
3305 1545 3796 1610 disseminandum,

2204 1631 2313 1685 quo
2343 1615 2488 1669 docti
2512 1616 2609 1669 viri
2641 1616 2706 1668 ad
2732 1630 2929 1669 nomen
2957 1632 3113 1669 suum
3145 1616 3268 1670 huic
3313 1616 3536 1671 editioni
3560 1616 3802 1671 dandum

2207 1688 2523 1747 invitentur,
2567 1685 2697 1754 quin
2735 1688 3025 1755 quidquam
3068 1687 3308 1756 pecuniae
3356 1686 3411 1741 in
3457 1695 3803 1743 antecessum

2210 1766 2526 1821 numerent,
2576 1766 2791 1827 pactum
2831 1757 3062 1825 pretium
3107 1772 3213 1811 non
3261 1757 3364 1813 nisi
3417 1758 3512 1813 ubi
3556 1759 3805 1827 singulos

2134 1812 2177 1873 Β
2206 1837 2383 1885 tomos
2415 1812 2725 1897 acceperint
2750 1812 3094 1898 peisoluturi.

2280 1900 2367 1954 15.
2412 1898 2615 1953 Deinde
2644 1899 2745 1953 hoc
2777 1899 3011 1955 maxime
3041 1898 3198 1953 velim
3220 1940 3233 1963 ,
3272 1908 3334 1954 ut
3374 1915 3442 1956 ne
3481 1915 3682 1956 renuas
3713 1900 3810 1955 lsi-

2207 1972 2487 2026 dorianam
2538 1971 2677 2023 hanc
2716 1968 3009 2025 editionem
3067 1971 3398 2039 amplissimo
3447 1973 3655 2027 nomini
3710 1981 3809 2026 tuo

2207 2043 2446 2097 inscribi.
2479 2042 2747 2107 Quoniam
2777 2056 2907 2094 vero
2928 2043 3199 2096 sociorum
3243 2057 3527 2097 numerum
3558 2044 3687 2098 satis
3710 2058 3811 2097 ex-

2207 2115 2388 2184 pensis
2426 2112 2650 2184 secundi
2680 2112 2997 2177 voluminis,
3040 2128 3103 2184 ac
3132 2113 3387 2183 deinceps
3422 2114 3564 2168 tertii
3596 2129 3801 2182 suppe~

2206 2182 2439 2238 ditandis
2468 2182 2711 2253 futurum
2742 2184 2903 2253 336
2928 2199 3035 2237 non
3062 2183 3250 2239 dubito
3270 2227 3285 2251 ,
3317 2182 3421 2239 erit
3451 2184 3812 2240 humanitatis

2210 2264 2331 2320 tuae,
2355 2255 2539 2325 tuique
2566 2255 2619 2308 in
2637 2252 2898 2308 Isidorum
2926 2253 3086 2308 studii
3115 2262 3321 2310 tantum
3348 2258 3588 2325 pecuniae
3608 2255 3811 2310 saltem

2207 2324 2649 2391 subministrare,
2694 2335 2956 2393 quantum
2989 2324 3281 2380 editionem
3327 2324 3484 2395 primi
3514 2326 3811 2381 voluminis

2210 2405 2264 2451 ct
2289 2396 2356 2469 ab
2382 2394 2803 2469 amanuensibus
2828 2396 3149 2469 parandam,
3180 2404 3291 2469 eta
3318 2398 3659 2469 typographo
3682 2412 3811 2469 ma-

2206 2467 2649 2537 gnificentissime
2672 2467 3055 2538 perficiendam
3081 2467 3357 2537 postulare
3386 2467 3812 2533 existimaveris,

2208 2553 2272 2594 ea
2306 2548 2485 2593 tamen
2518 2538 2657 2606 lege,
2691 2553 2855 2607 quam
2896 2552 3059 2608 supra
3100 2538 3424 2603 iudicabam,
3458 2550 3515 2591 ut
3544 2538 3814 2607 quidquid

2208 2610 2553 2679 expenderis.
2587 2608 2962 2679 exemplorum
3007 2624 3233 2665 numero
3260 2616 3317 2664 et
3356 2608 3669 2664 venditione
3706 2608 3813 2664 tibi

2208 2681 2550 2735 sarciendum
2578 2679 2739 2734 scias.

2283 2750 2369 2805 16.
2418 2750 2575 2822 Vide,
2592 2750 2797 2822 praesul
2826 2750 3181 2819 amplissime,
3205 2758 3611 2822 quantaitecum
3638 2750 3808 2805 Iiber-

2209 2829 2322 2877 tate
2351 2837 2526 2892 agam.
2560 2820 2636 2875 Nc
2665 2821 2745 2885 id,
2779 2836 2985 2889 quaeso,
3016 2824 3145 2877 vitio
3176 2820 3375 2877 vertas.
3408 2821 3540 2876 Mec
3571 2822 3805 2891 primum

2208 2892 2526 2961 ingenuitati
2558 2892 2610 2945 id
2643 2892 2836 2956 tribue,
2862 2894 3106 2947 comitati
3132 2892 3325 2947 deinde
3352 2902 3476 2958 tute,
3509 2908 3629 2961 quae
3660 2900 3718 2947 ut
3748 2893 3805 2946 in

2209 2972 2263 3019 te
2293 2962 2509 3017 Patrem
2541 2963 2972 3034 amantissimum
3000 2964 3312 3034 pervideam
3343 2963 3544 3018 effecit.
3589 2963 3805 3018 Interea

2206 3036 2606 3091 sanctissimum
2662 3033 3058 3102 Ilispalensium
3116 3034 3401 3103 praesulem
3450 3048 3646 3103 rogare
3692 3050 3802 3089 non

2208 3106 2472 3169 desinam,
2507 3112 2565 3158 ut
2606 3112 2657 3158 te
2699 3103 2950 3175 Hispanae
2980 3104 3235 3160 Ecclesiae
3270 3106 3594 3160 incolumem
3639 3121 3804 3175 quam

2207 3176 2511 3231 diutissime
2538 3183 2733 3229 servet.
2762 3173 2842 3229 Ex
2876 3173 3039 3230 Urbe.

2280 3246 2367 3300 I7.
2411 3245 2652 3317 Meminit
2680 3246 2732 3299 in
2758 3245 2844 3300 his
2873 3245 3069 3300 litteris
3101 3245 3356 3301 Zaccaria
3382 3246 3513 3302 novi
3540 3261 3805 3317 conspec-

2208 3326 2294 3373 tus
2354 3331 2514 3386 quem
2573 3316 2736 3371 edere
2790 3317 3033 3388 parabat.
3084 3317 3192 3371 Sed
3242 3318 3461 3372 brevem
3510 3316 3804 3388 quemdam

2207 3396 2560 3457 conspectum
2593 3388 2849 3457 editionis
2878 3386 3187 3441 lsidoriante
3226 3388 3293 3441 ad
3328 3386 3805 3457 archiepiscopum

2207 3456 2525 3513 Toletanum
2548 3456 2744 3513 deferri
2762 3458 2873 3525 jam
2896 3468 3201 3521 curaverat,
3224 3467 3283 3513 ut
3304 3456 3531 3528 Opinor,
3547 3474 3645 3528 per
3666 3456 3805 3513 duos

2205 3530 2408 3583 ordinis
2436 3528 2532 3583 SS.
2567 3528 2845 3583 Trinitatis
2875 3530 3111 3597 insignes
3140 3531 3283 3583 viros
3308 3573 3321 3593 ,
3355 3530 3586 3584 alterum
3618 3528 3807 3584 Roma:

2209 3610 2336 3655 tunc
2364 3610 2792 3655 commorantem
2837 3598 2896 3653 P.
2928 3599 3222 3655 Antonium
3250 3598 3507 3666 Quevedo
3540 3615 3808 3668 procura-

2206 3679 2381 3727 torem
2430 3671 2772 3738 generalem,
2838 3671 3068 3740 alterum
3136 3670 3429 3740 provincia:
3475 3669 3806 3725 Castellana:

2204 3742 2515 3812 praefectum
2548 3740 2926 3812 P._Martinum
2956 3739 3153 3810 Ortega
3181 3759 3193 3794 :
3225 3741 3317 3810 qui
3365 3741 3663 3795 editionem
3706 3742 3803 3797 Isi-

2203 3809 2485 3868 dorianam
2515 3812 2579 3865 ad
2612 3809 2820 3866 felicem
2843 3812 3045 3867 exitum
3073 3809 3296 3881 provehi
3324 3812 3804 3868 vehementissime

2205 3884 2484 3954 optabant.
2516 3881 2690 3951 Atque
2713 3884 2827 3937 haec
2851 3883 3077 3937 fortasse
3099 3894 3180 3939 est
3198 3898 3359 3938 causa
3378 3924 3392 3950 ,
3424 3898 3523 3937 cur
3541 3882 3803 3954 Za_ccaria

2204 3952 2633 4017 existimaverit,
2664 3954 2948 4021 praesulem
2976 3954 3296 4008 Toletanum
3326 3954 3464 4009 velle
3509 3962 3570 4006 ut
3610 3952 3807 4007 Isidori

2203 4023 2380 4095 Opera
2417 4024 2592 4078 Toleti
2633 4024 3023 4091 exuderentur,
3074 4041 3196 4079 cum
3240 4024 3416 4093 potius
3457 4022 3804 4078 Matritcnses

2208 4107 2363 4167 typos
2387 4094 2951 4167 commendatissimus
2999 4096 3209 4167 pracsni
3227 4096 3293 4149 ad
3323 4095 3618 4149 editionem
3636 4166 3644 4167 ί
3661 4095 3808 4149 desi-

2240 4164 2447 4221 nbasset.
2482 4164 2685 4236 Eodem
2737 4164 2936 4229 refero,
2987 4164 3132 4236 quod
3175 4165 3444 4221 Zaccaria:
3490 4166 3805 4236 nuntiatum

2230 4238 2390 4301 uerit,
2426 4236 2565 4306 apud
2594 4235 2914 4290 Toletanum
2945 4234 3241 4293 antistitem
3286 4236 3557 4305 quoddam
3606 4234 3803 4290 Isidori

2205 4325 2342 4378 opus
2365 4305 2598 4361 nondum
2631 4305 2836 4360 editum
2857 4308 3031 4378 latere
3064 4325 3077 4359 :
3111 4307 3263 4376 cujus
3285 4307 3370 4378 rei
3400 4306 3602 4361 nullam
3646 4323 3804 4378 pror-

2203 4376 2295 4433 sus
2328 4378 2659 4432 mentionem
2689 4377 2903 4432 invenio
2932 4393 3110 4447 neque
3149 4379 3202 4431 in
3249 4376 3490 4446 ejusdem
3540 4376 3803 4447 antistitis

2205 4450 2416 4510 litteris.
2465 4463 2641 4517 neque
2684 4448 2738 4502 in
2781 4446 3250 4503 observationibus
3290 4448 3352 4502 Ι).
3394 4447 3537 4501 Petri
3580 4446 3806 4501 Emma-

2207 4520 2377 4575 nuelis
2406 4518 2746 4583 Hernandez,
2788 4520 3127 4574 bibliotheca:
3155 4517 3635 4589 archiepiscopalis
3660 4534 3802 4588 pree-

640 4592 926 4675 lmerabilia
968 4589 1021 4643 in
1041 4659 1052 4671 ι
1071 4589 1390 4675 adversariis
1416 4589 1643 4675 habeam
1695 4589 1763 4675 ad
1791 4589 2097 4675 “editionem
2135 4615 2180 4675 υ
2208 4591 2352 4675 fecti“,
2378 4589 2446 4675 de
2473 4589 2667 4675 quibus
2698 4605 2843 4645 nunc
2872 4590 3049 4675 dicere
3074 4589 3375 4659 aggredior.

514 4662 869 4732 pertinentia,
898 4658 1223 4732 paucissima
1253 4673 1381 4732 vero
1408 4659 1558 4726 prelo
1588 4657 1813 4732 parata?
1839 4656 2100 4732 Nimirum
2135 4656 2177 4718 ’ἶ

2279 4661 2368 4716 18.
2410 4661 2858 4729 Arcbiepisc0pus
2887 4659 3182 4715 Toletanus
3220 4675 3441 4723 novum,
3465 4673 3629 4729 quem
3665 4658 3805 4714 indi-

2201 4735 2340 4799 cavi,
2379 4739 2732 4799 conspectum
2763 4732 2830 4784 ad
2861 4746 3016 4785 suum
3066 4730 3532 4786 bibliothecarium
3564 4731 3799 4795 remisit,

2201 4812 2260 4858 ut
2284 4804 2337 4857 in
2365 4802 2687 4857 sententiam
2715 4817 2866 4855 suam
2899 4803 2966 4855 de
2994 4817 3060 4856 eo
3088 4802 3373 4871 proferret.
3403 4800 3577 4857 Penes
3607 4818 3697 4871 me
3719 4810 3805 4856 est

2200 4874 2509 4954 exemplum
2553 4870 3143 4954 epistolaznliispaiticai
3185 4873 3583 4954 bibliothecarii
3616 4870 3801 4954 Toleti

2199 4944 2287 4999 die
2311 4940 2378 4998 l5
2404 4940 2645 4999 decem’bi
2661 4944 2705 4999 is
2740 4943 2877 4996 I782
2895 4940 2960 4997 ad
2984 4943 3465 5014 Archiepiscopum
3483 4943 3642 4997 dauc.
3668 4940 3803 4997 Her-

2198 5018 2494 5095 nandeajus
2533 5015 2769 5095 breviter
2808 5015 3032 5095 exponit
3080 5013 3433 5095 conspectum
3488 5013 3793 5094 editionis,

2203 5102 2363 5156 quem
2386 5085 2637 5139 Zaccaria
2669 5085 2687 5138 I
2711 5085 2943 5154 januarii
2968 5086 3095 5156 anni
3123 5083 3262 5138 1758
3287 5083 3802 5156 vulgaverat,cujus

2204 5154 2368 5211 etiam
2394 5160 2445 5211 in
2472 5156 2741 5213 Memoriis
2763 5155 3109 5210 Trivnllianis
3133 5171 3317 5210 mense
3350 5154 3633 5209 Deccmbri
3652 5157 3802 5222 ejus-

2202 5228 2326 5283 dem
2371 5228 2493 5282 anni
2545 5228 2748 5282 mentio
2790 5227 3045 5282 occurrit.
3096 5226 3321 5281 Praetert
3369 5235 3549 5279 autem
3594 5240 3801 5280 novum

2203 5308 2579 5368 conspectum,
2603 5314 2665 5353 ac
2685 5312 3028 5368 summopere
3045 5296 3313 5352 Zaccaritc
3333 5295 3571 5351 studium
3590 5296 3798 5362 laudat,

2205 5378 2265 5424 ut
2292 5370 2688 5439 archiepisCOpi
2717 5370 2954 5423 animum
2987 5370 3052 5421 ad
3084 5369 3266 5438 operis
3290 5368 3654 5439 patrocinium
3678 5382 3803 5439 sus-

2204 5436 2509 5510 cipiendum
2570 5436 2807 5495 inducat.
2862 5436 3256 5510 Animadvertit
3292 5436 3627 5493 ’Zaccariam
3685 5437 3802 5507 jam

2207 5509 2367 5566 aetate
2404 5520 2721 5582 provectum
2749 5525 2899 5573 esse,
2932 5518 2988 5565 et
3024 5509 3240 5582 aliunde
3270 5510 3633 5582 necessarium
3677 5522 3805 5564 esse

2208 5592 2268 5637 ut
2314 5579 2480 5647 editio
2529 5585 2775 5650 exigatur
2822 5583 2889 5637 ad
2928 5596 3057 5636 mss.
3099 5580 3331 5636 Codices
3361 5579 3648 5651 Hispanos,
3702 5592 3803 5635 eos

2209 5655 2532 5723 praesertim,
2554 5654 2645 5722 qui
2669 5653 3015 5723 diligentiam
3030 5661 3404 5707 correctorum
3428 5650 3684 5706 editionis
3714 5664 3805 5704 re-

2206 5721 2307 5793 gite
2338 5721 2663 5779 Matritensis
2688 5722 2956 5791 fugerunt.
2992 5721 3287 5791 Propterea
3315 5723 3517 5790 innuit,
3542 5730 3806 5792 oportere

2214 5804 2271 5851 ut
2302 5797 2479 5853 idonei
2524 5797 2577 5851 in
2610 5796 2859 5869 Hispania
2890 5798 3047 5869 337
3074 5797 3177 5853 viri
3205 5797 3571 5869 designentur,
3602 5800 3803 5869 quibus

2212 5869 2430 5925 collatio
2453 5867 2838 5940 exemplarium
2860 5867 2986 5924 mss.
3008 5867 3399 5938 committatur,
3423 5878 3476 5927 et
3493 5885 3522 5923 a
3540 5867 3798 5930 Zaccaria
