4070 6362
254 371 354 428 οδε

251 483 479 554 aliquem
493 483 580 540 vel
601 484 811 555 aliquos
828 484 952 557 eligi
970 486 1065 557 qui
1084 486 1139 542 in
1161 485 1305 542 idem
1330 501 1468 557 opus
1486 483 1817 550 incumbant,

248 575 296 633 si
322 574 450 647 quid
478 576 786 633 humanitus
806 578 907 649 ipsi
935 578 1212 634 acciderit.

319 667 407 724 l9.
449 666 647 725 Censet
698 667 1099 726 Hernandezius
1135 684 1335 726 novum
1377 666 1645 724 Zaccarite
1690 681 1824 722 con-

246 767 490 830 spectum
521 759 762 816 nondum
803 760 1122 831 perlectum.
1156 760 1415 828 Quamvis
1443 759 1586 815 enim
1627 758 1825 814 biblio-

246 846 373 918 pola
422 844 575 903 Ulloa
611 848 791 904 oleum
820 856 877 904 et
900 865 1120 919 operam
1159 850 1213 904 in
1254 848 1491 905 editione
1530 847 1827 904 Matritensi

244 947 494 995 recenter
533 940 750 1010 vulgata
781 941 1106 1011 perdiderit,
1136 949 1316 999 tamen
1346 940 1676 1013 appendices
1702 941 1825 1012 ejus

245 1030 497 1087 editionis
524 1032 709 1089 locum
734 1033 935 1091 habere
957 1034 1155 1092 debent
1182 1036 1235 1091 in
1263 1051 1406 1093 nova
1434 1035 1672 1092 editione
1700 1051 1828 1107 pro-

244 1125 506 1182 curanda.
538 1126 807 1183 Praeterea
834 1137 1159 1199 conspectus
1187 1145 1286 1200 pro
1306 1129 1560 1201 legitimis
1579 1130 1826 1200 quaedam

244 1230 412 1286 opera
442 1216 681 1281 exhibet,
734 1231 854 1288 quze
883 1227 976 1274 aut
1002 1220 1186 1290 spuria
1230 1228 1360 1275 sttnt
1387 1228 1481 1275 aut
1506 1220 1698 1276 saltem
1724 1219 1827 1275 du-

243 1306 354 1363 bia.
400 1306 478 1364 De
505 1308 571 1364 iis
600 1317 781 1365 tamen
820 1311 1177 1367 commodiori
1211 1320 1456 1382 tempore
1493 1328 1554 1368 se
1580 1321 1828 1368 acturum

242 1399 647 1458 Hernandezius
683 1404 990 1473 pollicetur.
1041 1406 1323 1462 Promissis
1359 1407 1513 1462 stetit
1552 1424 1566 1460 :
1600 1407 1829 1477 ejusque

242 1490 461 1547 Latinas
483 1492 978 1551 animadversiones
1008 1495 1060 1550 in
1094 1494 1456 1566 Conspectum
1494 1496 1748 1552 editionis
1794 1512 1827 1552 a

240 1581 496 1639 Zaccaria
538 1592 741 1654 paratae
780 1585 1218 1657 archiepiscopus
1246 1586 1542 1643 Toletanus
1570 1588 1638 1643 ad
1666 1603 1824 1644 eum-

240 1673 363 1729 dem
416 1674 723 1731 Zaccariam
769 1675 916 1732 misit
953 1677 1112 1733 simul
1151 1694 1273 1733 cum
1323 1677 1405 1733 his
1452 1678 1644 1734 litteris
1693 1693 1830 1747 quas

230 1766 632 1837 archiepiscopi
670 1766 823 1835 signo
853 1768 1085 1822 munitas
1112 1767 1307 1833 habeo,
1338 1776 1395 1823 et
1423 1769 1548 1837 quia
1586 1768 1824 1823 maxime

240 1860 416 1927 dignae
445 1868 568 1916 sunt
592 1874 714 1931 quae
742 1860 810 1915 ab
839 1860 1089 1916 omnibus
1117 1860 1365 1932 legantur
1386 1860 1633 1930 subjicio.

239 1994 547 2053 Clarissima
585 1998 794 2052 domina
825 1996 1108 2053 Francisco
1129 1998 1355 2053 Antonio
1382 1996 1636 2053 Zaccaria
1656 1997 1833 2054 Fran-

474 2069 640 2124 ciscus
670 2068 1087 2140 archiepiscopus
1117 2067 1395 2125 Toletanus
1426 2068 1487 2125 S.
1522 2068 1591 2124 D.

307 2203 403 2259 20.
442 2202 710 2274 Pergratte
765 2204 893 2258 mihi
953 2203 1167 2260 fuerunt
1219 2213 1325 2260 tuae
1375 2204 1590 2269 litteris,
1632 2207 1834 2263 amoris

240 2284 296 2333 et
321 2276 645 2345 reverentiae
675 2274 849 2345 plena:
875 2289 1000 2344 erga
1032 2283 1276 2331 nostrum
1307 2284 1582 2345 parentem
1615 2278 1833 2345 (eodem

239 2346 390 2401 enim
454 2344 1060 2417 aﬁ‘eclu’copulamur)
1108 2344 1409 2417 Isidorum,
1460 2345 1617 2415 cujus
1657 2344 1833 2417 Opera

239 2417 440 2473 merito
489 2414 708 2486 praefers
744 2414 874 2486 aliis
922 2414 1301 2486 Hispaniarum
1353 2415 1605 2473 Patribus
1651 2435 1666 2471 :
1704 2414 1832 2473 nam

239 2486 372 2543 licet
421 2485 703 2556 theologus
734 2485 856 2556 jure
885 2487 1057 2556 possit
1085 2487 1145 2543 S.
1176 2485 1419 2541 Julianus
1458 2487 1512 2541 in
1542 2487 1659 2555 ejus
1698 2504 1832 2543 con-

240 2566 437 2683 ;peclu
462 2556 847 2639 cognominari,
894 2566 1120 2627 propter
1143 2557 1488 2639 omnigenam
1520 2566 1704 2613 tamen
1730 2558 1833 2638 lsi-

277 2642 365 2683 on
408 2626 769 2683 eruditionem
815 2628 1075 2683 ambabus
1122 2628 1265 2683 ulnis
1313 2635 1461 2682 tuam
1505 2636 1833 2683 sententiam

277 2626 769 2753 orilertuditionem
815 2626 1075 2684 ambabus
1122 2627 1265 2683 ulnis
1313 2635 1461 2682 tuam
1505 2629 1834 2684 sententiam

277 2713 371 2753 mo
396 2713 457 2753 ec
482 2714 567 2753 or.

240 2706 567 2769 amplector.

311 2789 723 2859 2i..Nusquam
766 2790 1021 2846 oblivioni
1067 2788 1406 2844 tradiderunt
1450 2787 1671 2859 Hispani
1720 2791 1838 2859 ejus

240 2860 499 2917 miranda
537 2860 771 2928 scripta,
814 2859 1061 2929 monachi
1104 2859 1378 2930 praecipue
1420 2859 1489 2916 de
1529 2859 1636 2915 illis
1685 2861 1838 2917 addi-

239 2931 486 2996 scendis,
518 2930 863 2984 asservandis
902 2938 957 2984 et
1005 2929 1458 2996 transcribendis,
1510 2945 1721 2986 necnon
1771 2932 1840 2988 de

241 3002 409 3071 prelo
440 2998 757 3054 mandandis
806 2999 1014 3071 seditio,
1047 3001 1173 3054 licet
1214 3014 1324 3071 non
1352 3008 1411 3071 ut
1450 2999 1839 3071 dece_t_tantum

240 3068 559 3134 doctorem,
593 3078 873 3140 curarunt.
905 3068 986 3124 Tu
1016 3084 1145 3124 vero
1174 3070 1328 3137 quasi
1357 3070 1410 3125 in
1450 3071 1554 3125 hac
1574 3069 1838 3140 Hesperia

238 3149 433 3206 natus,
460 3146 517 3195 et
543 3139 737 3198 litteris
767 3140 1023 3204 imbutus,
1067 3141 1248 3194 multis
1276 3139 1343 3194 ab
1372 3140 1498 3197 hinc
1524 3142 1681 3196 annis
1705 3143 1841 3198 assi-

239 3212 352 3266 duo
400 3225 465 3264 ea
517 3218 699 3280 mente
756 3209 958 3279 volvis,
1019 3209 1138 3280 ejus
1190 3211 1484 3280 sententias
1539 3213 1834 3278 scrutaris,

278 3280 521 3349 erquiris
548 3279 832 3345 diligenter
860 3269 1014 3346 mss,
1047 3269 1172 3335 cum
1203 3280 1324 3335 aliis
1353 3279 1667 3338 ﬁdelissime
1704 3269 1835 3337 con;
1865 3269 1912 3332 C

263 3351 353 3406 crs
374 3389 393 3419 ,
437 3359 494 3405 et
522 3350 1013 3421 de_absolutissima
1044 3350 1285 3407 omnium
1330 3350 1569 3421 editione
1595 3351 1707 3421 jam
1740 3352 1831 3408 diu

241 3421 551 3491 meditaris.
592 3419 775 3477 Laudo
812 3420 1065 3491 studium,
1101 3429 1194 3476 tua
1235 3420 1461 3477 aemulor
1498 3419 1625 3479 vota
1649 3463 1665 3491 ,
1697 3432 1752 3479 et
1777 3424 1833 3479 in

241 3491 493 3547 eamdem
524 3487 685 3546 ﬁnem
717 3506 835 3547 mea
868 3490 1168 3547 collimant.

313 3560 407 3616 22.
457 3559 537 3616 Ne
566 3561 776 3617 mireris
820 3562 996 3617 adhuc
1036 3562 1245 3618 haerere
1270 3576 1360 3617 me
1388 3577 1453 3617 ea
1481 3562 1537 3617 in
1560 3564 1833 3619 sententia

241 3640 303 3688 ut
330 3631 538 3687 Matriti
566 3639 622 3687 et
651 3648 757 3704 non
786 3632 913 3687 alibi
942 3632 1107 3704 editio
1136 3632 1272 3704 ﬁat.
1293 3631 1374 3687 Ad
1402 3633 1455 3687 id
1482 3635 1834 3704 quamplures

242 3718 330 3759 me
359 3710 568 3772 cogunt
591 3702 810 3772 privatae
839 3711 895 3758 et
921 3702 1147 3771 publicae
1177 3703 1418 3759 rationes
1455 3721 1468 3755 :
1500 3702 1605 3758 nec
1632 3702 1834 3761 exteris

244 3772 600 3857 typographis
640 3772 889 3857 invideo,
922 3788 1034 3857 tina.
1057 3780 1345 3828 contentus
1386 3772 1687 3857 Hatritensi
1715 3774 1832 3829 edi-

243 3842 424 3912 tione;
461 3842 663 3912 tuoque
692 3842 877 3899 labore
898 3842 1132 3913 plurium
1160 3857 1431 3899 annorum
1451 3843 1643 3911 fretus,
1671 3859 1834 3916 Spero

242 3922 471 3971 ceteras
501 3922 895 3971 superaturam.

310 3983 399 4064 23:
438 3980 669 4064 Easdem
699 3980 1065 4064 difﬁcultates,
1089 3983 1287 4064 quibus
1310 3997 1401 4064 me
1420 3985 1622 4064 premis
1651 3992 1713 4039 ut
1740 3991 1834 4040 tuo

242 4056 584 4125 gsquiescam
626 4053 867 4125 judicio,
917 4053 1229 4123 perspectas
1273 4053 1437 4125 habui
1453 4095 1488 4125 ,ᾼ
1517 4054 1834 4125 priusquam

243 4123 540 4195 PIOrtega
560 4123 898 4195 rescriberet
940 4138 1039 4179 suo
1060 4124 1431 4195 condiscipulo
1464 4123 1533 4181 ΡΣ
1553 4123 1830 4192 Quevedo.

245 4192 498 4267 Perlege;
525 4194 571 4249 si
601 4194 698 4260 vis,
728 4204 1044 4267 notastqnas
1068 4194 1137 4267 ad
1158 4192 1517 4267 "conspectum
1549 4211 1701 4250 novae
1729 4204 1834 4250 tute

245 4264 501 4335 editionis
554 4280 707 4335 meus
738 4264 1212 4335 tbihliOthecarius
1276 4264 1528 4335 apposuit
1591 4267 1835 4335 aliasque

245 4334 464 4408 insuper
481 4334 715 4408 adjiciet.
736 4333 811 4408 Ea
827 4336 931 4390 erit
950 4336 1113 4408 338
1140 4336 1300 4405 igitur
1314 4333 1622 4392 accuratior
1643 4333 1831 4405 editio,

247 4405 519 4478 non'quae
564 4405 852 4475 copiosior,
882 4405 977 4478 sed
1007 4405 1218 4478 verior,
1262 4408 1577 4478 correctior,
1611 4415 1666 4462 et
1694 4422 1832 4478 enu-

248 4475 535 4533 merationi
563 4492 786 4544 operum
906 4476 1150 4546 doctoris
1171 4491 1333 4545 quam
1364 4476 1676 4546 singillatim
1703 4475 1833 4534 fecit

249 4548 363 4616 ejus
400 4547 788 4604 dilectissimus
827 4545 1073 4601 Braulius
1114 4544 1659 4616 Ctesaraugustanus,
1699 4564 1832 4605 con-

249 4620 547 4688 gruentior.
1162 4676 1163 4679 η
1630 4640 1655 4676 ο.

317 4688 403 4743 24.
440 4687 563 4745 Uno
615 4696 820 4743 tantum
866 4688 1034 4758 verbo
1064 4688 1300 4758 animum
1351 4705 1530 4745 meum
1572 4690 1823 4758 pandam.

252 4755 563 4830 Tumetipse
591 4759 829 4828 appellas
855 4757 1113 4814 lsidorum
1140 4757 1367 4813 duorum
1408 4760 1549 4830 apud
1576 4755 1824 4816 Toletum

253 4831 604 4901 conciliorum
626 4830 902 4901 praesidem
928 4842 943 4895 ;
970 4839 1025 4884 et
1045 4842 1143 4883 nos
1166 4831 1538 4901 tantummodo
1559 4831 1612 4885 in
1634 4840 1828 4900 quarto

254 4900 526 4969 praefuisse
564 4918 577 4953 :
616 4898 845 4955 concilio
874 4914 1003 4955 vero
1025 4939 1041 4965 ,
1078 4899 1223 4969 quod
1249 4899 1450 4954 dicitur
1474 4898 1823 4967 Gundémari,

257 4985 362 5027 non
405 4970 665 5035 adfuisse,
700 4970 795 5027 sed
846 4978 1050 5025 tantum
1105 4971 1173 5025 ad
1222 4969 1365 5039 regis
1417 4971 1727 5026 instantiam
1776 4973 1828 5027 ei

257 5041 639 5110 subscripsisse
660 5050 938 5096 testamur.
969 5039 1200 5097 Aliunde
1224 5039 1447 5096 Codices
1476 5056 1631 5109 mss.,
1655 5041 1748 5110 qui
1770 5042 1826 5097 in

261 5109 425 5181 ltalia,
444 5109 656 5181 Galliis,
679 5121 735 5167 et
761 5111 885 5181 alibi
910 5118 1251 5181 asservantur
1270 5126 1337 5165 ex
1364 5110 1612 5180 Hispanis
1638 5109 1829 5181 aspor-

261 5182 383 5246 tati,
412 5179 571 5237 ‘l‘orte
619 5196 741 5237 cum
796 5180 1070 5237 Toletanis
1113 5188 1170 5237 et
1214 5179 1675 5236 Escurialensibus
1703 5179 1826 5238 ‘non

260 5255 592 5323 consentient
618 5270 633 5319 ;
664 5260 719 5323 et
745 5251 870 5323 dum
899 5266 1090 5322 parare
1114 5251 1361 5323 volumus
1385 5252 1680 5323 editionem
1702 5268 1824 5323 per-

260 5318 472 5391 fectam,
498 5320 643 5391 forte
672 5322 726 5377 in
755 5318 987 5390 majores
1012 5321 1263 5391 scopulos
1290 5320 1610 5378 incidemus.
1642 5370 1648 5376 .

326 5390 421 5463 25.
470 5390 786 5463 Eapropter,
839 5390 1142 5463 clarissime
1184 5390 1434 5456 domine,
1481 5406 1551 5447 ne
1596 5394 1824 5452 moreris

262 5460 686 5519 elucubrationes
732 5460 847 5518 tuas
893 5462 1215 5532 quantocius
1252 5463 1467 5518 mittere
1496 5479 1509 5515 :
1541 5477 1650 5518 uno
1678 5464 1823 5521 enim

262 5532 409 5598 apice
436 5548 545 5588 non
574 5532 913 5603 discedemus
929 5533 1005 5603 ab
1031 5532 1127 5598 eis,
1160 5546 1464 5603 nomenque
1504 5540 1674 5603 tuum,
1723 5535 1827 5603 etsi

264 5603 509 5682 expensis
538 5604 671 5682 meis
717 5602 811 5682 ﬁat
855 5602 1055 5682 editio,
1104 5602 1679 5682 tantumpersonabit.
1720 5602 1828 5682 Eas

267 5672 407 5742 prius
455 5680 704 5729 accurate
745 5672 1178 5739 transcribemus,
1207 5680 1264 5727 et
1290 5672 1336 5728 si
1375 5672 1503 5742 quid
1534 5674 1829 5730 occurrerit

266 5739 571 5812 obscurius,
598 5743 684 5800 vel
729 5742 993 5797 difﬁcilius
1016 5784 1033 5810 ,
1077 5743 1221 5812 quod
1269 5739 1642 5798 emendatione
1670 5758 1831 5812 egere

268 5810 431 5886 vismu
457 5810 634 5886 fuerit,
663 5814 1030 5886 nihil_tamen,_
1047 5810 1110 5886 te
1127 5813 1439 5886 inconsulto
1455 5822 1618 5886 atque
1638 5810 1829 5881 inscio,

269 5881 626 5942 ﬁnmutabitur
649 5901 664 5939 :
691 5883 762 5940 do
789 5883 967 5939 ﬁdem.
990 5881 1058 5937 Et
1081 5882 1287 5939 interea
1315 5884 1377 5939 D.
1403 5883 1467 5940 0.
1509 5881 1581 5939 Μ.
1605 5886 1831 5943 obsecro

619 5976 891 6037 Panos.
940 5973 1233 6035 LXXXI.

1258 372 1673 433 lSlDORlANA.
1713 400 1785 413 —
1822 368 1998 425 PARS
2037 367 2074 424 Ι.
2117 367 2272 425 CAP.
2319 368 2476 425 XLII.

3408 367 3513 425 266

1850 490 1985 547 Aut
2032 487 2085 534 te
2132 479 2224 550 diu
2270 479 2643 550 sospitemuet
2676 477 3002 534 incolumem
3046 486 3246 535 servet.
3291 479 3511 550 Matriti,

1929 551 2017 606 die
2043 550 2114 604 20
2144 549 2318 605 Martii
2347 547 2472 605 anni
2504 547 2664 604 1785.

1948 668 1951 669 ⁷
1995 659 2083 715 26.
2126 660 2183 715 In
2229 659 2450 715 Schedis
2490 659 2799 716 Isidorianis
2846 658 3113 716 Zaccarim
3156 662 3253 715 has
3299 662 3513 721 litteras

1925 752 2258 809 eminentiss.
2282 753 2568 810 cardinalis
2582 752 2650 808 de
2673 751 2985 809 Lorenzana
3002 755 3199 826 reperi.
3226 754 3353 811 Post
3381 756 3518 814 Zac-

1925 844 2087 902 οδε-ἰαὶ
2123 860 2404 902 excessum
2451 844 2594 900 inter
2640 844 2773 899 alias
2814 845 3052 899 virorum
3100 845 3385 900 illustrium
3440 848 3509 904 ad

1925 951 2050 994 eum
2078 937 2231 992 datas
2273 938 2549 1007 epistolas,
2578 951 2713 1007 quas
2761 951 2926 1007 penes
2952 952 3039 992 me
3067 937 3298 1003 retineo,
3326 955 3521 994 occur-

1925 1037 2114 1087 rerunt
2138 1030 2269 1086 mihi
2289 1030 2411 1085 dua:
2435 1029 2674 1099 ejusdem
2695 1030 2987 1088 doctissimi
3011 1030 3318 1096 cardinalis,
3347 1032 3521 1089 altera

1927 1117 2050 1174 data
2064 1129 2218 1175 sexto
2232 1119 2357 1175 ldus
2379 1117 2620 1176 Januarii
2648 1118 2803 1186 I786,
2828 1120 2995 1175 altera
3014 1137 3142 1176 xvut
3162 1120 3279 1176 Kal.
3302 1119 3521 1177 Octobr.

1928 1226 2053 1267 ann.
2086 1209 2245 1277 1789,
2278 1211 2474 1280 quibus
2494 1211 2562 1266 ad
2588 1211 2968 1285 perﬁciendam
2996 1210 3186 1267 Isidori
3226 1212 3521 1269 editionem

1927 1300 2274 1358 vehementer
2329 1300 2639 1357 Zaccariam
2688 1302 2956 1357 hortatur.
3006 1301 3317 1358 Auctarium
3369 1313 3521 1358 nota-

1929 1408 2049 1449 rum
2077 1392 2471 1448 bibliothecarii
2500 1393 3003 1464 archiepistopalis,
3045 1395 3187 1463 quod
3226 1396 3277 1449 in
3309 1395 3522 1450 descri-

1930 1486 2035 1557 ptis
2063 1485 2254 1541 litteris
2274 1486 2622 1555 promittitur,
2665 1486 2893 1542 Romam
2933 1488 3000 1541 ad
3036 1488 3345 1544 Zaccariatn
3390 1490 3521 1544 mis-

1929 1595 2049 1636 sum
2077 1576 2184 1636 non
2206 1580 2388 1636 credo.
2412 1578 2598 1635 Habeo
2619 1588 2777 1636 notas
2798 1581 2960 1650 ipsas,
2983 1581 3251 1650 exquisita
3274 1582 3523 1636 doctrina

1930 1669 2186 1739 refertas,
2231 1686 2365 1740 quas
2409 1671 2533 1726 huic
2589 1672 2709 1729 loco
2758 1671 3067 1727 inserendas
3114 1688 3343 1739 censeo,
3390 1688 3523 1742 pra:-

1933 1761 2098 1817 misso
2127 1760 2432 1833 Conspectu
2462 1762 2748 1828 Zaccarite,
2793 1762 3031 1817 numeris
3060 1777 3125 1817 ac
3172 1762 3363 1818 litteris
3393 1758 3523 1819 iltSl-

1859 1881 1907 1942 Β
1932 1853 2100 1923 gnito,
2132 1854 2325 1925 quibus
2355 1856 2659 1911 notationes
2685 1857 3031 1925 respondent.

1936 1966 2113 2041 Brevis
2151 1967 2465 2041 conspectus
2511 1986 2656 2025 nova:
2693 1970 2960 2037 editionis,
3006 1986 3161 2041 quam
3206 1969 3525 2041 Franciscus

2005 2039 2259 2110 dntonius
2291 2037 2555 2110 'chcaria
2592 2058 2624 2093 a
2662 2041 2836 2094 multis
2879 2037 3032 2094 annis
3072 2049 3243 2108 parat,
3297 2037 3525 2110 Operam

2008 2108 2047 2162 S
2059 2150 2072 2162 .
2106 2108 2301 2165 Isidori
2335 2109 2682 2179 Hispalensis.

2009 2218 2097 2275 27.
2131 2220 2324 2276 Tribus
2351 2222 2511 2277 tomis
2542 2223 2789 2276 universa
2821 2222 2988 2277 editio
3019 2222 3319 2289 constabit;
3349 2220 3523 2293 Opera

1938 2298 2125 2363 tamen
2148 2294 2202 2346 in
2226 2302 2435 2363 septem
2467 2293 2630 2363 veluti
2657 2294 2857 2349 classes
2888 2294 3206 2362 tribuentur.

1984 2410 1986 2413 .
2022 2432 2025 2433 ν
2098 2360 2428 2433 Ρτίτηα’ρεινε
2458 2362 2659 2417 Biblica
2687 2360 3096 2433 complectetur,
3125 2378 3319 2432 nempe
3348 2381 3361 2416 :

2009 2432 2061 2486 l.
2094 2432 2312 2488 Librum
2344 2433 2735 2490 Prooemiorum.
2820 2432 2823 2433 ⁷
2924 2446 2935 2449 '

2006 2502 2062 2557 2.
2095 2503 2449 2571 Qumstiones,
2479 2512 2535 2558 et
2555 2504 2911 2574 mysticorum
2942 2504 3312 2572 expositiones
3333 2501 3527 2560 Sacra-

1940 2582 2245 2629 mentorum
2278 2578 2329 2630 in
2356 2575 2523 2630 Vetus
2552 2572 2956 2629 Testamentum
2994 2580 3076 2638 νβ.

2008 2643 2063 2717 ξ.
2095 2645 2408 2717 Ajlegorias.

2010 2713 2065 2768 4.
2092 2715 2186 2788 ,οε
2214 2713 2462 2788 Numeris
2486 2715 2699 2771 Librum
2724 2731 2997 2786 nunquam
3020 2716 3243 2782 editum,
3266 2730 3331 2771 ex
3356 2714 3527 2788 Regio

1941 2781 2261 2841 Taurinensi
2289 2787 2510 2843 Codice.
2550 2802 2553 2803 '

1942 2862 1945 2863 '
2014 2853 2257 2927 Addetur
2285 2859 2592 2927 suppositus
2639 2858 2692 2912 in
2738 2856 2960 2913 Cantica
3000 2857 3334 2913 canticorum
3373 2856 3525 2914 Com-

1942 2926 2237 2998 mentarius
2271 2926 2369 2998 (l).

1944 2996 2107 3119 θεῖε
2144 2996 2388 3081 Secunda
2419 2998 2877 3082 parsﬂqgmatica
2907 2997 3199 3055 exhibebit.
3234 2996 3373 3053 Sunt
3410 3013 3523 3055 ea:

2056 3105 2072 3119 .
2103 3067 2495 3119 Sententiarum
2527 3070 2644 3119 ltbrt
2679 3079 2807 3119 tres.

2056 3105 2072 3120 .
2103 3067 2495 3124 Sententiarum
2527 3067 2807 3125 libri'tres.

2016 3136 2071 3191 2.
2112 3138 2258 3193 Libri
2287 3140 2394 3194 duo
2422 3141 2491 3195 ad
2518 3140 2882 3195 Florentinam
2913 3154 3177 3195 sororem.

2016 3209 2252 3264 Accedet
2268 3210 2477 3283 dubius
2505 3210 2569 3265 de
2600 3210 2797 3265 Ordine
2825 3219 3182 3283 creaturarum
3210 3211 3347 3268 liber
3372 3208 3475 3283 (2).

2268 3279 2446 3336 Tertia
2476 3297 2598 3351 pars
2623 3283 2879 3347 Ascetica,
2909 3281 3162 3337 nimirum
3189 3300 3202 3337 :

2012 3351 2065 3423 ξ.
2093 3350 2517 3423 Synqnymorum
2547 3354 2703 3408 liber.

2009 3420 2063 3495 ἓ.
2104 3420 2516 3495 QeContemptu
2547 3424 2729 3495 mundi
2760 3422 2859 3495 (ὃ).

2007 3490 2062 3565 ὅ.
2094 3489 2410 3565 Exhortatio
2428 3489 2719 3562 paenitendi
2750 3489 2851 3565 (4).

2007 3561 2061 3634 4.
2109 3562 2409 3634 Laurentum
2434 3561 2881 3634 pmitentith).

2010 3632 2065 3703 5.
2107 3632 2290 3703 Oratio
2316 3651 2410 3703 pro
2436 3636 2759 3703 correptione
2785 3632 2898 3689 vita:
2928 3634 3028 3703 (6).

2108 3700 2292 3775 Oratio
2316 3700 2502 3758 contra
2514 3700 2749 3775 insidias
2779 3700 2971 3775 diaboli
2989 3700 3105 3775 ’(7).

2008 3773 2062 3847 _7.
2106 3774 2307 3847 Oratio,
2333 3776 2469 3847 Asive
2496 3774 2784 3847 Confessio,
2809 3791 2840 3828 a
2879 3773 3234 3832 ConStantino
3262 3775 3523 3847 Cajetano

1936 3843 2170 3915 primum
2200 3844 2472 3915 divulgata
2504 3844 2604 3915 (8).

2009 3913 2064 3967 8.
2096 3913 2299 3987 [legata
2325 3913 2722 3987 Monac/torum,
2752 3915 2845 3969 sed
2878 3915 3083 3987 integra
3116 3915 3213 3987 (9).

2204 3983 2477 4037 Accedent
2501 3984 2567 4037 de
2597 3999 2746 4039 more
2773 3984 2974 4053 spuria,
3009 3983 3201 4054 nempe
3233 4026 3246 4038 .

2009 4051 2426 4126 l.__Fr_agmenta_
2451 4055 2695 4124 quaedam
2719 4051 3228 4109 commentariorum
3255 4057 3309 4109 in
3339 4056 3522 4126 Regu-

1935 4122 2043 4178 lam
2071 4124 2127 4176 S.
2159 4121 2451 4178 Benedicti.

2007 4192 2060 4248 2.
2101 4193 2179 4248 De
2206 4192 2403 4249 Norma
2437 4195 2649 4249 vivendi
2679 4194 2909 4250 libellus.

2006 4266 2061 4318 5.
2109 4265 2184 4319 De
2211 4264 2478 4321 Conﬂictu
2512 4266 2761 4321 vitiorum
2799 4273 2880 4329 ᾖ.

2003 4334 2056 4388 4.
2100 4334 2540 4410 De_lnstitutione
2569 4338 2692 4392 vita:
2719 4338 2853 4410 liber
2882 4354 3023 4393 nunc
3062 4339 3290 4410 primum
3334 4341 3520 4410 vulga-

1936 4414 2041 4479 t_us_,
2078 4421 2150 4479 ex
2181 4405 2503 4463 Veronensis
2545 4408 2763 4479 capituli
2789 4405 3099 4479 pervetusto
3144 4409 3382 4477 Codice;
3429 4405 3519 4468 ubi
3610 4446 3613 4449 »

1932 4474 1990 4532 S.
2022 4476 2230 4532 Isidoro
2262 4479 2533 4534 tribuitur.

2005 4546 2129 4619 llaec
2150 4549 2334 4619 omnia
2365 4555 2563 4616 primus
2596 4558 2771 4603 tomus
2799 4549 3205 4619 complectetur.

2006 4617 2098 4689 28.
2139 4618 2418 4673 Secundus
2449 4630 2624 4673 tomus
2654 4628 2761 4673 tres
2789 4617 3128 4689 item'partes
3157 4620 3391 4673 habebit.

2003 4686 2181 4759 Prima
2222 4705 2345 4759 pars
2384 4705 2583 4758 paucas
2605 4689 2860 4759 epistolas
2889 4686 2963 4743 et'
2983 4704 3259 4744 sermones
3298 4691 3519 4748 habebit

1930 4756 2135 4814 Isidoro
2164 4756 2237 4813 iui
2250 4758 2374 4813 Mss.
2386 4756 2655 4815 'tributos'
2667 4758 2800 4827 (I0).

1930 4828 2179 4885 Secunda
2236 4844 2361 4899 pars
2410 4828 2540 4894 Qua:
2596 4830 2665 4882 ad
2729 4828 3057 4901 disciplinam
3107 4832 3513 4889 ecclesiasticam

2430 4902 2706 4970 pertinent,
2756 4900 2962 4955 scilicet
3003 4918 3017 4953 :

2008 4971 2053 5025 ι.
2097 4970 2242 5025 Duos
2268 4970 2333 5024 de
2361 4968 2569 5042 Ofﬁciis
2597 4971 2761 5026 libros
2789 4985 2911 5026 cum
2939 4970 3167 5042 epistola
3202 4972 3269 5027 ad
3299 4973 3513 5032 Leude-

1928 5037 2160 5104 l‘redum,
2193 5050 2247 5095 et
2273 5037 2501 5112 hymnos
2529 5043 2682 5112 duos.

2006 5109 2575 5186 AccedetOratiomtm
2608 5110 2891 5186 Isidoriani
2920 5113 3053 5186 ritus
3079 5112 3313 5186 Libellus
3341 5114 3454 5186 (ll)
3483 5132 3514 5171 a

1934 5178 2017 5236 Cl.
2046 5182 2359 5237 Blanchinio
2389 5197 2457 5235 ex
2494 5181 2791 5237 Veronensi
2830 5182 3029 5239 Codice
3060 5177 3253 5251 editus,
3279 5177 3364 5239 cui
3396 5177 3517 5242 Dis-

1933 5252 2157 5324 sertath
2183 5251 2249 5324 de
2278 5251 2577 5306 Isidoriana
2606 5254 2816 5324 liturgia
2841 5256 3217 5323 puemitletur.

2000 5320 2063 5397 2.Δ
2094 5320 2388 5397 Isidoriana
2418 5338 2685 5397 canonum
2711 5320 2974 5397 collectio
3000 5334 3110 5397 tntn
3154 5340 3273 5392 quae
3294 5340 3322 5377 a
3363 5325 3512 5380 card.

1931 5392 2198 5465 Aguirrio,
2226 5403 2336 5465 tum
2352 5408 2481 5465 quas
2502 5393 2761 5465 aCennio
2792 5395 3007 5465 vulgata
3032 5392 3151 5463 fuit,
3177 5409 3300 5449 cum
3326 5402 3513 5448 nostro

1930 5463 1999 5518 de
2021 5472 2247 5533 utraque
2270 5464 2472 5533 judicio
2500 5462 2635 5533 (i2).

2000 5531 2281 5606 Accedent
2321 5531 2546 5606 concilia
2573 5531 2699 5599 duo,
2747 5536 2937 5605 quibus
2979 5535 3036 5591 S.
3080 5535 3145 5590 Ι).
3178 5534 3414 5606 praefuit,
3460 5544 3514 5591 et

1930 5604 2304 5676 quorumjpse
2325 5602 2821 5676 fortassgcanonés
2842 5607 3085 5676 scripsit.

2162 5670 2345 5746 Tertia
2373 5690 2495 5744 pars
2524 5673 2792 5729 Historica
2821 5670 2997 5741 dabit",
3028 5691 3223 5746 nempe
3259 5696 3273 5730 :

2008 5743 2059 5822 l._
2088 5742 2219 5811 Qua:
2247 5742 2471 5799 Sacram
2511 5748 2888 5818 profanamque
2915 5742 3194 5802 historith
3224 5748 3512 5822 exhibent,

1876 5867 1883 5876 ,
1932 5814 2183 5870 nimirum
2214 5832 2228 5869 :

2008 5885 2058 5940 l.
2099 5884 2421 5943 Chronicon.

3120 5985 3153 6046 9
