4070 6362
542 390 643 451 ’τι

1276 388 1367 443 AD
1404 385 1637 442 OPERA
1677 385 1734 441 8.
1779 382 2026 441 lSlDORl
2067 379 2515 439 HISPALENSIS
2553 377 3090 437 PROLEGOMENA.

3736 381 3840 437 372

541 504 715 570 cium,
756 499 902 573 quod
948 506 1076 554 ante
1119 497 1413 553 editionem
1460 495 1676 567 publico
1730 502 2131 565 programmate
2159 497 2209 556 Α
2234 491 2624 563 aliquantulum
2655 492 3008 558 imminuitur,
3030 506 3152 547 cum
3183 498 3434 548 mentem
3461 491 3535 548 ad
3565 493 3841 556 innumera

541 594 714 653 doctis
742 592 873 647 viris
892 631 909 659 ,
938 604 1001 643 ac
1028 588 1324 659 pmsertim
1354 585 1604 656 Hispanis
1632 593 1983 655 proponetur,
2013 600 2121 641 non

539 686 661 747 leve
688 682 1038 758 typograpbis
1066 668 1569 755 subsidio'futurum
1587 695 1767 751 spero.

609 796 773 869 355
796 793 889 848 44.
929 793 1012 848 Ad
1042 808 1318 869 meporro
1346 791 1491 861 quod
1522 793 1755 869 attinet,
1804 790 1995 847 fiducia
2023 793 2123 869 ’ξφ

538 863 826 936 (Ιυῇεἶιῖἰω
855 876 961 919 tua:
989 881 1095 920 non
1113 863 1309 936 dubito
1337 863 1707 936 remaggredi,
1733 864 2126 936 ususconsiliis

537 954 569 993 ι
621 934 1029 1007 pmclarissirno
1074 934 1360 1007 viro,“qui
1388 934 1506 1007 Atibi
1552 934 2122 1007 est_a‘bibliotheca,

539 1003 672 1063 mihi
704 1006 971 1069 indicatis,
1003 1020 1177 1072 eoque
1218 1004 1487 1067 libentius,
1520 1003 1665 1073 quod
1696 1004 1951 1073 pleraque
1994 1006 2127 1060 meis

535 1078 786 1135 sensibus
804 1118 820 1142 ,
843 1076 944 1131 etsi
965 1076 1017 1129 in
1038 1074 1189 1129 brevi
1212 1090 1343 1128 mea:
1372 1074 1621 1129 editionis
1648 1085 1939 1141 conspectu
1968 1075 2128 1130 dissi-

536 1147 774 1211 mulatis,
809 1146 967 1214 plane
993 1145 1351 1200 consentiant.
1386 1144 1498 1211 Age
1530 1160 1690 1213 ergo,
1722 1145 1917 1215 inclyte
1944 1147 2123 1200 archi-

538 1219 757 1289 prazsul,
780 1218 968 1289 tria_ut
997 1231 1026 1269 a
1051 1223 1103 1269 te
1132 1230 1349 1289 exorem
1384 1231 1481 1282 pro
1510 1216 1768 1289 singulari
1794 1216 2126 1289 humanitate

537 1284 631 1344 tua
662 1288 846 1343 sinito.
878 1285 1116 1340 Primum
1156 1284 1311 1352 illud,
1355 1293 1415 1338 ut
1444 1302 1461 1337 ‹
1484 1286 1533 1337 ui
1567 1294 1674 1339 tam
1702 1286 1991 1352 grandibus
2021 1287 2123 1340 im-

537 1359 720 1408 Densis
768 1356 1086 1408 blozarahici
1134 1353 1423 1408 Breviarii.
1453 1302 1838 1408 +oletanorutn
1872 1354 2122 1408 Patrum.

612 1359 720 1413 usis
768 1356 1086 1411 blozarabici
1134 1353 1423 1421 Breviarii,
1453 1353 1838 1411 Toletanorutn
1872 1354 2122 1421 Patrum,

590 1428 971 1499 ispaniensium
1001 1423 1365 1499 Conciliorum
1397 1442 1586 1480 novam
1620 1427 1758 1495 apud
1782 1442 1877 1479 vos
1900 1442 2127 1499 eamque

535 1496 1121 1565 magniﬁcentissimam
1162 1496 1455 1550 editionem
1505 1512 1695 1551 curare
1743 1511 1850 1549 non
1888 1496 2123 1564 desinis,

534 1568 589 1624 in
620 1583 793 1622 meam
841 1566 1031 1622 lsidori
1074 1567 1387 1631 editionem,
1418 1582 1578 1635 quam
1609 1566 1852 1620 cominus
1890 1566 2122 1633 Matriti,

534 1639 615 1694 uti
646 1638 907 1693 voluntati
949 1644 1054 1691 tute
1086 1635 1551 1693 obsecundaturus
1593 1639 1824 1690 maxime
1848 1652 2122 1706 cuperem,

531 1707 970 1766 concinnandam
998 1708 1198 1770 velim,
1229 1716 1479 1775 suscepta
1524 1707 1809 1777 prohibent
1840 1710 2126 1775 praeterita:

531 1780 655 1835 vitae
685 1778 908 1834 consilia
933 1820 946 1843 ,
977 1778 1278 1848 symbolam
1326 1778 1557 1846 aliquam
1610 1777 1856 1832 conferre
1902 1795 2006 1833 non
2035 1796 2124 1834 re-

530 1865 671 1974 nuas
691 1890 705 1912 ,
751 1848 937 1919 primis
964 1849 1155 1903 saltem
1185 1848 1474 1904 necessarii
1503 1858 1794 1920 apparatus
1821 1851 2125 1918 sumptibus

530 1937 594 1974 su
636 1928 903 1974 ecturam.

530 1928 903 1982 suilecturam.

601 2010 690 2064 45.
733 2012 975 2065 Alterum
1002 2018 1116 2081 est,
1144 2018 1202 2063 ut
1228 2025 1366 2078 quos
1402 2024 1625 2078 sperare
1666 2027 1753 2066 me
1793 2027 2035 2081 jusseras
2061 2014 2125 2067 li-

531 2094 683 2149 bros,
708 2083 922 2135 mittere
946 2080 1012 2135 ad
1044 2072 1150 2143 me,
1185 2072 1499 2149 ut‘primu'm
1531 2081 1765 2149 licuerit,
1793 2072 2128 2139 'veliszan-

530 2153 654 2207 dem
684 2162 736 2206 te
768 2151 1113 2225 vehementer
1144 2164 1299 2225 rogo,
1329 2159 1388 2205 ut
1414 2153 1833 2225 septuagenario
1864 2156 2003 2222 seni,
2034 2154 2128 2225 qui

532 2233 587 2292 te
626 2222 1061 2292 reverentissime
1105 2221 1251 2292 colit,
1285 2228 1516 2290 tuosque
1545 2221 1644 2291 pro
1684 2222 1933 2292 Hispana:
1979 2221 2130 2281 nobi-

528 2291 747 2349 lissima):
797 2290 1053 2346 Ecclesia:
1084 2291 1273 2363 gloria
1327 2300 1493 2363 atque
1542 2290 1861 2353 utilitatibus
1918 2296 2130 2351 labores

527 2363 751 2418 maximi
784 2363 927 2443 facit
953 2361 1334 2443 praedicatque,
1369 2361 1472 2419 hoc
1509 2365 2130 2443 solatiinindulgeashut

528 2448 630 2489 sua
656 2432 973 2502 amplissimi
1006 2432 1080 2486 tui
1108 2434 1341 2486 nominis
1369 2434 1673 2502 patrocinio
1699 2432 1941 2489 Romana
1964 2435 2129 2490 lsido—

525 2503 806 2558 rianorum
827 2501 1066 2572 Operum,
1089 2502 1253 2557 editio
1286 2501 1529 2572 prodeat,
1555 2505 1705 2560 testis
1729 2506 1874 2560 aetati
1910 2515 2125 2569 nostrm,

529 2576 687 2630 testis
712 2571 1019 2640 posteritati
1048 2571 1223 2627 futura
1252 2571 1387 2628 mete
1417 2576 1815 2631 demississime
1865 2577 1917 2630 in
1949 2584 2003 2631 te
2031 2578 2130 2631 ob-

527 2644 847 2716 servantia}.
884 2642 942 2696 Id
984 2659 1146 2716 unum
1183 2644 1228 2697 si
1278 2660 1373 2713 per
1400 2654 1451 2698 te
1481 2646 1611 2700 mihi
1641 2646 1890 2711 licuerit,
1923 2648 2131 2716 magnis

529 2714 726 2787 animis
747 2714 945 2787 eruisse
971 2715 1152 2768 statim
1183 2726 1479 2787 conspectu
1514 2732 1678 2780 novo,
1708 2733 1772 2771 ac
1798 2718 1928 2771 satis
1950 2714 2131 2787 amplo

526 2784 696 2840 totius
719 2783 991 2851 editionis,
1019 2787 1086 2838 a-l
1127 2798 1288 2853 quam
1326 2784 1583 2840 citissime
1627 2787 1985 2841 inchoandam
2017 2783 2132 2843 stu-

527 2854 617 2909 dia
644 2855 825 2910 omnia
870 2854 1125 2909 referam.
1146 2852 1317 2920 ’Vale,
1343 2855 1586 2924 pontifex
1633 2858 2090 2914 excellentissime
2113 2899 2129 2925 ,

527 2939 725 2995 tneque
752 2940 932 3001 sacras
957 2941 1149 3001 manus
1174 2934 1293 3001 tuas
1319 2928 1657 3001 osculantem
1685 2937 1777 3001 tua
1797 2928 1970 2998 gratia
2000 2946 2130 3001 pro-

526 3010 778 3067 sequere.
814 2996 1019 3061 Romae,
1050 2996 1232 3053 Idibus
1258 2996 1550 3066 Aprilibus,
1584 2998 1742 3055 1785.

596 3108 685 3164 46.
719 3108 859 3177 Quid
886 3118 1009 3177 post
1037 3110 1133 3165 has
1161 3110 1426 3167 Zaccariaa
1469 3112 1676 3169 litteras
1702 3114 1817 3169 sive
1846 3114 1913 3168 ad
1954 3114 2131 3169 archi-

525 3202 838 3273 episcopum
865 3200 1184 3257 Toletanum
1214 3203 1439 3268 missas,
1486 3203 1601 3258 sive
1647 3220 1714 3259 eo
1764 3205 2021 3271 consilio,
2076 3215 2133 3260 ut

527 3295 887 3355 mitterentur.
920 3295 1171 3363 scriptas,
1203 3294 1271 3349 de
1308 3295 1413 3349 hoc
1441 3294 1659 3363 negotio
1690 3304 1978 3351 tractatum
2009 3297 2122 3353 fue—
2153 3290 2197 3352 C

526 3385 617 3452 rit,
648 3386 863 3456 penitus
889 3385 1101 3454 ignoro.
1128 3385 1447 3454 Quanquam
1476 3400 1543 3440 ex
1572 3402 1631 3441 re
1660 3386 1795 3457 ipsa,
1823 3402 1889 3442 ex
1919 3388 2125 3445 duabus

525 3476 924 3547 posterioribus
964 3475 1207 3544 epistolis
1249 3475 1584 3530 eminentiss.
1616 3476 1677 3529 D.
1709 3479 1995 3533 cardinalis
2021 3481 2125 3535 Lo-

525 3580 808 3635 teneanaa,
849 3584 985 3638 quas
1035 3584 1183 3622 num.
1217 3566 1285 3620 26
1330 3567 1594 3633 iudicavi,
1641 3571 1772 3625 satis
1804 3573 2125 3641 perspicitur

524 3661 661 3717 nihil
689 3660 882 3715 deinde
911 3667 1087 3714 actum
1135 3658 1318 3713 luisse.
1350 3659 1804 3732 Archiepiscopus
1833 3662 2125 3719 Toletanus

525 3752 709 3808 multis
753 3752 924 3820 iisque
969 3750 1299 3818 gravissimis
1348 3754 1643 3810 rationibus
1692 3764 1819 3811 tunc
1866 3757 2125 3826 impulsus

524 3841 816 3899 editionem
848 3857 879 3894 a
910 3839 1189 3909 Zaccaria,
1211 3842 1525 3899 doctissimo
1555 3847 1794 3915 quidem,
1818 3846 1914 3902 sed
1945 3862 2121 3902 rerum

526 3941 829 3989 nostrarum
882 3933 1113 3989 fortasse
1166 3951 1273 3990 non
1325 3935 1399 3990 ita
1451 3938 1659 4007 perito,
1692 3938 2037 4003 adornatam,
2069 3939 2122 3992 in

524 4022 779 4094 Hispania
803 4024 1100 4080 curandam
1126 4025 1466 4082 decreverat.
1499 4026 1557 4081 ld
1579 4028 1832 4084 Zaccaria
1867 4039 2123 4099 pr.cstare

525 4126 632 4171 non
688 4124 945 4185 p0terat,
997 4117 1099 4173 nisi
1162 4117 1469 4188 improbum
1526 4120 1767 4175 laborem
1823 4122 2122 4192 susciperet

524 4212 713 4259 exacte
736 4205 1012 4275 digerendi
1039 4222 1103 4262 ea
1143 4208 1323 4262 omnia
1351 4224 1471 4278 qua:
1518 4220 1836 4280 paraverat,
1864 4220 1918 4266 et
1945 4213 2121 4268 absol-

525 4298 682 4353 vendi
711 4312 829 4367 quae
860 4299 1200 4369 promiserat,
1236 4309 1294 4354 ut
1313 4301 1425 4371 jaut
1457 4304 1605 4372 prelo
1638 4315 1824 4373 parata
1852 4306 1904 4360 in
1932 4305 2122 4376 llispa—

525 4387 669 4444 niam
691 4388 1054 4446 mitterentur.
1085 4390 1250 4447 Senio
1275 4392 1387 4460 jam
1418 4394 1533 4463 ipse
1562 4396 1864 4465 confectus,
1896 4397 2121 4455 diversis

525 4480 745 4535 maximi
789 4481 1049 4536 momenti
1098 4483 1539 4553 occupationibus
1588 4487 1915 4557 impeditus,
1947 4503 2122 4557 neque

524 4572 811 4630 laboriosa:
832 4574 1108 4631 collationi
1142 4583 1320 4631 textus
1359 4594 1481 4633 cum
1510 4595 1642 4634 mss.
1668 4587 1723 4634 et
1748 4579 1905 4634 editis
1934 4594 2119 4634 exem-

526 4663 768 4734 plaribus
796 4664 1154 4733 assuefactus,
1196 4667 1251 4722 id
1279 4685 1442 4724 unum
1471 4671 1775 4739 spectabat,
1810 4678 1866 4724 ut
1894 4669 2119 4739 pecunia
2150 4677 2201 4737 ι)

524 4756 760 4824 adjutus,
792 4771 906 4811 rem
938 4771 1033 4826 per
1058 4772 1117 4813 se
1141 4774 1204 4815 ac
1243 4776 1339 4829 per
1366 4762 1499 4816 alios
1530 4761 1716 4816 Romae
1743 4762 1980 4814 maximo
2010 4776 2118 4830 quo

524 4858 713 4920 posset
732 4851 1023 4907 commodo
1050 4854 1304 4924 expedire
1334 4861 1585 4923 tentaret.
1627 4851 1771 4906 Sane
1792 4850 1961 4904 multa
1987 4849 2120 4906 Zac-

524 4943 669 4998 earia
696 4944 750 4999 in
771 4945 880 5000 suis
907 4945 1131 5015 publicis
1158 4948 1568 5018 programmatis
1608 4943 1875 5014 pollicitus
1908 4940 2081 4998 fuerat
2100 4983 2115 5007 ,

523 5049 642 5104 quae
666 5035 929 5106 perlicere
953 5038 1168 5109 quidem
1197 5039 1486 5109 cogitabat,
1513 5037 1603 5092 sed
1635 5035 1875 5091 nondum
1902 5036 2120 5092 inchoa-

525 5136 693 5195 verat,
725 5135 784 5183 ut
812 5146 953 5186 nunc
979 5130 1285 5187 distinctius
1314 5130 1621 5199 explicabo.

986 5244 1148 5316 31,3
1189 5240 1417 5298 CAPUT
1464 5241 1651 5297 xuu.

519 5352 814 5425 Apparatus
869 5354 1209 5409 Zaccariame
1251 5354 1477 5424 Operam
1521 5356 1583 5413 S.
1632 5356 1827 5413 lsidori
1875 5361 2119 5414 editionis

610 5435 920 5479 recensetur.
954 5425 1265 5479 Adversaria
1293 5428 1406 5498 ejus
1433 5445 1525 5498 pro
1552 5431 1808 5485 volumine
1830 5432 2017 5500 primo.

594 5535 645 5589 l.
687 5536 820 5593 Cum
850 5538 932 5592 vir
961 5538 1128 5593 nostri
1162 5542 1421 5611 temporis
1447 5543 1842 5599 eruditissimus
1866 5544 2119 5601 Zaccaria

522 5640 618 5698 per
644 5629 997 5698 quadraginta
1020 5646 1212 5699 annos,
1242 5649 1417 5703 eoque
1446 5636 1694 5704 amplius,
1722 5650 1876 5689 nova:
1897 5636 2120 5691 editioni

514 5717 831 5775 lsidorianae
857 5723 1178 5790 apparandte
1206 5726 1606 5792 allaboraverit,
1639 5727 1963 5784 incredibilis
1994 5746 2120 5799 pro-

520 5807 664 5865 fecto
703 5809 989 5867 doctorum
1039 5813 1318 5872 hominum
1349 5831 1467 5872 esse
1496 5817 1657 5873 debet
1688 5821 2020 5889 chpectatio
2050 5822 2117 5878 de

522 5901 853 5979 ejuscetuodi
902 5916 1164 5983 apparatu
1206 5924 1367 5983 :quae
1412 5919 1589 5967 tamen
1634 5912 1774 5986 apud
1824 5914 2117 5976 nonnullos

2229 585 2320 640 illa
2349 586 2647 656 omnigena:
2692 586 2952 641 doctrinae
2988 599 3153 655 opera
3193 592 3565 653 convertunt,
3594 602 3717 658 qua:
3743 589 3843 648 hoc

2229 678 2347 748 ipso
2376 687 2620 749 tempore
2649 678 2903 733 Zaccaria
2930 686 3025 733 aut
3046 677 3380 747 composuit,
3409 685 3510 732 aut
3537 676 3841 745 illustravit,

2230 778 2323 826 aut
2350 770 2559 826 edenda
2590 771 2819 835 curavit,
2851 785 3079 842 qumque
3105 771 3173 825 ab
3201 787 3313 826 uno
3344 770 3583 825 homine
3612 767 3845 841 potuisse

2231 864 2495 935 proficisci
2535 865 2625 919 vix
2657 864 2991 933 intelligitur,
3022 870 3081 918 ut
3102 863 3235 919 nihil
3264 863 3459 920 dicam
3504 862 3578 918 de
3605 863 3844 933 plurimis

2231 957 2350 1013 aliis
2379 972 2586 1027 magna:
2615 958 2771 1013 molis
2797 965 2889 1012 aut
2916 957 3047 1012 varii
3076 957 3386 1027 argumenti
3418 957 3707 1028 operibus,
3736 972 3847 1026 qua:

2231 1053 2449 1109 molitus
2500 1063 2555 1109 et
2601 1053 2874 1124 pollicitus
2916 1052 3132 1119 fuerat,
3181 1060 3237 1108 et
3263 1052 3523 1111 moriens
3555 1052 3610 1106 in
3645 1051 3849 1105 schedis

2232 1144 2464 1213 reliquit.
2498 1142 2790 1199 Postremis
2819 1144 2974 1199 annis
3002 1160 3124 1199 cum
3175 1142 3243 1198 de
3281 1142 3634 1198 Zaccariana
3666 1138 3845 1197 lsidori

2232 1234 2467 1291 editione
2490 1236 2731 1306 plerique
2746 1234 2860 1305 jam
2876 1233 3250 1305 desperarent,
3266 1234 3405 1289 mihi
3428 1234 3604 1289 etiam
3628 1234 3683 1289 in
3707 1247 3847 1288 men-

2234 1333 2343 1381 tem
2372 1327 2537 1391 venit,
2571 1328 2914 1396 quantumvis
2940 1326 3059 1381 aliis
3085 1325 3343 1397 operibus
3373 1323 3721 1381 excudendis
3747 1340 3844 1379 non

2232 1432 2420 1488 parum
2452 1428 2739 1489 occupato,
2774 1418 3010 1473 animum
3057 1416 3124 1471 ad
3156 1430 3353 1471 novam
3386 1414 3638 1485 Operum
3667 1411 3846 1469 lsidori

2233 1508 2525 1564 editionem
2549 1509 2841 1565 curandam
2865 1514 3182 1564 convertere
3206 1524 3221 1563 :
3243 1507 3339 1562 sed
3374 1505 3669 1575 indignum
3700 1520 3843 1576 prur-

2233 1615 2325 1656 sus
2351 1600 2636 1655 videbatur
2662 1600 2805 1669 quod
2835 1598 3103 1656 Zaccarire
3128 1598 3282 1655 labor
3310 1606 3414 1654 aut
3471 1598 3705 1669 periret,
3738 1603 3842 1662 aut,

2233 1690 2569 1747 cessantibus
2613 1688 2867 1761 Hispanis
2886 1731 2901 1757 ,
2931 1689 2997 1745 ad
3028 1690 3258 1745 aliorum
3301 1705 3510 1745 manus
3541 1688 3837 1744 deveniret.

2231 1782 2398 1853 Igitur
2428 1798 2614 1839 mense
2638 1783 2851 1852 quintili
2881 1783 3008 1837 anni
3040 1784 3288 1853 proxime
3316 1782 3503 1852 elapsi
3534 1779 3703 1849 1794,
3729 1794 3845 1834 sua-

2233 1874 2396 1931 dente
2423 1876 2655 1931 maxime
2697 1874 3120 1931 eminentissimo
3157 1873 3423 1929 cardinali
3464 1874 3529 1928 D.
3574 1872 3842 1942 Stephano

2230 1966 2447 2037 Borgia,
2481 1967 2700 2023 eximio'
2721 1966 3021 2022 litterarum
3050 1965 3289 2022 omnium
3338 1966 3565 2021 cultore
3613 1980 3679 2021 ac
3706 1964 3843 2019 litte-

2230 2066 2473 2112 ratorum
2504 2059 2741 2113 virorum
2795 2066 3057 2127 patrono,
3106 2054 3361 2118 Zaccaria
3415 2055 3608 2111 omnia
3662 2069 3755 2110 sua
3782 2052 3843 2109 de

2230 2144 2425 2203 lsidori
2451 2148 2613 2215 rebus
2639 2146 2951 2204 adversaria
2976 2146 3046 2201 ad
3074 2146 3161 2202 i'ue
3188 2144 3392 2201 deferri
3448 2145 3744 2202 concessit.

2299 2239 2351 2293 2.
2394 2238 2469 2293 Ea
2496 2249 2698 2306 autem,
2726 2238 2802 2293 uti
2830 2252 2931 2308 ego
2960 2238 3165 2307 accepi,
3197 2238 3277 2293 sic
3304 2252 3614 2307 exponam.
3646 2236 3840 2290 Prmter

2231 2332 2502 2403 epistolas,
2527 2346 2662 2401 quas
2680 2330 2793 2400 jam
2824 2330 3003 2399 attuli,
3028 2338 3146 2387 erat
3171 2330 3292 2384 Vita
3313 2330 3375 2385 S.
3403 2329 3609 2385 lsidori
3632 2346 3700 2386 ex
3730 2327 3838 2383 Bol-

2232 2426 2499 2482 landianis
2529 2441 2650 2481 cum
2676 2424 3069 2480 commentario
3099 2424 3299 2494 praevio
3319 2419 3607 2492 descripta
3634 2440 3646 2476 :
3676 2422 3837 2476 histo-

2232 2521 2312 2575 ria
2343 2520 2505 2575 etiam
2553 2518 2922 2573 translationis
2952 2517 3199 2587 corporis
3237 2515 3295 2572 8.
3326 2516 3528 2573 lsidori
3560 2533 3630 2573 ex
3658 2516 3835 2571 iisdem

2236 2610 2605 2665 Bollandianis
2625 2650 2639 2675 ,
2675 2626 2838 2663 manu
2877 2618 3116 2675 exarata,
3150 2609 3244 2664 sed
3276 2624 3462 2679 neque
3494 2610 3640 2675 vita,
3672 2620 3836 2676 neque

2233 2703 2458 2758 historia
2492 2701 3103 2770 translationisintegra,
3135 2708 3187 2755 et
3210 2701 3475 2756 mendose
3497 2709 3729 2769 utraque
3747 2698 3837 2753 de‘

2232 2794 2451 2863 scripta.
2486 2794 2869 2848 Desiderantur
2892 2799 3031 2847 notae
3050 2806 3184 2860 quas
3213 2789 3481 2845 Zaccaria
3502 2790 3838 2861 promiserat,

2234 2902 2299 2942 ac
2331 2886 2506 2943 solum
2532 2895 2659 2940 sunt
2688 2883 2935 2955 quaedam
2962 2883 3123 2937 varia:
3167 2883 3441 2939 lectiones
3483 2884 3554 2939 ad
3579 2882 3836 2939 narratio-

2235 2994 2358 3034 nem
2389 2978 2672 3047 Redempti
2701 2978 2768 3032 de
2789 2977 2937 3032 obitu
2967 2974 3022 3031 S.
3058 2974 3243 3030 lsidori
3279 2990 3346 3029 ex
3372 2976 3626 3045 quodam
3651 2974 3838 3031 Codice

2235 3069 2606 3123 Vallicellano.
2631 3068 2749 3123 Nic.
2765 3067 3027 3123 Antonius
3050 3067 3102 3121 in
3121 3066 3373 3121 Biblioth.
3394 3076 3515 3124 vet.
3534 3067 3686 3137 Hisp.
3707 3066 3791 3121 lib.
3805 3080 3835 3117 ν

2234 3156 2340 3211 duo
2368 3158 2576 3226 capita,
2610 3158 2825 3213 tertium
2870 3157 3079 3213 scilicet
3126 3165 3182 3212 et
3208 3166 3468 3226 quartum
3520 3160 3641 3229 ejus
3684 3158 3832 3222 libri,

2236 3249 2357 3304 vita:
2411 3256 2468 3305 et
2512 3250 2770 3305 doctrina:
2823 3247 3009 3304 lsidori
3057 3249 3387 3304 illustrandae
3446 3250 3830 3307 destinaverat.

2230 3340 2355 3396 Haec
2403 3342 2563 3411 igitur
2608 3340 2715 3396 duo
2744 3341 2923 3411 capita
2972 3342 3073 3397 sibi
3131 3341 3383 3420 Zaccaria
3406 3344 3649 3399 exscribi
3678 3339 3831 3397 simili

2230 3433 2392 3489 modo
2422 3440 2725 3499 curaverat,
2760 3433 2971 3489 scilicet
2994 3448 3062 3488 ex
3094 3434 3263 3503 prima
3295 3433 3559 3500 editione,
3592 3435 3829 3501 adeoque

2227 3524 2345 3579 sine
2390 3524 2454 3578 iis
2486 3524 2855 3579 notationibus
2898 3540 3032 3593 quas
3078 3522 3336 3594 Bayerius
3366 3524 3419 3578 in
3452 3525 3699 3581 editione
3724 3522 3828 3577 Ma-

2229 3616 2438 3671 tritensi
2459 3616 2676 3684 adjecit,
2700 3614 2857 3687 3&7
2883 3616 3100 3669 uberior
3124 3614 3175 3668 in
3199 3615 3302 3669 hoc
3322 3624 3649 3684 argumento
3670 3627 3827 3682 quam

2228 3708 2280 3764 in
2314 3709 2581 3777 plerisque
2603 3708 2738 3773 aliis,
2771 3724 2893 3763 cum
2919 3706 2985 3762 de
3013 3706 3277 3777 Operibus
3306 3705 3365 3761 8.
3392 3705 3586 3763 lsidori
3609 3704 3828 3761 edendis

2228 3797 2346 3865 ipse
2376 3813 2593 3866 quoque
2619 3798 2980 3866 cogitaviSsct.
3026 3795 3168 3853 Duas
3195 3797 3607 3855 dissertationes
3638 3796 3830 3852 Zacca-

2226 3890 2306 3941 ria
2338 3888 2607 3957 pollicitus
2639 3887 2836 3956 fuerat,
2868 3889 3095 3943 alteram
3121 3888 3188 3943 de
3215 3887 3334 3942 Vita
3363 3890 3638 3954 rebusque
3668 3886 3831 3954 gestis

2226 3977 2285 4034 S.
2310 3979 2517 4045 lsidori,
2552 3982 2779 4034 alteram
2809 3980 2875 4033 de
2904 3978 3154 4033 doctrina
3192 3979 3513 4047 scriptisque
3543 3977 3791 4044 ejusdem
3818 3992 3831 4028 ς

2227 4080 2418 4126 neutra
2440 4073 2691 4127 inchoata
2715 4078 2851 4136 erat,
2872 4068 3069 4122 nedum
3090 4068 3327 4137 perfecta
3354 4086 3366 4121 :
3393 4067 3493 4121 nisi
3523 4067 3569 4121 si
3600 4068 3835 4122 fortasse

2227 4162 2402 4219 Vitam
2424 4206 2439 4233 ,
2472 4180 2632 4233 quant
2663 4162 2794 4226 dixi,
2825 4176 2891 4214 ex
2923 4159 3283 4214 Bollandiauis
3323 4159 3469 4214 Actis
3498 4165 3834 4221 extractam,

2225 4267 2281 4313 et
2319 4259 2426 4311 duo
2461 4256 2548 4309 illa
2577 4252 2918 4308 bibliotheca:
2950 4249 3202 4319 Hispanae
3230 4249 3346 4305 Nic.
3396 4248 3620 4304 Antonii
3652 4250 3830 4320 capita

2226 4345 2576 4413 intelligebat.
2611 4341 2867 4396 Voluerat
2895 4340 3055 4395 etiam
3088 4340 3157 4394 de
3189 4340 3379 4396 lsidori
3412 4339 3667 4410 genuinis
3709 4342 3827 4411 cpi-

2223 4435 2395 4499 stolis,
2420 4433 2594 4503 deque
2640 4430 2979 4487 Muzarabica
3021 4430 3269 4501 liturgia,
3312 4440 3473 4503 atque
3501 4432 3669 4488 COHCL
3684 4434 3827 4487 tione

2223 4544 2490 4585 canonum
2520 4528 2804 4598 Hispanica
2844 4526 3117 4583 disserere
3142 4545 3155 4580 :
3186 4527 3280 4582 sed
3308 4542 3501 4582 manus
3530 4527 3687 4596 aperi
3720 4541 3823 4580 non

2224 4623 2482 4677 admovit.
2516 4621 2885 4677 Constituerat
2912 4621 3134 4690 singulis
3178 4621 3328 4676 libris
3355 4620 3413 4675 S.
3445 4619 3638 4676 lsidori
3691 4634 3822 4689 pne-

2226 4713 2453 4769 fatioues
2487 4712 2787 4784 praefigere,
2834 4713 2927 4768 sed
2958 4728 3119 4767 unam
3149 4720 3355 4767 tantum
3384 4714 3603 4768 invenio
3633 4712 3821 4767 adum.

2224 4806 2430 4861 bratam
2453 4808 2519 4861 ad
2550 4808 2743 4861 librum
2772 4804 3188 4873 Prooemiorum,
3214 4814 3269 4860 et
3289 4806 3516 4861 alteram
3538 4807 3607 4863 ad
3629 4808 3817 4862 librum

2224 4899 2292 4954 de
2323 4899 2433 4956 Vir.
2476 4901 2669 4956 illustr.
2690 4943 2703 4965 ,
2736 4916 2870 4970 quas
2909 4900 3065 4955 edam
3094 4915 3218 4953 cum
3260 4899 3328 4953 de
3357 4898 3437 4955 his
3462 4899 3613 4954 libris
3644 4912 3814 4966 agam.

2225 4991 2358 5046 Cum
2390 4992 2502 5062 ipse
2532 4991 2798 5048 Procemia
2830 4991 3000 5061 primo
3032 4990 3154 5045 loco
3192 4989 3460 5044 excudere
3497 4991 3813 5061 cogitasset,

2225 5084 2509 5156 prologum
2559 5084 2685 5138 huic
2732 5082 2884 5151 operi
2932 5094 3194 5151 apparere
3240 5081 3544 5138 studuerat.
3600 5078 3816 5133 Librum

2222 5194 2352 5232 vero
2379 5177 2448 5231 de
2474 5176 2588 5231 Vir.
2621 5175 2813 5229 illuStr.
2844 5173 3003 5228 simul
3053 5187 3177 5225 cutn
3209 5179 3321 5226 tota
3366 5170 3695 5227 Bibliotheca
3724 5182 3812 5221 ec-

2221 5270 2522 5327 clesiastica
2552 5268 2779 5325 Fabricii
2803 5268 2965 5324 edere
2994 5266 3311 5324 decreverat
3336 5285 3348 5320 :
3380 5266 3505 5322 hinc
3536 5267 3810 5337 prologum

2223 5364 2485 5419 habemus
2513 5361 2579 5424 λῇ
2606 5376 2730 5416 cum
2759 5361 2978 5417 librum.
3076 5414 3077 5419 η

2292 5454 2347 5509 5.
2387 5452 2664 5509 Statuerat
2690 5450 3007 5523 quibusdam
3054 5450 3109 5506 in
3151 5450 3287 5506 locis
3334 5454 3644 5507 natationes
3691 5460 3808 5505 suas

2224 5545 2459 5614 antiquis
2485 5544 2714 5641 allow
2739 5541 2940 5598 addere
2968 5560 2982 5595 :
3014 5543 3217 5597 nullam
3244 5543 3547 5599 istiusmodi
3576 5540 3804 5598 notatio-

2223 5654 2350 5692 num
2381 5631 2684 5695 absolutaiu
2734 5636 2986 5703 invenio,
3038 5636 3138 5693 nisi
3165 5652 3366 5707 paucas
3395 5639 3463 5692 ad
3511 5638 3701 5694 librum
3741 5631 3804 5685 de

2227 5730 2337 5786 Vir.
2368 5731 2587 5796 illustr.,
2613 5740 2671 5785 et
2695 5731 3061 5799 quorumdam
3082 5737 3364 5784 auctorum
3394 5729 3517 5785 loca
3556 5730 3798 5785 indicata.

2220 5835 2287 5875 ex
2318 5822 2515 5890 quibus
2541 5822 2720 5876 lumen
2750 5830 2934 5891 posset
2957 5821 3201 5886 haurire,
3230 5820 3275 5875 si
3299 5821 3516 5889 quando
3559 5835 3679 5876 eum
3720 5815 3803 5893 la-I

2220 5916 2408 5975 boretu
2440 5917 2755 5993 susciperet.
2790 5914 2918 5975 Post
2947 5916 3063 5991 ejus
3101 5930 3379 5972 excessum
3409 5911 3664 5988 acquisivi
3690 5904 3799 5968 edi-
