4070 6362
310 316 416 379 975

1356 312 1775 376 lSIDORIANA.
1814 347 1883 359 —
1926 317 2103 374 PARS
2145 318 2182 373 Ι.
2224 318 2375 375 CAP.
2420 318 2600 376 XLIII.

3487 320 3591 380 274

305 440 515 495 tionem
538 434 755 505 Regiam
780 431 1143 490 Matritensem
1171 434 1228 489 S.
1253 434 1460 498 lsidori,
1486 435 1638 505 cujus
1663 434 1887 504 margini
1918 438 1967 498 Α
1992 450 2108 505 pue,
2137 435 2209 489 ita
2251 438 2445 506 pergit,
2476 439 2528 491 in
2557 437 2743 491 Codice
2785 436 2847 493 51
2880 440 3186 495 venerandae
3225 431 3553 513 antiquitatis

301 528 469 587 simili
501 526 661 582 modo
704 526 921 581 nomina
951 527 1305 596 quorumdam
1348 534 1630 581 auctorum
1677 533 1733 581 et
1780 526 1899 582 loca

301 622 647 692 appinxerat.
702 617 1048 688 Collegerat,
1082 619 1380 689 praesertim
1407 631 1539 673 vero
1583 631 1683 688 per
1732 616 1896 683 alios,

300 712 662 782 plurimorum
707 704 968 766 Codicum
998 711 1176 767 varias
1214 710 1506 777 lectiones,
1535 725 1670 780 quas
1710 710 1900 766 ordine

300 804 595 874 dispositas
618 802 792 859 textui
841 802 1109 873 subjicere
1137 802 1425 874 cogitabat.
1458 804 1566 860 Sed
1595 803 1896 874 improbum

299 896 445 951 hunc
497 897 740 952 laborem
787 909 1104 966 aggressus,
1137 896 1190 957 in
1244 896 1362 976 ipsp
1408 896 1593 953 limine
1639 897 1896 953 substitit.

297 984 525 1042 Scilicet
553 988 889 1070 propositum
940 987 1017 1043 illi
1058 988 1232 1045 fuerat
1269 988 1462 1045 librum
1506 989 1896 1045 Prommiorum

295 1088 422 1133 ante
472 1079 610 1135 alios
642 1094 829 1136 omnes
858 1081 1057 1148 edere,
1109 1091 1170 1135 ut
1218 1097 1389 1152 nuper
1431 1081 1671 1137 dicebam
1697 1122 1711 1147 ,
1746 1090 1801 1137 et
1829 1096 1895 1136 ex

294 1180 601 1239 conspectu
651 1170 769 1240 ejus
813 1171 1066 1227 editionis
1115 1181 1310 1243 patet:
1343 1174 1420 1227 sic
1461 1187 1587 1242 ergo
1624 1173 1896 1228 variantes

293 1258 564 1317 lectiones
592 1262 857 1318 adornare
876 1273 1134 1333 coeperat.
1170 1262 1419 1317 VARI/fl
1449 1261 1775 1318 LECTION
1780 1264 1826 1317 Ε
1830 1265 1893 1321 8.

293 1344 345 1402 I.
372 1348 435 1401 Β.
592 1348 747 1405 Liber
776 1352 1179 1420 Prowmiorum,
1221 1353 1371 1408 beato
1413 1352 1620 1409 Isidoro
1664 1364 1891 1411 auctore.

292 1436 386 1494 Br.
414 1437 484 1493 Ε.
514 1439 583 1494 In
613 1444 820 1497 nomine
843 1452 1038 1499 sancta:
1060 1444 1331 1498 Trinitatis
1357 1446 1539 1517 incipit
1560 1446 1688 1501 liber
1719 1446 1896 1503 Prooe-

246 1590 251 1593 _
291 1533 521 1587 miorum
554 1534 614 1588 Β.
662 1534 859 1592 Isidori
903 1538 968 1592 de
1008 1537 1152 1592 libris
1192 1537 1385 1594 Veteris
1429 1556 1489 1593 ac
1530 1533 1665 1596 Νούὶ
1715 1541 1897 1596 Testa-

291 1626 477 1678 menti.
515 1623 576 1679 C.
601 1624 659 1679 C.
694 1624 886 1698 Incipit
926 1628 1052 1684 liber
1078 1628 1454 1684 Prommiorum
1497 1632 1559 1685 de
1586 1630 1729 1686 libris
1757 1631 1895 1686 Novi

291 1724 339 1767 et
370 1713 579 1771 Veteris
605 1715 918 1773 Testamenti
940 1723 1105 1775 sancti
1127 1720 1331 1776 Ysidori
1357 1720 1627 1793 Spalensis
1648 1724 1890 1793 episcopi.

2002 527 2089 597 qui
2114 536 2251 581 certe
2274 528 2557 582 secundum
2599 529 2765 583 locum
2811 529 3005 583 obtinet
3045 546 3077 582 a
3107 529 3291 587 Codice
3316 531 3597 590 membra-

2001 635 2155 674 naceo
2176 620 2353 674 seaculi
2371 636 2480 681 VIII.
2505 621 2589 692 qui
2611 622 2663 674 in
2688 620 2940 674 Toletana
2966 619 3272 677 bibliotheca
3299 632 3593 680 asseruntur

2000 713 2297 766 charactere
2341 712 2615 782 quadrato.
2669 711 2823 765 Hunc
2850 729 2882 765 a
2910 729 2967 766 se
2997 715 3157 785 fuisse
3183 714 3426 768 collatum
3468 716 3594 771 mihi

2000 809 2231 861 narravit
2255 809 2532 863 canonicus
2560 806 2958 861 Barcinonensis
2984 806 3258 878 Bayerius,
3288 809 3373 880 qui
3407 808 3594 864 editio-

1999 915 2114 953 nem
2158 898 2337 953 Alvari
2378 899 2608 955 Gomesii
2658 899 2721 952 de
2762 900 2842 952 his
2872 901 3253 954 commentariis
3301 900 3598 955 instaurare

1999 991 2278 1044 meditatur
2298 1000 2345 1045 et
2368 992 2649 1046 illustrare.
2970 1006 2975 1010 '

2068 1082 2120 1136 7.
2164 1080 2271 1137 Pro
2316 1076 2506 1137 Alvaro
2558 1081 2801 1138 Gomezio
2850 1082 3219 1153 reponendum
3267 1093 3351 1139 est
3396 1098 3595 1139 nomen

1996 1174 2220 1229 Joannis
2246 1170 2453 1241 Grialii,
2487 1175 2649 1247 359
2692 1176 2783 1245 qni
2830 1175 3120 1231 editionem
3152 1174 3373 1245 Regiam
3403 1175 3595 1229 Matri-

1998 1274 2205 1320 tensem
2251 1267 2495 1335 curavit,
2525 1270 2773 1336 notisque
2812 1267 2923 1325 suis
2961 1268 3065 1323 hoc
3107 1284 3243 1338 opus
3285 1267 3591 1322 illustravit.

1997 1358 2243 1414 Bandinii
2272 1360 2461 1429 verba,
2491 1362 2685 1430 quibus
2727 1352 2970 1418 eamdem
3001 1364 3066 1417 de
3092 1350 3292 1418 Codice
3333 1362 3595 1418 Toletano

1997 1466 2027 1505 a
2054 1451 2281 1523 Bayerio
2309 1452 2509 1508 collato
2559 1453 2921 1509 narrationem
2953 1455 3150 1521 texuit,
3182 1454 3429 1509 recensui
3470 1468 3595 1524 cap.

1996 1544 2085 1610 59,
2118 1546 2464 1616 rationesque
2511 1545 2667 1601 attuli
2715 1562 2814 1602 cur
2841 1561 2905 1602 ea
2951 1546 3079 1601 mihi
3126 1546 3288 1601 dubia
3327 1545 3594 1602 videatur.

1998 1635 2117 1692 Alia
2147 1639 2293 1693 addit
2341 1638 2639 1694 Bandinius’
2679 1647 2810 1693 tom.
2840 1639 2863 1693 1
2892 1638 3077 1695 Codic.
3120 1638 3369 1695 biblioth.
3399 1636 3595 1694 Medic.

1998 1727 2277 1795 Laurent.,
2327 1731 2534 1787 scilicet
2559 1730 2814 1786 Codicem
2840 1730 2929 1795 51,
2963 1730 3097 1801 plut.
3129 1730 3216 1796 19,
3248 1728 3474 1785 membr.
3507 1727 3594 1782 in-

307 1805 366 1860 γ.
395 1806 458 1861 C.
498 1807 565 1861 In
614 1810 821 1863 nomine
869 1810 1067 1876 Patris,
1097 1822 1148 1866 et
1193 1812 1346 1880 Filii,
1373 1823 1423 1868 et
1445 1812 1673 1883 Spiritus
1705 1814 1890 1869 sancti.
1927 1832 1976 1893 B
2000 1823 2058 1877 4°
2087 1826 2314 1890 minori,
2363 1826 2417 1880 in
2466 1825 2572 1880 line
2599 1825 2807 1881 diversa
2856 1825 2951 1879 sed
2999 1824 3126 1879 item
3164 1825 3382 1895 antiqua
3430 1837 3594 1877 manu

293 1897 623 1952 Auxitiatria:
671 1909 779 1955 esto
828 1902 974 1966 mihi,
1019 1902 1249 1958 Trinitas
1276 1913 1481 1960 sancta.
1521 1904 1736 1960 Orditur
1771 1908 1897 1961 liber

292 1988 636 2054 praemiorum
657 1987 779 2059 (sic)
801 1989 1039 2062 dialogus
1065 1994 1229 2047 sancti
1257 1992 1567 2066 Hieronymi
1591 1998 1893 2069 presbyteri.

373 2100 420 2152 1.
450 2099 579 2157 Haec
599 2110 805 2158 tantum
832 2104 1095 2161 Zaccariae
1121 2107 1289 2177 ipsius
1307 2122 1471 2163 manu
1493 2119 1710 2164 exarata
1742 2121 1897 2165 erant

291 2189 350 2246 in
398 2206 600 2263 magno
649 2195 958 2251 chartarum
988 2213 1245 2269 purarum
1295 2199 1550 2256 iasciculo
1601 2205 1666 2256 ad
1719 2204 1897 2259 varias

291 2279 563 2340 lectiones
583 2294 793 2356 parato.
823 2286 975 2343 Nota:
998 2288 1237 2346 indicant
1259 2292 1422 2365 35,8
1448 2292 1630 2365 Bignei
1653 2302 1707 2350 et
1734 2295 1895 2350 Breu-

270 2373 353 2461 1ἰῖ
382 2377 685 2447 editiones,
729 2380 1136 2439 Ctesenatensem
1174 2394 1228 2440 et
1278 2386 1619 2442 Veronensem
1648 2387 1891 2455 Codices,

292 2478 355 2522 ut
384 2469 441 2523 in
470 2472 694 2542 prologo
716 2512 733 2540 ,
771 2488 931 2544 quem
980 2475 1122 2543 dixi,
1154 2477 1222 2531 ad
1272 2477 1463 2533 librum
1504 2478 1895 2536 Prooemiorum

291 2560 412 2630 ipse
442 2565 771 2622 adverterat.
803 2566 966 2623 Vides
993 2569 1155 2638 igitur
1183 2570 1509 2636 Zaccariam,
1543 2583 1739 2643 praeter
1766 2591 1895 2630 con-

268 2648 508 2721 gestam
544 2656 831 2725 quamdam
860 2674 1041 2714 rerum
1088 2660 1293 2727 silvam,
1325 2663 1459 2716 nihil
1492 2663 1636 2717 aliud
1683 2666 1749 2718 ad
1780 2667 1895 2720 edi-

290 2747 507 2804 tionem
529 2751 840 2821 expeditum
866 2752 1118 2808 habuisse
1142 2771 1155 2807 :
1183 2754 1326 2822 quod
1356 2755 1471 2824 ipse
1492 2756 1546 2809 in
1570 2756 1764 2811 litteris
1789 2759 1898 2813 suis

291 2839 361 2896 ad
392 2842 885 2897 eminentissimum
914 2844 1237 2898 cardinalem
1278 2846 1737 2917 archiepiscopum
1790 2846 1898 2903 To-

288 2927 544 2985 letanum
574 2932 735 3002 plane
763 2932 980 2988 fatetur.
1028 2933 1285 3005 Superest
1332 2944 1390 2990 ut
1416 2934 1645 2994 Codices
1674 2953 1898 2996 enume-

289 3032 486 3077 remns
506 3037 641 3093 quos
656 3038 685 3079 a
708 3039 765 3079 se
779 3024 1005 3081 collatos
1026 3024 1275 3081 Zaccaria
1298 3028 1351 3081 in
1373 3042 1472 3083 suo
1498 3040 1897 3098 programmate

289 3110 556 3179 afﬁrmat,
588 3123 645 3170 et
690 3124 904 3171 servato
945 3117 1133 3173 ordine
1161 3133 1319 3188 quem
1367 3119 1484 3190 ipse
1520 3120 1619 3175 sibi
1648 3123 1893 3191 prescri-

2000 1921 2326 1991 suppletum,
2354 1931 2603 1977 constare
2638 1919 2782 1975 loliis
2833 1919 3045 1989 scriptis
3074 1916 3207 1984 193;
3255 1918 3323 1972 ad
3350 1929 3591 1971 eremum

1999 2010 2463 2066 Camaldulensem
2511 2011 2640 2065 olim
2670 2004 3138 2081 ‘pertinuisse,ut
3186 2007 3418 2062 videtur.
3462 2003 3594 2061 Post

1997 2100 2403 2172 inscriptionem
2452 2101 2574 2156 libri
2601 2100 2970 2168 Quaestionum
3001 2102 3054 2154 in
3080 2099 3250 2155 Vetus
3276 2097 3594 2152 Testamenc

1997 2198 2111 2245 tum
2141 2191 2426 2260 subjicitur
2455 2190 2637 2245 tabula
2665 2190 2901 2259 capitum
2917 2188 3008 2243 51.
3034 2187 3163 2243 Post
3189 2187 3382 2242 librum
3403 2183 3593 2242 lsidori

1997 2290 2296 2351 sequuntur
2341 2282 2395 2335 in
2445 2280 2637 2336 eodem
2689 2280 2889 2335 Codice
2938 2278 3192 2349 anonymi
3218 2273 3593 2332 commentarii

1997 2372 2051 2429 in
2073 2373 2329 2439 Genesin,
2352 2373 2403 2427 in
2430 2372 2724 2428 Parabolas
2754 2371 3080 2437 Salomonis,
3106 2370 3160 2423 in
3189 2366 3588 2441 Ecclesiastem,

1996 2475 2070 2532 et,
2094 2481 2216 2538 pag.
2240 2466 2365 2535 184,
2390 2466 2866 2537 lnterpretationes
2894 2476 3202 2520 sermonum
3224 2475 3319 2515 seu
3348 2458 3589 2514 locorum

1997 2558 2206 2613 Veteris
2245 2574 2309 2613 ac
2358 2557 2491 2613 Novi
2540 2556 2889 2612 Testamenti.
2943 2552 3175 2623 Incipit:
3207 2548 3439 2627 Nomina
3487 2549 3591 2619 ﬂu-

1998 2651 2193 2704 minum
2215 2666 2327 2719 qua:
2347 2651 2410 2703 de
2431 2648 2676 2720 paradiso
2699 2655 2906 2702 exeunt.
2928 2644 3164 2700 Desinit:
3189 2650 3239 2697 et
3260 2641 3593 2711 corruptione

1999 2740 2183 2793 veteris
2207 2742 2448 2809 nequitia:
2477 2739 2782 2793 delectatur.
3214 2752 3215 2755 ‘

1988 2841 1992 2845 ‘
2072 2828 2125 2882 8.
2160 2829 2434 2884 lsidoriani
2462 2831 2641 2899 operis
2670 2829 2948 2898 inscriptio
2977 2836 3060 2882 est
3091 2845 3104 2881 :
3141 2826 3205 2881 In
3230 2827 3435 2881 nomine
3483 2824 3591 2880 Do.

1986 2914 2147 2977 mini.
2176 2920 2368 2992 Incipit
2399 2922 2572 2976 Codex
2597 2939 2628 2975 a
2658 2921 2805 2975 beato
2836 2920 3043 2974 Isidoro
3074 2919 3328 2991 Spalense
3353 2920 3590 2989 episcopo

1983 3012 2064 3072 Ide
2088 3018 2306 3089 quinque
2332 3016 2474 3071 libris
2513 3015 2702 3087 Moysi,
2733 3025 2782 3069 et
2808 3023 3106 3083 ceterorum
3150 3013 3402 3067 librorum
3435 3010 3590 3065 Vete-

1997 3110 2072 3163 ris
2103 3109 2415 3163 Testamenti
2443 3108 2772 3178 explanatus,
2796 3115 2947 3175 atque
2976 3104 3039 3158 de
3060 3103 3272 3158 diversis
3296 3099 3589 3157 auctoribus

262 3198 507 3273 'pserat.
556 3202 660 3258 Sed
696 3205 1136 3275 praemonendum
1164 3221 1361 3263 censeo
1389 3208 1532 3278 quod
1561 3210 1670 3265 suis
1698 3210 1894 3266 deinde
1920 3206 1964 3268 (Ξ
1995 3203 2050 3257 in
2104 3218 2262 3255 unum
2314 3199 2587 3268 collectus,
2628 3200 3005 3268 luculenterque
3055 3195 3339 3266 expositus.
3397 3191 3590 3263 Incipit

292 3290 435 3348 locis
483 3293 782 3350 distinctius
828 3296 1157 3363 observabo,
1203 3313 1405 3368 paucos
1434 3315 1463 3354 a
1508 3299 1757 3356 Zaccaria
1798 3317 1895 3373 per

296 3398 357 3438 se
385 3384 563 3454 ipsum
604 3384 851 3453 Codices,
878 3387 1166 3459 plerosque
1204 3390 1271 3444 ab
1309 3392 1427 3446 aliis
1454 3391 1617 3448 fuisse
1645 3394 1889 3451 collatos.

297 3472 408 3529 Sed
438 3477 686 3545 quamvis
714 3479 1005 3548 optandum
1045 3490 1190 3537 esset
1217 3490 1278 3536 ut
1304 3481 1555 3540 Zaccaria
1585 3486 1699 3556 ipse
1726 3502 1891 3557 opera

298 3565 442 3622 edita
471 3567 656 3623 lsidori
686 3569 753 3624 ad
780 3585 908 3626 mss.
949 3570 1176 3627 Codices
1219 3575 1505 3644 exegisset,
1548 3577 1893 3633 nihilominus

298 3655 364 3713 iis
391 3659 595 3715 divitiis
618 3675 752 3730 quas
778 3662 997 3733 reliquit
1022 3664 1260 3718 contenti
1300 3680 1419 3722 esse
1447 3666 1725 3722 debemus.
1757 3668 1889 3723 Nam

297 3762 426 3806 vere
454 3751 675 3807 divitias
701 3767 898 3808 censeo
941 3766 1189 3821 magnam
1218 3756 1428 3824 capiam
1459 3757 1602 3811 illam
1647 3759 1893 3815 collatio-

270 3836 273 3837 ν
298 3858 444 3914 num,
468 3861 702 3916 quarum
730 3846 1002 3902 nonnullas
1031 3848 1160 3903 satis
1180 3847 1235 3903 in
1257 3862 1318 3904 se
1344 3848 1471 3919 ipsis
1491 3858 1695 3905 exactae
1722 3866 1891 3922 appa-

297 3948 435 4006 rent,
460 3941 713 4011 quaedam
751 3941 914 3996 etiam
943 3956 974 3996 e
1003 3955 1133 3996 mss.
1165 3941 1562 4012 exemplaribus
1590 3944 1892 4001 vetustissi-

271 4021 275 4025 ’
299 4032 399 4087 mis
421 4041 554 4088 sunt
576 4032 838 4089 collectae.

272 4200 275 4201 ν
366 4128 418 4184 5.
460 4128 759 4196 Prouemia,
792 4144 823 4183 a
854 4128 1106 4184 Zaccaria
1135 4129 1309 4201 primo
1338 4129 1459 4185 loco
1486 4128 1711 4196 edenda,
1741 4140 1893 4187 erant

300 4213 500 4278 collata
530 4237 652 4278 cum
683 4222 851 4278 tribus
893 4221 1177 4278 Codicibus
1197 4263 1214 4289 ,
1255 4220 1547 4280 Veronensi
1571 4268 1585 4293 ,
1616 4224 1893 4282 Ctesenate

276 4318 353 4389 vet
371 4309 690 4367 Florentino
719 4312 776 4367 S.
803 4309 1010 4367 Crucis.
1039 4311 1146 4367 Eos
1168 4314 1453 4384 descripsit
1474 4315 1527 4370 in
1558 4316 1887 4387 praefatione,

274 4480 281 4485 ρ
303 4415 454 4471 quam
489 4418 586 4458 suo
608 4403 728 4459 loco
750 4404 999 4458 inseram.
1025 4401 1209 4459 Habeo
1224 4406 1398 4480 varias
1420 4407 1679 4462 lectiones
1700 4408 1889 4463 horum

302 4497 453 4552 trium
494 4495 750 4552 Codicum
770 4536 785 4561 ,
815 4495 913 4552 sed
962 4512 1069 4551 non
1095 4511 1125 4551 a
1169 4513 1331 4553 manu
1370 4498 1638 4555 Zaccaria:
1658 4541 1675 4568 ,
1707 4502 1806 4556 nisi
1836 4501 1889 4558 in

277 4586 492 4658 'primis
521 4591 783 4661 capitibus
810 4590 1024 4646 Codicis
1051 4588 1361 4647 Caesenatis.

280 4754 281 4757 η
370 4684 420 4738 6.
452 4684 799 4752 ρυωειίοηθε
818 4684 871 4739 in
892 4683 1059 4740 Vetus
1087 4683 1510 4748 Testamentum,
1535 4687 1743 4742 collatae
1768 4705 1888 4744 cum

280 4771 515 4849 duobus
558 4773 686 4830 Mss.
728 4774 1065 4831 bibliotheca:
1104 4773 1473 4831 Laurentianaa
1518 4776 1797 4849 Mediceae,
1838 4792 1893 4838 et

309 4879 422 4921 cum
445 4868 644 4937 insigni
666 4867 863 4923 Codice
882 4867 1303 4935 Albornoziano,
1329 4869 1464 4937 sive,
1493 4877 1551 4923 ut
1577 4870 1692 4939 ipse
1713 4880 1887 4935 vocat.

313 4953 701 5015 Alburnotiano
753 4959 1097 5015 Bononiensi.
1159 4957 1360 5013 Horum
1416 4960 1573 5013 trium
1632 4960 1887 5016 Codicum

315 5048 526 5107 collatio
564 5050 630 5105 ad
649 5065 735 5107 me
750 5050 923 5106 delata
950 5060 1062 5113 est,
1088 5050 1244 5105 simul
1269 5065 1388 5105 cum
1417 5053 1761 5109 attestatione
1778 5056 1889 5110 An-

318 5136 447 5199 dreae
470 5143 614 5199 Petri
630 5143 933 5207 Julianellii,
953 5144 1321 5199 Laurentianaa
1340 5143 1674 5202 bibliothecae
1695 5162 1794 5217 pro
1813 5164 1895 5204 re-

320 5230 399 5298 gio
420 5232 824 5291 bibliothecario
837 5236 981 5291 vices
1000 5236 1234 5305 gerentis
1247 5278 1264 5303 ,
1291 5236 1380 5305 qui
1396 5234 1624 5291 afﬁrmat
1635 5236 1889 5294 Codicem

319 5323 539 5390 primum
568 5328 763 5383 saeculo
805 5326 945 5383 forte
975 5343 1028 5382 xt
1074 5327 1329 5396 scriptum
1375 5328 1429 5381 in
1477 5326 1647 5383 forma
1677 5331 1885 5399 quarti,

321 5411 445 5479 plut.
476 5414 562 5482 19,
593 5432 740 5473 num.
770 5418 857 5482 51,
882 5429 937 5473 et
978 5418 1203 5472 alterum
1236 5418 1368 5488 plut.
1398 5415 1485 5485 21,
1512 5435 1565 5472 n.
1600 5418 1686 5481 l8,
1720 5435 1890 5474 ment-

322 5497 635 5563 branaceum
663 5509 839 5563 saeculi
885 5525 971 5564 xv.
997 5508 1049 5562 in
1070 5492 1197 5575 Ioh,
1225 5507 1389 5564 fuisse
1415 5523 1443 5562 a
1468 5509 1887 5578 diligentissimis

325 5593 539 5657 alumnis
583 5601 873 5657 Florentini
920 5602 1129 5670 collegii
1181 5601 1470 5657 Societatis
1523 5600 1649 5657 Jesu
1696 5611 1886 5671 rogatu

302 5682 600 5769 doctissimi
629 5692 897 5749 Francisci
924 5692 1186 5747 Zaccaria:
1211 5692 1455 5759 collatos,
1487 5692 1676 5747 eodem
1716 5692 1885 5748 Julia-

325 5778 475 5839 nellio
494 5784 646 5852 duce,
669 5795 725 5842 et
745 5787 1029 5857 aliquando
1054 5787 1331 5857 scripturae
1356 5786 1669 5857 interprete,
1701 5789 1887 5859 pra-ci-

1994 3294 2257 3366 prologus.
2290 3293 2345 3347 In
2370 3293 2580 3349 schedis
2608 3289 2943 3346 Zaccarianis
2967 3288 3161 3357 legitur
3180 3287 3587 3358 explanatum...

1982 3385 2327 3439 collectum...
2369 3385 2677 3454 expositum.
2710 3381 2788 3435 Ac
2818 3380 3044 3434 fortasse
3087 3378 3160 3433 ita
3190 3378 3353 3432 habet
3377 3373 3583 3429 Codex.

1979 3472 1982 3476 ’
2064 3474 2116 3528 9.
2167 3474 2418 3529 Codicem
2450 3472 2536 3537 18,
2565 3472 2700 3542 plut.
2727 3470 2816 3537 2|,
2855 3470 2933 3525 sic
2974 3467 3227 3524 describit
3274 3466 3585 3521 Bandinius.

1992 3565 2176 3622 Codex
2197 3566 2637 3621 membranaceus
2663 3563 2843 3617 in-fol.
2862 3561 3044 3616 'sreculi
3068 3576 3157 3615 xvt
3173 3558 3430 3627 ineuntis,
3460 3556 3585 3613 niti-

1992 3658 2246 3713 dissimus
2273 3674 2395 3713 cum
2442 3656 2619 3725 efﬁgie
2665 3655 2900 3709 auctoris
2920 3696 2934 3721 ,
2965 3660 3249 3707 stemmate
3266 3646 3470 3716 Leonis
3497 3648 3547 3709 Χ
3566 3691 3583 3717 ,

1993 3740 2318 3804 nomismate
2365 3748 2620 3803 Antonini
2651 3746 2874 3816 Augusti
2898 3746 2975 3800 ein
3006 3744 3176 3815 prima
3216 3745 3409 3816 pagina
3437 3743 3583 3798 litte-

1991 3842 2065 3896 ris
2093 3839 2384 3895 initialibus
2409 3838 2801 3905 elegantissime
2843 3835 3098 3906 depictis,
3149 3843 3205 3891 et
3248 3834 3581 3891 illuminatis.

1990 3932 2049 3987 In
2085 3931 2295 3986 schedis
2322 3929 2691 3993 Zaccarianis,
2721 3936 2777 3982 et
2806 3925 3153 3982 attestatione
3196 3924 3484 3979 Julianellii
3510 3926 3579 3981 ad

1992 4021 2246 4080 saeculum
2277 4038 2347 4076 xv
2375 4020 2557 4077 Codex
2586 4019 2860 4089 pertinere
2888 4016 3101 4073 dicitur.
3127 4016 3285 4071 Num.
3309 4016 3332 4068 1
3356 4024 3439 4070 est
3466 4016 3580 4071 Caii

1994 4112 2300 4183 (legendum
2324 4112 2461 4184 Taii)
2482 4112 2559 4166 vel
2573 4110 2785 4165 Taionis
2805 4117 3139 4180 ωςηοηιεηιο
3161 4106 3484 4173 Saorohelis,
3505 4106 3581 4163 vel

1982 4205 2273 4271 Samuelis,
2293 4205 2680 4261 Sententiarum
2697 4201 2814 4257 libri
2828 4218 2878 4257 v.
2897 4198 3134 4271 Epistola
3150 4204 3216 4255 ad
3232 4198 3577 4266 Quiricum...

1995 4296 2198 4352 Tabula
2246 4298 2478 4367 capitum
2525 4284 2782 4352 librorum
2820 4310 2875 4350 v.
2909 4292 3108 4349 Liberi
3149 4292 3374 4364 incipit,
3425 4291 3582 4349 Solus

1994 4389 2134 4446 Deus
2179 4392 2231 4444 in
2260 4392 2530 4461 semetipso
2578 4388 3009 4444 incommutabilis
3037 4399 3131 4443 est.
3174 4386 3334 4442 Liber
3362 4387 3581 4441 ultimus

1995 4485 2217 4550 desinit,
2260 4485 2540 4539 videbimus
2567 4486 2717 4538 sicuti
2743 4492 2838 4538 est.
2872 4481 3166 4549 Subjicitur
3192 4478 3419 4548 epistola
3450 4478 3581 4545 Qui-

1917 4577 1974 4640 Ι)
1996 4576 2091 4631 rici
2121 4576 2187 4629 ad
2214 4575 2493 4637 Taionem,
2523 4574 2606 4628 En
2631 4573 2923 4628 beatissime
2946 4574 3189 4639 virorum,
3213 4580 3319 4628 etc.
3346 4572 3403 4627 ln
3435 4572 3575 4628 line:

1994 4667 2221 4738 Explicit
2247 4666 2374 4721 liber
2400 4666 2785 4720 Sententiarum
2807 4663 3066 4718 Samuelis
3094 4664 3342 4734 episcopi.

2065 4776 2150 4831 10.
2180 4775 2357 4831 Edidit
2384 4777 2617 4845 quinque
2641 4775 2739 4830 IlOS
2778 4774 3173 4829 Sententiarum
3201 4773 3367 4830 libros
3394 4775 3578 4832 claris-

1991 4870 2157 4924 simus
2174 4869 2514 4921 continuator
2539 4865 2804 4935 Hispania:
2824 4880 2988 4919 sacra:
3013 4863 3201 4921 Biscus
3222 4872 3353 4920 tom.
3385 4863 3577 4934 XXXl,

1990 4958 2083 5015 sed
2112 4958 2329 5013 mutilos
2349 4957 2400 5011 in
2424 4955 2546 5021 line,
2573 4964 2629 5009 ut
2644 4971 2762 5025 cap.
2782 4954 2849 5008 47
2872 4955 3039 5010 fusius
3060 4955 3256 5011 dicam.
3275 4954 3351 5010 De
3375 4955 3577 5012 Taione

1997 5051 2107 5119 agit
2145 5050 2262 5105 Nic.
2310 5049 2573 5105 Antonius
2617 5048 2708 5103 lib.
2738 5065 2789 5114 v,
2836 5065 2885 5104 c.
2915 5048 2973 5117 7,
3013 5048 3148 5104 Bibl.
3179 5057 3287 5104 vet.
3319 5048 3494 5120 Hisp.,
3525 5057 3577 5105 et

1995 5143 2252 5215 Bayerius
2277 5143 2329 5197 in
2362 5143 2520 5211 notis,
2553 5143 2644 5211 qui
2672 5142 2739 5197 de
2767 5141 2986 5197 Tuionis
3009 5150 3365 5211 cognomento
3389 5141 3574 5198 Saoro—

1993 5236 2077 5290 1ιεί
2089 5275 2105 5301 ,
2141 5235 2253 5289 sive
2291 5234 2523 5299 Samuel,
2553 5234 2767 5303 penitus
2814 5232 3013 5299 silent;
3060 5232 3304 5303 quaedam
3334 5246 3435 5300 ego
3481 5233 3573 5287 cit.

1991 5340 2110 5396 cap.
2139 5324 2205 5377 l7
2250 5324 2545 5379 advertam.
2589 5323 2742 5391 Quod
2791 5332 2968 5379 autem
3019 5325 3095 5378 ait
3142 5322 3478 5378 Mabillonius
3523 5323 3575 5378 in

1992 5416 2263 5471 Analectis
2293 5416 2421 5481 suis,
2451 5418 2681 5486 primum
2709 5415 2805 5471 sibi
2830 5414 2994 5470 videri
3015 5412 3293 5479 Taionem,
3323 5412 3486 5485 350
3509 5413 3575 5468 ad

1992 5507 2143 5577 cujus
2158 5508 2459 5579 exemplum
2482 5508 2570 5562 alii
2587 5523 2705 5562 cum
2728 5506 2889 5563 Petro
2912 5505 3214 5560 Lombardo
3228 5504 3574 5560 collectiones

1992 5598 2296 5668 hujusmodi
2346 5599 2715 5665 condiderint,
2764 5580 2962 5655 oblitus
3004 5599 3231 5655 fortasse
3278 5606 3396 5653 erat
3446 5606 3574 5654 ante

1994 5692 2250 5748 Taionem
2282 5702 2390 5747 tres
2419 5692 2816 5748 Sententiarum
2861 5692 3027 5747 libros
3067 5692 3134 5747 ab
3174 5690 3379 5747 Isidoro
3406 5691 3572 5748 fuisse

1992 5785 2271 5851 conditos,
2322 5801 2481 5856 quem
2535 5786 2833 5841 certissime
2879 5783 3011 5840 Taio
3058 5785 3296 5843 imitatus
3338 5786 3468 5851 fuit,
3514 5792 3571 5849 ut
