3940 6200
447 278 478 282 ὴ
499 276 530 282 -,
577 278 624 280 -»--
649 275 1216 287 -._a.v—‘——__———..-——-z——
1288 268 1382 280 ⁹““¹’⁵
1421 282 1424 284 -
1527 280 1633 287 ..ι-ἠ
1657 280 1692 287 ι-
1710 280 1724 287 -
1759 278 2622 291 ι--οισ-,α-ῇ-Α-ς-κι--ο-ο--σ---ηο
2781 284 3142 319 ..ωυ--σ--ο---ι
3161 286 3363 298 -Μ-ο-ν-ν
3395 290 3422 293 -—

1375 294 3536 324 ..

833 604 1296 717 ρΕΝΕνοιο
1336 606 1735 683 LECTORI,
1781 607 2173 671 JOANNES
2214 611 2389 673 LUDI

1600 606 1735 683 ΗΠ,
1781 607 2173 671 ΙΟΔΝΝΕ8
2214 611 2698 680 LUDOVICUS
2739 618 3156 691 SCHULZE.

405 1004 599 1066 Missis
651 1009 773 1082 jam
822 1007 936 1065 illis
979 1021 1103 1079 quae
1149 1008 1218 1064 de
1277 1004 1525 1066 universi
1587 1012 1773 1083 operis
1827 1010 2206 1086 dispositione
2251 1032 2316 1074 ex
2377 1018 2715 1079 Praefationc
2781 1026 2849 1081 ad
2891 1035 3107 1086 tomum
3176 1030 3418 1102 primum
3464 1034 3637 1106 hujus

331 1103 606 1158 editionis
672 1108 940 1158 constare
1007 1101 1390 1166 arbitramur,
1473 1102 1546 1158 iis
1611 1104 1777 1161 unice
1855 1105 2294 1177 iuhaarebimus,
2373 1130 2497 1185 quae
2569 1116 2855 1186 juvabunt
2924 1101 3202 1192 lectores,
3261 1135 3326 1181 ut
3381 1101 3638 1196 judicare

336 1198 606 1267 possint,
663 1206 822 1262 tum,
882 1197 941 1252 in
1003 1211 1114 1269 quo
1170 1196 1481 1253 litterarum
1539 1214 1744 1271 genere
1795 1200 1886 1258 hic
1947 1211 2134 1263 tomus
2190 1209 2469 1280 praecipue
2529 1221 2823 1280 versetur,
2873 1220 3029 1282 tum,
3088 1219 3299 1290 quibus
3351 1221 3637 1291 praecipue

333 1294 609 1351 subsidiis
645 1295 733 1351 usi
773 1294 975 1351 simus.

407 1418 667 1473 Primum
705 1419 893 1473 locum
944 1417 1004 1473 in
1064 1416 1171 1471 hoc
1223 1413 1507 1469 volumine
1544 1421 1697 1471 tenet
1728 1415 2184 1477 Commentarius
2216 1422 2273 1477 in
2310 1422 2606 1482 Canticum
2641 1431 2991 1489 canticorum
3024 1473 3040 1501 ,
3081 1436 3176 1507 qui
3217 1452 3284 1492 ex
3318 1437 3490 1509 priori
3517 1437 3639 1494 edi-

333 1513 518 1569 tionis
549 1513 960 1570 Sirmondiana:
1008 1518 1161 1567 temo
1190 1510 1446 1581 reliquus
1479 1518 1623 1566 erat.
1688 1510 1831 1568 Huic
1864 1525 2232 1572 accesserunt
2276 1534 2477 1579 omnes
2528 1526 2610 1581 illi
2665 1527 2824 1594 libri,
2877 1544 3019 1602 quos
3073 1531 3415 1590 Sirmendus
3460 1536 3637 1591 altero

337 1607 618 1664 editionis
651 1622 771 1664 sua:
802 1605 1085 1662 volumine
1108 1604 1433 1677 complexus
1473 1614 1597 1661 erat
1634 1623 1649 1661 :
1691 1607 1957 1664 nimirum
2001 1610 2407 1673 Commentarii
2448 1619 2504 1675 in
2541 1619 2763 1687 Isaiam,
2799 1624 3095 1682 Jeremi‘am
3128 1629 3364 1702 (librum
3397 1629 3635 1689 Baruchi

327 1705 514 1762 etiam
555 1719 623 1760 ac
675 1703 933 1759 Threnos
975 1700 1296 1771 Ieremia),
1348 1700 1736 1769 Ezechielem,
1796 1702 2077 1761 Danielem
2128 1718 2184 1764 et
2217 1711 2516 1769 duodecim
2553 1715 2901 1789 Prophetas,
2957 1737 3101 1793 quos
3136 1700 3388 1781 minores
3416 1726 3632 1781 dicunt.

340 1796 682 1888 Argumenti
713 1795 958 1867 dignitas
995 1803 1053 1851 et
1082 1793 1409 1865 praestantia
1442 1794 1532 1849 his
1563 1794 1899 1889 Theodoreti
1931 1797 2364 1858 Commentariis
2401 1808 2639 1876 gratiam
2701 1812 3086 1870 conciliabunt
3125 1816 3269 1887 apud
3313 1832 3508 1874 omnes
3537 1817 3634 1889 qui

333 1876 651 1957 Scriptura
680 1900 856 1941 sacra:
888 1884 1212 1947 lectionem,
1240 1892 1301 1939 ut
1333 1897 1435 1954 par
1466 1892 1576 1947 est,
1611 1883 1667 1938 in
1707 1884 1928 1942 deliciis
1963 1888 2190 1954 habent,
2217 1900 2274 1947 et
2297 1893 2366 1948 de
2396 1910 2568 1952 sensu
2608 1899 2862 1957 locorum
2893 1920 3017 1975 quae
3046 1876 3473 1967 difﬁcultatibus
3504 1876 3635 1981 pre-

341 1984 591 2042 muutur,
621 1976 851 2032 solliciti
883 1982 1038 2032 sunt.
1075 1976 1191 2031 lmo
1224 1976 1446 2032 laudem
1477 1976 1589 2033 illis
1624 1992 1735 2033 non
1764 1978 2142 2051 denegabant,
2171 1987 2270 2055 qui
2302 1989 2589 2058 noverint,
2621 1993 2953 2066 scriptorem
2989 2008 3243 2055 nostrum
3277 2002 3347 2058 iis
3370 1976 3634 2059 omnibus

348 2068 646 2137 prasidiis,
681 2083 806 2138 qua:
852 2082 1142 2124 sacrarum
1186 2066 1521 2123 Litterarum
1571 2068 1936 2141 interpretem
1983 2073 2277 2143 adjuvant,
2322 2093 2426 2148 pro
2461 2084 2732 2153 temporis
2780 2087 2867 2141 sui
2917 2090 3136 2149 ratione
3177 2094 3400 2164 egregie
3445 2096 3634 2150 muni-

343 2168 486 2229 tum,
518 2173 601 2226 et,
632 2161 785 2231 quod
825 2161 881 2216 in
920 2160 1027 2218 hac
1059 2174 1234 2218 causa
1256 2162 1490 2217 omnino
1517 2177 1633 2219 non
1674 2164 1920 2236 ignorari
1956 2165 2143 2232 debet,
2177 2169 2251 2225 ab
2277 2171 2582 2243 allegorice
2605 2184 2662 2231 et
2694 2181 2931 2251 mystico
2964 2160 3370 2254 interpretandi
3397 2201 3631 2258 genere.

338 2259 496 2328 quod
533 2258 730 2316 multis
761 2257 988 2313 Patrum
1024 2256 1164 2313 adeo
1194 2256 1433 2327 placuit,
1467 2259 1797 2316 alieniorem
1840 2259 2039 2317 fuisse.
2067 2262 2203 2330 Quae
2230 2265 2298 2320 ad
2333 2265 2628 2325 historiam
2665 2271 2938 2330 librorum
2976 2290 3121 2348 quos
3148 2278 3239 2334 hic
3268 2256 3451 2335 tomus
3480 2294 3636 2336 como-

339 2352 636 2421 pleetitur,
662 2351 967 2422 pertinent,
1000 2350 1116 2420 jam
1151 2365 1264 2406 non
1291 2350 1652 2422 attingimus,
1692 2351 1826 2424 quia
1872 2352 1940 2408 de
1983 2354 2088 2409 hoc
2136 2368 2486 2427 argumento,
2531 2368 2588 2416 et
2624 2362 2897 2435 imprimis
2925 2366 2995 2423 de
3026 2370 3345 2428 rationibus
3387 2388 3513 2443 qua:
3563 2373 3635 2430 ad

335 2443 795 2500 Commentarios
831 2442 889 2497 in
916 2442 1215 2498 Canticum
1247 2442 1602 2500 canticorum
1634 2442 1983 2502 Theodoreto
2016 2445 2396 2507 vindicandos
2434 2452 2645 2522 valent,
2672 2470 2844 2528 supra
2878 2459 2998 2529 jam
3025 2442 3463 2534 disputavimus,
3504 2481 3634 2523 eum

336 2534 414 2592 de
439 2534 571 2604 ejus
601 2535 718 2590 vita
757 2542 815 2591 et
843 2534 1070 2605 scriptis
1100 2549 1414 2607 ageremus.

415 2654 496 2711 De
520 2652 811 2711 codicibus
837 2668 975 2710 mss.
1006 2652 1286 2725 imprimis
1310 2652 1607 2710 dicendum
1627 2654 1754 2719 erit,
1775 2670 2020 2727 quorum
2049 2659 2263 2715 auxilio
2294 2661 2363 2718 ad
2390 2662 2540 2722 hunc
2566 2674 2776 2723 tomum
2802 2669 2975 2741 prelis
3004 2671 3313 2743 parandum
3341 2675 3425 2732 uti
3453 2675 3636 2735 licuit.

338 2745 412 2799 ad
446 2760 596 2818 quos
627 2747 811 2818 itaque
842 2761 904 2803 se
949 2745 1202 2801 referunt
1235 2745 1434 2803 litterae
1468 2748 1546 2812 Δ,
1582 2745 1660 2814 ΒΑ,
1692 2746 1735 2805 C
1763 2756 1819 2805 et
1854 2748 1898 2804 F
1920 2790 1939 2818 ,
1977 2750 2034 2807 in
2080 2754 2315 2811 seholiis
2345 2757 2556 2828 passim
2588 2761 2786 2818 obviae.
2812 2762 3078 2837 Quinque
3111 2776 3244 2824 sunt
3280 2768 3381 2837 illi,
3416 2770 3636 2826 scilicet

334 2838 653 2895 Bavaricus
671 2855 816 2895 unus
835 2847 892 2896 et
909 2838 1312 2905 Coislinianus,
1335 2855 1462 2895 cum
1482 2839 1807 2900 Florentino
1832 2855 1888 2901 et
1905 2845 2125 2902 duobus
2142 2846 2761 2925 Augustanis,querum
2792 2858 3028 2919 untuad
3054 2860 3455 2931 expositionem
3480 2862 3634 2920 Can-

335 2932 443 2987 tici
484 2931 832 2988 canticorum
870 2930 1157 3002 pertinet,
1198 2931 1341 2988 alter
1380 2940 1595 2988 textum
1628 2932 1888 2992 Graecum
1920 2936 2194 2995 librorum
2235 2942 2689 3013 propheticornm
2723 2948 2971 3007 exhibet.
3028 2953 3082 3010 Is
3143 2969 3310 3026 quem
3349 2965 3633 3027 postremo

334 3023 474 3080 loco
500 3025 932 3087 nominavimus,
961 3022 1102 3080 adeo
1126 3023 1368 3081 utilitate
1391 3040 1492 3082 sua
1517 3032 1575 3082 et
1614 3029 1940 3097 praestantia
1971 3045 2035 3086 se
2078 3036 2458 3102 commendat,
2497 3046 2560 3093 ut
2599 3040 2906 3110 pleniorem
2939 3042 3064 3114 ejus
3107 3022 3495 3103 recensionem
3527 3062 3634 3103 nec

338 3118 419 3171 ab
448 3117 560 3173 hoc
587 3117 712 3173 loco
740 3118 1009 3184 alienam,
1039 3132 1145 3174 nec
1172 3118 1349 3190 aequis
1373 3118 1572 3175 harum
1606 3135 1795 3177 rerum
1828 3124 2061 3181 arbitris
2098 3126 2376 3198 ingratam
2413 3129 2531 3188 fere
2556 3132 2969 3192 existimemus.
3006 3134 3106 3193 Est
3138 3139 3631 3203 membranaceus,

338 3213 498 3278 in—J,
539 3214 681 3269 satis
710 3212 889 3270 nitide
914 3213 1119 3269 sarculo
1149 3229 1204 3269 rx
1234 3215 1325 3270 vel
1352 3231 1387 3271 x
1428 3217 1700 3287 scriptus,
1729 3228 1786 3272 et
1816 3219 1996 3275 honze‘
2022 3222 2253 3278 omnino
2298 3236 2466 3281 nota».
2501 3222 2724 3283 Initium
2774 3229 2901 3300 ejus
2939 3229 3151 3287 faciunt
3178 3231 3291 3290 duo
3322 3234 3475 3298 folia,
3509 3250 3636 3303 qua:

335 3318 563 3379 partem
592 3311 954 3368 constituisse
981 3311 1245 3366 videntur
1267 3311 1393 3367 libri
1423 3312 1819 3381 ecclesiastici,
1853 3329 2018 3385 quem
2051 3314 2451 3373 Lectionarium
2477 3321 2753 3376 vocabant
2796 3330 3035 3379 veteres.
3072 3323 3288 3381 Similis
3321 3327 3632 3398 argumenti

336 3413 477 3460 sunt
506 3402 621 3457 duo
657 3403 853 3458 ultima
892 3402 1112 3459 codicis
1147 3402 1277 3459 folia
1310 3420 1324 3457 :
1357 3405 1425 3460 de
1455 3404 1546 3460 his
1586 3414 1771 3463 autem
1808 3407 2031 3464 laciniis
2067 3410 2249 3466 codici
2294 3411 2648 3484 Augustano,
2684 3423 2745 3469 ut
2788 3415 2845 3470 in
2892 3417 3316 3488 compingendis
3347 3419 3633 3492 antiquio-

333 3500 503 3556 ribus
545 3514 682 3555 mss.
716 3500 835 3555 lieri
860 3500 1099 3564 solebat,
1125 3500 1356 3567 assutis,
1399 3501 1587 3572 aptior
1611 3502 1815 3559 deinde
1843 3506 1950 3561 erit
1981 3505 2209 3563 dicendi
2251 3507 2433 3565 locus.
2469 3508 2691 3565 Folium
2718 3512 2946 3567 tertium
2984 3528 3111 3569 cum
3146 3512 3365 3571 duobus
3393 3530 3633 3588 sequen-

334 3599 495 3654 tibus
522 3597 764 3668 pertinet
789 3597 857 3652 ad
883 3597 1046 3654 linem
1072 3599 1331 3669 prooemii
1352 3597 1696 3656 Theodoreti
1729 3602 1789 3657 in
1819 3603 2110 3659 duodecim
2140 3604 2450 3677 Prophetas
2481 3608 2748 3673 minores,
2774 3614 2824 3665 el
2858 3610 2925 3665 ad
2957 3608 3208 3681 ejusdem
3242 3624 3629 3686 argumentum

335 3695 398 3750 in
432 3694 660 3755 Oscam,
694 3694 790 3763 qui
826 3693 1067 3765 primum
1123 3693 1177 3749 in
1216 3694 1322 3750 hoc
1354 3695 1548 3752 codice
1579 3705 1731 3753 tenet
1760 3698 1965 3754 locum.
2001 3696 2081 3755 Ex
2116 3700 2204 3758 his
2239 3704 2510 3759 nonnulla
2563 3705 2630 3759 ad
2669 3721 2807 3762 usus
2848 3716 3075 3763 nostros
3113 3710 3425 3769 transferre
3471 3714 3632 3769 licuit

335 3805 468 3861 pag.
509 3789 840 3845 l306-l3l2.
880 3788 1036 3845 Folio
1064 3796 1225 3846 sexto
1258 3799 1315 3847 et
1340 3798 1589 3862 quatuor
1616 3794 1891 3864 proximis

2075 3798 2184 3852 itur
2216 3798 2475 3870 Ἠσυχίου
2513 3800 2892 3873 πρεσϐυτέρου
2932 3803 3328 3876 Ἰεροσολῠμων
3372 3808 3631 3879 στιχηρὸι

333 3885 453 3941 τῶν
487 3884 559 3938 ιδ’
615 3884 934 3957 προφητῶν,
964 3884 1061 3939 καὶ
1107 3886 1331 3940 Ἡσαΐου
1359 3887 1455 3942 καὶ
1487 3888 1690 3961 Δανιὴλ
1720 3890 1841 3962 (sed
1880 3910 1889 3948 ε

2079 3894 2279 3950 nielem
2318 3895 2458 3949 nihil
2495 3910 2562 3950 ex
2593 3893 2871 3968 llesychio
2910 3897 2965 3951 in
2998 3899 3193 3954 codice
3226 3900 3450 3973 legitur)
3490 3901 3630 3974 ἔχων

334 3978 465 4053 (ita)
499 3981 561 4030 ὲν
590 3977 961 4051 παραθέσεσιν
991 3977 1092 4043 τὰς
1128 3979 1240 4033 τῶν
1277 3980 1721 4055 δυσχερεστέρων
1749 3985 2066 4058 ἑρμηνείας.
2100 3986 2322 4058 Incipit,
2358 3988 2518 4043 Ἔστι
2549 3988 2648 4061 μὲν
2679 3989 2908 4061 ἀρχαῖον
2938 3989 3098 4046 τοῦτο
3118 3995 3232 4059 τοῖς
3258 3995 3540 4068 θεοφόροις
3568 3996 3633 4048 τὸ

331 4071 693 4141 σπούὂασμα.
728 4069 943 4126 Desinit
973 4069 1031 4125 in
1070 4071 1282 4131 verbis,
1312 4067 1471 4127 Οὗτοι
1514 4074 1676 4145 μόνον
1718 4077 1826 4129 τῶν
1865 4080 1887 4131 ὲ

2075 4081 2097 4150 ᾗ
2140 4078 2585 4149 βασιλευσάντων
2623 4080 2951 4153 μέμνηνται.
2987 4080 3312 4155 Sequuntur
3341 4087 3631 4159 Κεφάλαια

342 4163 514 4236 Ὠσηὲ
552 4165 855 4235 προφήτου,
907 4176 1149 4233 quorum
1203 4163 1401 4235 viginti
1455 4165 1510 4226 in
1547 4165 1652 4222 hoc
1686 4168 1882 4224 codice
1935 4178 2323 4225 recensentur.
2380 4168 2510 4226 Ilaec
2568 4172 2789 4227 demum
2842 4174 3048 4245 excipit
3106 4182 3291 4233 textus
3348 4179 3631 4249 propheta:

328 4256 517 4312 Osca.
562 4254 881 4313 Proximum
939 4254 1122 4310 locum
1171 4263 1321 4311 tenet
1368 4252 1533 4321 Joel,
1581 4257 1744 4326 cujus
1786 4260 1977 4315 decem
2039 4270 2172 4319 sunt
2221 4263 2517 4331 κεφάλαια.
2554 4260 2743 4320 Amosi
2772 4307 2786 4330 ,
2850 4267 2947 4337 qui
3021 4269 3315 4339 sequitur,
3376 4271 3442 4325 ΓΙ
3496 4283 3630 4329 sunt

328 4350 655 4421 κεφάλαια;
684 4347 909 4405 Obadiae
939 4349 1083 4433 tria,
1124 4347 1276 4406 Jonas
1302 4360 1567 4423 quatuor,
1602 4353 1844 4411 Micbma:
1878 4356 2169 4427 tredecim,
2200 4356 2438 4414 Nahumi
2484 4368 2755 4430 quatuor,
2786 4359 3074 4418 Habacuci
3120 4364 3327 4433 pariter
3356 4375 3621 4432 quatuor,

332 4443 642 4514 Sepbonize
670 4450 899 4513 septem,
935 4432 1118 4514 Aggzei
1162 4445 1433 4514 quinque,
1466 4446 1751 4503 Zachariae
1795 4450 2030 4518 triginta
2076 4452 2211 4518 duo,
2252 4451 2535 4508 Malachiae
2576 4452 2815 4525 denique
2848 4455 3062 4509 decem.
3106 4432 3461 4523 Singulorum
3497 4470 3624 4526 pro-

335 4538 643 4609 phetarum
674 4534 850 4589 textui
900 4535 1168 4589 nonnulla
1200 4536 1268 4591 de
1300 4539 1526 4593 nomine
1553 4539 1706 4596 etde
1745 4543 1914 4598 rebus
1949 4543 2017 4598 ad
2058 4544 2381 4615 prophetam
2441 4547 2863 4617 pertinentibus
2920 4545 3324 4614 subjiciuntur,
3383 4561 3622 4616 quorum

326 4625 818 4697 comparationem
846 4640 974 4680 cum
1018 4627 1130 4684 illis
1165 4643 1289 4699 quae
1315 4644 1386 4683 ex
1419 4630 1615 4686 codice
1649 4633 1891 4702 quodam
1935 4634 2261 4691 Florentino
2301 4638 2367 4691 ad
2402 4655 2501 4696 nos
2541 4641 2725 4694 delata
2754 4649 2904 4705 sunt,
2942 4634 3315 4693 instituimus.
3356 4637 3621 4697 Minores.

324 4736 476 4793 quos
517 4718 742 4783 dicunt,
773 4715 1095 4787 Prophetas,
1134 4718 1190 4772 in
1233 4718 1425 4775 codice
1479 4720 1807 4792 Augustano
1840 4725 2128 4794 excipiunt
2184 4728 2446 4798 majores.
2491 4728 2649 4783 Isaiae
2702 4735 2828 4798 post
2889 4724 3276 4781 recensiouem
3335 4724 3403 4780 88
3446 4742 3617 4796 πεφασ-

321 4813 504 4869 λαὶων
528 4810 886 4881 praemittitur
908 4808 1242 4867 Theodoreti
1274 4823 1666 4883 argumentum
1704 4818 1757 4871 in
1787 4817 2014 4885 lsaiam,
2053 4821 2141 4873 cui
2170 4820 2225 4875 in
2251 4823 2443 4877 codice
2473 4819 2796 4877 Fiorentino
2820 4820 2937 4875 haec
2969 4834 3148 4891 pauca
3176 4820 3617 4891 subjunguntur.

323 4903 574 4974 Διαϐολή
607 4901 704 4956 τοῦ
740 4901 1006 4974 αἰσθητοῦ
1056 4903 1298 4977 Ἰσραὴλ,
1337 4905 1419 4958 ὅτι
1472 4908 1738 4979 πρότερον
1777 4911 2044 4975 εὐσεϐῶν,
2084 4909 2315 4985 ὕστερον
2357 4914 2419 4967 οὐ
2466 4914 2625 4985 μόνον
2655 4914 2714 4967 ὲν
2744 4914 2856 4978 τοῖς
2898 4911 3164 4978 εἰδώλοις,
3204 4912 3340 4966 ἀλλὰ
3388 4913 3482 4966 καὶ
3522 4911 3620 4966 τοῦ

323 4999 578 5074 Χριστοῦ
606 4999 709 5070 τὴν
740 4997 1021 5069 βασιλείαν
1050 5000 1381 5071 ἠρνήσαντο,
1410 5004 1504 5055 καὶ
1545 5004 1744 5077 ἀπειλὴ
1783 5009 1907 5059 κατ’
1937 5005 2142 5073 αὐτῶν,
2201 5008 2300 5063 ὅσα
2331 5007 2686 5063 παιδεύεσθαι
2727 5008 3036 5081 μέλλουσιν.
3080 5006 3278 5062 Isaiam
3324 5008 3379 5062 in
3425 5007 3620 5063 codice

321 5101 668 5168 Augustano
696 5095 950 5164 sequitur
977 5092 1246 5152 Jeremias
1276 5114 1387 5154 una
1421 5115 1546 5154 cum
1587 5101 1729 5155 libro
1773 5101 2042 5168 Baruchi,
2082 5105 2325 5161 'Ihrenis
2371 5116 2426 5160 et
2452 5106 2689 5175 epistola
2721 5100 2998 5167 Jeremim,
3041 5104 3250 5156 omisso
3301 5101 3619 5171 κεφαλαίων

322 5192 537 5251 indice.
584 5189 750 5245 Liber
784 5188 1027 5245 Baruchi
1088 5190 1143 5245 in
1190 5192 1385 5249 codice
1442 5194 1771 5251 inscribitur
1831 5197 1875 5254 ’ἰ

2056 5219 2109 5265 ις
2157 5200 2391 5272 Βαρούχ.
2429 5201 2686 5263 Threnis,
2726 5200 2819 5270 qui
2868 5199 3083 5253 titulum
3138 5198 3345 5252 habent
3376 5198 3612 5271 Βαροὺχ,

322 5285 696 5363 ρηωίιιίωι·
735 5283 1034 5355 inscriptio
1066 5302 1080 5338 :
1124 5285 1182 5339 '0
1217 5288 1491 5359 Ἱερεμίας
1522 5291 1873 5362 αἱχμαλωτισ

2056 5314 2065 5358 ;
2100 5296 2195 5350 τοῦ
2229 5296 2357 5350 λαοῦ
2390 5298 2485 5351 καὶ
2514 5297 2667 5360 ὄντος
2695 5296 2755 5348 ἐν
2784 5293 3065 5348 Βαϐυλῶνι
3101 5293 3292 5365 θρηνεῖ
3312 5295 3411 5364 τὴν
3435 5294 3612 5356 πόλιν,

320 5386 425 5440 καὶ
461 5382 572 5453 τὴν
600 5380 809 5452 χώραν,
854 5380 948 5432 καὶ
974 5379 1066 5433 τὸν
1098 5380 1225 5437 λαδν
1252 5384 1346 5437 ἐπὶ
1375 5387 1488 5448 τοῖς
1525 5387 1960 5458 συμὸεὸηκὸσιν.
1993 5394 2103 5446 Καὶ
2136 5392 2327 5465 θρηνεί
2356 5393 2663 5464 περικοπὰς
2701 5410 2855 5454 τινας
2892 5391 2986 5445 καὶ
3028 5392 3317 5454 διαστολὰς
3349 5393 3616 5462 περιγρά-

320 5496 466 5549 φων.
506 5472 824 5545 ἀρχομένας
852 5468 982 5538 ἑξῆς
1025 5473 1133 5525 ἀπὸ
1176 5473 1286 5528 τῶν
1329 5479 1462 5547 παρ’
1507 5478 1784 5551 Ἐϐραὶοις
1820 5485 2136 5554 στοιχείων,
2173 5487 2265 5540 καὶ
2304 5486 2445 5557 μετᾶ
2473 5487 2534 5538 τὸ
2574 5485 2787 5540 τελέσαι
2818 5484 2907 5537 τὸν
2959 5485 3044 5553 ἐφ’
3077 5483 3309 5536 ἑκάστου
3348 5482 3620 5550 στοιχείου

321 5569 558 5643 θρῆνον,
596 5567 693 5620 καὶ
713 5563 806 5617 ἐπὶ
841 5565 976 5617 πᾶσι
998 5564 1091 5618 τὸν
1116 5566 1224 5620 ἀπὸ
1261 5568 1355 5622 τοῦ
1383 5571 1495 5624 Θαῦ
1525 5573 1837 5647 ἀρχόμενον
1860 5619 1874 5645 ,
1918 5578 2056 5651 ὅπερ
2088 5579 2235 5633 ἐστὶν
2272 5579 2404 5649 παρ’
2439 5578 2715 5648 Ἑϐραίοις
2741 5575 2978 5647 γράμμα
3002 5618 3015 5643 ,
3044 5575 3412 5641 ἐπανέρχεται
3441 5572 3531 5624 ἐπὶ
3557 5572 3618 5625 τὸ

698 5660 976 5721 Ρηιιοι.
1016 5658 1136 5721 (in.
1185 5660 1462 5725 LXXXI.
3231 5664 3254 5721 1

1870 5990 1917 6005 "
1948 5988 2103 6024 ι“ζ⁴¹’-⁹“ζ·ι
2128 5990 2191 6019 ³⁸⁸⁵⁵
2219 5992 2273 6024 T7.

1814 5991 1917 6007 .o-r
1954 5991 2175 6019 ’νς-,κημηι

1801 6020 1811 6027 ν
1851 6022 1913 6043 ’τι
1947 6016 2005 6039 λνκ
2066 6015 2095 6043 7‘
2127 6026 2175 6037 ιν.

1801 6020 1811 6027 ν
1851 6022 1887 6029 .,
1947 6018 2005 6039 δνκ
2085 6018 2175 6037 γ,νὶ
2261 6018 2271 6024 σ

1756 6048 1825 6075 in"
1852 6030 1957 6087 2331-7
1983 6042 2133 6087 J‘:~“;_‘I‘
