3940 6200
359 280 423 350 li
1702 278 1736 338 J
1747 272 1915 338 .IU'E

2051 276 2338 338 ZHULZII
3547 278 3607 345 ιε)

361 395 501 464 ’Δλτς
538 392 631 448 καὶ
664 391 824 447 πάλιν
853 390 1059 463 Θρηνεῖ.
1098 390 1208 444 Καὶ
1239 389 1397 444 τοῦτο
1428 392 1573 442 ποιεῖ
1606 389 1864 460 τετράκις
1892 389 1961 443 τὰ
1995 390 2167 442 εἴκοσι
2227 390 2319 442 καὶ
2352 388 2445 442 δύο
2478 390 2716 459 στοιχεῖα
2746 387 2997 457 ἐπεξιών.
3036 388 3268 445 Texlum
3304 389 3611 446 Ezechielis

346 488 608 560 praecedit
641 486 913 559 particula
944 485 1254 557 argumenti
1294 500 1325 539 a
1362 483 1711 540 Theodoreto
1752 483 1964 552 scripti,
1999 483 2087 538 cui
2137 482 2285 536 aliud
2322 482 2640 551 subjicitur,
2683 483 3010 553 inscriptum
3044 482 3433 552 Πολυχρονίου,
3462 482 3611 552 quod

345 583 564 655 incipit,
597 578 779 637 Ἦσαν
809 581 867 636 δὲ
905 580 1048 636 κατὰ
1078 580 1264 634 τοῦτον
1307 578 1398 633 τὸν
1429 580 1624 651 καιρὸν
1657 580 1755 634 καὶ
1782 578 1901 649 ψευᾶ

2055 579 2253 649 spinet,
2295 578 2503 635 desinit
2528 588 2712 634 autem
2754 580 2809 634 in
2847 579 3029 636 verbis
3055 577 3164 631 τῶν
3196 578 3611 649 προλεγομένων

343 677 444 747 τὴν
468 674 752 747 ἀλήθειαν.
796 670 1035 729 'l‘extum
1068 671 1376 728 Ezechielis
1400 675 1653 743 sequitur
1703 670 2073 741 fragmentum
2107 671 2351 724 homiliae
2382 664 2769 742 Chrysostomi
2804 670 2872 726 de
2918 670 3195 733 Susanna,
3228 669 3374 739 quod
3409 668 3613 722 inscri-

341 766 492 823 bitur
538 767 785 823 Ἰωάννου
812 765 1246 839 ἀρχιεπισκόπου
1280 765 1897 828 Κωνσταντινουπόλεως

2054 763 2135 817 τοῦ
2166 767 2245 828 εἰς
2282 766 2590 819 Σουπάνναν
2621 763 2776 833 λόγος
2804 764 2944 836 (ita).
2973 762 3191 833 Incipit,
3232 760 3610 830 Ἀγωνιζέσθω

340 855 457 924 οὖν,
492 879 546 914 κ.
574 879 621 916 τ.
647 861 696 915 λ.
732 860 941 916 Desinit
964 859 1030 914 'in
1056 860 1246 916 verbis
1271 861 1602 930 φυλάττεται
1648 862 1883 934 ἀκεραία

2056 860 2300 932 ἀϐλαϐὴς
2329 864 2363 934 ἡ
2391 862 2561 933 ψυχή.
2592 861 2914 916 Proximum
2964 861 3144 916 locum
3192 866 3342 915 tenet
3380 857 3609 913 historia

345 950 635 1019 Susanme,
666 969 787 1024 qua:
824 953 1149 1009 inscribitur
1187 955 1413 1027 Δανιὴλ.
1450 955 1605 1013 lianc
1644 955 1850 1026 excipit
1893 956 2035 1010 liber
2070 954 2335 1022 Daniclis,
2384 955 2472 1010 cui
2504 955 2740 1026 hymnus
2787 953 2952 1007 trium
2984 966 3307 1022 puerorum,
3350 963 3474 1020 cap.
3526 962 3608 1009 ιιι,

337 1045 528 1113 25-90,
559 1047 845 1113 inseritur,
878 1046 1040 1115 plane
1074 1054 1134 1101 ut
1168 1046 1225 1101 in
1258 1047 1451 1103 codice
1482 1048 1577 1104 illo
1609 1063 1722 1120 quo
1754 1062 1886 1103 usus
1920 1054 2007 1102 est
2049 1033 2271 1115 Noster.
2296 1048 2473 1119 Capiti
2502 1049 2681 1118 primo
2710 1044 2953 1100 Dauielis
2983 1044 3276 1113 ascriptum
3312 1050 3398 1097 est
3440 1041 3609 1111 Ὅρα-

339 1156 424 1203 σις
472 1137 538 1208 β’,
570 1135 817 1194 secundo
854 1138 1091 1210 Ὅρασις
1113 1144 1184 1209 γ’,
1232 1140 1308 1194 ita
1355 1139 1621 1212 deinceps
1656 1141 1986 1196 continuato
2014 1139 2290 1196 visionum
2324 1155 2557 1195 numero
2588 1150 2762 1210 usque
2794 1136 2860 1191 ad
2893 1142 3060 1206 caput
3092 1134 3387 1197 decimum,
3433 1147 3462 1186 a
3498 1146 3609 1202 quo

335 1227 530 1297 incipit
567 1226 714 1289 visio
738 1225 1055 1293 undecima,
1088 1228 1156 1282 ad
1187 1244 1353 1299 quam
1383 1232 1552 1286 relata
1586 1239 1674 1286 est
1701 1245 1830 1302 pars
1862 1229 2061 1301 capitis
2088 1229 2366 1285 undecimi
2393 1245 2570 1300 usque
2598 1230 2667 1283 ad
2704 1229 3048 1283 versiculum
3080 1227 3406 1282 vicesimum
3441 1238 3610 1294 quar-

334 1328 473 1383 tum,
517 1319 611 1374 ubi
640 1320 871 1390 explicit
903 1321 1073 1377 codex
1119 1323 1544 1392 prOphetarum.
1580 1324 1637 1377 In
1669 1323 1776 1379 ﬁne
1808 1323 1931 1393 ejus
1969 1324 2268 1394 subiuncta
2301 1329 2431 1379 sunt
2460 1323 2570 1376 duo
2599 1322 2704 1377 ista
2734 1321 2884 1385 folia,
2915 1335 3060 1391 quae,
3102 1326 3163 1373 ut
3193 1317 3307 1388 iam
3340 1317 3606 1378 diximus,

332 1416 528 1471 similis
569 1426 704 1473 sunt
727 1419 1064 1490 argumenti
1100 1433 1228 1476 cum
1280 1419 1393 1475 illis
1428 1434 1553 1491 qua:
1586 1419 1802 1478 initium
1842 1419 2061 1476 codicis
2089 1420 2460 1485 constituunt,
2491 1419 2565 1472 ita
2601 1426 2660 1472 ut
2697 1418 2766 1472 de
2805 1417 2891 1471 his
2919 1423 3163 1488 quatuor
3196 1414 3427 1487 pagellis
3458 1428 3608 1468 nunc

329 1509 673 1578 coniunctim
720 1509 908 1589 dicere
958 1512 1261 1581 possimus.
1313 1513 1556 1583 Disiecta
1592 1512 1820 1584 quidem
1867 1520 1927 1569 et
1958 1513 2146 1569 lacera
2186 1522 2317 1569 sunt
2351 1512 2635 1578 membra;
2667 1514 2833 1582 digna
2886 1518 3069 1565 tamen
3101 1516 3440 1579 erant,.qu:.e
3480 1509 3609 1565 huic

329 1603 506 1659 codici
540 1602 1001 1677 adiungerentur,
1029 1605 1224 1675 sicque
1258 1606 1328 1662 ab
1350 1606 1576 1663 interitu
1612 1606 2054 1662 vindicarentur.
2081 1606 2358 1663 Exhihent
2384 1604 2688 1677 particulas
2712 1602 2988 1676 quasdam
3021 1607 3204 1656 textus
3233 1598 3410 1655 Graeci
3443 1599 3502 1654 N.
3538 1598 3606 1653 Τ.

326 1699 382 1744 et
417 1691 684 1749 lectiones
713 1695 1015 1750 nonnullas
1045 1704 1242 1751 notatu
1274 1696 1475 1767 dignas
1505 1696 1866 1767 suppeditant
1893 1735 1908 1761 ,
1941 1679 2149 1766 quibus
2176 1697 2293 1766 iam
2333 1711 2445 1752 non
2487 1696 2849 1753 immorantur
2876 1734 2891 1759 ,
2928 1709 3056 1750 cum
3108 1692 3178 1749 ab
3204 1692 3307 1749 hoc
3336 1691 3459 1747 loco
3495 1692 3609 1747 sint

328 1787 540 1843 alienae.
570 1788 794 1845 Initium
826 1789 947 1846 folii
982 1790 1150 1861 primi
1193 1790 1393 1846 incidit
1428 1792 1484 1847 in
1513 1791 1711 1846 Matth.
1740 1808 1870 1856 xxv,
1904 1792 1995 1859 l3,
2022 1805 2072 1848 et
2109 1792 2467 1864 progreditur
2496 1807 2677 1862 usque
2707 1791 2777 1847 ad
2807 1806 2929 1862 cap.
2960 1806 3115 1854 xxvi,
3142 1789 3201 1844 2.
3232 1787 3363 1847 Haec
3400 1788 3611 1859 excipit

326 1885 591 1958 pericopa‘
617 1901 686 1941 ex
726 1884 893 1943 Joan.
935 1902 1035 1951 xu,
1078 1886 1267 1941 17-26.
1301 1885 1521 1943 Folium
1563 1889 1786 1942 tertium
1827 1887 2025 1958 incipit
2063 1904 2092 1942 a
2141 1888 2328 1944 verbis
2376 1888 2489 1945 illis
2527 1886 2689 1943 Joan.
2725 1902 2839 1951 xiv,
2884 1884 2952 1941 16
2977 1923 2993 1951 ,
3035 1883 3395 1955 Παράκλητον
3445 1883 3607 1936 δώσει

333 1977 487 2047 ὑμῖν,
527 1985 581 2032 et
607 1975 785 2047 pergit
812 1990 990 2046 usque
1021 1974 1091 2031 ad
1124 1975 1459 2031 versiculum
1489 1977 1820 2034 vicesimum
1865 1978 2129 2047 primum.
2174 1976 2381 2034 Deinde
2408 1979 2661 2049 sequitur
2696 1979 2959 2049 pericopa
2988 1992 3055 2032 ex
3078 1974 3239 2031 Joan.
3270 1991 3409 2042 xvu,
3447 1974 3607 2036 t-l5,
3695 2011 3699 2015 ν

324 2081 490 2138 quam
516 2066 624 2121 alia
646 2067 856 2138 excipit
882 2082 949 2124 ex
967 2064 1132 2122 Joan.
1158 2083 1276 2134 xtv,
1316 2068 1409 2132 επ,
1442 2069 1532 2125 28.
1570 2068 1760 2125 Ultimi
1785 2070 1880 2124 der

2068 2069 2185 2127 folii
2224 2072 2445 2126 initium
2475 2071 2671 2127 incidit
2703 2071 2759 2125 in
2795 2071 2961 2126 verba
2977 2068 3116 2123 Ἀλλ’
3138 2068 3328 2134 ἓξειτὸ
3357 2068 3473 2136 φῶς
3504 2068 3606 2137 τῆς

328 2172 497 2245 ζωῆς.
539 2171 666 2230 llaec
696 2173 907 2245 excipit
954 2175 1219 2245 pericopa
1267 2189 1334 2229 ex
1378 2173 1573 2229 Matth.
1610 2176 1769 2237 xvin,
1803 2175 1884 2230 1οη

2048 2191 2170 2247 quae
2216 2177 2571 2244 inscribitur,
2617 2176 2696 2247 Τῇ
2726 2173 2992 2246 ἐπαύριον
3021 2173 3125 2245 τῆς
3168 2157 3205 2226 ν’
3232 2173 3298 2225 ὲκ
3332 2159 3413 2228 ἦ
3454 2173 3600 2226 Mat.

324 2270 517 2329 Finem
554 2271 688 2330 facit
730 2273 906 2331 sectio
956 2288 1024 2331 ex
1082 2271 1280 2329 Matth.
1322 2288 1380 2340 v,
1425 2270 1598 2327 ιξριδ
1642 2270 1878 2341 desump

2047 2275 2125 2329 :ui
2191 2273 2393 2329 titulus
2455 2273 2812 2344 praemittitur
2864 2270 3147 2327 Σάϐϐατον
3198 2270 3414 2343 πρῶτον
3464 2270 3603 2340 μετὰ

325 2360 428 2432 τῆς
455 2362 764 2435 Ιιεντηκοσ.

391 2456 471 2511 Ex
512 2457 596 2515 his
632 2458 938 2529 intelligent
970 2458 1230 2523 lectores,
1266 2471 1521 2530 magnam
1558 2471 1687 2513 esse
1725 2457 1939 2515 codicis
1970 2457 2122 2513 illius
2155 2454 2558 2526 praestantiam,
2617 2467 2857 2523 eumque
2907 2452 3102 2508 usibus
3166 2450 3374 2507 nostris
3430 2446 3604 2502 fuisse

322 2549 561 2605 maxime
596 2549 1096 2605 accommodatum.
1143 2549 1464 2621 Saapissime
1524 2549 1682 2603 illum
1729 2564 1857 2604 cum
1894 2546 2262 2606 emendatiori
2322 2546 2563 2602 lectione
2608 2559 2775 2615 quam
2839 2543 3042 2602 Noster
3072 2544 3129 2598 in
3175 2541 3605 2599 Commentariis

321 2643 439 2699 suis
474 2644 748 2715 sequitur,
787 2646 1235 2705 consentientem
1266 2644 1531 2702 vidimus.
1571 2643 1792 2702 Passim
1833 2660 2061 2718 quoque
2083 2645 2331 2701 rariores
2360 2644 2629 2701 lectiones
2653 2643 2905 2710 exhibet,
2940 2657 3081 2713 quas
3107 2656 3173 2698 ex
3204 2640 3432 2698 scholiis
3473 2637 3602 2692 huic

321 2738 558 2795 editioni
608 2740 843 2811 adiectis
895 2742 952 2796 in
986 2756 1124 2798 usus
1164 2756 1299 2798 suos
1350 2740 1519 2797 facile
1564 2740 1928 2808 transferent,
1982 2741 2076 2812 qui
2118 2740 2299 2795 textui
2342 2740 2712 2811 interpretum
2746 2737 3065 2795 Graecorum
3112 2738 3182 2795 ad
3222 2738 3358 2795 artis
3391 2734 3639 2790 criticae.

322 2843 598 2905 praecepta
636 2834 985 2892 emendando
1032 2850 1260 2913 operam
1310 2842 1535 2893 navant.
1561 2834 1856 2894 Breviores
1905 2850 2056 2891 nunc
2089 2834 2302 2890 erimus
2345 2833 2405 2888 in
2452 2832 2814 2891 recensendis
2863 2832 3156 2889 codicibus
3197 2831 3452 2901 reliquis.
3487 2829 3602 2883 Au-

326 2934 604 2997 gustanus
657 2926 820 2990 alter.
851 2926 921 2982 de
967 2940 1080 2997 quo
1128 2940 1299 2999 supra
1332 2926 1597 2994 diximus,
1640 2936 1732 2984 est
1777 2927 2138 2991 cbartaceus,
2188 2925 2330 2989 ιιι-4,
2381 2925 2451 2980 ab
2500 2925 2805 2996 antiquiori
2842 2924 3196 2996 descriptus,
3227 2924 3603 2994 complectens

320 3016 659 3075 Theodoreti
708 3017 1181 3075 Commentarium
1212 3018 1270 3074 in
1311 3016 1611 3075 Canticum
1648 3018 2022 3084 canticorum,
2074 3032 2185 3073 una
2234 3032 2363 3073 cum
2394 3015 2862 3087 interpretatione
2890 3015 3140 3081 Maximi,
3164 3016 3271 3072 Nili
3307 3026 3361 3072 et
3407 3015 3599 3071 Pselli.

318 3110 486 3167 Liber
515 3110 623 3167 iste
644 3125 781 3168 mss.
810 3111 1025 3169 utiliter
1052 3112 1364 3183 comparari
1396 3112 1579 3184 potuit
1602 3126 1731 3167 cum
1751 3110 1998 3168 editione
2028 3108 2449 3177 Sirmondiana,
2472 3109 2584 3165 imo
2608 3109 2776 3165 etiam
2810 3124 2937 3166 cum
2967 3110 3166 3166 Latina
3199 3109 3395 3167 borum
3429 3110 3593 3166 Coru-

321 3204 715 3260 mentariorum
745 3203 1226 3275 interpretatione,
1256 3220 1424 3278 quam
1475 3204 1626 3261 Petr.
1658 3202 1857 3261 Franc.
1893 3202 2066 3261 Zinus
2127 3201 2368 3259 Venetiis
2427 3216 2479 3255 a.
2505 3202 2667 3267 1575,
2712 3202 2770 3258 in
2805 3202 2861 3268 4,
2918 3202 3062 3275 typis
3110 3203 3305 3260 excudi
3355 3203 3595 3261 curavit.

320 3292 509 3349 Codex
543 3293 849 3351 Bavaricus
877 3303 962 3352 est
1002 3296 1362 3362 chartaceus,
1397 3296 1453 3351 in
1491 3295 1649 3361 folio,
1672 3296 1955 3367 eleganter
1989 3295 2258 3366 scriptus,
2288 3294 2540 3359 integros
2581 3293 2955 3365 complectens
2988 3280 3326 3350 Theodoreti
3361 3295 3416 3348 in
3442 3292 3600 3350 lere-

319 3388 488 3443 miam
521 3385 861 3457 (Barucbum
892 3404 1114 3460 quoque
1166 3404 1233 3444 ac
1262 3374 1592 3456 Threnos),
1642 3387 1994 3443 Ezechielem
2026 3395 2081 3442 et
2137 3385 2415 3442 Danielem
2467 3384 2932 3444 Commentarios.
2979 3383 3235 3456 Capitum
3276 3386 3496 3457 quidem
3548 3400 3602 3445 et

322 3477 731 3535 versiculorum
776 3478 988 3535 nullam
1037 3480 1203 3535 habet
1252 3479 1699 3544 distinctionem,
1731 3477 1949 3534 divisus
1998 3484 2183 3533 autem
2230 3485 2317 3533 est
2359 3477 2418 3531 in
2471 3477 2681 3550 aliquot
2730 3484 2938 3544 tomos,
2982 3477 3149 3549 plane
3181 3486 3243 3533 ut
3271 3478 3492 3535 codices
3521 3479 3600 3534 illi

321 3568 526 3640 quibus
557 3568 894 3627 Sirmondus
948 3583 1084 3626 usus
1129 3578 1236 3625 est.
1270 3568 1481 3623 Tomns
1527 3581 1626 3622 seu
1682 3565 1860 3623 sectio
1888 3564 2042 3637 prior
2072 3564 2475 3621 Commentarii
2520 3564 2579 3619 in
2629 3562 2926 3621 Jeremiam
2973 3565 3196 3622 exhibet
3244 3574 3498 3623 catenam
3542 3571 3598 3623 in

318 3662 471 3718 hunc
508 3664 836 3734 prophetam
869 3677 939 3717 ex
985 3660 1393 3733 Chrysostomi,
1424 3658 1686 3733 Origcnis
1734 3671 1791 3716 et
1838 3658 2170 3716 Theodoreti
2206 3661 2431 3733 scriptis
2456 3668 2801 3734 congestam,
2831 3661 3030 3732 reliqui
3067 3670 3251 3718 autem
3299 3679 3492 3720 omnes
3526 3666 3594 3719 ad

320 3758 584 3817 Nostrum
618 3760 779 3814 unice
808 3759 1108 3830 pertinent.
1144 3757 1617 3815 Praestantissimo
1643 3757 1779 3813 huic
1823 3758 2023 3826 codici,
2051 3758 2148 3829 qui
2176 3758 2243 3812 ad
2270 3758 2567 3813 maximam
2606 3758 2772 3829 huius
2803 3759 3107 3816 voluminis
3148 3767 3360 3829 partem
3391 3761 3598 3816 utiliter

322 3852 570 3908 adhiberi
606 3850 804 3922 potuit,
837 3850 1108 3922 plurimas
1137 3850 1405 3909 debemus
1437 3859 1621 3906 textus
1649 3848 2091 3905 emendationes.
2125 3846 2281 3904 llaud
2318 3849 2589 3904 minorem
2626 3849 2919 3904 utilitatem
2947 3850 3109 3906 nobis
3140 3853 3395 3922 ριτίιεειὶιίι
3424 3853 3595 3907 codex

323 3946 413 4001 ille
442 3944 839 4010 Coislinianus,
871 3959 1025 4001 nunc
1083 3942 1646 4010 San-Germanensis,
1678 3958 1843 4014 quem
1879 3942 2066 4016 dignis
2105 3942 2361 3999 laudibus
2394 3942 2686 3999 exornavit
2729 3942 3204 4008 Montfanconius,
3233 3954 3348 4001 tum
3395 3946 3449 4001 in
3496 3947 3588 4000 Bi-

323 4035 582 4091 bliotheca
636 4034 892 4101 Coisliu.,
953 4052 1007 4108 p.
1064 4036 1189 4102 305,
1222 4043 1339 4092 tum
1385 4037 1441 4091 in
1491 4034 1823 4090 Bibliotheca
1884 4035 2322 4091 bibliothecarum
2375 4051 2527 4102 mss.,
2578 4036 2690 4090 vol.
2734 4034 2798 4103 ll,
2859 4052 2912 4107 p.
2974 4037 3130 4093 1061.
3174 4037 3273 4095 Est
3313 4040 3590 4095 membra-

322 4142 551 4193 naceus,
592 4128 1035 4200 octingentorum
1093 4144 1392 4192 annorum,
1432 4137 1486 4185 et
1531 4127 1923 4199 complectitur
1955 4125 2291 4183 Theodoreti
2329 4125 2802 4183 Commentarium
2840 4128 2895 4183 in
2953 4128 3244 4185 duodecim
3294 4130 3597 4202 Prophetas

322 4223 589 4278 minores.
624 4218 826 4276 Studia
854 4230 1046 4277 nostra
1075 4221 1181 4276 hac
1226 4221 1282 4277 in
1316 4236 1374 4277 re
1403 4220 1799 4276 liberalissime
1830 4218 2045 4290 adiuvit
2077 4235 2196 4274 rev.
2227 4218 2310 4273 El.
2344 4217 2668 4288 Stoeherus,
2697 4221 2793 4292 qui
2843 4221 3110 4278 eximium
3157 4224 3309 4279 illum
3345 4227 3594 4282 codicem

322 4334 447 4375 cum
479 4318 723 4375 editione
749 4317 1137 4373 Sirmondiana
1162 4332 1486 4388 comparare
1512 4332 1542 4371 a
1574 4332 1635 4372 se
1666 4316 1812 4372 haud
1845 4317 2087 4372 alienum
2124 4316 2361 4387 putavit.
2412 4382 2429 4399 κ
2850 4388 2855 4393 1

394 4408 522 4465 Hinc
556 4409 624 4466 de
656 4408 946 4464 codicibus
977 4423 1111 4463 mss.
1151 4407 1283 4463 huic
1317 4416 1468 4462 tomo
1518 4406 1843 4477 relingendo
1886 4405 2149 4462 adhibitis
2188 4407 2421 4462 dicenda
2460 4415 2638 4463 erant.
2679 4407 2903 4465 Utinam
2940 4408 3194 4467 licuisset
3245 4414 3405 4470 nobis
3431 4414 3596 4469 Com-

322 4503 629 4558 mentarios
660 4499 997 4558 Theodoreti
1040 4500 1097 4555 in
1150 4500 1353 4555 Isaiam
1405 4498 1709 4571 integritati
1759 4513 1894 4564 suae,
1933 4498 1979 4553 si
2006 4513 2114 4570 qua
2149 4498 2272 4567 eius
2307 4515 2433 4571 spes
2465 4508 2740 4571 superest,
2777 4502 2929 4557 omni
2959 4517 3027 4557 ex
3076 4514 3232 4574 parte
3261 4506 3589 4561 restituere!

322 4595 382 4651 In
411 4596 514 4651 hac
541 4597 709 4652 veluti
742 4612 958 4654 summa
1002 4605 1255 4651 votorum
1304 4603 1626 4650 nostrorum
1662 4590 1817 4664 quid
1841 4607 1870 4646 a
1909 4591 2070 4648 nobis
2122 4593 2428 4665 praestitum
2482 4593 2578 4659 sit,
2610 4596 2802 4666 paucis
2835 4611 2983 4652 nunc
3028 4596 3325 4653 dicendum
3378 4601 3507 4665 erit,
3536 4609 3597 4657 ut

322 4696 588 4761 appareat
619 4690 938 4756 lectoribus,
966 4690 1104 4745 nihil
1137 4706 1247 4746 non
1299 4687 1472 4746 fuisse
1517 4699 1819 4754 tentatum,
1854 4688 2172 4759 studiisque
2201 4690 2410 4746 nostris
2446 4705 2556 4746 non
2592 4691 2836 4748 defuisse
2868 4708 3206 4764 propensam
3254 4695 3594 4752 voluntatem

325 4788 572 4842 virorum
618 4785 1077 4851 venerandorum,
1107 4802 1344 4857 quorum
1378 4794 1517 4841 nutu
1568 4795 1622 4840 et
1653 4784 1990 4839 auctoritate
2036 4784 2421 4855 bibliOpolium
2471 4784 2953 4857 Orphanotrophei
2986 4788 3376 4859 comparandis
3407 4790 3595 4846 subsi-

323 4878 436 4934 diis
465 4893 588 4947 qua:
618 4875 760 4931 hanc
803 4875 1103 4931 editionem
1144 4893 1344 4933 ornare
1378 4878 1632 4949 possint,
1658 4877 1808 4932 omni
1837 4875 1997 4931 modo
2029 4878 2342 4947 prospexit.
2367 4875 2602 4932 Exstant
2630 4877 2851 4948 quidem
2890 4877 2943 4933 in
2973 4879 3380 4949 celeberrimis,
3423 4882 3595 4939 Italia:

326 4968 602 5041 imprimis
647 4977 703 5024 et
736 4965 949 5031 Galliae,
996 4964 1368 5033 bibliothecis,
1399 4970 1620 5024 codices
1663 4984 1802 5024 mss.
1845 4968 1943 5040 qui
1993 4967 2346 5038 magnificum
2394 4983 2510 5038 pra:
2558 4984 2620 5024 se
2670 4965 2857 5023 ferunt
2899 4970 3118 5024 titulum
3177 4973 3361 5043 Operis
3412 4971 3592 5028 Theo-

326 5060 501 5114 doreti
553 5058 610 5114 in
655 5056 881 5123 Isaiam,
910 5056 1029 5121 sed,
1060 5063 1121 5110 ut
1170 5055 1337 5111 fallax
1382 5057 1529 5114 haud
1582 5076 1711 5116 raro
1763 5070 1849 5117 est
1902 5061 2189 5116 titulorum
2229 5061 2508 5126 invitatio,
2544 5061 2619 5115 ita
2669 5076 2888 5132 quoque
2932 5063 3200 5119 incertum
3236 5073 3342 5132 est,
3373 5081 3499 5121 num
3536 5068 3593 5121 in

325 5152 588 5210 omnibus
619 5153 731 5209 illis
767 5168 902 5209 mss.
934 5151 1236 5224 quidquam
1262 5161 1466 5223 prmter
1494 5169 1559 5209 ea
1607 5172 1729 5226 qua:
1755 5157 1868 5227 iam
1898 5159 2047 5213 edita
2080 5166 2236 5223 sunt,
2267 5157 2601 5212 inveniatur.
2633 5154 2712 5211 Ne
2760 5168 2940 5212 tamen
2985 5167 3235 5214 nostrum
3288 5160 3594 5216 desiderari

328 5251 517 5315 posset
566 5242 836 5309 studium,
865 5257 1089 5298 omnem
1137 5241 1393 5297 dedimus
1444 5257 1693 5311 operam,
1746 5254 1806 5299 ut
1854 5244 1921 5300 de
1976 5245 2163 5301 indole
2195 5261 2331 5302 mss.
2382 5243 2662 5308 codicum,
2692 5260 2832 5314 quos
2884 5244 3334 5306 Montfauconius
3378 5257 3493 5304 tum
3537 5251 3592 5303 in

326 5335 658 5392 Bibliotheca
707 5335 1069 5399 Coish’niana,
1103 5340 1219 5388 tum
1275 5335 1329 5387 in
1368 5333 1699 5388 Bibliothwa
1749 5335 2194 5392 bibliothecarum
2230 5354 2359 5391 mss.
2399 5351 2556 5399 nova,
2598 5335 2791 5406 paucis
2842 5339 3144 5404 recensuit,
3178 5340 3395 5408 plenius
3444 5341 3596 5410 iudi-

325 5431 513 5494 candi,
544 5439 601 5487 et
645 5445 713 5487 ex
769 5430 853 5487 bis
889 5428 1161 5494 fontibus,
1195 5429 1244 5484 si
1278 5429 1405 5500 quis
1437 5442 1629 5484 eorum
1683 5429 1911 5484 daretur
1940 5448 2099 5498 usus,
2140 5430 2434 5487 hauriendi
2472 5430 2632 5485 nobis
2665 5432 3014 5503 contingeret
3062 5434 3313 5490 facultas.
3346 5434 3505 5490 Hunc
3537 5436 3592 5491 in

329 5521 492 5576 ﬁnem
529 5521 975 5577 clarissimorum
1008 5521 1153 5574 inter
1176 5526 1396 5573 exteros
1433 5520 1677 5574 virorum
1714 5519 2136 5590 imploravimus
2170 5524 2401 5587 auxilia,
2436 5535 2557 5590 qua:
2584 5521 2751 5576 etiam
2786 5538 2895 5578 non
2932 5523 3248 5590 defuerunt,
3268 5529 3593 5583 auctoritate

329 5627 430 5666 sua
463 5626 562 5665 nos
615 5613 915 5683 adiuvante
969 5611 1179 5666 illustri
1217 5608 1560 5681 Schlaegero,
1591 5611 1683 5666 cui
1723 5611 1889 5667 unice
1922 5612 2187 5679 debemus
2224 5614 2493 5685 quidquid
2538 5613 2591 5666 in
2647 5612 2751 5670 hoc
2799 5617 3023 5687 negotio
3058 5616 3177 5672 sive
3227 5619 3426 5672 tentari
3474 5621 3594 5676 sive

333 5704 582 5770 praestari
615 5703 814 5773 potuit.
839 5703 959 5760 Non
995 5702 1250 5759 dilllciles
1288 5715 1348 5756 se
1408 5705 1765 5773 praebuerunt
1799 5704 1905 5759 cel.
1941 5703 2232 5773 Paciaudi,
2275 5709 2347 5762 cl.
2388 5706 2598 5761 Bottari
2653 5708 2864 5779 aliique
2921 5709 3103 5780 magni
3159 5710 3400 5766 nominis
3450 5713 3582 5766 viri.
