3940 6200
280 280 339 339 13
357 283 361 288 ’
899 278 912 288 ’
1475 283 1638 346 ΡΠᾸΞ
1646 287 1782 347 ΡΑΤ
1794 291 1836 347 ll

2069 288 2243 356 ron.
2295 291 2374 356 Il.
3106 277 3110 280 ’
3498 311 3557 370 li

266 405 510 461 quorum
557 406 715 447 cura:
770 401 830 449 et
864 396 1058 467 studio
1102 397 1572 465 instructissima,
1621 404 1676 456 in
1710 401 1871 458 italia
1904 404 2202 474 imprimis,
2252 411 2601 466 bibliothccm
2630 416 2943 472 commissae
2993 426 3141 475 sunt.
3172 420 3439 478 Effectum
3476 438 3557 481 est

277 503 492 558 quoque
529 488 935 546 humanissimi
985 491 1269 549 Paciaudii
1321 511 1514 566 opera,
1551 505 1611 552 ut
1664 499 1880 556 indices
1928 504 2182 558 omnium
2229 507 2296 560 ad
2330 507 2742 564 Theodoretum
2791 513 3191 582 pertinentium
3239 534 3374 574 mss.
3408 516 3557 573 Vati-

274 595 448 646 cana,
482 579 909 650 Vallicellianaa,
943 583 1356 643 Barberiniana:
1402 590 1481 662 (in
1521 605 1629 661 qua
1663 601 1848 648 exstat
1881 591 2220 652 Theodoreti
2270 601 2556 670 expositio
2601 603 2658 657 in
2699 579 2895 660 lsaiam
2923 609 3272 678 prophetam,
3310 627 3416 666 nec
3450 628 3558 667 non

272 679 522 747 ejusdem
573 679 932 750 aliorumque
965 686 1372 740 commentaria
1416 687 1472 740 in
1523 685 1747 759 isaiam)
1779 698 1835 744 et
1879 688 2280 748 Parisiensium
2325 695 2815 768 bibliothecarum,
2861 703 3055 759 usibus
3100 707 3315 764 nostris
3358 723 3560 766 conce-
3637 728 3642 730 ·

278 771 570 837 dercntur,
606 773 720 828 imo
769 783 831 828 ut
883 777 1369 834 eminentissimus
1413 780 1716 838 cardinalis
1759 781 1920 852 Chigi
1979 785 2378 842 bibliothecam
2418 804 2614 855 suam,
2647 807 2818 863 quam
2867 804 3081 851 norunt
3137 812 3352 867 omnes,
3391 817 3560 873 supra

275 869 474 924 laudes
514 878 746 926 nostras
797 875 1063 944 positam,
1096 883 1152 928 et
1186 875 1482 946 splendido
1517 894 1652 934 mss.
1683 889 1954 950 apparatu
2003 890 2261 939 ornatam
2297 899 2443 950 esse,
2470 889 2878 957 ampiilcandis
2925 894 3128 952 studiis
3161 899 3372 955 nostris
3406 869 3560 955 omni

276 978 527 1036 tempore
563 975 758 1038 patere
808 969 1144 1040 indulgeret.
1189 971 1326 1038 Quae
1356 988 1481 1028 cum
1537 974 1615 1028 ita
1660 985 1876 1039 essent,
1921 978 2050 1048 quis
2098 994 2206 1032 non
2260 980 2600 1036 uberrimam
2645 995 3030 1055 exspectasset
3079 993 3358 1048 messem?
3387 991 3560 1049 Tanta

273 1075 408 1115 vero
467 1059 574 1114 fuit
630 1062 1176 1132 impedimentorum,
1211 1083 1334 1136 qua:
1378 1069 1539 1124 nobis
1594 1085 1654 1125 se
1689 1070 2039 1140 objecerunt,
2093 1076 2283 1140 moles,
2322 1085 2381 1129 ut
2412 1077 2650 1133 eluctari
2702 1081 2950 1136 nondum
2998 1084 3245 1143 licuerit.
3285 1086 3561 1144 Dolebunt

275 1152 596 1216 nobiscum,
627 1154 720 1223 qui
769 1155 974 1212 litteris
1026 1156 1165 1211 bene
1217 1159 1472 1228 cupiunt,
1505 1160 1643 1216 adeo
1684 1162 1788 1218 hoc
1835 1171 2083 1235 tempore
2127 1165 2333 1238 negligi
2357 1165 2680 1225 Graecarum
2717 1171 3028 1228 litterarum
3075 1177 3346 1243 studium,
3377 1188 3435 1232 ut
3467 1181 3559 1235 vix

275 1248 512 1301 inveniri
551 1250 756 1341 possit,
781 1251 875 1318 qui
907 1252 1317 1321 perlustrandis
1344 1254 1637 1311 codicibus
1669 1266 1832 1312 antea
1865 1259 2052 1327 dictis,
2087 1259 2268 1330 iisque
2298 1275 2423 1317 cum
2457 1263 2704 1319 editione
2735 1263 3135 1323 Sirmondiana
3167 1273 3559 1342 comparandis

272 1338 409 1390 satis
459 1339 533 1392 sit
562 1331 748 1408 aptus.
779 1339 933 1396 Hanc
989 1344 1258 1414 imprimis
1288 1345 1666 1403 dillicuitatein
1706 1349 2086 1423 impedivisse,
2132 1356 2436 1426 quominus
2478 1357 2750 1417 hactenus
2799 1378 2866 1418 ex
2897 1363 3187 1421 codicibus
3225 1331 3350 1422 istis
3387 1369 3560 1422 multa

273 1432 340 1531 iu.
361 1449 502 1488 usus
539 1442 768 1492 nostros
811 1436 1052 1494 derivari
1101 1445 1410 1511 potuerint,
1441 1447 1686 1515 probant
1719 1449 1916 1506 litterae
1948 1451 2000 1506 in
2030 1452 2134 1507 hac
2163 1469 2333 1509 causa
2365 1457 2608 1527 scripta,
2653 1472 2774 1528 quae
2809 1472 3001 1515 omnes
3047 1460 3100 1514 id
3135 1464 3300 1518 unice
3333 1475 3555 1535 urgent,

274 1521 584 1622 mittendos
615 1543 738 1584 esse
764 1530 821 1584 in
874 1531 1015 1587 hanc
1056 1545 1297 1604 segetem
1345 1538 1443 1605 qui
1473 1540 1801 1610 coiligendis
1830 1541 2109 1599 fructibus
2137 1545 2261 1600 istis
2306 1545 2422 1600 sint
2451 1521 2857 1619 idonei-Spem
2888 1555 3076 1607 autem
3121 1551 3370 1606 nondum
3403 1521 3556 1622 abch

269 1617 474 1683 cimus,
524 1619 646 1676 fore
706 1631 767 1676 ut
803 1641 875 1679 ex
928 1630 1408 1696 praestantissimis
1459 1634 1630 1689 italiae
1679 1635 2055 1702 bibliothecis,
2092 1639 2372 1710 imprimis
2417 1639 2676 1713 Chiggia,
2727 1617 2980 1714 quadam
3032 1646 3099 1699 ad
3132 1661 3269 1701 usus
3331 1617 3557 1700 nostros

274 1711 712 1810 transferantur.
739 1715 874 1782 Quae
925 1720 975 1775 si
1017 1736 1083 1775 ex
1130 1730 1260 1778 voto
1310 1736 1512 1781 nostro
1557 1728 1869 1800 obtingant,
1917 1740 2076 1787 tomo
2103 1733 2298 1788 ultimo
2347 1711 2691 1804 insercnitur,
2743 1711 2834 1793 cui
2874 1740 3039 1794 etiam
3093 1741 3379 1806 accedent,
3423 1737 3583 1810 qua!

272 1797 407 1899 forte
439 1820 504 1899 ex
524 1804 802 1878 Procopio
829 1812 1068 1884 aliisque
1099 1817 1497 1887 scriptoribus,
1517 1835 1662 1891 quos
1691 1797 1766 1878 ob
1780 1824 2046 1895 temporis
2070 1828 2384 1896 angustiam
2419 1837 2680 1886 excutere
2709 1829 2954 1887 nondum
2983 1831 3162 1899 licuit,
3183 1831 3238 1886 in
3267 1833 3408 1887 hanc
3437 1797 3556 1887 rem

276 1893 455 1949 afferri
508 1906 796 1966 poterunt.
836 1902 1282 1970 lnterea,donee
1335 1909 1642 1980 aliquando
1686 1912 1780 1967 hic
1830 1893 1976 1970 fetus
2009 1893 2227 1972 auctior
2257 1919 2513 1987 prodeat,
2545 1921 2819 1976 lectorum
2867 1922 3061 1978 usibus
3111 1893 3415 1980 inservient
3459 1925 3556 1978 ilia

281 2006 395 2090 quae
441 2007 592 2047 nunc
643 1995 779 2052 dare
820 2001 1132 2069 potuimus,
1176 2019 1415 2076 quaeque
1463 2007 1574 2062 nisi
1625 2009 2034 2075 eine-datiora,
2066 2012 2260 2067 saltem
2302 2014 2551 2082 pleniora
2599 2031 2725 2074 esse
2767 2017 3106 2073 videbuntur
3144 2019 3288 2086 illis,
3315 2002 3553 2090 quorum

284 2085 482 2153 copiam
539 2087 882 2146 Sirmondus
943 2095 1101 2152 nobis
1156 2097 1385 2153 fecerat.
1436 2099 1694 2158 Vidimus
1743 2103 1919 2167 enim,
1953 2119 2062 2158 non
2118 2105 2256 2160 adeo
2288 2107 2504 2164 lacunis
2553 2119 2610 2164 et
2653 2109 2900 2167 hiatibus
2953 2111 3147 2182 plenos
3179 2085 3456 2168 esse-hos
3494 2113 3554 2167 in

279 2174 463 2231 lsaiam
513 2179 989 2249 Commentarios,
1021 2193 1079 2240 ut
1120 2189 1279 2243 multi
1309 2192 1393 2244 vel
1444 2191 1572 2246 ideo
1619 2200 1912 2262 putarunt,
1935 2195 2064 2265 quia
2106 2196 2294 2254 rarius
2321 2197 2732 2254 versiculorum
2762 2215 3065 2272 expressus
3109 2209 3230 2258 erat
3264 2217 3553 2258 numerus.

276 2273 528 2330 lnstituta
562 2293 693 2332 cum
730 2286 885 2337 textu
934 2285 1264 2358 prophetico
1298 2292 1723 2359 comparatione
1778 2291 2187 2359 intelleximus,
2235 2294 2688 2352 Commentarios
2743 2297 2881 2355 istos
2933 2298 3142 2368 passim
3179 2306 3357 2354 totum
3401 2314 3557 2356 com-

273 2367 427 2437 plecti
459 2370 834 2427 dicendorum
892 2377 1187 2444 ambitum,
1221 2386 1278 2435 et
1333 2381 1499 2452 longe
1545 2383 1706 2452 plura
1755 2384 1876 2440 loca
1930 2385 2226 2456 attingere,
2261 2403 2428 2460 quam
2482 2404 2604 2460 quae
2638 2390 2891 2446 numeris
2929 2367 3174 2446 indicata
3223 2397 3406 2446 erant.
3433 2388 3557 2446 Non

267 2465 653 2523 dubitavimus
706 2470 895 2542 itaque
934 2490 1197 2532 numeros
1255 2477 1690 2547 versiculorum,
1722 2480 1788 2534 ad
1842 2497 1985 2552 quos
2027 2483 2192 2538 simul
2247 2485 2488 2554 pertinet
2531 2484 3004 2552 Commentarius,
3043 2487 3264 2542 uncinis
3300 2486 3556 2542 inclusos

270 2563 503 2618 versioni
550 2563 770 2622 Latina:
796 2583 1098 2639 apponere,
1146 2573 1458 2643 exemplum
1507 2574 1810 2640 imitantes,
1842 2577 1992 2647 quod
2040 2576 2379 2635 Sirmondus
2416 2579 2475 2636 in
2524 2579 2964 2637 Commentariis
2994 2581 3064 2636 ad
3101 2579 3344 2649 reliquos
3377 2579 3555 2637 libros

268 2656 650 2726 prapheticos,
681 2662 786 2717 etsi
818 2664 1022 2729 rarius,
1056 2666 1367 2736 praeiverat.
1400 2667 1478 2721 ita
1513 2668 1717 2723 factum
1744 2677 1856 2736 est,
1891 2678 1950 2724 ut
1984 2670 2201 2741 plenior
2230 2687 2377 2726 nunc
2410 2683 2675 2743 appareat
2703 2673 3088 2744 interpretatio
3117 2670 3296 2736 Isaiae,
3324 2672 3551 2728 multis--

265 2763 366 2820 que
417 2749 566 2804 adeo
617 2753 760 2808 locis
815 2755 1057 2825 speciem
1094 2756 1373 2826 perpetui,
1413 2766 1472 2812 ut
1522 2758 1700 2822 aiunt,
1726 2760 2117 2814 commentarii
2165 2759 2391 2817 referat.
2432 2763 2538 2818 Sed
2589 2779 2714 2818 cum
2767 2763 3014 2819 nondum
3064 2763 3372 2822 lectoribus
3410 2766 3552 2822 satis

265 2852 623 2914 prospectum
661 2859 790 2900 esse
831 2855 1180 2916 putaremus,
1215 2846 1270 2902 in
1323 2863 1390 2903 eo
1420 2848 1589 2903 etiam
1639 2848 2075 2917 elaboravimus,
2105 2858 2168 2904 ut
2221 2851 2347 2906 loca
2389 2861 2572 2909 textus
2625 2851 2932 2924 prophetici
2987 2868 3016 2906 a
3054 2851 3405 2911 Theodoreto
3440 2873 3553 2912 non

262 2952 552 3006 expressa,
581 2937 834 3003 aliunde,
880 2939 925 2993 si
976 2940 1092 2995 licri
1143 2949 1445 3010 posset,ex
1499 2941 1622 3011 ipso
1667 2943 2093 3012 supplerentur.
2120 2944 2196 2998 Ex
2248 2945 2518 3002 universo
2570 2946 2759 3014 itaque
2787 2959 2958 3014 apere
2994 2945 3329 3018 colligenda,
3363 2957 3418 3003 et
3448 2965 3552 3004 suo

264 3029 386 3085 loco
420 3033 659 3089 scholiis
693 3033 986 3089 inserenda
1021 3033 1248 3091 fuerunt
1281 3037 1404 3092 loca
1435 3037 1528 3092 hic
1555 3045 1610 3093 et
1643 3037 1720 3092 ibi
1753 3053 1782 3092 a
1808 3035 2017 3096 Nostro
2043 3042 2302 3113 allegata,
2337 3047 2396 3095 ut
2429 3041 2734 3095 lectoribus
2767 3049 3076 3107 constaret,
3108 3057 3250 3112 quas
3281 3041 3552 3099 lectiones

262 3134 487 3179 secutus
515 3125 590 3179 sit
627 3125 685 3180 in
718 3125 859 3183 locis
890 3127 1038 3194 istis,
1068 3143 1309 3199 quorum
1345 3145 1574 3186 sensum
1608 3129 1832 3200 quidem
1865 3132 2191 3199 illustravit,
2226 3132 2398 3190 verba
2433 3142 2619 3190 autem
2661 3149 2775 3190 non
2807 3137 3105 3207 expressit.
3139 3134 3343 3192 Eadem
3382 3149 3552 3208 opera

259 3216 500 3286 reliquis
523 3217 699 3271 etiam
741 3218 921 3286 libris,
948 3236 1089 3291 quos
1121 3221 1210 3277 hic
1254 3231 1442 3280 tomus
1483 3226 1900 3298 complectitur,
1932 3225 2248 3299 praestanda
2280 3225 2411 3282 fuit.
2438 3225 2598 3294 Quod
2635 3228 2914 3299 reliquum
2952 3237 3059 3293 est,
3083 3243 3260 3298 pauca
3302 3231 3357 3284 in
3383 3229 3550 3286 Com-

259 3309 558 3364 mentariis
591 3308 662 3364 ad
692 3309 845 3366 lsaiie
890 3321 1059 3384 caput
1102 3316 1344 3384 primum
1374 3325 1432 3372 et
1481 3318 1760 3374 decimum
1811 3321 2039 3376 tertium
2084 3320 2578 3392 deprehendimus,
2613 3337 2738 3392 quae
2768 3336 2895 3376 cum
2924 3321 3148 3378 Eusebii
3188 3320 3549 3380 Cmsariensis

260 3402 730 3471 interpretatione
778 3412 912 3459 sunt
971 3405 1185 3460 eadem.
1236 3404 1446 3461 Horum
1497 3423 1632 3465 vero
1678 3411 1946 3466 nonnulla
1983 3409 2329 3481 respondent
2367 3409 2436 3466 iis
2487 3425 2610 3480 quae
2642 3409 2851 3465 Basilio
2883 3411 3063 3466 solent
3114 3411 3305 3466 tribui.
3340 3411 3549 3467 Ultimo

257 3493 502 3563 denique
556 3493 678 3548 loco
718 3494 1056 3549 monendum
1089 3506 1197 3562 est,
1233 3495 1515 3566 duplicem
1567 3500 1772 3570 capitis
1803 3513 2100 3555 numerum
2132 3499 2261 3555 inde
2290 3514 2320 3555 a
2349 3499 2617 3556 vicesimo
2657 3507 2817 3555 sexto
2846 3499 3030 3570 capite
3059 3495 3312 3556 Ieremia:
3357 3502 3410 3554 in
3445 3502 3549 3555 hac

255 3585 510 3640 editione
534 3599 664 3639 esse
693 3599 1044 3654 expressum,
1074 3587 1206 3658 quia
1236 3587 1569 3660 interpretes
1591 3589 1765 3646 Graeci
1796 3591 1866 3648 ab
1888 3587 2156 3648 Hebraico
2185 3593 2427 3664 capitum
2456 3590 3087 3663 ordine,quemi'Noster
3112 3593 3311 3661 tenuit,
3333 3593 3545 3650 disces-

254 3687 478 3732 serunt.
508 3676 712 3740 Adcat,
741 3680 837 3748 qui
869 3679 1018 3743 velit,
1051 3680 1304 3736 scholion
1333 3681 1424 3749 i9,
1461 3699 1516 3752 p.
1543 3683 1670 3738 523.

319 3765 606 3823 Prafandi
658 3767 821 3823 linem
860 3768 1041 3824 facere
1092 3785 1204 3825 non
1261 3786 1580 3842 possumus,
1620 3775 1942 3846 priusquam
1998 3760 2298 3833 lectoribus
2345 3783 2583 3843 constet,
2611 3791 2678 3832 ex
2724 3785 2854 3831 voto
2911 3783 3106 3832 nostro
3158 3775 3447 3840 accidisse,
3490 3787 3547 3832 ut

252 3863 352 3919 vir
377 3878 563 3918 venor.
596 3860 687 3916 Jo.
727 3862 868 3934 Aug.
889 3861 1128 3930 Nosse“,
1159 3880 1446 3921 sacrarum
1477 3864 1809 3922 Litterarum
1847 3869 2065 3936 doctor,
2096 3873 2302 3943 collega
2334 3870 2858 3941 coniunctissimus,
2889 3869 2944 3924 in
2979 3869 3187 3926 laboris
3221 3871 3545 3926 societatem

251 3956 494 4023 veniret,
542 3965 600 4012 et
646 3973 841 4012 curam
876 3959 931 4013 in
980 3975 1038 4014 se
1070 3959 1378 4030 susciperet
1426 3962 1560 4014 tomi
1607 3962 1755 4016 tertii
1805 3961 1976 4031 prelis
2026 3964 2283 4033 parandi,
2323 3965 2484 4034 cujus
2520 3979 2648 4034 pars
2703 3962 2849 4018 haud
2884 3964 3082 4034 exigua
3117 3963 3262 4034 typis
3312 3963 3428 4033 jam
3461 3972 3546 4018 cst

250 4055 560 4124 exscripta.
595 4053 768 4110 Multa
800 4054 1026 4111 fuerunt
1054 4071 1177 4127 quae
1209 4056 1312 4111 hoc
1361 4057 1653 4111 consilium
1683 4055 1845 4114 nobis
1882 4071 2216 4130 magnopere
2250 4060 2732 4115 commendarunt.
2769 4056 2885 4114 Etsi
2916 4057 3063 4112 enim
3095 4057 3246 4111 nulla
3278 4055 3545 4111 hactenus

249 4147 426 4220 prelis
466 4148 668 4218 injecta
721 4149 796 4202 sit
847 4163 1029 4215 mora,
1068 4157 1282 4213 tamen,
1309 4164 1441 4204 cum-
1472 4151 1684 4204 incerta
1719 4150 1792 4205 sit
1837 4165 2022 4205 rerum
2071 4152 2436 4207 humanarum
2471 4151 2667 4213 iacies,
2713 4157 2769 4205 et
2825 4149 2932 4203 hoc
2984 4149 3256 4218 imprimis
3290 4149 3542 4204 laborum

251 4260 431 4317 genus
480 4245 704 4317 longius
755 4245 1024 4316 temporis
1075 4246 1342 4316 spatium,
1375 4247 1724 4317 multumque
1775 4247 1896 4312 otii,
1943 4263 2056 4318 quo
2106 4262 2240 4304 sane
2291 4261 2402 4303 non
2461 4247 2831 4311 abundamus,
2866 4244 3183 4300 desiderare
3239 4245 3541 4310 videretur,

250 4342 559 4407 opportune
617 4334 830 4389 factum
883 4342 970 4390 est
1026 4344 1084 4390 ut
1141 4343 1300 4407 parte
1355 4337 1540 4406 aliqua
1604 4324 1814 4394 laboris
1875 4339 2208 4394 levaremur.
2247 4338 2303 4393 Si
2361 4338 2508 4394 Deus
2564 4339 2734 4393 vitam
2763 4337 3020 4406 viresque
3061 4335 3298 4401 dederit,
3324 4343 3540 4389 tomum

252 4439 505 4500 quartum
542 4445 650 4485 una
685 4445 814 4485 cum
861 4427 1086 4493 ultimo,
1117 4431 1249 4486 dum
1299 4431 1501 4487 tertius
1533 4432 1678 4502 typis
1724 4433 2089 4502 exscribitur,
2118 4436 2286 4506 prelis
2317 4435 2660 4506 parabimus.
2686 4431 2782 4488 His
2811 4447 2943 4488 vero
2975 4431 3258 4485 laboribus
3291 4439 3348 4483 ut
3388 4445 3544 4486 sum-

255 4537 397 4578 mum
426 4522 641 4582 Numen
702 4525 895 4597 gratia
941 4538 1042 4580 sua
1087 4523 1251 4589 adsit,
1287 4539 1494 4594 eosque
1544 4525 1597 4579 in
1635 4527 1721 4580 sui
1759 4526 2001 4582 nominis
2031 4527 2264 4598 gloriam
2316 4530 2728 4598 multorumque
2783 4524 3080 4580 utilitatem
3110 4521 3311 4578 cedere
3343 4523 3539 4595 jubcat

255 4612 493 4686 feliciter,
527 4619 707 4676 Deum
743 4617 815 4673 T.
851 4616 920 4673 Ο.
955 4616 1025 4672 Μ.
1061 4631 1323 4690 rogamus
1350 4618 1650 4688 supplices.

319 4707 440 4767 Dab.
469 4713 622 4770 Halm
647 4714 706 4770 in
742 4709 1052 4768 Academia
1074 4707 1459 4767 Fridericiana
1491 4711 1627 4780 ipsis
1664 4710 1929 4768 Kalendis
1968 4712 2091 4767 Maii
2125 4715 2466 4770 cloioccux.
