3940 6200
307 260 368 328 15
774 255 878 318 DE
913 252 1405 316 THEODORETI
1443 251 1522 310 IN
1568 246 1812 310 VETUS
1863 239 2431 303 TESTAMENTUM
2470 234 3070 300 COMMENTARIIS.
3511 233 3574 299 16

321 380 3545 441 me

1568 559 2319 654 TESTIMONIA

339 735 342 738 ί
391 775 480 838 De
511 769 896 837 Theodoreti
933 763 1428 832 Commentariis
1456 764 1524 824 in
1554 761 1884 826 Canticum
1919 757 2342 830 canticorum,
2375 759 2630 833 Isaiam,
2661 759 3034 835 leremiam,
3067 757 3499 831 Ezechielem,

1186 865 1525 930 Danielem
1564 872 1626 926 et
1653 859 1994 925 duodecim
2027 858 2380 938 PrOphetas
2415 861 2726 922 minores.

1901 1053 1971 1064 -ο

1415 1186 1515 1248 DE
1597 1184 1915 1247 CANTICO
1966 1183 2482 1246 CANTICORUM.

425 1371 434 1382 '
1271 1299 1628 1355 Theodorctus
1663 1300 1770 1368 ipse
1800 1299 1857 1352 in
1891 1297 2220 1369 Prwfatione
2253 1298 2321 1352 ad
2349 1296 2622 1352 Psalmos.

378 1421 633 1492 Namque
677 1417 1064 1488 imposuerunt
1111 1413 1272 1470 nobis
1324 1410 1580 1466 nonnulli
1614 1419 1674 1464 ut
1701 1407 1890 1465 Canti-

2072 1411 2135 1464 Oi
2157 1409 2256 1481 μὲν
2277 1409 2387 1481 γὰρ
2405 1408 2501 1462 τοῦ
2534 1407 2815 1479 ¹’ᾼσματος
2841 1407 2948 1462 τῶν
2970 1408 3230 1480 ᾀσμάτων
3251 1409 3511 1480 ἔπήγγειὶ
3523 1430 3589 1468 αν

309 1531 436 1572 cum
490 1513 843 1569 canticorum
902 1504 1558 1580 exponeremusmiiqni
1609 1518 1741 1557 vero
1773 1500 1865 1556 Vir

2033 1500 2094 1572 ἢν
2117 1499 2433 1570 σαφήνειαν·
2453 1500 2503 1551 οἱ
2530 1498 2586 1551 δὲ
2605 1498 2698 1551 τοῦ
2715 1499 2908 1570 ἀνδρὸς
2923 1499 3030 1552 τῶν
3052 1500 3363 1572 ἐπιθυμιῶν
3392 1503 3589 1557 ἐπεθύ-

309 1607 706 1665 desideriorum
764 1602 1221 1660 desideraverunt
1285 1596 1631 1668 prophetiam
1685 1608 1862 1666 cogno

2034 1607 2183 1661 ,ησαν
2201 1589 2502 1658 διαγνῶναι
2518 1589 2618 1660 τὴν
2636 1590 2996 1662 προφητείανο
3014 1591 3164 1645 ἄλλοι
3180 1592 3274 1647 τοῦ
3301 1592 3590 1647 Θεσπεσίου

311 1715 469 1757 scere
502 1717 515 1754 :
546 1696 640 1752 alii
665 1694 835 1751 divini
864 1688 1306 1754 Ezechielis,alii
1331 1686 1623 1743 duodecim
1652 1683 1867 1756 Prophe

2033 1681 2301 1753 Ιεζεκιὴλ,
2327 1682 2424 1734 καὶ¹
2443 1680 2624 1752 ἕτεροι
2666 1681 2778 1734 τῶν
2803 1677 3013 1734 δώδεκα
3062 1683 3366 1755 Προφητῶν
3395 1683 3494 1748 τὰς
3523 1688 3589 1755 τῇ

310 1802 492 1849 tarum
533 1788 915 1863 praedictiones
941 1784 1285 1841 obscuritate
1311 1780 1591 1836 involutas
1616 1777 1866 1835 enucleal

2045 1773 2248 1844 σαφείᾳ
2267 1773 2663 1844 κεκρυμμένας
2681 1775 3018 1845 προρρήσεις
3036 1778 3228 1844 σαφεῖς
3243 1776 3426 1840 αὐτοῖς
3442 1775 3595 1843 γενέ-

311 1886 417 1943 sibi
445 1900 511 1942 ac
534 1880 805 1940 declarari
839 1877 1184 1951 ﬂagitarunt.

2006 1865 2134 1919 σθαι
2171 1865 2268 1918 καὶ
2291 1864 2456 1936 δήλας
2484 1864 2781 1935 ἐζήτησαν.

809 1992 1065 2062 Pelagius
1097 1988 1160 2044 ΙΙ
1194 1987 1298 2061 (l),
1329 1988 1385 2042 in
1410 1985 1636 2057 epistola
1664 1981 1732 2038 ad
1767 1981 1950 2037 Etiam
1981 1977 2374 2050 Aquiteiensem
2407 1986 2459 2033 et
2483 1977 2622 2032 alios
2659 1975 2839 2034 Istrite
2865 1979 3158 2050 episcopos.

383 2116 523 2173 Nam
549 2131 675 2174 cum
703 2113 1033 2170 Theodorus
1059 2109 1484 2182 Mopsuestenus
1535 2104 1826 2162 Canticum
1875 2101 2224 2158 canticorum
2268 2099 2438 2155 vellet
2469 2112 2770 2169 exponere,
2816 2114 2917 2170 per
2945 2099 3097 2155 hunc
3134 2099 3337 2155 librum
3373 2097 3597 2152 Ᾱίιιιὶο-

315 2215 482 2286 pissze
528 2212 733 2286 regina:
779 2208 1090 2268 blanditum
1131 2206 1308 2262 fuisse
1352 2203 1645 2276 prochsus
1686 2207 1793 2256 est.
1846 2197 2006 2266 Quod
2034 2189 2422 2252 Theodoretus
2457 2194 2893 2265 reprehendens,
2928 2210 3130 2251 nomen
3156 2195 3380 2266 quidem
3415 2193 3598 2248 Theo-

316 2307 434 2378 dori
482 2304 814 2379 suppressit,
847 2301 946 2360 sed
974 2309 1161 2356 tamen
1196 2297 1477 2355 vesaniam
1514 2294 1798 2368 patefecit.
1837 2294 2095 2366 Ejusdem
2126 2295 2271 2350 enim
2299 2293 2432 2349 libri
2455 2301 2769 2349 commenta
2797 2292 3124 2350 describens
3155 2294 3232 2348 ait
3267 2294 3345 2366 (2)
3381 2313 3394 2348 :
3424 2295 3600 2347 Audio

315 2401 494 2470 plures
529 2394 817 2453 Canticum
857 2392 1195 2448 canticorum
1225 2389 1587 2458 detrahentes,
1611 2398 1662 2444 et
1689 2399 1796 2443 nan
1822 2389 2090 2443 credentes
2118 2385 2460 2452 s‘piritualem
2486 2402 2599 2441 esse
2620 2385 2840 2451 librum,
2867 2385 3086 2456 fabulas
3121 2397 3303 2441 autem
3329 2387 3599 2457 quas-dant

319 2494 623 2551 aniculares
654 2506 745 2560 per
782 2489 1056 2546 vesaniam
1087 2495 1321 2542 terentes
1347 2501 1656 2554 componere
1683 2495 1733 2541 et
1765 2501 2107 2556 prazsumere,
2147 2484 2405 2548 dicentes,
2437 2484 2730 2553 sapientem
2763 2483 3112 2558 Salomonem
3154 2484 3225 2540 ad
3267 2485 3501 2554 seipsum
3549 2493 3599 2538 e.‘

318 2583 493 2654 [ﬂiam
518 2578 823 2635 Pharaonis
861 2577 1000 2631 hunc
1025 2576 1222 2631 librum
1250 2574 1654 2643 conscripsisse.

907 2691 1263 2749 Theodoretus
1286 2693 1396 2762 ipse
1426 2693 1483 2748 in
1514 2692 1742 2761 epistom
1765 2691 1858 2757 82,
1893 2689 1963 2745 ad
2009 2689 2300 2744 Eusebium
2328 2693 2629 2761 episcopum
2661 2692 3029 2764 Ancyranum.

388 2791 496 2849 Per
529 2790 628 2848 Dei
673 2791 821 2848 enim
867 2790 1103 2861 gratiam
1136 2787 1447 2861 prophetas
1496 2802 1692 2844 omnes
1725 2787 1903 2843 inter-

2083 2786 2183 2840 Διὰ
2232 2787 2343 2859 γὰρ
2379 2788 2478 2859 τὴν
2503 2789 2598 2843 τοῦ
2628 2789 2765 2844 Θεοῦ
2809 2791 2971 2863 χάριν
3013 2791 3266 2854 καὶτοὺς
3316 2787 3602 2860 προφήτας

319 2884 519 2957 pretati
557 2898 768 2940 sumus.

2013 2882 2260 2944 ἅπαντας
2298 2883 2744 2955 ήρμηνεύσαμεν.

1385 2991 1454 3047 Ει
1495 2993 1551 3048 in
1581 2993 1738 3063 epist.
1780 2991 1905 3058 H5,
1948 2993 2018 3047 ad
2045 2994 2270 3050 Leonem
2304 3011 2519 3065 papam.

386 3113 681 3186 Esplicata
710 3119 845 3170 sunt
875 3125 903 3165 a
940 3125 1030 3168 me
1055 3110 1286 3166 oracula
1327 3105 1678 3180 prephetica.

2103 3109 2482 3181 Ἦρμήνευταί
2502 3127 2593 3182 μοι
2613 3111 2685 3165 τὰ
2707 3115 3022 3187 προφητικὰ
3053 3117 3423 3190 θεσπίσματα.

1311 3225 1462 3283 Idem
1493 3228 1589 3282 sub
1623 3226 1781 3296 ﬁnem
1827 3223 2300 3282 Lamentationnm
2345 3227 2614 3285 Jeremiw.

396 3350 551 3406 lianc
603 3350 770 3407 etiam
820 3349 946 3406 aliis
983 3349 1339 3421 propheticis
1387 3348 1550 3404 libris
1599 3347 1908 3418 adiecimus

2087 3349 2199 3402 Καὶ
2219 3352 2338 3413 ταῖς
2359 3349 2548 3416 ἄλλαις
2577 3356 2944 3424 προφητικαῖς
2973 3355 3178 3424 βίϐλοις
3210 3359 3605 3430 προστεθείκα-

326 3442 841 3514 interpretationem
869 3459 883 3497 :
909 3441 1048 3497 adeo
1081 3449 1144 3496 ut
1173 3456 1270 3513 per
1299 3438 1398 3496 Dei
1431 3440 1664 3510 gratiam
1694 3439 1882 3494 nullan

2049 3454 2122 3490 ιεν
2157 3438 2252 3492 καὶ
2287 3439 2448 3511 τήνδε
2475 3439 2572 3511 τὴν
2604 3445 2963 3515 προφητείαν·
2989 3446 3064 3511 ὡς
3094 3447 3366 3519 μηδεμίαν
3395 3450 3486 3503 διὰ
3507 3451 3605 3521 τὴν

326 3536 671 3608 prophetiam
740 3532 1223 3604 interpretationis
1292 3539 1577 3603 expertem
1664 3531 1881 3602 relique

2053 3528 2113 3582 οὗ
2166 3529 2303 3584 Θεοῦ
2369 3534 2537 3607 ,χάριν
2587 3539 2926 3610 προφητείαν
2988 3539 3307 3594 καταλιπεῖν
3365 3544 3609 3614 ἀνερμή-

327 3627 522 3682 rimus.
1194 3648 1196 3650 τ

1194 3648 1196 3650 '
2020 3636 2226 3678 νευτον.

819 3787 828 3794 _
1064 3714 1396 3786 Nicephorus
1443 3716 1537 3772 tib.
1571 3715 1714 3782 XIV,
1737 3732 1858 3788 cap.
1898 3729 2011 3782 uv,
2044 3713 2220 3784 Opera
2246 3702 2520 3774 recensens
2559 3719 2897 3779 Theodoreti.

399 3811 460 3866 In
494 3808 740 3868 sedecim
772 3805 1076 3880 prophetas
1112 3809 1262 3865 aliud
1291 3809 1549 3866 volumen
1579 3809 1772 3867 edidit.

2097 3809 2192 3874 Εἰς
2215 3810 2344 3876 τοὺς
2372 3813 2569 3879 δεκαὲξ
2597 3816 2882 3887 προφήτας
2909 3816 3098 3889 ἕτερον
3139 3818 3332 3890 τεῦχος
3363 3823 3526 3878 ποιεῖ.

1741 4017 1831 4078 πΙΝ
1890 4018 2178 4078 ISAIAM.

1097 4128 1456 4186 Theodoretus
1500 4132 1613 4202 ipse
1645 4133 1700 4184 in
1735 4130 1931 4186 librum
1969 4143 2221 4204 quartum
2262 4132 2483 4204 Regum,
2515 4146 2701 4207 qua’st.
2732 4137 2864 4194 LII.

399 4222 672 4280 Ceterum
698 4222 959 4280 existimo
980 4236 1456 4294 supervacaneum
1478 4223 1671 4280 eadem
1695 4223 1914 4290 dicere;

2109 4226 2270 4282 Ἀλλὰ
2315 4228 2426 4300 γὰρ
2496 4230 2752 4301 περιττὸν
2808 4227 2964 4301 οἶμαι
3008 4235 3369 4305 ταυτολογεῖν·
3435 4238 3607 4292 ταῦτα

330 4329 458 4371 nam
500 4315 712 4373 Isaiam
753 4315 1089 4386 proohetam
1139 4317 1516 4388 interpretans
1573 4317 1677 4372 hoc
1731 4317 1882 4387 expli

2048 4320 2153 4390 νὰρ,
2203 4320 2294 4373 τὸν
2324 4321 2612 4391 προφήτην
2667 4324 2898 4379 Ἡσαΐαν
2927 4327 3270 4398 ἑρμηνεύων,
3311 4331 3604 4396 ἀνέπτυξα.

327 4421 474 4462 cavt.

1507 4500 1656 4555 Idem
1701 4498 1770 4554 ad
1817 4497 2060 4553 Ieremia:
2097 4507 2257 4566 caput
2291 4514 2382 4552 ut
2412 4539 2425 4552 .

401 4588 471 4644 Et
515 4591 683 4661 hujus
721 4591 1022 4650 locutionis
1056 4594 1327 4650 rationem
1356 4592 1614 4664 pluribus
1644 4590 1913 4663 explicui-

2096 4590 2206 4643 Καὶ
2222 4591 2314 4644 τὸν
2335 4592 2465 4661 περὶ
2485 4592 2678 4648 τούτου
2707 4593 2865 4664 λὸγον
2899 4598 2957 4650 ὲν
2979 4599 3046 4668 τῇ
3076 4597 3171 4651 τοῦ
3204 4598 3348 4653 Θείου
3385 4600 3607 4658 Ἡσαΐου

325 4678 530 4736 .musin
567 4680 742 4735 divini
768 4681 928 4738 Isaia:
961 4685 1447 4756 interpretatione.

2011 4683 2292 4755 ἑρμηνείᾳ
2313 4685 2403 4738 διὰ
2440 4685 2702 4742 πλειόνων
2733 4689 3077 4761 τεθείκαμεν.

1693 4909 1776 4970 ΙΝ
1830 4909 2250 4972 JEREMIAM.

1065 5017 1414 5072 Tlieodoretus
1447 5021 1555 5087 ipse
1584 5022 1638 5074 in
1671 5022 1869 5077 librum
1911 5031 2160 5093 quartum
2200 5021 2421 5091 Regum,
2465 5034 2655 5094 quam.
2707 5025 2896 5082 LVII.

404 5105 481 5162 De
515 5104 809 5162 Joachimo
836 5120 999 5170 vero,
1023 5116 1082 5166 et
1138 5107 1413 5176 Joacimo,
1446 5122 1501 5166 et
1549 5111 1836 5180 Jechonia,
1866 5124 1918 5170 et

2097 5112 2178 5167 Τὰ
2198 5112 2254 5167 δὲ
2279 5113 2424 5167 κατὰ
2453 5115 2546 5170 τὸν
2591 5117 2839 5188 Ἰωαχὶμ,
2877 5119 2971 5172 καὶ
3027 5119 3290 5186 Ἰωακεὶν,
3316 5122 3408 5176 καὶ
3452 5124 3641 5199 Ἰεχοχ

335 5195 568 5254 Sedecia
623 5198 803 5256 fusius
852 5200 1082 5272 scripsit
1140 5201 1361 5258 divinus
1421 5201 1714 5260 Jeremias.
1765 5205 1891 5260 lllun

2093 5223 2169 5274 ιν,
2228 5208 2324 5261 καὶ
2363 5207 2639 5276 Σεδεκίαν,
2691 5211 3028 5284 πλατύτερον
3086 5215 3115 5266 ὁ
3161 5215 3301 5278 Gaio;
3342 5195 3649 5289 Ἱερεμίαςν⁴

331 5299 516 5346 autem
547 5305 769 5362 quoque
805 5291 1005 5346 librum
1049 5307 1148 5364 per
1192 5291 1438 5349 divinam
1479 5294 1710 5363 gratiam
1746 5304 1887 5350 totum

2055 5297 2355 5369 υνέγραψε.
2395 5299 2672 5372 Κάκείνην
2716 5302 2774 5356 δὲ
2826 5305 2924 5374 τὴν
2968 5303 3149 5374 βίϐλον
3191 5306 3280 5360 διὰ
3327 5308 3426 5377 τῆς
3461 5307 3611 5372 Οείας

330 5383 677 5456 interpretati
715 5399 928 5440 sumus.

2023 5391 2247 5462 χάριτος
2280 5392 2462 5446 πᾶσαν
2490 5393 2940 5468 ἡρμηνεύσαμεν.

474 5475 630 5544 Quod
663 5476 836 5547 ipsum
861 5477 1031 5532 etiam
1066 5485 1298 5535 testatur
1336 5478 1529 5534 iisdem
1563 5494 1727 5549 prope
1763 5477 1935 5534 verbis
1988 5491 2213 5538 erce'unte
2274 5485 2718 5553 interpretatione
2748 5489 2844 5543 lib.
2881 5488 2960 5564 II_
2981 5490 3455 5564 Paralipomenon.

402 5654 480 5724 (ι)
514 5653 620 5710 Seu
665 5656 846 5726 potius
872 5655 1173 5730 Gregorius
1208 5654 1278 5711 Μ.
1367 5657 1443 5729 (2)
1475 5656 1533 5714 In
1557 5657 1885 5715 Praefatione
1913 5659 1981 5715 ad
2005 5657 2730 5723 JoannemAntiochenum.
