3940 6200
257 411 315 480 Π
1628 413 1883 473 TESTIN

1968 412 2110 472 NIA-
3471 406 3542 475 18

1249 518 1599 575 Theodoretus
1635 520 1746 589 ipse
1780 518 1850 573 ad
1881 520 2081 574 Jerem.
2109 534 2238 574 qu
2262 561 2275 585 ,
2307 518 2400 584 29,
2429 518 2520 574 50.
2773 535 2786 548 ·

319 636 483 692 τοῦτο
508 636 862 708 σαφέστερον
886 636 982 690 καὶ
1008 635 1096 689 διὰ
1128 635 1221 688 τοῦ
1261 635 1550 689 θεσπεσίου
1597 633 1847 705 Ἐζεκιὴλ
1877 679 1883 695 .

2019 631 2242 689 Clarius
2283 633 2388 688 hoc
2427 633 2594 688 etiam
2645 631 2782 688 dixit
2833 629 3100 686 Dominus
3145 647 3241 702 per
3286 631 3532 688 divinum

256 734 354 785 ὸΔε
365 730 592 799 σπότης,
620 728 720 782 καὶ
754 729 918 800 ἡμεῖς
941 728 998 782 δέ
1016 728 1102 782 διὰ
1127 727 1387 782 πλειόνων
1423 727 1521 798 τὴν
1548 726 1844 799 ἑρμηνείαν

255 823 653 893 ἐποιησάμεθα.

1954 722 2317 788 Ezechielem,
2351 733 2405 778 et
2437 740 2539 780 nos
2591 723 2698 794 ipsi
2750 724 3000 795 pluribus
3049 724 3398 795 interpretati
3439 740 3538 780 su-

1953 829 2099 869 ῐιιιιε.

1633 1033 1716 1092 IN
1774 1027 2188 1092 DANIELEM.

321 1147 690 1201 Theodoretus
715 1147 771 1200 in
808 1144 1137 1208 Prwfatione
1174 1149 1244 1200 ad
1285 1146 1556 1212 Psalmos,
1583 1147 1647 1200 de
1678 1145 1829 1199 libris
1867 1142 1991 1196 aliis
2031 1139 2123 1208 qui
2155 1137 2500 1192 Psalmarum
2541 1138 3031 1205 interpretationem
3053 1138 3418 1192 retardarunt.

319 1239 384 1290 Οἱ
408 1239 511 1308 μὲν
535 1237 645 1306 γὰρ
667 1237 764 1290 τοῦ
791 1236 1074 1308 ᾊσματος
1093 1236 1202 1289 τῶν
1228 1236 1486 1308 ᾀσμάτων
1513 1235 1850 1307 ἐπήγγειλαν

258 1331 346 1401 τὴν
377 1331 711 1399 σαφήνειαν,
741 1329 790 1381 οί
820 1327 878 1381 δὲ
903 1327 998 1381 τοῦ
1028 1327 1223 1397 ἀνδρὸς
1261 1327 1370 1380 τῶν
1401 1327 1705 1398 ἐπιθυμιῶν
1749 1328 1848 1380 ἐπ-

257 1420 544 1490 εθύμησαν
579 1417 882 1486 διαγνῶναι
906 1417 1003 1486 τὴν
1032 1417 1389 1489 προφητείαν.

2029 1225 2280 1296 Namque
2327 1226 2713 1295 imposuerunt
2761 1225 2925 1281 nobis
2964 1227 3236 1292 nonnulli,
3275 1237 3348 1282 ιιι
3396 1227 3543 1282 Can-

1957 1321 2132 1372 ticum
2191 1317 2536 1372 canticorum
2601 1331 3005 1386 exponeremus
3040 1335 3054 1372 :
3093 1318 3186 1373 alii
3250 1333 3375 1374 vero
3423 1318 3541 1373 Viri

1957 1410 2362 1465 desideriorum
2415 1401 2706 1481 (Danielis)
2757 1407 3141 1465 desiderarunt
3194 1412 3540 1481 prophetiam

1961 1517 2318 1573 cognoscere.

1390 1611 1643 1681 Photius,
1681 1612 2030 1671 Bibliotheca:
2057 1617 2238 1672 codice
2267 1631 2416 1672 CCIII.

340 1710 685 1781 Ἀνεγνώσθη
720 1709 815 1763 τοῦ
850 1709 1117 1781 μακαρίου
1160 1709 1510 1780 Θεοδωρήτου
1549 1709 1850 1762 ἐπισκόπου

2031 1713 2292 1784 Legimus
2330 1713 2387 1767 Β.
2427 1712 2763 1770 Theodoreti
2819 1712 3064 1784 episcopi
3103 1712 3229 1784 Cyri
3264 1713 3538 1782 interpre-

263 1803 444 1873 Κύρου
475 1801 746 1872 ἑρμηνεία
783 1802 864 1863 είς
888 1801 978 1852 τὸν
1008 1799 1227 1870 Δανιήλ.
1262 1798 1480 1870 Μακρῷ
1517 1799 1618 1869 μὲν
1641 1791 1795 1863 οὗτος
1823 1801 1852 1853 ὁ

1968 1807 2224 1860 lationem
2264 1805 2525 1862 Danielis.
2556 1805 2654 1860 Vir
2704 1807 2794 1862 hic
2835 1821 2970 1862 sane
3008 1805 3228 1869 doctus,
3257 1820 3367 1860 non
3401 1803 3539 1874 Hip-

269 1894 423 1962 σοφὸς
445 1893 614 1963 ἀνὴρ,
655 1893 756 1962 οὐχ
797 1889 1114 1944 Ἱππολύτου
1140 1890 1322 1960 μόνον,
1349 1890 1486 1944 ἀλλὰ
1518 1893 1614 1946 καὶ
1642 1890 1854 1944 πολλῶν

1968 1899 2144 1970 polyto
2189 1899 2374 1960 modo,
2407 1914 2595 1952 verum
2645 1899 2810 1954 etiam
2847 1898 2971 1954 aliis
3010 1898 3222 1962 multis,
3260 1897 3545 1968 propheti-

273 1984 454 2046 ἀλλων,
493 1985 566 2053 τῇ
601 1981 711 2035 τῶν
738 1981 1092 2051 προφητικῶν
1131 1983 1393 2053 ῥημάτων
1432 1980 1728 2049 ἀναπτύξει
1761 1981 1856 2035 καὶ

279 2076 621 2146 διακαθάρσει
646 2077 860 2146 κρατεῖ.
872 2076 1028 2128 Ἐστι
1052 2075 1228 2145 δὲτὴν
1249 2075 1469 2145 φράσιν,
1498 2075 1552 2126 εί
1571 2092 1655 2138 τις
1675 2075 1853 2140 ἄλλος,

275 2169 586 2239 ἑρμηνείαις
619 2167 869 2238 πρέπων·
905 2166 984 2236 τῷ
1009 2183 1068 2220 τε
1114 2166 1342 2237 καθαρῷ
1374 2167 1468 2220 καὶ
1491 2167 1718 2238 εὐσήμῳ
1748 2167 1858 2221 τῶν

272 2263 527 2331 ῥημάτων
574 2259 972 2313 ἀνακαλύπτων
1025 2259 1093 2312 τά
1141 2258 1594 2329 συνεσκιασμένα,
1628 2259 1722 2312 καὶ
1779 2258 1859 2330 τῷ

271 2353 534 2422 saevom,
567 2351 664 2404 ἅτε
693 2351 758 2422 δὴ
781 2349 1202 2419 διαγλυκαίνων,
1235 2349 1682 2422 προθυμοτέρους
1724 2352 1858 2424 πρὸς

268 2448 360 2515 τὴν
376 2445 690 2512 ἀνάγνωσιν
718 2441 1174 2512 παρασκευάζων.
1206 2444 1317 2496 Καὶ
1349 2441 1454 2513 μὴν
1479 2442 1574 2495 καὶ
1613 2442 1687 2514 τῷ
1722 2443 1860 2513 πρὸς

273 2535 539 2608 μηδεμίαν
571 2532 845 2604 ἐκτροπὴν
877 2533 970 2585 καὶ
999 2531 1342 2601 παρέκϐασιν
1369 2533 1742 2604 ἀποφέρεσθαι
1765 2533 1858 2587 τοῦ

270 2629 658 2700 προκειμένου,
693 2627 854 2698 κόρον
887 2644 946 2679 τε
975 2627 1380 2698 ἀφαιρούμενος
1411 2627 1612 2692 πάντα,
1637 2629 1731 2682 καὶ
1759 2629 1860 2701 τὴν

274 2722 506 2791 μάθησιν
537 2719 648 2774 τῶν
678 2718 1026 2789 ζητουμένων
1055 2717 1360 2789 ἀσύγχυτόν
1391 2735 1448 2772 τε
1483 2721 1580 2773 καὶ
1609 2721 1861 2774 ἀδιασκέ-

269 2815 460 2868 δαστον
481 2813 582 2866 καὶ
606 2811 806 2882 εὐχερῆ
827 2813 935 2874 τοῖς
965 2811 1384 2882 ἀναλεγομένοις
1403 2812 1569 2866 αὐτοῦ
1589 2814 1677 2866 τὸν
1699 2814 1862 2868 πόνον

271 2902 533 2974 ἐμποιῶν.
567 2903 679 2954 Καὶ
708 2902 742 2970 ἡ
779 2900 924 2966 λέξις
947 2899 1003 2953 δὲ
1030 2899 1218 2965 αὐτοῦ,
1251 2903 1346 2954 καὶ
1395 2901 1428 2971 ἡ
1474 2901 1737 2973 συνθήκη,
1761 2903 1862 2972 τῆς

283 2997 534 3066 Ἀττικῆς
582 2993 862 3061 εὐγενείας
898 2993 962 3046 οὐ
989 2993 1182 3062 φεύγει
1211 2995 1309 3058 τὰς
1338 2995 1524 3063 γονάς·
1555 2996 1696 3068 πλὴν
1728 2999 1780 3050 εί
1807 3016 1860 3052 τι.

277 3089 694 3158 περιεργότερον
718 3085 889 3152 αὐτῆς
917 3086 1055 3148 ἐστι,
1074 3087 1170 3140 καὶ
1193 3086 1312 3155 τῆς,
1339 3088 1414 3151 ὼς
1437 3087 1626 3156 φάναι,
1647 3089 1861 3142 πολλῶν

276 3178 445 3248 ἀκοῆς
496 3177 945 3247 ἀνακεχωρηκός.
991 3178 1159 3231 Τοῦτο
1211 3179 1268 3232 δὲ
1314 3181 1397 3232 ὅτι
1456 3182 1530 3251 μὴ
1585 3182 1863 3252 προσῆκον

278 3270 539 3340 ἑρμηνεία
564 3269 871 3334 ἀποκλίνει,
897 3270 992 3322 καὶ
1019 3270 1137 3333 ὅλος
1163 3272 1242 3332 είς
1267 3271 1329 3324 τὺ
1356 3271 1580 3342 ἄριστόν
1602 3277 1718 3328 ἐστι
1749 3275 1859 3328 τῶν

279 3362 578 3434 ἐξηγητῶν,
633 3362 729 3414 καὶ
757 3363 860 3416 οὐκ
884 3361 1024 3432 ἔχων
1069 3363 1266 3434 ῥᾳδίως
1300 3364 1390 3417 τὸν
1416 3365 1638 3435 ἄμεινον
1667 3367 1859 3422 διασα-

281 3453 472 3518 φοῦντα
505 3453 839 3523 ἁνηγμένος.
875 3453 1033 3506 Ἐστι
1068 3454 1168 3523 μὲν
1198 3455 1308 3525 γὰρ
1331 3455 1426 3508 καὶ
1456 3455 1635 3522 ἄλλοις
1668 3459 1727 3511 τὸ
1763 3476 1860 3513 κα-

283 3546 450 3618 θαρῶς
480 3548 680 3612 εἰπεῖν,
705 3545 802 3599 καὶ
846 3545 1161 3616 ἀνιχνεῦσαι
1187 3547 1279 3600 τὸν
1323 3547 1450 3602 νοῦν
1487 3548 1597 3602 τῶν
1623 3549 1859 3621 θεωρουο

286 3637 469 3706 μένων·
501 3637 564 3692 τὸ
604 3637 650 3689 δ’
687 3636 806 3708 αμα
841 3654 901 3690 τε
943 3637 1129 3705 σαφῶς
1180 3639 1376 3701 εἰπεῖν,
1407 3638 1502 3691 καὶ
1546 3639 1712 3709 μηδὲν
1749 3639 1858 3693 τῶν

283 3731 588 3798 ἀναγκαίων
635 3730 696 3782 ἐν
730 3728 811 3799 τῷ
835 3729 1088 3799 συντόμῳ
1139 3730 1490 3800 παραλιπεῖν,
1536 3731 1671 3801 μηδὲ
1721 3732 1861 3802 πρὸς

286 3821 546 3892 ἐκδρομὰς
571 3821 605 3892 ἢ
629 3820 1006 3882 ἐπιδεικτικὰς
1031 3821 1220 3889 σοφίας
1242 3824 1460 3890 χωρεῖν,
1492 3821 1524 3892 ἢ
1548 3821 1724 3885 ἄλλως
1759 3823 1860 3892 μὲν

286 3915 374 3967 οὐκ
415 3915 728 3984 ἀχρήστους
762 3914 962 3976 ποιεῖν,
1001 3912 1392 3984 παρασύροντα
1412 3915 1469 3967 δὲ
1498 3915 1591 3967 τοῦ
1635 3932 1860 3986 προκει-

292 4005 443 4076 μένου
473 4005 546 4076 μὴ
573 4004 808 4068 ἀπιδεῖν,
835 4003 889 4057 εί
913 4021 966 4056 τι
998 4004 1144 4070 ἀλλο,
1182 4005 1275 4058 καὶ
1308 4005 1387 4075 τῷ
1416 4007 1638 4077 χρηστῷ
1658 4008 1863 4061 Θεοδω-

291 4096 428 4166 ρήτῳ
457 4095 668 4147 ἔνεστιν
699 4092 1161 4162 ἐσπουδασμένον·
1193 4093 1292 4146 οὐκ
1318 4096 1376 4147 ἐν
1404 4095 1576 4166 ταύτῃ
1608 4097 1767 4166 μόνον
1792 4101 1857 4169 τῇ

291 4184 651 4256 πραγματείᾳ,
693 4183 830 4236 ἀλλά
856 4182 1055 4254 μικροῦ
1089 4183 1194 4237 δέω
1222 4184 1386 4252 φάναι
1413 4187 1506 4237 καὶ
1534 4187 1592 4239 ἐν
1628 4187 1857 4250 πάσαιςο

290 4276 466 4329 πολλαὶ
489 4276 546 4329 δὲ
573 4271 760 4337 αὗται,
788 4275 845 4326 ἐν
875 4268 964 4336 αἶς
985 4274 1093 4327 τῶν
1126 4274 1288 4346 ίερῶν
1306 4276 1654 4348 Γραμμάτων
1684 4277 1716 4345 ἡ
1746 4278 1862 4331 δια-

290 4370 511 4439 σᾶφησις
536 4370 939 4440 φιλοπονεῖται.

1957 2006 2150 2047 corum
2197 2005 2520 2048 sermonum
2574 1990 3041 2060 interpretatione
3087 1998 3252 2058 atque
3281 1988 3545 2058 explana-

1959 2081 2112 2135 tione
2150 2081 2316 2152 longe
2355 2079 2652 2136 antecellit.
2691 2077 2868 2133 Dictio
2909 2077 3033 2148 ejus
3066 2077 3542 2142 commentationi,

1959 2173 2006 2228 si
2039 2174 2370 2243 cujusquam
2424 2171 2592 2235 alius,
2639 2169 2948 2241 aptissima.
2999 2167 3133 2223 Nam
3170 2176 3225 2224 et
3270 2167 3424 2239 puris
3469 2167 3547 2223 si-

1959 2266 2373 2336 gnantibusque
2425 2263 2620 2319 verbis
2668 2261 2858 2317 abdita
2903 2275 3136 2332 qua-que
3191 2268 3246 2314 et
3305 2259 3545 2314 obscura

1960 2359 2188 2422 revelat,
2223 2366 2281 2412 et
2309 2355 2663 2427 jucunditate
2692 2352 2958 2424 quadam,
2988 2352 3149 2423 quasi
3183 2351 3544 2406 delinimento

1961 2450 2230 2520 suavique
2261 2449 2473 2519 lepore,
2504 2446 2572 2501 ad
2616 2447 2703 2501 sui
2737 2446 3033 2501 lectionem
3065 2445 3280 2499 invitat.
3314 2442 3459 2509 Quin
3490 2450 3546 2496 et

1959 2558 2028 2598 ex
2057 2558 2122 2598 eo
2167 2541 2315 2614 quod
2369 2541 2435 2595 ad
2466 2541 2731 2612 ambages
2765 2539 2950 2595 nullas
2997 2537 3484 2609 digressionesque
3514 2551 3546 2590 a

1962 2635 2247 2705 preposito
2275 2639 2602 2704 argumento
2623 2630 2866 2696 recedat,
2891 2630 3204 2685 satietatem
3237 2643 3345 2683 non
3381 2627 3546 2682 modo

1963 2725 2172 2779 nullam
2213 2722 2398 2790 affert,
2424 2722 2520 2779 sed
2553 2736 2617 2779 ca
2669 2723 2906 2792 insuper
2931 2736 3052 2794 qua:
3097 2721 3153 2774 in
3186 2720 3416 2774 dubiqu
3447 2731 3546 2773 v0-

1960 2826 2180 2882 cantur,
2216 2817 2341 2872 sine
2385 2817 2497 2872 ulla
2528 2817 2615 2872 vel
2661 2815 2990 2872 confusione
3038 2813 3125 2869 vel
3157 2811 3545 2882 dissipatione,

1963 2912 2110 2967 facili
2158 2921 2213 2967 et
2273 2910 2568 2966 commoda
2628 2910 2844 2965 ratione
2894 2907 3127 2964 lectores
3177 2921 3311 2963 suos
3359 2905 3546 2961 docet.

1964 3003 2174 3059 Vocum
2209 3005 2338 3059 item
2377 3003 2500 3072 ejus
2542 3001 2810 3068 delectus,
2841 3009 3004 3070 atque
3039 3000 3154 3071 ipsa
3189 2997 3542 3066 compositio,

1963 3097 2031 3152 ab
2064 3096 2243 3149 Attica
2274 3094 2566 3166 elegantiae
2597 3092 2811 3163 origine
2845 3108 2956 3145 non
2994 3090 3228 3161 refugit;
3271 3088 3376 3142 nisi
3414 3088 3544 3156 quid

1967 3185 2108 3240 forte
2187 3183 2470 3238 curiosius
2551 3182 2667 3236 illic
2751 3179 2959 3250 aliquid
3035 3177 3548 3249 occurrat,_quod

1965 3276 2091 3346 quis
2124 3275 2424 3328 multorum
2455 3273 2688 3329 auribus
2723 3273 3009 3327 insolitum
3060 3271 3232 3326 dicat.
3261 3269 3372 3324 Hoc
3411 3284 3546 3324 con-

1967 3374 2096 3429 stat,
2129 3365 2264 3420 nihil
2292 3380 2415 3420 euni
2447 3363 2594 3434 quod
2632 3364 2700 3417 ad
2736 3362 3206 3434 interpretandum
3243 3360 3410 3416 faciat
3449 3359 3545 3415 de-

1965 3460 2204 3521 clinare,
2243 3457 2490 3526 adeoque
2529 3456 2584 3510 iu
2622 3471 2900 3512 summum
2936 3456 3183 3511 evasisse
3213 3456 3544 3524 optimorum

1964 3551 2326 3619 interpretum
2359 3548 2602 3610 culmen,
2627 3555 2687 3602 ut
2737 3561 2849 3602 non
2884 3545 3048 3600 facile
3086 3547 3160 3602 sit
3185 3546 3421 3616 aliquem
3460 3557 3550 3596 re-

1965 3651 2245 3712 perturus,
2291 3641 2386 3710 qui
2439 3639 2531 3692 illo
2567 3639 2765 3693 melius
2817 3637 3058 3692 obscura
3097 3636 3358 3707 explicet.
3409 3632 3552 3688 Sunt

1965 3733 2191 3803 quidem
2225 3739 2281 3786 et
2319 3730 2410 3784 alii
2448 3745 2588 3800 pure
2637 3729 2951 3798 loquentes,
3002 3728 3094 3798 qui
3137 3725 3546 3797 propositarum

1968 3825 2073 3880 sibi
2123 3837 2310 3878 rerum
2350 3837 2578 3878 sensum
2616 3821 2762 3875 haud
2803 3821 3048 3890 segniter
3080 3820 3414 3889 investigent
3448 3835 3461 3870 :
3495 3825 3550 3869 at

1967 3916 2136 3972 simul
2160 3924 2215 3970 et
2245 3913 2538 3985 perspicue
2566 3912 2773 3976 dicere,
2806 3919 2856 3966 et
2890 3911 3028 3965 nihil
3065 3911 3285 3965 interim
3324 3907 3550 3978 cognitu

1968 4007 2369 4072 necessarium,
2417 4004 2504 4060 vel
2550 4002 2846 4058 brevitatis
2895 4017 3061 4057 causa
3107 3999 3546 4072 pnelcrmittere,

1965 4114 2078 4154 non
2110 4100 2240 4155 item
2289 4099 2356 4153 ad
2402 4096 2755 4161 diverticula,
2789 4097 2872 4150 vel
2900 4095 2967 4150 ad
3000 4094 3267 4149 doctrinae
3305 4098 3551 4146 ostenta-

1966 4191 2170 4246 tionem
2217 4191 2428 4262 digredi
2473 4189 2600 4261 (nisi
2658 4190 2772 4244 haec
2817 4188 3048 4245 forsitan
3080 4200 3190 4240 non
3230 4185 3350 4240 sine
3396 4183 3548 4237 utili-

1923 4301 1926 4304 ’
1966 4290 2078 4339 tate
2128 4283 2542 4353 adhibeantur),
2579 4291 2636 4336 ut
2685 4281 3160 4352 percipinequeat
3211 4277 3357 4348 quod
3412 4291 3441 4328 a
3493 4290 3552 4328 re

1968 4376 2252 4445 proposita
2287 4373 2628 4439 discedatur,
2660 4374 2768 4428 hoc
2797 4382 2948 4428 certe
2983 4385 3095 4442 pra:
3131 4369 3344 4426 caeteris
3383 4367 3553 4420 rebus

289 4468 530 4520 omnibus
564 4480 595 4518 a
626 4467 778 4520 bono
812 4461 1166 4517 Theodoreto
1195 4461 1440 4518 studiose
1470 4471 1723 4516 curatum
1758 4471 1866 4528 cst,
1906 4480 2017 4520 non
2045 4470 2099 4522 in
2132 4469 2238 4523 hoc
2270 4469 2449 4523 solum
2481 4482 2669 4538 opere,
2693 4467 2788 4522 sed
2814 4465 2931 4520 fere
2960 4461 3196 4517 dixerim
3259 4460 3313 4513 in
3375 4456 3552 4512 omni-

287 4564 380 4617 b-Is
411 4560 530 4629 ejus
564 4560 816 4630 scriptis,
838 4555 974 4628 ’qua:
1004 4557 1176 4612 multa
1216 4572 1348 4612 sane
1385 4559 1630 4629 reliquit,
1655 4559 1858 4630 quibus
1895 4576 2111 4617 sacram
2151 4563 2510 4634 Scripturam,
2537 4561 2812 4618 industria
2843 4573 2944 4614 sua
2978 4555 3290 4611 illustravit.

1477 4765 1871 4833 DUODECIM
1925 4773 2382 4834 PROPHETzE'.

1243 4872 1594 4930 Tlreadoretus
1633 4879 1742 4947 ipse
1785 4881 1839 4934 in
1859 4882 2189 4954 Prwfatione
2220 4880 2287 4933 ad
2325 4879 2592 4933 Psalmos.

355 4967 472 5021 Τῶν
499 4969 680 5023 ἄλλων
695 4968 858 5022 θείων
875 4969 1103 5042 γραφῶν
1124 4969 1255 5039 παρί
1277 4970 1310 5039 ἡ
1319 4968 1434 5038 μῶν
1446 4968 1542 5031 τὰς
1565 4971 1859 5042 ἑρμηνείας

2035 4974 2281 5028 Aliorum
2311 4984 2600 5026 sacrorum
2625 4963 2970 5023 voluminum
2997 4961 3418 5035 explanationes
3449 4959 3518 5014 lla

300 5064 619 5134 αἰτήσαντες,
652 5065 702 5117 οἱ
733 5063 834 5134 μὲν
856 5063 951 5117 τοῦ
988 5063 1262 5134 ’ᾼσματος
1295 5061 1404 5114 τῶν
1431 5062 1708 5132 ᾁσματῶν,
1738 5065 1787 5116 οί
1806 5066 1863 5118 δὲ

299 5155 381 5208 τοῦ
396 5156 582 5226 ἀνδρὸς
597 5157 706 5210 τῶν
729 5156 1061 5227 ἐπιθυμιῶν,
1085 5156 1234 5210 ἄλλοι
1259 5155 1316 5208 δὲ
1334 5155 1430 5207 τοῦ
1449 5155 1736 5208 θεσπεσίου
1766 5158 1862 5208 Ἰε-

303 5242 488 5318 ζεκιῆλ,
519 5249 611 5302 καὶ
639 5249 818 5318 ἕτεροι
852 5245 963 5300 τῶν
1001 5247 1208 5300 δώδεκα
1236 5247 1532 5317 προφητῶν
1567 5247 1859 5317 ἐζήτησαν-

303 5339 385 5390 καὶ
406 5339 626 5394 δέδωκεν
647 5343 676 5393 ὁ
701 5340 812 5393 τῶν
833 5339 974 5393 ὅλων
998 5337 1129 5400 Θεὸς
1149 5338 1355 5391 τούτων
1377 5339 1540 5391 αὐτοῦ
1566 5338 1678 5391 τῶν
1705 5338 1863 5391 θείων

303 5427 458 5496 λόγων
487 5436 831 5505 συμπεραναι
863 5433 964 5504 τὴν
991 5433 1310 5504 ἑρμηνείαν.

1971 5064 2228 5133 gitantes,
2270 5062 2378 5117 alii.
2412 5058 2629 5114 Cantici
2678 5058 3060 5118 canticorum,
3104 5051 3197 5105 alii
3246 5049 3361 5104 Virl
3406 5048 3522 5104 desi

1969 5154 2274 5218 dcriorum,
2321 5153 2412 5206 alii
2465 5152 2638 5207 divini
2695 5148 3031 5209 Ezechielis,
3102 5144 3193 5198 alii
3255 5141 3548 5199 duodecim

1972 5244 2375 5315 PrOphetarum
2401 5243 2806 5313 expositionem
2844 5239 3197 5309 postularunt
3241 5253 3253 5288 :
3291 5231 3550 5300 deditque

1971 5338 2133 5392 nobis
2167 5337 2555 5392 universorum
2586 5333 2751 5394 Deus,
2780 5340 2840 5385 ut
2869 5329 3313 5385 Commentarios
3348 5326 3402 5378 in
3435 5323 3548 5377 hare

1972 5429 2149 5500 ipsius
2188 5429 2375 5482 divina
2407 5426 2631 5496 eloquia
2670 5425 2737 5478 ad
2781 5425 2941 5477 finem
2983 5423 3433 5492 perduceretuus.

1431 5544 1676 5607 Photius,
1714 5540 2056 5597 Bibiiothecw
2085 5541 2262 5594 codice
2300 5555 2418 5596 ccv.

379 5637 699 5713 Ἀνεγνὼσθη
725 5640 825 5694 τοῦ
858 5640 1028 5694 αὐτοῦ
1055 5642 1135 5704 εἰς
1163 5641 1290 5703 τοὺς
1313 5640 1522 5694 δώδεκα
1555 5641 1863 5710 προφήτας,

308 5725 359 5776 ἐν
381 5730 439 5797 τῇ
467 5731 596 5801 αὐτῇ
641 5733 752 5785 τῶν
807 5733 988 5799 λόγων
1030 5733 1286 5803 καλλονῇ,
1335 5735 1426 5785 καὶ
1464 5733 1560 5801 τῆς
1612 5731 1865 5796 διανοίας,

309 5816 730 5893 διεσκευασμένον
761 5826 991 5895 βιϐλίον,

2045 5636 2304 5706 Legimus
2328 5633 2573 5704 ejusdem
2607 5632 2659 5685 in
2685 5628 2974 5683 duodecim
3005 5623 3324 5692 Prophetas,
3357 5615 3544 5671 eadem

1976 5729 2239 5783 dictionis
2298 5737 2350 5782 et
2409 5724 2695 5781 sententia:
2753 5726 3040 5774 venustate
3099 5712 3422 5766 adornatum
3481 5706 3546 5764 li-

1975 5823 2149 5874 hrum.
