3940 6200
490 320 556 380 27
1477 319 1962 381 THEODORETI
1997 319 2334 381 EPISCOPI
2366 319 2731 382 CYRENSIS
3663 326 3747 392 28⁸

487 426 965 483 l‘Id.Sirm.Tom.ll.
1022 426 1112 477 Ed.
1138 427 1512 476 nova.Tom.li.
1588 427 1682 480 Ed.
1700 427 1844 475 Sirm.
1867 426 2004 475 Tom.
2035 427 2096 476 ll.
2166 428 2251 477 Ed.
2274 426 2540 476 nov.Tom.
2564 426 2624 474 Π.
2705 426 2795 476 Ed.
2817 423 3119 476 Sirnn'l‘om.
3142 424 3204 474 il.
3273 422 3490 475 ἔλιπον.
3521 425 3734 482 Tum".

490 494 602 554 I‘as-
837 489 932 555 an
1058 488 1174 550 reg.
1399 488 1650 555 19%?-
1946 488 2040 555 92.1.

2165 515 2225 524 -·
2507 488 2628 555 15559
2701 515 2763 525 -
3062 489 3153 555 9'33.
3276 512 3337 523 -’
3622 491 3741 555 ἓξὲῖι

494 546 584 590 ..⁷
839 549 936 597 909
1056 546 1151 584 -’
1394 547 1511 596 1651
1588 575 1649 585 -
1951 549 2045 598 9‘22
2167 575 2229 585 ο-
2508 548 2629 596 1659
2701 577 2763 586 --
3061 546 3156 597 9535
3275 571 3337 586 -ο
3618 550 3739 602 1675

501 642 546 653 _.
842 611 935 659 910
1059 635 1121 644 ——
1400 609 1517 656 1655
1591 636 1650 646 —
1951 609 2044 656 925

2167 637 2230 646 —
2508 608 2629 658 1651
2699 638 2763 649 --
3065 605 3157 657 956
3275 635 3340 647 —-
3622 611 3736 662 1677

486 703 550 716 ...
848 672 934 718 911
1075 697 1127 708 —-
1399 670 1521 718 165-1
1591 697 1656 706 —
1951 670 2043 718 921

2165 697 2227 710 ---
2504 671 2629 720 1955
2701 699 2762 709 —
3060 672 3149 720 957
3276 694 3337 709 -ο
3624 670 3739 721 1678

486 764 547 776 ...
841 732 937 780 91‘2
1058 758 1119 767 --
1403 732 1524 780 1656
1592 758 1654 769 -
1950 732 2044 781 925
2167 757 2229 767 —-
2507 731 2625 780 1657
2699 759 2759 770 —
3053 731 3148 780 958
3273 757 3336 770 -ο
3617 732 3739 782 1680

486 826 547 838 ....
847 793 939 841 915
1071 818 1120 827 --
1403 793 1520 841 1657
1592 818 1654 829 —-
1952 793 2044 840 926

2168 819 2230 830 ...
2509 793 2527 840 1
2537 791 2628 842 6ΰ9
2700 820 2762 830 -
3060 793 3155 840 959
3277 819 3339 837 -ι-
3618 792 3740 843 1682

490 886 546 898 ...
847 854 903 900 91
919 854 944 900 1
1063 875 1124 888 ε-
1405 854 1523 904 1659
1592 880 1655 889 —
1953 853 2043 900 927

2170 879 2232 890 ....
2509 852 2625 901 1661
2700 879 2762 891 —-
3061 854 3154 903 910
3277 879 3340 890 —-
3618 854 3738 904 1683

486 944 544 956 ...
844 914 937 962 915
1061 939 1123 950 —
1402 915 1518 963 1611
1593 940 1656 950 —
1954 913 2048 962 928
2170 939 2232 950 --
2509 914 2632 961 1662
2701 942 2766 953 —
3060 915 3151 964 911
3278 941 3340 952 —
3620 915 3741 964 1685

485 1008 545 1017 ...
842 974 937 1020 916
1065 999 1124 1010 --
1404 974 1523 1022 1612
1591 1000 1655 1011 -——
1953 975 2049 1021 929

2173 999 2231 1010 ..
2515 974 2633 1022 1661
2702 1001 2765 1013 —-
3059 976 3155 1024 912
3279 1003 3343 1015 —-
3620 975 3739 1025 1687

482 1067 546 1081 .-
841 1034 935 1082 917
1062 1061 1124 1071 —-
1402 1035 1522 1083 1611
1591 1062 1653 1071 —
1953 1035 2048 1091 950
2172 1060 2235 1071 -
2511 1034 2633 1083 1666
2703 1060 2767 1074 -ο
3064 1032 3156 1084 915
3278 1063 3341 1075 --
3618 1037 3740 1085 1688

484 1127 546 1137 ....
841 1094 936 1145 918
1061 1122 1122 1132 --
1401 1096 1522 1144 1615
1594 1122 1654 1133 -—
1951 1096 2039 1144 951

2168 1120 2231 1131 --
2510 1095 2632 1143 1668
2701 1122 2766 1134 --
3061 1098 3156 1146 911
3276 1129 3339 1143 ...
3619 1099 3741 1147 1690

483 1184 543 1198 ....
656 1178 663 1183 ι
842 1156 936 1203 919
1060 1182 1118 1192 -
1400 1156 1519 1204 1617
1591 1183 1654 1193 -—-
1949 1157 2045 1204 95?.

2169 1182 2230 1193 —-
2507 1155 2630 1203 1670
2701 1182 2762 1194 ——
3059 1159 3153 1208 915
3241 1162 3336 1194 '—-
3620 1158 3743 1206 1692

482 1246 543 1256 ...
837 1217 932 1264 920
1060 1243 1120 1255 --
1401 1217 1521 1265 1619
1591 1242 1655 1254 --
1947 1217 2041 1266 955

2163 1243 2228 1254 --
2506 1216 2630 1265 1672
2697 1242 2761 1253 ο·-
3060 1219 3154 1268 916
3277 1244 3342 1255 —-
3619 1220 3744 1269 1695

483 1424 557 1445 ἣ
570 1424 1712 1445 Μοῴ

915 1584 1214 1698 ΤΟΥ
1303 1571 2160 1699 ΜΑΚΑΡΙΟΥ¹
2281 1580 3300 1702 ΘΕΟΔΩΡΗΤΟΥ

1760 1793 2161 1851 ΕΠΙΣΚΟΠΟΥ
2232 1798 2472 1852 ΚΥΡΟΥ

1034 1957 1594 2050 ΕΡΜΗΝΕΙΑ
1646 1960 1818 2046 ΕΙΣ
1855 1963 2005 2047 ΤΟ
2032 1961 2099 2046 Α

2159 1963 2334 2052 LMA
2359 1963 2587 2051 ΤΩΝ
2618 1960 3170 2055 ΑΣΜΑΤΩΝ·

1307 2340 1479 2488 B.
1643 2231 2897 2493 THEODORETI

1776 2603 2099 2663 EPISCOPI,
2118 2602 2458 2661 CYRENSIS

775 2777 1551 2921 EXPLANATIO
1658 2778 1784 2865 IN
1901 2774 2509 2865 CANTICUM
2617 2772 3440 2867 CANTICORUM.

1730 2966 2018 3030 (Francisco
2036 2971 2076 3021 Ζ
2080 2969 2162 3023 ino
2179 2970 2462 3041 interprete)

2055 3151 2131 3168 μ

557 3277 600 3344 ι
639 3275 730 3329 Dei
766 3274 1133 3331 amantissimo
1161 3275 1401 3346 episcopo
1430 3274 1630 3331 Joanni
1664 3275 2042 3331 Theodoram.
2076 3280 2099 3338 Δ

2159 3274 2239 3341 Τῷ
2272 3275 2718 3344 Θεοφιλεστάτῳ
2741 3273 3047 3339 ἐπιδ-κόπῳ
3076 3271 3310 3342 Ἰωάννῃ
3338 3273 3735 3342 Θεοὸὠρητος.

550 3383 867 3440 Divinarum
902 3385 1311 3456 Scripturarum
1340 3386 1614 3456 expositio
1651 3400 1774 3440 cum
1805 3388 2049 3440 animum

479 3493 675 3546 purum
730 3488 896 3548 atque
936 3478 1003 3532 ob
1039 3479 1189 3533 omni
1242 3478 1455 3532 macula
1501 3477 1738 3532 alienum
1780 3478 2049 3546 requirit,

481 3582 593 3624 tum
644 3570 849 3631 mentis
900 3569 1093 3623 oculos
1148 3582 1337 3634 acres,
1387 3568 1483 3635 qui
1521 3575 1576 3623 et
1616 3582 1705 3623 res
1740 3569 1790 3637 2
1830 3569 2050 3623 divinas

482 3671 686 3731 queant
724 3660 1075 3729 perspicere,
1115 3666 1168 3714 et
1212 3659 1269 3713 in
1322 3657 1631 3727 penetralia
1685 3659 1927 3730 Spiritus
1962 3660 2048 3714 in-

481 3754 629 3823 gredi
666 3752 903 3805 audeant
933 3768 947 3805 :
983 3757 1099 3804 tum
1130 3749 1373 3821 linguam
1400 3749 1706 3820 ejusmodi,
1737 3767 1857 3822 qua:
1883 3752 2049 3806 menti

482 3842 783 3905 inserviat,
816 3840 1049 3910 ejusque
1092 3855 1315 3896 sensum
1355 3840 1592 3911 explicet
1627 3857 1729 3911 pro
1762 3842 2045 3910 dignitate.

483 3933 612 3987 Mihi
651 3946 778 3985 vero
813 3941 866 3986 et
896 3930 1114 3988 animus
1146 3946 1345 4003 magno
1385 3941 1738 4002 peccatorum
1778 3934 2049 3990 dedecore

425 4014 435 4029 '
484 4020 753 4091 premitur
782 4036 796 4071 :
828 4028 883 4076 et
918 4022 1119 4078 mentis
1152 4024 1299 4079 acies
1333 4024 1681 4093 negotiorum
1705 4065 1719 4089 ,
1752 4041 1874 4096 quae
1914 4026 2049 4080 mihi

482 4111 781 4168 commissa
816 4120 977 4177 sunt,
1020 4112 1172 4170 curis
1211 4114 1285 4167 ita
1326 4114 1757 4188 praestringitur,
1795 4124 1857 4171 ut
1895 4115 2047 4170 humi

483 4201 639 4255 aﬂlxa
673 4216 861 4258 sacras
892 4203 1130 4259 Litteras
1157 4212 1411 4259 accurate
1438 4213 1675 4276 nequeat
1706 4208 2048 4277 contempla-

484 4292 569 4346 ri:
600 4302 652 4348 et
686 4293 874 4365 lingua
907 4301 1088 4350 mente
1117 4295 1284 4351 etiam
1323 4304 1409 4352 est
1445 4297 1676 4354 inferior
1714 4313 1778 4354 ac
1817 4300 2047 4355 tardior.

485 4383 682 4437 Verum
718 4385 978 4455 quoniam
999 4392 1077 4451 tu,
1109 4382 1351 4441 Joannes
1386 4385 1747 4451 charissime,
1785 4391 2077 4465 przecepiﬁ

2240 3389 2304 3441 Ἡ
2345 3387 2451 3440 τῶν
2487 3387 2646 3439 θείων
2677 3386 2873 3454 λογίων
2913 3385 3171 3455 ἐξήγησις
3214 3386 3381 3441 δεῖται
3423 3388 3521 3454 μὲν
3555 3387 3738 3457 ψυχῆς

2157 3477 2593 3547 κεκαθαρμένης,
2657 3477 2750 3529 καὶ
2798 3475 2970 3545 ῥύπου
3016 3474 3217 3540 παντὸς
3263 3477 3734 3549 ἀπηλλαγμένης·

2152 3567 2322 3621 δεῖται
2347 3568 2403 3620 δὲ
2438 3568 2533 3620 καὶ
2570 3566 2809 3630 διανοίας
2839 3568 3246 3641 ὲπτερωμένης,
3271 3571 3365 3624 καὶ
3397 3570 3637 3642 καθορᾷν
3665 3571 3738 3623 τά

2157 3657 2275 3711 θεῖα
2321 3656 2661 3728 δυναμένης,
2710 3657 3137 3730 κατατολμώσης
3201 3658 3311 3713 τῶν
3365 3659 3574 3713 άδύτων
3638 3662 3735 3714 τοῦ

2161 3748 2474 3819 Πνεύματος
2493 3765 2505 3779 ·
2536 3745 2723 3820 χρῄζει
2763 3748 2818 3801 δὲ
2853 3748 2945 3802 καὶ
2972 3749 3217 3821 γλώττης
3258 3749 3638 3820 ὐπουργούσης
3664 3753 3735 3821 τῇ

2154 3839 2380 3910 διανοίᾳ,
2423 3838 2518 3893 καὶ
2554 3838 2653 3910 τὴν
2681 3839 2896 3910 ἐκείνης
2939 3838 3168 3912 Θεωρίαν
3208 3838 3372 3906 ἀξίως
3407 3840 3739 3912 ἐρμηνευού-

2157 3947 2274 3999 σης.
2316 3932 2467 4001 Ἐμοὶ
2505 3930 2564 3983 δὲ
2605 3928 2869 4001 καὶψυχὴ
2904 3930 3071 3984 πολὺν
3109 3932 3521 4002 ἁμαρτημάτων
3562 3949 3737 4002 φορυ-

2152 4020 2245 4073 τὺν
2295 4021 2687 4091 περικειμένη,
2731 4022 2825 4074 καὶ
2871 4021 3145 4091 φροντίσιν
3196 4014 3270 4074 ὧν
3319 4021 3736 4092 ἐγκεχείρισμαι

2155 4110 2494 4181 πραγμάτων
2544 4111 2951 4182 βεϐαπτισμένη
2991 4111 3214 4176 διάνοια,
3272 4114 3366 4166 καὶ
3414 4113 3503 4166 διὰ
3559 4112 3737 4166 ταῦτα

2155 4203 2384 4274 ταπεινὴ
2412 4202 2504 4256 καὶ
2547 4203 2900 4276 χαμαίζηλος,
2948 4204 3043 4257 καὶ
3085 4204 3440 4257 κατοπτεύειν
3488 4203 3737 4274 ἀκριϐῶς

2154 4293 2222 4347 τὰ
2255 4294 2374 4347 ϐεῖα
2399 4294 2473 4365 μή
2497 4293 2967 4363 δυναμένηλόγια,
2999 4294 3093 4347 καὶ
3122 4292 3258 4362 πρὸς
3286 4294 3494 4355 τούτοις
3517 4292 3735 4361 γλῶττα

2156 4385 2253 4454 τῆς
2294 4384 2530 4448 διανοίας
2580 4383 2887 4455 νωθεστέρα
2930 4384 3023 4437 καῖ⁵
3056 4383 3379 4456 βραδυτέρα.
3423 4382 3640 4452 Ἐπειδὴ
3674 4384 3735 4435 δὲ

481 4474 553 4529 sti
606 4482 665 4529 ut
706 4474 920 4532 Cantici
947 4477 1292 4531 canticorum
1329 4476 1531 4532 librum
1561 4478 1971 4549 interpretarer,
1998 4488 2053 4535 et

2159 4476 2514 4546 προσέταξας,
2562 4470 2606 4531 ὦ
2638 4475 2764 4546 φίλη
2797 4493 2886 4546 μοι
2926 4476 3158 4546 κεφαλὴ,
3196 4475 3288 4529 τοῦ
3318 4476 3593 4546 ’ᾼσματος
3623 4474 3734 4527 τῶν
3834 4532 3845 4541 ο

480 4584 602 4637 qua:
631 4569 869 4625 obscure
900 4584 965 4624 ac
996 4571 1230 4642 mystice
1268 4568 1415 4624 dicta
1454 4578 1582 4626 sunt
1601 4567 1643 4635 ,⁴’
1662 4572 1950 4641 perspicue
1988 4584 2052 4627 ac

2159 4567 2416 4638 ᾀσμάτων
2446 4566 2780 4638 ἑρμηνεῦσαι
2810 4567 2906 4638 τὴν
2941 4567 3140 4638 βίϐλον,
3190 4566 3282 4620 καὶ
3318 4566 3425 4621 τῶν
3471 4567 3733 4635 αἰνιγμα-

485 4658 643 4725 plane
670 4656 1011 4713 declararem
1035 4699 1050 4725 ,
1085 4674 1152 4715 ea
1185 4674 1307 4730 quae
1343 4659 1492 4716 vires
1528 4666 1749 4717 nostras
1789 4671 2055 4730 superant
2088 4643 2099 4697 ¹

2159 4658 2337 4722 τωδῶς
2370 4660 2463 4712 καὶ
2495 4659 2770 4728 μυστικῶς
2802 4658 3104 4729 εἰρημένων
3128 4658 3271 4728 σαφῆ
3316 4656 3404 4710 καὶ
3430 4656 3595 4727 δήλην
3631 4655 3733 4727 τὴν

484 4749 723 4817 aggressi
786 4764 1029 4804 sumus:
1083 4750 1336 4818 quamvis
1389 4750 1888 4807 innumerabilibus
1937 4759 2051 4807 tum

2159 4745 2387 4800 διάνοιαν
2438 4745 2635 4812 δεῖξαι,
2687 4746 3172 4817 κατετολμήκαμεν
3204 4747 3225 4777 ¹
3256 4745 3364 4799 τῶν
3404 4744 3544 4816 ὑπὲρ
3572 4743 3732 4797 δύνα-

487 4837 741 4901 nrbanis,
796 4848 909 4890 tum
965 4840 1300 4905 rusticanis,
1354 4847 1467 4894 tum
1514 4841 1887 4904 militaribus,
1940 4850 2053 4897 tum

2159 4856 2271 4909 μιν,
2313 4840 2406 4893 καὶ
2428 4838 2600 4895 ταῦτα
2631 4839 2851 4911 μυρίαις
2889 4840 3137 4901 ἀστικαῖς
3166 4855 3225 4892 τε
3261 4839 3355 4892 καὶ
3387 4841 3729 4908 χωριτικαῖς,

484 4927 736 4983 civilibus
755 4969 770 4991 ,
804 4936 918 4982 tum
947 4928 1015 4982 ad
1041 4927 1346 4984 Ecclesiam
1370 4972 1385 4997 ,
1414 4940 1526 4985 tum
1558 4931 1626 4986 ad
1659 4934 2054 5002 rempublicam

2160 4933 2574 5000 στρατιωτικαῖς
2600 4947 2656 4983 τε
2695 4929 2790 4983 καὶ
2818 4929 3140 4993 πολιτικαῖς,
3166 4930 3647 5000 ἐκκλησιαστικαῖς
3671 4947 3729 4982 τε

485 5019 885 5088 pertinentibus
931 5019 1386 5089 occupationibus
1435 5022 1684 5078 distracti
1736 5025 1950 5080 simus:
1998 5034 2055 5079 et

2159 5021 2247 5074 καὶ
2296 5023 2502 5085 κοιναῖς
2553 5020 2930 5092 περιεχόμενοι
2974 5020 3252 5091 φροντίσιο
3294 5022 3386 5075 τόν
3427 5038 3486 5073 τε
3516 5021 3537 5051 ³
3569 5019 3730 5090 βυθὸν

485 5117 641 5164 vasto
670 5111 863 5181 pelago
908 5124 1010 5165 nos
1037 5110 1450 5172 commisimus,
1482 5119 1542 5164 ut
1574 5113 1631 5166 in
1665 5113 1864 5170 littera:
1922 5132 2048 5187 pro-

2159 5108 2245 5162 τοῦ
2276 5110 2546 5177 πελάγους
2566 5108 3079 5182 κατεθαρρήσαμεν,
3109 5110 3204 5164 καὶ
3235 5112 3314 5175 είς
3348 5111 3410 5164 τὺ
3440 5111 3602 5181 βάθος
3631 5109 3728 5163 τοῦ

486 5203 808 5258 {auiditatem
840 5201 1238 5258 descendentes
1261 5242 1276 5267 ,
1310 5201 1407 5255 tibi
1437 5201 1811 5271 intelligentiae
1835 5220 2043 5275 marga-

486 5292 648 5347 ritam
700 5294 1136 5348 extraheremus.
1172 5291 1363 5360 Neque
1395 5304 1525 5347 vero
1559 5292 1739 5347 oleum
1771 5310 1866 5350 ore
1899 5311 2049 5350 sum-

486 5383 729 5451 psimus.
764 5385 927 5454 cujus
964 5382 1168 5438 auxilio
1197 5389 1457 5460 tanquam
1490 5381 1701 5437 factitio
1739 5384 1943 5440 lumine
1981 5386 2049 5440 ad

487 5473 922 5546 investigandum
954 5481 1277 5530 uteremur:
1332 5472 1425 5528 sed
1461 5473 1767 5529 orationem
1818 5489 1881 5530 ac
1919 5492 2043 5546 pre-

2151 5202 2478 5272 γράμματος
2505 5202 2807 5273 καταϐῆναι
2831 5202 3264 5273 τετολμήκαμεν,
3289 5201 3377 5254 ἵνα
3404 5208 3486 5254 σοι
3516 5201 3606 5255 τὸν
3630 5197 3726 5254 τοῦ

2150 5294 2419 5362 νοήματος
2467 5292 2847 5364 ἀνενέγκωμεν
2898 5293 3257 5367 μαργαρίτην.
3320 5292 3617 5365 Ἐλάδομεν
3666 5294 3724 5348 δὲ

2148 5384 2248 5437 οὐκ
2286 5383 2461 5437 ἔλαιον
2510 5383 2568 5436 ἐν
2618 5382 2696 5454 τῷ
2739 5386 2984 5456 στόματι,
3012 5386 3183 5449 ῖνέίς
3219 5385 3443 5455 ἔρευναν
3488 5386 3582 5438 τοῦ
3625 5384 3725 5455 ζη-

2151 5474 2411 5544 τουμένου
2468 5472 2710 5544 συνεργῷ
2778 5477 3069 5547 χρήσωμαι
3144 5476 3502 5548 χειροποιήτῳ
3561 5473 3723 5545 φωτὶ,

1768 5589 1997 5643 νΑιιιίΕ
2041 5588 2440 5645 LECTIONES.

556 5696 577 5731 ⁸
608 5700 737 5763 Cod.
768 5702 994 5772 August.
1034 5704 1473 5769 μακαριωτάτου.
1542 5706 1561 5736 ²
1589 5703 1719 5759 Cod.
1771 5705 2273 5772 κατετολμήταμεν.
2374 5708 2391 5738 ³
2423 5722 2501 5759 τε.
2536 5704 2663 5760 Des.
2703 5705 2757 5760 in
2787 5704 2911 5760 cod.
