3940 6200
420 292 488 360 31
1442 301 1930 361 THEODORETI
1957 300 2297 361 EPISCOPI
2324 299 2692 361 CYRENSIS
3609 297 3689 363 32

424 404 595 461 divini
638 403 877 475 Spiritus
920 405 1133 461 fructus
1170 415 1255 461 est
1302 408 1680 474 continentia,
1731 409 1992 464 diabolici

2108 410 2529 480 συγγράμματα,
2572 410 2633 463 οὐ
2684 408 2778 463 τοῦ
2827 407 2971 461 θείου
3020 406 3357 478 Πνεύματος,
3405 407 3540 464 ἀλλά
3586 410 3684 464 τοῦ

425 496 674 568 profecto
725 507 807 562 cst
857 497 1279 553 incontinentia.
1338 498 1756 555 lncontincntia:
1809 511 1993 556 autem

427 598 808 659 argumentum
833 605 901 643 ex
933 590 1202 645 sententia
1230 601 1411 646 vestra
1441 594 1830 665 complectitur
1854 596 1997 651 Can-

423 678 593 732 ticum
621 678 986 735 canticorum.
1014 678 1259 734 Cernitis
1291 696 1420 752 ergo
1449 684 1877 751 quo‘maledicta
1904 700 1999 740 ve-

426 777 538 822 stra
570 769 936 837 perveniant?
966 768 1337 833 Contumelia,
1371 786 1479 841 qua
1516 773 1718 828 librum
1748 772 1994 838 adicitis,

427 860 601 914 tendit
635 859 688 912 in
723 858 988 924 Spiritum
1018 869 1293 916 sanctum.
1326 862 1502 933 Hujus
1524 866 1671 920 enim
1706 867 1884 936 gratia
1914 881 2002 921 re-

428 950 611 1022 pletus
655 951 847 1006 beatus
890 949 1096 1009 Esdras
1144 954 1346 1010 librum
1392 957 1657 1011 amissum
1688 997 1704 1024 ,
1744 968 1805 1013 ut
1861 958 2002 1014 dixi-

427 1056 586 1108 mus,
617 1042 918 1097 renovavit.
951 1042 1110 1110 Quod
1140 1060 1268 1100 cum
1300 1047 1446 1103 beati
1481 1047 1674 1105 Patres
1706 1064 1814 1104 non
1848 1050 2004 1120 igno-

426 1141 648 1197 rarent,
679 1147 807 1188 eum
842 1134 899 1188 in
943 1151 1228 1191 sacrarum
1268 1137 1677 1210 Scripturarum
1711 1156 2003 1197 numerum

426 1223 758 1278 retulerunt.
805 1226 948 1292 Quin
991 1230 1156 1283 etiam
1206 1230 1366 1285 multi
1410 1247 1477 1286 ex
1523 1233 1803 1289 veteribus
1848 1234 2002 1289 illum

428 1315 838 1371 commentariis
869 1324 925 1371 et
957 1317 1505 1390 interpretationibus
1537 1323 1883 1380 illustrarunt
1910 1344 1924 1380 :
1953 1333 2005 1381 et

426 1405 521 1474 qui
564 1405 825 1478 deinceps
859 1425 967 1463 non
1018 1421 1148 1465 sunt
1177 1412 1553 1482 interpretati,
1588 1415 1639 1486 5
1668 1416 1788 1484 ejus
1822 1424 2006 1472 tamen

430 1497 720 1553 sententiis
746 1500 950 1569 scripta
973 1516 1070 1556 sua
1096 1503 1450 1559 decorarunt.
1479 1502 1590 1560 Nec
1623 1508 1799 1561 solum
1831 1506 2003 1564 Euse-

427 1588 554 1644 bius
580 1588 928 1655 Palmstinus,
955 1603 1010 1648 et
1033 1591 1299 1663 Origenes
1326 1595 1640 1668 Egyptius,
1674 1607 1727 1654 et
1757 1601 2008 1671 martyrii

429 1694 633 1734 corona
664 1682 952 1738 redimitus
980 1682 1290 1756 Cyprianus
1315 1687 1791 1759 Carthaginensis,
1829 1700 1882 1746 et
1919 1691 2007 1747 his

427 1771 806 1843 antiquiores,
859 1776 1247 1847 apostolisque
1289 1780 1718 1851 propinquiores
1757 1800 1773 1836 :
1813 1797 2005 1840 verum

428 1863 594 1917 etiam
621 1865 713 1934 qui
745 1875 868 1935 post
901 1869 956 1922 in
987 1869 1243 1926 ecclesiis
1273 1873 1620 1942 excelluere,
1652 1891 1882 1946 magnus
1914 1876 2006 1933 ille

428 1951 671 2011 Basilius
714 1955 1139 2015 Proverbiorum
1192 1962 1527 2034 principium
1581 1981 1894 2037 exponens,
1949 1975 2006 2023 et

431 2052 668 2113 uterque
698 2045 1037 2119 Gregorius,
1075 2067 1308 2122 quorum
1350 2056 1486 2111 alter
1531 2058 1835 2129 sanguine,
1867 2058 2008 2114 alter

432 2136 677 2191 amicitia
720 2136 923 2195 Basilio
953 2143 1289 2213 coniunctus
1312 2142 1448 2214 fuit,
1474 2154 1528 2202 et
1560 2147 1719 2205 fortis
1762 2150 1854 2206 ille
1888 2151 2008 2221 pie-

432 2229 569 2284 tatis
597 2239 976 2302 propugnator
1005 2233 1281 2293 Diodorus
1304 2275 1320 2303 ,
1373 2245 1430 2293 et
1466 2237 1743 2308 Joannes,
1794 2242 1888 2312 qui
1937 2241 2007 2297 ad

433 2321 583 2374 hunc
616 2336 790 2392 usque
821 2323 966 2379 diem
994 2324 1261 2383 doctrinae
1293 2328 1516 2385 ﬂuentis
1548 2331 1743 2404 irrigat
1776 2334 2007 2390 univer-

433 2423 555 2464 squ
584 2410 773 2465 orbem
803 2420 1072 2469 terrarum
1095 2455 1112 2481 ,
1144 2423 1200 2472 et
1226 2417 1470 2487 denique
1491 2459 1507 2482 ,
1542 2428 1606 2475 ut
1640 2422 1829 2491 paucis
1851 2426 2006 2478 ‘rem

433 2502 806 2572 complectens
825 2506 1117 2562 consulam
1146 2509 1438 2575 brevitati,
1468 2513 1562 2583 qui
1597 2519 1786 2583 postea
1816 2512 2004 2581 fuere,

431 2593 635 2648 librum
682 2595 827 2651 hunc
870 2611 1065 2653 omnes
1108 2600 1450 2670 spiritualem
1485 2618 1613 2660 esse
1644 2613 2005 2660 censuerunt.

430 2682 564 2749 Quae
587 2700 712 2740 cum
737 2688 812 2742 ita
839 2703 898 2744 se
926 2687 1165 2745 habeant
1183 2733 1198 2757 ,
1225 2692 1666 2759 consideremus,
1696 2710 1763 2750 an
1789 2710 2006 2765 aequum

432 2777 527 2842 sit,
558 2786 618 2833 ut
651 2785 735 2833 tot
769 2781 1053 2850 tantisque
1081 2783 1218 2839 viris
1247 2784 1542 2855 despectis,
1580 2795 2009 2859 contemptoque

432 2873 553 2941 ipso
583 2871 794 2944 Spiritu
831 2884 1061 2943 sancto,
1102 2879 1357 2947 praprias
1401 2879 1692 2950 opiniones
1723 2892 2011 2939 consecte-

431 2980 578 3030 ntur,
616 2981 724 3021 non
758 2967 1049 3024 audientes
1079 2983 1228 3035 eum,
1261 2970 1355 3039 qui
1385 2972 1648 3041 praeclare
1662 2973 1801 3028 dicit
1828 2993 1873 3029 ε(
1903 2974 2010 3031 Co-

2101 500 2344 554 ἐναντίου
2386 501 2712 571 πνεύματος.
2756 519 2774 552 t
2821 501 2878 553 '0
2910 497 3019 570 γὰρ
3057 498 3268 568 καρπὸς
3302 498 3393 552 τοῦ
3435 500 3687 573 Πνεύμα-

2100 610 2210 659 τος,
2253 594 2391 647 κατά
2431 595 2523 647 τδν
2564 593 2834 666 μακάριον
2877 590 3113 655 Παῦλον,
3158 592 3368 661 ἀγάπη,
3405 591 3571 662 χαρὰ,
3608 593 3686 645 εἰ·

2104 684 2261 756 ρήνη,
2298 685 2668 756 μακροθυμία,
2712 683 3035 755 χρηστότης,
3068 680 3415 751 ἀγαθωσύνη,
3467 682 3685 745 πίστις,

2102 775 2365 847 πραότης,
2412 775 2726 847 ἐγκράτεια.
2763 793 2781 827 t
2812 776 2876 828 Εί
2918 774 2977 828 δὲ
3023 774 3117 827 τοῦ
3172 773 3317 827 θείου
3365 773 3687 843 Πνεύματος

2102 868 2311 940 καρπὸς
2332 870 2365 939 η
2385 869 2699 940 ἐγκράτεια,
2718 865 2812 921 τοῦ
2834 866 3074 920 ἐναντίου
3094 865 3332 936 δηλονότι
3357 866 3390 936 ἡ
3418 864 3683 936 ἀκρασίαι

2104 958 2374 1030 ἀκρασίας
2405 958 2462 1012 δὲ
2481 958 2758 1022 ὑπόθεσιν,
2791 956 2866 1021 ὥς
2897 973 3055 1026 φατε,
3085 954 3327 1026 περιέχει
3354 951 3449 1007 τοῦ
3477 951 3681 1023 ’ᾼσμα-

2103 1067 2195 1115 τος
2227 1049 2335 1104 τῶν
2364 1050 2631 1121 ᾀσμάτων
2660 1049 2722 1104 τὸ
2754 1048 3114 1121 σύγγραμμα.
3151 1047 3345 1118 Ὁρᾶτε
3378 1045 3559 1100 τοίνυν
3584 1041 3690 1098 ποῦ

2104 1143 2176 1197 τὰ
2200 1142 2302 1213 τῆς
2334 1141 2682 1214 βλασφημίας
2703 1143 2890 1214 χωρεῖ;
2931 1140 3087 1197 Κατά
3136 1141 3247 1211 γάρ
3290 1138 3384 1192 τοῦ
3423 1137 3689 1205 παναγίου

2107 1233 2424 1305 Πνεύματος
2470 1236 2505 1305 ἡ
2552 1232 2694 1287 κατά
2734 1232 2829 1286 τοῦ
2875 1232 3079 1303 βιϐλίου
3125 1232 3361 1300 λοιδορία
3402 1230 3691 1301 τολμᾶται.

2106 1329 2218 1397 Τῆς
2267 1327 2377 1401 γὰρ
2419 1326 2612 1380 τούτου
2669 1327 2889 1398 χάριτος
2944 1323 3279 1396 ἐμπλησθεὶς
3339 1324 3368 1376 6
3419 1321 3690 1393 μακάριος

2111 1422 2344 1495 Ἔσδρας
2374 1419 2691 1492 διαφθαρὲν,
2726 1418 2801 1484 ὡς
2844 1416 3071 1489 ἔφαμεν,
3114 1415 3178 1469 τὸ
3222 1414 3422 1486 βιϐλίον
3464 1410 3691 1468 ἀνενεώ-

2108 1530 2241 1567 σατο
2258 1529 2273 1544 ⁸
2298 1511 2394 1566 καὶ
2423 1511 2582 1566 τοῦτο
2615 1509 2914 1573 συνειδότες
2936 1510 2985 1562 oi
3015 1508 3274 1581 μακάριοι
3300 1506 3545 1575 Πατέρες
3569 1507 3692 1568 ταῖς

2108 1602 2282 1666 θείαις
2318 1603 2450 1657 αὐτὸ
2497 1603 2742 1673 Γραφαῖς
2785 1599 3161 1668 συντετάχασι.
3210 1595 3400 1651 Πολλοὶ
3456 1594 3512 1648 δὲ
3556 1594 3692 1648 αὐτὸ

2107 1693 2217 1748 τῶν
2244 1692 2488 1748 παλαιῶν
2520 1692 2614 1745 καὶ
2650 1690 3059 1763 ἠρμηνεύκασιν
3078 1706 3092 1720 ’
3124 1690 3172 1742 οἰ
3211 1688 3267 1741 δὲ
3305 1686 3462 1741 τοῦτο
3490 1684 3692 1755 ἐφεξῆς

2111 1784 2188 1856 μὴ
2222 1783 2606 1854 πεποιηκότες,
2628 1785 2748 1847 ταῖς
2775 1780 2982 1836 ἐκεῖθεν
3005 1781 3234 1851 χρήσεσι
3270 1777 3339 1831 τὰ
3368 1779 3544 1830 οἰκεῖα
3569 1791 3695 1843 συγ-

2106 1876 2407 1948 γράμματα
2431 1873 2873 1944 κατεκόσμησαν.
2911 1872 3020 1927 Καὶ
3050 1871 3112 1925 οὐ
3154 1868 3313 1941 μόνον
3364 1865 3625 1930 Εὐσέϐιος
3667 1868 3697 1919 6

2108 1966 2495 2034 Παλαιστινὸς,
2541 1967 2635 2020 καὶ
2675 1964 2958 2035 Ὦριγένης
3001 1963 3031 2016 6
3076 1959 3395 2032 Αἰγύπτιος,
3440 1959 3531 2012 καὶ
3582 1959 3699 2011 Ku-

2106 2056 2334 2130 πριανὸς
2360 2057 2390 2110 6
2425 2053 2813 2126 Καρχηδόνιος,
2843 2054 2880 2117 ⁴ό
2907 2051 3003 2105 καὶ
3043 2049 3136 2104 τοῦ
3168 2047 3469 2121 μαρτυρίου
3504 2045 3699 2115 στέφα-

2107 2165 2196 2203 νον
2236 2145 2662 2216 ἀναδησάμενος,
2687 2143 2783 2197 καὶ
2825 2142 2875 2195 οἱ
2923 2140 3127 2195 τούτων
3168 2137 3554 2208 παλαιότεροι,
3598 2137 3698 2189 καὶ

2107 2238 2216 2293 τῶν
2245 2236 2561 2292 ἀποστόλων
2592 2233 2977 2306 πλησιέστεροι
2996 2247 3011 2262 ⁶
3035 2230 3171 2285 ἀλλά
3202 2230 3296 2286 καὶ
3329 2229 3379 2282 oi
3416 2225 3531 2299 μετ’
3559 2222 3698 2279 ὲκεί-

2109 2348 2234 2395 νους
2261 2331 2319 2385 ἐν
2344 2331 2465 2393 ταῖς
2496 2325 2847 2397 Ἑκκλησίαις
2868 2322 3300 2395 διαπρέψαντες,ι
3322 2317 3698 2391 πνευματικὸν

2109 2422 2353 2490 ἔγνωσαν
2382 2420 2442 2474 τὸ
2473 2418 2696 2490 βιϐλίον,
2726 2415 3007 2479 Βασίλειός
3040 2431 3100 2468 τε
3120 2416 3148 2468 6
3183 2414 3357 2485 μέγας
3391 2411 3491 2480 τὴν
3518 2407 3698 2480 ἀρχὴν

2053 2550 2060 2558 -
2107 2512 2217 2567 τῶν
2244 2508 2557 2582 Παροιμιῶν
2591 2507 2930 2579 ἑρμηνεύων,
2960 2505 3055 2559 καλ⁹
3086 2503 3384 2577 Γρηγόριος
3411 2500 3696 2570 ἐκάτερος,

2108 2604 2139 2656 6
2174 2602 2273 2674 μὲν
2307 2602 2407 2673 τὴν
2436 2598 2645 2654 ἐκείνου
2686 2598 3026 2668 συγγένειαν,
3055 2596 3083 2648 6
3132 2596 3190 2647 δὲ
3228 2593 3326 2665 τὴν
3375 2590 3559 2661 φιλίαν
3606 2590 3703 2644 αὖ·

2108 2694 2242 2766 χῶν,
2298 2694 2392 2747 καὶ
2440 2692 2704 2763 Διόδωρος
2750 2691 2779 2743 6
2806 2690 3053 2760 γενναῖος
3100 2687 3199 2756 τῆς
3238 2682 3520 2746 εὐσεϐείας
3563 2682 3700 2751 πρό·

2114 2800 2284 2857 μαχος
2302 2803 2315 2816 ·
2344 2784 2439 2838 καὶ
2477 2783 2731 2852 Ἰωάννης
2758 2783 2786 2835 6
2816 2783 2928 2844 τοῖς
2961 2778 3196 2851 ῥεύμασι
3222 2775 3322 2842 τῆς
3345 2771 3700 2836 διδασκαλίας

2114 2877 2275 2950 μέχρι
2306 2876 2400 2930 καὶ
2438 2876 2677 2946 τήμερον
2715 2874 2894 2927 πᾶσαν
2933 2870 3032 2942 τὴν
3064 2868 3390 2940 οἰκουμένην
3429 2864 3698 2936 ἀρδεύων,

2110 2970 2205 3022 καὶ
2230 2968 2282 3020 οἱ
2328 2968 2444 3037 μετ’
2472 2966 2712 3030 ἐκείνους
2739 2967 2783 2997 ¹¹
2815 2965 3055 3027 ἅπαντες
3078 3003 3093 3026 ,
3140 2962 3228 3015 ἵνα
3272 2957 3507 3013 συνελὼν
3532 2957 3700 3020 εἴπω,

432 3057 727 3128 gitationes
754 3060 1076 3114 mortalium
1109 3059 1348 3124 timidte,
1376 3070 1431 3116 et
1460 3062 1685 3119 incerta:
1714 3066 2006 3135 providen-

2111 3060 2206 3114 καὶ
2242 3058 2336 3113 τοῦ
2365 3058 2524 3128 λόγου
2558 3055 2804 3126 διαφύγω
2837 3055 2897 3108 τὸ
2929 3056 3122 3126 μῆκος.
3155 3050 3463 3155 Συνίδωμεν
3496 3048 3700 3153 τοίνυν,

432 3151 521 3205 tia:
553 3150 799 3220 ipsarum
832 3162 853 3191 ε
879 3170 895 3220 ;
924 3172 942 3204 ι
969 3161 1024 3208 ει
1056 3154 1274 3209 beatum
1305 3155 1535 3210 Paulum
1572 3156 1641 3211 de
1670 3156 2006 3226 quibusdam

432 3243 505 3297 ita
535 3243 886 3312 loquentem:
913 3246 1302 3301 «Evanuerunt
1323 3246 1375 3301 in
1405 3247 1842 3317 cogitationibus
1868 3250 2009 3314 suis,

431 3342 487 3389 et
518 3334 873 3390 obscuratum
903 3344 990 3393 est
1018 3336 1291 3407 insipiens
1318 3351 1417 3392 cor
1459 3338 1712 3406 ipsorum
1755 3337 1809 3391 τι.
1850 3356 1871 3391 ι
1899 3337 2013 3395 Nos

432 3426 600 3498 igitur
629 3443 755 3483 cum
802 3428 963 3484 beato
991 3427 1158 3484 Petro
1209 3428 1285 3483 ita
1335 3428 1682 3485 clamemus:
1727 3446 1746 3480 ι
1777 3426 2013 3486 Obedire

431 3526 651 3586 oportet
687 3517 795 3573 Deo
845 3519 1023 3588 magis
1073 3533 1239 3588 quam
1271 3518 1593 3575 hominibus
1630 3530 1674 3572 ο.
1706 3537 1726 3571 ι
1756 3520 2012 3577 Dicamus

433 3608 566 3662 item
607 3608 674 3662 ad
718 3608 877 3664 illos:
908 3626 925 3659 ι
958 3608 1039 3662 An
1078 3607 1288 3677 justum
1334 3609 1406 3665 sit
1448 3608 1503 3663 in
1548 3618 1846 3681 conspectu
1878 3610 2008 3676 Dei,

432 3710 532 3751 vos
556 3698 738 3767 potius
760 3697 953 3755 audire
970 3741 986 3767 ,
1012 3713 1176 3769 quam
1201 3698 1368 3755 Deum
1386 3741 1399 3763 ,
1422 3699 1671 3769 iudicate
1695 3719 1709 3755 :
1737 3716 1839 3757 nos
1863 3702 2010 3756 enim

433 3801 542 3843 non
587 3802 923 3858 possumus,
965 3805 1089 3861 qua:
1132 3789 1377 3846 vidimus
1423 3806 1523 3862 per
1568 3790 1837 3861 Spiritum
1882 3807 2014 3849 san-

433 3887 617 3944 ctum,
648 3889 702 3936 et
730 3880 1079 3950 audivimus,
1108 3896 1219 3937 non
1253 3880 1402 3952 loqui
1439 3880 1485 3938 ΐ.
1520 3901 1538 3934 ι
1567 3880 1770 3938 Verum
1816 3898 1886 3940 ne
1909 3899 2010 3939 no-

432 3970 519 4025 bis
545 3979 758 4026 tantum
783 3974 1094 4039 consulere,
1120 3973 1475 4031 adversarios
1502 3982 1687 4029 autem
1717 3975 2006 4047 negligere

431 4059 738 4127 videamur,
780 4077 899 4133 age,
929 4061 1075 4119 unde
1127 4064 1304 4120 morbi
1355 4064 1706 4120 occasionem
1754 4064 2007 4134 arripue-

433 4149 578 4217 rint,
617 4152 1046 4224 investigemus,
1082 4163 1137 4210 et
1167 4154 1435 4210 medelam
1472 4155 1608 4225 ipsis
1628 4194 1644 4220 ,
1676 4155 1858 4224 quoad
1890 4153 2005 4209 ﬁeri

432 4250 652 4313 potest,
682 4244 738 4315 6
764 4260 829 4300 ex
860 4246 1036 4303 sacris
1068 4246 1373 4318 Scripturis
1403 4248 1723 4305 aderamus.

2110 3151 2163 3204 εί
2189 3149 2395 3203 δίκαιον
2423 3146 2711 3211 τοσούτους
2737 3144 2830 3199 καὶ
2853 3143 3132 3206 τοιούτους
3155 3140 3351 3211 ἄνδρας
3377 3137 3705 3193 διαπτύσαν-

2109 3259 2228 3306 τας,
2257 3241 2354 3295 καὶ
2392 3238 2558 3295 αὑτοῦ
2614 3238 2671 3291 δὲ
2717 3236 2812 3292 τοῦ
2869 3234 3136 3305 παναγίου
3183 3232 3703 3305 καταφρονήσαντας

2110 3334 2449 3404 Πνεύματος,
2470 3333 2591 3396 ταῖς
2615 3329 2842 3393 οἰκείαις
2869 3326 3100 3390 ἐννοίαις
3119 3324 3449 3389 ἀκολουθεῖν,
3479 3321 3555 3392 μὴ
3586 3336 3703 3372 πει·

2113 3425 2369 3496 θομένους
2397 3421 2474 3494 τῷ
2526 3420 2707 3484 καλῶς
2736 3420 3004 3491 εἰρηκότιο
3033 3437 3054 3470 ‹
3092 3415 3359 3487 Δογισμοὶ
3395 3410 3702 3485 ἀνθρώπων

2114 3516 2311 3583 δειλοὶ,
2367 3517 2462 3570 καὶ
2508 3513 2828 3584 ἐπισφαλεῖς
2870 3513 2928 3566 αί
2968 3510 3204 3565 ἐπίνοιαι
3262 3505 3476 3561 αὐτῶν·
3518 3523 3536 3555 ι
3566 3501 3702 3574 μηδέ

2112 3605 2408 3669 ἀκούοντας
2428 3604 2522 3659 τοῦ
2556 3604 2827 3676 μακαρίου
2854 3600 3068 3656 Παύλου
3087 3597 3214 3668 περί
3240 3613 3400 3650 τινων
3418 3595 3696 3662 λέγοντος,

2112 3701 2194 3754 ὅτι
2240 3718 2259 3751 ‹
2326 3696 2781 3770 Ἐματαιώθησαν
2820 3697 2879 3749 ἐν
2930 3694 3043 3755 τοῖς
3087 3688 3454 3758 διαλογισμοῖς
3497 3681 3701 3745 αὐτῶν,

2112 3791 2208 3847 καὶ
2238 3790 2523 3862 ἐσκοτίσθη
2551 3790 2586 3860 ἡ
2611 3788 2867 3851 ἀσύνετος
2904 3786 3081 3840 αὐτῶν
3115 3781 3335 3854 καρδία.
3367 3799 3385 3832 ι
3417 3777 3508 3831 Διὸ
3535 3778 3701 3848 ἡμεῖς

2117 3882 2255 3954 μετὰ
2294 3881 2389 3935 τοῦ
2437 3880 2712 3952 μακαρίου
2758 3878 2968 3948 Πέτρου
3017 3875 3260 3947 βοῶμενσ
3306 3891 3325 3923 ‹
3368 3868 3693 3940 Πειθαρχεῖν

2110 3976 2190 4030 δεῖ
2212 3973 2333 4045 Θεῷ
2357 3973 2556 4044 μᾶλλον
2593 3970 2626 4042 ἦ
2659 3962 3035 4042 ἀνθρώποις.)
3057 3964 3323 4038 Ἐροῦμεν
3358 3962 3413 4015 δὲ
3440 3960 3532 4014 καὶ
3561 3957 3703 4030 πρὸς

2112 4066 2330 4131 αὐτούς’
2365 4084 2384 4117 ‹
2410 4066 2476 4119 Ei
2529 4064 2737 4118 δίκαιόν
2784 4062 2935 4116 ἐστιν
2968 4059 3200 4114 ἐνώπιον
3230 4055 3322 4111 τοῦ
3347 4050 3482 4108 Θεοῦ
3545 4048 3704 4121 ὑμῶν

2116 4155 2315 4226 μᾶλλον
2362 4153 2579 4209 ἀκούειν
2611 4153 2644 4224 ἢ
2686 4150 2779 4205 τοῦ
2813 4149 2972 4213 Θεοῦ,
3013 4147 3235 4218 κρίνατε
3255 4161 3270 4176 ’
3304 4143 3464 4216 ἡμεῖς
3490 4140 3599 4211 γὰρ
3630 4138 3696 4191 ού

2111 4245 2408 4319 δυνάμεθα,
2439 4244 2476 4300 ὃ.
2505 4246 2718 4317 εἴδομεν
2749 4243 2840 4296 διά
2873 4241 2970 4295 τοῦ
3009 4238 3349 4309 Πνεύματος,
3380 4234 3474 4289 καὶ
3520 4231 3693 4302 ἠκού-

432 4351 622 4408 σαμεν,
654 4338 728 4410 μὴ
783 4339 979 4393 λαλεῖν.
1013 4357 1033 4391 ι
1069 4340 1187 4395 Ἵνα
1239 4341 1297 4394 δὲ
1355 4342 1430 4414 μὴ
1483 4341 1642 4413 μόνον
1690 4340 1872 4394 αὐτῶν
1912 4340 2069 4411 ἡμῶν
2108 4339 2507 4414 φροντίζωμεν,
2549 4337 2746 4401 αὐτοὺς
2799 4334 2857 4390 δὲ
2908 4332 3313 4406 βλαπτομένους
3358 4328 3699 4401 παρίδωμεν⁹

431 4432 562 4500 φέρε
601 4431 947 4504 ζητήσωμεν,
981 4433 1147 4488 πόθεν
1201 4434 1384 4499 αὐτοῖς
1438 4435 1664 4505 γέγονεν
1698 4435 1732 4505 ἡ
1799 4435 1903 4506 τῆς
1971 4434 2176 4509 βλάϐης
2245 4433 2493 4505 ἀφορμὴ,
2537 4432 2632 4486 καὶ
2672 4431 2771 4503 τὴν
2805 4429 3037 4501 δυνατὴν
3081 4428 3266 4490 αὐτοῖς
3305 4418 3605 4494 θεραπείαν
3635 4417 3705 4469 ἐκ

432 4526 539 4579 τῶν
571 4529 728 4584 θείων
760 4531 995 4603 Γραφῶν
1024 4531 1503 4604 προσενέγκωμεν.

504 4601 817 4688 chentcs,
846 4629 908 4676 ut
957 4601 1222 4690 arbitror,
1261 4601 1704 4688 liocholumcn,
1746 4619 1998 4675 animad-

2190 4612 2697 4681 Ἀναγινώσκοντες,
2728 4608 2804 4674 ὡς
2841 4603 3016 4680 οἶμαι,
3045 4606 3203 4661 τοῦτο
3247 4604 3309 4658 τὸ
3337 4601 3701 4673 σύγγραμμα,

434 4715 816 4780 vertentccque
839 4710 892 4765 in
918 4727 983 4766 eo
1007 4721 1286 4783 unguenta
1303 4756 1316 4780 ,
1345 4724 1399 4770 et
1424 4715 1615 4770 oscula
1638 4755 1652 4780 ,
1677 4720 1731 4768 et
1761 4712 2005 4775 femora,

432 4810 485 4856 ct
518 4809 762 4856 ventrem
786 4842 800 4867 ,
828 4810 883 4857 et
913 4804 1234 4860 umbilicum
1256 4846 1272 4871 ,
1300 4816 1354 4862 et
1386 4822 1585 4879 genas,
1614 4814 1666 4861 et
1694 4807 1889 4862 oculos
1911 4846 1925 4872 ,
1952 4812 2008 4860 et

436 4893 578 4955 lilia,
605 4901 658 4948 et
683 4894 828 4947 mala
848 4936 862 4961 ,
888 4902 942 4949 et
967 4896 1197 4950 nardum
1218 4937 1232 4960 ,
1262 4905 1315 4951 ct
1342 4906 1554 4954 stacten
1572 4940 1586 4966 ,
1612 4909 1666 4956 et
1690 4897 1967 4970 myrrham
1987 4939 2003 4962 ,

435 4990 490 5037 et
535 4982 618 5039 his
664 4983 897 5048 similia,
950 4998 1075 5038 cum
1126 4985 1409 5055 propriam
1457 4987 1656 5042 divinae
1708 4986 2009 5058 Scriptura:

437 5075 892 5130 consuetudinem
929 5076 1283 5146 ignorarent,
1321 5077 1624 5133 noluerunt
1659 5079 1908 5150 ingredi,
1958 5085 2014 5132 et

439 5165 637 5220 litterae
667 5167 849 5221 velum
902 5168 1185 5223 transilire
1208 5209 1222 5233 ,
1255 5177 1419 5237 atque
1449 5166 1599 5225 intus
1633 5169 1890 5239 spiritum
1924 5169 2009 5223 in-

439 5257 615 5325 tueri,
650 5272 713 5313 ac
744 5259 984 5314 revelata
1033 5257 1176 5314 facie
1223 5259 1455 5329 gloriam
1504 5258 1721 5315 Domini
1765 5271 2011 5315 contem-

441 5347 578 5417 plari
604 5368 617 5402 :
652 5349 747 5405 sed
778 5364 901 5420 quae
917 5348 1060 5403 dicta
1080 5356 1213 5404 sunt
1245 5348 1545 5406 carnaliter
1578 5348 1961 5421 intelligentes
1986 5388 2000 5416 ,

2110 4706 2203 4760 καὶ
2229 4704 2464 4777 ὁρῶντες
2496 4705 2554 4756 ἐν
2585 4701 2734 4773 αὑτῷ
2774 4701 2923 4773 μύρα
2966 4700 3063 4754 καὶ¹
3112 4697 3414 4768 φιλήματα,
3455 4691 3551 4746 καὶ
3596 4708 3704 4761 μη-

2115 4798 2260 4871 ροὺς,
2290 4798 2386 4851 καὶ
2428 4796 2657 4862 κοιλίαν,
2697 4794 2791 4848 καὶ
2844 4791 3107 4865 ὀμφαλὸν,
3136 4791 3234 4844 καὶ
3287 4787 3563 4856 σιαγόνας,
3601 4783 3702 4839 καὶ

2110 4888 2442 4960 ὀφθαλμοὺς,
2487 4888 2581 4940 καὶ
2637 4886 2817 4957 κρίνα,
2871 4883 2968 4938 καὶ⁸
3020 4881 3186 4953 μῆλα,
3216 4881 3312 4934 καὶ
3357 4876 3567 4948 νάρδον,
3601 4874 3701 4927 καὶ

2114 4979 2374 5050 στακτὴν,
2423 4978 2516 5032 καὶ
2569 4977 2835 5049 σμύρναν,
2870 4978 2965 5030 καὶ
3015 4977 3116 5030 ὅσα
3156 4971 3401 5037 τοιαῦτα,
3458 4969 3555 5022 καὶ
3596 4968 3701 5037 τῆς

2109 5072 2260 5135 θείας
2284 5070 2506 5142 Γραφῆς
2532 5067 2853 5139 ἀγνοοῦντες
2882 5067 2951 5121 τὰ
2985 5066 3273 5136 ἰδιώματα,
3300 5061 3399 5116 οὐκ
3424 5059 3700 5129 ἠθέλησαν

2108 5164 2369 5229 διαδῦναι,
2400 5162 2493 5216 καὶ
2520 5161 2613 5214 τοῦ
2638 5160 2965 5233 γράμματος
2986 5155 3291 5228 ὑπερϐῆναι
3316 5152 3377 5205 τὸ
3406 5148 3699 5217 κάλυμμα,

2108 5257 2203 5311 καὶ
2228 5254 2377 5317 ἐντὸς
2410 5251 2663 5321 γενέσθαι
2710 5250 2790 5322 τῷ
2827 5250 3120 5320 πνεύματι,
3164 5245 3260 5299 καλ⁵
3312 5237 3698 5306 ἀνακεκαλυμ-

2111 5348 2259 5419 μένῳ
2304 5343 2582 5417 προσώπῳ
2627 5344 2728 5416 την
2769 5342 2928 5409 δόξαν
2963 5339 3170 5412 Κυρίου
3196 5330 3696 5404 κατοπτρισθῆναι·

516 5513 540 5543 ε
585 5504 712 5573 Sap.
748 5518 835 5563 Ix.
871 5502 956 5556 H.
1030 5498 1058 5541 «ι
1097 5500 1253 5558 Rom.
1281 5500 1332 5566 i,
1360 5501 1451 5558 21.
1517 5501 1690 5559 οΑει.
1719 5518 1787 5567 v,
1823 5500 1915 5555 9.9.
1999 5500 2006 5538 ¹

2108 5506 2172 5554 :t.
2207 5515 2280 5563 tv,
2322 5499 2406 5561 l9,
2447 5495 2538 5551 ΞΟ.

1734 5616 1969 5673 V’ARL'E
2012 5616 2302 5674 LECTION
2312 5616 2409 5672 ES.

505 5704 547 5737 "
581 5707 701 5759 coll.
737 5707 978 5763 ἐκείνων.
