3940 6200
190 319 259 385 33
1115 326 1194 384 ιν
1237 322 1627 389 CANTICUM
1663 327 1746 387 CA

1900 326 1952 388 Β.
1982 352 2047 364 -
2081 323 2496 388 ΡΒᾹΞΡΑΤΙΟ.
3384 326 3456 390 34

193 423 319 480 ἀλλὰ
357 423 639 495 σαρκικῶς
669 428 997 499 νενοηκότες
1027 430 1096 482 τὰ
1129 431 1413 500 εἰρημένα,
1446 431 1528 495 είς
1561 430 1749 502 ἐκείνη·

1900 447 1932 484 n
1997 431 2140 486 hanc
2205 429 2599 500 blasphemiam
2644 428 2884 501 prolapsi
2950 436 3099 485 sunt.
3157 428 3456 500 Oportebat

192 516 283 587 τὴν
338 514 698 586 βλασφημίαν
748 518 1061 587 ἐξώκειλαν.
1110 519 1259 575 Ἔδει
1309 521 1367 575 δὲ
1418 521 1615 585 αὐτοὺς
1652 538 1748 577 συν

1896 530 2061 577 tutem
2093 538 2191 577 eos
2240 523 2612 589 considerare,
2649 521 2795 577 hunc
2825 537 2949 578 esse
2982 522 3146 576 etiam
3179 522 3234 576 in
3264 519 3452 577 Veteri

196 607 333 670 ιδεῖν,
360 605 444 659 ὅτι
475 607 576 660 καὶ
618 611 681 662 ὲν
714 612 784 681 τῇ
812 611 1028 683 Παλαιᾷ
1069 612 1237 666 πολλά
1281 614 1559 681 τροπικῶς
1591 617 1624 685 ἡ
1659 614 1752 667 Osi:

1899 610 2229 667 l‘estamento
2251 612 2448 667 divinze
2472 612 2771 683 Scriptum
2795 627 3027 675 morem,
3046 620 3107 665 ut
3128 613 3298 667 multa
3317 612 3455 682 ﬁgtv

190 697 328 764 λέγει
355 698 555 770 Γραφή
575 715 591 729 ·
632 702 734 754 καὶ
763 701 972 772 ἑτέροις
996 702 1225 774 ὀνόμασι
1254 704 1589 777 κεχρημένη,
1613 705 1746 775 ἔτερ

1894 710 1997 758 -atc
2017 703 2186 765 dicat,
2204 710 2258 757 et
2282 703 2389 759 sub
2418 704 2542 758 aliis
2569 704 2854 760 vocabulis
2878 704 2983 758 alia
3004 703 3299 774 signiﬁcet.
3317 703 3450 758 Nam

188 789 241 842 δὲ
269 789 353 841 διὰ
380 788 603 844 τούτων
636 792 683 823 ⁸⁸
713 794 991 864 σημαίνει.
1014 796 1147 865 Περὶ
1176 794 1286 867 γὰρ
1315 795 1410 849 τοῦ
1432 795 1741 851 Βαϐυλωνίο

1893 806 2000 848 :um
2041 792 2109 847 de
2154 791 2466 862 Babylonia:
2491 809 2620 863 rege
2651 794 2997 864 loqueretur,
3025 809 3130 850 nec
3165 795 3449 865 proprium

186 880 515 954 διηγουμένη
538 922 556 945 ,
590 882 721 936 οὔτε
750 884 815 938 τὸ
845 884 1035 956 κύριον
1076 886 1246 957 ὄνομα
1276 886 1536 952 τέθεικεν,
1567 886 1689 940 οὗτε
1716 906 1742 942 τ

1900 883 2052 949 llius,
2079 897 2180 938 nec
2212 897 2506 938 commune
2539 892 2748 939 natura:
2780 899 2977 939 nomen
3016 885 3236 954 posuit,
3270 898 3450 954 neque

187 971 354 1027 κοινὸν
388 972 500 1042 τῆς
530 974 755 1044 φύσεως
783 992 796 1006 ⁸
827 976 952 1031 οὔτε
979 978 1088 1050 γὰρ
1109 978 1596 1050 Ναϐουχοδονόσωρ
1642 979 1743 1034 ὠνό

1894 974 2023 1029 enim
2062 972 2692 1039 Nabuchodonosorem,
2715 990 2893 1045 neque
2914 975 3189 1030 hominem
3209 976 3420 1045 appella
3446 1011 3450 1017 ε

191 1080 369 1132 μασεν,
403 1063 539 1118 οὔτε
574 1066 867 1139 ἄνθρωπον
896 1070 1340 1141 προσηγόρευσεν
1363 1087 1377 1101 ·
1403 1070 1539 1124 ἀλλά
1572 1088 1737 1142 φησιν

1887 1068 1982 1123 vit:
1999 1067 2117 1131 sed,
2138 1066 2389 1136 «Aquila,
2411 1067 2609 1137 inquit,
2627 1068 2850 1137 grandis
2870 1067 3443 1137 magnarumalarum,

193 1175 211 1207 ι
259 1154 315 1207 '0
353 1154 523 1219 ἀετὸς
546 1156 580 1209 ὁ
611 1159 1110 1231 μεγαλοπτέρυγος,
1140 1162 1169 1213 ὁ
1194 1161 1402 1233 μακρὸς
1435 1164 1502 1233 τῇ
1533 1163 1749 1217 ἐκτάσει

1890 1170 2037 1232 longa
2055 1160 2397 1224 extensione,
2416 1159 2682 1229 unguium
2706 1159 2884 1229 plena,
2904 1175 3024 1229 quae
3043 1158 3204 1213 habet
3221 1157 3446 1213 ductum

188 1245 446 1317 ὀπλήρης
482 1246 735 1318 ὀνύχων
773 1249 834 1313 ὃς
886 1250 999 1321 ἔχει
1039 1251 1102 1304 τὺ
1146 1251 1340 1321 ἥγημα
1390 1252 1650 1305 εἰσελθεῖν
1693 1253 1743 1305 εί

1897 1252 2118 1307 ntrandi
2148 1252 2202 1306 in
2238 1250 2793 1315 Libanum,abstnlit
2824 1250 2995 1305 electa
3029 1250 3274 1311 cedri,et
3306 1265 3452 1303 sum-

187 1337 265 1388 τὺν
289 1334 559 1398 Λίϐανον,
587 1338 686 1392 καὶ
711 1338 871 1393 ἔλαϐε
907 1340 976 1394 τὰ
1024 1339 1283 1394 ὲπίλεκτα
1330 1339 1430 1410 τῆς
1462 1341 1678 1413 κέδρου,
1705 1357 1743 1393 τι

1890 1344 2095 1399 mitates
2118 1342 2507 1398 teneritudinis
2529 1341 2650 1411 ejus
2677 1341 2880 1396 avulsit
2909 1350 2989 1393 ε.»
3019 1340 3129 1396 Nec
3152 1342 3446 1412 quisquam

186 1426 317 1498 ἂκρα
348 1428 454 1496 τῆς
477 1428 827 1501 ἁπαλότητος
852 1430 1132 1485 ἀπέκνισε.
1164 1450 1184 1483 ι
1216 1430 1326 1484 Καὶ
1358 1431 1531 1494 οὐδεὶς
1557 1431 1742 1488 πώποτ

1900 1450 2057 1490 amen
2092 1449 2336 1505 unquam
2368 1449 2464 1504 per
2498 1434 2737 1504 aquilam
2762 1475 2778 1502 ,
2815 1434 3053 1503 aquilam
3080 1473 3094 1497 ,
3130 1449 3307 1503 neque
3350 1448 3450 1503 per

185 1517 468 1583 ὠνὰετδν,
497 1518 666 1572 ἀετὸν
700 1520 746 1551 ¹²
775 1521 1017 1593 ἐνόησεν.
1047 1519 1173 1573 οῦτε
1204 1521 1296 1574 τὸν
1326 1521 1579 1582 Λίϐανον.
1603 1522 1741 1575 Λίϐα

1889 1526 2175 1592 Libanum,
2208 1525 2516 1589 Libanum,
2576 1542 2676 1582 nec
2708 1541 2803 1597 per
2833 1527 3057 1582 cedrum
3097 1525 3323 1581 cedrum
3358 1528 3445 1578 in-

184 1626 297 1674 νον,
339 1607 475 1662 οὔτε
524 1609 631 1680 τὴν
677 1610 898 1682 κέδρον,
958 1611 1146 1683 κέδρον
1175 1611 1219 1643 ίδ
1242 1630 1256 1647 ο
1308 1610 1423 1665 ἀλλ’
1481 1612 1640 1666 ἀετὸν
1676 1613 1740 1682 μὲ

1888 1619 2085 1674 tellexit
2114 1636 2128 1671 :
2161 1617 2259 1673 sed
2291 1631 2393 1686 pro
2423 1617 2607 1686 aquila
2631 1656 2648 1681 ,
2686 1632 2808 1687 qua:
2837 1618 3048 1688 regium
3081 1623 3165 1672 est
3198 1614 3444 1677 animal,

185 1700 265 1752 τὸν
291 1699 554 1769 βατιλέα.
586 1701 778 1771 ἐπειδὴ
806 1704 901 1756 καὶ
926 1703 989 1756 τὸ
1032 1702 1170 1767 ζῶον
1200 1702 1478 1772 βασιλικόν
1496 1718 1509 1731 ·
1541 1704 1741 1773 μεγαλο

1888 1721 2057 1777 regem
2089 1707 2265 1777 ipsum
2290 1747 2305 1773 ,
2338 1721 2438 1777 pro
2466 1707 2571 1762 alis
2617 1713 2801 1762 autem
2847 1707 3096 1777 magnis,
3125 1704 3444 1775 amplitmlia

189 1791 446 1861 πτέρυγον
495 1790 581 1853 δὲ,
623 1770 809 1846 διὰτὸ
860 1792 1056 1857 πλάτος
1100 1770 1209 1863 τῆς
1241 1792 1517 1863 βασιλείας
1534 1770 1553 1824 ’⁷
1586 1793 1745 1864 πλήρη

1888 1800 2051 1855 linem
2078 1801 2253 1870 regni,
2282 1813 2383 1871 pro
2409 1800 2672 1869 unguium
2699 1799 3225 1861 vero'multitudiue.
3255 1798 3444 1866 capias

186 1880 480 1952 δὲόνύχων,
521 1882 615 1937 διὰ
647 1883 713 1937 τὸ
745 1882 949 1955 πλῆθος
993 1885 1091 1955 τῆς
1134 1886 1413 1955 στρατιᾶς.
1454 1885 1684 1955 Ἥγημα
1709 1884 1742 1938 δ

1889 1891 2131 1945 nilitnm.
2160 1890 2336 1945 Porro
2366 1909 2385 1942 ι
2409 1890 2634 1945 ductum
2657 1908 2676 1940 ι
2706 1889 2875 1957 dixit,
2899 1891 3028 1960 quia
3075 1898 3211 1945 nutu
3257 1890 3445 1945 divino

195 1971 341 2024 αὑτὸν
386 1972 533 2042 ἔχειν
570 1971 767 2043 ἔφησε,
809 1972 899 2026 διὰ
942 1973 1004 2027 τὸ
1052 1973 1181 2044 θείῳ
1225 1973 1455 2045 νεύματι
1501 1975 1751 2045 ἀγόμενοι

1904 1981 2171 2047 :rebatur,
2207 1980 2274 2036 ad
2307 1997 2371 2039 ea
2401 1998 2526 2054 quae
2553 1982 2724 2053 gessit
2759 1982 3147 2053 perpetranda.
3202 1981 3305 2036 Per
3350 1978 3460 2033 Li-‘

200 2065 538 2134 πεποιηκέναι
562 2064 601 2119 ἃ
626 2064 915 2136 πεποίηκε.
943 2065 1172 2120 Λίϐανον
1199 2066 1255 2120 δὲ
1282 2065 1379 2138 τὴν
1412 2065 1756 2138 Ἰερουσαλὴμ

1890 2087 2071 2127 ianum
2114 2080 2296 2129 autem
2341 2072 2776 2147 Hierosolymam
2824 2072 3189 2145 signiﬁcavit,
3221 2081 3446 2140 propter

202 2154 614 2225 προσηγόρευσε,
639 2154 731 2209 διὰ
762 2153 826 2208 τὸ
861 2154 996 2209 δασὺ
1022 2154 1117 2210 καὶ
1146 2155 1349 2209 πυκνὸν
1384 2153 1490 2207 τῶν
1519 2171 1758 2225 πνευμα-

1884 2161 2040 2216 nulta
2088 2178 2153 2217 ac
2196 2168 2397 2235 inagna
2444 2164 2596 2220 illius
2641 2179 2873 2220 munera
2920 2162 3256 2235 spiritualia.
3303 2159 3440 2214 Nam

194 2242 341 2296 τικῶν
384 2245 773 2317 χαρισμάτων.
816 2244 1025 2300 ’Δπαλα
1094 2246 1153 2300 δὲ
1215 2248 1314 2317 τῆς
1357 2246 1548 2317 κέδρου
1572 2287 1587 2312 ,
1638 2246 1750 2309 τοῦ,

1888 2255 2052 2310 nollia
2083 2255 2134 2325 7
2161 2255 2307 2310 cedri
2337 2257 2574 2311 innuunt
2596 2256 2851 2311 homines
2874 2255 3089 2310 deliciis
3109 2269 3172 2307 ac
3195 2253 3444 2321 volupta-

191 2335 373 2407 ἁδροὺς
419 2337 521 2390 καὶ
560 2337 743 2407 τρυφῇ
777 2336 1164 2407 προσέχοντας,
1198 2339 1292 2391 καὶ
1336 2340 1396 2391 ἑν
1425 2337 1699 2408 ἀξιώμασι
1720 2338 1747 2369 ³³

1887 2344 2021 2401 .ibus
2049 2345 2293 2412 deditos,
2322 2357 2375 2402 et
2401 2348 2457 2402 in
2486 2347 2849 2419 dignitatibus
2877 2346 3234 2401 constitutus.
3264 2345 3443 2412 Atque

188 2427 602 2497 διαπρέποντας.
637 2428 750 2480 Καὶ
777 2427 951 2480 ταῦτα
982 2426 1124 2481 οὕτω
1147 2431 1335 2493 ονοεῖν,
1364 2430 1427 2482 οὐ
1469 2429 1627 2499 μόνον
1652 2431 1744 2483 τοῖς

1885 2452 1985 2493 nec
2009 2437 2232 2509 quidem
2262 2438 2345 2493 sic
2374 2439 2781 2510 intelliguntur,
2813 2453 2922 2493 non
2956 2438 3132 2493 solum
3162 2452 3191 2490 a
3221 2435 3441 2506 pictatis

187 2519 272 2587 τῆς
317 2517 613 2582 εὐσεϐείας
656 2519 968 2590 τροφίμοις,
1020 2518 1156 2573 ἀλλὰ
1207 2521 1304 2574 καὶ
1344 2520 1614 2585 Ἰουδαίοις
1640 2520 1743 2574 σύνι

1886 2532 2144 2598 tlumnis,
2188 2548 2381 2587 verum
2414 2534 2579 2587 etiam
2629 2548 2659 2587 a
2702 2531 2943 2599 Iudaeis,
2990 2531 3083 2600 qui
3115 2530 3358 2584 crassius
3387 2535 3442 2581 ct

184 2609 318 2680 ηθες,
366 2612 483 2674 τοῖς
526 2609 842 2682 παχύτερον
877 2611 971 2663 καὶ
1021 2609 1426 2683 σαρκικώτερον
1474 2611 1573 2675 τὰς
1616 2610 1740 2666 θείας

1887 2618 2150 2673 :arnalius
2175 2616 2391 2672 divinas
2416 2616 2739 2689 Scripturas
2765 2617 2947 2673 solent
2972 2613 3346 2684 interpretari.
3378 2610 3443 2663 Et

184 2702 349 2755 νοοῦσι
397 2702 651 2771 Γραφάς.
687 2701 799 2756 Καὶ
825 2704 854 2755 ὁ
895 2702 1158 2773 μακάριος
1185 2702 1243 2756 δὲ
1290 2702 1595 2773 Ζαχαρίας·
1627 2720 1646 2754 ι
1675 2704 1735 2755 Δι

1887 2718 2064 2765 ieatus
2095 2708 2426 2764 Zacharias:
2456 2728 2475 2760 ι
2508 2709 2711 2779 Aperi,
2743 2707 2957 2777 inquit,
2986 2704 3195 2759 Libane
3214 2743 3228 2767 ,
3254 2711 3443 2772 portas

186 2792 404 2858 ἄνοιξαν,
430 2796 461 2847 ό
484 2793 741 2857 Λίϐανος,
766 2793 866 2856 τὰς
903 2792 1072 2866 θύρας
1126 2811 1241 2858 σου,
1266 2794 1359 2847 καὶ
1402 2794 1742 2864 καταφαγέτο

1882 2816 1993 2856 :uas
2021 2820 2034 2855 :
2069 2807 2125 2856 et
2154 2801 2407 2857 comedat
2443 2801 2585 2871 ignis
2615 2800 2813 2855 τεὼ-οε
2847 2806 2995 2853 tuas.
3028 2796 3209 2851 Ululet
3240 2795 3403 2864 pinus
3423 2833 3438 2857 ,

185 2883 287 2955 πῦρ
312 2883 414 2949 τὰς
438 2884 673 2955 κέδρους
703 2900 798 2937 σου
819 2901 834 2915 ·
861 2883 1157 2948 ὀλολυζέτω
1184 2885 1363 2951 πίτυς,
1393 2886 1474 2939 ὅτι
1508 2884 1741 2939 πέπτωκι

1887 2893 1996 2963 luia
2025 2892 2229 2948 cecidit
2254 2892 2455 2947 cedrus
2483 2893 2568 2945 Ιι.»
2601 2891 2705 2946 Per
2740 2890 3010 2945 Libanum
3041 2904 3153 2943 non
3183 2885 3443 2953 intelligi-

185 2974 387 3045 κέδρος.
425 2992 447 3025 ι
485 2974 599 3028 Καὶ
645 2972 771 3027 οὔτε
821 2973 1049 3028 Λίϐανον
1095 2974 1322 3045 νοοῦμεν
1369 2975 1460 3028 τὸν
1510 2975 1741 3029 Λίϐανον

1887 2997 1993 3037 nus
2016 2981 2285 3037 Libanum
2308 3023 2323 3047 ,
2352 2997 2531 3051 neque
2559 2997 2655 3053 per
2681 2981 2906 3038 cedrum
2929 3023 2944 3045 ,
2972 2980 3195 3035 cedrum
3216 3021 3230 3044 ,
3261 2991 3443 3045 neque

186 3063 301 3116 οὔτε
329 3064 560 3135 κέδρους
592 3063 695 3128 τὰς
740 3064 988 3134 κέδρους,
1034 3063 1158 3118 οὔτε
1210 3064 1323 3136 πῦρ
1362 3066 1423 3118 τὸ
1464 3065 1594 3137 πῦρ,
1642 3067 1742 3120 οῦτι

1885 3088 1967 3139 per
1989 3072 2189 3141 ignem,
2207 3074 2413 3144 ignem,
2439 3090 2617 3143 neque
2641 3088 2735 3144 per
2759 3074 3018 3137 abietem,
3040 3072 3273 3125 abietem
3304 3087 3317 3122 :
3344 3067 3441 3120 sed

186 3156 340 3219 πίτυς
369 3154 471 3218 τὰς
498 3156 688 3219 πίτυς
730 3156 867 3209 ἀλλὰ
897 3154 1008 3227 πῦρ
1044 3156 1142 3227 μὲν
1183 3156 1342 3211 πάλιν
1370 3156 1461 3210 τὸν
1513 3156 1742 3212 Βαϐυλώι

1892 3167 2014 3237 guis
2034 3180 2233 3222 rursus
2261 3182 2444 3238 regem
2475 3167 2790 3239 Babyloniae
2819 3167 3096 3236 designat,
3115 3179 3275 3237 quem
3311 3162 3444 3218 Eze-

187 3262 323 3310 νιον,
368 3243 428 3296 ὃν
476 3247 507 3299 ὁ
544 3244 796 3317 Ἔζεκιὴλ
836 3247 881 3279 ³⁸
913 3247 1069 3302 ἀετὸν
1127 3249 1563 3320 προσηγόρευσε·
1593 3250 1743 3304 Λίϐαη

1885 3257 2014 3312 :hiel
2055 3257 2293 3327 aquilam
2331 3258 2665 3323 nominavit;
2709 3257 2955 3312 Libanus
2984 3254 3441 3325 Hierosolymam,

191 3352 272 3389 νον
295 3336 372 3401 δὲ,
389 3336 492 3407 τὴν
521 3336 883 3407 Ἰερουσαλήμ
900 3352 914 3365 ·
938 3338 1162 3410 κέδρους
1180 3338 1256 3406 δὲ,
1279 3341 1406 3402 τοὺς
1436 3340 1526 3392 ἐπὶ
1552 3340 1747 3412 πλού-ιιι

1888 3350 2067 3404 :edrus
2085 3349 2340 3404 homines
2358 3349 2571 3405 divitiis
2590 3357 2645 3404 et
2663 3349 2968 3404 honoribus
2990 3346 3261 3417 superbos
3280 3351 3444 3413 atque

196 3432 530 3503 βριθομένους
555 3471 574 3496 ,
620 3434 717 3487 καὶ
776 3434 834 3511 έν
901 3434 1174 3506 ἀξιώμασι
1236 3437 1752 3510 λαμπρυνομένους·

1890 3439 2304 3509 nsignes,pinus
2326 3454 2456 3495 vero
2480 3440 2564 3495 his
2581 3440 2935 3508 abiectiores.
2959 3437 3169 3493 Idcirco
3186 3435 3438 3504 subiicit:

194 3525 339 3588 πίτυς
384 3524 441 3578 δὲ
481 3524 615 3589 τοὺς
660 3524 867 3580 τούτων
922 3527 1367 3601 ὑποδεεστέρους.
1406 3530 1498 3583 Διὸ
1527 3531 1750 3600 ἐπάγει·

1888 3528 2089 3585 rUluiet
2115 3529 2280 3601 pinus
2300 3571 2315 3597 ,
2339 3531 2467 3601 quia
2496 3530 2699 3585 cecidit
2722 3529 2921 3585 cedrus
2946 3544 2958 3580 :
2987 3547 3005 3581 ι
3031 3528 3290 3597 quoniam
3319 3540 3444 3597 pro-

203 3636 223 3668 ι
241 3615 559 3680 Ὸλολυζέτω
587 3615 767 3682 πίτυς,
795 3619 881 3671 ὃτι
915 3618 1169 3673 πέπτωκε
1197 3620 1411 3693 κέδρος,
1430 3641 1447 3675 ι
1477 3624 1559 3677 ὅτι
1592 3623 1759 3694 μεγάσ

1889 3636 2022 3677 :eres
2050 3621 2407 3678 vehementur
2436 3620 2621 3677 amicti
2660 3628 2815 3676 sunt.
2853 3617 3055 3675 Verum
3088 3633 3198 3674 non
3229 3624 3312 3673 est
3347 3631 3445 3672 ne-

196 3706 292 3771 λιιις
323 3708 648 3777 μεγιστᾶνες
698 3707 1171 3779 ἐταλαιπώρησαν.
1205 3711 1315 3764 Καὶ
1362 3713 1415 3765 τί
1466 3712 1548 3766 δεῖ
1593 3714 1752 3768 πάντα

1884 3728 2024 3769 :csse
2054 3720 2251 3767 cuncta
2278 3728 2734 3776 commemorare,
2752 3726 2872 3782 qua!
2901 3727 2998 3783 per
3026 3709 3440 3765 translationem

198 3800 523 3869 καταλέγειν,
568 3800 672 3854 ὃσα
713 3800 993 3870 τροπικῶς
1067 3802 1101 3871 ή
1158 3802 1278 3856 θεία
1332 3803 1479 3872 λέγει
1534 3805 1754 3877 Γραφή;

1882 3805 2058 3860 livina
2116 3804 2254 3860 dicit
2308 3804 2619 3876 Scriptura.
2676 3803 2909 3860 Omissis
2961 3803 3128 3874 igitur
3174 3799 3438 3869 reliquis,

198 3886 407 3947 ΤἚλλα
433 3893 618 3947 τοίνυν
640 3891 1055 3958 καταλιπόντες,
1088 3893 1221 3965 φέρε
1246 3894 1507 3966 δείξωμεν
1539 3896 1631 3950 τὸν
1653 3897 1754 3951 τῶν

1881 3896 2230 3953 ostendamus
2259 3897 2507 3952 omnium
2547 3896 2717 3953 Deum
2749 3896 2914 3951 etiam
2948 3896 3004 3950 in
3034 3893 3219 3950 Veteri
3246 3893 3437 3947 Testa-

198 3982 321 4038 ὅλων
360 3985 515 4049 Θεδν,
561 3985 660 4039 καὶ
709 3985 770 4039 ιν
798 3987 864 4057 τῇ
905 3985 1139 4058 Παλαιᾷ,
1171 3986 1248 4050 ὡς
1303 3989 1524 4056 γυναικὶ
1565 3993 1632 4061 τῇ
1665 3990 1754 4044 τῶπ

1890 3995 2060 4042 mento
2084 4002 2211 4043 cum
2236 3986 2550 4043 Judaiorum
2579 3995 2743 4057 gente
2770 3994 3030 4056 tanquam
3056 3999 3181 4039 cum
3211 3984 3446 4037 muliere

214 4074 458 4131 Ἰουδαίων
485 4076 694 4147 πληθύῖ
717 4076 1123 4148 διαλεγόμενον,
1154 4079 1249 4132 καὶ
1267 4079 1529 4145 τοιούτοις
1542 4080 1770 4153 ὀνόμασι

1884 4078 2275 4149 colloquentem
2299 4119 2314 4144 ,
2345 4086 2511 4149 atque
2545 4079 2741 4135 iisdem
2785 4086 3026 4133 utentem
3071 4075 3440 4131 membrorum

205 4166 362 4235 μελῶν
409 4167 770 4240 κεχρημένον,
804 4167 1011 4233 ὁποίοις
1037 4169 1067 4222 ὀ
1109 4168 1358 4241 Σολομὼν
1406 4172 1534 4243 περὶ
1563 4172 1761 4245 ταύτης

1888 4171 2153 4227 rocabulis
2173 4210 2187 4237 ,
2221 4171 2423 4242 quibus
2450 4171 2519 4227 de
2548 4171 2653 4227 hac
2683 4185 2886 4242 sponsa
2915 4169 3168 4225 scribens
3200 4181 3334 4223 usus
3361 4172 3444 4220 est

202 4257 289 4328 τῆς
332 4257 549 4330 νύμφης
590 4258 922 4331 συγγράφων
967 4260 1254 4332 ἐχρήσατο.
1490 4270 1499 4297 ¹
1866 4258 2106 4314 Salomo.

1800 4406 1843 4462 D

259 4504 383 4574 Φησὶ
406 4504 587 4559 τοίνυν
611 4504 747 4575 πρὸς
778 4504 867 4557 τὸν
912 4504 1161 4577 Ἐζεκιὴλ
1205 4506 1235 4558 ὁ
1265 4504 1375 4558 τῶν
1412 4507 1550 4561 ὅλων
1592 4508 1725 4573 Θεός
1748 4525 1761 4538 °

1939 4520 2031 4579 Sic
2056 4523 2221 4593 igitur
2253 4524 2636 4583 universorum
2672 4529 2815 4585 Deus
2850 4528 3191 4585 Ezechiclcm
3209 4530 3442 4599 alloqui-

206 4611 226 4646 ι
244 4594 326 4650 Υἱὲ
358 4595 648 4668 ἀνθρώπου
668 4637 683 4661 ,
720 4596 1088 4667 διαμάρτοραι
1125 4601 1190 4669 τῇ
1226 4599 1579 4671 Ἰερουσαλὴμ
1597 4601 1696 4664 τὰς
1719 4601 1760 4633 ¹⁷

1889 4628 1952 4666 ur
1979 4630 1990 4665 :
2027 4630 2047 4665 ι
2078 4611 2179 4668 Fili
2206 4616 2467 4679 hominis,
2508 4626 2667 4672 notas
2697 4618 2780 4673 fac
2812 4618 3204 4689 Hierosolyma
3233 4620 3441 4691 iniqui-

200 4687 404 4760 ἀνομίας
429 4690 602 4761 αὐτῆς
625 4706 639 4720 ⁸
671 4690 768 4743 καὶ
812 4692 956 4761 ἐρεῖς
976 4706 990 4720 ο
1025 4691 1163 4745 Τάδε
1191 4692 1338 4760 λέγει
1382 4693 1604 4748 Ἀδωναῒ
1648 4694 1756 4748 Κύ-

1889 4714 2005 4759 ales
2039 4706 2181 4772 ejus,
2216 4718 2269 4762 et
2292 4707 2447 4762 dices
2478 4726 2492 4762 :
2528 4707 2651 4763 Haec
2667 4709 2801 4764 dicit
2830 4687 3096 4767 Dominus
3134 4711 3279 4769 Deus
3311 4687 3440 4768 Ilie-

200 4796 300 4849 ριος
345 4785 409 4853 τῇ
472 4780 864 4854 Ἰξριουσαλιτιμ⁹
911 4782 977 4835 Ἦ
1006 4781 1127 4853 ῥίζα
1182 4801 1272 4837 σου
1328 4786 1421 4837 καὶ
1468 4787 1501 4856 ή
1549 4786 1756 4852 γένεσίς

1884 4796 2153 4866 'osolymae
2193 4816 2205 4852 :
2260 4797 2439 4853 Radix
2494 4809 2608 4865 tua,
2646 4808 2701 4856 et
2732 4802 3017 4873 generatio
3057 4811 3147 4858 tua
3186 4805 3253 4860 de
3295 4814 3440 4861 terra

200 4888 307 4937 σου,
346 4874 408 4926 ἐκ
452 4874 556 4945 γῆς
589 4873 632 4949 ‘_'
660 4874 907 4929 Χαναάν.
958 4873 1016 4928 Ὀ
1064 4877 1247 4948 πατήρ
1282 4894 1376 4930 σου
1412 4878 1756 4950 Ἀμορραῖος,

1882 4885 2149 4940 Shanaau.
2205 4886 2367 4943 Pater
2412 4899 2539 4947 tuus
2587 4891 2960 4960 Amorrhmus,
3019 4902 3074 4949 et
3112 4904 3289 4951 mater
3349 4908 3438 4951 tua

200 4964 281 5017 καὶ
306 4965 337 5035 ἠ
367 4967 548 5039 μήτηρ
579 4982 675 5019 σου
706 4965 982 5019 Χετταία·
1006 4967 1100 5020 καὶ
1140 4969 1174 5038 ἡ
1220 4968 1431 5035 γένεσίς
1480 4986 1592 5035 σου,
1627 4972 1685 5025 ἐν

1881 4974 2123 5032 Ξιιθιιιεε.
2162 4980 2226 5033 Ει
2252 4983 2531 5050 generatio
2559 4992 2652 5037 tua
2685 4985 2798 5040 haec
2832 4987 2932 5040 fuit
2963 4987 3050 5041 die
3067 5003 3175 5057 quo
3200 4996 3326 5041 nata
3345 5004 3437 5044 es:

203 5054 360 5128 ἡμέρᾳ
384 5057 631 5129 ὲτέχθης,
657 5057 764 5111 οὐκ
799 5057 1015 5131 ἐτμήθη
1039 5061 1066 5112 ὁ
1094 5060 1335 5130 ὀμφαλός
1382 5078 1495 5125 σου,
1540 5063 1633 5114 καὶ
1659 5063 1758 5115 οὐκ

1884 5082 1975 5120 non
2010 5079 2092 5123 est
2126 5073 2386 5137 prmeisus
2413 5075 2706 5131 umbilicus
2740 5085 2890 5139 tuus.
2922 5087 2975 5133 et
3004 5095 3113 5133 non
3148 5080 3440 5134 vinxerunt

204 5142 377 5214 ἔδησαν
393 5149 515 5212 τοὺς
537 5146 785 5220 μαστούς
809 5163 906 5201 σου
925 5165 941 5180 ο
966 5149 1058 5202 καὶ
1080 5152 1137 5203 ἐν
1183 5150 1336 5205 ὕδατι
1370 5152 1468 5204 οὐκ
1495 5152 1760 5223 ὲ).ούσοης

1882 5159 2038 5214 thera
2085 5168 2199 5226 tua,
2232 5173 2285 5218 et
2319 5180 2457 5236 aqua
2488 5184 2595 5223 non
2630 5185 2690 5224 cs
2723 5171 2832 5224 lota
2874 5171 2927 5223 iu
2975 5172 3228 5236 salutem,
3268 5188 3438 5242 neque

263 5326 285 5365 ε
312 5324 496 5383 Ezech.
548 5347 688 5397 xm,
728 5329 789 5394 5,
821 5330 880 5386 4.
957 5327 984 5365 ³³
1023 5326 1191 5385 Zarh.,
1223 5351 1294 5396 ιι,
1330 5330 1380 5394 1,
1420 5329 1507 5386 2.,

1417 5485 1659 5556 nam
1686 5488 2094 5545 LECTIONES.

238 5625 279 5659 ¹²
302 5625 429 5711 (ῖοςιζ
464 5627 648 5711 ςτο-ξτο,
696 5624 786 5711 ﬂ"
817 5621 982 5711 αετὸν
1005 5622 1343 5711 ξετόντϐρςὶ.
1368 5623 1547 5711 agetis.
1568 5624 1637 5705 .”
1674 5624 2086 5711 κέδρον.ηΛΙ)ςει
2105 5644 2148 5711 ,ξι
2173 5631 2323 5711 δρᾶ.-
2375 5633 2420 5666 ιδ
2449 5644 2583 5700 ροίι,
2608 5640 2895 5708 ἀξιώματι,
2975 5643 3024 5674 ια
3045 5638 3322 5711 ιιεςεκιήλ,
3358 5640 3434 5695 lla

182 5693 378 5768 quoque
396 5699 615 5757 deinde.
696 5696 744 5729 ³⁷
772 5694 879 5757 τὰς
904 5721 978 5732 --
1005 5693 1379 5767 Ἰερουσαλήμ.
1407 5694 1529 5751 Des.
1567 5695 1620 5748 in
1661 5693 1787 5750 cod;
1886 5697 1925 5727 '3
1954 5697 2074 5766 γῆς.
2101 5698 2236 5753 Cod.
2264 5702 2379 5765 τῆς,
