3940 6200
452 296 526 363 35
1459 288 1946 349 THEODORETI
1982 285 2317 346 EPISCOPI
2352 287 2715 346 (ZYRENSIS
3662 292 3731 353 36

456 406 573 462 sale
592 400 775 466 salila,
800 400 858 470 8
888 413 986 455 nec
1014 398 1258 452 involuta
1283 395 1500 466 pannis.
1532 394 1647 449 Non
1673 393 1916 464 pepercit
1951 408 2042 447 su~

2152 392 2222 454 εἰς
2268 393 2559 464 σωτηρίαν,
2597 394 2714 445 οὐδέ
2759 394 2846 445 ἁλὶ
2882 393 3123 463 ἡλίσθης,
3178 398 3270 449 καὶ
3299 397 3338 428 ’θ
3378 398 3436 451 ἐν
3484 402 3734 470 arrani-

455 510 557 565 pcr
589 502 641 550 te
675 493 895 559 oculus,
931 499 989 545 ut
1026 489 1263 545 facerem
1294 487 1391 541 tibi
1428 501 1600 540 unum
1642 486 1707 539 de
1740 486 1847 550 his,
1876 494 2048 554 utque

458 594 677 655 paterer
708 585 786 638 tui
809 597 978 639 causa
1012 601 1023 635 :
1059 591 1114 636 et
1134 579 1352 649 abjecta
1375 592 1436 632 es
1459 593 1627 648 super
1646 576 1839 631 faciem
1867 584 2045 639 terrae,

455 680 513 732 in
537 676 851 745 abjectione
876 672 1078 728 animae
1107 679 1237 733 tuae,
1262 669 1350 723 die
1375 682 1486 738 quo
1512 676 1637 721 nata
1665 683 1744 722 es.
1771 666 1835 721 Et
1862 666 2048 721 trans?

462 767 536 821 ivi
581 780 749 835 super
770 775 855 828 te,
895 773 948 818 et
980 761 1093 815 vidi
1127 768 1181 813 te
1209 759 1425 812 mistam
1457 758 1511 813 in
1540 758 1805 827 sanguine
1830 768 1946 812 tuo.
1984 755 2048 809 Et

457 855 570 909 dixi
605 853 708 907 tibi
732 872 748 907 :
772 851 848 905 De
872 850 1140 919 sanguine
1162 860 1258 903 tuo
1284 848 1392 902 vita
1423 863 1436 899 :
1468 848 1860 917 multiplicare,
1891 849 2047 917 quasi

458 959 685 1014 germen
741 941 857 1012 agri
915 940 1019 996 feci
1080 948 1154 994 te.
1206 937 1274 992 Et
1322 938 1706 1009 multiplicata,
1742 946 1796 994 et
1824 938 2049 1010 grandis

461 1034 683 1096 cﬂ‘ecta,
730 1031 984 1100 ingressa
1020 1045 1081 1086 es
1116 1031 1172 1083 in
1218 1029 1472 1085 civitates
1512 1029 1822 1084 civitatum.
1870 1027 2047 1083 Ubera

459 1134 554 1179 tua
590 1130 775 1195 erecta
806 1130 957 1188 sunt,
992 1130 1046 1176 et
1091 1122 1239 1191 pilus
1274 1128 1403 1176 tuus
1440 1120 1796 1192 germinavit,
1841 1127 1900 1175 et
1927 1134 2050 1176 eras

458 1216 628 1278 nuda,
671 1222 727 1269 et
751 1209 1306 1283 confusione'plena.
1341 1211 1409 1265 Et
1433 1212 1665 1267 transivi
1692 1210 1851 1280 juxta
1883 1220 1958 1274 te,
1996 1220 2049 1265 et

456 1306 568 1362 vidi
604 1315 658 1361 te
709 1325 722 1361 :
760 1314 816 1360 et
850 1321 982 1361 ecce
1027 1314 1243 1374 tempus
1285 1313 1464 1369 tuum,
1510 1312 1727 1374 tempus
1770 1303 2046 1358 diverten-

458 1399 641 1453 tium:
685 1408 741 1452 et
801 1394 1040 1464 expandi
1080 1394 1200 1449 alas
1252 1407 1402 1449 meas
1446 1407 1610 1462 super
1648 1401 1720 1457 te,
1765 1399 1819 1445 et
1857 1391 2047 1460 operui

457 1486 820 1559 ignominiam
842 1496 1018 1540 tuam.
1061 1484 1129 1538 Et
1153 1482 1338 1553 jnravi
1370 1482 1495 1548 tibi,
1520 1490 1576 1538 et
1605 1482 1891 1551 ingressus
1923 1496 2044 1535 sum

460 1589 679 1648 pactum
707 1585 910 1642 tecum,
947 1577 1023 1629 ait
1050 1572 1316 1630 Dominus
1349 1572 1516 1629 Deus.
1536 1572 1603 1627 Et
1629 1573 1775 1627 facta
1799 1589 1860 1628 es
1890 1573 2045 1629 mihi.

465 1671 530 1725 Et
562 1671 668 1725 lavi
700 1679 752 1725 te
785 1684 949 1738 aqua,
983 1680 1041 1723 et
1068 1666 1366 1722 emundavi
1413 1666 1739 1737 sanguinem
1786 1672 1965 1730 tuum,
1992 1674 2047 1720 et

463 1766 597 1819 unxi
637 1773 690 1818 te
712 1764 859 1818 oleo.
895 1761 959 1815 Et
984 1760 1185 1827 vestiri
1210 1768 1264 1814 te
1295 1757 1692 1822 discoloribus,
1724 1764 1778 1811 et
1808 1757 2050 1813 calceavi

461 1862 516 1912 te
551 1854 873 1926 hyacintho,
914 1860 969 1906 et
996 1852 1144 1906 cinxi
1182 1860 1236 1906 te
1265 1851 1457 1921 bysso,
1502 1857 1557 1903 et
1595 1847 1751 1902 indui
1784 1856 1838 1902 te
1871 1848 2049 1902 subti-

462 1949 612 2003 libus
669 1964 735 2002 ex
787 1945 1038 2000 crinibus
1087 1943 1393 1998 contextis.
1446 1940 1514 1994 Et
1566 1939 1756 1995 ornavi
1795 1950 1847 1995 te
1889 1955 2051 1995 orna-

460 2049 667 2103 mento,
699 2048 754 2094 et
787 2039 915 2093 dedi
951 2037 1203 2091 armillas
1230 2037 1296 2091 ad
1316 2049 1514 2089 manus
1539 2044 1683 2097 tuas,
1714 2041 1767 2087 et
1795 2041 2049 2103 torquem

460 2135 610 2189 circa
650 2133 855 2187 collum
905 2139 1081 2196 tuum,
1121 2137 1175 2185 et
1214 2126 1342 2184 dedi
1390 2130 1638 2183 inaurem
1677 2140 1844 2196 super
1891 2138 2051 2179 nares

462 2234 608 2289 tuas,
652 2231 707 2277 et
730 2222 945 2276 rotulas
974 2235 1143 2290 super
1166 2234 1329 2274 aures
1364 2226 1510 2281 luas,
1543 2225 1598 2272 et
1630 2231 1890 2271 coronam
1933 2215 2051 2285 glo-

460 2315 666 2371 riosam
693 2315 748 2368 in
773 2314 956 2384 capite
983 2321 1079 2368 tuo
1106 2313 1148 2365 i.
1187 2330 1206 2363 ι
1244 2310 1308 2364 Et
1337 2310 1532 2380 paucis
1562 2307 1868 2377 interjectis
1895 2326 1907 2360 :
1941 2306 2053 2361 iSi»

462 2407 675 2471 mitam,
702 2406 904 2476 inquit,
932 2414 986 2460 et
1018 2405 1146 2469 mel,
1180 2413 1237 2459 et
1264 2405 1447 2460 oleum
1472 2400 1783 2458 comedisti.
1814 2398 1881 2453 Et
1904 2399 2051 2454 facta

464 2515 526 2556 es
557 2501 716 2555 valde
741 2498 998 2570 pulchra,
1026 2506 1080 2553 et
1120 2497 1253 2553 exiit
1278 2512 1480 2551 nomen
1512 2504 1669 2550 tuum
1706 2496 1758 2550 in
1797 2495 2051 2566 gentibus

464 2601 691 2664 propter
742 2590 1214 2662 pulchritudinem
1258 2600 1407 2643 tuam
1444 2587 1491 2642 J'.
1537 2608 1557 2641 ι
1606 2589 1671 2642 Et
1721 2590 1886 2657 paulo
1928 2596 2052 2656 post

464 2699 697 2741 rursus:
732 2702 751 2734 ι
792 2683 856 2736 Et
891 2682 1097 2737 accidit
1138 2689 1262 2751 post
1293 2685 1513 2736 omnem
1558 2679 1829 2733 malitiam
1877 2689 2048 2745 tuam,

463 2776 599 2831 dicit
632 2776 846 2830 Adonai
897 2774 1187 2839 Dominus,
1227 2773 1513 2830 aediﬁcasti
1557 2773 1656 2841 tibi
1694 2774 1946 2842 lupanar,
1997 2782 2053 2828 et

467 2865 657 2922 Iecisti
690 2867 792 2921 tibi
832 2867 1198 2937 prostibulum
1230 2866 1286 2919 in
1313 2865 1537 2920 cunctis
1574 2862 1791 2934 plateis.
1825 2864 1904 2918 Ad
1934 2879 2050 2919 om-

464 2974 588 3015 nem
611 2960 1022 3015 extremitatem
1042 2959 1145 3014 vise
1161 2957 1446 3013 mdiﬁcasti
1471 2959 1757 3029 lupanaria
1781 2968 1894 3021 tua,
1917 2957 1975 3027 9
1997 2966 2052 3012 et

464 3051 759 3122 corrupisti
812 3050 1073 3105 decorem
1126 3058 1283 3105 tuum
1332 3068 1346 3104 :
1387 3058 1443 3105 et
1479 3049 1715 3106 divisisti
1756 3064 1918 3105 crura
1958 3060 2048 3102 tua

462 3143 615 3198 omni
673 3143 1014 3205 transeunti,
1060 3150 1117 3198 et
1149 3142 1531 3212 multiplicasti
1577 3157 1768 3197 omnes
1812 3140 2053 3196 fornica-

463 3233 647 3289 tiones
681 3242 830 3289 tuas.
886 3232 951 3287 Et
984 3223 1262 3288 fornicata
1300 3248 1361 3288 es
1395 3248 1520 3289 cum
1553 3232 1685 3288 ﬁliis
1709 3231 1933 3303 Egypti
1966 3232 2050 3287 vi-

463 3325 610 3379 cinis
659 3325 771 3380 tuis
817 3339 1142 3395 magnarum
1193 3324 1445 3384 carnium
1495 3341 1509 3376 :
1564 3331 1618 3377 et
1666 3320 2052 3391 multiplicasti

463 3416 866 3475 fornicationes
907 3425 1035 3475 tuas
1078 3418 1147 3474 ad
1187 3416 1520 3473 irritandum
1564 3430 1672 3471 me.
1712 3433 1733 3467 ι
1760 3414 1827 3469 Ει
1859 3428 2053 3473 rursus

462 3518 590 3582 post
644 3525 824 3581 pauca
863 3529 879 3566 :
912 3530 929 3563 ι
972 3509 1083 3565 Nec
1119 3509 1264 3563 facta
1299 3523 1361 3563 es
1404 3507 1564 3577 quasi
1607 3507 1871 3565 meretrix
1910 3522 2054 3563 mer-

462 3602 627 3657 cedes
669 3602 965 3670 colligens,
1011 3599 1106 3655 sed
1152 3598 1352 3654 mulier
1390 3597 1643 3652 adultera
1680 3597 1884 3654 similis
1926 3599 2047 3664 tibi,

462 3709 589 3763 qua:
609 3694 731 3747 loco
753 3693 857 3747 viri
886 3692 975 3746 sui
995 3690 1273 3745 adulterat
1295 3703 1419 3743 cum
1445 3688 1644 3744 alienis
1676 3704 1690 3741 :
1714 3703 1837 3759 quae
1859 3700 2054 3757 praeter

466 3784 649 3839 virum
679 3797 838 3838 suum
885 3781 1096 3852 accipit
1135 3780 1439 3844 mercedes,
1490 3787 1545 3835 et
1587 3778 1848 3833 omnibus
1879 3778 2052 3833 forni-

466 3875 727 3930 eantibus
744 3890 867 3930 cum
900 3875 1021 3945 ipsa
1051 3872 1209 3929 addit
1234 3870 1540 3928 mercedes.
1560 3869 1831 3927 Omnibus
1854 3870 2052 3926 scortis

466 3966 677 4022 dantur
712 3965 1021 4030 mercedes,
1056 3973 1116 4020 tu
1152 3973 1336 4021 autem
1368 3962 1574 4019 dedisti
1603 3964 1886 4019 mercedes
1916 3978 2053 4019 cun-

464 4060 572 4114 ctis
612 4057 961 4112 amatoribus
1010 4056 1123 4111 tuis
1149 4072 1163 4109 :
1190 4064 1248 4110 et
1293 4053 1454 4110 donis
1504 4053 1775 4110 onerabas
1819 4054 1964 4116 illos,
1994 4060 2052 4108 ut

465 4149 745 4203 intrarent
791 4147 861 4201 ad
900 4156 952 4201 te
998 4144 1246 4214 undique
1298 4144 1366 4199 ad
1412 4142 1803 4199 fornicandum
1843 4150 2046 4199 tecum.

465 4226 804 4310 Factumque
827 4249 916 4294 est
944 4237 1000 4291 in
1036 4246 1087 4292 te
1128 4244 1323 4292 contra
1358 4234 1817 4292 consuetudinem
1857 4234 2053 4290 mulie-

465 4343 588 4383 rum
615 4327 668 4381 in
702 4327 1170 4383 t‘ornicationibus
1196 4327 1330 4392 tuis,
1355 4333 1558 4396 etpost
1589 4333 1640 4380 te
1671 4340 1778 4379 non
1805 4327 1911 4381 erit
1940 4324 2050 4381 for—

2140 499 2258 546 vet;
2286 484 2382 535 οὐκ
2432 483 2897 555 ἐσπαργανώθης·
2933 484 3056 537 οὐδὲ
3104 487 3360 555 ἐφείσατο
3393 491 3422 542 ὁ
3456 489 3735 561 ὀφθαλμὸς

2150 574 2244 627 ἐπὶ
2276 576 2357 628 σοὶ
2385 575 2479 628 τοῦ
2513 575 2736 645 ποιῆσαί
2766 592 2849 629 σοι
2878 577 2924 609 ²⁰
2956 577 3014 630 ἒν
3053 578 3116 631 ἐκ
3146 580 3362 633 πάντων
3399 581 3605 636 τούτων
3638 581 3733 636 τοῦ

2150 664 2339 718 παθεῖν
2369 683 2422 719 τι
2446 666 2536 718 ἐπὶ
2569 665 2652 719 σοί
2672 682 2684 694 '
2718 667 2812 720 καὶ
2848 668 3160 739 ἀπερρίφης
3186 671 3279 723 ἐπὶ
3314 671 3611 741 προσώπου
3639 672 3735 726 τοῦ

2149 756 2331 809 πεδίου
2387 759 2454 829 τῇ
2490 756 2793 827 σκολιότητι
2850 758 2950 828 τῆς
3003 759 3181 830 ψυχῆς
3230 779 3347 828 σου,
3374 758 3504 837 ἐνῇ
3549 764 3737 836 ἡμέρᾳ

2147 848 2391 917 ἐτέχθης.
2429 849 2538 901 Καὶ
2569 849 2783 919 διῆλθον
2817 850 2911 902 ἐπὶ
2947 851 3029 916 σὲ,
3077 853 3170 905 καὶ
3220 847 3360 906 εἶδόν
3402 871 3484 919 σε,
3527 871 3738 925 πεφυρ-

2152 940 2320 1009 μένην
2349 939 2405 994 ἐν
2429 940 2505 1009 τῷ
2535 940 2724 1010 αἵματί
2756 957 2871 996 σου.
2915 943 3025 995 Kal
3069 938 3201 996 εἶπά
3247 960 3350 997 σοι·
3399 945 3495 999 Ἐκ
3519 946 3614 999 τοῦ
3648 946 3737 1001 αἴ-

2151 1031 2322 1101 ματός
2350 1047 2444 1084 σου
2463 1032 2599 1101 ζωὴ,
2615 1030 2905 1103 πληθύνου·
2936 1032 3164 1104 καθὼςὴ
3187 1036 3418 1107 ἀνατολὴ
3440 1037 3533 1091 τοῦ
3560 1038 3735 1110 ἀγροῦ

2147 1124 2358 1177 δέδωκά
2392 1140 2473 1177 σε.
2524 1125 2636 1178 Kal
2681 1123 3045 1196 ἐπληθύνθης,
3077 1126 3174 1179 xal
3210 1126 3613 1198 ἐμεγαλύνθης,
3642 1131 3741 1182 καὶ

2148 1214 2395 1285 εἰσῆλθες
2416 1218 2494 1278 εἰς
2516 1215 2698 1279 πόλεις
2726 1215 3030 1269 πόλεων.οί
3055 1218 3252 1285 μαστοί
3272 1233 3364 1270 σου
3407 1218 3738 1290 ἀνωρθώθη-

2148 1323 2268 1372 σαν,
2301 1308 2396 1360 καὶ
2433 1308 2466 1377 ἡ
2515 1306 2633 1377 θρίξ
2670 1323 2762 1358 σου
2805 1304 3065 1359 ἀνέτειλε.
3112 1307 3184 1360 Σὺ
3215 1307 3273 1360 δὲ
3302 1302 3370 1378 ἧς
3407 1309 3607 1380 γυμνὴ,
3639 1309 3738 1363 καὶ

2146 1397 2549 1468 ἀσχημονοῦσα,
2583 1397 2692 1451 Kal
2719 1396 2931 1466 διῆλθον
2972 1397 3058 1451 διὰ
3092 1398 3209 1460 σοῦ,
3240 1400 3335 1453 καὶ
3363 1397 3505 1455 εἶδόν
3527 1418 3613 1453 σε’
3640 1403 3737 1455 καὶ

2151 1490 2259 1544 ἰδοὺ
2303 1491 2493 1560 καιρός
2536 1506 2653 1555 σου,
2696 1492 2788 1543 καὶ
2837 1491 3027 1561 καιρὸς
3076 1491 3478 1545 καταλυόντων’
3513 1494 3608 1546 καὶ
3652 1493 3735 1546 δι-

2147 1582 2391 1635 επέτασα
2414 1582 2515 1645 τὰς
2544 1582 2820 1653 πτέρυγάς
2853 1599 2955 1652 μου
2988 1583 3081 1634 ἐπὶ
3112 1583 3215 1647 σοὶ,
3244 1584 3338 1637 καὶ
3364 1583 3608 1652 ἐκάλυψα
3637 1586 3738 1654 τὴν

2151 1670 2539 1743 ἀσχημοσύνην
2572 1688 2688 1724 σου.
2737 1672 2848 1724 Kal
2893 1669 3087 1742 ὥμοσά
3122 1688 3224 1733 σοι,
3273 1673 3368 1726 καὶ
3397 1672 3647 1741 εἰσῆλθον
3679 1676 3739 1727 ἐν

2084 1741 2122 1797 Β
2150 1741 2383 1833 διαθηκῃ
2421 1763 2560 1833 μετὰ
2590 1761 2705 1825 σοῦ,
2737 1762 2888 1830 λέγει
2925 1761 3149 1816 Ἀδωναῒ
3194 1763 3419 1835 Κύριος.
3468 1766 3580 1821 Kal
3611 1766 3737 1833 ἐγέ-

2152 1869 2242 1906 νου
2281 1870 2392 1924 μοι.
2438 1853 2549 1905 Καὶ
2602 1852 2798 1907 ἐλουσά
2858 1870 2918 1906 σε
2978 1854 3155 1917 ὕδατι,
3199 1856 3293 1910 καὶ
3351 1855 3632 1910 ἀπέπλυνα
3678 1857 3740 1911 τὸ

2151 1938 2292 2014 αἷμά
2327 1961 2421 1997 σου
2469 1944 2579 1997 άπὸ
2627 1943 2754 1996 σοῦ·
2804 1945 2898 1999 καὶ
2947 1944 3142 2017 ἔχρισά
3187 1962 3247 1999 σε
3294 1948 3353 2000 ἐν
3390 1948 3577 2018 ἐλαίῳ.
3630 1951 3739 2002 Kal

2152 2034 2377 2087 ἐνέδυσὰ
2411 2050 2471 2087 σε
2506 2034 2756 2088 ποικίλα⁸
2791 2036 2885 2089 καὶ
2935 2037 3169 2092 ansam
3226 2055 3284 2092 σε
3323 2038 3594 2105 ὑάκινθον,
3642 2042 3739 2095 καὶ

2152 2125 2330 2191 ἕζωσά
2361 2144 2419 2179 σε
2452 2117 2655 2196 βύσσῳ,
2697 2131 2790 2182 καὶ
2831 2127 3149 2195 περιέϐαλον
3180 2144 3239 2182 σε
3281 2130 3586 2201 τριχάπτῳ.
3625 2132 3739 2186 Kal

2152 2219 2437 2288 ἐκόσμησα
2476 2235 2535 2272 σε
2569 2220 2777 2291 κόσμῳ,
2805 2222 2902 2276 καὶ
2929 2222 3231 2292 περιέθηκα
3257 2221 3445 2291 ψέλλια
3483 2225 3611 2294 περὶ
3638 2225 3739 2288 τὰς

2153 2305 2341 2375 χεῖράς
2375 2323 2490 2373 σου,
2530 2308 2623 2360 καὶ
2654 2307 2875 2378 κάθεμα
2902 2310 3031 2381 περὶ
3058 2311 3152 2364 τὸν
3179 2312 3450 2383 τράχηλον
3474 2331 3569 2366 σου
3593 2331 3604 2342 ·
3643 2316 3741 2369 καὶ

2151 2396 2326 2450 ἔδωκα
2383 2398 2602 2452 ἐνώτιον
2655 2400 2783 2471 περὶ
2833 2400 2924 2454 τὸν
2983 2402 3241 2474 μυκτῆρα
3271 2421 3385 2470 σου,
3412 2406 3505 2458 καὶ
3554 2387 3743 2477 τροχί-

2154 2505 2317 2552 σκους
2346 2490 2439 2543 ἐπὶ
2470 2489 2537 2543 τὰ
2566 2484 2686 2545 ὦτά
2712 2506 2827 2557 σου,
2864 2494 2955 2546 καὶ
2994 2494 3257 2564 στέφανον
3291 2498 3611 2567 καυχήσεως
3643 2499 3741 2550 ἐπὶ

2150 2580 2248 2650 τὴν
2297 2583 2541 2653 κεφαλήν
2593 2600 2709 2639 σου.
2770 2605 2789 2637 υ
2829 2585 2938 2639 Kal
2990 2587 3107 2657 μετ’
3148 2587 3334 2657 ὀλίγα·
3376 2608 3394 2640 ι
3428 2583 3739 2659 Σεμίδαλιν,

2151 2676 2245 2729 καὶ
2279 2678 2425 2747 μέλι,
2456 2679 2553 2731 καὶ
2578 2679 2756 2733 ἔλαιον
2784 2679 3006 2749 ἔφαγες.
3053 2682 3164 2735 Kal
3207 2683 3393 2752 ἐγένου
3426 2685 3565 2754 καλὴ
3606 2686 3743 2755 σφόα

2150 2769 2276 2841 δρα”
2324 2771 2419 2824 καὶ
2459 2772 2651 2842 ἐξῆλθέ
2698 2790 2794 2827 σου
2844 2774 3017 2845 ὄνομα
3054 2775 3112 2829 ἐν
3155 2778 3269 2839 τοῖς
3307 2776 3516 2830 ἔθνεσιν
3544 2777 3744 2849 ἐπὶτῷ

2151 2863 2338 2918 κάλλει
2368 2880 2481 2918 σου.
2521 2883 2539 2915 ι
2572 2865 2682 2919 Kal
2735 2867 2851 2936 μετ’
2885 2866 3039 2934 ὀλίγοι
3076 2868 3269 2923 πάλιν·
3305 2887 3324 2920 ι
3362 2871 3473 2923 Καὶ
3524 2871 3744 2939 ἐγένετο

2154 2953 2290 3023 μετὰ
2321 2953 2500 3017 πάσας
2524 2953 2623 3018 τὰς
2655 2956 2853 3019 κακίας
2878 2972 2997 3020 σου,
3043 2957 3190 3026 λέγει
3231 2959 3456 3012 Ἀδωναῖ
3502 2960 3740 3033 Κύριος,

2152 3048 2245 3101 καὶ
2270 3047 2625 3119 ᾡκοδόμησας
2655 3052 2850 3123 σεαυτῇ
2876 3051 2999 3122 οῐκη
3008 3069 3084 3122 μα
3108 3053 3367 3122 πορνικον
3384 3066 3398 3081 ⁸
3430 3053 3526 3106 καὶ
3548 3055 3747 3126 ἐποίη-

2156 3153 2255 3200 σας
2280 3139 2478 3208 σεαυτῇ
2509 3136 2719 3209 εκθεμα
2748 3141 2806 3193 ἐν
2837 3141 2984 3214 πάσῃ
3031 3140 3281 3213 πλατείᾳ,
3306 3142 3403 3195 καὶ
3435 3142 3524 3196 ἐπ’
3566 3144 3743 3215 ἀρχὴν

2156 3228 2338 3299 πάσης
2365 3228 2486 3282 ὁδοῦ
2510 3228 2867 3301 ᾠκοδόμησας
2894 3231 2964 3285 τὰ
2994 3233 3220 3302 πορνεῖα
3251 3234 3291 3263 ³³
3312 3249 3326 3263 ·
3356 3233 3447 3285 καὶ
3485 3230 3742 3304 ἐλυμήνω

2153 3320 2214 3373 τὸ
2264 3320 2463 3384 κάλλος
2510 3338 2626 3387 σου,
2662 3323 2758 3375 καὶ
2804 3323 3065 3395 διήγαγες
3109 3326 3178 3379 τά
3230 3325 3397 3397 σκέλη
3446 3340 3539 3380 σου
3577 3329 3743 3381 παντὶ

2155 3412 2398 3481 παρόδῳ,
2426 3412 2520 3465 καὶ
2558 3414 2865 3484 ἐπλήθυνας
2913 3418 3012 3487 τὴν
3054 3417 3311 3489 πορνείαν
3357 3434 3450 3471 σου
3472 3434 3484 3447 ·
3521 3420 3616 3473 καὶ
3648 3418 3741 3484 ἐξα

2155 3505 2486 3579 επόρνευσας
2514 3506 2606 3560 ἐπὶ
2648 3508 2776 3571 τοὺς
2824 3508 2974 3571 υἱοὺς
3016 3509 3295 3576 Αἰγύπτου
3324 3510 3450 3574 τοὺς
3477 3511 3741 3583 ὁμοροῦν-

2152 3597 2250 3659 τάς
2281 3613 2384 3662 σοι,
2423 3599 2552 3663 τοὺς
2599 3599 3076 3671 μεγαλοσάρκουςο
3129 3602 3224 3656 καὶ
3270 3602 3549 3674 πολλαχῶς
3575 3605 3621 3636 ’⁸
3649 3603 3741 3669 ἐξι-

2153 3687 2487 3760 επόρνευσας
2535 3691 2633 3744 τοῦ
2682 3695 3014 3763 παροργίσαι
3067 3712 3156 3764 με.
3202 3712 3221 3745 ι
3257 3696 3370 3750 Kal
3414 3695 3532 3766 μετ’
3584 3695 3741 3764 ὀλίγα
3784 3685 3791 3692 ’

2155 3777 2346 3832 πάλιν·
2391 3799 2409 3831 ‹
2446 3781 2557 3835 Kal
2603 3782 2703 3835 οὐκ
2751 3783 2940 3850 ἐγένου
2987 3784 3063 3847 ὡς
3105 3785 3282 3857 πόρνη
3329 3786 3641 3854 συνάγουσα
3670 3788 3739 3840 τὰ

2156 3869 2515 3941 μισθώματα·
2572 3874 2608 3942 ἡ
2657 3874 2795 3946 γυνὴ
2848 3876 2882 3946 ἡ
2931 3876 3244 3948 μοιχωμένη
3285 3878 3391 3931 ὑπὸ
3433 3878 3526 3931 τὸν
3568 3879 3740 3949 ἄνδρα

2154 3961 2328 4031 αὐτῆς
2355 3964 2437 4025 είς
2471 3963 2804 4033 ἀλλοτρίους,
2835 3966 2997 4037 ὁμοία
3029 3983 3143 4021 σοι’
3174 3971 3206 4040 ἡ
3243 3969 3393 4040 παρὰ
3419 3969 3511 4023 τοῦ
3544 3970 3738 4040 ἀνδρὸς

2148 4054 2320 4125 ,αὐτῆς
2345 4054 2696 4126 λαμϐάνουσα
2730 4057 3075 4127 μισθώματα,
3102 4062 3199 4113 καὶ
3229 4062 3362 4114 πᾶσι
3386 4063 3499 4125 τοῖς
3531 4063 3737 4131 ἐκπορ-

2154 4145 2406 4200 νεύσασιν
2434 4149 2516 4210 είς
2557 4147 2728 4220 αὐτὴν
2759 4148 3118 4219 προσδιδοῦσα
3148 4150 3495 4222 μισθώματα.
3526 4152 3737 4217 "auat;

2152 4236 2379 4308 πόρναις
2409 4237 2614 4292 δίδοται
2663 4238 3021 4310 μισθώματα·
3076 4243 3140 4295 σὺ
3187 4242 3246 4296 δὲ
3285 4243 3603 4311 προέδωκας
3643 4262 3735 4314 μι-

2154 4328 2417 4400 σθώματα
2448 4332 2581 4384 πᾶσι
2620 4333 2733 4396 τοῖς
2765 4334 3023 4402 ἐρασταῖς
3070 4351 3191 4387 σου*
3225 4338 3319 4390 καὶ
3363 4336 3408 4368 ’⁸
3455 4336 3735 4407 ἐφόρτιζες

464 4420 690 4476 nicatio.
729 4421 784 4474 ln
816 4435 884 4475 eo
905 4420 1075 4485 enim,
1103 4418 1250 4487 quod
1272 4418 1475 4473 dedisti
1498 4416 1801 4481 mercedes,
1819 4424 1873 4472 et
1907 4432 2048 4473 mer-

2152 4421 2349 4485 αὐτοὺς
2378 4421 2472 4474 τοῦ
2503 4421 2759 4494 ἔρχεσθαι
2790 4424 2927 4491 πρὸς
2955 4425 3013 4477 σὲ
3039 4425 3299 4481 κυκλόθεν
3329 4429 3385 4481 ἐν
3405 4431 3471 4497 τῇ
3508 4430 3734 4499 πορνείᾳ

463 4511 627 4568 cedes
648 4526 760 4567 non
791 4511 1081 4581 accepisti,
1106 4512 1313 4566 factum
1347 4518 1434 4563 est
1462 4508 1517 4562 in
1548 4517 1603 4563 te
1619 4510 2032 4578 perversumka
2082 4547 2088 4553 .

465 4603 685 4683 hit-quas
717 4611 1053 4673 sequuntur,
1084 4610 1215 4659 sunt
1238 4600 1489 4671 ejusdem
1521 4601 1757 4671 generis.

2153 4529 2265 4566 σου.
2315 4512 2426 4566 Kal
2480 4513 2695 4581 ἐγένετο
2752 4515 2810 4568 ἐν
2862 4515 2942 4568 σοὶ
2986 4516 3414 4588 διεστραμμένον
3454 4519 3606 4591 παρὰ
3636 4520 3734 4580 τὰς

2150 4607 2411 4674 γυναῖκας
2442 4608 2501 4659 ἐν
2532 4609 2598 4678 τῇ
2625 4610 2851 4679 πορνείᾳ
2892 4624 3015 4662 σου⁹
3051 4610 3147 4662 καὶ
3175 4611 3221 4641 ’δ
3257 4612 3392 4680 μετὰ
3423 4611 3480 4664 σὲ
3507 4612 3567 4664 ού
3601 4626 3735 4683 πορ-

460 4696 769 4752 νεύσουσιν.
803 4696 896 4751 Ἐν
926 4689 1004 4766 τῷ
1034 4694 1378 4766 προσδιδόναι
1441 4711 1499 4747 σε
1557 4694 1907 4765 μισθώματα,
1948 4701 2043 4748 καί
2084 4713 2164 4753 σοι
2194 4702 2516 4773 μισθώματα
2540 4703 2640 4757 οὐκ
2666 4704 2843 4775 ἐδόθη,
2876 4705 3089 4772 ἐγένετο
3121 4707 3177 4758 ἐν
3240 4709 3320 4759 σοὶ
3375 4706 3735 4778 διεστραμμέ-

460 4806 574 4844 νον.
612 4807 631 4841 ι
670 4775 783 4843 Kal
810 4790 881 4843 τὰ
912 4790 1041 4858 ἑξῆς
1062 4789 1158 4841 τοῦ
1189 4790 1356 4843 αὐτοῦ
1385 4789 1560 4851 είδους
1588 4790 1925 4859 ὑπάρχοντα.

532 4881 809 4947 Quidnam
862 4881 1048 4937 dicent
1111 4882 1185 4946 ii,
1245 4882 1337 4951 qui
1395 4880 1607 4937 Cantici
1692 4881 2033 4936 canticorum

459 4974 669 5043 scripta
701 4980 958 5042 carpunt,
992 4980 1047 5026 et
1084 4980 1340 5040 tanquam
1370 4972 1645 5042 impudica
1681 4971 2034 5039 interpretari

463 5066 690 5120 minime
714 5073 999 5131 verentur,
1055 5078 1178 5120 cum
1232 5065 1284 5118 in
1317 5065 1500 5119 Veteri
1551 5064 1904 5118 Testamento
1933 5076 2041 5116 non

461 5157 751 5213 d‘ssimilia
776 5158 883 5213 diei
902 5158 969 5213 de
988 5168 1149 5229 gente
1171 5155 1487 5212 Iudaeorum
1519 5156 1867 5210 invenerint?
1901 5154 2040 5207 Ecce

542 5333 560 5374 ι
605 5331 804 5389 Ezech.
838 5348 960 5397 avt.
996 5333 1152 5387 242.
1225 5333 1237 5383 ί
1293 5332 1429 5386 lhid.
1479 5332 1561 5393 t3,
1599 5332 1679 5383 ti.

2224 4883 2288 4936 Τί
2314 4883 2381 4937 ἂν
2409 4883 2615 4938 εἴποιεν
2648 4887 2698 4938 οἱ
2730 4886 2822 4938 τοῦ
2842 4888 3117 4958 ᾊσματος
3137 4887 3243 4941 τῶν
3271 4889 3532 4960 ᾀσμάτων
3563 4891 3730 4961 βλασ-

2152 4972 2463 5043 φημοῦντες
2505 4976 2566 5028 τὸ
2625 4976 2986 5047 σύγγραμμα,
3058 4979 3151 5031 καὶ
3231 4981 3546 5045 ἀκολάστως
3600 4987 3730 5038 αὐτὸ

2152 5066 2289 5116 νοεῖν
2323 5065 2651 5134 τολμῶντες,
2679 5068 2904 5121 τοιαῦτα
2934 5071 3027 5122 καὶ
3053 5072 3110 5124 ἐν
3145 5075 3209 5143 τῇ
3244 5074 3454 5145 Παλαιᾷ
3481 5078 3725 5153 Διαθήκῃ

2153 5158 2278 5226 περὶ
2307 5158 2404 5226 τῆς
2446 5159 2713 5214 Ἰουδαίων
2743 5160 2979 5230 πληθύος
3034 5164 3377 5233 εὑρίσκοντες
3415 5169 3727 5244 εἰρημένας

1762 5332 1782 5368 ιι
1822 5334 1958 5387 Ibid.
2004 5333 2193 5387 διμδι.

1755 5495 1883 5549 VAB
1896 5497 1983 5549 UE
2020 5496 2429 5557 LECTIONES.

472 5677 516 5708 η
543 5614 722 5708 ηλιοιὶι
1323 5613 1444 5708 cod;
1471 5613 1858 5708 “fient-Iud.
2048 5617 2091 5696 ξί
2118 5617 2252 5708 Cod.
2311 5620 2407 5684 τὰς
2432 5625 2688 5692 πορνείας
2727 5641 2838 5680 σου.
2912 5629 2956 5658 ²¹
2984 5624 3280 5695 πολλαχῶς.
3304 5624 3606 5700 Cod._add.
3641 5623 3724 5681 δέ.

479 5682 516 5762 ξ³
543 5685 648 5739 καί.
690 5684 859 5739 Abest
883 5698 913 5735 a
936 5682 1055 5737 eod.
1130 5682 1174 5712 ³⁵
1204 5683 1297 5735 καὶ
1330 5715 1392 5722 --
1416 5682 1864 5749 διεστραμμένον.
1904 5684 2024 5741 Des.
2050 5687 2102 5739 in
2134 5690 2259 5743 cod.
2389 5682 2399 5684 ἡ
2507 5682 2518 5692 ’
2670 5682 2681 5686 ⁷
3153 5682 3179 5695 "
3240 5682 3253 5689 '
3456 5693 3471 5700 -
