3940 6200
1730 204 1763 213 .-

182 310 236 378 ῈΊ
1088 319 1164 379 1N
1195 318 1581 379 CANTICUM
1615 319 1746 377 CAN

1850 319 1905 379 [Ἰ.
1954 345 2019 355 ·-
2050 320 2441 380 PREFATIO
3378 324 3447 393 38

203 427 310 483 ’1δοῦ
338 427 448 499 γὰρ
503 428 602 482 καί¹
661 430 915 486 ἐνταῦθα
953 435 1208 504 μαστοὺς,
1242 433 1337 486 καὶ
1373 433 1638 502 ὀμφαλὸν,
1676 449 1746 483 κα

1870 432 2017 486 enim
2048 441 2101 488 et
2137 433 2225 488 hie
2255 433 2445 495 ubera,
2470 440 2524 487 et
2551 431 2892 493 umbilicum,
2924 441 2976 489 et
3010 448 3193 497 crura,
3231 444 3287 493 et
3326 454 3443 491 ma-

203 522 358 591 σκέλη,
388 521 484 573 καὶ
505 522 729 592 χεῖρας,
761 524 860 577 καὶ
897 525 1067 596 ῥῖνας,
1102 525 1196 578 καὶ
1231 517 1369 588 ὦτα,
1414 524 1505 577 καὶ
1542 521 1757 587 κάλλος,

203 611 278 666 καὶ
304 610 547 682 ἀγάπην,
576 613 679 665 καὶ
708 612 1028 686 περίληψιν,
1058 615 1152 667 καὶ
1184 614 1478 684 συνάφειαν
1511 614 1761 685 εὑρίσκο-

203 720 301 769 μεν,
324 704 416 755 καὶ
436 703 621 758 πάντα
652 702 763 757 ὑπὸ
790 703 887 757 τοῦ
912 702 1049 757 Θεοῦ
1077 703 1183 759 τῶν
1198 705 1335 759 ὅλων
1365 702 1758 777 εἰρημέναίκαὶ

196 795 321 848 οὐδὲν
354 794 501 848 οὕτω
571 795 823 865 νοοῦμεν,
885 796 962 861 ὡς
1007 797 1474 867 ἀναγινώσκομεν,
1514 797 1634 851 οὐδὲ
1679 796 1759 866 τῷ

195 887 550 940 ἁτοκτεενοντι
578 887 889 957 πειθόμεθα
902 889 1187 961 γράμματι
1210 904 1225 920 θ
1252 888 1371 942 ἀλλ’
1398 887 1548 952 ἐντὸς
1564 889 1756 942 τούτου

193 977 483 1047 γενόμενοι,
504 977 611 1049 τὴν
640 977 734 1031 τοῦ
796 978 1113 1052 Πνεύματος
1157 979 1465 1053 ἐρευνῶμεν
1496 980 1754 1048 διάνοιαν,

192 1068 271 1121 καὶ
300 1068 391 1120 ὑπ’
423 1067 597 1120 αὐτοῦ
648 1067 1007 1138 φωτιζόμενοι
1046 1069 1433 1141 πνευματικῶς
1478 1067 1756 1140 ἐκλαμϐά-

187 1172 329 1225 νομεν
359 1155 431 1208 τὰ
486 1154 589 1208 τοῦ
645 1156 984 1227 Πνεῦματος.
1031 1158 1138 1210 Καὶ
1172 1158 1461 1222 ἀκούοντες
1491 1158 1626 1228 πρὸς
1657 1158 1751 1228 τὴν

198 1248 545 1320 Ἰερουσαλὴμ
589 1248 842 1315 λέγοντος
890 1247 985 1302 τοῦ
1027 1249 1200 1315 Θεοῦ,
1241 1268 1260 1302 ι
1312 1250 1372 1303 '0
1418 1252 1600 1322 πατήρ
1657 1266 1751 1302 σου

198 1341 533 1409 Ἀμορραῖος.
564 1339 704 1409 καὶὴ
733 1342 916 1411 μήτηρ
937 1355 1027 1392 σου
1058 1341 1316 1407 Χεττατα,
1353 1359 1371 1392 ι
1408 1340 1468 1394 οὐ
1494 1341 1749 1411 φυσικὴν,

185 1431 298 1485 ἀλλα
315 1430 612 1501 γνωμικὴν
635 1431 865 1501 νοοῦμεν
892 1431 1229 1501 συγγένειαν.
1259 1433 1414 1486 Κατὰ
1436 1435 1543 1505 γὰρ
1568 1434 1749 1504 φύσιν,

184 1520 263 1573 τοῦ
305 1522 567 1593 Ἀϐραὰμ
600 1518 741 1593 ἦσαν
775 1522 1052 1591 ἀπόγονοι,
1085 1522 1145 1586 ὃς
1170 1524 1234 1576 ὲκ
1259 1524 1354 1577 τοῦ
1384 1524 1504 1597 Σήμ
1541 1527 1750 1598 κατῆγε

181 1616 236 1667 τδ
258 1614 438 1683 γένος·
471 1614 620 1666 κατὰ
674 1613 730 1666 δὲ
791 1614 894 1685 τὴν
925 1616 1019 1669 τοῦ
1056 1618 1258 1687 τρόπου
1315 1617 1637 1689 μοχθηρέαν,
1674 1619 1751 1689 τῷ

183 1706 312 1774 γένει
342 1704 441 1758 τοῦ
474 1704 791 1775 καταράτου
822 1706 1130 1761 συνέϐαινον
1157 1708 1400 1761 Χαναὰν.
1429 1709 1518 1761 Διὸ
1545 1709 1640 1763 καὶ
1662 1711 1751 1765 τὸν

1868 538 1990 587 nus,
2021 532 2075 580 et
2096 539 2281 590 nares,
2307 535 2359 581 et
2387 540 2571 588 aures,
2603 532 2659 581 et
2689 525 2941 591 formam,
2983 536 3038 583 ct
3069 528 3442 592 dilectionem.

1865 620 1919 669 et
1952 614 2323 685 complexum,
2343 624 2399 670 et
2421 614 2871 685 coniunctionem
2904 617 3239 683 invenimus,
3270 636 3446 692 caque

1865 706 2048 762 omnia
2081 707 2228 762 dicta
2261 708 2329 764 de
2357 708 2469 764 Deo
2494 710 2879 765 universorum
2911 729 2922 764 :
2953 728 3128 781 neque
3156 720 3359 778 tamen,
3387 721 3446 767 nt

1864 797 2118 869 legimus,
2154 799 2237 856 sic
2268 798 2653 870 intelliglmus,
2681 816 2860 872 neque
2884 803 3157 857 occidenti
3194 802 3444 859 adhaere-

1863 903 1985 946 mus
2011 890 2228 956 litterae,
2281 891 2376 947 sed
2409 892 2644 947 interius
2683 903 3044 962 penetrantes
3086 912 3311 951 sensum
3356 896 3443 951 in-

1862 975 2250 1053 vestigamus,’
2263 981 2497 1053 ejusque
2519 982 2728 1039 lumine
2754 985 3443 1057 illustrati,qumspirilua-

1862 1071 1932 1127 lia
1956 1074 2061 1144 ιο
2080 1081 2229 1141 sunt,
2247 1074 2613 1150 spiritualiter
2634 1074 3011 1147 intelligimus.
3037 1076 3244 1131 Etcum
3271 1077 3438 1133 Deum
3539 1102 3547 1109 -

1860 1165 2120 1222 audimus
2153 1165 2239 1223 his
2277 1165 2469 1223 verbis
2525 1165 2966 1239 Hierosolymam
3021 1171 3387 1241 alquuentetn
3425 1189 3437 1222 :

1865 1277 1883 1309 ι
1920 1255 2082 1313 Pater
2103 1266 2235 1313 tuus
2264 1257 2636 1323 Amorrhmus,
2664 1267 2841 1314 mater
2871 1268 2963 1313 tua
2994 1260 3257 1323 Chettma,
3282 1282 3298 1314 ι
3327 1278 3439 1317 non

1859 1358 2090 1414 naturae,
2146 1349 2245 1406 sed
2302 1352 2503 1405 mentis
2538 1351 2923 1422 cognationem
2979 1354 3435 1409 consideramus.

1858 1441 2066 1496 Natura
2094 1444 2237 1497 enim
2269 1451 2427 1497 erant
2450 1440 2546 1497 ﬁlii
2577 1442 2835 1505 Abrahaz,
2865 1443 2957 1514 qui
2981 1459 3049 1498 ex
3082 1442 3246 1499 Semo
3267 1460 3439 1515 genus

1858 1534 2094 1589 ducebat
2132 1553 2144 1588 :
2182 1548 2399 1587 morum
2445 1543 2627 1589 autem
2665 1533 3019 1604 improbitate
3049 1542 3207 1589 erant
3244 1550 3310 1588 ex
3343 1550 3437 1605 ge—

1859 1636 1990 1678 nere
2040 1622 2322 1678 maledicti
2366 1623 2706 1680 Chanaanis.
2761 1624 2888 1680 ldeo
2939 1633 3150 1695 patrem
3205 1627 3440 1696 appellat

1857 1712 2264 1779 Amorrbaaum,
2327 1723 2554 1769 matrem
2608 1723 2792 1769 autem
2829 1715 3151 1781 Clicttzeam,
3206 1718 3332 1786 quia
3381 1717 3436 1769 hi

183 1796 379 1866 πατέρα
426 1798 782 1868 ’Λμοῤῥαίον,
803 1796 901 1868 τὴν
938 1797 994 1850 δὲ
1022 1799 1236 1870 μητέρα
1268 1796 1407 1852 εἶναι
1441 1800 1588 1869 λέγει
1618 1803 1741 1854 Χετ-

1854 1805 2168 1860 Chanaanis
2204 1811 2368 1859 erant
2402 1804 2517 1858 ﬁlii.
2550 1805 2798 1871 Quorum
2829 1807 2972 1862 enim
3013 1809 3222 1862 scelera
3256 1808 3439 1861 imita-

183 1889 321 1941 ταίαν
343 1906 358 1918 ·
384 1888 583 1951 παῖδες
618 1887 676 1941 δὲ
713 1883 860 1943 οὗτοι
884 1890 977 1943 τοῦ
1000 1892 1236 1945 Χαναᾶν.
1261 1886 1364 1945 Ὧν
1392 1892 1500 1963 γὰρ
1524 1894 1621 1963 τὴν
1652 1911 1747 1946 πο-

186 1983 363 2053 νηρίαν
385 1983 753 2052 ὶμιμήσαντο,
777 1981 983 2035 τούτων
998 1984 1045 2015 ’⁵
1063 1983 1255 2054 ἔλαχον
1280 1984 1378 2056 τὴν
1408 1986 1745 2054 συγγένειαν.

192 2072 272 2123 Διὸ
301 2070 389 2124 καὶ
421 2073 448 2122 6
472 2071 748 2143 μακάριος
791 2071 1044 2142 Ἰωάννης
1087 2073 1115 2125 6
1141 2073 1450 2144 Βαπτιστὴς
1478 2077 1591 2137 τοῖς
1614 2076 1749 2147 πρὸς

192 2163 335 2216 αὐτὸν
358 2161 743 2233 ἐξεληλυθὸσιν
774 2161 960 2231 ἐλεγε’
988 2181 1006 2213 ι
1041 2164 1358 2235 Γεννήματα
1386 2164 1629 2235 ἐχιδνῶν,
1666 2167 1755 2230 τίς

186 2254 441 2320 ὑπέδειξεν
473 2255 608 2324 ὑμῖν
664 2257 858 2324 φυγεῖν
899 2253 1006 2307 ἀπὸ
1055 2255 1154 2325 τῆς
1195 2256 1492 2326 μελλούσης
1540 2257 1745 2330 ὀργῆς,

184 2346 435 2415 Ποιήσατε
463 2341 561 2398 οὖν
582 2345 832 2414 καρποὺς
860 2343 1041 2410 ἀξίους
1069 2341 1170 2414 τῆς
1204 2345 1515 2414 μετανοίας,
1542 2346 1637 2400 καὶ
1672 2347 1746 2418 μή

1852 1896 2075 1959 bantur,
2108 1909 2295 1951 eorum
2329 1904 2483 1949 erant
2511 1897 2693 1950 sortiti
2718 1898 3125 1966 cognationem.
3153 1897 3435 1964 Quamob-

1852 2002 1966 2043 rem
2023 1997 2076 2042 et
2122 1987 2316 2042 beatus
2362 1985 2602 2042 Joannes
2636 1986 2881 2057 Baptista
2912 1990 3244 2044 exeuntibus
3279 1992 3345 2046 ad
3379 2006 3439 2046 se

1850 2067 2069 2134 dicebat
2095 2097 2107 2133 :
2133 2096 2151 2130 ι
2181 2078 2473 2134 Genimina
2498 2078 2831 2150 viperarum,
2857 2081 2982 2151 quis
3005 2082 3253 2135 ostendit
3281 2081 3435 2134 vobis

1852 2171 1971 2227 fore
2002 2181 2058 2225 ut
2079 2170 2376 2226 elabamini
2403 2185 2467 2225 ex
2498 2170 2580 2225 ira
2607 2186 2730 2242 quae
2761 2170 2980 2226 veniet?
3008 2168 3193 2226 Facite
3223 2170 3436 2225 fructus

1851 2258 2047 2333 dignos
2085 2264 2431 2332 poenitentia,
2475 2272 2530 2318 et
2571 2278 2638 2319 ne
2682 2262 2865 2317 velitis
2891 2262 3076 2317 dicere
3117 2263 3263 2317 intra
3289 2277 3432 2316 vos:

1852 2354 2069 2408 Patrem
2105 2353 2372 2409 habemus
2405 2353 2683 2409 Abraham
2720 2353 2763 2408 ι.
2794 2372 2811 2405 ι
2836 2352 2939 2420 Qui
2968 2370 3025 2409 sc
3046 2352 3187 2409 ﬁlios
3208 2355 3435 2409 Abrahae

180 2436 348 2506 δέξητε
390 2436 581 2504 λέγειν
632 2438 691 2490 ὲν
746 2436 981 2498 ἑαυτοῖς,
1024 2437 1104 2490 ὅτι
1160 2438 1379 2510 Πατέρα
1426 2438 1623 2508 ἔχομεν
1656 2438 1746 2491 τὸν

1850 2444 2196 2514 iactitabant.
2229 2461 2346 2511 eos,
2369 2456 2593 2516 propter
2617 2446 2840 2501 malitire
2873 2447 3288 2517 cognationem,
3336 2461 3435 2500 vo-

190 2525 448 2598 Ἀσραᾰμ.
499 2544 519 2578 ι
556 2528 668 2580 Καὶ
695 2529 822 2592 τοὺς
854 2527 950 2581 τὸν
982 2526 1234 2599 Ἀϐραὰμ
1272 2527 1594 2598 αὐχοῦντας,
1620 2546 1745 2598 γεν-

179 2619 381 2686 νήματα
403 2616 632 2687 ἐχιδνῶν
654 2618 1115 2690 προσηγόρευσεν,
1133 2617 1218 2669 διὰ
1241 2619 1341 2687 τὴν
1365 2619 1462 2688 τῆς
1485 2621 1748 2690 πονηρίας

180 2708 508 2777 συγγένειαν.
546 2709 663 2762 Καὶ
685 2709 847 2771 αὐτὺς
876 2708 933 2761 δὲ
965 2709 994 2759 6
1024 2708 1228 2780 Κύριος
1274 2711 1386 2773 τοῖς
1421 2712 1702 2781 εἰρηκόσιν
1728 2752 1742 2777 ,

182 2819 200 2851 ι
244 2802 431 2871 Ἦμεξ
462 2802 690 2874 Πατέρα
721 2801 917 2872 ἔχομεν
942 2802 1034 2855 τὸν
1065 2802 1335 2874 Ἀϐραὰμ,
1370 2821 1389 2855 ι
1412 2804 1746 2875 ἀπεκρίνατο

177 2893 372 2962 λέγων·
413 2912 433 2945 ι
476 2894 677 2964 ’Υμεῖς
701 2893 881 2948 ὲκτοῦ
945 2892 1151 2965 πατρὸς
1172 2895 1326 2966 ὑμῶν
1368 2896 1462 2950 τοῦ
1496 2897 1744 2952 διαϐόλου

179 2985 314 3039 emt.
343 3003 363 3035 ι
394 2982 507 3038 Καὶ
530 2984 748 3047 δεικνὺς
768 2985 871 3056 τὴν
891 2985 1068 3040 αξτίαν
1094 2986 1308 3054 ἐπάγει·
1337 3006 1354 3037 ι
1376 2990 1486 3041 Καὶ
1514 2990 1581 3041 τὰ
1608 2988 1744 3060 ἔργα

1849 2537 1994 2592 cavit
2024 2538 2302 2608 genimina
2360 2539 2703 2609 viperarum.
2739 2538 3066 2605 Quinetiam
3092 2538 3211 2608 ipse
3248 2537 3434 2592 Domi-

1849 2646 1953 2685 nus
1994 2629 2335 2702 dicentibus,
2366 2628 2650 2684 llabemns
2676 2638 2887 2700 patrem
2918 2629 3319 2695 Abrahamum,
3341 2643 3433 2683 re-

1848 2721 2067 2793 spondit
2111 2738 2124 2775 :
2158 2741 2178 2774 ‹
2212 2720 2322 2777 Vos
2346 2737 2410 2776 ex
2456 2729 2611 2791 patre
2644 2728 2828 2777 vestro
2876 2722 3098 2777 diabolo
3128 2723 3282 2778 estis.
3317 2741 3334 2773 ι
3363 2718 3433 2774 Ει

1848 2829 2068 2869 causam
2102 2813 2365 2879 aﬂ'erens,
2392 2812 2615 2883 subiicit
2649 2830 2662 2866 :
2707 2830 2725 2864 ι
2763 2812 2821 2868 Et
2860 2829 3024 2884 opera
3063 2815 3233 2884 patris
3262 2812 3432 2868 vestri

1846 2907 2013 2961 vultis
2038 2905 2298 2961 facerem.
2314 2926 2331 2959 ι
2353 2905 2483 2972 Qum
2514 2913 2695 2960 autem
2720 2920 2783 2961 ea
2803 2908 2912 2961 sint
2929 2922 3095 2977 opera
3115 2907 3430 2970 declarans,

1852 3018 1870 3049 ι
1907 2998 2021 3062 llte,
2069 2999 2282 3067 inquit,
2333 2997 2615 3052 homicida
2652 3004 2772 3052 erat
2812 2998 2883 3053 ab
2929 2998 3147 3052 initio“.
3176 3016 3195 3050 ι
3229 2996 3430 3052 Eodem

182 3075 265 3129 τοῦ
300 3073 502 3146 πατρὸς
525 3075 683 3147 ὑμῶν
708 3076 894 3130 θέλετε
937 3078 1131 3132 ποιεῖν.
1169 3097 1187 3129 ι
1215 3078 1324 3131 Καὶ
1352 3078 1528 3148 δηλῶν
1546 3081 1706 3133 ὁποῖα
1727 3119 1741 3143 ,

1850 3090 2013 3143 modo
2040 3100 2094 3144 et
2127 3091 2215 3143 hic
2231 3091 2478 3143 omnium
2506 3087 2673 3153 Deus,
2706 3087 2934 3154 «Radix,
2963 3089 3163 3160 inquit,
3183 3099 3235 3143 et
3266 3104 3433 3159 gene-

191 3188 207 3218 ι
224 3168 665 3237 Ἐκεῖνος,φησὶν,
679 3168 777 3221 ἀνθ
787 3168 1122 3239 ρωποκτὰνος
1134 3165 1200 3239 ἦν
1214 3169 1307 3221 ἀπ’
1325 3170 1359 3222 ἀ
1368 3172 1521 3240 ρχῆς·
1538 3189 1554 3221 ι
1573 3169 1749 3234 οὕτως

187 3256 454 3331 τοιγαροῦν
477 3259 571 3313 καὶ
591 3259 828 3314 ἐνταῦθα
854 3260 885 3312 6
904 3259 1017 3313 τῶν
1035 3260 1171 3314 ὅλων
1190 3260 1293 3331 ἔφη
1313 3260 1469 3325 Θιός·
1502 3280 1523 3312 ι
1543 3262 1604 3314 Ἠ
1624 3263 1747 3331 ῥίζα

193 3368 274 3404 σου
323 3353 409 3406 καὶ
458 3353 493 3421 ὴ
536 3349 748 3420 γένεσίς
784 3367 902 3415 σου,
944 3353 1007 3405 ἐκ
1040 3352 1141 3422 γῆς
1181 3352 1431 3406 Χαναάν.
1469 3351 1531 3407 '0
1565 3354 1749 3423 πατήρ

194 3456 276 3495 σω
297 3445 631 3516 ’Δμορραἴος,
658 3442 754 3495 xui.
772 3444 806 3513 ἡ
827 3441 1012 3514 μήτηρ
1029 3459 1123 3495 σου
1140 3443 1399 3497 Χετταία.
1433 3463 1452 3494 ι
1484 3438 1614 3496 Εἶτα
1634 3443 1744 3496 δει-

194 3536 310 3598 urbe
329 3535 422 3606 τὴν
449 3536 508 3588 ἐν
532 3534 798 3605 Αἰγύπτῳ
812 3533 1113 3606 διαγωγὴν,
1136 3535 1238 3605 τὴν
1270 3535 1615 3606 ἀτημέλητον
1648 3536 1744 3589 καὶ

194 3626 493 3696 κηδεμονίας
515 3626 777 3696 οὐδεμιᾶς
817 3625 1129 3698 ἠξιωμένην
1147 3642 1161 3656 ·
1188 3646 1207 3678 ι
1240 3622 1386 3700 Ἐνῇ
1412 3628 1593 3698 ἡμέρᾳ
1624 3628 1743 3681 ἐτέ-

192 3717 331 3790 χθης,
366 3704 544 3790 φησιν,
568 3720 673 3772 οὐκ
698 3718 896 3788 ἔδησαν
923 3720 1051 3783 τοὺς
1076 3719 1313 3789 μαστούς
1342 3737 1456 3775 σου.
1493 3740 1511 3772 ι
1547 3722 1747 3792 Τροπι-

192 3810 292 3873 uti»;
337 3812 428 3864 καὶ
474 3813 602 3873 τοὺς
630 3812 889 3881 μαστοὺς,
921 3812 1015 3865 καὶ
1050 3813 1174 3876 τοὺς
1200 3811 1433 3883 δεσμοὺς
1464 3829 1744 3883 προσαγο-

192 3899 391 3970 ρεύσας,
421 3902 608 3972 ἐπειδὴ
637 3899 758 3965 ἔθος
780 3904 902 3963 ταῖς
922 3901 1212 3973 παρθένοις
1232 3902 1485 3957 παιδόθεν
1506 3904 1615 3957 τῶν
1637 3922 1736 3974 ματ

192 3992 319 4044 στῶν
372 3992 764 4064 ἐπιμελεῖσθαι.
813 3993 907 4047 Διὸ
940 3995 1036 4048 καὶ
1061 3994 1149 4048 διὰ
1189 3995 1455 4067 Ἱερεμίου
1481 3995 1576 4049 τοῦ
1612 4014 1744 4067 προ-

191 4083 346 4152 φήτου
390 4085 550 4156 φησιν
610 4087 639 4139 6
684 4084 855 4148 Θεόςο
890 4103 909 4135 ι
947 4085 1041 4155 Μὴ
1083 4085 1399 4157 ἐπιλήσεται
1431 4085 1616 4156 νύμφη
1647 4083 1742 4138 τοῦ

190 4174 378 4245 κόσμου
402 4177 600 4245 αὐτῆς
616 4176 651 4247 ἢ
668 4175 1053 4248 παρθένοςτῆς
1070 4177 1483 4249 στηθοδεσμίδος
1502 4180 1695 4249 αὐτῆς
1717 4198 1736 4232 ι

187 4264 550 4335 ἐπιμελοῦνται
579 4267 639 4320 δὲ
659 4267 865 4321 τούτων
904 4268 1184 4339 παρθένοι,
1219 4272 1333 4332 τοῖς
1360 4271 1583 4333 οἰκείοις
1609 4288 1745 4340 νυμ-

186 4356 316 4423 φίοις
367 4359 619 4429 ἀρέσκειν
677 4358 1018 4430 βουλόμεναι.
1065 4360 1219 4413 Ἐπεὶ
1250 4355 1347 4412 οὖν
1396 4361 1445 4392 ’⁸
1485 4361 1742 4431 οὐδεμιᾶς

1850 3182 1991 3236 ratio
2022 3191 2113 3236 tua
2145 3198 2211 3236 ex
2263 3181 2525 3235 Chanaan
2560 3196 2574 3234 :
2620 3190 2777 3250 pater
2805 3188 2935 3236 tuus
2966 3181 3339 3247 Amorrhzeus,
3377 3185 3434 3233 et

1848 3278 2022 3326 mater
2063 3278 2155 3324 tua
2187 3270 2445 3324 Chettma.
2489 3288 2508 3321 ι
2543 3267 2751 3323 Deinde
2789 3269 3059 3339 abjectam
3108 3283 3174 3323 ac
3238 3269 3431 3338 negle-

1847 3370 1991 3416 ctam
2018 3360 2073 3415 in
2106 3357 2342 3429 Egypto
2376 3357 2667 3413 declarans
2698 3356 2924 3413 vivendi
2964 3358 3233 3412 rationem
3264 3366 3317 3413 et
3346 3358 3433 3412 di-

1846 3452 2138 3521 Sciplinam
2160 3468 2205 3504 τι
2220 3449 2359 3516 Quo,
2380 3447 2879 3520 inquit,die’genita
2899 3463 2981 3516 es,
3001 3462 3115 3502 non
3133 3448 3433 3503 vinxerunt

1846 3547 2017 3599 ubera
2044 3553 2153 3598 tua.
2170 3542 2302 3598 iPer
2328 3543 2745 3597 translationem
2770 3542 2941 3596 ubera
2964 3549 3017 3596 et
3038 3541 3254 3596 vincula
3271 3539 3427 3596 dicit.

1850 3636 1948 3704 Ῑι
1977 3633 2090 3689 Mos
2106 3633 2252 3688 enim
2275 3642 2359 3687 est
2376 3632 2687 3702 virginibus
2714 3631 2782 3687 ab
2798 3632 2915 3701 ipsa
2936 3631 3270 3701 pueritia,ut
3289 3631 3430 3686 ube-

1844 3741 1965 3782 rum
1998 3740 2187 3782 curam
2212 3731 2425 3796 gerant.
2464 3724 2606 3780 Hine
2628 3722 2774 3780 Deus
2800 3725 2964 3778 etiam
2996 3739 3092 3794 per
3128 3721 3427 3779 Jeremiam

1845 3819 2165 3890 pr0phetam
2205 3836 2217 3872 :
2259 3836 2281 3870 ‹
2304 3815 2564 3887 Nunquid
2596 3817 2979 3880 obliviscetur,
3025 3816 3236 3887 inquit,
3270 3815 3427 3885 virgo

1844 3911 2151 3967 ornamenti
2182 3909 2288 3972 sui,
2316 3916 2410 3963 aut
2434 3922 2638 3979 sponsa
2666 3907 2849 3965 fascia
2875 3908 3170 3977 pectoralis
3198 3922 3313 3962 sua:
3331 3906 3420 3959 οτι

1845 4004 1971 4059 Haec
2008 4011 2188 4059 autem
2237 4001 2483 4071 virgines
2534 4009 2753 4069 curant,
2806 4010 2865 4055 ut
2905 4002 3161 4071 placeant
3205 4001 3425 4072 sponsis

1844 4094 1979 4150 suis.
1999 4091 2269 4159 Quoniam
2295 4090 2466 4160 igitur
2490 4090 2733 4162 populus
2749 4088 3088 4156 Judazorum,
3110 4098 3234 4161 post
3266 4106 3424 4160 pere-

1843 4184 2210 4257 grinationem
2260 4181 2317 4235 in
2368 4180 2624 4250 ABgvao,
2663 4181 2872 4236 nullam
2917 4181 3113 4236 habuit
3158 4181 3286 4235 vita:
3335 4180 3423 4234 di-

1844 4276 2156 4346 sciplinam,
2189 4290 2293 4329 nec
2322 4276 2550 4330 virtutis
2574 4285 2759 4343 partes
2793 4273 3057 4335 excoluit,
3081 4274 3279 4328 merito
3303 4276 3378 4326 ait
3406 4294 3418 4326 :

1850 4386 1868 4419 ι
1908 4367 2004 4421 Die
2028 4381 2138 4435 quo
2166 4366 2348 4434 genita
2388 4381 2470 4431 es,
2513 4380 2627 4419 non
2671 4365 2972 4420 vinxerunt
3013 4366 3183 4419 ubera
3220 4372 3357 4415 tua:
3399 4382 3417 4412 ι

184 4448 479 4517 ἐπιμελείας
514 4450 783 4521 τετύχηκε
814 4451 952 4521 μετὰ
972 4449 1064 4504 τὸν
1098 4452 1194 4522 τῆς
1217 4453 1277 4505 ὲν
1307 4452 1568 4522 Αἰγύπτῳ
1595 4470 1739 4524 παρ-

1850 4460 1950 4513 hoc
1984 4465 2090 4522 est,
2120 4465 2326 4527 partem
2363 4472 2473 4527 qua
2501 4458 2716 4511 animus
2738 4457 2928 4520 alitur,
2962 4455 3247 4519 unde'lac,
3275 4455 3422 4523 quod

184 4541 348 4604 οικὲας
392 4541 581 4614 καιρὸν
643 4542 678 4612 ή
721 4541 995 4597 Ἰουδαίων
1032 4542 1262 4613 πληθὺς,
1317 4544 1441 4597 οὐδὲ
1496 4543 1607 4597 τῶν
1642 4546 1745 4615 τῆς

180 4630 368 4701 ἀρετῆς
399 4632 605 4703 μορίων
641 4633 987 4703 ἐφρόντισαν,
1024 4633 1254 4698 εἰκότως
1295 4637 1459 4704 φησίν
1484 4650 1499 4666 ⁸
1529 4653 1548 4687 ι
1599 4629 1743 4708 Ἐνῇ

179 4720 351 4793 ἡμέρᾳ
371 4723 618 4794 ὲτέχθης,
646 4723 747 4777 οὐκ
774 4723 975 4793 ἔδησαν
992 4726 1120 4790 τοὺς
1142 4726 1378 4796 μαστούς
1397 4742 1512 4779 σουο
1542 4745 1560 4779 ι
1582 4744 1743 4780 τουτ-

179 4814 304 4878 έστι,
342 4815 401 4867 τὸ
418 4815 713 4887 θρεπτικὸν
733 4816 832 4885 τῆς
853 4815 1032 4886 ψυχῆς
1080 4819 1287 4888 μόριον,
1327 4818 1388 4871 τὸ
1404 4818 1497 4871 τοῦ
1523 4819 1744 4888 θρεπτι-

179 4906 271 4956 ano-Ii
290 4907 556 4974 γάλακτος
603 4907 946 4976 γεννητικὸν,
983 4906 1298 4977 ἐπιμελείας
1334 4909 1434 4962 οὐκ
1475 4910 1736 4978 ἠξίωσαν,

182 4996 309 5051 ὥστε
340 5001 414 5063 εἰς
438 5000 628 5071 καιρὸν
647 4998 837 5070 ὀρέξαι
861 5000 978 5061 τοῖς
997 4998 1135 5069 μετὰ
1166 4998 1338 5052 ταῦτα
1361 5000 1458 5068 τῆς
1486 5000 1739 5054 διδασκα-

177 5089 288 5151 λίας
331 5089 423 5154 τὰς
466 5090 655 5161 θηλάς.
709 5090 823 5142 Καὶ
869 5087 1145 5158 ἐπιμένων
1195 5088 1262 5159 τῇ
1321 5092 1520 5160 τροπῇ,
1581 5107 1599 5142 ι
1652 5092 1738 5143 Ἐν

183 5176 339 5245 ὖδατι,
370 5184 544 5250 φησιν.
583 5183 687 5236 οὐκ
724 5180 1025 5250 ἐλούσθης·
1061 5198 1083 5231 ι
1113 5181 1381 5246 τουτέστι,
1423 5182 1532 5251 Τῆς
1574 5183 1741 5250 Αἰγυ-

184 5280 392 5351 πτιακῆς
416 5272 866 5344 εἰδωλολατρεεας
905 5272 1007 5325 οὐκ
1038 5272 1243 5326 ἀπώσω
1261 5273 1351 5325 τὸν
1385 5273 1553 5343 ῥύπον
1575 5292 1587 5305 ’
1605 5273 1739 5327 ἀλλὰ

1843 4549 2123 4604 nutriendi
2160 4549 2269 4603 vim
2310 4549 2493 4613 habet,
2525 4549 2791 4619 gignitur,
2830 4546 3060 4599 minime
3106 4545 3418 4609 coluerunt,

1844 4648 1902 4696 ut
1934 4643 1988 4694 in
2022 4650 2264 4709 tempore
2306 4640 2548 4709 posteris
2584 4638 2899 4707 disciplina:
2930 4637 3164 4708 papillas
3193 4637 3421 4692 exhibe-

1840 4742 1981 4788 rent.
2017 4731 2081 4784 Et
2107 4733 2162 4785 in
2192 4731 2559 4785 translatione
2587 4729 2913 4798 persistens.
2947 4747 2966 4780 ι
2994 4728 3173 4800 Aqua,
3218 4728 3419 4799 inquit,

1841 4838 2033 4878 nones
2062 4822 2172 4874 lota
2202 4839 2216 4875 :
2244 4840 2262 4873 ι
2287 4819 2341 4873 id
2364 4827 2468 4884 est,
2496 4818 2925 4890 AbA-Zgyptiaca:
2953 4821 3282 4875 idololatria
3299 4837 3419 4876 sor-

1843 4914 2011 4967 dibus
2039 4926 2146 4966 non
2181 4926 2240 4966 es
2273 4911 2531 4966 mundata
2568 4931 2580 4965 :
2619 4911 2717 4967 sed
2741 4928 2806 4966 ex
2857 4906 3419 4970 servitute'eveundo

1844 5012 2110 5074 tanquam
2157 5003 2210 5058 in
2253 5004 2433 5057 lucem
2478 5003 2646 5069 edita,
2693 5003 2871 5059 adhuc
2912 5014 3100 5074 partus
3141 5005 3300 5076 signa
3332 5022 3417 5059 re-

1846 5096 2008 5154 tincs,
2056 5107 2183 5146 cum
2225 5092 2412 5147 abluta
2460 5108 2567 5147 non
2615 5109 2718 5161 εις,
2762 5094 2856 5150 sed
2911 5103 3197 5152 maternas
3231 5098 3417 5151 sordes

1846 5183 2349 5240 circumferas.Huc
2370 5193 2621 5255 spectant
2642 5194 2694 5240 et
2709 5203 2831 5256 quae
2850 5195 3161 5256 sequuntur
3181 5187 3417 5258 :«Nequc

1850 5275 1963 5329 sale
1996 5275 2155 5330 salita
2188 5291 2270 5344 es,
2310 5298 2328 5332 ι
2357 5278 2506 5350 quod
2552 5280 2879 5335 obstetrices
2909 5281 3086 5335 solent
3112 5279 3415 5335 infantibus

243 5444 401 5506 1Luc.
447 5467 527 5517 In,
567 5450 620 5506 7.
693 5458 732 5487 ω
758 5449 927 5505 Joau.
958 5465 1074 5515 γιιι,
1116 5450 1207 5504 Η.
1272 5459 1295 5484 η
1321 5448 1457 5504 ibid.
1517 5467 1538 5488 ο
1565 5449 1852 5517 Jerem.tt,
1889 5454 1980 5510 52.

1404 5607 1640 5663 VARI/I3
1685 5609 2092 5668 LEOTIONES.

216 5712 253 5743 "
286 5719 504 5779 τούτων.
539 5723 669 5781 Des.
697 5725 755 5780 in
781 5724 913 5780 cod.
974 5725 1018 5756 ¹⁶
1047 5725 1167 5777 ἐπεὶ
1192 5719 1302 5777 οὖν.
1341 5722 1440 5779 Des
1483 5724 1533 5776 in
1569 5725 1691 5778 cod.
