3940 6200
514 287 582 351 39
1480 283 1965 343 THEODORETI
1995 281 2332 343 EPISCOPI
2358 282 2724 342 CYRENSIS
3706 281 3778 344 40

513 407 794 464 adbibere.
835 405 949 460 Hoc
988 406 1117 460 item
1157 421 1220 460 ex
1257 402 1532 473 allegoriae
1559 401 1774 471 legibus
1810 401 2085 472 intellige-

2194 400 2287 454 καὶ
2315 398 2479 452 οἱονεὶ
2505 396 2759 468 τεχθεῖσα
2782 395 2856 466 τῷ
2887 396 2980 466 τῆς
3007 394 3248 456 δουλείας
3273 393 3487 464 ἐκείνης
3517 391 3778 458 ἐξελθεῖν,

509 515 658 560 mus.
684 505 745 552 ut
774 497 857 552 sal
905 496 1251 567 spiritualem
1300 491 1650 562 prudentiam
1700 490 1997 562 signiﬁcet,
2039 499 2093 545 et

507 590 748 643 divinam
785 588 1118 651 doctrinam,
1139 599 1244 654 qua
1267 598 1351 647 ea,
1380 596 1502 651 qua:
1530 583 1812 652 corrumpi
1842 593 2090 651 possent,

509 695 538 733 a
576 679 868 750 putredine
909 681 1120 748 integra
1167 682 1589 730 conservantur.
1636 673 2006 740 Quamobrem
2040 682 2095 729 et

512 769 775 826 Dominus
834 770 1054 824 dicebat
1083 765 1379 835 discipulis
1415 781 1430 819 :
1468 783 1485 816 ι
1521 763 1732 820 Habete
1775 767 1857 821 sal
1881 777 1948 832 P;
1993 785 2009 818 ι
2037 775 2094 819 et

509 876 721 916 rursus:
736 881 753 913 ι
766 860 876 916 Vos
887 861 1018 915 estis
1037 858 1116 914 sal
1135 866 1350 912 terram.
1367 875 1384 907 ι
1402 857 1466 910 Ει
1484 856 1726 912 inVeteri
1741 857 2093 914 Testamento

509 949 835 1021 reperimus,
867 952 1080 1005 nullum
1114 951 1238 1004 sine
1263 950 1380 1005 sale
1404 950 1745 1006 sacrificium
1783 951 1896 1004 ﬁeri
1921 961 1966 1004 ι’.
2000 950 2091 1005 Sic

507 1041 640 1094 illud
690 1041 818 1094 item
869 1039 1298 1108 intelligendum
1353 1047 1460 1102 cst,
1493 1057 1511 1090 ι
1551 1036 1670 1092 Non
1705 1048 1788 1094 est
1819 1041 2090 1108 praecisus

507 1131 792 1185 iirnbilicus
841 1139 992 1183 tuus.
1039 1150 1057 1181 ι
1104 1129 1340 1193 Etenim,
1375 1131 1635 1200 quoniam
1683 1131 1997 1193 umbilicus,
2032 1141 2093 1185 ut

504 1222 729 1274 tradunt
761 1221 795 1275 ii
823 1223 918 1291 qui
952 1221 1067 1275 lia-c
1095 1222 1448 1291 proﬁtentur,
1474 1230 1560 1276 est
1583 1221 1729 1277 velut
1759 1222 1921 1277 radix
1942 1238 2091 1293 quae-

504 1315 626 1367 dam
643 1314 961 1383 embryonis
983 1314 1103 1384 (per
1131 1315 1312 1384 ipsum
1338 1314 1484 1369 enim
1507 1315 1651 1369 fetus
1672 1314 1774 1382 l2
1791 1315 1973 1370 haurit
1993 1315 2092 1369 ali-

504 1413 792 1466 mentum,
849 1414 904 1459 et
960 1414 1218 1476 augetur,
1267 1413 1434 1476 atque
1485 1406 1792 1475 perﬁcitur)
1833 1424 1846 1460 :
1884 1406 2092 1461 idcirco

504 1496 944 1566 Hierosolymam
1000 1513 1111 1551 non
1164 1513 1289 1552 esse
1335 1497 1622 1568 praecisam
1677 1497 1782 1551 hoc
1821 1497 1942 1550 loco
1992 1499 2089 1563 ait,

502 1587 706 1656 quippe
740 1602 885 1656 quae,
941 1603 1063 1642 cum
1107 1602 1172 1640 ex
1227 1585 1464 1657 Egyplo
1493 1594 1638 1640 esset
1675 1586 1880 1656 genita,
1913 1585 2092 1641 adhuc

503 1677 888 1748 {Egyptiacam
929 1677 1303 1731 idololatriam
1351 1676 1625 1739 hauriret,
1659 1684 1712 1730 et
1741 1691 1808 1730 ex
1837 1685 2092 1732 materno

503 1776 661 1822 utero
696 1767 903 1824 [indum
929 1768 1082 1821 illum
1117 1767 1303 1821 cibum
1335 1768 1658 1823 attralieret.
1700 1786 1718 1820 ι
1745 1767 1810 1820 Ει
1834 1769 2088 1832 transivi,
2124 1754 2164 1808 Β

501 1858 704 1929 inquit,
725 1859 887 1930 juxta
917 1870 990 1925 te,
1017 1868 1072 1915 et
1091 1859 1202 1913 vidi
1223 1869 1274 1914 te
1303 1859 1528 1914 mistam
1549 1860 1604 1913 in
1631 1862 1860 1932 sanguir
1921 1869 2037 1916 tuo.
2066 1880 2086 1914 ι

501 1951 788 2005 Sacriﬁcia
821 1953 910 2006 illa
947 1952 1247 2021 signiﬁcat,
1290 1967 1412 2020 qua:
1445 1951 1606 2008 idolis
1637 1953 2087 2010 immolabantur.

507 2061 524 2092 ι
556 2041 753 2095 Etdixi
784 2041 884 2095 tibi
914 2059 926 2094 :
958 2040 1082 2095 Vita
1107 2041 1176 2097 de
1205 2043 1476 2114 sanguine
1500 2054 1615 2111 tuo,
1641 2045 2036 2116 multiplicare.
2065 2066 2084 2098 ι

506 2132 619 2188 Illis
652 2133 800 2188 enim
839 2134 1121 2189 concessit
1155 2142 1214 2188 ut
1255 2135 1604 2191 immolarent
1639 2155 1653 2191 :
1695 2139 1958 2208 praecepit
1988 2153 2089 2194 au-

505 2231 615 2278 tem
645 2231 703 2277 ut
734 2224 1090 2279 immolarent
1121 2225 1224 2280 sibi
1268 2244 1281 2279 :
1317 2242 1428 2282 non
1461 2229 1610 2297 quod
1653 2229 1772 2299 ipse
1798 2231 2090 2288 sacriﬁciis

503 2325 709 2386 egeret,
745 2315 841 2371 sed
875 2327 935 2370 ut
969 2316 1275 2372 inﬁrmitati
1340 2318 1586 2390 ipsorum
1635 2321 1962 2393 indulgeret.
1996 2322 2090 2377 Vi-

501 2407 711 2473 ctimis,
729 2408 991 2478 inquit,et
1012 2411 1281 2479 sanguine
1295 2411 1589 2468 delectaris
1607 2414 1630 2466 ?
1648 2415 1902 2472 victimas
1923 2415 2090 2486 igitur

504 2509 704 2564 macta,
739 2514 852 2554 non
900 2499 1264 2567 daemonibus,
1321 2504 1417 2559 sed
1479 2506 1633 2560 mibi.
1674 2505 1942 2572 Quamvis
1987 2524 2089 2578 ego

503 2589 745 2646 victimis
771 2605 881 2644 non
916 2590 1212 2662 indigeam,
1238 2590 1356 2647 fero
1385 2601 1590 2660 tamen,
1619 2595 1866 2666 undique
1886 2612 2090 2652 consu-

503 2682 624 2736 lens
673 2681 836 2736 saluti
867 2690 995 2736 tum.
1037 2700 1056 2734 ι
1101 2681 1221 2736 Vita
1277 2684 1681 2756 igitur,inquit,
1719 2703 1787 2742 ex
1817 2690 2091 2758 sanguine

505 2783 621 2836 tuo,
659 2773 1054 2844 multiplicare.
1081 2793 1100 2826 ι
1133 2774 1218 2828 Ad
1251 2777 1504 2831 eumdem
1525 2778 1748 2832 modum
1783 2779 2090 2852 intelligen-

502 2867 634 2920 dum
683 2878 768 2922 est
806 2867 938 2922 illud
976 2887 988 2922 :
1038 2885 1056 2917 ι
1091 2865 1274 2922 Ubera
1326 2875 1419 2923 tua
1466 2877 1654 2923 erecta
1689 2880 1866 2925 sunt:
1907 2893 1926 2924 ι
1969 2888 2090 2942 qua:

502 2959 648 3012 enim
698 2973 810 3028 pra:
850 2958 1021 3015 nimia
1064 2959 1321 3022 lascivia,
1359 2968 1524 3030 atque
1557 2959 1830 3016 idolorum
1875 2963 2089 3018 insania

2193 491 2273 543 ἔτι
2307 492 2492 560 φέρεις
2525 488 2594 542 τά
2631 487 2726 541 τοῦ
2758 489 2918 540 τόκου
2956 487 3178 556 σημεῖα,
3222 485 3294 556 μὴ
3333 483 3778 553 ἀπολουσαμένη,

2193 581 2329 634 ἀλλὰ
2351 581 2442 634 τὸν
2475 578 2727 650 μητρῷον
2751 581 2794 610 ³⁷
2825 577 3185 648 περικειμένη
3217 575 3408 648 ῥύπον.
3440 573 3778 638 Ἀκολούθως

2193 671 2403 733 τούτοις
2420 670 2617 737 ἐπάγει
2641 687 2654 701 ·
2691 688 2708 720 ι
2751 669 2886 722 Οὐδὲ
2914 667 3002 721 an
3021 665 3269 737 ήλίσθης,
3300 684 3318 717 ι
3348 666 3484 736 ὅπερ
3514 664 3631 728 ἔθος
3656 669 3780 727 ταῖς

2199 763 2387 834 μαίαις
2421 761 2758 833 προσφέρειν
2807 763 2920 824 τοῖς
2954 759 3196 830 βρέφεσι.
3237 758 3346 811 Kai.
3368 757 3526 811 τοῦτο
3553 755 3610 809 δὲ
3632 757 3781 810 κατὰ

2194 857 2317 918 τοὺς
2341 854 2442 924 τῆς
2465 853 2795 923 ἀλληγορίας
2828 852 3025 922 νόμους
3073 850 3339 920 νοήσομεν
3361 864 3375 879 ⁸
3409 849 3542 911 ἅλας
3575 847 3782 911 εἰδότες

2192 946 2292 1016 τὴν
2318 944 2694 1015 πνευματικὴν
2719 943 2955 1005 σύνεσιν,
2987 942 3080 995 καὶ
3104 941 3201 1012 τὴν
3231 940 3380 994 θείαν
3399 939 3776 1004 διδασκαλίαν,

2192 1038 2291 1108 τὴν
2321 1036 2721 1106 διαστύφουσαν
2771 1034 2842 1087 τὰ
2874 1033 3173 1103 σεσηπότα,
3203 1033 3296 1086 καὶ
3335 1030 3451 1084 σῶα
3475 1030 3782 1100 φυλάττου-

2196 1149 2314 1184 σαν.
2347 1129 2438 1183 Διὸ
2478 1129 2618 1183 καὶὸ
2649 1127 2851 1200 Κύριος
2881 1126 3033 1194 ἔλεγε
3063 1128 3174 1190 τοῖς
3197 1123 3466 1195 μαθηταῖς
3488 1142 3500 1154 ·
3527 1143 3545 1175 ι
3584 1125 3782 1194 Ἔχετε

2195 1223 2356 1286 ἃλαςο
2388 1241 2405 1274 ι
2439 1222 2535 1275 καὶ
2565 1220 2726 1274 πάλιν
2750 1261 2764 1285 ,
2794 1239 2811 1270 ‹
2863 1219 3053 1288 Ὑμεῖς
3088 1220 3210 1271 ἐστε
3233 1217 3291 1270 τὸ
3321 1217 3454 1280 ἃλας
3479 1217 3577 1287 τῆς
3605 1217 3729 1284 γῆς.
3755 1237 3775 1267 ι

2194 1312 2304 1364 Καὶ
2337 1312 2394 1364 ἐν
2447 1313 2515 1382 τῇ
2563 1309 2778 1380 Παλαιᾷ
2823 1307 2878 1359 δὲ
2931 1306 3258 1376 εὑρίσκομεν
3293 1306 3550 1375 οὐδεμίαν
3587 1305 3782 1357 θυσίαν

2195 1402 2319 1456 ἄνευ
2352 1399 2492 1455 ἀλῶν
2522 1399 2991 1471 προσφερομένην.
3017 1396 3203 1460 Οῦτως
3251 1395 3478 1466 νοοῦμεν
3506 1397 3586 1460 τὸ,
3630 1397 3782 1449 ιΟύκ

2195 1493 2404 1564 ἐτμήθη
2427 1495 2455 1546 ὁ
2478 1491 2720 1562 ὀμφαλός
2749 1508 2862 1543 σου.
2879 1510 2896 1542 ι
2921 1489 3139 1559 Ἐπειδὴ
3164 1488 3271 1559 γὰρ
3297 1483 3406 1540 οἷόν
3428 1505 3509 1550 τις
3533 1487 3660 1560 ῥίζα
3682 1488 3780 1540 τοῦ

2193 1588 2457 1660 ἐμϐρύου,
2493 1586 2634 1641 κατὰ
2662 1586 2787 1649 τοὺς
2817 1586 2884 1638 τὰ
2927 1581 3153 1637 τοιαῦτα
3180 1583 3408 1646 δεινοὺς,
3447 1583 3475 1636 ὁ
3533 1580 3782 1651 ὀμφαλὸς

2194 1680 2430 1751 ὑπάρχει
2465 1679 2554 1749 (δι’
2595 1675 2762 1730 αὐτοῦ
2798 1678 2904 1747 γὰρ
2937 1675 3013 1738 ὡς
3063 1674 3153 1728 διά
3181 1692 3326 1738 τινος
3362 1674 3516 1744 ῥίζης
3547 1671 3780 1744 ἀρύεται

2192 1767 2293 1837 τὴν
2347 1765 2574 1838 τροφὴν,
2600 1767 2694 1819 καὶ
2723 1764 2968 1829 αῦξεται,
3002 1763 3098 1817 καλ⁵
3145 1763 3469 1832 τελειοῦται)
3499 1779 3512 1792 ·
3547 1763 3783 1825 εἰκότως

2192 1859 2426 1914 ἐνταῦθα
2455 1859 2553 1930 τὴν
2605 1858 2963 1929 Ἰερουσαλὴμ
2996 1857 3099 1926 ἔφη
3135 1857 3209 1928 μὴ
3247 1857 3577 1928 τετμῆσθαιο
3603 1856 3676 1918 ὠς
3718 1854 3781 1920 ἐξ

2193 1950 2469 2018 Αἰγύπτου
2496 1951 2595 2020 μὲν
2619 1949 2924 2020 τεχθεῖσαν,
2962 1949 3043 2002 ἐτι
3067 1949 3123 2002 δὲ
3151 1950 3243 2003 καὶ
3273 1951 3320 1982 ’⁸
3348 1949 3447 2020 τὴν
3469 1951 3778 2018 Αἰγυπτια-

2192 2043 2293 2114 κὴν
2310 2042 2750 2112 είδωλολατρείαν
2769 2043 3099 2114 ἀρυομένην,
3114 2043 3205 2095 καὶ
3227 2043 3290 2094 ἐκ
3304 2041 3406 2111 τῆς
3426 2040 3688 2113 μητρῴας
3706 2042 3778 2106 ”,

2192 2134 2390 2206 νηδύος
2412 2135 2510 2206 τὴν
2535 2135 2779 2206 πονηρὰν
2819 2134 3034 2203 ἐκείνην
3060 2133 3326 2186 ’έλκουσαν
3353 2133 3580 2203 τροφήν.
3617 2150 3635 2182 ι
3665 2132 3780 2185 Καὶ

2189 2228 2406 2298 διῆλθον
2432 2228 2522 2280 ἐπὶ
2546 2228 2626 2294 σέ,
2661 2227 2848 2298 φησιν,
2903 2226 2997 2280 καὶ
3051 2221 3188 2278 εἶδόν
3222 2242 3282 2278 σε
3331 2223 3689 2296 πεφυρμένην
3717 2225 3780 2276 ἐν

2190 2321 2268 2390 τῷ
2287 2320 2483 2391 αἵματί
2521 2337 2635 2373 σου.
2669 2339 2686 2371 ι
2712 2320 2783 2390 Ση
2794 2318 3046 2390 μαίνειδέ
3071 2321 3171 2380 τὰς
3197 2321 3307 2382 τοῖς
3340 2315 3580 2380 εἰδώλοις
3606 2334 3781 2387 προσ-

2191 2411 2497 2483 φερομένας
2524 2411 2736 2474 θυσίας.
2777 2431 2795 2463 ι
2829 2412 2940 2464 Καὶ
2969 2407 3100 2464 εἶπά
3145 2427 3225 2464 σοι
3245 2426 3259 2440 ·
3301 2410 3397 2462 Ἐκ
3425 2408 3519 2462 τοῦ
3541 2408 3780 2479 αἵματός

2193 2521 2286 2556 σου
2315 2502 2448 2572 ζωὴ,
2476 2502 2770 2573 πληθύνου.
2807 2523 2824 2554 ι
2865 2501 3086 2573 Ἐπειδὴ
3135 2501 3481 2572 συνεχώρησε
3524 2502 3621 2573 μὲν
3671 2502 3780 2554 αὐ-

2190 2597 2301 2658 τοῖς
2331 2592 2478 2647 θύειν
2503 2609 2516 2622 ·
2561 2593 2710 2659 αύτῴ
2743 2594 2800 2647 δὲ
2829 2593 2977 2646 θύειν
3017 2593 3409 2663 ἐνομοθέτησεν
3435 2631 3453 2658 ,
3480 2593 3580 2646 οὐκ
3611 2592 3780 2655 αὐτὸς

2192 2687 2382 2751 Θυσίας
2414 2687 2686 2758 δεόμενος,
2713 2687 2850 2740 ἀλλά
2871 2691 2936 2758 τῇ
2965 2686 3187 2741 ἐκείνων
3213 2687 3471 2757 ἀσθενείᾳ
3497 2703 3780 2754 συγκατα-

2191 2779 2414 2844 ϐαίνων,
2437 2779 2686 2851 Χαίρεις,
2730 2781 2886 2850 φησὶ,
2926 2780 3144 2843 θυσίαις
3179 2779 3273 2834 καὶ
3297 2778 3526 2848 αἴμασις
3557 2778 3630 2849 μὴ
3659 2779 3778 2841 τοῖς

2189 2873 2409 2944 δαίμοσι
2442 2871 2536 2925 θύε
2561 2890 2574 2904 ·
2607 2872 2720 2926 ἀλλ’
2767 2871 2892 2943 ἐμοὶ
2942 2872 3221 2943 πρόσφερε
3262 2869 3360 2933 τὰς
3405 2869 3616 2932 θυσίας.
3655 2870 3774 2922 Ἀν-

2191 2965 2386 3036 έχομαι
2417 2964 2546 3036 γὰρ,
2587 2964 2660 3036 μὴ
2701 2965 2955 3035 δεόμενος
2991 2963 3098 3018 τῶν
3139 2963 3420 3033 θυμάτων,
3454 2963 3537 3016 σοὶ
3571 2980 3779 3015 παντα-

501 3049 711 3117 dejeeta
732 3050 886 3119 prius
907 3049 1245 3119 pendebant,
1271 3049 1560 3122 diligentia
1589 3060 1642 3107 et
1664 3054 1949 3108 curatione
1970 3071 2085 3110 mea

2192 3056 2348 3128 χόθεν
2366 3056 2891 3129 πραγματευόμενος
2918 3055 3214 3126 σωτηρίαν.
3256 3054 3352 3108 Διά
3383 3053 3541 3108 τοῦτό
3565 3071 3733 3124 φησιν
3757 3071 3774 3086 ο

499 3150 683 3195 erecta
713 3151 868 3201 sunt.
898 3149 954 3196 et
979 3141 1046 3195 ad
1075 3141 1348 3210 virginum
1374 3141 1598 3197 redacta
1620 3143 1860 3199 modum.
1893 3143 2086 3201 Osten-

499 3233 578 3284 dit
598 3232 954 3286 mutationem
985 3235 1038 3286 in
1064 3233 1281 3298 melius,
1309 3242 1364 3288 et
1393 3234 1656 3303 impetum
1681 3235 1748 3290 ad
1771 3237 2078 3307 superiora,

498 3333 556 3379 et
587 3326 966 3394 temperantia:
1001 3325 1270 3381 studium.
1301 3344 1320 3377 ι
1352 3325 1667 3397 Etcapillus
1691 3337 1838 3391 tuus,
1877 3329 2082 3398 inquit,

499 3415 845 3485 germinavit,
877 3434 896 3467 ι
933 3416 1038 3470 hoc
1065 3426 1170 3477 est.
1211 3432 1336 3472 cum
1370 3432 1524 3471 esses
1547 3418 1700 3470 omni
1733 3429 1933 3474 ornatu
1963 3436 2082 3490 spo-

500 3505 652 3566 liata,
686 3515 912 3574 repente
937 3506 1194 3573 capillos,
1225 3505 1319 3574 qui
1338 3514 1668 3560 ornamento
1690 3522 1812 3562 esse
1834 3520 2080 3578 possent,

497 3599 766 3652 extulisti.
802 3617 820 3648 ι
861 3597 1014 3651 Nuda
1045 3603 1228 3652 autem
1261 3613 1408 3664 eras,
1433 3605 1487 3652 et
1513 3597 1840 3656 confusione
1854 3603 2032 3672 plena.
2056 3623 2074 3656 ι

501 3689 754 3743 Nondum
791 3688 938 3742 enim
980 3688 1065 3742 lex
1092 3687 1240 3751 data,
1281 3704 1459 3759 neque
1493 3691 1908 3748 tabernaculum
1947 3710 2082 3750 con-

501 3787 772 3835 structum
806 3778 1011 3841 fuerat,
1039 3794 1140 3835 nec
1176 3781 1345 3834 missa
1378 3781 1522 3836 dona
1560 3784 1862 3852 sponsalia.
1897 3785 2086 3858 Itaque

499 3873 763 3942 subjicit:
804 3891 822 3925 ι
868 3871 932 3926 Et
959 3873 1193 3928 transivi
1222 3873 1379 3942 juxta
1407 3881 1481 3939 te,
1514 3885 1568 3930 et
1591 3877 1704 3930 vidi
1737 3887 1789 3933 te
1828 3887 1922 3935 :et
1952 3895 2081 3936 ecce

499 3975 720 4035 tempus
750 3973 904 4020 tuum
934 3974 988 4020 et
1020 3974 1234 4035 tempus
1263 3967 1655 4023 divertentium
1691 3988 1702 4022 :
1770 3963 1932 4027 i'boc
1972 3984 2075 4040 est,

495 4056 580 4110 Ad
615 4056 934 4113 nubendum
965 4065 1086 4127 apta
1126 4057 1227 4128 13
1273 4056 1416 4114 facta
1456 4075 1535 4127 es,
1569 4070 1624 4115 et
1653 4061 1720 4115 ad
1757 4063 2077 4135 conjugium

497 4148 712 4203 idonea.
751 4167 770 4200 ι
800 4147 1146 4219 Quapropter
1168 4150 1404 4221 expandi
1424 4150 1540 4207 alas
1562 4167 1714 4209 meas
1744 4170 1910 4226 super
1937 4164 2081 4222 te,et

497 4241 694 4312 operui
743 4242 1101 4312 ignominiam
1135 4251 1309 4298 tuam.
1355 4264 1374 4297 ι
1399 4243 1506 4301 Per
1543 4248 1660 4302 alas
1695 4249 1847 4304 varia
1886 4266 2080 4308 mune-

494 4347 618 4387 rum
649 4347 847 4403 genera
873 4333 1164 4405 intelligit:
1191 4347 1385 4406 nempe
1407 4338 1808 4404 sacerdotium,
1837 4344 2078 4412 prophe-

2199 3168 2217 3200 ι
2278 3149 2373 3202 Ἐκ
2430 3148 2523 3202 τοῦ
2589 3147 2820 3219 αἵματός
2876 3166 2968 3202 σου
3021 3146 3158 3219 ζωὴ,
3202 3145 3497 3217 πληθύνου.
3554 3164 3573 3198 ι
3614 3143 3778 3199 Οῦτω

2189 3242 2473 3312 νοήσωμεν
2505 3243 2587 3305 τὸ,
2623 3260 2641 3291 ι
2679 3241 2742 3293 υἱ
2773 3239 2967 3310 μαστοί
2997 3257 3088 3292 σου
3128 3237 3564 3309 ἁνωρθώθησαν·
3596 3255 3612 3288 ι
3649 3237 3781 3290 ἀντὶ

2188 3336 2304 3399 τοῦ,
2338 3334 2668 3404 Καθειμένοι
2705 3334 2750 3364 ³ο
2783 3333 3045 3404 πρότερον
3087 3333 3175 3386 διά
3217 3331 3317 3402 τὴν
3351 3330 3548 3400 πολλὴν
3575 3329 3770 3382 ἀκολα·

2189 3425 2311 3478 σίαν
2351 3423 2448 3476 καὶ
2477 3421 2774 3493 ἀκρασίαν,
2804 3422 2899 3476 καὶ
2930 3422 3031 3492 τὴν
3055 3420 3184 3492 περὶ
3221 3420 3290 3474 τά
3320 3419 3516 3473 εἴδωλα
3551 3418 3774 3489 μανίαν,

2188 3515 2508 3587 ἐπιμελείας
2537 3515 2666 3582 παρ’
2713 3512 2848 3584 ἐμοῦ
2885 3513 3137 3583 τυχόντες
3204 3509 3630 3582 ἀνωρθώθησαν,
3676 3508 3777 3562 καὶ

2188 3609 2350 3662 οἱονεὶ
2377 3606 2662 3678 παρθένιον
2687 3606 2730 3638 ³³
2756 3605 3028 3674 ἐγένοντο.
3062 3603 3222 3670 Δηλοῖ
3245 3602 3419 3674 δὲτὴν
3445 3600 3539 3654 ἐπὶ
3568 3599 3628 3653 τὸ
3650 3598 3776 3669 βέλ-

2187 3719 2299 3755 τιον
2320 3699 2644 3770 μεταϐολὴν,
2694 3699 2790 3752 καὶ
2812 3698 2912 3768 τὴν
2937 3698 3032 3751 ἐπὶ
3064 3697 3134 3751 τὰ
3179 3697 3291 3751 ἀνω
3321 3696 3516 3766 ὁρμὴν,
3548 3694 3642 3748 καὶ
3670 3693 3777 3764 τῆς

2188 3794 2516 3866 ἐγκρατείας
2546 3793 2645 3863 τὴν
2690 3792 2902 3862 κτῆσιν.
2946 3810 2964 3842 ι
3011 3791 3121 3844 Καὶ
3184 3791 3217 3860 ὴ
3252 3788 3376 3860 θρίξ
3413 3804 3529 3852 σου,
3578 3786 3772 3856 φησὶν,

2189 3885 2468 3942 ἀνέτειλε·
2509 3904 2527 3937 ι
2580 3883 2827 3939 τουτέστι
2867 3881 3073 3952 κόσμου
3141 3879 3343 3942 παντὸς
3399 3877 3770 3948 ἐστερημένη,

2188 3980 2446 4049 ἐξαίφνης
2464 3977 2704 4048 ἔσχηκας
2740 3976 2936 4047 τρίχας
2963 3974 3238 4044 κοσμῆσαι
3268 3970 3596 4042 δυναμένας.
3641 3989 3660 4020 ε
3695 3971 3773 4024 Σὺ

2186 4073 2242 4125 δέ
2269 4067 2412 4143 ἦσθα
2438 4071 2621 4140 γυμνὴ
2647 4069 2739 4122 καὶ
2759 4066 3145 4138 ἀσχημονοῦσα
3171 4083 3184 4095 ’
3223 4085 3241 4116 ι
3271 4063 3482 4118 οὐδέπω
3502 4062 3610 4131 γὰρ
3639 4060 3774 4115 οὔτε

2187 4164 2347 4233 νόμος
2405 4160 2633 4224 ἐδέδοτο,
2690 4157 2816 4212 οὔτε
2849 4157 3022 4227 σκηνὴ
3077 4153 3499 4215 κατεσκεύαστο,
3536 4150 3660 4205 οὔτε
3695 4151 3768 4205 τὰ

2188 4253 2432 4325 νυμφικά
2495 4253 2622 4306 ἐδνα
2681 4251 3102 4321 προσενήνεκτο.
3160 4248 3249 4300 Διὸ
3305 4247 3534 4313 ἐπάγει·
3587 4263 3607 4296 ι
3652 4246 3774 4298 Καὶ

2187 4347 2398 4417 διῆλθον
2427 4345 2516 4400 διὰ
2545 4345 2664 4409 σοῦ,
2699 4344 2792 4397 καὶ
2841 4339 2980 4396 εἶδόν
3014 4357 3074 4393 σε
3098 4358 3111 4371 ·
3141 4340 3236 4393 καὶ
3265 4339 3372 4392 ἰδοὺ
3402 4337 3591 4408 καιρός
3645 4353 3769 4397 σου,

495 4427 654 4488 tiam.
697 4426 1130 4497 rempublicam,
1167 4442 1424 4498 regnum,
1476 4431 1769 4496 miracula,
1797 4434 1941 4488 dona
1967 4436 2080 4499 illa,

2190 4439 2281 4490 καὶ
2309 4435 2496 4502 καιρὸς
2525 4433 2905 4487 καταλυόντων
2931 4447 2944 4460 ⁸
2986 4450 3002 4482 ι
3045 4429 3166 4483 dtsz
3193 4428 3310 4494 τοῦ,
3346 4428 3540 4500 Ὠραίσ.
3577 4426 3770 4492 ἐγένου

495 4534 617 4588 quae
646 4520 831 4576 verbis
864 4528 1150 4589 nequeunt
1189 4520 1484 4588 explicari.
1534 4541 1551 4573 ς
1593 4522 1659 4576 Ει
1683 4524 1864 4593 jnravi
1901 4528 2022 4582 tibi.
2045 4548 2078 4598 ¹ι

497 4609 612 4664 lloe
644 4611 699 4664 in
743 4613 926 4682 magni
971 4611 1147 4666 Mosis
1193 4611 1429 4682 scriptis
1480 4615 1773 4683 perspicue
1818 4619 2084 4672 cernitur.

499 4720 518 4752 c
560 4700 776 4756 Levabo
809 4705 980 4766 enim,
1018 4704 1221 4773 inquit,
1261 4704 1318 4758 in
1368 4705 1570 4759 cmlum
1619 4722 1841 4761 manum
1880 4723 2080 4775 meam,

493 4803 549 4850 et
577 4793 778 4862 jurabo
806 4809 902 4862 per
925 4795 1208 4850 dexteram
1253 4812 1453 4860 meam,
1479 4807 1535 4852 et
1566 4797 1744 4854 dicam
1775 4820 1788 4854 :
1821 4801 1953 4858 Vivo
1981 4819 2084 4875 ego

493 4885 550 4939 in
581 4885 907 4940 saeculum".
937 4885 1033 4940 »Ει
1057 4903 1254 4942 rursus
1295 4907 1308 4942 :
1346 4907 1364 4940 ι
1406 4888 1543 4945 Vivo
1576 4907 1700 4962 ego,
1733 4905 1789 4948 et
1815 4895 1952 4951 vivit
1978 4913 2078 4953 no-

493 4993 617 5032 men
662 4992 866 5043 meum,
895 4985 953 5032 et
991 4978 1244 5048 implebit
1277 4996 1474 5036 manus
1509 4982 1730 5040 Domini
1763 4987 2078 5045 universam

495 5069 758 5125 terram‘.
801 5089 820 5123 ι
845 5068 1170 5125 Juramenta
1206 5071 1380 5141 igitur
1415 5090 1515 5128 sna
1554 5076 1632 5130 illi
1671 5078 1724 5132 in
1760 5083 2080 5137 memoriam

492 5168 738 5226 revocat,
772 5176 794 5213 ι
820 5159 1032 5224 Juravi,
1070 5160 1350 5230 inquiens,
1385 5162 1508 5224 tibi,
1531 5173 1584 5218 et
1615 5165 1901 5235 ingressus
1943 5185 2074 5225 sum

495 5252 549 5306 in
583 5263 742 5323 pacto
777 5261 985 5316 tecum,
1026 5253 1103 5307 ait
1126 5252 1400 5308 Dominus
1451 5253 1629 5311 Deus.
1665 5277 1681 5308 ι
1721 5257 2080 5329 chitimum,

2186 4529 2388 4598 γάμου,
2422 4527 2516 4580 καὶ
2545 4524 2825 4594 ἐπιτηδεία
2875 4523 3010 4596 πρὸς
3063 4519 3384 4589 συνάφειαι).
3417 4537 3436 4570 ‹
3472 4517 3562 4570 Διὸ
3580 4517 3772 4569 διεπέ-

2186 4637 2328 4674 τασα
2352 4618 2629 4690 πτέρυγάς
2674 4634 2774 4687 μου
2807 4615 2898 4668 ἐπὶ
2934 4614 2995 4668 σέ
3016 4631 3028 4644 ⁸
3069 4614 3166 4666 καὶ
3199 4611 3440 4680 ἐκάλυψα
3473 4610 3571 4681 τὴν
3596 4610 3774 4678 ἀσχη-

2191 4710 2429 4781 μοσύνην
2487 4727 2602 4762 σου,
2636 4728 2652 4759 ι
2690 4707 2953 4777 Σημαίνει
3011 4704 3066 4756 δὲ
3115 4703 3202 4756 διὰ
3233 4701 3342 4754 τῶν
3380 4699 3666 4770 πτερύγων
3698 4703 3772 4752 τὰ

2187 4804 2407 4858 ποικίλα
2437 4803 2777 4875 χαρίσματα·
2800 4801 2898 4870 τὴν
2924 4797 3247 4872 ἱερωσύνην,
3273 4794 3370 4864 τὴν
3402 4791 3772 4866 προφητείαν,

2183 4898 2283 4968 τὴν
2351 4896 2733 4968 δημαγωγίαν,
2789 4892 2885 4962 τὴν
2920 4889 3220 4962 βασιλείαν,
3257 4887 3326 4940 τὰ
3360 4886 3636 4955 θαύματα,
3665 4881 3772 4944 τὰς

2183 4991 2455 5062 ἀρρήτους
2479 4991 2692 5051 ἐκείνας
2717 4986 2947 5057 δωρεάς.
2991 5003 3007 5031 σ
3045 4984 3156 5037 Καὶ
3187 4981 3378 5052 ὥμοσά
3405 4997 3506 5032 σοι.
3544 4997 3564 5030 ι
3589 4976 3773 5030 Τοῦτο

2183 5080 2370 5149 σαφῶς
2388 5079 2534 5131 ἐστιν
2569 5079 2746 5147 εὑρεῖν
2776 5078 2832 5129 ἐν
2858 5077 2968 5138 τοῖς
2991 5073 3084 5127 τοῦ
3111 5072 3345 5143 μεγάλου
3360 5069 3604 5131 Μωσέως
3635 5083 3774 5134 συγ-

2182 5170 2529 5240 γράμμασιν.
2550 5187 2568 5218 ι
2616 5165 2758 5237 Ἀρῶ
2802 5165 2932 5235 γὰρ,
2965 5167 3150 5234 φησιν,
3177 5164 3256 5225 εἰς
3285 5162 3374 5212 τὸν
3393 5158 3621 5230 οὐρανὸν
3663 5166 3771 5226 την

2182 5264 2341 5332 χεῖρά
2371 5278 2496 5330 μου,
2528 5260 2618 5312 καὶ
2644 5257 2884 5328 ὀμοῦμαι
2916 5258 2981 5326 τῇ
3027 5256 3175 5325 δεξιᾷ
3212 5271 3313 5324 μου
3337 5269 3349 5282 ·
3379 5253 3474 5305 καὶ
3503 5251 3608 5319 ἐρῶ
3628 5268 3639 5279 ·
3677 5248 3770 5302 Ζῶ

561 5416 589 5457 ι’
630 5405 795 5462 Marc.
837 5424 916 5474 rx,
947 5407 1038 5463 50.
1095 5419 1140 5459 η
1180 5406 1368 5462 Matth.
1401 5423 1464 5469 ν.
1502 5411 1586 5462 l5.
1668 5420 1688 5444 τ
1732 5409 1908 5466 Levit.
1949 5429 2007 5475 ιι,
2049 5415 2085 5466 li

2216 5425 2236 5451 ³
2273 5413 2428 5468 Deut.
2467 5429 2638 5478 xxx",
2675 5413 2764 5466 40.
2841 5415 2856 5448 ι
2892 5409 3052 5466 Num.
3099 5427 3228 5475 xxv,
3265 5410 3354 5462 2|.

716 5508 728 5522 ‘
1793 5528 2026 5582 vanus
2088 5529 2502 5585 LECTIONES.

579 5617 624 5686 '7
650 5614 921 5686 μητρῷον.
955 5614 1078 5671 Des.
1113 5616 1166 5668 in
1203 5615 1325 5686 eod.
1365 5615 1782 5686 relictnspatio.

495 5685 543 5720 ³⁸
570 5684 1054 5757 (ΖοιΙξκαθήμενοι.
1132 5687 1170 5716 ³³
1208 5685 1346 5740 Cod.
1387 5684 1674 5753 παρθένοι.

1895 5618 1942 5650 ’⁸
1988 5621 2081 5672 καί
2146 5620 2269 5678 D08.
2305 5622 2360 5675 in
2387 5606 2542 5676 cod:
2613 5625 2655 5657 ²⁹
2691 5623 2971 5694 μητρῴας.
3013 5621 3135 5679 Des.
3164 5622 3297 5679 ibid.
3329 5622 3522 5678 relicto
3554 5625 3775 5695 spatio.
