3940 6200
210 316 264 379 il
1186 313 1267 372 IN
1290 308 1684 371 CANTICUM
1716 306 2007 366 CANTIC.
2043 331 2112 339 --
2145 302 2556 365 PIL'EFATIO-
3418 302 3491 368 42

220 429 316 499 ἐγὼ
344 429 425 492 εἰς
449 428 550 480 τὸν
582 427 784 482 αἰῶνα.
808 444 837 477 ν
874 425 981 481 Καὶ
1004 422 1165 477 πᾶλιν
1188 438 1201 453 ‘
1248 443 1266 473 ι
1319 421 1456 474 Ἀλλ’
1488 420 1521 490 ἢ
1554 418 1632 483 ζῶ
1669 416 1801 486 ἐγὼ,

1914 417 2108 487 inquit,
2138 398 2479 471 connuliium
2501 417 2849 467 contractum
2882 418 2985 474 est,
3020 410 3154 466 inita
3186 417 3315 466 sunt
3343 412 3489 468 inter

226 522 303 576 καί
334 521 403 592 ζῇ
432 520 496 572 τδ
514 520 700 591 ὄνομα
739 537 860 590 μου,
887 518 981 573 καὶ
1027 515 1300 587 ἐμπλήσει
1355 515 1388 584 ἡ
1429 513 1553 577 δόξα
1602 510 1805 582 Κυρίου

231 616 394 667 πᾶσαν
418 612 517 681 τὴν
546 612 680 681 γῆν.
733 631 751 662 ι
788 611 877 665 Διὸ
906 610 1012 664 τῶν
1038 607 1418 678 γεγενημένων
1453 606 1591 676 αὐτῇ
1629 605 1807 674 ὅρκων

231 705 653 775 ἀναμιμνήσκει,
673 703 768 757 καί
789 720 952 773 φησιν
975 718 988 731 ·
1007 719 1026 752 ι
1060 700 1272 770 Ὠμοσά
1303 716 1406 757 σοι.
1438 697 1532 750 καλ⁵
1560 694 1807 767 εἰσῆλθον

233 802 280 852 ἐν
310 795 545 867 διαθήκῃ
583 796 730 866 μετὰ
763 793 879 857 σοῦ,
901 793 1048 862 λέγει
1100 788 1332 844 Ἀδωναῒ
1364 788 1586 859 Κύριος.
1626 805 1646 839 ι
1680 785 1808 839 Ἐν-

231 906 401 958 νομον,
444 887 603 957 φησὶ.
640 886 837 953 γέγονε
897 884 957 938 τὸ
1018 881 1372 945 συνοικέσιον,
1398 880 1491 934 καὶ
1540 877 1807 948 συνθῆκαι

236 978 427 1049 μεταξὺ
462 976 622 1046 ἡμῶν
647 978 970 1045 γεγένηνται
996 992 1010 1006 ο
1059 974 1155 1027 καὶ
1184 971 1434 1042 προικῷα
1454 972 1808 1043 γραμματεῖα

233 1069 739 1141 παρηκολούθησαν,
789 1068 1023 1139 αἱρέσεις
1061 1066 1320 1136 ἐννόμους
1350 1063 1562 1135 ἔχοντα,
1604 1080 1805 1133 σημαι-

232 1160 418 1223 νοὺσας
442 1161 517 1223 ὡς
547 1162 596 1212 εί
635 1160 949 1230 παραϐαίης
972 1158 1069 1221 τὰς
1098 1158 1359 1227 κειμένας
1387 1156 1678 1226 συνθήκας,
1715 1157 1808 1209 καὶ

230 1252 323 1321 τῆς
342 1251 518 1314 οἰκίας
547 1250 882 1323 ἐκϐληθήσῃ,
903 1248 1122 1302 καὶτῶν
1149 1248 1316 1304 ἕδνων
1353 1247 1805 1318 ἀποστερηθήσῃ,

233 1344 319 1396 καὶ
345 1341 625 1412 ἁπελεύση
686 1340 890 1411 γυμνὴ.
932 1338 1121 1410 ὥσπερ
1166 1339 1534 1411 εἰσελήλυθας.
1578 1341 1650 1391 Σὺ
1699 1340 1808 1410 γὰρ

231 1433 343 1486 οὐδὲ
378 1432 457 1502 τῷ
486 1432 650 1503 γάμῳ
699 1433 1120 1502 προσενήνοχας.
1147 1431 1291 1499 Ἐγὼ
1335 1430 1391 1483 δὲ
1437 1432 1529 1484 καὶ
1557 1432 1808 1502 ὲρρυπω-

235 1527 398 1596 μένην
428 1524 760 1595 ἐξεκάθηρα,
796 1523 921 1587 ἁλὸς
951 1524 994 1555 ³¹
1019 1504 1388 1594 ἐστερημένην
1407 1523 1699 1594 διήρτυσαξ
1717 1524 1809 1575 καὶ

231 1618 443 1688 γυμνὴν
469 1612 639 1671 οὖσαν
657 1615 934 1687 ἡμερίασα,
960 1616 1054 1669 καὶ
1079 1615 1382 1669 ἀκόλαστον
1411 1611 1577 1669 οὖσαν
1608 1614 1808 1686 ὀρθοὺς

232 1709 372 1778 ἔχειν
405 1707 682 1778 πεποίηκα
738 1707 865 1771 τοὺς
924 1707 1182 1777 μαστούς.
1233 1707 1325 1759 Διὸ
1382 1707 1614 1774 ἐπάγει’
1644 1725 1662 1757 ι
1698 1707 1807 1759 Ka‘t
1842 1753 1883 1778 ﬁ,

232 1797 478 1868 εἰσῆλθον
493 1799 551 1851 ἐν
571 1796 807 1870 διαθήκῃ
829 1798 968 1868 μετὰ
992 1796 1107 1862 σοῦ,
1132 1797 1278 1865 λέγει
1318 1797 1546 1872 ’Δδωναῖ
1568 1797 1769 1868 Κύριος
1789 1813 1801 1824 “

231 1889 324 1942 καὶ
356 1890 543 1957 ἐγένου
585 1906 696 1958 μοι.
732 1891 831 1941 καὶ
854 1888 1045 1943 ἕλουσά
1086 1905 1144 1942 σε
1183 1888 1361 1953 ὕδατι,
1393 1889 1486 1942 καὶ
1524 1888 1810 1942 ἀπέπλυνα

231 1982 291 2034 τὸ
316 1976 456 2051 αἷμὰ
499 1998 592 2034 σου
636 1980 746 2034 ἀπὸ
788 1980 906 2043 σοῦ,
940 1982 1032 2034 καὶ
1084 1981 1274 2052 ἔχρισά
1323 1998 1382 2034 σε
1414 1982 1471 2033 ἐν
1502 1981 1686 2050 ἐλαίῳ,
1716 1982 1810 2034 καὶ

232 2073 457 2126 ἐνδέδυσά
478 2090 537 2126 σε
595 2072 854 2126 ποικίλα·
891 2073 984 2125 καὶ
1022 2073 1262 2125 ὑπέδυσὰ
1313 2089 1373 2124 σε
1405 2071 1681 2136 ὑάκινθον,
1715 2074 1810 2125 καὶ

232 2164 411 2228 ἔξωσά
440 2181 496 2217 σε
519 2163 725 2233 βύσσῳ,
766 2182 786 2214 ι
824 2164 918 2216 καὶ⁵
944 2162 1012 2216 τὰ
1041 2162 1188 2234 ἑξῆς.
1214 2162 1325 2216 Kal.
1345 2162 1504 2216 τοῦτο
1531 2163 1577 2195 ³³
1602 2162 1658 2216 δὲ
1692 2162 1808 2216 ἔστι

235 2255 422 2323 μαθεῖν
452 2253 696 2324 ἀκριϐῶς
721 2254 786 2305 ἐκ
814 2252 922 2305 τῶν
952 2252 1047 2306 τοῦ
1085 2253 1378 2307 θειωτάτου
1402 2254 1646 2317 Μωσέως
1675 2271 1808 2322 συγ-

234 2345 597 2415 γραμμάτων.
643 2344 882 2406 Ἐκεῖνος
909 2345 1015 2416 γὰρ
1040 2344 1131 2398 τὸν
1162 2345 1433 2415 ἱερατικὸν
1466 2347 1810 2399 κατασκευά-

233 2434 316 2501 ζει
341 2435 568 2505 κόσμον,
630 2436 726 2489 καὶ
763 2436 823 2489 τὸ
879 2435 1035 2504 ἅγιον
1084 2436 1263 2490 ἔλαιον
1301 2436 1399 2506 τῆς
1425 2437 1680 2508 χρίσεως.
1706 2436 1810 2489 ὑπὸ

232 2528 326 2580 τοῦ
354 2528 491 2582 Θεοῦ
514 2528 623 2581 τῶν
667 2528 804 2583 ὅλων
857 2528 1128 2600 διδαχθεὶς
1182 2529 1282 2599 τῆς
1340 2530 1688 2598 κατασκευῆς
1719 2528 1809 2581 τὸν

234 2621 449 2691 τρόπον.
484 2621 641 2674 Οὗτοι
670 2622 954 2691 νοήσωμεν
990 2621 1062 2673 τὰ
1083 2620 1274 2690 ψέλλια
1312 2620 1419 2673 τῶν
1469 2620 1687 2693 χειρῶν,
1720 2623 1811 2675 καὶ

236 2713 294 2763 τὴ
320 2711 536 2778 κὰθεμα
565 2712 611 2744 ⁸⁸
656 2712 750 2765 τοῦ
781 2712 1070 2783 τραχήλου,
1120 2715 1214 2766 καὶ
1253 2713 1313 2766 τὸ
1344 2713 1559 2768 ἐνώτιον
1582 2714 1673 2768 τοῦ
1710 2733 1809 2785 μυ-

238 2804 457 2875 κτῆρος,
481 2804 577 2856 καὶ
602 2804 728 2868 τοὺς
748 2803 1069 2875 τροχίσκους
1105 2804 1210 2857 τῶν
1236 2804 1413 2871 ὤτων,
1452 2808 1542 2860 καὶ
1574 2807 1664 2860 τὸν
1692 2807 1813 2860 στέ-

240 2912 404 2963 φανον
426 2895 530 2965 τῆς
582 2896 904 2965 καυχήσεως
955 2895 1048 2947 ἐπὶ
1100 2898 1201 2967 τῆς
1255 2897 1500 2967 κεφαλῆς
1538 2897 1809 2967 κείμενον.

238 2983 581 3055 Ψέλλιαογαρ
606 2983 804 3055 χειρῶν
834 2983 930 3055 τὴν
969 2985 1274 3056 πρακτικὴν
1296 2987 1497 3056 ἀρετὴν
1522 2987 1776 3057 ὀνομάζει
1795 3003 1808 3017 '

1909 522 2012 563 nos
2060 515 2242 577 pacta,
2286 504 2500 559 dotales
2550 502 2751 557 tabulae
2800 499 3066 555 confectae
3108 509 3258 565 sunt,
3300 509 3354 554 et
3388 502 3490 556 hac

1910 599 2069 668 legali
2125 613 2188 652 ac
2234 595 2549 652 voluntaria
2595 593 2919 649 conditione
2965 594 3314 656 conﬁrmata,
3354 601 3410 646 ut
3440 594 3486 647 si

1909 693 2067 756 pacta
2126 683 2461 758 violaveris,
2508 682 2673 737 domo
2734 681 3488 752 sponsalibusmuneribus

1909 786 2073 834 exuta
2119 776 2387 845 ejiciaris,
2416 783 2470 830 et
2512 775 2681 841 nuda,
2738 772 3203 846 quemadmodum
3236 788 3485 836 veneras,

1912 870 2227 925 revertaris.
2264 867 2412 922 Nihil
2440 868 2585 922 enim
2620 867 2686 921 ad
2723 865 2945 936 nuptias
2968 865 3221 920 attulisti.
3252 863 3364 935 Ego
3392 879 3489 917 au-

1911 973 2020 1017 tem
2063 967 2116 1014 te
2146 959 2405 1013 sordibus
2446 957 2790 1027 inquinatam
2821 954 3081 1021 abstersi,
3128 956 3260 1011 salis
3294 970 3490 1026 exper-

1911 1060 2019 1105 tem
2058 1051 2172 1107 sale
2207 1049 2449 1113 condivi,
2490 1048 2693 1102 nudam
2752 1047 2925 1113 indui,
2968 1056 3022 1102 et
3057 1046 3233 1114 effeci,
3276 1057 3333 1101 ut
3370 1064 3489 1119 qua:

1909 1144 2179 1199 dissoluta
2211 1144 2396 1197 fueras
2433 1152 2614 1196 erecta
2648 1140 2878 1194 haberes
2908 1140 3097 1194 ubera.
3122 1128 3486 1206 Quzuuohrem

1911 1232 2065 1289 addit
2103 1253 2114 1287 ε
2156 1251 2175 1284 ι
2218 1234 2284 1287 Et
2334 1232 2626 1303 ingressus
2672 1244 2794 1284 sum
2833 1230 2886 1281 io
2924 1237 3090 1299 pacto
3118 1237 3318 1295 tecum,
3355 1229 3489 1283 dicit

1914 1327 2178 1382 Dominus
2213 1324 2378 1379 Deus.
2411 1323 2477 1376 Et
2507 1322 2649 1377 facta
2690 1338 2751 1377 es
2778 1320 2910 1374 mihi
2950 1339 2963 1374 :
2996 1330 3052 1375 et
3090 1320 3197 1374 lavi
3232 1328 3284 1376 te
3319 1336 3486 1390 aqua.

1909 1426 1963 1471 et
1993 1415 2285 1471 emundavi
2310 1415 2636 1486 sanguinem
2678 1422 2857 1477 tuum,
2905 1425 2956 1470 el
2994 1414 3127 1468 unxi
3168 1422 3220 1467 te
3257 1417 3401 1477 oleo.
3438 1424 3491 1469 et

1912 1507 2106 1563 vestivi
2148 1517 2201 1562 te
2254 1507 2676 1562 discoloribus:
2710 1514 2764 1561 et
2810 1507 3057 1561 calccavi
3101 1514 3155 1562 te
3194 1505 3491 1576 hyacintho

1911 1609 1966 1654 et
2017 1598 2167 1653 cinxi
2219 1610 2270 1653 te
2324 1599 2532 1670 bysso:
2573 1617 2592 1649 ι
2628 1607 2681 1652 et
2715 1613 2837 1666 quae
2866 1598 3126 1668 deinceps
3161 1607 3489 1667 sequuntur.

1912 1690 2036 1745 llaec
2061 1700 2245 1745 autem
2276 1705 2344 1745 ex
2373 1688 2706 1745 divinissimi
2734 1687 2905 1743 Mosis
2926 1688 3149 1759 scriptis
3171 1687 3331 1742 facile
3365 1687 3493 1741 licet

1912 1784 2194 1853 colligere.
2216 1779 2426 1852 141116
2440 1781 2583 1836 enim
2598 1787 2647 1834 et
2668 1794 2822 1835 saera
2841 1780 3126 1833 constituit
3142 1784 3489 1839 ornamenta,

1911 1884 1963 1929 et
2021 1882 2274 1930 ﬂuctum
2327 1871 2610 1926 unctionis
2653 1872 2855 1938 oleum,
2909 1869 3377 1941 quemadmodum
3424 1868 3493 1921 ab

1911 1963 2156 2018 omnium
2178 1962 2290 2015 Deo
2320 1959 2501 2017 fuerat
2525 1960 2775 2015 edoctus.
2797 1959 2888 2014 Sic
2924 1958 3184 2014 manuum
3219 1959 3488 2019 armillas,

1912 2064 1966 2110 et
2005 2057 2133 2110 colli
2170 2063 2446 2126 torquem,
2490 2062 2544 2109 et
2585 2055 2838 2107 iuaurem
2882 2067 3052 2121 super
3091 2066 3277 2113 nares,
3308 2060 3362 2104 ct
3398 2066 3489 2103 ro-

1912 2147 2055 2202 tulas
2086 2147 2402 2213 aurium,ct
2434 2159 2695 2200 coronam
2725 2144 3073 2217 gloriationis
3108 2143 3273 2213 capiti
3315 2142 3492 2211 impo-

1912 2239 2074 2295 sitam
2133 2238 2526 2307 intelligamus.
2580 2236 2680 2289 Per
2731 2250 2993 2289 manuum
3038 2235 3182 2288 enim
3223 2233 3490 2297 armillas,

1911 2331 2147 2385 virtutes
2185 2329 2422 2385 morales
2470 2328 2748 2399 signiﬁcat
2792 2345 2804 2382 :
2845 2343 2942 2397 per
2994 2327 3202 2382 rotulas
3246 2327 3488 2388 aurium,

1911 2423 2224 2478 divinarum
2246 2420 2654 2491 Scripturarunt
2687 2420 3130 2492 intelligentiam,
3153 2436 3283 2491 qua,
3315 2426 3374 2474 ιιι
3401 2434 3492 2475 ro-

1912 2517 2043 2571 tulis
2086 2530 2273 2580 aures,
2315 2514 2398 2569 sic
2447 2513 2667 2567 animus
2710 2520 2793 2568 est
2838 2511 3124 2567 ornandus
3160 2527 3174 2565 :
3220 2511 3489 2581 percelli

1916 2617 2187 2676 torquem,
2225 2602 2575 2676 prudentiam
2608 2602 2663 2657 in
2693 2603 2980 2674 principali
3010 2612 3165 2673 parte
3199 2603 3491 2673 splenden-

1914 2709 2045 2765 tem,
2079 2714 2203 2770 qua:
2232 2698 2287 2751 in
2316 2696 2505 2762 corde,
2548 2695 2695 2766 quod
2722 2694 2921 2766 pendet
2943 2711 2971 2749 a
3002 2696 3170 2760 collo,
3203 2695 3441 2766 quiescit
3476 2712 3488 2746 :

1915 2806 2011 2863 per
2047 2791 2296 2845 inaurem
2341 2801 2474 2842 vero
2509 2802 2676 2857 super
2717 2801 2902 2852 nares,
2944 2787 3121 2856 legum
3174 2786 3491 2840 divinarum

1915 2887 2156 2948 frenum,
2194 2879 2425 2936 atauris
2459 2880 2750 2949 desumpta
2798 2879 3141 2949 metaphora,
3185 2880 3278 2949 qui
3336 2880 3417 2935 sic
3461 2893 3493 2933 a

1916 2975 2170 3031 bubulcis
2195 2984 2455 3045 aguntur.
2489 2971 2774 3043 Siquidem
2808 2978 2862 3025 ct
2903 2986 2997 3041 per
3015 2970 3211 3025 Oscam
3259 2970 3495 3040 prophe-

239 3074 563 3143 τροχίσκους
588 3074 644 3126 δὲ
672 3073 829 3127 ὢτων
853 3075 953 3145 τὴν
979 3075 1085 3128 τῶν
1113 3074 1273 3129 θείων
1304 3077 1500 3145 λογίων
1529 3078 1809 3147 ἀκρόασιν,

1918 3075 2030 3119 tam
2082 3064 2212 3118 talia
2261 3077 2459 3118 rursus
2507 3062 2758 3132 loquitur
2812 3060 2953 3151 Deus
2993 3080 3005 3114 :
3048 3079 3065 3111 ι
3114 3059 3271 3113 Sicut
3319 3060 3494 3114 vitula

238 3160 316 3223 ὧν
345 3166 563 3237 ἔχεσθαι
586 3168 668 3221 δεῖ
705 3168 1012 3239 καθάπερή
1046 3170 1183 3240 ἀκοὴ
1217 3168 1309 3222 τοῦ
1337 3171 1646 3241 τροχίσκου·
1685 3170 1817 3225 κάθ-

240 3276 349 3328 εμα
396 3259 455 3311 δὲ
509 3258 604 3312 τοῦ
634 3259 913 3331 τραχήλου
947 3260 1040 3313 τὸν
1070 3262 1168 3331 τῆς
1224 3264 1492 3324 συνέσεως
1518 3261 1721 3331 κόσμον
1759 3263 1817 3316 ἐν

239 3348 317 3418 τῷ
343 3348 662 3420 ἡγεμονικῷ
686 3349 991 3419 λάμποντα,
1014 3350 1042 3402 ὃ
1065 3353 1129 3421 τῇ
1161 3351 1358 3422 καρδία
1381 3351 1814 3415 ἐπαναπαύεται,

238 3442 304 3510 τῇ
324 3439 420 3493 τοῦ
448 3439 726 3510 τραχήλου
759 3439 1103 3512 ἐξηρτημένη
1130 3457 1142 3470 ·
1174 3440 1390 3495 ἐνώτιον
1412 3440 1468 3495 δὲ
1493 3443 1551 3495 ἐν
1578 3440 1817 3512 μυκτῆρι

240 3530 517 3600 κείμενον,
546 3529 657 3583 τῶν
698 3529 859 3583 θείων
897 3530 1077 3601 νόμων
1108 3531 1201 3585 τὸν
1252 3533 1469 3603 χαλινόν
1494 3550 1506 3563 ·
1552 3534 1624 3586 ’ἐκ
1656 3551 1819 3604 μετα-

241 3622 415 3690 φορᾶς
465 3620 581 3673 τῶν
631 3619 869 3690 ταύρων,
910 3621 1021 3676 τῶν
1064 3621 1237 3687 οὕτως
1268 3624 1373 3677 ὑπὸ
1407 3624 1514 3678 τῶν
1542 3623 1818 3695 βοηλατῶν

240 3713 549 3783 ἀγομένων.
583 3712 695 3767 Καὶ
725 3712 834 3783 γὰρ
853 3712 942 3767 διὰ
965 3714 1122 3784 Ὠσηέ
1162 3715 1258 3769 τοῦ
1281 3718 1557 3788 προφήτου
1590 3715 1820 3771 τοιαῦτα

240 3802 406 3855 πάλιν
458 3804 624 3871 φησιν
684 3804 713 3856 ὁ
767 3802 934 3866 Θεός·
967 3822 987 3856 ι
1031 3805 1120 3868 Ὡς
1171 3804 1404 3876 δάμαλις
1433 3806 1820 3878 παροιστρῶσα

241 3892 651 3963 παροίστρησεν
706 3891 965 3963 Ἐφραϊμ.
1017 3913 1035 3945 ι
1092 3895 1202 3947 Καὶ
1252 3894 1436 3957 πάλιν,
1488 3914 1506 3946 ι
1548 3897 1817 3959 Ἤκουσα,

241 3985 429 4055 φησιν,
466 3982 707 4053 Ἑφραῒμ
733 3984 1057 4055 ὀδυρομένου
1079 4001 1092 4014 ·
1128 3985 1484 4051 Ἐπαίδευσάς
1511 4004 1598 4058 με,
1624 3986 1818 4058 Κύριε,

241 4078 336 4128 καὶ
362 4076 469 4128 οὐκ
500 4073 831 4143 ἐπαιδεύθην
862 4091 876 4105 ·
908 4073 1099 4144 ὥσπερ
1128 4076 1327 4146 μόσχος
1346 4077 1448 4130 οὐκ
1479 4076 1815 4146 ἐδιδάχθην.»

1920 3164 2091 3210 (nstro
2111 3154 2319 3224 percita
2338 3137 2930 3222 insanivitEphraim-i
2945 3175 2961 3201 ι
2976 3151 3037 3204 Et
3060 3167 3152 3220 per
3166 3150 3490 3206 Jeremiam:

1926 3266 1943 3298 ι
1981 3246 2224 3311 Audivi,
2279 3246 2497 3316 inquit,
2544 3238 3276 3314 Ephraiuflamentantem:
3312 3243 3495 3298 Casti-

1923 3336 2064 3410 gasti
2094 3352 2200 3402 me,
2222 3335 2474 3400 Domine,
2505 3343 2560 3390 et
2598 3333 2851 3389 eruditus
2885 3347 2995 3385 non
3040 3348 3186 3397 sum,
3216 3334 3370 3402 quasi
3401 3332 3494 3403 ju-

1918 3427 2193 3482 venculus
2222 3440 2331 3480 non
2359 3424 2527 3481 didici
2547 3438 2624 3476 ι.»
2648 3421 2785 3476 Hinc
2823 3421 2981 3476 freno
3008 3423 3277 3491 ejusmodi
3301 3423 3496 3494 egebat

1919 3520 2167 3585 omnino,
2201 3524 2260 3572 ut
2284 3517 2351 3571 ab
2378 3515 2745 3586 incomposito
2766 3530 2960 3585 gressu
2991 3514 3363 3568 cohiberetur.
3383 3511 3499 3569 Hoc

1921 3612 2083 3667 modo
2139 3618 2196 3665 et
2250 3608 2487 3678 lupanar
2535 3605 2978 3678 intelligendum.
3032 3603 3309 3658 Idolorum
3349 3605 3496 3659 enim

1920 3705 2151 3761 delubra
2192 3704 2294 3758 hoc
2322 3702 2544 3757 nomine
2589 3697 2949 3772 significavit.
3002 3696 3262 3768 Lupanar
3310 3707 3496 3753 autem

1922 3796 2238 3867 appellavit,
2270 3796 2399 3865 quia
2431 3810 2556 3849 cum
2584 3799 2732 3848 esset
2750 3790 2862 3845 Deo
2897 3789 3219 3859 conjuncta,
3256 3802 3498 3859 cumque

1923 3887 2101 3941 virum
2162 3884 2486 3955 appellaret,
2542 3880 2823 3951 improbos
2878 3877 3161 3932 daemones
3202 3876 3498 3941 adamavit,

1924 3990 2089 4050 atque
2121 3977 2231 4031 illis
2262 3975 2462 4044 templa
2492 3971 2828 4036 construxit,
2874 3977 2928 4025 et
2973 3984 3095 4039 quae
3127 3984 3157 4022 a
3198 3966 3305 4023 Deo
3337 3982 3500 4022 acce-

1924 4077 2079 4140 perat
2110 4081 2360 4129 munera,
2397 4080 2461 4120 ea
2492 4061 2837 4117 daemonibus
2872 4069 2955 4114 est
2996 4060 3241 4129 elargita.
3287 4057 3499 4111 Idcirco

244 4165 335 4218 Διὸ
366 4166 685 4233 ἀναγκαίως
708 4163 803 4218 τοῦ
831 4165 1073 4219 τοιούτου
1112 4166 1332 4236 χαλινοῦ
1363 4168 1580 4239 ἐδεήθη,
1605 4169 1691 4221 ἵνα
1721 4168 1810 4238 τῆς

1925 4160 2153 4232 subjicit
2185 4178 2198 4213 :
2234 4176 2253 4211 ι
2285 4157 2366 4211 Ad
2397 4172 2559 4211 omne
2589 4161 2756 4224 caput
2789 4153 2885 4207 via:
2904 4150 3185 4206 :edifieasti
3214 4148 3501 4218 lupanaria

242 4256 484 4313 ἀτάκτου
514 4258 686 4327 φορᾶς
710 4255 799 4308 διὰ
825 4255 1016 4311 τούτου
1039 4258 1338 4329 κωλύηται.
1362 4259 1518 4312 Οὕτω
1537 4261 1810 4331 νοήσωμει

1925 4262 2038 4318 tua,
2072 4262 2125 4307 et
2158 4250 2459 4321 corrupisti
2483 4248 2737 4302 decorem
2764 4252 2918 4298 tuum
2956 4250 3043 4297 :et
3066 4240 3307 4295 divisisti
3332 4254 3498 4293 crura

244 4349 340 4401 καὶ
361 4349 622 4420 πορνικὸν
638 4349 866 4421 οἴκημα.
882 4351 1027 4414 ,Τοὺς
1040 4351 1149 4422 γὰρ
1168 4350 1275 4403 τῶν
1288 4350 1520 4403 εἰδώλων
1536 4329 1717 4414 οἴκους
1735 4350 1810 4404 διὰ

1925 4354 2014 4399 tua
2050 4345 2199 4399 omni
2227 4339 2562 4396 transeunti.
2601 4358 2633 4390 ι
2657 4335 2750 4392 llis
2776 4335 2961 4390 verbis
2988 4333 3250 4403 exprimit
3270 4330 3371 4398 15
3388 4329 3496 4381 vim

242 4437 447 4491 τούτων
465 4440 563 4510 ἐσή
571 4420 997 4513 μανε.Πορνικδν
1010 4443 1066 4495 δὲ
1083 4420 1213 4497 aii-co
1227 4444 1663 4514 προσηγόρευσεν
1675 4443 1810 4512 οῐκη·

1931 4436 2177 4491 libidinis
2209 4432 2617 4489 incredibilem.
2645 4428 2765 4482 Non
2799 4427 2944 4482 enim
2972 4440 3095 4479 cum
3133 4420 3500 4475 fantiliaribus

248 4547 346 4599 μα·
366 4509 562 4601 ἐπειδὴ
579 4529 691 4586 οἷον
707 4533 752 4566 ³⁸
773 4509 1437 4606 τῷεθεῷσυνημμένη,καλ.
1452 4509 1639 4589 τοῦτον
1658 4509 1810 4606 ἄνδρο

1928 4527 2062 4583 solis
2092 4525 2332 4580 habebas
2359 4518 2843 4580 consuetudinem,
2895 4513 2990 4569 sed
3025 4514 3220 4566 ardore
3253 4509 3498 4564 libidinis

245 4622 734 4690 όνομάζουσα,τῶν
754 4602 1009 4698 πονηρών
1040 4602 1252 4699 ἠρέσθη
1268 4602 1557 4699 δαιμόνων,
1590 4631 1682 4684 καὶ
1706 4602 1810 4683 τού·

1927 4619 2116 4675 furens
2182 4632 2306 4671 cum
2372 4614 2631 4672 omnibus
2701 4605 3164 4680 praetereuntibus
3224 4602 3501 4674 impudice

244 4726 356 4774 τοις
378 4712 635 4782 ἐδείματο
661 4719 842 4781 ναοὺς,
861 4719 1038 4772 καὶτὰ
1055 4720 1159 4773 ὑπὸ
1184 4720 1276 4774 τοῦ
1293 4720 1427 4777 Θεοῦ
1449 4721 1810 4793 χορηγούμενα

1928 4710 2398 4768 eommisceharis.
2428 4705 2735 4760 Mistionem
2765 4703 2853 4756 hic
2883 4714 3078 4754 rursus
3127 4697 3356 4768 ﬁgurate
3398 4712 3501 4750 no-

246 4801 384 4871 αὐτῇ
414 4802 567 4872 δῶρα
605 4805 816 4869 τούτοις
841 4809 1168 4881 προσέφερε.
1200 4811 1297 4864 Διὰ
1344 4811 1502 4864 τοῦτο
1534 4814 1781 4879 ἐπήγαγε
1807 4828 1810 4837 ‘

1932 4807 2105 4859 minat
2132 4804 2340 4856 cultum
2374 4799 2669 4854 idolorum.
2700 4790 3263 4850 Animadvertendum
3288 4796 3375 4844 est
3401 4804 3500 4841 au-

254 4910 271 4939 ι
284 4893 330 4943 Κ
342 4894 394 4945 αὶ
408 4893 496 4946 ἐπ’
509 4896 682 4967 ἀρχὴν
697 4898 841 4968 πάση
852 4918 875 4961 ς
891 4900 1009 4954 ὁδοῦ
1022 4901 1272 4973 ᾠκοδόμη
1281 4919 1377 4965 σας
1393 4901 1458 4954 τὰ
1474 4902 1697 4972 πορνεῖὰ
1709 4918 1810 4953 σου

1935 4906 2064 4961 tem,
2092 4894 2293 4963 quibus
2338 4889 2622 4945 vocabulis
2668 4895 2854 4942 utatur
2886 4883 3036 4941 Deus
3086 4884 3500 4939 universorum,

248 4985 345 5037 καὶ
363 4984 617 5057 ἐλυμήνω
632 4990 695 5041 τὸ
712 4991 907 5055 κάλλος
930 5008 1047 5055 σου,
1067 4994 1159 5047 καὶ⁸
1174 4971 1431 5062 διήγαγες
1446 4994 1512 5045 τὰ
1533 4971 1696 5062 σκέλη
1731 5009 1810 5044 σοι

1935 4997 1991 5043 ιιι
2020 4989 2349 5041 immensum
2391 4982 2723 5039 idololatriae
2773 4979 3016 5036 studium
3069 4977 3326 5046 explicet.
3362 4991 3379 5023 ι
3415 4971 3500 5023 Di-

251 5072 417 5124 παντὶ
442 5074 681 5146 παρόδῳ,
710 5094 729 5129 ι
770 5077 869 5149 τὴν
902 5082 1003 5150 τῆς
1031 5080 1331 5145 ἀκολασίας
1388 5082 1691 5152 ὑπερϐολὴν
1737 5080 1810 5133 διέ

1935 5079 2136 5142 visisti,
2177 5078 2372 5148 inquit,
2406 5090 2573 5131 crura
2598 5082 2693 5129 tua
2733 5071 2881 5127 omni
2909 5068 3245 5131 transeunti,
3281 5074 3335 5120 ct
3360 5064 3500 5118 mul-

252 5161 440 5215 τούτου
488 5166 837 5237 παραδηλῶν.
899 5171 973 5223 UO
1023 5171 1130 5243 γὰρ
1184 5176 1298 5237 τοῖς
1357 5173 1613 5244 συνήθεσι
1647 5172 1810 5243 μόνοις

1938 5171 2195 5241 tiplicasti
2241 5168 2637 5223 fornicationes
2677 5173 2822 5228 tuas,
2857 5169 2913 5217 et
2959 5161 3231 5215 fornicata
3280 5171 3340 5211 es
3378 5169 3500 5209 cum

255 5254 443 5323 ἐγένου
467 5273 482 5286 ·
514 5256 655 5311 ἀλλὰ
700 5259 908 5326 πάντας
960 5263 1085 5327 τοὺς
1152 5266 1449 5335 παριόντας
1487 5262 1810 5334 ἐφελκομέντ

1940 5263 2068 5317 tiliis
2096 5261 2313 5333 Egypti
2344 5260 2545 5316 vicinis
2576 5259 2707 5321 tuis,
2742 5256 2835 5326 qui
2876 5260 3003 5307 sunt
3028 5262 3352 5322 magnarum
3381 5260 3498 5300 car-

333 5422 356 5452 ¹
382 5409 519 5470 Osce
547 5433 621 5485 tv,
662 5416 746 5474 I6.
822 5428 845 5456 ³
876 5416 1074 5473 Jerem.
1112 5435 1340 5483 xxxviii,
1384 5419 1470 5481 [8,
1509 5417 1667 5487 juxta
1712 5416 1844 5472 edit.
1883 5414 2202 5470 Romanam.

1470 5538 1493 5549 ”
1524 5573 1759 5629 vanis:
1794 5571 2197 5629 Lscrlouiss.

1143 5667 1188 5699 ⁸³
1213 5668 1389 5722 τοῦτο.
1426 5669 1548 5722 cod.
1580 5669 1770 5723 ταῦτα.

1914 5668 2068 5724 ’(2οό.
2102 5663 2413 5733 κατάθημα.
2445 5659 2535 5713 Sic
2570 5670 2786 5725 quoque
2821 5653 3036 5709 deinde.
3142 5651 3184 5681 ³⁸
3211 5640 3320 5699 οἷον
3354 5645 3499 5699 abesr

334 5664 374 5693 ⁸³
403 5663 524 5728 ἁλός
550 5665 675 5719 cod.
701 5680 893 5734 praem.
925 5667 1039 5720 καί.

271 5736 414 5789 acod
461 5737 660 5792 relicto
682 5737 890 5806 spatio.

574 5826 859 5885 Ριτιιοι..
908 5823 1026 5883 Gn.
1081 5822 1361 5882 LXXXI.

3114 5807 3148 5868 2
