  <div class='ocr_page' id='page_1' title='image "/cluster/home/n/w/nwhite01/storage/ocr_20150623/81/mdp.39015078384339/029.png"; bbox 0 0 3940 6200; ppageno 0'>
   <div class='ocr_carea' id='block_1_1' title="bbox 403 314 3662 414">
    <p class='ocr_par' dir='ltr' id='par_1_1' title="bbox 403 314 3662 414">
     <span class='ocr_line' id='line_1_1' title="bbox 403 314 3662 414; baseline -0.007 -11"><span class='ocrx_word' id='word_1_1' title='bbox 403 347 473 414; x_wconf 71' lang='grc'><strong>43</strong></span> <span class='ocrx_word' id='word_1_2' title='bbox 1420 328 1907 394; x_wconf 82' lang='lat' dir='ltr'><strong>THEODORETI</strong></span> <span class='ocrx_word' id='word_1_3' title='bbox 1935 324 2272 387; x_wconf 87' lang='lat' dir='ltr'><strong>EPISCOPI</strong></span> <span class='ocrx_word' id='word_1_4' title='bbox 2292 323 2656 384; x_wconf 80' lang='lat' dir='ltr'><strong>CYBENSIS</strong></span> <span class='ocrx_word' id='word_1_5' title='bbox 3595 314 3662 380; x_wconf 69' lang='grc' dir='ltr'>ἇί</span> 
     </span>
    </p>
   </div>
   <div class='ocr_carea' id='block_1_2' title="bbox 403 431 1992 527">
    <p class='ocr_par' dir='ltr' id='par_1_2' title="bbox 403 445 1978 527">
     <span class='ocr_line' id='line_1_2' title="bbox 403 445 1978 527; baseline -0.017 -6"><span class='ocrx_word' id='word_1_6' title='bbox 403 469 577 522; x_wconf 86' lang='lat' dir='ltr'><strong>nium.</strong></span> <span class='ocrx_word' id='word_1_7' title='bbox 611 479 630 514; x_wconf 78' lang='grc' dir='ltr'><strong>ι</strong></span> <span class='ocrx_word' id='word_1_8' title='bbox 669 457 768 513; x_wconf 86' lang='lat' dir='ltr'><strong>llis</strong></span> <span class='ocrx_word' id='word_1_9' title='bbox 791 470 1010 527; x_wconf 88' lang='lat' dir='ltr'><strong>quoque</strong></span> <span class='ocrx_word' id='word_1_10' title='bbox 1041 450 1227 508; x_wconf 81' lang='lat' dir='ltr'><strong>verbis</strong></span> <span class='ocrx_word' id='word_1_11' title='bbox 1260 445 1786 503; x_wconf 88' lang='lat' dir='ltr'><strong>nimiumidolorum</strong></span> <span class='ocrx_word' id='word_1_12' title='bbox 1813 449 1978 511; x_wconf 89' lang='lat' dir='ltr'><strong>atque</strong></span> 
     </span>
    </p>
   </div>
   <div class='ocr_carea' id='block_1_3' title="bbox 2096 431 3658 527">
    <p class='ocr_par' dir='ltr' id='par_1_3' title="bbox 2096 431 3658 510">
     <span class='ocr_line' id='line_1_3' title="bbox 2096 431 3658 510; baseline -0.003 -18"><span class='ocrx_word' id='word_1_13' title='bbox 2096 439 2398 502; x_wconf 77' lang='grc' dir='ltr'>ίικολάστως</span> <span class='ocrx_word' id='word_1_14' title='bbox 2426 438 2687 510; x_wconf 82' lang='grc' dir='ltr'>ἐμίγνυσο</span> <span class='ocrx_word' id='word_1_15' title='bbox 2709 451 2723 466; x_wconf 76' lang='grc' dir='ltr'><strong>ο</strong></span> <span class='ocrx_word' id='word_1_16' title='bbox 2757 433 2901 506; x_wconf 84' lang='grc' dir='ltr'>μίξιν</span> <span class='ocrx_word' id='word_1_17' title='bbox 2929 434 2984 489; x_wconf 84' lang='grc' dir='ltr'><strong>δέ</strong></span> <span class='ocrx_word' id='word_1_18' title='bbox 3026 433 3190 487; x_wconf 82' lang='grc' dir='ltr'>πάλιν</span> <span class='ocrx_word' id='word_1_19' title='bbox 3220 431 3452 488; x_wconf 80' lang='grc' dir='ltr'>ἐνταῦθα</span> <span class='ocrx_word' id='word_1_20' title='bbox 3477 451 3658 506; x_wconf 79' lang='grc' dir='ltr'>τροπιο</span> 
     </span>
    </p>
   </div>
   <div class='ocr_carea' id='block_1_4' title="bbox 403 530 1982 624">
    <p class='ocr_par' dir='ltr' id='par_1_4' title="bbox 403 530 1982 624">
     <span class='ocr_line' id='line_1_4' title="bbox 403 530 1982 624; baseline -0.016 -15"><span class='ocrx_word' id='word_1_21' title='bbox 403 549 702 624; x_wconf 84' lang='lat' dir='ltr'><strong>impietatis</strong></span> <span class='ocrx_word' id='word_1_22' title='bbox 735 547 988 603; x_wconf 89' lang='lat' dir='ltr'><strong>ardorem</strong></span> <span class='ocrx_word' id='word_1_23' title='bbox 1021 539 1262 598; x_wconf 89' lang='lat' dir='ltr'><strong>ostendit</strong></span> <span class='ocrx_word' id='word_1_24' title='bbox 1295 557 1308 594; x_wconf 95' lang='lat'>:</span> <span class='ocrx_word' id='word_1_25' title='bbox 1350 556 1369 590; x_wconf 75' lang='grc' dir='ltr'><strong>ι</strong></span> <span class='ocrx_word' id='word_1_26' title='bbox 1408 535 1522 592; x_wconf 86' lang='lat' dir='ltr'><strong>Nec</strong></span> <span class='ocrx_word' id='word_1_27' title='bbox 1563 533 1708 590; x_wconf 90' lang='lat' dir='ltr'><strong>facta</strong></span> <span class='ocrx_word' id='word_1_28' title='bbox 1735 548 1796 589; x_wconf 91' lang='lat' dir='ltr'><strong>cs</strong></span> <span class='ocrx_word' id='word_1_29' title='bbox 1823 530 1982 602; x_wconf 89' lang='lat' dir='ltr'><strong>quasi</strong></span> 
     </span>
    </p>
   </div>
   <div class='ocr_carea' id='block_1_5' title="bbox 405 625 1984 710">
    <p class='ocr_par' dir='ltr' id='par_1_5' title="bbox 405 625 1984 710">
     <span class='ocr_line' id='line_1_5' title="bbox 405 625 1984 710; baseline -0.015 -10"><span class='ocrx_word' id='word_1_30' title='bbox 405 642 667 700; x_wconf 76' lang='lat' dir='ltr'><strong>meretrix</strong></span> <span class='ocrx_word' id='word_1_31' title='bbox 704 647 952 710; x_wconf 82' lang='lat' dir='ltr'><strong>quaestus</strong></span> <span class='ocrx_word' id='word_1_32' title='bbox 997 633 1283 704; x_wconf 82' lang='lat' dir='ltr'><strong>colligens,</strong></span> <span class='ocrx_word' id='word_1_33' title='bbox 1336 629 1430 684; x_wconf 90' lang='lat' dir='ltr'><strong>sed</strong></span> <span class='ocrx_word' id='word_1_34' title='bbox 1487 627 1685 699; x_wconf 85' lang='lat' dir='ltr'><strong>mulier</strong></span> <span class='ocrx_word' id='word_1_35' title='bbox 1734 625 1984 679; x_wconf 79' lang='lat' dir='ltr'><strong>adultera</strong></span> 
     </span>
    </p>
   </div>
   <div class='ocr_carea' id='block_1_6' title="bbox 404 717 1985 801">
    <p class='ocr_par' dir='ltr' id='par_1_6' title="bbox 404 717 1985 801">
     <span class='ocr_line' id='line_1_6' title="bbox 404 717 1985 801; baseline -0.015 -11"><span class='ocrx_word' id='word_1_36' title='bbox 404 735 602 791; x_wconf 82' lang='lat' dir='ltr'><strong>similis</strong></span> <span class='ocrx_word' id='word_1_37' title='bbox 633 733 754 794; x_wconf 86' lang='lat' dir='ltr'><strong>tibi,</strong></span> <span class='ocrx_word' id='word_1_38' title='bbox 804 744 926 801; x_wconf 77' lang='lat' dir='ltr'><strong>quae</strong></span> <span class='ocrx_word' id='word_1_39' title='bbox 958 733 1156 798; x_wconf 65' lang='lat' dir='ltr'><strong>praeter</strong></span> <span class='ocrx_word' id='word_1_40' title='bbox 1184 722 1365 777; x_wconf 88' lang='lat' dir='ltr'><strong>virum</strong></span> <span class='ocrx_word' id='word_1_41' title='bbox 1399 734 1562 776; x_wconf 90' lang='lat' dir='ltr'><strong>suum</strong></span> <span class='ocrx_word' id='word_1_42' title='bbox 1595 717 1798 787; x_wconf 89' lang='lat' dir='ltr'><strong>accipit</strong></span> <span class='ocrx_word' id='word_1_43' title='bbox 1840 729 1985 769; x_wconf 91' lang='lat' dir='ltr'><strong>mer-</strong></span> 
     </span>
    </p>
   </div>
   <div class='ocr_carea' id='block_1_7' title="bbox 406 807 1986 890">
    <p class='ocr_par' dir='ltr' id='par_1_7' title="bbox 406 807 1986 890">
     <span class='ocr_line' id='line_1_7' title="bbox 406 807 1986 890; baseline -0.015 -7"><span class='ocrx_word' id='word_1_44' title='bbox 406 828 589 883; x_wconf 84' lang='lat' dir='ltr'><strong>cedes.</strong></span> <span class='ocrx_word' id='word_1_45' title='bbox 620 823 887 879; x_wconf 83' lang='lat' dir='ltr'><strong>Omnibus</strong></span> <span class='ocrx_word' id='word_1_46' title='bbox 915 819 1007 890; x_wconf 89' lang='lat' dir='ltr'><strong>qui</strong></span> <span class='ocrx_word' id='word_1_47' title='bbox 1045 814 1299 871; x_wconf 90' lang='lat' dir='ltr'><strong>fornicati</strong></span> <span class='ocrx_word' id='word_1_48' title='bbox 1337 818 1468 868; x_wconf 89' lang='lat' dir='ltr'><strong>sunt</strong></span> <span class='ocrx_word' id='word_1_49' title='bbox 1510 825 1636 864; x_wconf 86' lang='lat' dir='ltr'><strong>cum</strong></span> <span class='ocrx_word' id='word_1_50' title='bbox 1671 810 1788 880; x_wconf 84' lang='lat' dir='ltr'><strong>ipsa</strong></span> <span class='ocrx_word' id='word_1_51' title='bbox 1821 807 1986 863; x_wconf 80' lang='lat' dir='ltr'><strong>dabat</strong></span> 
     </span>
    </p>
   </div>
   <div class='ocr_carea' id='block_1_8' title="bbox 409 903 1989 973">
    <p class='ocr_par' dir='ltr' id='par_1_8' title="bbox 409 903 1989 973">
     <span class='ocr_line' id='line_1_8' title="bbox 409 903 1989 973; baseline -0.013 0"><span class='ocrx_word' id='word_1_52' title='bbox 409 915 709 973; x_wconf 87' lang='lat' dir='ltr'><strong>mercedes.</strong></span> <span class='ocrx_word' id='word_1_53' title='bbox 734 915 814 968; x_wconf 85' lang='lat' dir='ltr'><strong>Tu</strong></span> <span class='ocrx_word' id='word_1_54' title='bbox 841 919 1020 965; x_wconf 88' lang='lat' dir='ltr'><strong>autem</strong></span> <span class='ocrx_word' id='word_1_55' title='bbox 1048 906 1249 963; x_wconf 86' lang='lat' dir='ltr'><strong>dedisti</strong></span> <span class='ocrx_word' id='word_1_56' title='bbox 1281 904 1564 961; x_wconf 88' lang='lat' dir='ltr'><strong>mercedes</strong></span> <span class='ocrx_word' id='word_1_57' title='bbox 1589 903 1806 958; x_wconf 88' lang='lat' dir='ltr'><strong>cunctis</strong></span> <span class='ocrx_word' id='word_1_58' title='bbox 1841 917 1989 955; x_wconf 89' lang='lat' dir='ltr'><strong>ama-</strong></span> 
     </span>
    </p>
   </div>
   <div class='ocr_carea' id='block_1_9' title="bbox 409 991 1988 1063">
    <p class='ocr_par' dir='ltr' id='par_1_9' title="bbox 409 991 1988 1063">
     <span class='ocr_line' id='line_1_9' title="bbox 409 991 1988 1063; baseline -0.011 0"><span class='ocrx_word' id='word_1_59' title='bbox 409 1006 620 1063; x_wconf 85' lang='lat' dir='ltr'><strong>toribus</strong></span> <span class='ocrx_word' id='word_1_60' title='bbox 647 1004 758 1059; x_wconf 89' lang='lat' dir='ltr'><strong>tuis</strong></span> <span class='ocrx_word' id='word_1_61' title='bbox 787 1021 800 1056; x_wconf 88' lang='lat'><strong>:</strong></span> <span class='ocrx_word' id='word_1_62' title='bbox 832 1009 886 1055; x_wconf 89' lang='lat' dir='ltr'><strong>et</strong></span> <span class='ocrx_word' id='word_1_63' title='bbox 907 998 1070 1054; x_wconf 88' lang='lat' dir='ltr'><strong>donis</strong></span> <span class='ocrx_word' id='word_1_64' title='bbox 1101 997 1373 1051; x_wconf 87' lang='lat' dir='ltr'><strong>onerabas</strong></span> <span class='ocrx_word' id='word_1_65' title='bbox 1389 1010 1505 1058; x_wconf 85' lang='lat' dir='ltr'><strong>eos,</strong></span> <span class='ocrx_word' id='word_1_66' title='bbox 1534 1003 1592 1046; x_wconf 92' lang='lat' dir='ltr'><strong>ut</strong></span> <span class='ocrx_word' id='word_1_67' title='bbox 1619 994 1888 1046; x_wconf 88' lang='lat' dir='ltr'><strong>intrarent</strong></span> <span class='ocrx_word' id='word_1_68' title='bbox 1922 991 1988 1046; x_wconf 87' lang='lat' dir='ltr'><strong>ad</strong></span> 
     </span>
    </p>
   </div>
   <div class='ocr_carea' id='block_1_10' title="bbox 408 1079 1990 1159">
    <p class='ocr_par' dir='ltr' id='par_1_10' title="bbox 408 1079 1990 1159">
     <span class='ocr_line' id='line_1_10' title="bbox 408 1079 1990 1159; baseline -0.007 -13"><span class='ocrx_word' id='word_1_69' title='bbox 408 1101 464 1146; x_wconf 87' lang='lat' dir='ltr'><strong>te</strong></span> <span class='ocrx_word' id='word_1_70' title='bbox 492 1091 732 1159; x_wconf 78' lang='lat' dir='ltr'><strong>undique</strong></span> <span class='ocrx_word' id='word_1_71' title='bbox 762 1087 828 1142; x_wconf 89' lang='lat' dir='ltr'><strong>ad</strong></span> <span class='ocrx_word' id='word_1_72' title='bbox 870 1083 1254 1140; x_wconf 88' lang='lat' dir='ltr'><strong>fornicandum</strong></span> <span class='ocrx_word' id='word_1_73' title='bbox 1290 1091 1495 1137; x_wconf 86' lang='lat' dir='ltr'><strong>tecum.</strong></span> <span class='ocrx_word' id='word_1_74' title='bbox 1539 1079 1879 1148; x_wconf 90' lang='lat' dir='ltr'><strong>Factumque</strong></span> <span class='ocrx_word' id='word_1_75' title='bbox 1905 1089 1990 1135; x_wconf 88' lang='lat' dir='ltr'><strong>est</strong></span> 
     </span>
    </p>
   </div>
   <div class='ocr_carea' id='block_1_11' title="bbox 407 1172 1992 1240">
    <p class='ocr_par' dir='ltr' id='par_1_11' title="bbox 407 1172 1992 1240">
     <span class='ocr_line' id='line_1_11' title="bbox 407 1172 1992 1240; baseline -0.009 0"><span class='ocrx_word' id='word_1_76' title='bbox 407 1187 461 1240; x_wconf 89' lang='lat' dir='ltr'><strong>in</strong></span> <span class='ocrx_word' id='word_1_77' title='bbox 496 1193 548 1240; x_wconf 88' lang='lat' dir='ltr'><strong>te</strong></span> <span class='ocrx_word' id='word_1_78' title='bbox 586 1191 783 1238; x_wconf 88' lang='lat' dir='ltr'><strong>contra</strong></span> <span class='ocrx_word' id='word_1_79' title='bbox 819 1177 1278 1236; x_wconf 82' lang='lat' dir='ltr'><strong>consuetudinem</strong></span> <span class='ocrx_word' id='word_1_80' title='bbox 1330 1176 1622 1230; x_wconf 89' lang='lat' dir='ltr'><strong>mulierum</strong></span> <span class='ocrx_word' id='word_1_81' title='bbox 1661 1174 1715 1228; x_wconf 90' lang='lat' dir='ltr'><strong>in</strong></span> <span class='ocrx_word' id='word_1_82' title='bbox 1755 1172 1992 1228; x_wconf 86' lang='lat' dir='ltr'><strong>fornica-</strong></span> 
     </span>
    </p>
   </div>
   <div class='ocr_carea' id='block_1_12' title="bbox 407 1264 1988 1338">
    <p class='ocr_par' dir='ltr' id='par_1_12' title="bbox 407 1264 1988 1338">
     <span class='ocr_line' id='line_1_12' title="bbox 407 1264 1988 1338; baseline -0.009 -6"><span class='ocrx_word' id='word_1_83' title='bbox 407 1277 658 1332; x_wconf 89' lang='lat' dir='ltr'><strong>tiouibus</strong></span> <span class='ocrx_word' id='word_1_84' title='bbox 716 1275 848 1330; x_wconf 89' lang='lat' dir='ltr'><strong>tuis.</strong></span> <span class='ocrx_word' id='word_1_85' title='bbox 882 1292 901 1326; x_wconf 70' lang='grc' dir='ltr'><strong>ι</strong></span> <span class='ocrx_word' id='word_1_86' title='bbox 953 1271 1061 1326; x_wconf 82' lang='lat' dir='ltr'><strong>Per</strong></span> <span class='ocrx_word' id='word_1_87' title='bbox 1112 1270 1228 1325; x_wconf 65' lang='lat' dir='ltr'><strong>haac</strong></span> <span class='ocrx_word' id='word_1_88' title='bbox 1275 1269 1403 1322; x_wconf 83' lang='lat' dir='ltr'><strong>item</strong></span> <span class='ocrx_word' id='word_1_89' title='bbox 1442 1266 1795 1338; x_wconf 74' lang='lat' dir='ltr'><strong>signiﬁcavit,</strong></span> <span class='ocrx_word' id='word_1_90' title='bbox 1839 1264 1988 1335; x_wconf 89' lang='lat' dir='ltr'><strong>quod</strong></span> 
     </span>
    </p>
   </div>
   <div class='ocr_carea' id='block_1_13' title="bbox 407 1357 1992 1427">
    <p class='ocr_par' dir='ltr' id='par_1_13' title="bbox 407 1357 1992 1427">
     <span class='ocr_line' id='line_1_13' title="bbox 407 1357 1992 1427; baseline -0.008 -5"><span class='ocrx_word' id='word_1_91' title='bbox 407 1383 530 1423; x_wconf 92' lang='lat' dir='ltr'><strong>cum</strong></span> <span class='ocrx_word' id='word_1_92' title='bbox 572 1383 601 1421; x_wconf 90' lang='lat' dir='ltr'><strong>a</strong></span> <span class='ocrx_word' id='word_1_93' title='bbox 639 1366 751 1421; x_wconf 90' lang='lat' dir='ltr'><strong>Deo</strong></span> <span class='ocrx_word' id='word_1_94' title='bbox 783 1373 838 1421; x_wconf 88' lang='lat' dir='ltr'><strong>et</strong></span> <span class='ocrx_word' id='word_1_95' title='bbox 869 1364 1231 1427; x_wconf 82' lang='lat' dir='ltr'><strong>frumentum,</strong></span> <span class='ocrx_word' id='word_1_96' title='bbox 1271 1367 1324 1415; x_wconf 92' lang='lat' dir='ltr'><strong>et</strong></span> <span class='ocrx_word' id='word_1_97' title='bbox 1363 1359 1576 1425; x_wconf 89' lang='lat' dir='ltr'><strong>vinum,</strong></span> <span class='ocrx_word' id='word_1_98' title='bbox 1611 1365 1665 1412; x_wconf 87' lang='lat' dir='ltr'><strong>et</strong></span> <span class='ocrx_word' id='word_1_99' title='bbox 1693 1357 1894 1423; x_wconf 91' lang='lat' dir='ltr'><strong>oleum,</strong></span> <span class='ocrx_word' id='word_1_100' title='bbox 1937 1363 1992 1410; x_wconf 88' lang='lat' dir='ltr'><strong>et</strong></span> 
     </span>
    </p>
   </div>
   <div class='ocr_carea' id='block_1_14' title="bbox 408 1451 1992 1522">
    <p class='ocr_par' dir='ltr' id='par_1_14' title="bbox 408 1451 1992 1522">
     <span class='ocr_line' id='line_1_14' title="bbox 408 1451 1992 1522; baseline -0.008 -8"><span class='ocrx_word' id='word_1_101' title='bbox 408 1474 562 1522; x_wconf 84' lang='lat' dir='ltr'><strong>oves,</strong></span> <span class='ocrx_word' id='word_1_102' title='bbox 580 1467 635 1513; x_wconf 90' lang='lat' dir='ltr'><strong>et</strong></span> <span class='ocrx_word' id='word_1_103' title='bbox 659 1458 850 1521; x_wconf 85' lang='lat' dir='ltr'><strong>boves,</strong></span> <span class='ocrx_word' id='word_1_104' title='bbox 876 1466 929 1511; x_wconf 91' lang='lat' dir='ltr'><strong>et</strong></span> <span class='ocrx_word' id='word_1_105' title='bbox 951 1453 1153 1510; x_wconf 87' lang='lat' dir='ltr'><strong>vitulos</strong></span> <span class='ocrx_word' id='word_1_106' title='bbox 1170 1451 1540 1521; x_wconf 72' lang='lat' dir='ltr'><strong>accepissent,</strong></span> <span class='ocrx_word' id='word_1_107' title='bbox 1567 1463 1653 1513; x_wconf 89' lang='lat' dir='ltr'><strong>ea,</strong></span> <span class='ocrx_word' id='word_1_108' title='bbox 1677 1456 1992 1517; x_wconf 88' lang='lat' dir='ltr'><strong>contempto</strong></span> 
     </span>
    </p>
   </div>
   <div class='ocr_carea' id='block_1_15' title="bbox 408 1541 1991 1616">
    <p class='ocr_par' dir='ltr' id='par_1_15' title="bbox 408 1541 1991 1616">
     <span class='ocr_line' id='line_1_15' title="bbox 408 1541 1991 1616; baseline -0.007 -12"><span class='ocrx_word' id='word_1_109' title='bbox 408 1549 540 1613; x_wconf 88' lang='lat' dir='ltr'><strong>Deo,</strong></span> <span class='ocrx_word' id='word_1_110' title='bbox 574 1547 733 1616; x_wconf 83' lang='lat' dir='ltr'><strong>cujus</strong></span> <span class='ocrx_word' id='word_1_111' title='bbox 769 1557 928 1603; x_wconf 87' lang='lat' dir='ltr'><strong>erant</strong></span> <span class='ocrx_word' id='word_1_112' title='bbox 957 1545 1122 1609; x_wconf 90' lang='lat' dir='ltr'><strong>dona,</strong></span> <span class='ocrx_word' id='word_1_113' title='bbox 1160 1541 1323 1598; x_wconf 85' lang='lat' dir='ltr'><strong>idolis</strong></span> <span class='ocrx_word' id='word_1_114' title='bbox 1368 1541 1690 1606; x_wconf 88' lang='lat' dir='ltr'><strong>obtulerint,</strong></span> <span class='ocrx_word' id='word_1_115' title='bbox 1729 1555 1758 1593; x_wconf 90' lang='lat' dir='ltr'><strong>a</strong></span> <span class='ocrx_word' id='word_1_116' title='bbox 1789 1541 1991 1610; x_wconf 91' lang='lat' dir='ltr'><strong>quibus</strong></span> 
     </span>
    </p>
   </div>
   <div class='ocr_carea' id='block_1_16' title="bbox 411 1635 1993 1709">
    <p class='ocr_par' dir='ltr' id='par_1_16' title="bbox 411 1635 1993 1709">
     <span class='ocr_line' id='line_1_16' title="bbox 411 1635 1993 1709; baseline -0.006 -14"><span class='ocrx_word' id='word_1_117' title='bbox 411 1641 549 1696; x_wconf 86' lang='lat' dir='ltr'><strong>nihil</strong></span> <span class='ocrx_word' id='word_1_118' title='bbox 575 1655 813 1709; x_wconf 79' lang='lat' dir='ltr'><strong>unquam</strong></span> <span class='ocrx_word' id='word_1_119' title='bbox 843 1638 950 1694; x_wconf 92' lang='lat' dir='ltr'><strong>nisi</strong></span> <span class='ocrx_word' id='word_1_120' title='bbox 1001 1635 1302 1706; x_wconf 86' lang='lat' dir='ltr'><strong>perniciem</strong></span> <span class='ocrx_word' id='word_1_121' title='bbox 1334 1639 1666 1701; x_wconf 87' lang='lat' dir='ltr'><strong>acceperant</strong></span> <span class='ocrx_word' id='word_1_122' title='bbox 1701 1650 1715 1685; x_wconf 89' lang='lat'><strong>:</strong></span> <span class='ocrx_word' id='word_1_123' title='bbox 1757 1647 1820 1687; x_wconf 89' lang='lat' dir='ltr'><strong>ac</strong></span> <span class='ocrx_word' id='word_1_124' title='bbox 1850 1646 1993 1690; x_wconf 84' lang='lat' dir='ltr'><strong>mer-</strong></span> 
     </span>
    </p>
   </div>
   <div class='ocr_carea' id='block_1_17' title="bbox 408 1721 1990 1800">
    <p class='ocr_par' dir='ltr' id='par_1_17' title="bbox 408 1721 1990 1800">
     <span class='ocr_line' id='line_1_17' title="bbox 408 1721 1990 1800; baseline -0.004 -15"><span class='ocrx_word' id='word_1_125' title='bbox 408 1730 596 1785; x_wconf 84' lang='lat' dir='ltr'><strong>cedem</strong></span> <span class='ocrx_word' id='word_1_126' title='bbox 628 1730 845 1800; x_wconf 86' lang='lat' dir='ltr'><strong>quidem</strong></span> <span class='ocrx_word' id='word_1_127' title='bbox 895 1742 1000 1781; x_wconf 79' lang='lat' dir='ltr'><strong>uon</strong></span> <span class='ocrx_word' id='word_1_128' title='bbox 1047 1723 1116 1778; x_wconf 89' lang='lat' dir='ltr'><strong>ab</strong></span> <span class='ocrx_word' id='word_1_129' title='bbox 1163 1721 1432 1778; x_wconf 83' lang='lat' dir='ltr'><strong>adulteris</strong></span> <span class='ocrx_word' id='word_1_130' title='bbox 1481 1723 1848 1793; x_wconf 84' lang='lat' dir='ltr'><strong>accipiebant,</strong></span> <span class='ocrx_word' id='word_1_131' title='bbox 1895 1723 1990 1778; x_wconf 90' lang='lat' dir='ltr'><strong>sed</strong></span> 
     </span>
    </p>
   </div>
   <div class='ocr_carea' id='block_1_18' title="bbox 2083 526 3668 602">
    <p class='ocr_par' dir='ltr' id='par_1_18' title="bbox 2083 526 3668 602">
     <span class='ocr_line' id='line_1_18' title="bbox 2083 526 3668 602; baseline -0.003 -18"><span class='ocrx_word' id='word_1_132' title='bbox 2083 531 2195 595; x_wconf 86' lang='grc' dir='ltr'><strong>κῶς</strong></span> <span class='ocrx_word' id='word_1_133' title='bbox 2216 531 2314 602; x_wconf 77' lang='grc' dir='ltr'>τὴν</span> <span class='ocrx_word' id='word_1_134' title='bbox 2357 529 2466 583; x_wconf 90' lang='grc' dir='ltr'><strong>τῶν</strong></span> <span class='ocrx_word' id='word_1_135' title='bbox 2514 528 2750 582; x_wconf 82' lang='grc' dir='ltr'><strong>εἰδώλων</strong></span> <span class='ocrx_word' id='word_1_136' title='bbox 2803 527 3101 598; x_wconf 80' lang='grc' dir='ltr'><strong>θεραπείαν</strong></span> <span class='ocrx_word' id='word_1_137' title='bbox 3147 526 3422 592; x_wconf 77' lang='grc' dir='ltr'><strong>ὀνομάζει.</strong></span> <span class='ocrx_word' id='word_1_138' title='bbox 3473 529 3566 580; x_wconf 81' lang='grc' dir='ltr'><strong>Δεῖ</strong></span> <span class='ocrx_word' id='word_1_139' title='bbox 3609 527 3668 580; x_wconf 81' lang='grc' dir='ltr'>δὲ</span> 
     </span>
    </p>
   </div>
   <div class='ocr_carea' id='block_1_19' title="bbox 2084 617 3668 695">
    <p class='ocr_par' dir='ltr' id='par_1_19' title="bbox 2084 617 3668 695">
     <span class='ocr_line' id='line_1_19' title="bbox 2084 617 3668 695; baseline -0.004 -18"><span class='ocrx_word' id='word_1_140' title='bbox 2084 625 2436 695; x_wconf 84' lang='grc' dir='ltr'>ἐπιτηρῆσαι,</span> <span class='ocrx_word' id='word_1_141' title='bbox 2465 622 2670 684; x_wconf 82' lang='grc' dir='ltr'><strong>ὁποίοις</strong></span> <span class='ocrx_word' id='word_1_142' title='bbox 2725 620 2772 653; x_wconf 83' lang='grc'><strong>³⁸</strong></span> <span class='ocrx_word' id='word_1_143' title='bbox 2829 620 3094 691; x_wconf 85' lang='grc' dir='ltr'>ὀνόμασιν</span> <span class='ocrx_word' id='word_1_144' title='bbox 3129 619 3158 671; x_wconf 83' lang='grc' dir='ltr'><strong>ό</strong></span> <span class='ocrx_word' id='word_1_145' title='bbox 3205 617 3315 672; x_wconf 81' lang='grc' dir='ltr'><strong>τῶν</strong></span> <span class='ocrx_word' id='word_1_146' title='bbox 3348 617 3487 671; x_wconf 83' lang='grc' dir='ltr'>ὅλων</span> <span class='ocrx_word' id='word_1_147' title='bbox 3530 617 3668 681; x_wconf 79' lang='grc' dir='ltr'>Θεὸς</span> 
     </span>
    </p>
   </div>
   <div class='ocr_carea' id='block_1_20' title="bbox 2085 709 3669 786">
    <p class='ocr_par' dir='ltr' id='par_1_20' title="bbox 2085 709 3669 786">
     <span class='ocr_line' id='line_1_20' title="bbox 2085 709 3669 786; baseline -0.004 -18"><span class='ocrx_word' id='word_1_148' title='bbox 2085 715 2377 786; x_wconf 79' lang='grc' dir='ltr'>ἐχρήσατο,</span> <span class='ocrx_word' id='word_1_149' title='bbox 2399 713 2499 785; x_wconf 83' lang='grc' dir='ltr'>τὴν</span> <span class='ocrx_word' id='word_1_150' title='bbox 2527 713 2627 783; x_wconf 79' lang='grc' dir='ltr'>τῆς</span> <span class='ocrx_word' id='word_1_151' title='bbox 2661 710 3106 782; x_wconf 85' lang='grc' dir='ltr'>είδωλολατρείας</span> <span class='ocrx_word' id='word_1_152' title='bbox 3131 709 3402 780; x_wconf 82' lang='grc' dir='ltr'>ἀμετρίαν</span> <span class='ocrx_word' id='word_1_153' title='bbox 3425 712 3669 780; x_wconf 80' lang='grc' dir='ltr'><strong>σημᾶναι</strong></span> 
     </span>
    </p>
   </div>
   <div class='ocr_carea' id='block_1_21' title="bbox 2089 801 3671 876">
    <p class='ocr_par' dir='ltr' id='par_1_21' title="bbox 2089 801 3671 876">
     <span class='ocr_line' id='line_1_21' title="bbox 2089 801 3671 876; baseline -0.002 -17"><span class='ocrx_word' id='word_1_154' title='bbox 2089 805 2430 876; x_wconf 80' lang='grc' dir='ltr'>βουλόμενος.</span> <span class='ocrx_word' id='word_1_155' title='bbox 2473 823 2492 856; x_wconf 76' lang='grc' dir='ltr'><strong>ι</strong></span> <span class='ocrx_word' id='word_1_156' title='bbox 2556 804 2827 874; x_wconf 84' lang='grc' dir='ltr'>Διήγαγες</span> <span class='ocrx_word' id='word_1_157' title='bbox 2885 803 2996 874; x_wconf 83' lang='grc' dir='ltr'><strong>γὰρ</strong></span> <span class='ocrx_word' id='word_1_158' title='bbox 3041 803 3108 856; x_wconf 87' lang='grc' dir='ltr'><strong>τὰ</strong></span> <span class='ocrx_word' id='word_1_159' title='bbox 3154 802 3321 874; x_wconf 77' lang='grc' dir='ltr'>σκέλη</span> <span class='ocrx_word' id='word_1_160' title='bbox 3377 819 3470 855; x_wconf 88' lang='grc' dir='ltr'><strong>σου</strong></span> <span class='ocrx_word' id='word_1_161' title='bbox 3503 801 3671 856; x_wconf 83' lang='grc' dir='ltr'>παντὶ</span> 
     </span>
    </p>
   </div>
   <div class='ocr_carea' id='block_1_22' title="bbox 2087 895 3671 968">
    <p class='ocr_par' dir='ltr' id='par_1_22' title="bbox 2087 895 3671 968">
     <span class='ocr_line' id='line_1_22' title="bbox 2087 895 3671 968; baseline -0.003 -18"><span class='ocrx_word' id='word_1_162' title='bbox 2087 897 2326 968; x_wconf 82' lang='grc' dir='ltr'>παρόδῳ,</span> <span class='ocrx_word' id='word_1_163' title='bbox 2349 898 2443 951; x_wconf 69' lang='grc' dir='ltr'>καὶ</span> <span class='ocrx_word' id='word_1_164' title='bbox 2470 895 2778 967; x_wconf 85' lang='grc' dir='ltr'>ἐπλήθυνας</span> <span class='ocrx_word' id='word_1_165' title='bbox 2815 897 2913 966; x_wconf 81' lang='grc' dir='ltr'>τὴν</span> <span class='ocrx_word' id='word_1_166' title='bbox 2963 895 3221 966; x_wconf 78' lang='grc' dir='ltr'>πορνείαν</span> <span class='ocrx_word' id='word_1_167' title='bbox 3259 913 3373 948; x_wconf 87' lang='grc' dir='ltr'>σου.</span> <span class='ocrx_word' id='word_1_168' title='bbox 3413 895 3523 947; x_wconf 77' lang='grc' dir='ltr'><strong>Καὶ</strong></span> <span class='ocrx_word' id='word_1_169' title='bbox 3580 895 3671 960; x_wconf 79' lang='grc' dir='ltr'><strong>ἐξ-</strong></span> 
     </span>
    </p>
   </div>
   <div class='ocr_carea' id='block_1_23' title="bbox 2087 984 3672 1059">
    <p class='ocr_par' dir='ltr' id='par_1_23' title="bbox 2087 984 3672 1059">
     <span class='ocr_line' id='line_1_23' title="bbox 2087 984 3672 1059; baseline -0.004 -18"><span class='ocrx_word' id='word_1_170' title='bbox 2087 989 2422 1059; x_wconf 84' lang='grc' dir='ltr'>επόρνευσας</span> <span class='ocrx_word' id='word_1_171' title='bbox 2446 987 2539 1040; x_wconf 78' lang='grc' dir='ltr'>ἐπὶ</span> <span class='ocrx_word' id='word_1_172' title='bbox 2559 988 2685 1050; x_wconf 79' lang='grc' dir='ltr'>τοὺς</span> <span class='ocrx_word' id='word_1_173' title='bbox 2717 986 2864 1049; x_wconf 76' lang='grc' dir='ltr'>υἱοὺς</span> <span class='ocrx_word' id='word_1_174' title='bbox 2885 984 3160 1054; x_wconf 80' lang='grc' dir='ltr'><strong>Αἰγύπτου</strong></span> <span class='ocrx_word' id='word_1_175' title='bbox 3183 985 3308 1048; x_wconf 81' lang='grc' dir='ltr'>τοὺς</span> <span class='ocrx_word' id='word_1_176' title='bbox 3335 985 3672 1055; x_wconf 83' lang='grc' dir='ltr'>ὀμοροῦντάς</span> 
     </span>
    </p>
   </div>
   <div class='ocr_carea' id='block_1_24' title="bbox 2091 1075 3640 1150">
    <p class='ocr_par' dir='ltr' id='par_1_24' title="bbox 2091 1075 3640 1150">
     <span class='ocr_line' id='line_1_24' title="bbox 2091 1075 3640 1150; baseline -0.002 -18"><span class='ocrx_word' id='word_1_177' title='bbox 2091 1097 2194 1146; x_wconf 91' lang='grc' dir='ltr'>σοι,</span> <span class='ocrx_word' id='word_1_178' title='bbox 2233 1079 2360 1143; x_wconf 81' lang='grc' dir='ltr'>τοὺς</span> <span class='ocrx_word' id='word_1_179' title='bbox 2397 1078 2866 1150; x_wconf 85' lang='grc' dir='ltr'>μεγαλοσάρκους.</span> <span class='ocrx_word' id='word_1_180' title='bbox 2905 1095 2924 1128; x_wconf 71' lang='grc' dir='ltr'><strong>ι</strong></span> <span class='ocrx_word' id='word_1_181' title='bbox 2959 1075 3131 1130; x_wconf 84' lang='grc' dir='ltr'>Πάλιν</span> <span class='ocrx_word' id='word_1_182' title='bbox 3165 1075 3400 1129; x_wconf 80' lang='grc' dir='ltr'>ἐνταῦθα</span> <span class='ocrx_word' id='word_1_183' title='bbox 3435 1076 3536 1144; x_wconf 78' lang='grc' dir='ltr'>τῆς</span> <span class='ocrx_word' id='word_1_184' title='bbox 3589 1077 3640 1129; x_wconf 79' lang='grc' dir='ltr'><strong>εί</strong></span> 
     </span>
    </p>
   </div>
   <div class='ocr_carea' id='block_1_25' title="bbox 2085 1167 3674 1243">
    <p class='ocr_par' dir='ltr' id='par_1_25' title="bbox 2085 1167 3674 1243">
     <span class='ocr_line' id='line_1_25' title="bbox 2085 1167 3674 1243; baseline -0.004 -17"><span class='ocrx_word' id='word_1_185' title='bbox 2085 1170 2485 1243; x_wconf 88' lang='grc' dir='ltr'>δωλολατρείας</span> <span class='ocrx_word' id='word_1_186' title='bbox 2516 1170 2577 1224; x_wconf 83' lang='grc' dir='ltr'>τὸ</span> <span class='ocrx_word' id='word_1_187' title='bbox 2610 1169 2653 1201; x_wconf 77' lang='grc'><strong>³⁷</strong></span> <span class='ocrx_word' id='word_1_188' title='bbox 2680 1168 2926 1238; x_wconf 86' lang='grc' dir='ltr'>μέγεθος,</span> <span class='ocrx_word' id='word_1_189' title='bbox 2959 1169 3054 1222; x_wconf 66' lang='grc' dir='ltr'><strong>κει)⁸</strong></span> <span class='ocrx_word' id='word_1_190' title='bbox 3087 1167 3345 1230; x_wconf 83' lang='grc' dir='ltr'>ἀσεϐείας</span> <span class='ocrx_word' id='word_1_191' title='bbox 3373 1167 3471 1236; x_wconf 85' lang='grc' dir='ltr'>τὴν</span> <span class='ocrx_word' id='word_1_192' title='bbox 3501 1168 3674 1238; x_wconf 85' lang='grc' dir='ltr'>ὑπερ-</span> 
     </span>
    </p>
   </div>
   <div class='ocr_carea' id='block_1_26' title="bbox 2090 1257 3673 1334">
    <p class='ocr_par' dir='ltr' id='par_1_26' title="bbox 2090 1257 3673 1334">
     <span class='ocr_line' id='line_1_26' title="bbox 2090 1257 3673 1334; baseline -0.003 -19"><span class='ocrx_word' id='word_1_193' title='bbox 2090 1263 2252 1334; x_wconf 82' lang='grc' dir='ltr'>ϐολὴν</span> <span class='ocrx_word' id='word_1_194' title='bbox 2280 1267 2546 1326; x_wconf 77' lang='grc' dir='ltr'><strong>τοιούτοις</strong></span> <span class='ocrx_word' id='word_1_195' title='bbox 2597 1261 2825 1330; x_wconf 87' lang='grc' dir='ltr'>ὀνόμασι</span> <span class='ocrx_word' id='word_1_196' title='bbox 2888 1257 3307 1329; x_wconf 73' lang='grc' dir='ltr'>παρεδήλωσενο</span> <span class='ocrx_word' id='word_1_197' title='bbox 3354 1275 3372 1308; x_wconf 80' lang='grc' dir='ltr'><strong>ι</strong></span> <span class='ocrx_word' id='word_1_198' title='bbox 3409 1257 3521 1310; x_wconf 81' lang='grc' dir='ltr'><strong>Καὶ</strong></span> <span class='ocrx_word' id='word_1_199' title='bbox 3571 1258 3673 1310; x_wconf 71' lang='grc' dir='ltr'>οὐκ</span> 
     </span>
    </p>
   </div>
   <div class='ocr_carea' id='block_1_27' title="bbox 2089 1349 3669 1424">
    <p class='ocr_par' dir='ltr' id='par_1_27' title="bbox 2089 1349 3669 1424">
     <span class='ocr_line' id='line_1_27' title="bbox 2089 1349 3669 1424; baseline -0.003 -20"><span class='ocrx_word' id='word_1_200' title='bbox 2089 1352 2278 1422; x_wconf 88' lang='grc' dir='ltr'>ἐγένου</span> <span class='ocrx_word' id='word_1_201' title='bbox 2306 1351 2382 1415; x_wconf 85' lang='grc' dir='ltr'><strong>ὡς</strong></span> <span class='ocrx_word' id='word_1_202' title='bbox 2416 1351 2590 1424; x_wconf 84' lang='grc' dir='ltr'>πόρνη</span> <span class='ocrx_word' id='word_1_203' title='bbox 2624 1351 2932 1419; x_wconf 81' lang='grc' dir='ltr'>συνάγουσα</span> <span class='ocrx_word' id='word_1_204' title='bbox 2979 1349 3306 1421; x_wconf 83' lang='grc' dir='ltr'>μισθώματα</span> <span class='ocrx_word' id='word_1_205' title='bbox 3332 1365 3345 1378; x_wconf 92' lang='grc'><strong>·</strong></span> <span class='ocrx_word' id='word_1_206' title='bbox 3400 1350 3434 1419; x_wconf 76' lang='grc' dir='ltr'>ἡ</span> <span class='ocrx_word' id='word_1_207' title='bbox 3466 1349 3604 1418; x_wconf 83' lang='grc' dir='ltr'>γυνὴ</span> <span class='ocrx_word' id='word_1_208' title='bbox 3633 1352 3669 1419; x_wconf 71' lang='grc' dir='ltr'><strong>ἡ</strong></span> 
     </span>
    </p>
   </div>
   <div class='ocr_carea' id='block_1_28' title="bbox 2094 1441 3676 1522">
    <p class='ocr_par' dir='ltr' id='par_1_28' title="bbox 2094 1441 3676 1522">
     <span class='ocr_line' id='line_1_28' title="bbox 2094 1441 3676 1522; baseline -0.003 -24"><span class='ocrx_word' id='word_1_209' title='bbox 2094 1443 2412 1522; x_wconf 83' lang='grc' dir='ltr'>μοιχωμένη</span> <span class='ocrx_word' id='word_1_210' title='bbox 2443 1443 2604 1515; x_wconf 85' lang='grc' dir='ltr'>ὁμοία</span> <span class='ocrx_word' id='word_1_211' title='bbox 2629 1460 2732 1506; x_wconf 91' lang='grc' dir='ltr'>σοι,</span> <span class='ocrx_word' id='word_1_212' title='bbox 2758 1443 2793 1514; x_wconf 83' lang='grc' dir='ltr'>ἢ</span> <span class='ocrx_word' id='word_1_213' title='bbox 2827 1442 2978 1512; x_wconf 80' lang='grc' dir='ltr'>παρὰ</span> <span class='ocrx_word' id='word_1_214' title='bbox 3005 1442 3098 1495; x_wconf 82' lang='grc' dir='ltr'>τοῦ</span> <span class='ocrx_word' id='word_1_215' title='bbox 3125 1442 3319 1512; x_wconf 78' lang='grc' dir='ltr'>ἀνδρὸς</span> <span class='ocrx_word' id='word_1_216' title='bbox 3345 1441 3518 1512; x_wconf 74' lang='grc' dir='ltr'>αὐτῆς</span> <span class='ocrx_word' id='word_1_217' title='bbox 3539 1441 3676 1510; x_wconf 80' lang='grc' dir='ltr'>λαμ-</span> 
     </span>
    </p>
   </div>
   <div class='ocr_carea' id='block_1_29' title="bbox 2091 1535 3673 1608">
    <p class='ocr_par' dir='ltr' id='par_1_29' title="bbox 2091 1535 3673 1608">
     <span class='ocr_line' id='line_1_29' title="bbox 2091 1535 3673 1608; baseline -0.001 -18"><span class='ocrx_word' id='word_1_218' title='bbox 2091 1537 2330 1591; x_wconf 87' lang='grc' dir='ltr'>ϐάνουσα</span> <span class='ocrx_word' id='word_1_219' title='bbox 2355 1535 2704 1608; x_wconf 75' lang='grc' dir='ltr'>μισθώματα,</span> <span class='ocrx_word' id='word_1_220' title='bbox 2735 1537 2868 1590; x_wconf 83' lang='grc' dir='ltr'>πᾶσι</span> <span class='ocrx_word' id='word_1_221' title='bbox 2899 1538 3010 1599; x_wconf 85' lang='grc' dir='ltr'>τοῖς</span> <span class='ocrx_word' id='word_1_222' title='bbox 3039 1535 3464 1606; x_wconf 84' lang='grc' dir='ltr'>ὲκπορνεύσασιν</span> <span class='ocrx_word' id='word_1_223' title='bbox 3501 1535 3673 1606; x_wconf 75' lang='grc' dir='ltr'>αὐτὴν</span> 
     </span>
    </p>
   </div>
   <div class='ocr_carea' id='block_1_30' title="bbox 2091 1624 3674 1699">
    <p class='ocr_par' dir='ltr' id='par_1_30' title="bbox 2091 1624 3674 1699">
     <span class='ocr_line' id='line_1_30' title="bbox 2091 1624 3674 1699; baseline 0 -21"><span class='ocrx_word' id='word_1_224' title='bbox 2091 1628 2373 1699; x_wconf 83' lang='grc' dir='ltr'><strong>προεδίδου</strong></span> <span class='ocrx_word' id='word_1_225' title='bbox 2405 1627 2736 1699; x_wconf 81' lang='grc' dir='ltr'>μισθώματα</span> <span class='ocrx_word' id='word_1_226' title='bbox 2761 1644 2776 1658; x_wconf 85' lang='grc'><strong>·</strong></span> <span class='ocrx_word' id='word_1_227' title='bbox 2824 1627 2920 1681; x_wconf 77' lang='grc' dir='ltr'>καὶ</span> <span class='ocrx_word' id='word_1_228' title='bbox 2974 1628 3039 1681; x_wconf 81' lang='grc' dir='ltr'>σὺ</span> <span class='ocrx_word' id='word_1_229' title='bbox 3071 1627 3310 1686; x_wconf 83' lang='grc' dir='ltr'>δέδωκας</span> <span class='ocrx_word' id='word_1_230' title='bbox 3340 1624 3674 1697; x_wconf 84' lang='grc' dir='ltr'>μισθώματα</span> 
     </span>
    </p>
   </div>
   <div class='ocr_carea' id='block_1_31' title="bbox 2093 1714 3672 1790">
    <p class='ocr_par' dir='ltr' id='par_1_31' title="bbox 2093 1714 3672 1790">
     <span class='ocr_line' id='line_1_31' title="bbox 2093 1714 3672 1790; baseline -0.002 -19"><span class='ocrx_word' id='word_1_231' title='bbox 2093 1721 2228 1772; x_wconf 83' lang='grc' dir='ltr'>πᾶσι</span> <span class='ocrx_word' id='word_1_232' title='bbox 2253 1722 2363 1783; x_wconf 87' lang='grc' dir='ltr'>τοῖς</span> <span class='ocrx_word' id='word_1_233' title='bbox 2393 1720 2653 1790; x_wconf 79' lang='grc' dir='ltr'>ἐρασταῖς</span> <span class='ocrx_word' id='word_1_234' title='bbox 2703 1734 2818 1782; x_wconf 85' lang='grc' dir='ltr'>σου,</span> <span class='ocrx_word' id='word_1_235' title='bbox 2881 1720 2975 1772; x_wconf 78' lang='grc' dir='ltr'>καὶ</span> <span class='ocrx_word' id='word_1_236' title='bbox 3009 1717 3292 1790; x_wconf 75' lang='grc' dir='ltr'>ἐφόρτιςες</span> <span class='ocrx_word' id='word_1_237' title='bbox 3326 1718 3545 1780; x_wconf 79' lang='grc' dir='ltr'>αὐτοὺς,</span> <span class='ocrx_word' id='word_1_238' title='bbox 3576 1714 3672 1769; x_wconf 76' lang='grc' dir='ltr'><strong>τοῦ</strong></span> 
     </span>
    </p>
   </div>
   <div class='ocr_carea' id='block_1_32' title="bbox 408 1795 1992 1894">
    <p class='ocr_par' dir='ltr' id='par_1_32' title="bbox 408 1795 1992 1894">
     <span class='ocr_line' id='line_1_32' title="bbox 408 1795 1992 1894; baseline -0.006 -15"><span class='ocrx_word' id='word_1_239' title='bbox 408 1825 550 1894; x_wconf 83' lang='lat' dir='ltr'><strong>ipsis</strong></span> <span class='ocrx_word' id='word_1_240' title='bbox 579 1795 972 1893; x_wconf 76' lang='lat' dir='ltr'><strong>largiebantur.</strong></span> <span class='ocrx_word' id='word_1_241' title='bbox 1010 1817 1108 1873; x_wconf 83' lang='lat' dir='ltr'><strong>His</strong></span> <span class='ocrx_word' id='word_1_242' title='bbox 1135 1817 1336 1873; x_wconf 89' lang='lat' dir='ltr'><strong>similia</strong></span> <span class='ocrx_word' id='word_1_243' title='bbox 1367 1824 1498 1872; x_wconf 89' lang='lat' dir='ltr'><strong>sunt</strong></span> <span class='ocrx_word' id='word_1_244' title='bbox 1523 1816 1668 1886; x_wconf 89' lang='lat' dir='ltr'><strong>apud</strong></span> <span class='ocrx_word' id='word_1_245' title='bbox 1703 1815 1992 1871; x_wconf 80' lang='lat' dir='ltr'><strong>Jcremiam</strong></span> 
     </span>
    </p>
   </div>
   <div class='ocr_carea' id='block_1_33' title="bbox 2096 1795 3674 1894">
    <p class='ocr_par' dir='ltr' id='par_1_33' title="bbox 2096 1808 3674 1883">
     <span class='ocr_line' id='line_1_33' title="bbox 2096 1808 3674 1883; baseline -0.002 -19"><span class='ocrx_word' id='word_1_246' title='bbox 2096 1811 2348 1881; x_wconf 75' lang='grc' dir='ltr'>ἔρχεσθαι</span> <span class='ocrx_word' id='word_1_247' title='bbox 2376 1810 2512 1883; x_wconf 77' lang='grc' dir='ltr'>πρὸς</span> <span class='ocrx_word' id='word_1_248' title='bbox 2548 1813 2606 1864; x_wconf 79' lang='grc' dir='ltr'>σὲ</span> <span class='ocrx_word' id='word_1_249' title='bbox 2635 1811 2896 1864; x_wconf 76' lang='grc' dir='ltr'>κυκλόθεν</span> <span class='ocrx_word' id='word_1_250' title='bbox 2928 1813 2985 1863; x_wconf 90' lang='grc' dir='ltr'><strong>ἐν</strong></span> <span class='ocrx_word' id='word_1_251' title='bbox 3013 1813 3079 1882; x_wconf 79' lang='grc' dir='ltr'>τῇ</span> <span class='ocrx_word' id='word_1_252' title='bbox 3119 1811 3346 1880; x_wconf 77' lang='grc' dir='ltr'>πορνείᾳ</span> <span class='ocrx_word' id='word_1_253' title='bbox 3371 1826 3486 1874; x_wconf 76' lang='grc' dir='ltr'>σου,</span> <span class='ocrx_word' id='word_1_254' title='bbox 3513 1808 3674 1862; x_wconf 67' lang='lat' dir='ltr'><strong>xui.”</strong></span> 
     </span>
    </p>
   </div>
   <div class='ocr_carea' id='block_1_34' title="bbox 410 1904 1991 1981">
    <p class='ocr_par' dir='ltr' id='par_1_34' title="bbox 410 1904 1991 1981">
     <span class='ocr_line' id='line_1_34' title="bbox 410 1904 1991 1981; baseline -0.004 -17"><span class='ocrx_word' id='word_1_255' title='bbox 410 1913 754 1981; x_wconf 82' lang='lat' dir='ltr'><strong>prophetam.</strong></span> <span class='ocrx_word' id='word_1_256' title='bbox 791 1928 810 1962; x_wconf 85' lang='grc'><em>‹</em></span> <span class='ocrx_word' id='word_1_257' title='bbox 849 1908 1007 1963; x_wconf 86' lang='lat' dir='ltr'><strong>Nunc</strong></span> <span class='ocrx_word' id='word_1_258' title='bbox 1036 1908 1206 1973; x_wconf 89' lang='lat' dir='ltr'><strong>enim,</strong></span> <span class='ocrx_word' id='word_1_259' title='bbox 1228 1906 1328 1970; x_wconf 88' lang='lat' dir='ltr'><strong>ait,</strong></span> <span class='ocrx_word' id='word_1_260' title='bbox 1357 1904 1632 1961; x_wconf 72' lang='lat' dir='ltr'><strong>mcechata</strong></span> <span class='ocrx_word' id='word_1_261' title='bbox 1664 1921 1722 1962; x_wconf 90' lang='lat' dir='ltr'><strong>es</strong></span> <span class='ocrx_word' id='word_1_262' title='bbox 1753 1921 1878 1959; x_wconf 93' lang='lat' dir='ltr'><strong>cum</strong></span> <span class='ocrx_word' id='word_1_263' title='bbox 1910 1906 1991 1958; x_wconf 67' lang='grc' dir='ltr'>ιιι-α</span> 
     </span>
    </p>
   </div>
   <div class='ocr_carea' id='block_1_35' title="bbox 412 1994 1996 2070">
    <p class='ocr_par' dir='ltr' id='par_1_35' title="bbox 412 1994 1996 2070">
     <span class='ocr_line' id='line_1_35' title="bbox 412 1994 1996 2070; baseline -0.001 -20"><span class='ocrx_word' id='word_1_264' title='bbox 412 2002 537 2070; x_wconf 82' lang='lat' dir='ltr'><strong>pide</strong></span> <span class='ocrx_word' id='word_1_265' title='bbox 554 2000 790 2070; x_wconf 76' lang='lat' dir='ltr'><strong>etligno.</strong></span> <span class='ocrx_word' id='word_1_266' title='bbox 832 1997 975 2052; x_wconf 86' lang='lat' dir='ltr'><strong>Leva</strong></span> <span class='ocrx_word' id='word_1_267' title='bbox 1007 1996 1199 2050; x_wconf 90' lang='lat' dir='ltr'><strong>oculos</strong></span> <span class='ocrx_word' id='word_1_268' title='bbox 1231 2004 1354 2049; x_wconf 91' lang='lat' dir='ltr'><strong>tuos</strong></span> <span class='ocrx_word' id='word_1_269' title='bbox 1381 1995 1436 2048; x_wconf 92' lang='lat' dir='ltr'><strong>in</strong></span> <span class='ocrx_word' id='word_1_270' title='bbox 1462 1994 1770 2059; x_wconf 90' lang='lat' dir='ltr'><strong>directum,</strong></span> <span class='ocrx_word' id='word_1_271' title='bbox 1794 2002 1848 2048; x_wconf 93' lang='lat' dir='ltr'><strong>et</strong></span> <span class='ocrx_word' id='word_1_272' title='bbox 1872 1994 1996 2048; x_wconf 86' lang='lat' dir='ltr'><strong>vide</strong></span> 
     </span>
    </p>
   </div>
   <div class='ocr_carea' id='block_1_36' title="bbox 413 2083 1991 2160">
    <p class='ocr_par' dir='ltr' id='par_1_36' title="bbox 413 2083 1991 2160">
     <span class='ocr_line' id='line_1_36' title="bbox 413 2083 1991 2160; baseline -0.003 -17"><span class='ocrx_word' id='word_1_273' title='bbox 413 2091 506 2144; x_wconf 90' lang='lat' dir='ltr'><strong>ubi</strong></span> <span class='ocrx_word' id='word_1_274' title='bbox 531 2090 636 2160; x_wconf 72' lang='grc' dir='ltr'><strong>ιθ</strong></span> <span class='ocrx_word' id='word_1_275' title='bbox 659 2104 777 2150; x_wconf 77' lang='lat' dir='ltr'><strong>non</strong></span> <span class='ocrx_word' id='word_1_276' title='bbox 798 2088 1086 2160; x_wconf 85' lang='lat' dir='ltr'><strong>inquinata</strong></span> <span class='ocrx_word' id='word_1_277' title='bbox 1103 2085 1201 2141; x_wconf 90' lang='lat' dir='ltr'><strong>sis.</strong></span> <span class='ocrx_word' id='word_1_278' title='bbox 1226 2083 1382 2139; x_wconf 87' lang='lat' dir='ltr'><strong>Nunc</strong></span> <span class='ocrx_word' id='word_1_279' title='bbox 1400 2099 1528 2139; x_wconf 88' lang='lat' dir='ltr'><strong>vero</strong></span> <span class='ocrx_word' id='word_1_280' title='bbox 1546 2085 1600 2139; x_wconf 90' lang='lat' dir='ltr'><strong>in</strong></span> <span class='ocrx_word' id='word_1_281' title='bbox 1621 2085 1723 2140; x_wconf 91' lang='lat' dir='ltr'><strong>viis</strong></span> <span class='ocrx_word' id='word_1_282' title='bbox 1741 2085 1991 2150; x_wconf 89' lang='lat' dir='ltr'><strong>sedebas,</strong></span> 
     </span>
    </p>
   </div>
   <div class='ocr_carea' id='block_1_37' title="bbox 413 2176 1996 2251">
    <p class='ocr_par' dir='ltr' id='par_1_37' title="bbox 413 2176 1996 2251">
     <span class='ocr_line' id='line_1_37' title="bbox 413 2176 1996 2251; baseline -0.003 -15"><span class='ocrx_word' id='word_1_283' title='bbox 413 2189 746 2251; x_wconf 70' lang='lat' dir='ltr'><strong>eISpcctans</strong></span> <span class='ocrx_word' id='word_1_284' title='bbox 777 2195 893 2246; x_wconf 91' lang='lat' dir='ltr'><strong>eos,</strong></span> <span class='ocrx_word' id='word_1_285' title='bbox 926 2179 1088 2250; x_wconf 90' lang='lat' dir='ltr'><strong>quasi</strong></span> <span class='ocrx_word' id='word_1_286' title='bbox 1122 2177 1316 2233; x_wconf 80' lang='lat' dir='ltr'><strong>cornix</strong></span> <span class='ocrx_word' id='word_1_287' title='bbox 1350 2176 1404 2230; x_wconf 92' lang='lat' dir='ltr'><strong>in</strong></span> <span class='ocrx_word' id='word_1_288' title='bbox 1432 2177 1730 2232; x_wconf 87' lang='lat' dir='ltr'><strong>solitudine</strong></span> <span class='ocrx_word' id='word_1_289' title='bbox 1755 2176 1876 2231; x_wconf 88' lang='lat' dir='ltr'><strong>sola</strong></span> <span class='ocrx_word' id='word_1_290' title='bbox 1904 2199 1915 2232; x_wconf 85' lang='lat'><strong>:</strong></span> <span class='ocrx_word' id='word_1_291' title='bbox 1941 2183 1996 2232; x_wconf 89' lang='lat' dir='ltr'><strong>et</strong></span> 
     </span>
    </p>
   </div>
   <div class='ocr_carea' id='block_1_38' title="bbox 414 2261 1996 2343">
    <p class='ocr_par' dir='ltr' id='par_1_38' title="bbox 414 2261 1996 2343">
     <span class='ocr_line' id='line_1_38' title="bbox 414 2261 1996 2343; baseline -0.003 -15"><span class='ocrx_word' id='word_1_292' title='bbox 414 2271 658 2343; x_wconf 90' lang='lat' dir='ltr'><strong>polluisti</strong></span> <span class='ocrx_word' id='word_1_293' title='bbox 695 2279 899 2327; x_wconf 91' lang='lat' dir='ltr'><strong>terram</strong></span> <span class='ocrx_word' id='word_1_294' title='bbox 931 2269 1407 2325; x_wconf 86' lang='lat' dir='ltr'><strong>fornicationibus</strong></span> <span class='ocrx_word' id='word_1_295' title='bbox 1431 2269 1543 2324; x_wconf 93' lang='lat' dir='ltr'><strong>tuis</strong></span> <span class='ocrx_word' id='word_1_296' title='bbox 1568 2261 1634 2316; x_wconf 71' lang='grc' dir='ltr'><strong>ι’.</strong></span> <span class='ocrx_word' id='word_1_297' title='bbox 1655 2286 1672 2320; x_wconf 76' lang='grc' dir='ltr'><strong>ι</strong></span> <span class='ocrx_word' id='word_1_298' title='bbox 1712 2267 1776 2322; x_wconf 89' lang='grc' dir='ltr'><strong>Ει</strong></span> <span class='ocrx_word' id='word_1_299' title='bbox 1801 2269 1996 2324; x_wconf 90' lang='lat' dir='ltr'><strong>beatus</strong></span> 
     </span>
    </p>
   </div>
   <div class='ocr_carea' id='block_1_39' title="bbox 414 2359 1995 2431">
    <p class='ocr_par' dir='ltr' id='par_1_39' title="bbox 414 2359 1995 2431">
     <span class='ocr_line' id='line_1_39' title="bbox 414 2359 1995 2431; baseline -0.003 -11"><span class='ocrx_word' id='word_1_300' title='bbox 414 2367 613 2422; x_wconf 89' lang='lat' dir='ltr'><strong>Isaias:</strong></span> <span class='ocrx_word' id='word_1_301' title='bbox 645 2383 662 2415; x_wconf 78' lang='grc' dir='ltr'><strong>ι</strong></span> <span class='ocrx_word' id='word_1_302' title='bbox 682 2361 989 2428; x_wconf 85' lang='lat' dir='ltr'><strong>Quomodo,</strong></span> <span class='ocrx_word' id='word_1_303' title='bbox 1015 2361 1216 2431; x_wconf 86' lang='lat' dir='ltr'><strong>inquit,</strong></span> <span class='ocrx_word' id='word_1_304' title='bbox 1241 2361 1383 2415; x_wconf 90' lang='lat' dir='ltr'><strong>facta</strong></span> <span class='ocrx_word' id='word_1_305' title='bbox 1398 2369 1483 2416; x_wconf 90' lang='lat' dir='ltr'><strong>est</strong></span> <span class='ocrx_word' id='word_1_306' title='bbox 1506 2359 1768 2414; x_wconf 81' lang='lat' dir='ltr'><strong>meretrix</strong></span> <span class='ocrx_word' id='word_1_307' title='bbox 1797 2361 1995 2418; x_wconf 89' lang='lat' dir='ltr'><strong>civitas</strong></span> 
     </span>
    </p>
   </div>
   <div class='ocr_carea' id='block_1_40' title="bbox 417 2449 1994 2521">
    <p class='ocr_par' dir='ltr' id='par_1_40' title="bbox 417 2449 1994 2521">
     <span class='ocr_line' id='line_1_40' title="bbox 417 2449 1994 2521; baseline -0.004 -12"><span class='ocrx_word' id='word_1_308' title='bbox 417 2455 597 2509; x_wconf 86' lang='lat' dir='ltr'><strong>ﬁdelis</strong></span> <span class='ocrx_word' id='word_1_309' title='bbox 633 2452 791 2515; x_wconf 90' lang='lat' dir='ltr'><strong>Sion,</strong></span> <span class='ocrx_word' id='word_1_310' title='bbox 814 2451 974 2520; x_wconf 89' lang='lat' dir='ltr'><strong>plena</strong></span> <span class='ocrx_word' id='word_1_311' title='bbox 999 2449 1236 2520; x_wconf 88' lang='lat' dir='ltr'><strong>judicii?</strong></span> <span class='ocrx_word' id='word_1_312' title='bbox 1261 2451 1314 2504; x_wconf 93' lang='lat' dir='ltr'><strong>in</strong></span> <span class='ocrx_word' id='word_1_313' title='bbox 1338 2467 1446 2521; x_wconf 89' lang='lat' dir='ltr'><strong>qua</strong></span> <span class='ocrx_word' id='word_1_314' title='bbox 1469 2450 1686 2520; x_wconf 88' lang='lat' dir='ltr'><strong>justitia</strong></span> <span class='ocrx_word' id='word_1_315' title='bbox 1713 2449 1994 2516; x_wconf 92' lang='lat' dir='ltr'><strong>dormivit,</strong></span> 
     </span>
    </p>
   </div>
   <div class='ocr_carea' id='block_1_41' title="bbox 418 2534 1993 2611">
    <p class='ocr_par' dir='ltr' id='par_1_41' title="bbox 418 2534 1993 2611">
     <span class='ocr_line' id='line_1_41' title="bbox 418 2534 1993 2611; baseline -0.005 -11"><span class='ocrx_word' id='word_1_316' title='bbox 418 2534 789 2611; x_wconf 74' lang='lat' dir='ltr'><strong>nunc&#39;autem</strong></span> <span class='ocrx_word' id='word_1_317' title='bbox 822 2540 1109 2596; x_wconf 64' lang='lat' dir='ltr'><strong>homicidae</strong></span> <span class='ocrx_word' id='word_1_318' title='bbox 1144 2553 1189 2592; x_wconf 82' lang='grc' dir='ltr'>υ.</span> <span class='ocrx_word' id='word_1_319' title='bbox 1221 2561 1238 2594; x_wconf 77' lang='grc' dir='ltr'><strong>ι</strong></span> <span class='ocrx_word' id='word_1_320' title='bbox 1269 2540 1338 2596; x_wconf 83' lang='grc' dir='ltr'><strong>Ει</strong></span> <span class='ocrx_word' id='word_1_321' title='bbox 1365 2556 1561 2596; x_wconf 86' lang='lat' dir='ltr'><strong>rursus</strong></span> <span class='ocrx_word' id='word_1_322' title='bbox 1591 2560 1604 2595; x_wconf 88' lang='lat'>:</span> <span class='ocrx_word' id='word_1_323' title='bbox 1631 2562 1649 2593; x_wconf 77' lang='grc' dir='ltr'><strong>ι</strong></span> <span class='ocrx_word' id='word_1_324' title='bbox 1674 2541 1866 2607; x_wconf 88' lang='lat' dir='ltr'><strong>Qualis</strong></span> <span class='ocrx_word' id='word_1_325' title='bbox 1888 2551 1993 2606; x_wconf 77' lang='grc' dir='ltr'>εει,</span> 
     </span>
    </p>
   </div>
   <div class='ocr_carea' id='block_1_42' title="bbox 417 2630 1996 2707">
    <p class='ocr_par' dir='ltr' id='par_1_42' title="bbox 417 2630 1996 2707">
     <span class='ocr_line' id='line_1_42' title="bbox 417 2630 1996 2707; baseline -0.003 -15"><span class='ocrx_word' id='word_1_326' title='bbox 417 2636 622 2707; x_wconf 86' lang='lat' dir='ltr'><strong>inquit,</strong></span> <span class='ocrx_word' id='word_1_327' title='bbox 654 2635 743 2688; x_wconf 91' lang='lat' dir='ltr'><strong>hic</strong></span> <span class='ocrx_word' id='word_1_328' title='bbox 776 2633 916 2688; x_wconf 89' lang='lat' dir='ltr'><strong>liber</strong></span> <span class='ocrx_word' id='word_1_329' title='bbox 937 2630 1153 2703; x_wconf 83' lang='lat' dir='ltr'><strong>repudii</strong></span> <span class='ocrx_word' id='word_1_330' title='bbox 1187 2633 1380 2688; x_wconf 91' lang='lat' dir='ltr'><strong>matris</strong></span> <span class='ocrx_word' id='word_1_331' title='bbox 1415 2640 1634 2696; x_wconf 67' lang='lat' dir='ltr'><strong>vestrae,</strong></span> <span class='ocrx_word' id='word_1_332' title='bbox 1663 2649 1775 2703; x_wconf 91' lang='lat' dir='ltr'><strong>quo</strong></span> <span class='ocrx_word' id='word_1_333' title='bbox 1810 2633 1996 2688; x_wconf 90' lang='lat' dir='ltr'><strong>dimisi</strong></span> 
     </span>
    </p>
   </div>
   <div class='ocr_carea' id='block_1_43' title="bbox 415 2723 1999 2783">
    <p class='ocr_par' dir='ltr' id='par_1_43' title="bbox 415 2723 1999 2783">
     <span class='ocr_line' id='line_1_43' title="bbox 415 2723 1999 2783; baseline -0.003 0"><span class='ocrx_word' id='word_1_334' title='bbox 415 2727 576 2783; x_wconf 87' lang='lat' dir='ltr'><strong>eam?</strong></span> <span class='ocrx_word' id='word_1_335' title='bbox 603 2734 699 2780; x_wconf 90' lang='lat' dir='ltr'><strong>aut</strong></span> <span class='ocrx_word' id='word_1_336' title='bbox 733 2726 952 2780; x_wconf 90' lang='lat' dir='ltr'><strong>cuinam</strong></span> <span class='ocrx_word' id='word_1_337' title='bbox 981 2740 1105 2778; x_wconf 90' lang='lat' dir='ltr'><strong>cum</strong></span> <span class='ocrx_word' id='word_1_338' title='bbox 1145 2723 1366 2778; x_wconf 75' lang='lat' dir='ltr'><strong>debitor</strong></span> <span class='ocrx_word' id='word_1_339' title='bbox 1403 2738 1582 2778; x_wconf 90' lang='lat' dir='ltr'><strong>essem</strong></span> <span class='ocrx_word' id='word_1_340' title='bbox 1613 2723 1831 2778; x_wconf 84' lang='lat' dir='ltr'><strong>vendidi</strong></span> <span class='ocrx_word' id='word_1_341' title='bbox 1858 2724 1999 2779; x_wconf 79' lang='lat' dir='ltr'><strong>vos?</strong></span> 
     </span>
    </p>
   </div>
   <div class='ocr_carea' id='block_1_44' title="bbox 419 2814 1999 2885">
    <p class='ocr_par' dir='ltr' id='par_1_44' title="bbox 419 2814 1999 2885">
     <span class='ocr_line' id='line_1_44' title="bbox 419 2814 1999 2885; baseline -0.002 -13"><span class='ocrx_word' id='word_1_342' title='bbox 419 2817 559 2874; x_wconf 88' lang='lat' dir='ltr'><strong>Ecce</strong></span> <span class='ocrx_word' id='word_1_343' title='bbox 580 2817 723 2872; x_wconf 87' lang='lat' dir='ltr'><strong>enim</strong></span> <span class='ocrx_word' id='word_1_344' title='bbox 756 2815 810 2870; x_wconf 89' lang='lat' dir='ltr'><strong>in</strong></span> <span class='ocrx_word' id='word_1_345' title='bbox 849 2814 1234 2885; x_wconf 89' lang='lat' dir='ltr'><strong>iniquitatibus</strong></span> <span class='ocrx_word' id='word_1_346' title='bbox 1273 2815 1478 2869; x_wconf 87' lang='lat' dir='ltr'><strong>vestris</strong></span> <span class='ocrx_word' id='word_1_347' title='bbox 1511 2814 1718 2868; x_wconf 88' lang='lat' dir='ltr'><strong>venditi</strong></span> <span class='ocrx_word' id='word_1_348' title='bbox 1750 2815 1906 2878; x_wconf 89' lang='lat' dir='ltr'><strong>estis,</strong></span> <span class='ocrx_word' id='word_1_349' title='bbox 1944 2822 1999 2869; x_wconf 90' lang='lat' dir='ltr'><strong>et</strong></span> 
     </span>
    </p>
   </div>
   <div class='ocr_carea' id='block_1_45' title="bbox 421 2901 1998 2959">
    <p class='ocr_par' dir='ltr' id='par_1_45' title="bbox 421 2901 1998 2959">
     <span class='ocr_line' id='line_1_45' title="bbox 421 2901 1998 2959; baseline 0.001 -1"><span class='ocrx_word' id='word_1_350' title='bbox 421 2903 474 2958; x_wconf 88' lang='lat' dir='ltr'><strong>in</strong></span> <span class='ocrx_word' id='word_1_351' title='bbox 499 2902 807 2958; x_wconf 87' lang='lat' dir='ltr'><strong>sceleribus</strong></span> <span class='ocrx_word' id='word_1_352' title='bbox 837 2902 1038 2957; x_wconf 89' lang='lat' dir='ltr'><strong>vestris</strong></span> <span class='ocrx_word' id='word_1_353' title='bbox 1068 2901 1252 2957; x_wconf 77' lang='lat' dir='ltr'><strong>dimisi</strong></span> <span class='ocrx_word' id='word_1_354' title='bbox 1279 2909 1511 2956; x_wconf 88' lang='lat' dir='ltr'><strong>matrem</strong></span> <span class='ocrx_word' id='word_1_355' title='bbox 1537 2913 1797 2958; x_wconf 89' lang='lat' dir='ltr'><strong>vestram.</strong></span> <span class='ocrx_word' id='word_1_356' title='bbox 1835 2922 1854 2956; x_wconf 73' lang='grc' dir='ltr'><strong>ι</strong></span> <span class='ocrx_word' id='word_1_357' title='bbox 1890 2902 1998 2959; x_wconf 90' lang='lat' dir='ltr'><strong>Sed</strong></span> 
     </span>
    </p>
   </div>
   <div class='ocr_carea' id='block_1_46' title="bbox 419 2992 1998 3064">
    <p class='ocr_par' dir='ltr' id='par_1_46' title="bbox 419 2992 1998 3064">
     <span class='ocr_line' id='line_1_46' title="bbox 419 2992 1998 3064; baseline 0.001 -16"><span class='ocrx_word' id='word_1_358' title='bbox 419 2994 548 3063; x_wconf 92' lang='lat' dir='ltr'><strong>quid</strong></span> <span class='ocrx_word' id='word_1_359' title='bbox 578 3009 717 3064; x_wconf 92' lang='lat' dir='ltr'><strong>opus</strong></span> <span class='ocrx_word' id='word_1_360' title='bbox 745 3004 849 3059; x_wconf 87' lang='lat' dir='ltr'><strong>est,</strong></span> <span class='ocrx_word' id='word_1_361' title='bbox 875 2995 1087 3064; x_wconf 80' lang='lat' dir='ltr'><strong>singula</strong></span> <span class='ocrx_word' id='word_1_362' title='bbox 1109 3009 1229 3064; x_wconf 69' lang='lat' dir='ltr'><strong>qua:</strong></span> <span class='ocrx_word' id='word_1_363' title='bbox 1260 3009 1357 3063; x_wconf 91' lang='lat' dir='ltr'><strong>per</strong></span> <span class='ocrx_word' id='word_1_364' title='bbox 1375 2992 1675 3064; x_wconf 83' lang='lat' dir='ltr'><strong>prophetas</strong></span> <span class='ocrx_word' id='word_1_365' title='bbox 1704 3009 1733 3048; x_wconf 90' lang='lat' dir='ltr'><strong>a</strong></span> <span class='ocrx_word' id='word_1_366' title='bbox 1766 2993 1998 3049; x_wconf 89' lang='lat' dir='ltr'><strong>Domino</strong></span> 
     </span>
    </p>
   </div>
   <div class='ocr_carea' id='block_1_47' title="bbox 417 3085 1998 3157">
    <p class='ocr_par' dir='ltr' id='par_1_47' title="bbox 417 3085 1998 3157">
     <span class='ocr_line' id='line_1_47' title="bbox 417 3085 1998 3157; baseline 0.001 -18"><span class='ocrx_word' id='word_1_367' title='bbox 417 3085 562 3140; x_wconf 89' lang='lat' dir='ltr'><strong>dicta</strong></span> <span class='ocrx_word' id='word_1_368' title='bbox 580 3095 731 3153; x_wconf 90' lang='lat' dir='ltr'><strong>sunt,</strong></span> <span class='ocrx_word' id='word_1_369' title='bbox 775 3086 1080 3157; x_wconf 90' lang='lat' dir='ltr'><strong>persequi?</strong></span> <span class='ocrx_word' id='word_1_370' title='bbox 1107 3102 1170 3140; x_wconf 84' lang='lat' dir='ltr'><strong>ex</strong></span> <span class='ocrx_word' id='word_1_371' title='bbox 1201 3086 1272 3142; x_wconf 91' lang='lat' dir='ltr'><strong>iis</strong></span> <span class='ocrx_word' id='word_1_372' title='bbox 1295 3086 1464 3150; x_wconf 91' lang='lat' dir='ltr'><strong>enim,</strong></span> <span class='ocrx_word' id='word_1_373' title='bbox 1497 3101 1619 3156; x_wconf 67' lang='lat' dir='ltr'><strong>qua:</strong></span> <span class='ocrx_word' id='word_1_374' title='bbox 1659 3100 1998 3141; x_wconf 80' lang='lat' dir='ltr'><strong>commemo-</strong></span> 
     </span>
    </p>
   </div>
   <div class='ocr_carea' id='block_1_48' title="bbox 422 3178 1991 3247">
    <p class='ocr_par' dir='ltr' id='par_1_48' title="bbox 422 3178 1991 3247">
     <span class='ocr_line' id='line_1_48' title="bbox 422 3178 1991 3247; baseline 0.001 -15"><span class='ocrx_word' id='word_1_375' title='bbox 422 3179 682 3244; x_wconf 89' lang='lat' dir='ltr'><strong>ravimus,</strong></span> <span class='ocrx_word' id='word_1_376' title='bbox 724 3178 940 3233; x_wconf 87' lang='lat' dir='ltr'><strong>discere</strong></span> <span class='ocrx_word' id='word_1_377' title='bbox 976 3178 1274 3247; x_wconf 89' lang='lat' dir='ltr'><strong>possimus,</strong></span> <span class='ocrx_word' id='word_1_378' title='bbox 1311 3178 1384 3230; x_wconf 91' lang='lat' dir='ltr'><strong>ita</strong></span> <span class='ocrx_word' id='word_1_379' title='bbox 1415 3179 1738 3235; x_wconf 89' lang='lat' dir='ltr'><strong>tractandas</strong></span> <span class='ocrx_word' id='word_1_380' title='bbox 1762 3195 1883 3235; x_wconf 87' lang='lat' dir='ltr'><strong>esse</strong></span> <span class='ocrx_word' id='word_1_381' title='bbox 1905 3181 1991 3234; x_wconf 87' lang='lat' dir='ltr'><strong>di-</strong></span> 
     </span>
    </p>
   </div>
   <div class='ocr_carea' id='block_1_49' title="bbox 415 3267 1994 3339">
    <p class='ocr_par' dir='ltr' id='par_1_49' title="bbox 415 3267 1994 3339">
     <span class='ocr_line' id='line_1_49' title="bbox 415 3267 1994 3339; baseline 0 -15"><span class='ocrx_word' id='word_1_382' title='bbox 415 3268 574 3324; x_wconf 86' lang='lat' dir='ltr'><strong>vinas</strong></span> <span class='ocrx_word' id='word_1_383' title='bbox 599 3267 937 3338; x_wconf 89' lang='lat' dir='ltr'><strong>Scripturas,</strong></span> <span class='ocrx_word' id='word_1_384' title='bbox 963 3279 1022 3322; x_wconf 91' lang='lat' dir='ltr'><strong>ut</strong></span> <span class='ocrx_word' id='word_1_385' title='bbox 1047 3285 1154 3323; x_wconf 92' lang='lat' dir='ltr'><strong>non</strong></span> <span class='ocrx_word' id='word_1_386' title='bbox 1187 3268 1427 3322; x_wconf 71' lang='lat' dir='ltr'><strong>litteram</strong></span> <span class='ocrx_word' id='word_1_387' title='bbox 1463 3284 1763 3338; x_wconf 86' lang='lat' dir='ltr'><strong>sequamur</strong></span> <span class='ocrx_word' id='word_1_388' title='bbox 1791 3273 1994 3339; x_wconf 89' lang='lat' dir='ltr'><strong>solum,</strong></span> 
     </span>
    </p>
   </div>
   <div class='ocr_carea' id='block_1_50' title="bbox 420 3359 1702 3427">
    <p class='ocr_par' dir='ltr' id='par_1_50' title="bbox 420 3359 1702 3427">
     <span class='ocr_line' id='line_1_50' title="bbox 420 3359 1702 3427; baseline 0.002 -14"><span class='ocrx_word' id='word_1_389' title='bbox 420 3360 516 3414; x_wconf 88' lang='lat' dir='ltr'><strong>sed</strong></span> <span class='ocrx_word' id='word_1_390' title='bbox 555 3368 792 3415; x_wconf 89' lang='lat' dir='ltr'><strong>mentem</strong></span> <span class='ocrx_word' id='word_1_391' title='bbox 832 3375 894 3413; x_wconf 87' lang='lat' dir='ltr'><strong>ac</strong></span> <span class='ocrx_word' id='word_1_392' title='bbox 921 3375 1146 3415; x_wconf 90' lang='lat' dir='ltr'><strong>sensum</strong></span> <span class='ocrx_word' id='word_1_393' title='bbox 1184 3359 1334 3412; x_wconf 91' lang='lat' dir='ltr'><strong>illius</strong></span> <span class='ocrx_word' id='word_1_394' title='bbox 1367 3361 1702 3427; x_wconf 83' lang='lat' dir='ltr'><strong>aperiamus.</strong></span> 
     </span>
    </p>
   </div>
   <div class='ocr_carea' id='block_1_51' title="bbox 2093 1902 3673 1974">
    <p class='ocr_par' dir='ltr' id='par_1_51' title="bbox 2093 1902 3673 1974">
     <span class='ocr_line' id='line_1_51' title="bbox 2093 1902 3673 1974; baseline -0.001 -19"><span class='ocrx_word' id='word_1_395' title='bbox 2093 1903 2310 1972; x_wconf 86' lang='grc' dir='ltr'>ἐγένετο</span> <span class='ocrx_word' id='word_1_396' title='bbox 2332 1903 2391 1956; x_wconf 86' lang='grc' dir='ltr'><strong>ἐν</strong></span> <span class='ocrx_word' id='word_1_397' title='bbox 2445 1903 2527 1956; x_wconf 77' lang='grc' dir='ltr'><strong>σοὶ</strong></span> <span class='ocrx_word' id='word_1_398' title='bbox 2562 1902 2976 1974; x_wconf 81' lang='grc' dir='ltr'>διεστραμμένα</span> <span class='ocrx_word' id='word_1_399' title='bbox 3014 1902 3164 1972; x_wconf 80' lang='grc' dir='ltr'>παρὰ</span> <span class='ocrx_word' id='word_1_400' title='bbox 3201 1902 3300 1966; x_wconf 83' lang='grc' dir='ltr'><strong>τὰς</strong></span> <span class='ocrx_word' id='word_1_401' title='bbox 3324 1903 3589 1970; x_wconf 80' lang='grc' dir='ltr'>γυναῖκας</span> <span class='ocrx_word' id='word_1_402' title='bbox 3613 1903 3673 1955; x_wconf 86' lang='grc' dir='ltr'><strong>ἐν</strong></span> 
     </span>
    </p>
   </div>
   <div class='ocr_carea' id='block_1_52' title="bbox 2093 1992 3672 2067">
    <p class='ocr_par' dir='ltr' id='par_1_52' title="bbox 2093 1992 3672 2067">
     <span class='ocr_line' id='line_1_52' title="bbox 2093 1992 3672 2067; baseline -0.002 -19"><span class='ocrx_word' id='word_1_403' title='bbox 2093 1997 2158 2065; x_wconf 83' lang='grc' dir='ltr'>τῇ</span> <span class='ocrx_word' id='word_1_404' title='bbox 2184 1995 2412 2067; x_wconf 80' lang='grc' dir='ltr'>πορνείᾳ</span> <span class='ocrx_word' id='word_1_405' title='bbox 2464 2011 2578 2048; x_wconf 85' lang='grc' dir='ltr'>σου.</span> <span class='ocrx_word' id='word_1_406' title='bbox 2614 2013 2633 2045; x_wconf 72' lang='grc' dir='ltr'><strong>ι</strong></span> <span class='ocrx_word' id='word_1_407' title='bbox 2665 1995 2775 2047; x_wconf 71' lang='grc' dir='ltr'><strong>Καὶ</strong></span> <span class='ocrx_word' id='word_1_408' title='bbox 2793 1993 2880 2047; x_wconf 83' lang='grc' dir='ltr'>διὰ</span> <span class='ocrx_word' id='word_1_409' title='bbox 2921 1992 3128 2048; x_wconf 84' lang='grc' dir='ltr'>τούτων</span> <span class='ocrx_word' id='word_1_410' title='bbox 3165 1992 3329 2048; x_wconf 88' lang='grc' dir='ltr'>πάλιν</span> <span class='ocrx_word' id='word_1_411' title='bbox 3373 1993 3672 2063; x_wconf 81' lang='grc' dir='ltr'>ἐσήμανεν,</span> 
     </span>
    </p>
   </div>
   <div class='ocr_carea' id='block_1_53' title="bbox 2094 2082 3675 2158">
    <p class='ocr_par' dir='ltr' id='par_1_53' title="bbox 2094 2082 3675 2158">
     <span class='ocr_line' id='line_1_53' title="bbox 2094 2082 3675 2158; baseline -0.001 -18"><span class='ocrx_word' id='word_1_412' title='bbox 2094 2086 2177 2140; x_wconf 83' lang='grc' dir='ltr'>ὅτι</span> <span class='ocrx_word' id='word_1_413' title='bbox 2216 2085 2369 2158; x_wconf 84' lang='grc' dir='ltr'>παρὰ</span> <span class='ocrx_word' id='word_1_414' title='bbox 2391 2085 2484 2140; x_wconf 81' lang='grc' dir='ltr'><strong>τοῦ</strong></span> <span class='ocrx_word' id='word_1_415' title='bbox 2536 2085 2671 2139; x_wconf 87' lang='grc' dir='ltr'><strong>Θεοῦ</strong></span> <span class='ocrx_word' id='word_1_416' title='bbox 2703 2085 3097 2156; x_wconf 85' lang='grc' dir='ltr'>λαμϐάνοντες,</span> <span class='ocrx_word' id='word_1_417' title='bbox 3153 2087 3249 2139; x_wconf 76' lang='grc' dir='ltr'><strong>καὶ</strong></span> <span class='ocrx_word' id='word_1_418' title='bbox 3288 2085 3568 2152; x_wconf 73' lang='grc' dir='ltr'>σῖτον,καὶ</span> <span class='ocrx_word' id='word_1_419' title='bbox 3593 2082 3675 2138; x_wconf 83' lang='grc' dir='ltr'><strong>οἷ-</strong></span> 
     </span>
    </p>
   </div>
   <div class='ocr_carea' id='block_1_54' title="bbox 2094 2171 3673 2249">
    <p class='ocr_par' dir='ltr' id='par_1_54' title="bbox 2094 2171 3673 2249">
     <span class='ocr_line' id='line_1_54' title="bbox 2094 2171 3673 2249; baseline -0.001 -17"><span class='ocrx_word' id='word_1_420' title='bbox 2094 2195 2205 2243; x_wconf 91' lang='grc' dir='ltr'>νον,</span> <span class='ocrx_word' id='word_1_421' title='bbox 2241 2178 2332 2232; x_wconf 67' lang='grc' dir='ltr'>καὶ</span> <span class='ocrx_word' id='word_1_422' title='bbox 2354 2177 2554 2241; x_wconf 84' lang='grc' dir='ltr'>ἔλαιον,</span> <span class='ocrx_word' id='word_1_423' title='bbox 2587 2178 2682 2230; x_wconf 76' lang='grc' dir='ltr'>καὶ</span> <span class='ocrx_word' id='word_1_424' title='bbox 2699 2177 2968 2249; x_wconf 85' lang='grc' dir='ltr'>πρόϐατα,</span> <span class='ocrx_word' id='word_1_425' title='bbox 2992 2177 3087 2230; x_wconf 69' lang='grc' dir='ltr'>καὶ</span> <span class='ocrx_word' id='word_1_426' title='bbox 3119 2171 3268 2246; x_wconf 79' lang='grc' dir='ltr'>βόας,</span> <span class='ocrx_word' id='word_1_427' title='bbox 3292 2177 3387 2230; x_wconf 74' lang='grc' dir='ltr'><strong>καὶ</strong></span> <span class='ocrx_word' id='word_1_428' title='bbox 3414 2179 3673 2248; x_wconf 79' lang='grc' dir='ltr'>μόσχους,</span> 
     </span>
    </p>
   </div>
   <div class='ocr_carea' id='block_1_55' title="bbox 2094 2265 3677 2338">
    <p class='ocr_par' dir='ltr' id='par_1_55' title="bbox 2094 2265 3677 2338">
     <span class='ocr_line' id='line_1_55' title="bbox 2094 2265 3677 2338; baseline -0.002 -14"><span class='ocrx_word' id='word_1_429' title='bbox 2094 2271 2207 2332; x_wconf 84' lang='grc' dir='ltr'>τοῖς</span> <span class='ocrx_word' id='word_1_430' title='bbox 2236 2267 2475 2331; x_wconf 74' lang='grc' dir='ltr'>εἰδώλοις</span> <span class='ocrx_word' id='word_1_431' title='bbox 2497 2267 2597 2331; x_wconf 81' lang='grc' dir='ltr'>τὰς</span> <span class='ocrx_word' id='word_1_432' title='bbox 2643 2267 2839 2331; x_wconf 84' lang='grc' dir='ltr'>θυσίας</span> <span class='ocrx_word' id='word_1_433' title='bbox 2878 2266 3218 2338; x_wconf 78' lang='grc' dir='ltr'>προσέφερον</span> <span class='ocrx_word' id='word_1_434' title='bbox 3239 2282 3255 2298; x_wconf 80' lang='grc' dir='ltr'><strong>ο</strong></span> <span class='ocrx_word' id='word_1_435' title='bbox 3295 2265 3386 2319; x_wconf 83' lang='grc' dir='ltr'>τὸν</span> <span class='ocrx_word' id='word_1_436' title='bbox 3413 2266 3512 2338; x_wconf 85' lang='grc' dir='ltr'>μὲν</span> <span class='ocrx_word' id='word_1_437' title='bbox 3541 2266 3677 2322; x_wconf 75' lang='grc' dir='ltr'>Θεὸν</span> 
     </span>
    </p>
   </div>
   <div class='ocr_carea' id='block_1_56' title="bbox 2096 2354 3675 2433">
    <p class='ocr_par' dir='ltr' id='par_1_56' title="bbox 2096 2354 3675 2433">
     <span class='ocr_line' id='line_1_56' title="bbox 2096 2354 3675 2433; baseline -0.003 -18"><span class='ocrx_word' id='word_1_438' title='bbox 2096 2361 2485 2433; x_wconf 82' lang='grc' dir='ltr'>ἀτιμάζοντες,</span> <span class='ocrx_word' id='word_1_439' title='bbox 2516 2354 2577 2413; x_wconf 72' lang='grc' dir='ltr'>οὗ</span> <span class='ocrx_word' id='word_1_440' title='bbox 2615 2357 2791 2412; x_wconf 81' lang='grc' dir='ltr'>ταῦτα</span> <span class='ocrx_word' id='word_1_441' title='bbox 2821 2358 2892 2412; x_wconf 79' lang='grc' dir='ltr'>τὰ</span> <span class='ocrx_word' id='word_1_442' title='bbox 2939 2357 3090 2428; x_wconf 89' lang='grc' dir='ltr'>δῶρα</span> <span class='ocrx_word' id='word_1_443' title='bbox 3133 2357 3429 2427; x_wconf 77' lang='grc' dir='ltr'>ἐτύγχανον</span> <span class='ocrx_word' id='word_1_444' title='bbox 3448 2373 3463 2386; x_wconf 85' lang='grc'><strong>·</strong></span> <span class='ocrx_word' id='word_1_445' title='bbox 3485 2359 3599 2422; x_wconf 90' lang='grc' dir='ltr'>τοῖς</span> <span class='ocrx_word' id='word_1_446' title='bbox 3617 2357 3675 2411; x_wconf 66' lang='grc' dir='ltr'><strong>δέ</strong></span> 
     </span>
    </p>
   </div>
   <div class='ocr_carea' id='block_1_57' title="bbox 2100 2447 3677 2522">
    <p class='ocr_par' dir='ltr' id='par_1_57' title="bbox 2100 2447 3677 2522">
     <span class='ocr_line' id='line_1_57' title="bbox 2100 2447 3677 2522; baseline -0.002 -17"><span class='ocrx_word' id='word_1_447' title='bbox 2100 2452 2266 2522; x_wconf 73' lang='grc' dir='ltr'>μηδὲν</span> <span class='ocrx_word' id='word_1_448' title='bbox 2323 2450 2547 2505; x_wconf 86' lang='grc' dir='ltr'>πώποτε</span> <span class='ocrx_word' id='word_1_449' title='bbox 2599 2448 3006 2521; x_wconf 81' lang='grc' dir='ltr'>παρεσχηκόσιν</span> <span class='ocrx_word' id='word_1_450' title='bbox 3031 2488 3048 2514; x_wconf 88' lang='grc'><strong>,</strong></span> <span class='ocrx_word' id='word_1_451' title='bbox 3102 2447 3324 2519; x_wconf 80' lang='grc' dir='ltr'>ὀλέθρου</span> <span class='ocrx_word' id='word_1_452' title='bbox 3373 2448 3433 2502; x_wconf 88' lang='grc' dir='ltr'><strong>δέ</strong></span> <span class='ocrx_word' id='word_1_453' title='bbox 3515 2449 3677 2519; x_wconf 82' lang='grc' dir='ltr'>μόνον</span> 
     </span>
    </p>
   </div>
   <div class='ocr_carea' id='block_1_58' title="bbox 2098 2539 3679 2616">
    <p class='ocr_par' dir='ltr' id='par_1_58' title="bbox 2098 2539 3679 2616">
     <span class='ocr_line' id='line_1_58' title="bbox 2098 2539 3679 2616; baseline -0.003 -20"><span class='ocrx_word' id='word_1_454' title='bbox 2098 2544 2397 2616; x_wconf 80' lang='grc' dir='ltr'>προξένοις,</span> <span class='ocrx_word' id='word_1_455' title='bbox 2458 2539 2632 2596; x_wconf 75' lang='grc' dir='ltr'>ταῦτα</span> <span class='ocrx_word' id='word_1_456' title='bbox 2667 2541 3101 2612; x_wconf 75' lang='grc' dir='ltr'>προσφέροντεςο</span> <span class='ocrx_word' id='word_1_457' title='bbox 3163 2542 3260 2593; x_wconf 80' lang='grc' dir='ltr'>καὶ</span> <span class='ocrx_word' id='word_1_458' title='bbox 3319 2539 3512 2611; x_wconf 80' lang='grc' dir='ltr'>μισθὸν</span> <span class='ocrx_word' id='word_1_459' title='bbox 3563 2542 3679 2604; x_wconf 75' lang='grc' dir='ltr'>τοῖς</span> 
     </span>
    </p>
   </div>
   <div class='ocr_carea' id='block_1_59' title="bbox 2101 2631 3680 2706">
    <p class='ocr_par' dir='ltr' id='par_1_59' title="bbox 2101 2631 3680 2706">
     <span class='ocr_line' id='line_1_59' title="bbox 2101 2631 3680 2706; baseline -0.003 -18"><span class='ocrx_word' id='word_1_460' title='bbox 2101 2637 2310 2706; x_wconf 85' lang='grc' dir='ltr'>μοιχοῖς</span> <span class='ocrx_word' id='word_1_461' title='bbox 2326 2635 2626 2706; x_wconf 80' lang='grc' dir='ltr'>ὀρέγοντες,</span> <span class='ocrx_word' id='word_1_462' title='bbox 2660 2633 2850 2703; x_wconf 80' lang='grc' dir='ltr'>μισθὸν</span> <span class='ocrx_word' id='word_1_463' title='bbox 2870 2633 2924 2686; x_wconf 84' lang='grc' dir='ltr'><strong>δέ</strong></span> <span class='ocrx_word' id='word_1_464' title='bbox 2953 2632 3084 2703; x_wconf 88' lang='grc' dir='ltr'>παρ’</span> <span class='ocrx_word' id='word_1_465' title='bbox 3102 2631 3279 2685; x_wconf 78' lang='grc' dir='ltr'>αὐτῶν</span> <span class='ocrx_word' id='word_1_466' title='bbox 3296 2631 3356 2684; x_wconf 80' lang='grc' dir='ltr'>οὐ</span> <span class='ocrx_word' id='word_1_467' title='bbox 3379 2631 3680 2702; x_wconf 84' lang='grc' dir='ltr'>λαμϐάνον-</span> 
     </span>
    </p>
   </div>
   <div class='ocr_carea' id='block_1_60' title="bbox 2097 2724 3680 2798">
    <p class='ocr_par' dir='ltr' id='par_1_60' title="bbox 2097 2724 3680 2798">
     <span class='ocr_line' id='line_1_60' title="bbox 2097 2724 3680 2798; baseline -0.004 -17"><span class='ocrx_word' id='word_1_468' title='bbox 2097 2745 2208 2792; x_wconf 88' lang='grc' dir='ltr'>τες.</span> <span class='ocrx_word' id='word_1_469' title='bbox 2235 2727 2458 2792; x_wconf 76' lang='grc' dir='ltr'>Τούτοις</span> <span class='ocrx_word' id='word_1_470' title='bbox 2484 2729 2646 2798; x_wconf 83' lang='grc' dir='ltr'>ὅμοια</span> <span class='ocrx_word' id='word_1_471' title='bbox 2673 2728 2768 2781; x_wconf 76' lang='grc' dir='ltr'>καὶ</span> <span class='ocrx_word' id='word_1_472' title='bbox 2812 2726 2881 2779; x_wconf 77' lang='grc' dir='ltr'><strong>τά</strong></span> <span class='ocrx_word' id='word_1_473' title='bbox 2915 2726 3069 2796; x_wconf 81' lang='grc' dir='ltr'>παρὰ</span> <span class='ocrx_word' id='word_1_474' title='bbox 3117 2724 3196 2795; x_wconf 85' lang='grc' dir='ltr'><strong>τῷ</strong></span> <span class='ocrx_word' id='word_1_475' title='bbox 3226 2724 3480 2795; x_wconf 76' lang='grc' dir='ltr'>προφήτῃ</span> <span class='ocrx_word' id='word_1_476' title='bbox 3518 2725 3680 2794; x_wconf 84' lang='grc' dir='ltr'>Ἰερε-</span> 
     </span>
    </p>
   </div>
   <div class='ocr_carea' id='block_1_61' title="bbox 2103 2815 3680 2892">
    <p class='ocr_par' dir='ltr' id='par_1_61' title="bbox 2103 2815 3680 2892">
     <span class='ocr_line' id='line_1_61' title="bbox 2103 2815 3680 2892; baseline -0.001 -22"><span class='ocrx_word' id='word_1_477' title='bbox 2103 2821 2201 2892; x_wconf 80' lang='grc' dir='ltr'><strong>μίᾳ</strong></span> <span class='ocrx_word' id='word_1_478' title='bbox 2221 2836 2235 2851; x_wconf 88' lang='grc'><strong>·</strong></span> <span class='ocrx_word' id='word_1_479' title='bbox 2268 2837 2285 2870; x_wconf 80' lang='grc' dir='ltr'><strong>ι</strong></span> <span class='ocrx_word' id='word_1_480' title='bbox 2306 2820 2423 2874; x_wconf 78' lang='grc' dir='ltr'><strong>Νῦν</strong></span> <span class='ocrx_word' id='word_1_481' title='bbox 2461 2820 2560 2891; x_wconf 81' lang='grc' dir='ltr'>μὲν</span> <span class='ocrx_word' id='word_1_482' title='bbox 2582 2819 2712 2891; x_wconf 86' lang='grc' dir='ltr'>γὰρ,</span> <span class='ocrx_word' id='word_1_483' title='bbox 2743 2818 2899 2889; x_wconf 69' lang='grc' dir='ltr'>φησὶ,</span> <span class='ocrx_word' id='word_1_484' title='bbox 2925 2818 3252 2888; x_wconf 86' lang='grc' dir='ltr'>ἐμοίχευσας</span> <span class='ocrx_word' id='word_1_485' title='bbox 3279 2815 3338 2870; x_wconf 82' lang='grc' dir='ltr'>τὸ</span> <span class='ocrx_word' id='word_1_486' title='bbox 3372 2815 3547 2881; x_wconf 81' lang='grc' dir='ltr'>ξύλον,</span> <span class='ocrx_word' id='word_1_487' title='bbox 3583 2815 3680 2869; x_wconf 82' lang='grc' dir='ltr'>καὶ</span> 
     </span>
    </p>
   </div>
   <div class='ocr_carea' id='block_1_62' title="bbox 2098 2903 3675 2979">
    <p class='ocr_par' dir='ltr' id='par_1_62' title="bbox 2098 2903 3675 2979">
     <span class='ocr_line' id='line_1_62' title="bbox 2098 2903 3675 2979; baseline -0.003 -17"><span class='ocrx_word' id='word_1_488' title='bbox 2098 2911 2189 2962; x_wconf 81' lang='grc' dir='ltr'>τὸν</span> <span class='ocrx_word' id='word_1_489' title='bbox 2215 2909 2381 2964; x_wconf 87' lang='grc' dir='ltr'>λίθον.</span> <span class='ocrx_word' id='word_1_490' title='bbox 2405 2903 2577 2979; x_wconf 73' lang='grc' dir='ltr'>Ἀρον</span> <span class='ocrx_word' id='word_1_491' title='bbox 2594 2909 2638 2940; x_wconf 76' lang='grc'>³³</span> <span class='ocrx_word' id='word_1_492' title='bbox 2667 2909 2794 2970; x_wconf 78' lang='grc' dir='ltr'>τοὺς</span> <span class='ocrx_word' id='word_1_493' title='bbox 2844 2905 3158 2974; x_wconf 81' lang='grc' dir='ltr'>ὀφθαλμούς</span> <span class='ocrx_word' id='word_1_494' title='bbox 3201 2923 3294 2958; x_wconf 85' lang='grc' dir='ltr'><strong>σου</strong></span> <span class='ocrx_word' id='word_1_495' title='bbox 3323 2908 3404 2968; x_wconf 87' lang='grc' dir='ltr'><strong>είς</strong></span> <span class='ocrx_word' id='word_1_496' title='bbox 3425 2906 3675 2970; x_wconf 75' lang='grc' dir='ltr'>εὐθεῖαν,</span> 
     </span>
    </p>
   </div>
   <div class='ocr_carea' id='block_1_63' title="bbox 2101 2996 3678 3069">
    <p class='ocr_par' dir='ltr' id='par_1_63' title="bbox 2101 2996 3678 3069">
     <span class='ocr_line' id='line_1_63' title="bbox 2101 2996 3678 3069; baseline -0.001 -17"><span class='ocrx_word' id='word_1_497' title='bbox 2101 2999 2194 3052; x_wconf 69' lang='grc' dir='ltr'>καὶ</span> <span class='ocrx_word' id='word_1_498' title='bbox 2215 2998 2288 3052; x_wconf 87' lang='grc' dir='ltr'><strong>ίδέ</strong></span> <span class='ocrx_word' id='word_1_499' title='bbox 2313 2999 2414 3052; x_wconf 85' lang='grc' dir='ltr'>ποῦ</span> <span class='ocrx_word' id='word_1_500' title='bbox 2433 2998 2528 3052; x_wconf 84' lang='grc' dir='ltr'>οὐκ</span> <span class='ocrx_word' id='word_1_501' title='bbox 2547 2996 2991 3069; x_wconf 84' lang='grc' dir='ltr'>ἐξεφύρθης.Νὖν</span> <span class='ocrx_word' id='word_1_502' title='bbox 3011 2997 3068 3051; x_wconf 77' lang='grc' dir='ltr'>δὲ</span> <span class='ocrx_word' id='word_1_503' title='bbox 3088 2998 3178 3050; x_wconf 87' lang='grc' dir='ltr'><strong>ἐπί</strong></span> <span class='ocrx_word' id='word_1_504' title='bbox 3203 3000 3322 3061; x_wconf 85' lang='grc' dir='ltr'>ταῖς</span> <span class='ocrx_word' id='word_1_505' title='bbox 3341 2997 3481 3060; x_wconf 84' lang='grc' dir='ltr'>ὁδοῖς</span> <span class='ocrx_word' id='word_1_506' title='bbox 3509 2997 3678 3051; x_wconf 77' lang='grc' dir='ltr'>ἐκάθ-</span> 
     </span>
    </p>
   </div>
   <div class='ocr_carea' id='block_1_64' title="bbox 2105 3085 3681 3159">
    <p class='ocr_par' dir='ltr' id='par_1_64' title="bbox 2105 3085 3681 3159">
     <span class='ocr_line' id='line_1_64' title="bbox 2105 3085 3681 3159; baseline -0.002 -18"><span class='ocrx_word' id='word_1_507' title='bbox 2105 3105 2224 3152; x_wconf 87' lang='grc' dir='ltr'>ισας</span> <span class='ocrx_word' id='word_1_508' title='bbox 2280 3087 2636 3159; x_wconf 87' lang='grc' dir='ltr'>προσδοκῶσα</span> <span class='ocrx_word' id='word_1_509' title='bbox 2678 3087 2893 3149; x_wconf 72' lang='grc' dir='ltr'>αὐτοὺς,</span> <span class='ocrx_word' id='word_1_510' title='bbox 2944 3086 3077 3140; x_wconf 73' lang='grc' dir='ltr'>ὡσεὶ</span> <span class='ocrx_word' id='word_1_511' title='bbox 3121 3085 3334 3156; x_wconf 86' lang='grc' dir='ltr'>κορώνη</span> <span class='ocrx_word' id='word_1_512' title='bbox 3382 3087 3442 3138; x_wconf 89' lang='grc' dir='ltr'><strong>ἐν</strong></span> <span class='ocrx_word' id='word_1_513' title='bbox 3485 3087 3681 3158; x_wconf 84' lang='grc' dir='ltr'>ἐρήμῳ</span> 
     </span>
    </p>
   </div>
   <div class='ocr_carea' id='block_1_65' title="bbox 2109 3175 3675 3249">
    <p class='ocr_par' dir='ltr' id='par_1_65' title="bbox 2109 3175 3675 3249">
     <span class='ocr_line' id='line_1_65' title="bbox 2109 3175 3675 3249; baseline -0.003 -18"><span class='ocrx_word' id='word_1_514' title='bbox 2109 3179 2267 3249; x_wconf 86' lang='grc' dir='ltr'>μόνη,</span> <span class='ocrx_word' id='word_1_515' title='bbox 2293 3178 2389 3231; x_wconf 74' lang='grc' dir='ltr'>καὶ</span> <span class='ocrx_word' id='word_1_516' title='bbox 2416 3177 2460 3209; x_wconf 71' lang='grc'>⁸⁸</span> <span class='ocrx_word' id='word_1_517' title='bbox 2491 3176 2720 3248; x_wconf 87' lang='grc' dir='ltr'>ἐμίανας</span> <span class='ocrx_word' id='word_1_518' title='bbox 2741 3175 2840 3247; x_wconf 82' lang='grc' dir='ltr'>τὴν</span> <span class='ocrx_word' id='word_1_519' title='bbox 2861 3177 2964 3244; x_wconf 77' lang='grc' dir='ltr'>γῆν</span> <span class='ocrx_word' id='word_1_520' title='bbox 2989 3175 3048 3228; x_wconf 86' lang='grc' dir='ltr'><strong>ἐν</strong></span> <span class='ocrx_word' id='word_1_521' title='bbox 3069 3178 3187 3239; x_wconf 85' lang='grc' dir='ltr'>ταῖς</span> <span class='ocrx_word' id='word_1_522' title='bbox 3209 3177 3490 3247; x_wconf 87' lang='grc' dir='ltr'>πορνείαις</span> <span class='ocrx_word' id='word_1_523' title='bbox 3524 3192 3675 3231; x_wconf 80' lang='grc' dir='ltr'>σου.»</span> 
     </span>
    </p>
   </div>
   <div class='ocr_carea' id='block_1_66' title="bbox 2105 3266 3677 3339">
    <p class='ocr_par' dir='ltr' id='par_1_66' title="bbox 2105 3266 3677 3339">
     <span class='ocr_line' id='line_1_66' title="bbox 2105 3266 3677 3339; baseline -0.003 -18"><span class='ocrx_word' id='word_1_524' title='bbox 2105 3269 2269 3322; x_wconf 79' lang='grc' dir='ltr'><strong>Καὶό</strong></span> <span class='ocrx_word' id='word_1_525' title='bbox 2323 3269 2588 3339; x_wconf 86' lang='grc' dir='ltr'>μακάριος</span> <span class='ocrx_word' id='word_1_526' title='bbox 2624 3267 2682 3319; x_wconf 88' lang='grc' dir='ltr'><strong>δέ</strong></span> <span class='ocrx_word' id='word_1_527' title='bbox 2727 3266 2989 3330; x_wconf 76' lang='grc' dir='ltr'>Ἡσαΐας,</span> <span class='ocrx_word' id='word_1_528' title='bbox 3033 3286 3051 3319; x_wconf 79' lang='grc' dir='ltr'><strong>ι</strong></span> <span class='ocrx_word' id='word_1_529' title='bbox 3095 3266 3221 3329; x_wconf 85' lang='grc' dir='ltr'>Πῶς</span> <span class='ocrx_word' id='word_1_530' title='bbox 3248 3268 3486 3334; x_wconf 87' lang='grc' dir='ltr'>ἐγένετο,</span> <span class='ocrx_word' id='word_1_531' title='bbox 3515 3267 3677 3336; x_wconf 77' lang='grc' dir='ltr'>φησὶ,</span> 
     </span>
    </p>
   </div>
   <div class='ocr_carea' id='block_1_67' title="bbox 2107 3352 3680 3432">
    <p class='ocr_par' dir='ltr' id='par_1_67' title="bbox 2107 3352 3680 3432">
     <span class='ocr_line' id='line_1_67' title="bbox 2107 3352 3680 3432; baseline -0.001 -20"><span class='ocrx_word' id='word_1_532' title='bbox 2107 3360 2281 3432; x_wconf 85' lang='grc' dir='ltr'>πόρνη</span> <span class='ocrx_word' id='word_1_533' title='bbox 2318 3361 2473 3424; x_wconf 86' lang='grc' dir='ltr'>πόλις</span> <span class='ocrx_word' id='word_1_534' title='bbox 2503 3361 2670 3430; x_wconf 83' lang='grc' dir='ltr'>πιστὴ</span> <span class='ocrx_word' id='word_1_535' title='bbox 2699 3357 2860 3423; x_wconf 85' lang='grc' dir='ltr'>Σιὼν,</span> <span class='ocrx_word' id='word_1_536' title='bbox 2897 3360 2931 3428; x_wconf 81' lang='grc' dir='ltr'>ἡ</span> <span class='ocrx_word' id='word_1_537' title='bbox 2985 3359 3200 3430; x_wconf 84' lang='grc' dir='ltr'>πλήρης</span> <span class='ocrx_word' id='word_1_538' title='bbox 3241 3359 3513 3429; x_wconf 75' lang='grc' dir='ltr'>κρίσεωςς</span> <span class='ocrx_word' id='word_1_539' title='bbox 3549 3358 3609 3410; x_wconf 81' lang='grc' dir='ltr'><strong>ἐν</strong></span> 
     </span>
    </p>
   </div>
   <div class='ocr_carea' id='block_1_68' title="bbox 417 3449 3681 3524">
    <p class='ocr_par' dir='ltr' id='par_1_68' title="bbox 417 3449 3681 3524">
     <span class='ocr_line' id='line_1_68' title="bbox 417 3449 3681 3524; baseline -0.002 -18"><span class='ocrx_word' id='word_1_540' title='bbox 417 3451 728 3523; x_wconf 85' lang='grc' dir='ltr'>δικαιοσύνη</span> <span class='ocrx_word' id='word_1_541' title='bbox 751 3450 1018 3524; x_wconf 83' lang='grc' dir='ltr'>ἐκοιμήθη</span> <span class='ocrx_word' id='word_1_542' title='bbox 1057 3454 1114 3507; x_wconf 84' lang='grc' dir='ltr'><strong>ἐν</strong></span> <span class='ocrx_word' id='word_1_543' title='bbox 1161 3451 1320 3520; x_wconf 79' lang='grc' dir='ltr'>αὐτῇ,</span> <span class='ocrx_word' id='word_1_544' title='bbox 1357 3449 1452 3502; x_wconf 79' lang='grc' dir='ltr'><strong>νῦν</strong></span> <span class='ocrx_word' id='word_1_545' title='bbox 1491 3451 1548 3504; x_wconf 79' lang='grc' dir='ltr'>δὲ</span> <span class='ocrx_word' id='word_1_546' title='bbox 1579 3451 1852 3520; x_wconf 87' lang='grc' dir='ltr'>φονευταί.</span> <span class='ocrx_word' id='word_1_547' title='bbox 1890 3453 2036 3505; x_wconf 75' lang='grc' dir='ltr'><strong>»Καὶ</strong></span> <span class='ocrx_word' id='word_1_548' title='bbox 2073 3449 2256 3517; x_wconf 82' lang='grc' dir='ltr'>αὖθις·</span> <span class='ocrx_word' id='word_1_549' title='bbox 2297 3473 2314 3505; x_wconf 80' lang='grc' dir='ltr'><strong>ι</strong></span> <span class='ocrx_word' id='word_1_550' title='bbox 2347 3453 2525 3516; x_wconf 86' lang='grc' dir='ltr'>Ποῖον,</span> <span class='ocrx_word' id='word_1_551' title='bbox 2559 3452 2714 3522; x_wconf 78' lang='grc' dir='ltr'>φησὶ,</span> <span class='ocrx_word' id='word_1_552' title='bbox 2755 3451 2815 3503; x_wconf 78' lang='grc' dir='ltr'>τὸ</span> <span class='ocrx_word' id='word_1_553' title='bbox 2868 3451 3068 3521; x_wconf 87' lang='grc' dir='ltr'>βιϐλίον</span> <span class='ocrx_word' id='word_1_554' title='bbox 3112 3449 3272 3504; x_wconf 80' lang='grc' dir='ltr'>τοῦτο</span> <span class='ocrx_word' id='word_1_555' title='bbox 3299 3449 3394 3502; x_wconf 84' lang='grc' dir='ltr'>τοῦ</span> <span class='ocrx_word' id='word_1_556' title='bbox 3437 3449 3681 3501; x_wconf 83' lang='grc' dir='ltr'>ἀποστα-</span> 
     </span>
    </p>
   </div>
   <div class='ocr_carea' id='block_1_69' title="bbox 421 3539 2244 3614">
    <p class='ocr_par' dir='ltr' id='par_1_69' title="bbox 421 3539 2244 3614">
     <span class='ocr_line' id='line_1_69' title="bbox 421 3539 2244 3614; baseline 0.001 -22"><span class='ocrx_word' id='word_1_557' title='bbox 421 3541 534 3595; x_wconf 89' lang='grc' dir='ltr'>σίου</span> <span class='ocrx_word' id='word_1_558' title='bbox 566 3541 666 3613; x_wconf 78' lang='grc' dir='ltr'><strong>τῆς</strong></span> <span class='ocrx_word' id='word_1_559' title='bbox 689 3543 892 3614; x_wconf 70' lang='grc' dir='ltr'>μητρὸς</span> <span class='ocrx_word' id='word_1_560' title='bbox 915 3541 1071 3611; x_wconf 81' lang='grc' dir='ltr'>ὑμῶν</span> <span class='ocrx_word' id='word_1_561' title='bbox 1092 3557 1107 3605; x_wconf 93' lang='grc'><strong>;</strong></span> <span class='ocrx_word' id='word_1_562' title='bbox 1135 3539 1167 3610; x_wconf 82' lang='grc' dir='ltr'>ἢ</span> <span class='ocrx_word' id='word_1_563' title='bbox 1192 3539 1599 3609; x_wconf 79' lang='grc' dir='ltr'>τίνιὺπόχρεως</span> <span class='ocrx_word' id='word_1_564' title='bbox 1624 3542 1698 3594; x_wconf 84' lang='grc' dir='ltr'>ὣν</span> <span class='ocrx_word' id='word_1_565' title='bbox 1722 3541 1980 3613; x_wconf 85' lang='grc' dir='ltr'>πέπρακα</span> <span class='ocrx_word' id='word_1_566' title='bbox 2057 3544 2203 3614; x_wconf 82' lang='grc' dir='ltr'>ὑμᾶς</span> <span class='ocrx_word' id='word_1_567' title='bbox 2229 3562 2244 3610; x_wconf 87' lang='grc'>;</span> 
     </span>
    </p>
   </div>
   <div class='ocr_carea' id='block_1_70' title="bbox 2323 3537 3681 3613">
    <p class='ocr_par' dir='ltr' id='par_1_70' title="bbox 2323 3537 3681 3613">
     <span class='ocr_line' id='line_1_70' title="bbox 2323 3537 3681 3613; baseline -0.004 -17"><span class='ocrx_word' id='word_1_568' title='bbox 2323 3543 2457 3597; x_wconf 77' lang='grc' dir='ltr'>’ἰδοὺ</span> <span class='ocrx_word' id='word_1_569' title='bbox 2519 3546 2642 3606; x_wconf 84' lang='grc' dir='ltr'>ταῖς</span> <span class='ocrx_word' id='word_1_570' title='bbox 2701 3542 2999 3613; x_wconf 82' lang='grc' dir='ltr'>ἁμαρτίαις</span> <span class='ocrx_word' id='word_1_571' title='bbox 3047 3541 3203 3612; x_wconf 86' lang='grc' dir='ltr'>ὑμῶν</span> <span class='ocrx_word' id='word_1_572' title='bbox 3251 3539 3549 3610; x_wconf 89' lang='grc' dir='ltr'>ἐπράθητε,</span> <span class='ocrx_word' id='word_1_573' title='bbox 3581 3537 3681 3591; x_wconf 73' lang='grc' dir='ltr'>καὶ</span> 
     </span>
    </p>
   </div>
   <div class='ocr_carea' id='block_1_71' title="bbox 417 3633 3680 3708">
    <p class='ocr_par' dir='ltr' id='par_1_71' title="bbox 417 3633 3680 3708">
     <span class='ocr_line' id='line_1_71' title="bbox 417 3633 3680 3708; baseline 0 -17"><span class='ocrx_word' id='word_1_574' title='bbox 417 3642 535 3701; x_wconf 86' lang='grc' dir='ltr'>ταῖς</span> <span class='ocrx_word' id='word_1_575' title='bbox 557 3639 808 3708; x_wconf 79' lang='grc' dir='ltr'>ἀνομίαις</span> <span class='ocrx_word' id='word_1_576' title='bbox 832 3637 983 3706; x_wconf 82' lang='grc' dir='ltr'>ὑμῶν</span> <span class='ocrx_word' id='word_1_577' title='bbox 1010 3633 1366 3700; x_wconf 81' lang='grc' dir='ltr'>ἐξαπέστειλα</span> <span class='ocrx_word' id='word_1_578' title='bbox 1397 3634 1496 3706; x_wconf 77' lang='grc' dir='ltr'>τὴν</span> <span class='ocrx_word' id='word_1_579' title='bbox 1523 3635 1735 3708; x_wconf 89' lang='grc' dir='ltr'>μητέρα</span> <span class='ocrx_word' id='word_1_580' title='bbox 1760 3637 1931 3707; x_wconf 85' lang='grc' dir='ltr'>ὑμῶν.</span> <span class='ocrx_word' id='word_1_581' title='bbox 1967 3657 1985 3691; x_wconf 72' lang='grc' dir='ltr'><strong>ι</strong></span> <span class='ocrx_word' id='word_1_582' title='bbox 2027 3639 2137 3691; x_wconf 72' lang='grc' dir='ltr'><strong>Καὶ</strong></span> <span class='ocrx_word' id='word_1_583' title='bbox 2172 3640 2225 3693; x_wconf 83' lang='grc' dir='ltr'><strong>τί</strong></span> <span class='ocrx_word' id='word_1_584' title='bbox 2254 3640 2337 3693; x_wconf 81' lang='grc' dir='ltr'><strong>δεῖ</strong></span> <span class='ocrx_word' id='word_1_585' title='bbox 2387 3639 2565 3694; x_wconf 88' lang='grc' dir='ltr'>πάντα</span> <span class='ocrx_word' id='word_1_586' title='bbox 2614 3638 2793 3706; x_wconf 82' lang='grc' dir='ltr'>λέγειν</span> <span class='ocrx_word' id='word_1_587' title='bbox 2827 3637 2894 3690; x_wconf 77' lang='grc' dir='ltr'>τὰ</span> <span class='ocrx_word' id='word_1_588' title='bbox 2921 3637 3011 3690; x_wconf 72' lang='grc' dir='ltr'><strong>διὰ</strong></span> <span class='ocrx_word' id='word_1_589' title='bbox 3035 3637 3144 3690; x_wconf 88' lang='grc' dir='ltr'><strong>τῶν</strong></span> <span class='ocrx_word' id='word_1_590' title='bbox 3208 3634 3505 3708; x_wconf 73' lang='grc' dir='ltr'>προφητῶν</span> <span class='ocrx_word' id='word_1_591' title='bbox 3570 3637 3680 3692; x_wconf 77' lang='grc' dir='ltr'><strong>ὑπὸ</strong></span> 
     </span>
    </p>
   </div>
   <div class='ocr_carea' id='block_1_72' title="bbox 420 3721 3678 3799">
    <p class='ocr_par' dir='ltr' id='par_1_72' title="bbox 420 3721 3678 3799">
     <span class='ocr_line' id='line_1_72' title="bbox 420 3721 3678 3799; baseline 0 -19"><span class='ocrx_word' id='word_1_592' title='bbox 420 3727 514 3780; x_wconf 82' lang='grc' dir='ltr'>τοῦ</span> <span class='ocrx_word' id='word_1_593' title='bbox 547 3725 682 3778; x_wconf 80' lang='grc' dir='ltr'><strong>Θεοῦ</strong></span> <span class='ocrx_word' id='word_1_594' title='bbox 714 3724 823 3778; x_wconf 86' lang='grc' dir='ltr'><strong>τῶν</strong></span> <span class='ocrx_word' id='word_1_595' title='bbox 859 3724 996 3777; x_wconf 76' lang='grc' dir='ltr'>ὅλων</span> <span class='ocrx_word' id='word_1_596' title='bbox 1032 3721 1339 3792; x_wconf 82' lang='grc' dir='ltr'>λεγόμενα;</span> <span class='ocrx_word' id='word_1_597' title='bbox 1393 3724 1609 3794; x_wconf 82' lang='grc' dir='ltr'>ἀπόχρη</span> <span class='ocrx_word' id='word_1_598' title='bbox 1657 3725 1765 3796; x_wconf 80' lang='grc' dir='ltr'><strong>γὰρ</strong></span> <span class='ocrx_word' id='word_1_599' title='bbox 1803 3726 1896 3778; x_wconf 72' lang='grc' dir='ltr'>καὶ</span> <span class='ocrx_word' id='word_1_600' title='bbox 1929 3726 1998 3779; x_wconf 79' lang='grc' dir='ltr'>τὰ</span> <span class='ocrx_word' id='word_1_601' title='bbox 2037 3728 2303 3799; x_wconf 77' lang='grc' dir='ltr'>εἰρημένα</span> <span class='ocrx_word' id='word_1_602' title='bbox 2389 3727 2596 3792; x_wconf 84' lang='grc' dir='ltr'>διδάξαι</span> <span class='ocrx_word' id='word_1_603' title='bbox 2640 3728 2806 3798; x_wconf 77' lang='grc' dir='ltr'>ἡμᾶς,</span> <span class='ocrx_word' id='word_1_604' title='bbox 2855 3727 3003 3790; x_wconf 82' lang='grc' dir='ltr'>ὅπως</span> <span class='ocrx_word' id='word_1_605' title='bbox 3048 3727 3129 3779; x_wconf 87' lang='grc' dir='ltr'><strong>δεῖ</strong></span> <span class='ocrx_word' id='word_1_606' title='bbox 3179 3729 3321 3780; x_wconf 82' lang='grc' dir='ltr'>νοεῖν</span> <span class='ocrx_word' id='word_1_607' title='bbox 3364 3725 3464 3788; x_wconf 75' lang='grc' dir='ltr'>τὰς</span> <span class='ocrx_word' id='word_1_608' title='bbox 3523 3725 3678 3791; x_wconf 80' lang='grc' dir='ltr'>θείας</span> 
     </span>
    </p>
   </div>
   <div class='ocr_carea' id='block_1_73' title="bbox 422 3813 3211 3893">
    <p class='ocr_par' dir='ltr' id='par_1_73' title="bbox 422 3813 3211 3893">
     <span class='ocr_line' id='line_1_73' title="bbox 422 3813 3211 3893; baseline 0.003 -25"><span class='ocrx_word' id='word_1_609' title='bbox 422 3815 666 3890; x_wconf 85' lang='grc' dir='ltr'>Γραφὰς,</span> <span class='ocrx_word' id='word_1_610' title='bbox 708 3814 782 3886; x_wconf 79' lang='grc' dir='ltr'>μὴ</span> <span class='ocrx_word' id='word_1_611' title='bbox 810 3813 888 3886; x_wconf 84' lang='grc' dir='ltr'><strong>τῷ</strong></span> <span class='ocrx_word' id='word_1_612' title='bbox 924 3814 1211 3887; x_wconf 85' lang='grc' dir='ltr'>γράμματι</span> <span class='ocrx_word' id='word_1_613' title='bbox 1240 3814 1400 3884; x_wconf 86' lang='grc' dir='ltr'>μόνον</span> <span class='ocrx_word' id='word_1_614' title='bbox 1435 3817 1822 3887; x_wconf 85' lang='grc' dir='ltr'>προσέχοντας,</span> <span class='ocrx_word' id='word_1_615' title='bbox 1855 3819 1992 3873; x_wconf 76' lang='grc' dir='ltr'>ἀλλὰ</span> <span class='ocrx_word' id='word_1_616' title='bbox 2031 3821 2124 3874; x_wconf 79' lang='grc' dir='ltr'>καὶ</span> <span class='ocrx_word' id='word_1_617' title='bbox 2153 3823 2250 3893; x_wconf 85' lang='grc' dir='ltr'>τὴν</span> <span class='ocrx_word' id='word_1_618' title='bbox 2271 3820 2458 3875; x_wconf 84' lang='grc' dir='ltr'>τούτου</span> <span class='ocrx_word' id='word_1_619' title='bbox 2481 3821 2716 3874; x_wconf 90' lang='grc' dir='ltr'>διάνοιαν</span> <span class='ocrx_word' id='word_1_620' title='bbox 2749 3821 3211 3884; x_wconf 83' lang='grc' dir='ltr'>ἀναπτύσσοντας.</span> 
     </span>
    </p>
   </div>
   <div class='ocr_carea' id='block_1_74' title="bbox 490 3907 1990 3978">
    <p class='ocr_par' dir='ltr' id='par_1_74' title="bbox 490 3907 1990 3978">
     <span class='ocr_line' id='line_1_74' title="bbox 490 3907 1990 3978; baseline 0.004 -16"><span class='ocrx_word' id='word_1_621' title='bbox 490 3909 535 3962; x_wconf 87' lang='lat' dir='ltr'><strong>A</strong></span> <span class='ocrx_word' id='word_1_622' title='bbox 571 3908 740 3964; x_wconf 87' lang='lat' dir='ltr'><strong>veteri</strong></span> <span class='ocrx_word' id='word_1_623' title='bbox 785 3907 953 3978; x_wconf 78' lang='lat' dir='ltr'><strong>igitur</strong></span> <span class='ocrx_word' id='word_1_624' title='bbox 990 3907 1058 3961; x_wconf 91' lang='lat' dir='ltr'><strong>ad</strong></span> <span class='ocrx_word' id='word_1_625' title='bbox 1093 3922 1288 3963; x_wconf 89' lang='lat' dir='ltr'><strong>novam</strong></span> <span class='ocrx_word' id='word_1_626' title='bbox 1325 3923 1583 3977; x_wconf 87' lang='lat' dir='ltr'><strong>sponsam</strong></span> <span class='ocrx_word' id='word_1_627' title='bbox 1640 3911 1990 3978; x_wconf 88' lang='lat' dir='ltr'><strong>accedentes,</strong></span> 
     </span>
    </p>
   </div>
   <div class='ocr_carea' id='block_1_75' title="bbox 423 3997 1993 4072">
    <p class='ocr_par' dir='ltr' id='par_1_75' title="bbox 423 3997 1993 4072">
     <span class='ocr_line' id='line_1_75' title="bbox 423 3997 1993 4072; baseline 0.001 -17"><span class='ocrx_word' id='word_1_628' title='bbox 423 4001 529 4055; x_wconf 90' lang='lat' dir='ltr'><strong>hac</strong></span> <span class='ocrx_word' id='word_1_629' title='bbox 563 3998 780 4054; x_wconf 87' lang='lat' dir='ltr'><strong>ratione</strong></span> <span class='ocrx_word' id='word_1_630' title='bbox 809 3997 1100 4052; x_wconf 85' lang='lat' dir='ltr'><strong>Canticum</strong></span> <span class='ocrx_word' id='word_1_631' title='bbox 1150 3999 1494 4054; x_wconf 87' lang='lat' dir='ltr'><strong>canticorum</strong></span> <span class='ocrx_word' id='word_1_632' title='bbox 1547 4001 1993 4072; x_wconf 89' lang='lat' dir='ltr'><strong>interpretemur,</strong></span> 
     </span>
    </p>
   </div>
   <div class='ocr_carea' id='block_1_76' title="bbox 424 4085 1996 4160">
    <p class='ocr_par' dir='ltr' id='par_1_76' title="bbox 424 4085 1996 4160">
     <span class='ocr_line' id='line_1_76' title="bbox 424 4085 1996 4160; baseline 0.001 -15"><span class='ocrx_word' id='word_1_633' title='bbox 424 4088 756 4160; x_wconf 73' lang='lat' dir='ltr'><strong>rejectisque</strong></span> <span class='ocrx_word' id='word_1_634' title='bbox 785 4085 938 4142; x_wconf 77' lang='lat' dir='ltr'><strong>falsis</strong></span> <span class='ocrx_word' id='word_1_635' title='bbox 974 4102 1036 4140; x_wconf 90' lang='lat' dir='ltr'><strong>ac</strong></span> <span class='ocrx_word' id='word_1_636' title='bbox 1077 4087 1405 4158; x_wconf 90' lang='lat' dir='ltr'><strong>perniciosis</strong></span> <span class='ocrx_word' id='word_1_637' title='bbox 1436 4089 1812 4159; x_wconf 79' lang='lat' dir='ltr'><strong>opinionibus,</strong></span> <span class='ocrx_word' id='word_1_638' title='bbox 1863 4106 1996 4146; x_wconf 82' lang='lat' dir='ltr'><strong>san-</strong></span> 
     </span>
    </p>
   </div>
   <div class='ocr_carea' id='block_1_77' title="bbox 423 4177 1996 4253">
    <p class='ocr_par' dir='ltr' id='par_1_77' title="bbox 423 4177 1996 4253">
     <span class='ocr_line' id='line_1_77' title="bbox 423 4177 1996 4253; baseline 0.003 -17"><span class='ocrx_word' id='word_1_639' title='bbox 423 4189 546 4236; x_wconf 90' lang='lat' dir='ltr'><strong>ctos</strong></span> <span class='ocrx_word' id='word_1_640' title='bbox 570 4180 850 4233; x_wconf 90' lang='lat' dir='ltr'><strong>imitemur</strong></span> <span class='ocrx_word' id='word_1_641' title='bbox 893 4177 1097 4244; x_wconf 84' lang='lat' dir='ltr'><strong>Patres,</strong></span> <span class='ocrx_word' id='word_1_642' title='bbox 1145 4186 1311 4250; x_wconf 89' lang='lat' dir='ltr'><strong>atque</strong></span> <span class='ocrx_word' id='word_1_643' title='bbox 1365 4195 1529 4235; x_wconf 87' lang='lat' dir='ltr'><strong>unam</strong></span> <span class='ocrx_word' id='word_1_644' title='bbox 1585 4197 1843 4253; x_wconf 86' lang='lat' dir='ltr'><strong>sponsam</strong></span> <span class='ocrx_word' id='word_1_645' title='bbox 1873 4200 1996 4240; x_wconf 92' lang='lat' dir='ltr'><strong>cum</strong></span> 
     </span>
    </p>
   </div>
   <div class='ocr_carea' id='block_1_78' title="bbox 424 4269 1999 4346">
    <p class='ocr_par' dir='ltr' id='par_1_78' title="bbox 424 4269 1999 4346">
     <span class='ocr_line' id='line_1_78' title="bbox 424 4269 1999 4346; baseline 0.002 -19"><span class='ocrx_word' id='word_1_646' title='bbox 424 4287 534 4327; x_wconf 90' lang='lat' dir='ltr'><strong>uno</strong></span> <span class='ocrx_word' id='word_1_647' title='bbox 567 4285 777 4341; x_wconf 80' lang='lat' dir='ltr'><strong>Sponso</strong></span> <span class='ocrx_word' id='word_1_648' title='bbox 819 4269 1222 4340; x_wconf 89' lang='lat' dir='ltr'><strong>colloquentem</strong></span> <span class='ocrx_word' id='word_1_649' title='bbox 1275 4285 1664 4341; x_wconf 83' lang='lat' dir='ltr'><strong>agnoscamus,</strong></span> <span class='ocrx_word' id='word_1_650' title='bbox 1699 4283 1753 4330; x_wconf 85' lang='lat' dir='ltr'><strong>et</strong></span> <span class='ocrx_word' id='word_1_651' title='bbox 1797 4277 1888 4346; x_wconf 87' lang='lat' dir='ltr'><strong>qui</strong></span> <span class='ocrx_word' id='word_1_652' title='bbox 1927 4277 1999 4330; x_wconf 83' lang='lat' dir='ltr'><strong>sit</strong></span> 
     </span>
    </p>
   </div>
   <div class='ocr_carea' id='block_1_79' title="bbox 423 4361 1997 4434">
    <p class='ocr_par' dir='ltr' id='par_1_79' title="bbox 423 4361 1997 4434">
     <span class='ocr_line' id='line_1_79' title="bbox 423 4361 1997 4434; baseline 0.002 -15"><span class='ocrx_word' id='word_1_653' title='bbox 423 4377 684 4434; x_wconf 82' lang='lat' dir='ltr'><strong>sponsus,</strong></span> <span class='ocrx_word' id='word_1_654' title='bbox 720 4376 955 4432; x_wconf 65' lang='lat' dir='ltr'><strong>quaeque</strong></span> <span class='ocrx_word' id='word_1_655' title='bbox 999 4361 1070 4415; x_wconf 91' lang='lat' dir='ltr'><strong>sit</strong></span> <span class='ocrx_word' id='word_1_656' title='bbox 1119 4363 1346 4432; x_wconf 75' lang='lat' dir='ltr'><strong>sponsa,</strong></span> <span class='ocrx_word' id='word_1_657' title='bbox 1393 4378 1424 4417; x_wconf 91' lang='lat' dir='ltr'><strong>a</strong></span> <span class='ocrx_word' id='word_1_658' title='bbox 1473 4366 1679 4420; x_wconf 87' lang='lat' dir='ltr'><strong>sanctis</strong></span> <span class='ocrx_word' id='word_1_659' title='bbox 1719 4367 1997 4422; x_wconf 86' lang='lat' dir='ltr'><strong>discamus</strong></span> 
     </span>
    </p>
   </div>
   <div class='ocr_carea' id='block_1_80' title="bbox 423 4452 1993 4525">
    <p class='ocr_par' dir='ltr' id='par_1_80' title="bbox 423 4452 1993 4525">
     <span class='ocr_line' id='line_1_80' title="bbox 423 4452 1993 4525; baseline 0.003 -19"><span class='ocrx_word' id='word_1_660' title='bbox 423 4455 710 4525; x_wconf 73' lang='lat' dir='ltr'><strong>apostolis.</strong></span> <span class='ocrx_word' id='word_1_661' title='bbox 739 4453 793 4508; x_wconf 91' lang='lat' dir='ltr'><strong>Id</strong></span> <span class='ocrx_word' id='word_1_662' title='bbox 818 4453 962 4508; x_wconf 89' lang='lat' dir='ltr'><strong>enim</strong></span> <span class='ocrx_word' id='word_1_663' title='bbox 987 4452 1146 4507; x_wconf 88' lang='lat' dir='ltr'><strong>docet</strong></span> <span class='ocrx_word' id='word_1_664' title='bbox 1169 4468 1270 4508; x_wconf 91' lang='lat' dir='ltr'><strong>nos</strong></span> <span class='ocrx_word' id='word_1_665' title='bbox 1293 4462 1350 4508; x_wconf 91' lang='lat' dir='ltr'><strong>et</strong></span> <span class='ocrx_word' id='word_1_666' title='bbox 1372 4454 1749 4512; x_wconf 85' lang='lat' dir='ltr'><strong>divinissimus</strong></span> <span class='ocrx_word' id='word_1_667' title='bbox 1771 4455 1993 4522; x_wconf 83' lang='lat' dir='ltr'><strong>Paulus,</strong></span> 
     </span>
    </p>
   </div>
   <div class='ocr_carea' id='block_1_81' title="bbox 425 4542 1996 4619">
    <p class='ocr_par' dir='ltr' id='par_1_81' title="bbox 425 4542 1996 4619">
     <span class='ocr_line' id='line_1_81' title="bbox 425 4542 1996 4619; baseline 0.003 -23"><span class='ocrx_word' id='word_1_668' title='bbox 425 4544 498 4597; x_wconf 88' lang='lat' dir='ltr'><strong>ita</strong></span> <span class='ocrx_word' id='word_1_669' title='bbox 528 4545 776 4598; x_wconf 88' lang='lat' dir='ltr'><strong>scribens</strong></span> <span class='ocrx_word' id='word_1_670' title='bbox 806 4561 819 4596; x_wconf 91' lang='lat'><strong>:</strong></span> <span class='ocrx_word' id='word_1_671' title='bbox 869 4563 887 4594; x_wconf 76' lang='grc' dir='ltr'><strong>ι</strong></span> <span class='ocrx_word' id='word_1_672' title='bbox 923 4542 1196 4613; x_wconf 86' lang='lat' dir='ltr'><strong>Despondi</strong></span> <span class='ocrx_word' id='word_1_673' title='bbox 1235 4548 1381 4599; x_wconf 90' lang='lat' dir='ltr'><strong>enim</strong></span> <span class='ocrx_word' id='word_1_674' title='bbox 1412 4562 1509 4601; x_wconf 91' lang='lat' dir='ltr'><strong>vos</strong></span> <span class='ocrx_word' id='word_1_675' title='bbox 1540 4547 1633 4600; x_wconf 92' lang='lat' dir='ltr'><strong>uni</strong></span> <span class='ocrx_word' id='word_1_676' title='bbox 1668 4547 1810 4612; x_wconf 90' lang='lat' dir='ltr'><strong>viro,</strong></span> <span class='ocrx_word' id='word_1_677' title='bbox 1829 4549 1996 4619; x_wconf 77' lang='lat' dir='ltr'><strong>virgi-</strong></span> 
     </span>
    </p>
   </div>
   <div class='ocr_carea' id='block_1_82' title="bbox 2170 3912 3673 3985">
    <p class='ocr_par' dir='ltr' id='par_1_82' title="bbox 2170 3912 3673 3985">
     <span class='ocr_line' id='line_1_82' title="bbox 2170 3912 3673 3985; baseline -0.002 -17"><span class='ocrx_word' id='word_1_678' title='bbox 2170 3915 2265 3968; x_wconf 87' lang='grc' dir='ltr'>Ἐκ</span> <span class='ocrx_word' id='word_1_679' title='bbox 2293 3914 2395 3983; x_wconf 75' lang='grc' dir='ltr'>τῆς</span> <span class='ocrx_word' id='word_1_680' title='bbox 2418 3915 2654 3978; x_wconf 83' lang='grc' dir='ltr'>παλαιᾶς</span> <span class='ocrx_word' id='word_1_681' title='bbox 2672 3915 2851 3968; x_wconf 86' lang='grc' dir='ltr'>τοίνυν</span> <span class='ocrx_word' id='word_1_682' title='bbox 2874 3914 3094 3985; x_wconf 84' lang='grc' dir='ltr'>νύμφης</span> <span class='ocrx_word' id='word_1_683' title='bbox 3131 3914 3222 3966; x_wconf 71' lang='grc' dir='ltr'>ἐπὶ</span> <span class='ocrx_word' id='word_1_684' title='bbox 3249 3912 3349 3984; x_wconf 82' lang='grc' dir='ltr'>τὴν</span> <span class='ocrx_word' id='word_1_685' title='bbox 3374 3913 3502 3967; x_wconf 81' lang='grc' dir='ltr'>νέαν</span> <span class='ocrx_word' id='word_1_686' title='bbox 3533 3913 3673 3966; x_wconf 88' lang='grc' dir='ltr'>ποδ-</span> 
     </span>
    </p>
   </div>
   <div class='ocr_carea' id='block_1_83' title="bbox 2092 4003 3677 4079">
    <p class='ocr_par' dir='ltr' id='par_1_83' title="bbox 2092 4003 3677 4079">
     <span class='ocr_line' id='line_1_83' title="bbox 2092 4003 3677 4079; baseline 0 -21"><span class='ocrx_word' id='word_1_687' title='bbox 2092 4005 2423 4079; x_wconf 79' lang='grc' dir='ltr'>ηγηθέντες,</span> <span class='ocrx_word' id='word_1_688' title='bbox 2473 4005 2618 4060; x_wconf 81' lang='grc' dir='ltr'>οὖτὶι)</span> <span class='ocrx_word' id='word_1_689' title='bbox 2663 4007 2946 4076; x_wconf 77' lang='grc' dir='ltr'>νοήσωμεν</span> <span class='ocrx_word' id='word_1_690' title='bbox 2990 4007 3052 4058; x_wconf 83' lang='grc' dir='ltr'>τὸ</span> <span class='ocrx_word' id='word_1_691' title='bbox 3096 4003 3190 4058; x_wconf 80' lang='grc' dir='ltr'>τοῦ</span> <span class='ocrx_word' id='word_1_692' title='bbox 3234 4004 3516 4076; x_wconf 80' lang='grc' dir='ltr'>’ᾼσματος</span> <span class='ocrx_word' id='word_1_693' title='bbox 3561 4003 3677 4058; x_wconf 88' lang='grc' dir='ltr'><strong>τῶν</strong></span> 
     </span>
    </p>
   </div>
   <div class='ocr_carea' id='block_1_84' title="bbox 2092 4095 3677 4169">
    <p class='ocr_par' dir='ltr' id='par_1_84' title="bbox 2092 4095 3677 4169">
     <span class='ocr_line' id='line_1_84' title="bbox 2092 4095 3677 4169; baseline -0.001 -20"><span class='ocrx_word' id='word_1_694' title='bbox 2092 4098 2352 4169; x_wconf 74' lang='grc' dir='ltr'>ᾀσμάτων</span> <span class='ocrx_word' id='word_1_695' title='bbox 2381 4097 2605 4169; x_wconf 83' lang='grc' dir='ltr'>βιϐλίον,</span> <span class='ocrx_word' id='word_1_696' title='bbox 2635 4098 2728 4150; x_wconf 72' lang='grc' dir='ltr'>καὶ</span> <span class='ocrx_word' id='word_1_697' title='bbox 2747 4097 2847 4161; x_wconf 82' lang='grc' dir='ltr'><strong>τὰς</strong></span> <span class='ocrx_word' id='word_1_698' title='bbox 2869 4095 3258 4168; x_wconf 76' lang='grc' dir='ltr'>διεψευσμένας</span> <span class='ocrx_word' id='word_1_699' title='bbox 3278 4097 3371 4150; x_wconf 74' lang='grc' dir='ltr'>καὶ</span> <span class='ocrx_word' id='word_1_700' title='bbox 3400 4095 3677 4167; x_wconf 83' lang='grc' dir='ltr'>βλαϐερὰς</span> 
     </span>
    </p>
   </div>
   <div class='ocr_carea' id='block_1_85' title="bbox 2095 4189 3672 4260">
    <p class='ocr_par' dir='ltr' id='par_1_85' title="bbox 2095 4189 3672 4260">
     <span class='ocr_line' id='line_1_85' title="bbox 2095 4189 3672 4260; baseline 0 -16"><span class='ocrx_word' id='word_1_701' title='bbox 2095 4192 2307 4256; x_wconf 87' lang='grc' dir='ltr'>ἐκείνας</span> <span class='ocrx_word' id='word_1_702' title='bbox 2351 4192 2508 4257; x_wconf 85' lang='grc' dir='ltr'>δόξας</span> <span class='ocrx_word' id='word_1_703' title='bbox 2554 4191 2967 4256; x_wconf 84' lang='grc' dir='ltr'>καταλιπόντες,</span> <span class='ocrx_word' id='word_1_704' title='bbox 3015 4194 3130 4254; x_wconf 88' lang='grc' dir='ltr'>τοῖς</span> <span class='ocrx_word' id='word_1_705' title='bbox 3169 4191 3347 4260; x_wconf 81' lang='grc' dir='ltr'>ἁγίοις</span> <span class='ocrx_word' id='word_1_706' title='bbox 3388 4189 3672 4260; x_wconf 81' lang='grc' dir='ltr'>Πατράσιν</span> 
     </span>
    </p>
   </div>
   <div class='ocr_carea' id='block_1_86' title="bbox 2099 4277 3672 4352">
    <p class='ocr_par' dir='ltr' id='par_1_86' title="bbox 2099 4277 3672 4352">
     <span class='ocr_line' id='line_1_86' title="bbox 2099 4277 3672 4352; baseline -0.001 -17"><span class='ocrx_word' id='word_1_707' title='bbox 2099 4281 2592 4352; x_wconf 85' lang='grc' dir='ltr'>ἀκολουθήσωμεν,</span> <span class='ocrx_word' id='word_1_708' title='bbox 2655 4282 2751 4335; x_wconf 72' lang='grc' dir='ltr'>καὶ</span> <span class='ocrx_word' id='word_1_709' title='bbox 2804 4283 3085 4351; x_wconf 78' lang='grc' dir='ltr'>νοήσωμεν</span> <span class='ocrx_word' id='word_1_710' title='bbox 3147 4280 3276 4350; x_wconf 92' lang='grc' dir='ltr'>μίαν</span> <span class='ocrx_word' id='word_1_711' title='bbox 3325 4277 3542 4350; x_wconf 80' lang='grc' dir='ltr'>νύμφην</span> <span class='ocrx_word' id='word_1_712' title='bbox 3589 4278 3672 4333; x_wconf 74' lang='grc' dir='ltr'>ἐνὶ</span> 
     </span>
    </p>
   </div>
   <div class='ocr_carea' id='block_1_87' title="bbox 2099 4371 3674 4443">
    <p class='ocr_par' dir='ltr' id='par_1_87' title="bbox 2099 4371 3674 4443">
     <span class='ocr_line' id='line_1_87' title="bbox 2099 4371 3674 4443; baseline -0.001 -18"><span class='ocrx_word' id='word_1_713' title='bbox 2099 4372 2315 4443; x_wconf 84' lang='grc' dir='ltr'>νυμφίῳ</span> <span class='ocrx_word' id='word_1_714' title='bbox 2342 4372 2750 4443; x_wconf 81' lang='grc' dir='ltr'>διαλεγομένην,</span> <span class='ocrx_word' id='word_1_715' title='bbox 2784 4371 2880 4425; x_wconf 72' lang='grc' dir='ltr'>καὶ</span> <span class='ocrx_word' id='word_1_716' title='bbox 2907 4372 3165 4442; x_wconf 85' lang='grc' dir='ltr'>μάθωμεν</span> <span class='ocrx_word' id='word_1_717' title='bbox 3193 4371 3342 4443; x_wconf 83' lang='grc' dir='ltr'>παρὰ</span> <span class='ocrx_word' id='word_1_718' title='bbox 3371 4371 3477 4424; x_wconf 87' lang='grc' dir='ltr'><strong>τῶν</strong></span> <span class='ocrx_word' id='word_1_719' title='bbox 3502 4371 3674 4439; x_wconf 80' lang='grc' dir='ltr'>ἁγίων</span> 
     </span>
    </p>
   </div>
   <div class='ocr_carea' id='block_1_88' title="bbox 2099 4460 3676 4532">
    <p class='ocr_par' dir='ltr' id='par_1_88' title="bbox 2099 4460 3676 4532">
     <span class='ocr_line' id='line_1_88' title="bbox 2099 4460 3676 4532; baseline -0.002 -17"><span class='ocrx_word' id='word_1_720' title='bbox 2099 4461 2440 4525; x_wconf 80' lang='grc' dir='ltr'>ἀποστόλων,</span> <span class='ocrx_word' id='word_1_721' title='bbox 2467 4463 2554 4525; x_wconf 86' lang='grc' dir='ltr'><strong>τίς</strong></span> <span class='ocrx_word' id='word_1_722' title='bbox 2591 4480 2650 4515; x_wconf 86' lang='grc' dir='ltr'><strong>τε</strong></span> <span class='ocrx_word' id='word_1_723' title='bbox 2679 4465 2707 4515; x_wconf 88' lang='grc' dir='ltr'><strong>ὀ</strong></span> <span class='ocrx_word' id='word_1_724' title='bbox 2737 4463 2987 4532; x_wconf 80' lang='grc' dir='ltr'>νυμφίος,</span> <span class='ocrx_word' id='word_1_725' title='bbox 3032 4463 3127 4515; x_wconf 75' lang='grc' dir='ltr'>καὶ</span> <span class='ocrx_word' id='word_1_726' title='bbox 3162 4462 3243 4525; x_wconf 92' lang='grc' dir='ltr'><strong>τίς</strong></span> <span class='ocrx_word' id='word_1_727' title='bbox 3275 4464 3306 4532; x_wconf 78' lang='grc' dir='ltr'><strong>ἡ</strong></span> <span class='ocrx_word' id='word_1_728' title='bbox 3345 4460 3549 4532; x_wconf 78' lang='grc' dir='ltr'>νύμφη.</span> <span class='ocrx_word' id='word_1_729' title='bbox 3585 4463 3676 4513; x_wconf 88' lang='grc' dir='ltr'><strong>Δι-</strong></span> 
     </span>
    </p>
   </div>
   <div class='ocr_carea' id='block_1_89' title="bbox 2099 4550 3674 4622">
    <p class='ocr_par' dir='ltr' id='par_1_89' title="bbox 2099 4550 3674 4622">
     <span class='ocr_line' id='line_1_89' title="bbox 2099 4550 3674 4622; baseline 0 -19"><span class='ocrx_word' id='word_1_730' title='bbox 2099 4550 2287 4605; x_wconf 87' lang='grc' dir='ltr'>δάσκει</span> <span class='ocrx_word' id='word_1_731' title='bbox 2332 4551 2441 4622; x_wconf 86' lang='grc' dir='ltr'><strong>γὰρ</strong></span> <span class='ocrx_word' id='word_1_732' title='bbox 2488 4553 2636 4621; x_wconf 81' lang='grc' dir='ltr'>ἡμᾶς</span> <span class='ocrx_word' id='word_1_733' title='bbox 2691 4552 2787 4606; x_wconf 75' lang='grc' dir='ltr'>καὶ</span> <span class='ocrx_word' id='word_1_734' title='bbox 2831 4553 2859 4605; x_wconf 85' lang='grc' dir='ltr'><strong>ό</strong></span> <span class='ocrx_word' id='word_1_735' title='bbox 2903 4551 3176 4615; x_wconf 88' lang='grc' dir='ltr'>θειότατος</span> <span class='ocrx_word' id='word_1_736' title='bbox 3227 4551 3458 4614; x_wconf 80' lang='grc' dir='ltr'>Παῦλος,</span> <span class='ocrx_word' id='word_1_737' title='bbox 3498 4550 3674 4614; x_wconf 76' lang='grc' dir='ltr'>οὕτως</span> 
     </span>
    </p>
   </div>
   <div class='ocr_carea' id='block_1_90' title="bbox 425 4616 1992 4714">
    <p class='ocr_par' dir='ltr' id='par_1_90' title="bbox 425 4616 1991 4708">
     <span class='ocr_line' id='line_1_90' title="bbox 425 4616 1991 4708; baseline 0.004 -22"><span class='ocrx_word' id='word_1_738' title='bbox 425 4648 546 4687; x_wconf 89' lang='lat' dir='ltr'><strong>nem</strong></span> <span class='ocrx_word' id='word_1_739' title='bbox 578 4641 786 4686; x_wconf 90' lang='lat' dir='ltr'><strong>castam</strong></span> <span class='ocrx_word' id='word_1_740' title='bbox 821 4633 1083 4689; x_wconf 80' lang='lat' dir='ltr'><strong>exhibere</strong></span> <span class='ocrx_word' id='word_1_741' title='bbox 1112 4633 1398 4691; x_wconf 75' lang='lat' dir='ltr'><strong>Christo&quot;.</strong></span> <span class='ocrx_word' id='word_1_742' title='bbox 1435 4655 1454 4688; x_wconf 73' lang='grc' dir='ltr'><strong>ι</strong></span> <span class='ocrx_word' id='word_1_743' title='bbox 1502 4633 1774 4708; x_wconf 88' lang='lat' dir='ltr'><strong>Sponsam</strong></span> <span class='ocrx_word' id='word_1_744' title='bbox 1811 4616 1991 4693; x_wconf 78' lang='lat' dir='ltr'><strong>autem</strong></span> 
     </span>
    </p>
   </div>
   <div class='ocr_carea' id='block_1_91' title="bbox 2096 4616 3672 4714">
    <p class='ocr_par' dir='ltr' id='par_1_91' title="bbox 2096 4616 3672 4714">
     <span class='ocr_line' id='line_1_91' title="bbox 2096 4616 3672 4714; baseline -0.003 -18"><span class='ocrx_word' id='word_1_745' title='bbox 2096 4616 2356 4712; x_wconf 52' lang='lat' dir='ltr'><strong>ypdtpwv;</strong></span> <span class='ocrx_word' id='word_1_746' title='bbox 2470 4616 2833 4714; x_wconf 55' lang='grc' dir='ltr'>’ἡρμοσάμην</span> <span class='ocrx_word' id='word_1_747' title='bbox 2873 4644 3018 4714; x_wconf 81' lang='grc' dir='ltr'>ὑμᾶς</span> <span class='ocrx_word' id='word_1_748' title='bbox 3061 4643 3142 4696; x_wconf 70' lang='grc' dir='ltr'>ἐνὶ</span> <span class='ocrx_word' id='word_1_749' title='bbox 3187 4643 3360 4713; x_wconf 76' lang='grc' dir='ltr'>ἀνδρὶ,</span> <span class='ocrx_word' id='word_1_750' title='bbox 3401 4640 3672 4711; x_wconf 81' lang='grc' dir='ltr'>παρθένον</span> 
     </span>
    </p>
   </div>
   <div class='ocr_carea' id='block_1_92' title="bbox 425 4719 1993 4798">
    <p class='ocr_par' dir='ltr' id='par_1_92' title="bbox 425 4719 1993 4798">
     <span class='ocr_line' id='line_1_92' title="bbox 425 4719 1993 4798; baseline 0.006 -26"><span class='ocrx_word' id='word_1_751' title='bbox 425 4734 487 4772; x_wconf 79' lang='lat' dir='ltr'><strong>ex</strong></span> <span class='ocrx_word' id='word_1_752' title='bbox 527 4721 713 4776; x_wconf 92' lang='lat' dir='ltr'><strong>multis</strong></span> <span class='ocrx_word' id='word_1_753' title='bbox 754 4719 1044 4776; x_wconf 81' lang='lat' dir='ltr'><strong>conflatam</strong></span> <span class='ocrx_word' id='word_1_754' title='bbox 1087 4723 1244 4779; x_wconf 89' lang='lat' dir='ltr'><strong>dicit.</strong></span> <span class='ocrx_word' id='word_1_755' title='bbox 1302 4724 1436 4780; x_wconf 87' lang='lat' dir='ltr'><strong>Nam</strong></span> <span class='ocrx_word' id='word_1_756' title='bbox 1473 4726 1761 4797; x_wconf 90' lang='lat' dir='ltr'><strong>despondi,</strong></span> <span class='ocrx_word' id='word_1_757' title='bbox 1795 4728 1993 4798; x_wconf 90' lang='lat' dir='ltr'><strong>inquit,</strong></span> 
     </span>
    </p>
   </div>
   <div class='ocr_carea' id='block_1_93' title="bbox 428 4810 1996 4887">
    <p class='ocr_par' dir='ltr' id='par_1_93' title="bbox 428 4810 1996 4887">
     <span class='ocr_line' id='line_1_93' title="bbox 428 4810 1996 4887; baseline 0.008 -23"><span class='ocrx_word' id='word_1_758' title='bbox 428 4825 536 4864; x_wconf 93' lang='lat' dir='ltr'><strong>non</strong></span> <span class='ocrx_word' id='word_1_759' title='bbox 570 4819 642 4876; x_wconf 89' lang='lat' dir='ltr'><strong>te,</strong></span> <span class='ocrx_word' id='word_1_760' title='bbox 675 4810 772 4866; x_wconf 89' lang='lat' dir='ltr'><strong>sed</strong></span> <span class='ocrx_word' id='word_1_761' title='bbox 797 4825 914 4876; x_wconf 88' lang='lat' dir='ltr'><strong>vos,</strong></span> <span class='ocrx_word' id='word_1_762' title='bbox 953 4812 1060 4867; x_wconf 89' lang='lat' dir='ltr'><strong>hoc</strong></span> <span class='ocrx_word' id='word_1_763' title='bbox 1093 4825 1200 4880; x_wconf 82' lang='lat' dir='ltr'><strong>est,</strong></span> <span class='ocrx_word' id='word_1_764' title='bbox 1239 4817 1450 4872; x_wconf 89' lang='lat' dir='ltr'><strong>animas</strong></span> <span class='ocrx_word' id='word_1_765' title='bbox 1473 4817 1592 4887; x_wconf 86' lang='lat' dir='ltr'><strong>pias</strong></span> <span class='ocrx_word' id='word_1_766' title='bbox 1623 4828 1678 4872; x_wconf 92' lang='lat' dir='ltr'><strong>et</strong></span> <span class='ocrx_word' id='word_1_767' title='bbox 1705 4819 1760 4874; x_wconf 91' lang='lat' dir='ltr'><strong>in</strong></span> <span class='ocrx_word' id='word_1_768' title='bbox 1791 4820 1996 4876; x_wconf 85' lang='lat' dir='ltr'><strong>virtute</strong></span> 
     </span>
    </p>
   </div>
   <div class='ocr_carea' id='block_1_94' title="bbox 427 4899 1995 4979">
    <p class='ocr_par' dir='ltr' id='par_1_94' title="bbox 427 4899 1995 4979">
     <span class='ocr_line' id='line_1_94' title="bbox 427 4899 1995 4979; baseline 0.009 -27"><span class='ocrx_word' id='word_1_769' title='bbox 427 4899 722 4970; x_wconf 88' lang='lat' dir='ltr'><strong>perfectas.</strong></span> <span class='ocrx_word' id='word_1_770' title='bbox 759 4899 1033 4970; x_wconf 88' lang='lat' dir='ltr'><strong>Sponsam</strong></span> <span class='ocrx_word' id='word_1_771' title='bbox 1063 4904 1212 4958; x_wconf 90' lang='lat' dir='ltr'><strong>enim</strong></span> <span class='ocrx_word' id='word_1_772' title='bbox 1245 4905 1430 4960; x_wconf 86' lang='lat' dir='ltr'><strong>divina</strong></span> <span class='ocrx_word' id='word_1_773' title='bbox 1467 4905 1751 4979; x_wconf 87' lang='lat' dir='ltr'><strong>Scriptura</strong></span> <span class='ocrx_word' id='word_1_774' title='bbox 1806 4909 1995 4966; x_wconf 87' lang='lat' dir='ltr'><strong>Eccle-</strong></span> 
     </span>
    </p>
   </div>
   <div class='ocr_carea' id='block_1_95' title="bbox 427 4993 1992 5074">
    <p class='ocr_par' dir='ltr' id='par_1_95' title="bbox 427 4993 1992 5074">
     <span class='ocr_line' id='line_1_95' title="bbox 427 4993 1992 5074; baseline 0.008 -29"><span class='ocrx_word' id='word_1_775' title='bbox 427 4994 564 5046; x_wconf 89' lang='lat' dir='ltr'><strong>siam</strong></span> <span class='ocrx_word' id='word_1_776' title='bbox 596 4993 886 5064; x_wconf 79' lang='lat' dir='ltr'><strong>intelligit:</strong></span> <span class='ocrx_word' id='word_1_777' title='bbox 913 5009 1176 5063; x_wconf 91' lang='lat' dir='ltr'><strong>sponsum</strong></span> <span class='ocrx_word' id='word_1_778' title='bbox 1214 5005 1394 5053; x_wconf 83' lang='lat' dir='ltr'><strong>autem</strong></span> <span class='ocrx_word' id='word_1_779' title='bbox 1434 4999 1713 5057; x_wconf 88' lang='lat' dir='ltr'><strong>Christum</strong></span> <span class='ocrx_word' id='word_1_780' title='bbox 1737 5006 1992 5074; x_wconf 82' lang='lat' dir='ltr'><strong>appellat.</strong></span> 
     </span>
    </p>
   </div>
   <div class='ocr_carea' id='block_1_96' title="bbox 429 5083 1992 5164">
    <p class='ocr_par' dir='ltr' id='par_1_96' title="bbox 429 5083 1992 5164">
     <span class='ocr_line' id='line_1_96' title="bbox 429 5083 1992 5164; baseline 0.009 -28"><span class='ocrx_word' id='word_1_781' title='bbox 429 5083 491 5136; x_wconf 88' lang='lat' dir='ltr'><strong>Et</strong></span> <span class='ocrx_word' id='word_1_782' title='bbox 521 5097 750 5154; x_wconf 72' lang='lat' dir='ltr'><strong>magnus</strong></span> <span class='ocrx_word' id='word_1_783' title='bbox 783 5085 875 5139; x_wconf 80' lang='lat' dir='ltr'><strong>ille</strong></span> <span class='ocrx_word' id='word_1_784' title='bbox 913 5083 1173 5151; x_wconf 84' lang='lat' dir='ltr'><strong>Joannes,</strong></span> <span class='ocrx_word' id='word_1_785' title='bbox 1207 5087 1300 5156; x_wconf 93' lang='lat' dir='ltr'><strong>qui</strong></span> <span class='ocrx_word' id='word_1_786' title='bbox 1335 5087 1469 5159; x_wconf 80' lang='lat' dir='ltr'><strong>legis</strong></span> <span class='ocrx_word' id='word_1_787' title='bbox 1500 5091 1660 5146; x_wconf 86' lang='lat' dir='ltr'><strong>finem</strong></span> <span class='ocrx_word' id='word_1_788' title='bbox 1704 5103 1757 5148; x_wconf 90' lang='lat' dir='ltr'><strong>et</strong></span> <span class='ocrx_word' id='word_1_789' title='bbox 1807 5097 1992 5164; x_wconf 76' lang='lat' dir='ltr'><strong>gratiae</strong></span> 
     </span>
    </p>
   </div>
   <div class='ocr_carea' id='block_1_97' title="bbox 427 5173 1988 5259">
    <p class='ocr_par' dir='ltr' id='par_1_97' title="bbox 427 5173 1988 5259">
     <span class='ocr_line' id='line_1_97' title="bbox 427 5173 1988 5259; baseline 0.01 -32"><span class='ocrx_word' id='word_1_790' title='bbox 427 5173 754 5244; x_wconf 88' lang='lat' dir='ltr'><strong>principium</strong></span> <span class='ocrx_word' id='word_1_791' title='bbox 783 5173 886 5244; x_wconf 81' lang='lat'><strong>17</strong></span> <span class='ocrx_word' id='word_1_792' title='bbox 926 5176 1188 5245; x_wconf 85' lang='lat' dir='ltr'><strong>ostendit,</strong></span> <span class='ocrx_word' id='word_1_793' title='bbox 1220 5178 1426 5248; x_wconf 88' lang='lat' dir='ltr'><strong>quique</strong></span> <span class='ocrx_word' id='word_1_794' title='bbox 1465 5181 1607 5237; x_wconf 81' lang='lat' dir='ltr'><strong>inter</strong></span> <span class='ocrx_word' id='word_1_795' title='bbox 1637 5184 1988 5259; x_wconf 64' lang='lat' dir='ltr'><strong>padagogum</strong></span> 
     </span>
    </p>
   </div>
   <div class='ocr_carea' id='block_1_98' title="bbox 498 5330 1412 5399">
    <p class='ocr_par' dir='ltr' id='par_1_98' title="bbox 498 5330 1412 5399">
     <span class='ocr_line' id='line_1_98' title="bbox 498 5330 1412 5399; baseline -0.001 -10"><span class='ocrx_word' id='word_1_796' title='bbox 498 5335 520 5373; x_wconf 70' lang='grc' dir='ltr'><strong>τ</strong></span> <span class='ocrx_word' id='word_1_797' title='bbox 552 5332 748 5390; x_wconf 78' lang='lat' dir='ltr'><strong>Jerem.</strong></span> <span class='ocrx_word' id='word_1_798' title='bbox 785 5348 880 5399; x_wconf 86' lang='grc' dir='ltr'>ιιι,</span> <span class='ocrx_word' id='word_1_799' title='bbox 907 5331 962 5386; x_wconf 72' lang='grc'>2.</span> <span class='ocrx_word' id='word_1_800' title='bbox 1043 5341 1069 5369; x_wconf 79' lang='grc' dir='ltr'><strong>ιι</strong></span> <span class='ocrx_word' id='word_1_801' title='bbox 1101 5330 1206 5388; x_wconf 90' lang='lat' dir='ltr'><strong>lsa.</strong></span> <span class='ocrx_word' id='word_1_802' title='bbox 1242 5349 1292 5398; x_wconf 92' lang='grc' dir='ltr'><strong>ι,</strong></span> <span class='ocrx_word' id='word_1_803' title='bbox 1318 5333 1412 5388; x_wconf 72' lang='lat' dir='ltr'><strong>9i.</strong></span> 
     </span>
    </p>
   </div>
   <div class='ocr_carea' id='block_1_99' title="bbox 1489 5337 1942 5406">
    <p class='ocr_par' dir='ltr' id='par_1_99' title="bbox 1489 5337 1942 5406">
     <span class='ocr_line' id='line_1_99' title="bbox 1489 5337 1942 5406; baseline 0.018 -17"><span class='ocrx_word' id='word_1_804' title='bbox 1489 5345 1514 5372; x_wconf 83' lang='grc' dir='ltr'><strong>ν</strong></span> <span class='ocrx_word' id='word_1_805' title='bbox 1551 5337 1594 5392; x_wconf 92' lang='lat' dir='ltr'><strong>ll</strong></span> <span class='ocrx_word' id='word_1_806' title='bbox 1626 5340 1753 5394; x_wconf 88' lang='lat' dir='ltr'><strong>Cor.</strong></span> <span class='ocrx_word' id='word_1_807' title='bbox 1787 5355 1850 5406; x_wconf 87' lang='lat' dir='ltr'><strong>Il,</strong></span> <span class='ocrx_word' id='word_1_808' title='bbox 1883 5344 1942 5398; x_wconf 69' lang='grc'>2.</span> 
     </span>
    </p>
   </div>
   <div class='ocr_carea' id='block_1_100' title="bbox 2098 4734 3674 4809">
    <p class='ocr_par' dir='ltr' id='par_1_100' title="bbox 2098 4734 3674 4809">
     <span class='ocr_line' id='line_1_100' title="bbox 2098 4734 3674 4809; baseline -0.002 -19"><span class='ocrx_word' id='word_1_809' title='bbox 2098 4737 2266 4808; x_wconf 85' lang='grc' dir='ltr'>ἁγνὴν</span> <span class='ocrx_word' id='word_1_810' title='bbox 2303 4740 2647 4809; x_wconf 67' lang='grc' dir='ltr'>παραστῆσαι</span> <span class='ocrx_word' id='word_1_811' title='bbox 2678 4737 2754 4807; x_wconf 83' lang='grc' dir='ltr'><strong>τῷ</strong></span> <span class='ocrx_word' id='word_1_812' title='bbox 2770 4737 2991 4808; x_wconf 81' lang='grc' dir='ltr'>Χριστῷ</span> <span class='ocrx_word' id='word_1_813' title='bbox 3006 4738 3074 4790; x_wconf 73' lang='grc'><strong>⁸¹.</strong></span> <span class='ocrx_word' id='word_1_814' title='bbox 3093 4756 3109 4788; x_wconf 73' lang='grc' dir='ltr'><strong>ι</strong></span> <span class='ocrx_word' id='word_1_815' title='bbox 3144 4735 3254 4790; x_wconf 69' lang='grc' dir='ltr'><strong>Καὶ</strong></span> <span class='ocrx_word' id='word_1_816' title='bbox 3278 4737 3377 4807; x_wconf 78' lang='grc' dir='ltr'>τὴν</span> <span class='ocrx_word' id='word_1_817' title='bbox 3419 4734 3516 4805; x_wconf 81' lang='grc' dir='ltr'>μὲν</span> <span class='ocrx_word' id='word_1_818' title='bbox 3543 4734 3674 4803; x_wconf 82' lang='grc' dir='ltr'>νύμο</span> 
     </span>
    </p>
   </div>
   <div class='ocr_carea' id='block_1_101' title="bbox 2097 4826 3669 4900">
    <p class='ocr_par' dir='ltr' id='par_1_101' title="bbox 2097 4826 3669 4900">
     <span class='ocr_line' id='line_1_101' title="bbox 2097 4826 3669 4900; baseline 0.001 -22"><span class='ocrx_word' id='word_1_819' title='bbox 2097 4844 2204 4896; x_wconf 86' lang='grc' dir='ltr'><strong>φην</strong></span> <span class='ocrx_word' id='word_1_820' title='bbox 2237 4830 2299 4880; x_wconf 87' lang='grc' dir='ltr'><strong>ἐκ</strong></span> <span class='ocrx_word' id='word_1_821' title='bbox 2331 4829 2539 4882; x_wconf 82' lang='grc' dir='ltr'>πολλῶν</span> <span class='ocrx_word' id='word_1_822' title='bbox 2575 4829 2723 4896; x_wconf 81' lang='grc' dir='ltr'>λέγει</span> <span class='ocrx_word' id='word_1_823' title='bbox 2745 4829 3280 4900; x_wconf 85' lang='grc' dir='ltr'>συγκεκροτημένην.</span> <span class='ocrx_word' id='word_1_824' title='bbox 3301 4826 3669 4898; x_wconf 84' lang='grc' dir='ltr'>Ἠρμοσάμην</span> 
     </span>
    </p>
   </div>
   <div class='ocr_carea' id='block_1_102' title="bbox 2095 4913 3669 4988">
    <p class='ocr_par' dir='ltr' id='par_1_102' title="bbox 2095 4913 3669 4988">
     <span class='ocr_line' id='line_1_102' title="bbox 2095 4913 3669 4988; baseline -0.002 -18"><span class='ocrx_word' id='word_1_825' title='bbox 2095 4919 2224 4988; x_wconf 82' lang='grc' dir='ltr'>γὰρ,</span> <span class='ocrx_word' id='word_1_826' title='bbox 2259 4919 2426 4985; x_wconf 81' lang='grc' dir='ltr'>λέγει,</span> <span class='ocrx_word' id='word_1_827' title='bbox 2458 4919 2622 4988; x_wconf 79' lang='grc' dir='ltr'>ὑμᾶς,</span> <span class='ocrx_word' id='word_1_828' title='bbox 2651 4921 2712 4973; x_wconf 81' lang='grc' dir='ltr'><strong>οὐ</strong></span> <span class='ocrx_word' id='word_1_829' title='bbox 2736 4919 2814 4983; x_wconf 82' lang='grc' dir='ltr'>σὲ,</span> <span class='ocrx_word' id='word_1_830' title='bbox 2841 4920 2918 4981; x_wconf 84' lang='grc' dir='ltr'>ὡς</span> <span class='ocrx_word' id='word_1_831' title='bbox 2950 4913 3089 4971; x_wconf 78' lang='grc' dir='ltr'>εἶναι</span> <span class='ocrx_word' id='word_1_832' title='bbox 3110 4917 3351 4988; x_wconf 86' lang='grc' dir='ltr'>δηλονότι</span> <span class='ocrx_word' id='word_1_833' title='bbox 3384 4917 3482 4980; x_wconf 83' lang='grc' dir='ltr'><strong>τὰς</strong></span> <span class='ocrx_word' id='word_1_834' title='bbox 3512 4917 3669 4969; x_wconf 76' lang='grc' dir='ltr'>εὐσε-</span> 
     </span>
    </p>
   </div>
   <div class='ocr_carea' id='block_1_103' title="bbox 2097 5006 3672 5081">
    <p class='ocr_par' dir='ltr' id='par_1_103' title="bbox 2097 5006 3672 5081">
     <span class='ocr_line' id='line_1_103' title="bbox 2097 5006 3672 5081; baseline 0.003 -20"><span class='ocrx_word' id='word_1_835' title='bbox 2097 5008 2212 5073; x_wconf 79' lang='grc' dir='ltr'>ϐεῖς</span> <span class='ocrx_word' id='word_1_836' title='bbox 2243 5010 2339 5062; x_wconf 77' lang='grc' dir='ltr'>καὶ</span> <span class='ocrx_word' id='word_1_837' title='bbox 2373 5011 2581 5073; x_wconf 88' lang='grc' dir='ltr'>τελείας</span> <span class='ocrx_word' id='word_1_838' title='bbox 2629 5011 2687 5062; x_wconf 88' lang='grc' dir='ltr'><strong>ἐν</strong></span> <span class='ocrx_word' id='word_1_839' title='bbox 2739 5013 2904 5081; x_wconf 84' lang='grc' dir='ltr'>ἀρετῇ</span> <span class='ocrx_word' id='word_1_840' title='bbox 2951 5010 3147 5080; x_wconf 71' lang='grc' dir='ltr'>ψυχάς.</span> <span class='ocrx_word' id='word_1_841' title='bbox 3199 5009 3436 5080; x_wconf 75' lang='grc' dir='ltr'>Νύμφην</span> <span class='ocrx_word' id='word_1_842' title='bbox 3485 5006 3594 5077; x_wconf 76' lang='grc' dir='ltr'><strong>γὰρ</strong></span> <span class='ocrx_word' id='word_1_843' title='bbox 3623 5007 3672 5037; x_wconf 68' lang='grc'><strong>⁴¹</strong></span> 
     </span>
    </p>
   </div>
   <div class='ocr_carea' id='block_1_104' title="bbox 2097 5097 3670 5173">
    <p class='ocr_par' dir='ltr' id='par_1_104' title="bbox 2097 5097 3670 5173">
     <span class='ocr_line' id='line_1_104' title="bbox 2097 5097 3670 5173; baseline -0.003 -19"><span class='ocrx_word' id='word_1_844' title='bbox 2097 5097 2236 5154; x_wconf 74' lang='grc' dir='ltr'>οἶδεν</span> <span class='ocrx_word' id='word_1_845' title='bbox 2269 5104 2296 5156; x_wconf 88' lang='grc' dir='ltr'>ὁ</span> <span class='ocrx_word' id='word_1_846' title='bbox 2327 5102 2467 5164; x_wconf 83' lang='grc' dir='ltr'>θεῖος</span> <span class='ocrx_word' id='word_1_847' title='bbox 2499 5101 2653 5170; x_wconf 78' lang='grc' dir='ltr'>λόγος</span> <span class='ocrx_word' id='word_1_848' title='bbox 2682 5102 2779 5171; x_wconf 77' lang='grc' dir='ltr'>τὴν</span> <span class='ocrx_word' id='word_1_849' title='bbox 2820 5102 3148 5173; x_wconf 79' lang='grc' dir='ltr'>Ἐκκλησίαν</span> <span class='ocrx_word' id='word_1_850' title='bbox 3170 5122 3182 5132; x_wconf 91' lang='grc'><strong>·</strong></span> <span class='ocrx_word' id='word_1_851' title='bbox 3225 5100 3456 5172; x_wconf 86' lang='grc' dir='ltr'>νυμφίον</span> <span class='ocrx_word' id='word_1_852' title='bbox 3493 5099 3548 5151; x_wconf 85' lang='grc' dir='ltr'><strong>δέ</strong></span> <span class='ocrx_word' id='word_1_853' title='bbox 3577 5099 3670 5151; x_wconf 86' lang='grc' dir='ltr'>τὸν</span> 
     </span>
    </p>
   </div>
   <div class='ocr_carea' id='block_1_105' title="bbox 2097 5186 3670 5262">
    <p class='ocr_par' dir='ltr' id='par_1_105' title="bbox 2097 5186 3670 5262">
     <span class='ocr_line' id='line_1_105' title="bbox 2097 5186 3670 5262; baseline -0.003 -19"><span class='ocrx_word' id='word_1_854' title='bbox 2097 5191 2330 5260; x_wconf 81' lang='grc' dir='ltr'>Χριστὸν</span> <span class='ocrx_word' id='word_1_855' title='bbox 2350 5190 2623 5261; x_wconf 78' lang='grc' dir='ltr'>ὀνομάζει.</span> <span class='ocrx_word' id='word_1_856' title='bbox 2649 5190 2800 5244; x_wconf 82' lang='grc' dir='ltr'>Καὶό</span> <span class='ocrx_word' id='word_1_857' title='bbox 2825 5192 3000 5262; x_wconf 83' lang='grc' dir='ltr'>μέγας</span> <span class='ocrx_word' id='word_1_858' title='bbox 3032 5191 3086 5245; x_wconf 77' lang='grc' dir='ltr'>δὲ</span> <span class='ocrx_word' id='word_1_859' title='bbox 3127 5191 3398 5261; x_wconf 81' lang='grc' dir='ltr'>Ἰωάννης,</span> <span class='ocrx_word' id='word_1_860' title='bbox 3431 5191 3457 5243; x_wconf 80' lang='grc' dir='ltr'><strong>ό</strong></span> <span class='ocrx_word' id='word_1_861' title='bbox 3489 5186 3670 5252; x_wconf 81' lang='grc' dir='ltr'>δείξας</span> 
     </span>
    </p>
   </div>
   <div class='ocr_carea' id='block_1_106' title="bbox 1689 5477 2362 5536">
    <p class='ocr_par' dir='ltr' id='par_1_106' title="bbox 1689 5477 2362 5536">
     <span class='ocr_line' id='line_1_106' title="bbox 1689 5477 2362 5536; baseline 0.007 -5"><span class='ocrx_word' id='word_1_862' title='bbox 1689 5477 1921 5532; x_wconf 65' lang='lat' dir='ltr'><strong>VARUS</strong></span> <span class='ocrx_word' id='word_1_863' title='bbox 1961 5478 2362 5536; x_wconf 73' lang='lat' dir='ltr'><strong>LECTIONES.</strong></span> 
     </span>
    </p>
   </div>
   <div class='ocr_carea' id='block_1_107' title="bbox 489 5564 1795 5629">
    <p class='ocr_par' dir='ltr' id='par_1_107' title="bbox 489 5564 1795 5629">
     <span class='ocr_line' id='line_1_107' title="bbox 489 5564 1795 5629; baseline 0.003 -9"><span class='ocrx_word' id='word_1_864' title='bbox 489 5568 534 5600; x_wconf 81' lang='grc'><strong>⁸⁸</strong></span> <span class='ocrx_word' id='word_1_865' title='bbox 555 5567 778 5629; x_wconf 74' lang='grc' dir='ltr'>ὁποίοις.</span> <span class='ocrx_word' id='word_1_866' title='bbox 840 5564 998 5618; x_wconf 83' lang='lat' dir='ltr'><strong>abest</strong></span> <span class='ocrx_word' id='word_1_867' title='bbox 1029 5576 1057 5616; x_wconf 88' lang='lat' dir='ltr'><strong>a</strong></span> <span class='ocrx_word' id='word_1_868' title='bbox 1086 5565 1208 5621; x_wconf 92' lang='lat' dir='ltr'><strong>cod.</strong></span> <span class='ocrx_word' id='word_1_869' title='bbox 1310 5567 1354 5599; x_wconf 86' lang='grc'><strong>³⁷</strong></span> <span class='ocrx_word' id='word_1_870' title='bbox 1384 5569 1462 5622; x_wconf 90' lang='grc' dir='ltr'>τό.</span> <span class='ocrx_word' id='word_1_871' title='bbox 1509 5569 1626 5624; x_wconf 88' lang='lat' dir='ltr'><strong>des.</strong></span> <span class='ocrx_word' id='word_1_872' title='bbox 1663 5571 1795 5624; x_wconf 88' lang='lat' dir='ltr'><strong>ibid.</strong></span> 
     </span>
    </p>
   </div>
   <div class='ocr_carea' id='block_1_108' title="bbox 430 5705 1069 5758">
    <p class='ocr_par' dir='ltr' id='par_1_108' title="bbox 430 5705 1069 5758">
     <span class='ocr_line' id='line_1_108' title="bbox 430 5705 1069 5758; baseline 0.013 -2"><span class='ocrx_word' id='word_1_873' title='bbox 430 5719 461 5756; x_wconf 78' lang='grc' dir='ltr'>ι</span> <span class='ocrx_word' id='word_1_874' title='bbox 493 5705 618 5758; x_wconf 85' lang='lat' dir='ltr'><strong>cod.</strong></span> <span class='ocrx_word' id='word_1_875' title='bbox 1027 5719 1069 5754; x_wconf 69' lang='grc' dir='ltr'>δ</span> 
     </span>
    </p>
   </div>
   <div class='ocr_carea' id='block_1_109' title="bbox 587 5570 3668 5649">
    <p class='ocr_par' dir='ltr' id='par_1_109' title="bbox 587 5570 3668 5649">
     <span class='ocr_line' id='line_1_109' title="bbox 587 5570 3668 5649; baseline 0.003 -29"><span class='ocrx_word' id='word_1_876' title='bbox 587 5570 778 5649; x_wconf 43' lang='grc' dir='ltr'>ποίοις,</span> <span class='ocrx_word' id='word_1_877' title='bbox 840 5570 1208 5649; x_wconf 70' lang='lat' dir='ltr'><strong>abestacod.</strong></span> <span class='ocrx_word' id='word_1_878' title='bbox 1384 5570 1472 5649; x_wconf 33' lang='grc' dir='ltr'>τό..</span> <span class='ocrx_word' id='word_1_879' title='bbox 1509 5570 1626 5624; x_wconf 86' lang='lat' dir='ltr'><strong>des.</strong></span> <span class='ocrx_word' id='word_1_880' title='bbox 1663 5571 1795 5649; x_wconf 61' lang='lat' dir='ltr'><strong>ibid.</strong></span> <span class='ocrx_word' id='word_1_881' title='bbox 1906 5571 1948 5603; x_wconf 82' lang='grc'>³⁸</span> <span class='ocrx_word' id='word_1_882' title='bbox 1996 5575 2180 5649; x_wconf 54' lang='grc' dir='ltr'>καί-</span> <span class='ocrx_word' id='word_1_883' title='bbox 2206 5575 2434 5649; x_wconf 80' lang='grc' dir='ltr'>πορνείᾳ</span> <span class='ocrx_word' id='word_1_884' title='bbox 2472 5594 2565 5649; x_wconf 86' lang='grc' dir='ltr'><strong>σου</strong></span> <span class='ocrx_word' id='word_1_885' title='bbox 2604 5575 2724 5649; x_wconf 69' lang='lat' dir='ltr'><strong>des.</strong></span> <span class='ocrx_word' id='word_1_886' title='bbox 2778 5574 2912 5649; x_wconf 68' lang='lat' dir='ltr'><strong>ibid.</strong></span> <span class='ocrx_word' id='word_1_887' title='bbox 2970 5575 3045 5649; x_wconf 78' lang='lat'><strong>_”</strong></span> <span class='ocrx_word' id='word_1_888' title='bbox 3065 5570 3216 5649; x_wconf 60' lang='lat' dir='ltr'><strong>ﬁgov</strong></span> <span class='ocrx_word' id='word_1_889' title='bbox 3255 5607 3320 5616; x_wconf 90' lang='lat'><strong>—</strong></span> <span class='ocrx_word' id='word_1_890' title='bbox 3363 5576 3668 5649; x_wconf 79' lang='grc' dir='ltr'>ὲξεφύρθης</span> 
     </span>
    </p>
   </div>
   <div class='ocr_carea' id='block_1_110' title="bbox 430 5636 2425 5710">
    <p class='ocr_par' dir='ltr' id='par_1_110' title="bbox 430 5636 2425 5710">
     <span class='ocr_line' id='line_1_110' title="bbox 430 5636 2425 5710; baseline 0.005 -20"><span class='ocrx_word' id='word_1_891' title='bbox 430 5637 544 5690; x_wconf 82' lang='lat' dir='ltr'><strong>des.</strong></span> <span class='ocrx_word' id='word_1_892' title='bbox 580 5638 641 5710; x_wconf 77' lang='lat' dir='ltr'><strong>in</strong></span> <span class='ocrx_word' id='word_1_893' title='bbox 674 5637 796 5693; x_wconf 88' lang='lat' dir='ltr'><strong>cod.</strong></span> <span class='ocrx_word' id='word_1_894' title='bbox 830 5636 1023 5689; x_wconf 89' lang='lat' dir='ltr'><strong>relicto</strong></span> <span class='ocrx_word' id='word_1_895' title='bbox 1053 5639 1249 5703; x_wconf 79' lang='lat' dir='ltr'><strong>spatio.</strong></span> <span class='ocrx_word' id='word_1_896' title='bbox 1306 5637 1357 5668; x_wconf 76' lang='grc'><strong>⁴⁰</strong></span> <span class='ocrx_word' id='word_1_897' title='bbox 1389 5638 1482 5691; x_wconf 76' lang='grc' dir='ltr'><strong>καὶ</strong></span> <span class='ocrx_word' id='word_1_898' title='bbox 1508 5668 1576 5678; x_wconf 95' lang='grc'><strong>-</strong></span> <span class='ocrx_word' id='word_1_899' title='bbox 1599 5641 1878 5710; x_wconf 83' lang='grc' dir='ltr'>πορνείαις</span> <span class='ocrx_word' id='word_1_900' title='bbox 1911 5659 2027 5707; x_wconf 86' lang='grc' dir='ltr'>σου,</span> <span class='ocrx_word' id='word_1_901' title='bbox 2059 5643 2176 5702; x_wconf 89' lang='lat' dir='ltr'><strong>des.</strong></span> <span class='ocrx_word' id='word_1_902' title='bbox 2215 5636 2425 5702; x_wconf 62' lang='lat' dir='ltr'><strong>in&#39;cod&#39;.</strong></span> 
     </span>
    </p>
   </div>
   <div class='ocr_carea' id='block_1_111' title="bbox 2524 5645 3666 5719">
    <p class='ocr_par' dir='ltr' id='par_1_111' title="bbox 2524 5645 3666 5719">
     <span class='ocr_line' id='line_1_111' title="bbox 2524 5645 3666 5719; baseline 0.004 -21"><span class='ocrx_word' id='word_1_903' title='bbox 2524 5647 2566 5679; x_wconf 77' lang='lat'>“</span> <span class='ocrx_word' id='word_1_904' title='bbox 2607 5645 2849 5716; x_wconf 82' lang='grc' dir='ltr'>Χριστῷ.</span> <span class='ocrx_word' id='word_1_905' title='bbox 2885 5646 3010 5703; x_wconf 89' lang='lat' dir='ltr'><strong>cod.</strong></span> <span class='ocrx_word' id='word_1_906' title='bbox 3053 5646 3193 5716; x_wconf 83' lang='grc' dir='ltr'><strong>Θεῷ.</strong></span> <span class='ocrx_word' id='word_1_907' title='bbox 3298 5649 3342 5681; x_wconf 66' lang='grc' dir='ltr'>η</span> <span class='ocrx_word' id='word_1_908' title='bbox 3372 5645 3477 5719; x_wconf 82' lang='grc' dir='ltr'><strong>γάρ</strong></span> <span class='ocrx_word' id='word_1_909' title='bbox 3515 5645 3666 5704; x_wconf 81' lang='lat' dir='ltr'><strong>abest</strong></span> 
     </span>
    </p>
   </div>
  </div>
