3940 6200
262 381 326 445 45
1231 380 1313 443 ΙΝ
1343 375 1735 441 CANTICUM
1771 374 1860 434 CA

1965 372 2064 433 'IC,
2093 399 2159 409 -
2193 364 2577 432 ΡιὶΑΞΕΑΤΙΟ,
2948 403 2953 407 -
3462 364 3534 432 ιδ

260 497 348 552 τοῦ
373 494 539 567 νόμου
572 492 637 548 τὸ
687 493 879 560 τέλος,
931 493 1023 547 καὶ
1058 493 1155 563 τῆς
1194 493 1416 565 χάριτος
1449 488 1550 562 τήν
1592 487 1786 565 ἀρχὴν,
1823 485 1853 537 ό

1965 491 2011 540 et
2033 484 2338 555 sapientem
2364 483 2689 554 magistrum
2713 479 2930 537 medius
2951 479 3078 547 fuit,
3102 480 3264 550 cujus
3290 487 3534 553 tempore

262 589 424 661 μέσος
457 584 555 640 τοῦ
591 585 956 654 παιδαγωγοῦ
990 585 1085 639 καὶ
1134 584 1230 639 τοῦ
1273 583 1440 653 σοφοῦ
1490 580 1811 637 διδασκάλου
1836 619 1851 644 ,

260 681 341 750 ἐφ’
373 671 436 732 οὗ
463 678 501 750 ή
538 676 672 731 σκιά
718 675 785 730 τὸ
834 675 994 747 σῶμα
1024 675 1291 742 ἐδέξατο,
1337 693 1355 726 ι
1380 675 1461 755 ΣΟ
1500 673 1662 745 ἔχων,
1694 674 1851 743 φησὶ,

258 770 352 841 τὴν
380 768 607 840 νύμφην
640 766 878 839 νυμφίος
910 766 1079 831 ἐστὶν,
1111 767 1140 820 ὁ
1178 764 1236 819 δὲ
1265 764 1417 834 φίλος
1454 763 1547 818 τού
1590 765 1852 835 νυμφίου,

256 859 283 912 ό
311 856 566 928 ἑστηκὼς
596 857 694 912 καὶ
716 855 934 911 ἀκούων
957 855 1121 910 αὐτοῦ
1151 853 1258 909 τῶν
1287 855 1482 924 λόγων,
1502 855 1646 926 χαρᾷ
1674 852 1853 925 χαίρει

257 950 342 1004 διά
372 950 476 1023 τὴν
510 950 702 1020 φωνὴν
723 948 816 1003 τοῦ
841 948 1100 1018 νυμφίου.
1132 966 1151 999 ι
1180 948 1289 1001 Καὶ
1323 946 1484 1008 αύτδς
1510 945 1568 999 δὲ
1596 947 1624 998 ὁ
1650 943 1855 1015 Κύριος

258 1040 494 1111 νυμφίον
548 1040 744 1094 ἑαυτὸν
803 1038 1083 1109 ὀνομάζει.
1131 1038 1252 1091 Τῶν
1302 1037 1411 1107 γὰρ
1451 1037 1498 1068 ⁸³
1540 1034 1856 1108 Φαρισαίων

260 1131 674 1204 αἰτιασαμένων
718 1132 846 1193 τοὺς
894 1129 1074 1200 ἱεροὺς
1110 1127 1473 1191 ἀποστόλους,
1519 1125 1597 1190 ὡς
1648 1126 1723 1198 μὴ
1756 1143 1856 1197 νη·-

264 1224 578 1290 στεύοντας,
608 1224 860 1295 ἐπήγαγε
902 1222 1112 1290 λέγων’
1164 1240 1184 1275 ι
1238 1222 1314 1274 Ού
1358 1219 1615 1274 δύνανται
1654 1219 1704 1273 oi
1748 1219 1857 1273 ulo‘t

263 1314 352 1366 τοῦ
387 1313 691 1384 νυμφῶνος
720 1313 1007 1384 νηστεύειν
1034 1314 1093 1367 ἐν
1128 1312 1240 1383 ὅσῳ
1274 1309 1394 1382 μετ’
1433 1308 1618 1363 αὐτῶν
1660 1310 1858 1363 ἔστινὸ

261 1407 518 1477 νυμφίος.
575 1406 924 1461 Ἐλεύσονται
956 1405 1013 1459 δὲ
1046 1404 1272 1476 ἡμέραι,
1306 1405 1434 1458 ὅταν
1464 1404 1605 1477 ἀρθῇ
1636 1402 1733 1459 ἀπ’
1760 1403 1859 1457 αύ-

262 1499 367 1553 τῶν
399 1500 430 1553 ὁ
477 1498 742 1571 νυμφίος,
782 1500 879 1554 καὶ
911 1500 1031 1555 τότε
1057 1497 1447 1569 νηστεύσουσιν
1469 1498 1533 1552 ⁸⁵.
1583 1516 1603 1549 ι
1645 1496 1857 1551 Οὐκοῦν

264 1592 549 1662 νοήσωμεν
571 1588 796 1663 νύμφην
816 1591 917 1661 μὲν
942 1590 1039 1662 τὴν
1063 1588 1413 1660 Ἐκκλησίαν,
1431 1589 1668 1660 νυμφίον
1686 1588 1745 1643 δὲ
1766 1588 1858 1643 τὸν

267 1684 502 1755 Χριστόν
522 1701 539 1715 ·
569 1684 821 1748 νεάνιδας
845 1684 901 1739 δὲ
931 1684 1028 1746 τὰς
1055 1685 1120 1754 τῇ
1156 1683 1343 1755 νύμφῃ
1375 1683 1671 1754 ἑπομένας,
1698 1681 1855 1736 εὗσε-

268 1777 377 1841 δεῖς
399 1776 504 1848 μὲν
528 1776 713 1850 ψυχὰς
739 1776 835 1830 καὶ
868 1776 1141 1840 νεανικὰς,
1180 1775 1392 1829 οὐδέπω
1420 1774 1476 1829 δὲ
1507 1775 1606 1843 τῆς
1639 1775 1858 1846 νύμφης

1958 569 2155 624 umbra
2186 585 2390 641 corpus
2428 571 2674 641 accepit:
2715 587 2734 621 ι
2759 568 2885 637 Qui,
2918 569 3121 640 inquit,
3152 586 3413 641 sponsam
3439 571 3535 629 ha~

1958 661 2069 726 bet,
2093 675 2337 732 sponsus
2365 673 2469 719 est.
2501 662 2730 717 Amicus
2755 668 2938 717 autem
2975 660 3192 732 sponsi,
3216 662 3314 731 qui
3339 672 3449 719 stat
3481 670 3536 719 et

1958 753 2115 808 audit
2156 754 2324 810 verba
2364 755 2510 824 ejus,
2557 754 2761 827 gaudio
2812 753 3018 826 gaudet
3065 763 3293 824 propter
3345 769 3535 810 vocem

1958 844 2148 915 sponsi
2184 854 2230 899 ι.
2282 864 2301 897 ι
2340 844 2482 912 Quid
2517 844 2663 915 quod
2709 845 2827 914 ipse
2858 842 3124 901 Dominus
3165 859 3229 902 se
3271 858 3537 915 sponsum

1957 938 2239 1008 appellat?
2266 937 2405 993 Cum
2431 937 2580 993 enim
2614 937 2877 993 Pharisai
2907 948 3132 994 sanctos
3168 937 3449 1008 apostolos
3482 945 3538 991 ut

1958 1047 2068 1086 non
2086 1031 2410 1102 jejuuantes
2445 1041 2797 1097 accusarent,
2832 1032 3036 1088 refellit
3063 1047 3197 1087 eos:
3233 1051 3253 1084 ι
3280 1030 3536 1102 Nunquid

1957 1131 2214 1191 possunt,
2253 1121 2537 1193 inquiens,
2557 1121 2655 1176 ﬁlii
2685 1123 2875 1192 sponsi
2908 1122 3119 1193 lugere,
3141 1123 3384 1193 quandiu
3416 1138 3538 1180 cum

1960 1214 2071 1271 illis
2118 1223 2202 1272 est
2238 1217 2531 1287 sponsus?
2562 1215 2798 1271 Venieut
2828 1224 3013 1270 autem
3037 1216 3177 1283 dies,
3230 1231 3355 1272 cum
3388 1216 3542 1272 aufe-

1957 1311 2112 1386 retur
2134 1304 2207 1360 ab
2230 1305 2315 1360 eis
2336 1312 2672 1375 sponsus,et
2698 1313 2830 1360 tunc
2860 1304 3192 1374 jejunabunt
3224 1316 3273 1362 γ.
3311 1325 3330 1359 ι
3363 1306 3542 1378 Spon-

1959 1410 2079 1452 sam
2116 1396 2288 1468 igitur
2322 1395 2651 1461 Ecclesiam,
2701 1410 2967 1466 sponsum
2997 1396 3284 1453 Christum
3332 1396 3542 1455 intelli-

1958 1503 2200 1559 gamus;
2243 1486 2692 1543 adolescentulas
2739 1501 2914 1552 vero,
2970 1502 3094 1558 qua:
3138 1502 3399 1559 sponsam
3451 1504 3542 1544 so-

1957 1587 2226 1650 quuntur,
2260 1578 2476 1634 animas
2511 1578 2654 1650 pias,
2691 1578 2791 1636 sed
2826 1579 3103 1642 rudiores.
3152 1596 3276 1649 qua:
3326 1596 3547 1651 sponsa:

1959 1672 2225 1727 virtutem
2261 1671 2509 1727 nondum
2541 1680 2674 1727 sunt
2713 1672 2963 1741 imitatae,
3016 1688 3119 1729 nec
3148 1672 3544 1744 perfectionem

1961 1772 2296 1820 consecutae.
2342 1763 2723 1831 Quamobrem
2763 1773 3076 1837 sequuntur
3117 1765 3342 1836 quidem
3378 1781 3546 1839 spon-

267 1869 361 1940 τὴν
390 1870 595 1941 ἀρετὴν
614 1849 1026 1940 μιμησαμένας
1050 1867 1145 1921 καὶ
1183 1866 1284 1939 τῆς
1324 1865 1661 1937 τελειότητος
1688 1866 1853 1935 ἠξιω-

1965 1870 2096 1922 sam,
2130 1853 2228 1910 sed
2264 1869 2489 1925 sponsae
2520 1870 2632 1910 non
2662 1856 3043 1928 appellantur.
3071 1856 3247 1915 liabet
3279 1868 3546 1929 praeterea

281 1962 456 2031 μένας.
507 1961 605 2014 Διὸ
647 1961 877 2016 ἕπονται
915 1960 1014 2032 μὲν
1062 1961 1130 2031 τῇ
1178 1958 1401 2031 νύμφῃ,
1454 1957 1665 2028 νύμφαι
1697 1957 1753 2011 δὲ
1788 1956 1849 2010 ού

281 2051 791 2125 προσαγορεύονται.
823 2050 1047 2124 Ἐχειδὲ
1063 2052 1123 2105 τὸ
1151 2052 1492 2123 σύγγραμμα
1508 2050 1602 2104 καὶ¹
1633 2049 1854 2121 ἐτέρους

280 2144 419 2209 τινὰς
449 2143 530 2214 τῷ
559 2144 784 2216 νυμφίῳ
819 2144 1107 2208 συνόντας
1151 2142 1244 2206 οὓς
1273 2145 1384 2197 εἴτε
1414 2142 1680 2212 ἀγγέλους
1711 2142 1855 2196 εἷποι

276 2251 352 2299 τις
397 2233 478 2305 τῷ
503 2234 833 2308 Δεσποτικῷ
887 2234 1278 2307 προστάγματι
1323 2234 1726 2299 διακονοῦντας,
1764 2233 1858 2288 καὶ

274 2328 363 2399 τὴν
390 2327 619 2399 νύμφην
665 2327 1119 2399 διακοσμοῦντας,
1163 2326 1342 2381 sita“
1387 2327 1676 2399 προφήτας
1719 2325 1858 2398 πόρ-

274 2419 441 2491 ρωθεν
462 2418 649 2474 ταῦτα
670 2417 1169 2492 προκηρύττοντας,
1195 2418 1305 2471 εἴτε
1333 2416 1664 2481 ἀποστόλους
1692 2416 1860 2485 ἀγγει-

274 2509 431 2575 ὶικῶς
463 2510 566 2564 καὶ
598 2509 801 2575 αὐτοὺς
829 2512 943 2574 τοῖς
967 2509 1317 2572 Δεσποτικοίς
1354 2507 1623 2584 νεύμασιν
1651 2505 1862 2577 ὑπηρε-

272 2598 518 2663 τοῦντας,
549 2597 649 2652 τού
680 2598 780 2670 τῆς
809 2598 1069 2672 ἀληθείας
1094 2599 1195 2671 οὐχ
1224 2598 1606 2669 ἁμαρτήσεται
1627 2594 1858 2651 σκοποῦ.

283 2693 434 2764 Ἐμοὶ
476 2692 540 2747 δὲ
587 2693 741 2748 δοκεῖ
789 2691 991 2763 μᾶλλον
1017 2691 1063 2723 ⁸⁸
1115 2690 1381 2760 ἀγγέλους
1426 2684 1587 2745 εἶναι.
1640 2687 1862 2760 Ἐπειδὴ

271 2788 365 2851 τὰς
390 2786 831 2858 τετελειωμένας
872 2788 930 2840 ὲν
974 2785 1145 2857 ἀρετῇ
1176 2782 1355 2856 ψυχὰς
1384 2782 1554 2855 αὐτὴν
1594 2786 1736 2837 νοεῖν
1763 2785 1865 2855 τὴν

271 2878 486 2949 νύμφην
508 2877 582 2932 τά
610 2877 732 2931 θεῖα
752 2878 899 2949 ἡμᾶς
920 2874 1127 2941 ἐδίδαξε
1157 2875 1312 2944 λόγια
1330 2891 1341 2903 ’
1368 2873 1522 2928 οὐδὲν
1544 2874 1601 2929 δὲ
1632 2874 1867 2927 ἀποστό·

271 2969 375 3023 λων
405 2970 504 3023 καὶ
534 2968 838 3040 προφητῶν
868 2966 1223 3039 τελειότερον,
1244 2965 1385 3038 πλὴν
1414 2964 1661 3035 ἀγγέλων
1692 2965 1761 2997 ⁸⁷·
1785 2964 1867 3020 διδ

279 3063 474 3131 μᾶλλον
516 3062 650 3131 ἐμοὶ
693 3060 841 3113 δοκεί
874 3059 1144 3128 ἀγγέλους
1190 3053 1329 3117 εἶναι
1361 3058 1489 3122 τοὺς
1523 3056 1601 3128 τῷ
1644 3057 1868 3128 νυμφίῳ

273 3151 681 3218 διακονοῦντας,
712 3152 810 3206 καὶ
836 3151 936 3222 τὴν
975 3150 1195 3223 νύμφην
1224 3149 1552 3223 Θεραπεύειν
1596 3147 1860 3202 ἐσπουδα-

1956 1954 2142 2003 testus
2172 1953 2227 2001 et
2258 1947 2397 2001 alios
2447 1946 2721 2017 quosdam
2783 1961 2912 2002 cum
2968 1963 3176 2019 sponso
3228 1959 3546 2016 versantes,

1956 2055 2096 2113 quos
2131 2040 2250 2097 sive
2281 2039 2511 2111 angelos
2550 2038 2833 2110 quispiam
2865 2039 3091 2106 dixerit,
3135 2039 3354 2095 Domini
3389 2057 3548 2097 man-

1957 2132 2106 2189 datis
2157 2131 2530 2203 obsequentes
2580 2140 2637 2188 et
2676 2146 2939 2203 sponsam
2990 2141 3381 2189 exornantes:
3430 2134 3551 2189 sive

1959 2225 2259 2296 prophetas
2319 2224 2437 2280 haec
2495 2223 2671 2279 multo
2732 2232 2868 2279 ante
2921 2225 3364 2288 antuuntiantes,
3431 2227 3551 2282 sive

1960 2320 2242 2389 apostolos
2271 2317 2523 2389 angelico
2571 2326 2625 2373 et
2654 2316 2837 2387 ipsos‘
2858 2330 3013 2373 more
3050 2315 3267 2371 Domini
3318 2316 3548 2374 nutibus

1964 2411 2360 2473 inservientes,
2390 2423 2422 2465 a
2453 2408 2706 2465 veritatis
2737 2423 2908 2479 scopo
2944 2423 3055 2464 non
3083 2408 3386 2464 aberrabit.
3413 2407 3547 2465 libi

1961 2512 2094 2554 vero
2125 2498 2301 2569 magis
2334 2497 2539 2568 placet,
2561 2496 2788 2569 angelos
2806 2497 3131 2568 intelligere.
3162 2495 3301 2552 Nam
3330 2498 3549 2557 animas

1965 2589 2021 2644 in
2058 2590 2263 2646 virtute
2323 2588 2604 2661 perfectas
2656 2585 3297 2660 sponsam'aguoscere,
3345 2588 3550 2646 docent

1965 2681 2165 2737 divina:
2210 2680 2551 2751 Scriptura:
2604 2680 2741 2735 nihil
2791 2687 2978 2735 autem
3015 2678 3288 2751 apostolis
3337 2690 3395 2737 et
3421 2694 3551 2752 pro.

1966 2772 2150 2844 phetis
2183 2770 2518 2843 perfectius,
2549 2781 2752 2843 praeter
2796 2772 3061 2843 angelos:
3103 2770 3195 2827 bis
3226 2771 3294 2827 de
3339 2773 3548 2836 causis,

1966 2864 2062 2937 qui
2104 2878 2311 2935 sponso
2340 2864 2614 2928 serviunt,
2667 2870 2723 2920 et
2761 2878 2982 2934 sponsa:
3026 2863 3262 2935 obsequi
3299 2864 3547 2931 student,

1969 2954 2103 3009 mibi
2143 2953 2331 3025 potius
2375 2952 2556 3023 angeli
2592 2952 2852 3008 videntur
2903 2968 3049 3009 esse.
3086 2953 3548 3025 Quandoquidem

1973 3046 2081 3117 ιθ
2117 3054 2173 3101 et
2226 3059 2433 3116 sponso
2480 3043 2667 3099 statim
2716 3046 2901 3113 genito
2946 3045 3179 3103 chorum
3239 3046 3550 3115 angelicum

1974 3139 2288 3194 invenimus
2311 3137 2663 3208 gaudentem,
2682 3145 2848 3207 atque
2861 3136 3254 3201 exsultantem,
3273 3146 3330 3192 et
3357 3137 3552 3207 iucun-

275 3243 455 3309 κότας.
498 3208 850 3316 Εὑρίσκομεν
881 3208 992 3314 γὰρ
1018 3208 1112 3298 »ἱαὶ
1143 3208 1306 3306 ἐιοὺξ
1339 3240 1436 3295 τοῦ
1469 3239 1705 3311 νυμφίου
1772 3256 1860 3293 τε-

1970 3231 2059 3287 dis
2095 3228 2358 3285 cantibus
2402 3228 2885 3287 conclamantem:
2931 3245 2951 3279 ι
3001 3227 3191 3283 Gloria
3220 3228 3275 3283 iu
3318 3228 3552 3285 excelsis

276 3336 491 3406 χιιέντος
507 3335 674 3407 χορὸν
695 3332 1354 3405 ἀγγελικδνςγαννύμενον,
1375 3331 1471 3384 καὶ
1501 3328 1864 3400 εὐφραινόμε-

276 3447 379 3493 νον,
405 3430 503 3485 καὶ
548 3428 849 3500 ὑμνοῦντα,
892 3427 987 3482 καὶ
1022 3426 1260 3498 βοῶντα·
1309 3443 1328 3476 ι
1362 3423 1503 3488 Δόξα
1528 3425 1586 3476 ὲν
1619 3421 1863 3492 ὑψίστοις

276 3522 409 3593 Θεῷ,
441 3522 543 3578 καὶ
582 3522 680 3577 ἐπὶ
699 3520 802 3591 τῆς
824 3519 870 3553 ⁸⁸
902 3520 1006 3591 γῆς
1038 3520 1255 3591 εἰρήνη,
1290 3519 1347 3570 ὲν
1378 3515 1686 3588 ἀνθρώποις
1709 3512 1861 3567 εὐδο-

280 3614 385 3668 κία.
415 3634 434 3668 s
464 3615 578 3669 Καὶ
601 3614 746 3683 αὐτῇ
772 3612 829 3666 δὲ
857 3614 924 3682 τῇ
950 3609 1213 3681 συλλήψει
1238 3605 1484 3679 Γαϐριὴλ
1514 3606 1543 3658 ὁ
1583 3603 1861 3676 ἀρχάγγε-

278 3705 365 3769 λος
385 3705 712 3778 διηκόνησε’
756 3703 852 3757 ul.
886 3700 964 3772 τῷ
1008 3701 1210 3772 Ἰωσήφ
1240 3697 1494 3768 ἄγγελος,
1522 3696 1618 3751 καὶ
1645 3696 1746 3766 τὴν
1784 3693 1863 3757 είς

278 3797 547 3866 Αἴγυπτον
571 3794 778 3867 φυγήν,
806 3793 901 3848 καλ
926 3792 1026 3863 τὴν
1046 3791 1256 3846 ἐκεῖθεν
1280 3789 1538 3844 ἐπάνοδον
1561 3803 1864 3861 προστετας

278 3890 385 3961 κὼς
403 3889 660 3963 φαίνεται
680 3903 695 3918 °
723 3887 819 3945 καὶ
843 3884 985 3958 μετά
1011 3883 1141 3947 τοὺς
1165 3883 1306 3938 κατά
1326 3879 1421 3935 τοῦ
1443 3879 1693 3936 διαϐόλου
1718 3875 1864 3947 ἀγῶ-

280 4003 394 4053 νας,
425 3984 653 4055 ἀγγελοι
682 3978 1075 4053 προσελθόντες
1099 3976 1430 4050 διηκόνησαν
1471 3973 1548 4045 τῷ
1582 3972 1722 4044 ὑπὲρ
1762 3971 1863 4042 τῆς

279 4078 551 4149 ἡμετέρας
579 4073 869 4137 ἀσθενείας
899 4068 1321 4140 ἀγωνισαμένῳ,
1368 4067 1463 4121 καὶ
1488 4067 1581 4120 τὸν
1613 4064 1861 4132 ἀνταγω-

283 4168 462 4239 νιστὴν
482 4165 878 4226 καταλύσαντι,
912 4160 1305 4233 εὐφημοῦντες,
1344 4154 1731 4228 ἁνυμνοῦντες,
1763 4170 1863 4207 πε-

286 4257 584 4330 ριέποντες.
613 4256 729 4312 Καὶ
757 4257 817 4309 ὲν
835 4252 917 4326 τῷ
948 4249 1126 4323 καιρῷ
1153 4248 1211 4302 δὲ
1239 4247 1335 4301 τοῦ
1368 4246 1598 4310 πάθους,
1642 4242 1862 4313 ἄγγελοι

284 4348 534 4418 παρῆσαν
556 4345 620 4400 τὺ
651 4344 995 4415 ἀνθρώπινον
1035 4337 1435 4409 ὑπερείδοντες.
1467 4334 1578 4389 Καὶ
1605 4332 1682 4403 τῷ
1705 4332 1862 4402 τάφῳ

283 4438 498 4508 ἄγγελοι
545 4433 1003 4510 προσεδρεύοντες
1047 4432 1348 4503 ἐκήρυττον
1395 4424 1561 4482 αὑτοῦ
1604 4425 1704 4496 τήν
1732 4424 1863 4478 ἀνά-

287 4546 503 4585 στασινθ
533 4528 631 4583 καὶ
671 4526 835 4598 ήνίκα
865 4524 947 4589 είς
976 4523 1102 4586 τοὺς
1129 4520 1391 4594 οὐρανοὺς
1434 4514 1731 4587 ἀνελήφθη,
1762 4514 1862 4583 ἀγ-

285 4621 430 4691 γελοι
464 4623 579 4686 τοῖς
613 4617 936 4682 ἀποστόλοις
974 4615 1161 4684 ἔλεγον
1179 4629 1192 4643 ’
1238 4632 1257 4664 ι
1302 4610 1529 4682 ’Ἄνδρες
1562 4608 1860 4671 Γαλιλαῖοι,

283 4716 345 4768 τι
371 4714 631 4786 ἑστήκατε
674 4711 969 4782 βλέποντες
1012 4709 1094 4772 είς
1142 4707 1233 4761 τὸν
1261 4704 1530 4777 ούρανόν;
1565 4693 1721 4764 οὗτος
1761 4701 1865 4771 Ἰη-

287 4805 416 4871 σοῦς
440 4807 470 4860 δ
488 4804 819 4876 ἀναληφθεὶς
844 4803 941 4873 ἀφ’
978 4800 1134 4873 ὑμῶν
1161 4800 1242 4863 είς
1277 4797 1372 4851 τὸν
1409 4792 1657 4866 οὐρανὸν,
1691 4792 1864 4855 οὓτως

287 4894 560 4953 ἐλεύσεται
585 4896 769 4951 πάλιν.
802 4913 823 4948 ι
869 4892 964 4951 Διό
1000 4909 1091 4963 μοι
1120 4889 1271 4945 δοκεῖ
1300 4889 1371 4941 τά
1409 4888 1507 4941 σὺν
1536 4883 1614 4955 τῷ
1645 4882 1865 4953 νυμφίῳ

290 4988 535 5059 τάγματα
568 4988 819 5058 ἀγγέλων
850 4981 991 5039 εἶναι
1028 4985 1142 5047 τοῖς
1182 4979 1277 5035 τοῦ
1317 4978 1549 5050 νυμφίου
1603 4975 1865 5044 νεύμασιν

292 5078 736 5149 ὑπηρετούντων,
780 5076 877 5131 καὶ
902 5073 1005 5144 τὴν
1049 5072 1271 5143 νύμφην
1313 5069 1493 5137 πάσης
1540 5061 1865 5134 κηδεμονίας

295 5169 576 5235 ἀξιούντων
596 5213 609 5227 .
650 5171 767 5225 Καὶ
804 5167 967 5223 τοῦτο
1006 5165 1065 5220 δὲ
1097 5164 1382 5234 προειπεῖν
1427 5158 1744 5226 ἀναγκαῖον,
1789 5150 1863 5213 ὡς

295 5264 416 5333 τρία
456 5263 546 5318 τοῦ
594 5260 943 5334 Σολομῶντος
983 5256 1341 5328 ἐδιδάχθημεν
1390 5248 1530 5306 εἶναι
1582 5245 1867 5318 συγγράμ-

302 5375 456 5430 ματα,
492 5360 587 5426 τάς
620 5356 969 5431 Παροιμίας,
1002 5354 1100 5409 καὶ
1142 5351 1233 5406 τὸν
1273 5345 1727 5418 Ἐκκλησιαστὴν,
1772 5340 1868 5395 καὶ

369 5522 393 5550 ι
420 5512 565 5570 loan.
598 5531 660 5570 ιιι
724 5512 818 5573 29.
896 5519 927 5559 ι’
961 5506 1153 5563 Matth.
1184 5522 1261 5568 ix,
1298 5503 1384 5569 i5,
1427 5501 1511 5556 l6.

1594 5508 1618 5536 ι
1647 5497 1781 5552 Luc.
1816 5508 1892 5560 ιι,
1935 5493 2022 5548 14.

1975 3320 2105 3383 Deo,
2123 3317 2254 3374 etin
2278 3326 2427 3373 terra
2456 3332 2582 3389 pax,
2604 3317 2660 3374 in
2690 3317 3009 3373 hominibus
3030 3318 3436 3389 beneplacitum
3458 3328 3503 3374 ι.
3523 3334 3545 3373 ι

1974 3409 2243 3465 Praeterea
2278 3408 2335 3464 in
2381 3407 2748 3478 conceptione
2779 3407 3003 3463 Gabriel
3036 3409 3403 3481 arebangelus
3447 3411 3553 3466 mi-

1972 3503 2150 3558 nislcr
2182 3501 2307 3556 fuit.
2337 3500 2420 3556 Ad
2460 3500 2579 3556 haec
2609 3501 2842 3573 angelus
2871 3502 2975 3570 ipsi
3005 3499 3265 3572 Josepbo,
3303 3510 3421 3557 tum
3463 3502 3551 3557 fu-

1970 3609 2095 3666 gam
2129 3594 2183 3648 ir.
2224 3589 2549 3665 Egyptum,
2603 3601 2716 3646 tum
2747 3606 2815 3648 ex
2856 3589 3096 3663 Egypto
3134 3592 3371 3648 reditum
3431 3607 3553 3650 cer-

1971 3685 2120 3740 nitur
2164 3684 2518 3756 prazcepisse.
2554 3683 2622 3739 Et
2652 3691 2778 3754 post
2823 3684 3128 3739 certamina
3177 3698 3303 3739 cum
3332 3684 3552 3741 diabolo

1971 3774 2247 3841 confecta,
2286 3774 2617 3831 accedentes
2651 3774 2835 3845 angeli
2872 3774 3073 3831 faustis
3113 3770 3242 3830 cum
3276 3777 3553 3833 acciama-

1972 3869 2221 3924 tionibus
2266 3881 2331 3923 ac
2378 3867 2664 3935 laudibus,
2705 3876 2870 3938 atque
2899 3869 3047 3922 omni
3078 3868 3348 3939 obsequio
3387 3868 3554 3925 mini-

1971 3962 2227 4017 strabant
2254 3960 2325 4029 ei,
2357 3960 2452 4031 qui
2488 3975 2587 4031 pro
2620 3950 3008 4016 imbecillitate
3051 3970 3240 4018 nostra
3266 3961 3552 4034 depugna-

1972 4061 2146 4118 verat,
2187 4062 2245 4108 et
2272 4052 2659 4114 adversarium
2703 4051 2930 4107 vicerat.
2998 4051 3226 4108 Necnon
3254 4064 3309 4109 et
3337 4054 3553 4124 passio-

1970 4147 2059 4203 nis
2098 4154 2346 4217 tempore
2403 4152 2604 4217 praesto
2657 4143 2880 4199 fuerunt
2913 4145 3093 4215 angeli
3149 4144 3550 4201 humanitatem

1971 4238 2389 4294 conﬂrmantes.
2426 4236 2506 4291 Ad
2538 4235 2856 4307 sepulcrum
2894 4236 3063 4291 etiam
3102 4236 3415 4293 assidentes
3447 4253 3549 4292 an-

1970 4333 2076 4404 geli
2101 4331 2565 4387 resurrectionem
2594 4329 2770 4399 ipsius
2797 4329 3150 4384 nuntiabant.
3185 4334 3267 4384 Ac
3289 4328 3547 4398 denique,

1968 4440 2096 4479 cum
2140 4432 2460 4493 assumptus
2490 4429 2574 4476 est
2609 4421 2661 4474 in
2688 4421 2915 4485 caelum,
2939 4420 3117 4488 angeli
3151 4419 3220 4472 ad
3259 4420 3548 4488 apostolos

1969 4519 2263 4573 dixerunt:
2308 4532 2328 4566 ι
2366 4512 2480 4568 Viri
2516 4513 2747 4576 Galilaei,
2792 4512 2923 4582 quid
2971 4509 3132 4564 statis
3178 4510 3548 4579 suspicientes

1971 4610 2023 4662 in
2052 4606 2293 4663 ccelum?
2325 4605 2413 4660 hic
2436 4604 2622 4668 Jcsus,
2654 4604 2748 4672 qui
2775 4608 3097 4671 assumptus
3128 4607 3213 4656 est
3240 4615 3270 4655 a
3301 4601 3457 4657 vobis
3489 4604 3545 4658 iu

1967 4701 2192 4761 aulum,
2221 4698 2301 4752 sic
2323 4698 2507 4752 veniet
2530 4696 2729 4749 iterum
2753 4704 2803 4746 α.
2830 4711 2848 4745 ι
2873 4691 3002 4745 Mihi
3024 4706 3156 4762 ergo
3187 4707 3311 4746 cum
3343 4708 3547 4763 sponso

1970 4791 2228 4845 videntur
2260 4803 2387 4843 esse
2418 4786 2642 4842 ordines
2674 4786 3016 4856 angelorum,
3050 4783 3145 4854 qui
3175 4791 3231 4838 et
3259 4784 3409 4839 illius
3445 4783 3546 4839 ob-

1969 4891 2193 4938 servent
2229 4890 2417 4944 nutus,
2440 4887 2494 4934 et
2533 4894 2792 4949 sponsam
2822 4877 3083 4933 omnibus
3113 4875 3308 4931 oﬂiciis
3337 4890 3402 4931 ac
3431 4884 3547 4931 stu-

1968 4977 2077 5030 diis
2109 4979 2534 5042 prosequantur.
2558 4969 2696 5025 lllud
2718 4970 2884 5025 etiam
2909 4968 3129 5039 prazfari
3166 4968 3544 5023 necessarium

1971 5074 2078 5130 est,
2118 5066 2219 5118 tria
2251 5064 2568 5119 Salomonis
2606 5078 2733 5119 esse
2766 5059 3406 5126 volumina,Proverbia,
3441 5058 3545 5115 Ec-

1973 5157 2293 5221 clesiasten,
2319 5165 2375 5211 et
2412 5155 2698 5211 Canticum
2728 5153 3076 5208 canticorum
3112 5167 3216 5207 :ac
3250 5150 3546 5205 Proverbia

1971 5247 2191 5317 quidem
2234 5246 2424 5300 utilem
2467 5245 2536 5301 de
2567 5244 2818 5300 moribus
2846 5242 3191 5312 disciplinam
3217 5239 3542 5310 complecti,

1972 5338 2344 5395 Ecclesiasten
2391 5346 2575 5393 autem
2608 5350 2832 5400 eorum,
2885 5349 3005 5405 qum
3053 5332 3305 5391 sensibus
3368 5330 3541 5400 perci-

2130 5506 2156 5534 ι
2186 5494 2306 5549 Act.
2342 5509 2391 5559 ι,
2436 5493 2523 5547 il.

1564 5650 1799 5708 vanus
1825 5648 2224 5706 LECTIONES.
2296 5714 2305 5729 Δ

390 5758 410 5788 ι
435 5760 533 5788 ..ι-
562 5760 655 5788 ..Αι-
717 5760 730 5788 ἓ

363 5758 536 5887 ἓκγάρ
561 5760 681 5814 des.
717 5760 775 5813 in
816 5755 943 5811 cod.
1045 5755 1090 5785 “
1121 5755 1245 5834 cod:
1276 5770 1368 5834 νηο

321 5844 343 5883 ι
460 5868 475 5884 .
547 5831 592 5862 ⁸⁷
624 5829 768 5901 πλήν
788 5826 1040 5897 ἀγγέλων
1071 5824 1188 5879 des.
1234 5824 1368 5877 ibid.

1045 5753 1090 5785 “
1121 5754 1244 5807 cod.
1276 5752 1645 5820 νηστεύουσιν.
1673 5818 1684 5820 ᾼ
1729 5751 1773 5781 ⁸⁵
1803 5747 1860 5801 εὖ

1965 5779 2015 5820 -έ
2044 5746 2518 5818 προκηρύττοντας
2551 5742 2666 5798 des.
2700 5741 2754 5795 in
2790 5737 2912 5794 cod.

1463 5820 1507 5854 ⁸⁸
1530 5819 1629 5889 τῆς
1657 5818 1773 5876 des.
1803 5819 1859 5872 in
1893 5819 2016 5874 cod.

3013 5735 3056 5767 “
3088 5729 3350 5800 ἀγγέλους
3391 5726 3542 5783 abest
