3940 6200
379 295 438 357 i'!
1368 290 1857 351 THEODORETI
1894 292 2233 354 EPISCOPI
2257 294 2626 356 CYRENSIS
3561 297 3636 360 £8

376 414 626 483 piuntur,
662 419 916 467 naturam
955 410 1225 475 indicare,
1258 410 1496 479 vita-que
1529 409 1817 479 praesentis
1847 410 1947 464 do-

2052 412 2114 464 τὸ
2146 407 2337 483 ⁷ᾼσμα
2371 413 2478 465 τῶν
2506 413 2794 483 ᾀσμάτων·
2832 411 2926 466 καὶ
2963 413 3019 465 αἰ
3058 413 3155 483 μὲν
3189 414 3484 486 Παροιμίαι
3534 418 3634 488 τὴν

373 521 501 561 cere
527 504 823 561 vanitatem
861 523 875 559 :
914 513 974 558 ut
1008 520 1071 559 ea
1103 504 1241 558 llum
1269 511 1322 557 et
1356 500 1570 572 fragilia
1613 517 1951 573 cngnoscen-

376 606 475 660 tes,
507 603 771 668 tanquam
815 598 1200 666 praetereuntia
1232 607 1579 662 spernamus,
1623 602 1677 648 ct
1725 610 1789 649 ea
1828 611 1951 665 qua:

380 693 561 744 l'ntnra
627 700 792 756 sunt,
858 696 923 743 ut
982 686 1355 757 permanentia
1391 686 1884 755 concupiscamus
1934 704 1944 738 :

379 781 483 854 19
507 783 797 836 Canticum
823 794 951 834 vero
983 777 1321 832 canticorum
1353 777 1642 847 mysticam
1662 793 1877 848 sponsze
1898 786 1951 833 et

373 874 565 941 sponsi
599 868 1062 926 necessitudinem
1092 876 1146 921 et
1169 868 1617 937 conjunctionem
1640 869 1947 924 continere.

379 965 446 1020 Ut
496 965 636 1018 adeo
684 962 940 1017 universa
993 960 1308 1016 Salomonis
1358 960 1612 1015 doctrina
1665 963 1739 1016 sit
1780 962 1950 1017 veluti

371 1058 520 1110 scala
556 1053 827 1125 quaedam,
864 1068 988 1124 quae
1035 1053 1216 1109 tribus
1258 1052 1523 1124 gradibus
1563 1061 1801 1119 constet,
1834 1068 1952 1108 nio-

375 1146 497 1208 rali,
533 1145 773 1200 naturali
803 1152 861 1199 et
890 1144 1149 1215 mystico.
1211 1142 1492 1213 Principio
1540 1143 1708 1213 igitur
1753 1142 1842 1213 qui
1882 1142 1950 1197 ad

370 1238 464 1308 pic'
488 1248 750 1308 recteque
780 1235 1000 1291 vivendi
1044 1235 1396 1304 disciplinam
1438 1234 1951 1301 accedit,‘necessc

380 1339 467 1384 est
496 1338 557 1383 ut
580 1328 742 1382 bonis
777 1327 1091 1383 actionibus
1139 1327 1382 1381 animum
1411 1334 1623 1396 purget,
1673 1334 1840 1395 atque
1875 1328 1948 1379 ita

370 1421 633 1488 deinceps
703 1419 954 1490 fugacem
1027 1433 1211 1474 rerum
1282 1417 1769 1488 praetereuntium,
1829 1432 1951 1487 quae

372 1527 544 1567 sensu
572 1511 836 1581 jucunda:
865 1508 1149 1573 videntur,
1192 1508 1491 1564 vanitatem
1547 1507 1851 1577 despiciat:
1895 1515 1950 1561 et

373 1602 501 1657 inde
533 1611 813 1670 postremo
845 1596 1105 1653 sublimis
1136 1597 1318 1650 avolet
1369 1595 1436 1649 ad
1493 1609 1779 1664 sponsum.
1825 1608 1949 1662 pcr-

372 1702 535 1763 petua
570 1693 714 1745 bona
750 1689 1125 1760 pollicentem,
1163 1684 1458 1739 amandum
1489 1692 1545 1739 et
1582 1684 1948 1754 complecten-

2055 502 2253 575 ἡθικὴν
2286 504 2554 574 ὠφέλειαν
2593 506 2704 567 τοῖς
2749 502 3094 575 βουλομένοις
3142 505 3540 576 προσφέρουσιν
3562 524 3575 538 ·
3607 511 3636 561 ό

2052 595 2109 647 δὲ
2155 596 2619 665 Ἐκκλησιαστὴς,
2670 594 2779 647 τῶν
2831 594 3123 667 ὁρωμένων
3186 596 3478 667 ἐρμηνεύει
3534 596 3635 668 τὴν

2055 685 2242 755 φύσιν,
2274 686 2367 740 καὶ
2392 686 2487 739 τοῦ
2521 686 2786 756 παρόντος
2813 686 2930 757 βίου
2958 686 3020 739 τὸ
3055 686 3281 757 μάταιον
3301 688 3632 751 ἐκδιδάσκει,

2056 779 2143 831 ἵνα
2180 778 2441 849 μαθόντες
2477 777 2656 831 αὐτῶν
2689 778 2751 831 τὸ
2783 776 3068 848 ἐπίκηρον,
3093 779 3169 842 ὡς
3194 779 3498 849 παριόντων
3527 795 3633 832 κα-

2053 872 2510 943 ταφρονήσωμεν,
2570 871 2668 925 καὶ
2716 871 2826 924 τῶν
2879 871 3182 942 μελλόντων
3235 870 3311 934 ὡς
3365 871 3633 941 μενόντων

2053 964 2508 1036 ἐπιθυμήσωμεν.
2555 965 2629 1018 Τὸ
2656 964 2713 1018 δὲ
2751 961 2942 1036 ’ᾼσμα
2970 965 3078 1018 τῶν
3101 964 3382 1035 ᾀσμάτων,
3404 964 3502 1034 τὴν
3532 981 3634 1035 μυ-

2054 1055 2247 1127 στικὴν
2287 1057 2581 1124 συνάφειαν
2609 1056 2710 1127 τῆς
2736 1055 2953 1126 νύμφης
2979 1057 3074 1110 καὶ
3104 1056 3197 1109 τοῦ
3225 1055 3459 1126 νυμφίου
3491 1056 3635 1109 διδά-

2054 1160 2206 1199 σκει·
2237 1145 2313 1208 ὡς
2349 1141 2490 1199 εἶναι
2523 1146 2622 1214 τὴν
2657 1149 2838 1200 πᾶσαν
2874 1146 2966 1199 τοῦ
2997 1144 3339 1213 Σολομῶντος
3373 1162 3633 1216 πραγμα-

2050 1236 2203 1290 τείαν
2235 1235 2481 1306 κλίμακὰ
2507 1253 2650 1301 τινα,
2672 1239 2824 1308 τρεῖς
2844 1235 3073 1305 ἔχουσαν
3103 1237 3230 1300 τοὺς
3254 1236 3518 1306 βαθμοὺς,
3540 1236 3634 1288 τὸν

2051 1326 2265 1396 ἠθικὸν,
2290 1327 2379 1380 τὸν
2407 1328 2809 1398 φυσιολογικὸν,
2841 1328 2933 1382 τὸν
2972 1329 3253 1398 μυστικόν.
3294 1331 3387 1381 Δεῖ
3411 1327 3519 1400 γὰρ
3541 1327 3632 1381 τὸν

2050 1417 2215 1482 εὐθὺς
2249 1419 2541 1489 προσιόντα
2583 1422 2648 1489 τῇ
2684 1418 2939 1490 εὐσεϐείᾳ
2983 1418 3324 1491 καθαρθῆναι
3366 1418 3633 1490 πρότερον

2048 1504 2139 1559 διὰ
2178 1506 2279 1572 τῆς
2308 1506 2523 1575 ἀγαθῆς
2554 1505 2807 1577 πράξεως
2845 1506 2943 1577 τὴν
2989 1505 3262 1560 διάνοιαν·
3316 1503 3415 1558 εἷθ’
3458 1503 3632 1567 οὕτως

2050 1597 2418 1652 κατοπτεῦσαι
2450 1598 2559 1650 τῶν
2606 1597 2913 1668 παριόντων
2935 1596 2980 1628 δ’
3016 1596 3076 1650 τὸ
3122 1599 3369 1668 μάταιον,
3401 1596 3495 1649 καὶ
3524 1595 3633 1648 τῶν

2049 1687 2348 1741 δοκούντων
2377 1689 2626 1758 τερπνῶν
2646 1688 2706 1742 τὸ
2727 1688 2991 1760 ἐπίκηρον
3011 1705 3024 1719 ·
3054 1688 3147 1742 καί
3169 1688 3417 1742 ἐντεῦθεν
3445 1687 3633 1741 λοιπὸν

376 1786 531 1838 dum.
568 1780 778 1837 Idcirco
811 1778 973 1835 tertio
1018 1778 1182 1832 etiam
1216 1777 1339 1830 loco
1372 1776 1462 1829 hic
1487 1776 1826 1831 constitutus
1864 1783 1947 1830 est

2058 1778 2390 1848 ἀναπτῆναι,
2425 1780 2517 1832 καὶ
2550 1779 2641 1833 τὸν
2671 1778 2905 1850 νυμφίον
2939 1779 3192 1851 ποθῆσαι,
3227 1780 3317 1834 τὸν
3347 1781 3415 1835 τὰ
3441 1778 3634 1834 αἰώνια

373 1876 535 1941 liber,
566 1880 624 1929 ut
657 1872 876 1927 ratione
904 1879 960 1925 et
989 1870 1074 1923 via
1107 1869 1173 1924 ad
1209 1868 1605 1938 perfectionem
1645 1869 1951 1925 contenda-

372 1983 518 2021 mus.
580 1964 833 2018 Arbitror
890 1969 1072 2016 autem
1144 1960 1448 2031 sapien‘tem
1512 1959 1862 2016 Salomonem
1920 1977 1949 2015 a

373 2066 551 2128 patre,
579 2064 767 2126 utpote
795 2054 1084 2124 propheta,
1114 2067 1178 2108 ac
1198 2067 1397 2123 magno
1418 2051 1638 2122 quidem
1665 2053 1947 2123 pr0pheta,

371 2150 627 2204 edoctqu
657 2147 773 2201 haec
802 2144 1229 2214 conscripsisse.
1264 2143 1531 2197 Audierat
1555 2142 1700 2198 enim
1725 2144 1951 2199 omnino

374 2240 532 2293 illum
588 2238 660 2290 ita
699 2241 993 2292 canentem
1039 2251 1054 2289 :
1090 2252 1117 2286 ι
1181 2233 1372 2289 Astitit
1422 2234 1614 2302 regina
1644 2248 1674 2287 a
1709 2233 1950 2290 dexteris

372 2331 504 2393 tuis,
519 2331 575 2384 in
592 2330 791 2386 vestitu
807 2328 1086 2393 deaurato,
1104 2325 1545 2390 circumamicta,
1564 2327 1843 2398 variegata
1861 2328 1911 2381 δ.
1925 2347 1944 2381 ι

372 2423 440 2476 Et
471 2436 667 2476 rursus
708 2438 723 2475 :
762 2438 781 2472 ι
812 2419 977 2484 Audi,
1010 2419 1144 2483 lilia,
1175 2425 1231 2473 et
1259 2418 1401 2479 vide,
1425 2426 1475 2472 et
1511 2417 1713 2472 inclina
1761 2433 1949 2473 aurem

375 2524 555 2579 tuam,
608 2521 663 2568 et
718 2511 1048 2567 obliviscere
1084 2509 1272 2580 populi
1311 2509 1390 2564 tui
1427 2524 1493 2564 ac
1541 2508 1738 2564 domus
1778 2509 1950 2580 patris

372 2607 492 2662 tui:
547 2613 601 2661 et
635 2603 990 2674 concupiscet
1032 2617 1126 2657 rex
1176 2601 1427 2657 decorem
1483 2609 1659 2666 tuum,
1689 2603 1948 2671 quoniam

373 2701 493 2768 ipse
530 2706 614 2753 cst
670 2697 937 2753 Dominus
995 2694 1140 2750 Deus
1167 2702 1296 2749 tuus
1329 2704 1375 2747 ο.
1422 2712 1441 2744 ι
1501 2691 1678 2762 llnjns
1726 2692 1946 2761 quidem

372 2791 497 2845 libri
530 2789 817 2844 lectionem
856 2786 1331 2850 adolescentibus,
1372 2792 1537 2854 atque
1566 2792 1730 2838 aetate
1770 2782 1949 2838 adhuc

377 2880 737 2952 imperfectis,
772 2894 1003 2952 prorsus
1030 2876 1389 2944 interdicunt,
1424 2876 1562 2931 solis
1588 2883 1767 2929 autem
1816 2875 1947 2932 viris

368 2975 651 3046 perlectis,
678 2974 773 3045 qui
797 2972 1079 3028 recondita
1097 2980 1151 3026 et
1172 2985 1376 3025 arcana
1401 2970 1683 3040 percipere
1706 2969 1945 3032 valeant,

367 3076 422 3122 et
445 3065 816 3132 spiritualiter
846 3063 1153 3134 intelligere
1180 3078 1301 3132 quae
1330 3060 1536 3130 scripta
1566 3051 1720 3125 sunt,
1767 3061 1949 3130 legen-

368 3160 500 3215 dum
537 3158 800 3228 praebent.
846 3155 1060 3210 Omissa
1106 3154 1274 3224 igitur
1318 3152 1715 3223 disputatione,
1762 3159 1943 3205 utrum

372 3251 694 3320 prophetice
739 3246 984 3318 scriptus
1015 3246 1111 3310 sit,
1145 3260 1214 3299 an
1250 3258 1371 3315 quae
1423 3257 1453 3297 a
1496 3251 1648 3313 patre
1677 3241 1946 3298 didicerat

372 3339 615 3404 Salonio,
661 3350 726 3392 ca
766 3336 1072 3390 litterarum
1103 3330 1476 3387 monumentis
1523 3330 1816 3396 mandarit,
1847 3345 1944 3384 ex-

373 3428 705 3499 positionem
740 3423 1171 3497 aggrediamur:
1220 3419 1324 3473 boc
1368 3433 1538 3471 unum
1583 3433 1611 3469 a
1648 3417 1947 3471 lectoribus

377 3519 740 3590 postulantes,
772 3531 840 3571 ne
882 3514 1010 3567 l'urti
1040 3526 1140 3566 nos
1172 3509 1518 3573 insimulent,
1569 3509 1678 3578 20
1717 3508 1761 3562 si
1792 3507 1943 3577 quid.

369 3612 517 3680 quod
553 3628 580 3663 a
614 3608 864 3678 patribus
883 3605 1092 3658 dictum
1130 3602 1225 3666 sit,
1293 3601 1348 3654 in
1402 3600 1491 3655 his
1530 3600 1947 3654 cenimentariis

373 3700 719 3755 oﬂcuderiut.
757 3694 1016 3749 Fateatur
1077 3693 1220 3747 enim
1252 3701 1307 3746 et
1355 3705 1457 3746 nos
1495 3690 1565 3744 ab
1620 3689 1727 3745 illis
1758 3690 1946 3760 expla-

374 3790 622 3847 nationis
672 3787 1019 3843 occasionem
1079 3783 1381 3853 accepisse.
1445 3780 1560 3837 lloc
1609 3795 1791 3836 autem
1836 3796 1946 3836 non

376 3888 580 3939 l’urtum
634 3878 900 3950 appellari
959 3876 1141 3942 debet,
1190 3875 1289 3931 sed
1346 3882 1572 3944 paterna
1630 3874 1942 3929 lizereditas.

372 3978 694 4044 Quanquam
721 3971 787 4026 ad
826 3970 940 4035 illa,
982 3983 1104 4039 qua:
1146 3967 1214 4021 ab
1242 3967 1324 4023 eis
1366 3967 1701 4047 accepimus,
1750 3966 1947 4034 adjun-

372 4069 552 4120 ximus
585 4077 707 4133 qua:
730 4069 919 4116 nostra
961 4067 1112 4116 sunt.
1146 4056 1210 4112 Et
1246 4058 1391 4127 quod
1430 4059 1596 4113 latius
1646 4073 1677 4110 a
1710 4060 1945 4129 quibus-

370 4158 495 4212 dam
526 4156 859 4225 explicatum
888 4163 992 4217 est,
1018 4167 1117 4207 nos
1137 4151 1554 4207 contraximus:
1582 4150 1730 4221 quod
1765 4159 1946 4205 autem

371 4247 721 4314 diligentiam
752 4245 1087 4315 requirebat,
1118 4242 1499 4297 dilatavimus.
1529 4241 1795 4297 Laborem
1847 4242 1946 4297 de-

372 4336 540 4405 nique
584 4334 956 4403 suscepimus,
1009 4331 1327 4394 lectoribus,
1378 4340 1435 4384 ut
1476 4332 1738 4397 arbitror,
1801 4331 1945 4385 haud

2054 1870 2521 1941 ἐπαγγειλάμενον
2551 1870 2751 1939 ἀγαθά.
2784 1871 2882 1925 Διὰ
2914 1870 3074 1925 τοῦτο
3106 1874 3200 1926 καὶ
3224 1874 3406 1945 τρίτον
3471 1873 3631 1925 τέτα-

2055 1979 2181 2015 κται
2206 1961 2267 2015 τὸ
2290 1962 2493 2031 βιϐλίον
2509 1964 2665 2017 τοῦτο
2682 1979 2693 1989 ⁸
2718 1963 2803 2017 ἵνα
2824 1963 2929 2035 ὁδῷ
2960 1980 3045 2028 τις
3077 1963 3306 2035 βαδίζων
3339 1965 3430 2018 ἐπὶ
3458 1964 3522 2018 τὸ
3546 1964 3633 2018 τέ-

2051 2055 2195 2108 λειον
2229 2054 2392 2109 ἔλθοι.
2444 2055 2713 2126 Ἠγοῦμαι
2740 2056 2795 2109 δέ
2834 2056 2926 2110 τὸν
2971 2057 3137 2127 σοφὸν
3168 2057 3490 2127 Σολομῶντα
3528 2058 3634 2111 ὑπῦ

2050 2146 2144 2200 τοῦ
2177 2146 2405 2218 πατρὸς,
2454 2147 2548 2201 ᾶτε
2590 2147 2654 2219 δὴ
2694 2150 2972 2222 προφήτου
3008 2150 3099 2204 καὶ
3139 2150 3377 2221 μεγάλου
3417 2151 3632 2221 προφή-

2050 2257 2166 2300 του,
2229 2240 2611 2310 δεδιδαγμένον
2660 2241 2831 2296 ταῦτα
2882 2242 3342 2314 συγγεγραφέναι.
3392 2244 3632 2296 Ἤκουσε

2050 2330 2160 2400 γὰρ
2183 2328 2348 2382 αὐτοῦ
2385 2328 2604 2392 πάντως
2642 2329 2892 2402 ᾅδοντος·
2942 2350 2960 2383 t
2993 2332 3247 2403 Παρέστη
3283 2333 3315 2402 ἡ
3344 2329 3633 2401 βασίλισσα

2051 2419 2115 2471 ἐκ
2137 2415 2325 2482 δεξιῶν
2356 2434 2472 2481 σου,
2490 2420 2546 2470 ἐν
2572 2419 2852 2492 ἱματισμῷ
2867 2420 3144 2493 διαχρύσῳ
3166 2439 3232 2475 πε
3242 2420 3459 2492 ρισεὸλη
3470 2421 3629 2492 μένη,

2053 2510 2469 2581 πεποικιλμένη.
2507 2528 2524 2562 ι
2568 2512 2679 2564 Καὶ
2720 2512 2911 2566 πάλιν·
2969 2532 2988 2564 ι
3032 2513 3332 2579 Ἄκουσον,
3369 2512 3630 2584 θύγατερ,

2050 2602 2145 2654 καὶ
2178 2602 2274 2668 ἴδε,
2324 2602 2418 2655 καὶ
2469 2603 2648 2656 κλῖνον
2685 2603 2747 2657 τὸ
2783 2600 2877 2668 οὖς
2920 2620 3038 2672 σου,
3094 2605 3187 2658 καὶ
3227 2604 3487 2659 ἐπιλάθου
3535 2602 3630 2657 τοῦ

2050 2693 2180 2747 λαοῦ
2217 2711 2334 2759 σου,
2362 2695 2457 2748 καὶ
2484 2694 2579 2748 τοῦ
2606 2694 2756 2748 οἴκου
2788 2694 2880 2748 τοῦ
2904 2695 3111 2767 πατρὸς
3145 2713 3261 2757 σου,
3313 2695 3408 2749 καὶ
3440 2697 3635 2749 ἐπιθυσ-

2053 2786 2216 2857 μήσει
2246 2787 2274 2839 ὁ
2298 2784 2551 2855 βασιλεὺς
2579 2787 2672 2840 τοῦ
2696 2786 2922 2851 κάλλους
2939 2805 3053 2851 σου,
3081 2788 3162 2841 ὅτι
3183 2787 3488 2851 αὐτός’ἐστι
3512 2787 3633 2841 Κύ-

2052 2878 2168 2950 ριός
2198 2896 2312 2933 σου.
2360 2899 2380 2931 ι
2432 2878 2648 2950 Ἀμέλει
2679 2882 2792 2944 τοῖς
2829 2880 3155 2952 μειρακίοις,
3189 2881 3420 2943 καὶτοῖς
3446 2880 3634 2933 ἀτελέ-

2051 2986 2135 3025 σιν
2167 2970 2248 3024 ἐτι
2298 2970 2398 3043 τὴν
2447 2970 2699 3041 ἠλικίαν,
2748 2971 2848 3024 οὐκ
2895 2972 3283 3042 ἐπιτρέπουσιν
3331 2972 3496 3025 αὐτοῦ
3529 2973 3632 3043 τὴν

2050 3062 2385 3130 ἀνάγνωσιν·
2435 3062 2617 3133 μόνοις
2643 3062 2698 3116 δὲ
2728 3065 2842 3126 τοῖς
2886 3065 2965 3126 εἰς
3008 3062 3207 3133 ἄνδρας
3238 3061 3506 3127 τελοῦσιν,
3534 3064 3630 3116 καὶ

2052 3153 2290 3206 συνιέναι
2331 3151 2654 3224 δυναμένοις
2683 3154 2752 3206 τὰ
2788 3154 3166 3222 κεκρυμμένα,
3200 3153 3295 3207 καί⁸
3328 3171 3632 3223 πνευματι-

2052 3244 2166 3308 κῶς
2193 3244 2386 3314 νοῆσαι
2413 3244 2481 3298 τὰ
2510 3244 2894 3315 γεγραμμένα,
2939 3243 3336 3311 ἀναγινώσκειν
3377 3243 3633 3296 κελεύου-

2053 3354 2157 3389 σιν.
2197 3337 2406 3389 υύκοῦν
2445 3336 2786 3406 παυσάμενοι
2812 3337 2907 3388 τοῦ
2936 3335 3286 3405 ζυγομαχεῖν,
3338 3335 3451 3388 εἴτε
3492 3352 3631 3407 προ-

2051 3425 2297 3497 φητικῶς
2326 3427 2747 3497 συγγέγραπται
2781 3426 2842 3479 τὺ
2877 3426 3102 3495 βιϐλίον,
3143 3427 3252 3479 εἴτε
3293 3425 3632 3496 μεμαθηκὼς

2050 3515 2201 3586 παρὰ
2247 3514 2342 3568 τοῦ
2384 3516 2609 3586 πατρὸς,
2643 3514 2679 3569 ἃ
2725 3515 2970 3585 ἐδιδάχθη
3007 3515 3270 3580 διδάσκει,
3305 3515 3408 3584 τῆς
3449 3516 3631 3584 ἐρμη-

2049 3605 2198 3670 νείας
2228 3604 2525 3676 ἁψώμεθαο
2556 3603 2811 3659 τοσοῦτον
2844 3607 2969 3670 τοὺς
3001 3604 3417 3676 ἐντευξομένους
3448 3620 3631 3674 παρα-

2050 3698 2399 3763 καλέσαντες,
2442 3698 2516 3770 μὴ
2544 3697 2750 3769 κλοπὴν
2792 3699 2947 3769 ἡμῶν
2975 3699 3323 3768 κατηγορεῖν,
3349 3696 3403 3750 ετ
3430 3715 3482 3751 τι
3515 3699 3630 3759 τοῖς

2051 3790 2324 3860 πατράσιν
2352 3790 2644 3861 εἰρημένον
2667 3790 2726 3841 ἐν
2747 3793 2865 3853 ταῖς
2895 3789 3189 3860 ἡμετέραις
3220 3788 3431 3859 εὕροιεν
3455 3786 3629 3859 έρμη-
3664 3815 3670 3821 ~

2049 3882 2242 3946 νείαις.
2302 3880 2703 3952 Ὀμολογοῦμεν
2753 3880 2861 3951 γὰρ
2908 3881 3000 3933 καί
3036 3881 3197 3950 ἡμεῖς
3239 3880 3370 3950 παρ’
3405 3877 3629 3932 ἐκείνων

2049 3972 2147 4035 τὰς
2173 3973 2431 4043 ἀφορμὰς
2465 3971 2758 4041 εὑρηκέναι
2800 3971 2900 4040 τῆς
2940 3968 3268 4037 σαφηνείας·
3305 3968 3419 4021 ἐστι
3462 3966 3522 4021 δέ
3569 3966 3629 4019 τὸ

2046 4060 2286 4114 τοιοῦτον
2332 4062 2393 4114 ού
2439 4059 2635 4131 κλοπὴ,
2670 4059 2803 4113 ἀλλὰ
2847 4058 3183 4131 κληρονομία
3222 4057 3471 4130 πατρῴα.
3512 4056 3628 4110 Kal

2047 4155 2115 4206 τὰ
2152 4152 2248 4223 μὲν
2284 4153 2413 4223 παρ’
2443 4152 2666 4206 ἐκείνων
2697 4151 2980 4222 εἰληφότες
3007 4149 3251 4220 τίθεμεν,
3285 4148 3353 4202 τὰ
3382 4148 3437 4201 δέ
3470 4146 3628 4201 αὐτοὶ

2049 4243 2432 4312 ἐπεξευρόντες
2462 4242 2849 4313 προστίθεμεν.
2884 4242 2990 4296 Καὶ
3014 4241 3084 4295 τὰ
3115 4240 3233 4311 μὲν,
3269 4240 3345 4302 ὡς
3376 4238 3463 4292 διὰ
3485 4237 3614 4290 me.

2049 4350 2172 4398 τους
2210 4334 2477 4405 εἰρημένα
2505 4333 2671 4391 τισὶν.
2708 4332 3080 4403 συντέμνομεν
3100 4349 3116 4363 υ
3156 4330 3223 4384 τὰ
3245 4331 3302 4384 δὲ
3328 4328 3629 4399 ἐπεξεργα-

371 4427 642 4482 inutilem.
674 4424 1186 4492 Quamobrem,eos
1212 4423 1303 4492 qui
1334 4423 1455 4478 sine
1486 4424 1670 4477 labore
1698 4423 1944 4477 laborum

2054 4425 2171 4487 σίας
2215 4424 2444 4494 δεόμενα
2487 4423 2861 4495 διευρύνομεν.
2913 4424 3023 4476 Καὶ
3076 4422 3212 4485 ὅλως
3257 4418 3628 4488 ἀνεδεξάμεθα

374 4525 689 4570 nostrorum
730 4516 973 4571 fructum
1001 4522 1133 4570 sunt
1161 4513 1497 4584 percepturi,
1541 4521 1760 4583 rogatos
1792 4516 1947 4570 volu-

377 4620 520 4669 mus,
550 4612 611 4658 ut
641 4606 802 4660 nobis
837 4620 935 4676 pro
988 4604 1269 4659 laboribus
1301 4603 1507 4659 nostris
1548 4604 1829 4660 orationes
1882 4620 1947 4659 ac

2054 4515 2237 4578 πόνον,
2272 4516 2371 4567 οὐκ
2396 4514 2667 4584 ἄχρηστον
2693 4509 2845 4583 οἶμαι
2870 4517 2980 4577 τοῖς
3001 4511 3403 4582 ἐντευξομένοις
3428 4510 3627 4578 ἐσόμε-

2051 4624 2160 4662 νον.
2197 4605 2288 4659 Aab
2319 4606 2440 4669 τοὺς
2470 4606 2684 4668 ἀπόνως
2717 4607 2844 4669 τοὺς
2874 4606 3177 4676 ἡμετέρους
3205 4601 3629 4673 καρπουμένους

377 4709 571 4764 preces
617 4693 928 4763 impertiant
957 4710 1107 4750 suas.
1144 4693 1301 4762 Quod
1350 4695 1398 4749 si
1455 4694 1639 4749 minus
1688 4704 1947 4749 accurata

2053 4697 2246 4759 πόνους
2291 4697 2738 4766 παρακαλοῦμεν,
2782 4696 2945 4766 εὐχὰς
2992 4697 3121 4766 ἡμῖν
3163 4692 3466 4749 ἀντιδοῦναι
3512 4690 3628 4744 τῶν

377 4783 652 4839 videbitur
677 4778 994 4853 explicatio,
1019 4784 1263 4838 laborem
1286 4784 1478 4848 saltem
1505 4787 1628 4839 boni
1660 4789 1944 4851 consulas,

374 4889 427 4934 et
459 4894 580 4949 qua:
607 4877 805 4934 desunt
835 4879 950 4949 ipse
978 4878 1200 4934 doceas.

2051 4787 2246 4840 πόνων.
2279 4787 2343 4839 Εἰ
2372 4786 2429 4838 δέ
2468 4788 2567 4839 οὐκ
2609 4784 2843 4857 ἀκριϐὴς
2885 4787 2918 4856 ἡ
2967 4784 3232 4856 ἑρμηνεία
3280 4783 3498 4852 φανείη,
3532 4780 3629 4833 τὸν

2050 4878 2180 4948 γοῦν
2214 4879 2372 4932 πόνον
2403 4878 2682 4944 ἀπόδεξαι,
2712 4878 2804 4930 καὶ
2833 4874 2900 4929 τὰ
2926 4876 3184 4931 λείποντα
3211 4874 3420 4939 δίδαξον
3446 4873 3514 4926 ⁵ο.

345 5116 356 5124 .
448 5038 478 5079 ι»
508 5037 650 5093 Psal.
686 5052 844 5101 xuv,
890 5035 974 5089 ιο.
1054 5046 1074 5073 ε
1116 5033 1246 5088 ibid.
1284 5035 1363 5096 ll,
1398 5034 1483 5088 l2.

1684 5191 1917 5248 VARIJE
1958 5188 2365 5247 LECTIONES.

445 5280 490 5315 ι’
516 5281 645 5364 ροιις
676 5282 979 5364 παρόντεν·
1123 5282 1349 5364 δίδαξον.
1383 5279 1587 5364 ιρεοιο
1953 5280 2096 5361 ista
2132 5265 3627 5364 'Esaa.,éeenvawa.raedaesasagsarzzs

378 5350 482 5428 τῶν
504 5337 801 5428 ᾀσμάτων,
814 5353 1132 5428 συλλεγεῖσα
1296 5337 1354 5428 τε
1378 5353 1487 5428 τῶν
1516 5352 1595 5428 εἰς
1622 5337 1778 5428 τούτο
1803 5349 2105 5428 ἐρμηνειῶν
2130 5347 2223 5428 ’ξοῆ
2241 5337 2982 5428 ἇγίοέΓρηγορίραΝύσςῂς.
3004 5337 3100 5396 τοῦ
3123 5339 3278 5428 thyla?

372 5421 467 5474 τοῦ
496 5407 652 5488 ἁγίου
680 5407 952 5492 Μαξίμου.
987 5407 1102 5478 inc.
1146 5422 1362 5492 Ἐπειδὴ
1387 5421 1479 5492 καὶ
1495 5407 1593 5492 τᾲς
1626 5407 1952 5492 ιιαροιμία-ςζ
1982 5419 2105 5492 κ.
2134 5407 2349 5492 [leindg
2366 5407 2809 5492 δοῃύἰίυῇἐτέρα
2836 5407 3282 5492 ἐξμῇγησιςλείςὶτο
3301 5407 3625 5492 ᾋσμτα-τῶν

375 5476 635 5613 ἰαμάτων
667 5476 929 5573 ἐξηγηθέν
951 5476 1101 5561 παρᾶ
1128 5492 1220 5545 τοῦ
1248 5476 1456 5544 Ψελλοῦ
1489 5476 2139 5568 διέστίλξωείπολιτικῶν.
2166 5486 2276 5541 Inc.
2295 5476 2555 5566 'Errsi'ars'p
2589 5486 2647 5538 τὸ
2670 5476 3067 5565 φιλομαθξςξκ.
3097 5480 3147 5535 λ.
3175 5476 3373 5572 Eadem
3396 5483 3623 5573 esstattt

421 5571 566 5613 atme
600 5576 654 5613 ιη
682 5564 920 5613 editione
955 5563 1149 5613 horum
1172 5560 1703 5613 Commentariorum
1728 5573 1850 5613 uua:
1875 5556 2118 5612 Venetus
2145 5572 2288 5610 anno
2322 5556 2480 5613 1575.
2515 5555 2624 5608 ιιι-4
2657 5555 2878 5613 produt,
2908 5560 3202 5613 Interprelc
3231 5547 3388 5600 Petro
3418 5543 3621 5597 hanc.

421 5543 566 5615 aline
600 5561 654 5613 in
682 5543 920 5617 eiliiionc
955 5543 1150 5617 borum
1169 5543 1850 5626 Commentariorumnqna:
1875 5556 2118 5612 Venetiis
2145 5572 2288 5610 anno
2322 5556 2491 5626 1575,
2515 5543 2638 5626 ἱππ-4,
2657 5543 2878 5626 prodiit,
2908 5543 3202 5626 interprete
3231 5547 3388 5626 Petro
3418 5543 3621 5626 Fraus.

378 5613 558 5691 1m;
582 5613 915 5700 interiectis
938 5613 1388 5698 Μρέῇίίιξὶιῖιί(
1419 5627 1702 5700 μΡξεᾹΙὶςιιο
1744 5613 2157 5684 commentariis
2188 5643 2204 5693 ;
2237 5613 2536 5682 necnon'iu
2577 5613 2816 5680 editione
2854 5613 2975 5676 Lat.
3009 5613 3250 5677 omnium
3293 5613 3621 5670 Theodoreti

384 5712 628 5769 operum,
660 5695 779 5769 quae
808 5702 1015 5773 prodiit
1048 5695 1290 5758 Colonia:
1317 5714 1367 5753 a.
1413 5697 1570 5761 1575,
1597 5695 1692 5750 fol.
