3940 6200
368 269 429 336 51
1383 276 1871 355 THEODORETI
1909 274 2247 338 EPISOOPI
2268 273 2630 337 crnsnsrs
2706 263 2708 266 '
3389 318 3391 320 .
3557 261 3629 330 52

363 384 554 441 libenti
583 385 769 441 animo
798 384 1094 443 servirent.
1139 385 1370 450 Idcirco,
1411 404 1431 438 ι
1475 385 1797 452 Exaltabor,
1847 388 1930 443 in-

2039 388 2130 459 ὑφ’
2158 386 2349 443 ἑαυτὸν
2383 387 2698 457 ἐποιήσατο,
2753 385 2848 438 καὶ
2879 383 2978 453 τὴν
3005 381 3112 437 τῶν
3137 379 3362 436 πάντων
3389 377 3626 432 ἑκόντων

359 471 503 541 quit,
545 473 598 526 in
630 474 913 544 gentibus,
949 473 1240 530 exaltabor
1287 474 1340 526 in
1397 481 1562 529 terra.
1606 494 1625 528 ι
1671 475 1934 545 Ejusdem

361 564 583 634 generis
612 573 666 620 et
701 565 835 620 illud
869 573 993 622 est:
1026 585 1044 618 ι
1079 564 1288 621 Omnes
1318 571 1530 633 gentes,
1553 565 1797 635 plaudite
1827 584 1937 622 ma-

360 655 564 710 nibus:
609 655 844 726 jubiiate
886 657 999 712 Deo
1035 671 1164 711 voce
1199 655 1611 713 exsultationis.
1659 658 1932 725 Quoniam

361 745 630 804 Dominus
676 750 959 814 excelsus,
1005 748 1289 812 terribilis,
1332 764 1426 803 rex
1479 765 1714 821 magnus
1770 768 1937 822 super

359 852 578 893 omnem
611 849 812 895 terram
845 851 889 894 ο.
926 859 944 890 ι
989 838 1052 893 Ει
1085 854 1321 896 rursus:
1358 857 1377 891 ι
1413 842 1718 912 Accingere
1752 842 1936 914 gladio

360 939 458 985 tuo
493 947 663 1001 super
689 931 866 986 femur
893 939 1070 997 tuum,
1103 932 1508 1002 potentissime.
1531 932 1726 1005 Specie
1758 943 1850 990 tua
1881 943 1936 991 et

358 1024 774 1093 pulchritudine
803 1033 896 1078 tua
952 1025 1218 1089 intende,
1257 1041 1524 1096 prospere
1564 1028 1822 1098 procede,
1883 1039 1936 1084 et

290 1121 296 1128 ‘
358 1129 527 1185 regna
557 1114 599 1168 ί.
639 1135 658 1168 ι
695 1117 764 1170 Ει
797 1116 969 1172 alibi:
1001 1136 1019 1170 ι
1071 1117 1320 1173 Attollite
1353 1109 1458 1188 23
1486 1127 1674 1189 portas
1702 1128 1934 1186 vestras,

357 1207 657 1278 principes,
679 1217 736 1264 et
755 1209 1068 1275 elevamiui,
1103 1219 1274 1281 portae
1316 1220 1558 1276 teter-me,
1596 1220 1650 1266 et
1685 1212 1936 1267 introibit

356 1312 453 1353 rex
493 1299 705 1369 gloriae,
750 1299 1017 1358 Dominus
1069 1302 1233 1358 fortis
1286 1314 1339 1359 et
1383 1315 1612 1374 potens,
1670 1305 1936 1360 Dominus

354 1390 632 1456 potensin
675 1393 864 1462 praelia
891 1395 939 1448 δ.
974 1413 992 1445 ι
1037 1392 1135 1449 His
1185 1395 1354 1466 igitur
1402 1396 1457 1449 in
1503 1395 1740 1450 canticis
1789 1395 1937 1465 regis

354 1480 646 1536 victoriam
695 1485 980 1540 celebrant
1030 1486 1343 1556 prophetae,
1389 1501 1629 1558 eumque
1679 1487 1937 1543 laudibus

353 1569 617 1636 ederunt,
660 1575 808 1642 quod
858 1575 1109 1644 captivos
1159 1576 1459 1630 vindicarit
1494 1575 1549 1630 in
1601 1576 1932 1631 libertatem.

354 1661 425 1714 At
455 1660 747 1716 Canticum
795 1665 1142 1718 canticorum
1198 1665 1351 1720 illius
1386 1667 1614 1736 nuptias
1647 1667 1934 1734 describit,

2039 479 2336 552 ἀνεδήσατο
2410 477 2709 550 βασιλείαν.
2771 477 2864 531 Διό
2918 492 3118 546 φησιν·
3153 492 3173 525 ι
3229 471 3626 542 ’Υψωθήσομαι

2038 572 2096 624 ὲν
2137 573 2252 635 τοῖς
2277 570 2506 636 ἔθνεσιν,
2554 569 2915 642 ὐψωθήσομαι
2956 569 3014 620 ὲν
3054 568 3122 638 τῇ
3170 567 3264 637 γῇ.
3295 585 3314 617 ι
3367 560 3626 616 Τοιοῦτόν

2038 665 2158 718 ἐστι
2182 663 2278 718 καὶ
2327 663 2421 728 τὸ,
2465 682 2485 715 ι
2528 662 2714 718 Πάντα
2751 663 2820 716 τὰ
2856 661 3020 731 ἔθνη,
3062 658 3370 729 κροτήσατε
3409 656 3623 726 χεῖραςο

2037 757 2343 823 ἀλαλάξατε
2372 756 2451 828 τῷ
2477 757 2595 828 Θεῷ
2618 759 2675 809 έν
2705 757 2856 826 φωνῇ
2887 753 3283 824 ἀγαλλιάσεως,
3319 753 3401 805 ὅτι
3421 749 3627 821 Κύριος

2040 846 2286 917 ὕψιστος,
2333 847 2586 918 φοϐερὸς,
2641 846 2896 918 βασιλεὺς
2954 844 3125 917 μέγας
3171 845 3264 896 ἐπὶ
3297 844 3478 896 πᾶσαν
3527 841 3626 914 τὴν

2039 942 2162 1012 γῆν.
2220 961 2239 994 ι
2279 943 2390 996 Καὶ
2418 942 2612 996 πάλινο
2654 961 2673 994 ι
2711 939 3022 1010 Περίζωσαι
3066 941 3166 1010 τὴν
3210 936 3488 1009 ῥομφαίαν
3529 953 3624 990 σου

2039 1035 2133 1090 ἐπὶ
2161 1035 2254 1088 τὸν
2283 1036 2455 1106 μηρόν
2483 1051 2600 1098 σου,
2630 1035 2844 1088 δυνατὰ
2866 1036 2946 1106 Τῇ
2968 1030 3263 1104 ὡραιότητί
3291 1048 3385 1084 σου
3418 1030 3516 1084 καὶ
3546 1027 3628 1101 τῷ

2040 1126 2226 1179 κάλλει
2259 1144 2352 1180 σου
2387 1125 2619 1179 ἐντεινον
2639 1126 2682 1191 ¹¹¹,
2719 1126 2812 1178 καὶ
2837 1121 3155 1187 κατευοδοῦ,
3184 1120 3278 1173 καὶ
3311 1119 3619 1190 βασίλευε.)

2044 1221 2158 1274 Καὶ
2194 1214 2374 1283 αὖθις·
2412 1219 2652 1290 «Ἀρατε
2683 1216 2880 1280 πύλας,
2909 1216 2958 1268 οἱ
2995 1214 3276 1285 ἄρχοντες,
3313 1211 3489 1281 ὑμῶν,
3528 1210 3626 1264 καὶ

2039 1311 2341 1383 ὲπάρθητε,
2371 1309 2535 1364 πύλαι
2553 1309 2782 1374 αίὼνιοι,
2802 1305 3279 1362 καὶείσελεύσεται
3306 1305 3334 1357 6
3362 1301 3627 1366 Βασιλεὺς

2041 1404 2138 1474 τῆς
2176 1401 2356 1474 δόξης,
2409 1401 2611 1473 Κύριος
2668 1401 2928 1472 κραταιὸς
2971 1397 3067 1452 καὶ
3111 1395 3357 1457 δυνατὸς,
3418 1393 3625 1463 Κύριος

2041 1495 2268 1556 δυνατὸς
2327 1495 2385 1546 ὲν
2439 1493 2681 1564 πολέμῳ.
2722 1511 2740 1544 ι
2795 1489 2884 1544 Ἐν
2938 1488 3038 1561 μὲν
3092 1482 3185 1540 οὖν
3241 1485 3450 1548 τούτοις
3510 1485 3626 1542 τοῖς

2041 1585 2248 1657 ᾄσμασι
2281 1585 2380 1656 τὴν
2409 1583 2568 1655 νίκην
2583 1582 2678 1637 τοῦ
2706 1581 2970 1654 βασιλέως
2998 1581 3046 1633 οἱ
3069 1578 3344 1649 προφῆται
3369 1575 3622 1641 διεξίασι,

2041 1677 2138 1728 καὶ
2177 1675 2270 1727 ἐπὶ
2313 1677 2378 1744 τῇ
2401 1674 2510 1727 τῶν
2552 1671 2912 1744 αἰχμαλώτων
2957 1668 3117 1724 αὑτὸν
3164 1666 3428 1738 ὑμνοῦσιν
3473 1664 3626 1717 ἐλευ-

355 1761 411 1809 et
455 1768 585 1826 erga
635 1769 901 1825 sponsam
955 1771 1199 1812 amorem
1240 1759 1502 1828 explicat.
1544 1779 1562 1810 ι
1597 1757 1870 1829 Sponsam
1910 1780 1929 1812 ι

2038 1764 2216 1837 θερίᾳ.
2257 1766 2331 1819 Τὸ
2352 1743 2408 1818 δὲ
2432 1760 2622 1837 ’ᾼσμα
2654 1743 2770 1817 τῶν
2799 1762 3063 1834 ᾀσμάτων
3109 1758 3202 1812 τὸν
3230 1757 3409 1829 γάμον
3452 1753 3623 1810 αὐτοῦ

356 1853 540 1900 autem
577 1846 818 1916 appellat
849 1861 967 1911 eos,
987 1848 1082 1918 qui
1112 1848 1166 1902 in
1206 1847 1320 1903 illis
1345 1849 1577 1903 canticis
1607 1864 1635 1904 a
1667 1851 1936 1906 servitute

356 1939 574 1993 liberati
615 1948 1148 2004 commemorantur,
1191 1947 1245 1992 et
1291 1938 1604 1992 libertatem
1652 1941 1934 1995 consecuti

354 2032 424 2086 ad
457 2032 603 2102 regis
636 2039 821 2101 partes
849 2046 907 2084 se
935 2031 1350 2101 applicuerunt,
1387 2029 1622 2100 ejusque
1667 2029 1934 2085 beneﬁcia

355 2121 654 2177 immortali
689 2114 958 2177 r’nemoria
989 2122 1445 2192 complectentes,
1478 2137 1848 2193 magnamque
1878 2125 1934 2178 in

355 2215 512 2270 illum
555 2215 1004 2272 benevolentiam
1062 2225 1229 2285 atque
1273 2229 1518 2271 amorem
1562 2217 1933 2282 declarantes,

354 2307 540 2378 ipsum
588 2308 814 2365 assidue
869 2316 1197 2373 sectantur;
1248 2307 1360 2362 imo
1399 2323 1618 2378 quoque
1675 2311 1936 2366 caelestes

354 2407 681 2470 potestates,
708 2415 832 2471 quae
859 2399 992 2455 dum
1013 2407 1309 2470 quaerunt,
1341 2401 1543 2469 ecquis
1583 2402 1656 2455 sit
1696 2401 1803 2456 iste
1840 2417 1934 2458 rex

352 2491 564 2562 gloriae,
606 2493 775 2548 simul
808 2506 934 2548 cum
979 2493 1076 2547 illo
1116 2507 1242 2548 esse
1277 2491 1710 2562 concupiscunt,
1747 2508 1812 2548 ac
1870 2509 1935 2549 ne

350 2586 554 2654 exiguo
578 2584 799 2654 quidem
830 2585 1099 2654 temporis
1133 2592 1414 2640 momento
1437 2585 1505 2638 ab
1525 2599 1616 2650 eo,
1644 2599 1740 2655 per
1765 2600 1930 2656 quem

352 2677 587 2732 salutem
627 2685 984 2748 acceperunt,
1018 2692 1080 2733 se
1101 2677 1344 2750 disjnngi
1379 2677 1686 2748 patiuntur.
1720 2675 1836 2732 Hac
1866 2677 1936 2732 de

351 2784 526 2832 causa
557 2770 853 2827 Canticum
895 2771 1240 2827 canticorum
1277 2771 1370 2826 hic
1401 2771 1543 2826 liber
1578 2770 1931 2837 inscribitur,

351 2863 616 2932 quoniam
672 2863 884 2933 reliqua
940 2863 1157 2917 cantica
1205 2870 1434 2933 propter
1485 2862 1593 2917 hoc
1635 2861 1932 2917 Canticum

351 2953 500 3008 facta
549 2962 703 3020 sunt,
741 2962 798 3009 et
847 2955 914 3009 ad
958 2954 1066 3009 hoc
1110 2955 1199 3009 illa
1241 2953 1580 3024 perducunt.
1628 2952 1744 3009 Hoc
1783 2954 1931 3010 enim

347 3050 436 3099 est
487 3043 759 3099 bonorum
810 3052 1002 3115 caput,
1043 3043 1246 3100 divina:
1279 3045 1641 3115 benignitatis
1689 3060 1927 3113 summa,
1957 3084 1999 3142 C

349 3131 650 3190 ineﬂ‘abilis
698 3135 942 3200 bonitas,
983 3134 1330 3191 incredibilis
1373 3134 1785 3198 misericordia,
1823 3135 1931 3189 im-

351 3239 541 3281 mensa
595 3225 930 3291 clementia,
982 3225 1373 3281 inenarrabilis
1429 3225 1719 3289 charitas,
1783 3225 1932 3296 quod

348 3324 546 3372 auctor
567 3318 708 3388 ipse,
733 3326 788 3374 et
818 3317 1072 3380 etlector,
1096 3326 1152 3374 et
1173 3325 1527 3389 procreator,
1553 3324 1608 3372 et
1643 3316 1928 3380 Dominus,

347 3417 403 3464 et
445 3407 634 3476 Deus,
685 3419 741 3464 et
773 3409 1073 3480 princeps,
1122 3415 1179 3463 et
1224 3408 1322 3479 qui
1387 3423 1606 3478 semper
1640 3408 1782 3462 idem
1819 3417 1928 3473 est,

348 3505 555 3558 luteum
580 3503 686 3558 hoc
715 3502 942 3567 animal,
977 3502 1334 3573 passionibus
1357 3500 1691 3565 obnoxium,
1719 3512 1775 3555 et
1802 3515 1925 3555 cor-

345 3596 636 3667 ruptibile,
656 3604 713 3651 et
745 3597 1048 3664 ingratum,
1076 3602 1246 3663 atque
1286 3593 1503 3658 inutile,
1536 3608 1647 3648 nou
1683 3595 1863 3649 solum
1899 3610 1928 3648 a

346 3695 528 3743 morte
557 3694 613 3743 et
649 3688 920 3742 servitute
965 3684 1244 3740 diabolica
1292 3685 1584 3755 eripuerit,
1621 3685 1717 3740 sed
1762 3686 1926 3740 etiam

347 3776 666 3835 libertatem
699 3779 778 3832 illi
814 3779 1050 3850 largitus
1082 3770 1268 3838 sitfut
1300 3794 1410 3832 non
1441 3779 1625 3834 solum
1649 3793 1756 3833 nos
1795 3779 1931 3833 libe-

348 3885 444 3925 ros
476 3870 853 3934 constituerit,
881 3869 977 3925 sed
1008 3869 1063 3923 in
1095 3869 1238 3925 ﬁlios
1278 3885 1506 3940 quoque
1539 3870 1924 3940 adeptaverit:

349 3977 530 4033 neque
570 3961 749 4016 solum
775 3961 1036 4015 tribuerit
1078 3961 1396 4031 adoptionis
1432 3961 1540 4034 24
1569 3977 1794 4028 munus,
1832 3978 1926 4018 ve-

347 4070 471 4109 rum
498 4055 666 4108 etiam
712 4067 976 4124 sponsam
1003 4061 1058 4108 et
1095 4054 1310 4108 vocarit
1350 4062 1408 4109 et
1449 4053 1662 4117 fecerit,
1701 4054 1926 4110 eodem-

348 4163 459 4218 que
501 4145 666 4201 modo
690 4162 800 4217 quo
828 4161 1072 4215 sponsus
1108 4161 1234 4200 cum
1272 4161 1337 4201 ea
1367 4146 1652 4200 connubio
1694 4145 1926 4214 junctus

349 4239 539 4304 fuerit,
566 4252 731 4310 atque
755 4239 1184 4294 innumerabilia
1209 4239 1353 4292 dona
1378 4239 1662 4310 sponsalia
1688 4238 1925 4304 dederit,

344 4339 401 4388 et
430 4331 636 4394 cubile,
675 4339 732 4386 et
770 4331 1075 4385 thalamum
1124 4329 1432 4395 adornarit,
1490 4338 1546 4385 et
1581 4331 1786 4384 nudam
1837 4331 1926 4385 in-

2033 1857 2345 1928 διαγράφει,
2374 1857 2473 1911 καὶ
2517 1857 2610 1911 τὸν
2644 1856 2772 1926 περὶ
2799 1855 2899 1925 τὴν
2928 1853 3148 1924 νύμφην
3189 1850 3368 1923 ἔρωτα
3399 1846 3624 1918 διαγρά-

2035 1965 2216 2018 φεται.
2253 1967 2270 1998 ι
2319 1947 2559 2018 Νύμφην
2593 1967 2611 1998 ι
2640 1947 2699 2000 δὲ
2732 1943 3130 2018 προσαγορεύει
3157 1943 3283 2005 τοὺς
3306 1943 3362 1993 ὲν
3391 1939 3622 2002 ἐκείνοις

2033 2044 2147 2106 τοῖς
2193 2041 2402 2113 ᾄσμασι
2463 2042 2564 2112 τῆς
2616 2037 2998 2109 αἰχμαλωσίας
3054 2033 3496 2101 ἀπαλλαγέντας,
3525 2028 3622 2084 καὶ

2033 2134 2133 2204 τῆς
2184 2132 2500 2202 ἐλευθερίας
2538 2130 2928 2202 τετυχηκότας,
2961 2129 3054 2182 καὶ
3092 2123 3622 2198 προσοικειωθέντας

2033 2225 2112 2297 τῷ
2143 2226 2375 2296 βασιλεῖ,
2406 2225 2498 2280 καὶ
2527 2225 2759 2294 ἄληστον
2783 2222 2892 2277 τῶν
2919 2221 3250 2293 εὐεργεσιῶν
3273 2218 3371 2291 τὴν
3401 2217 3622 2288 μνήμην

2034 2318 2356 2388 ἐσχηκότας,
2394 2317 2486 2370 καὶ
2509 2315 2709 2386 πολλὴν
2732 2314 2862 2386 περὶ
2907 2314 3071 2367 αὐτὸν
3101 2311 3315 2366 εὔνοιαν
3336 2310 3431 2364 καὶ
3461 2325 3622 2379 στορ-

2033 2409 2135 2480 γὴν
2167 2407 2668 2478 ἐπιδεικνυμένους,
2707 2407 2799 2460 καὶ
2835 2406 3102 2475 διηνεκῶς
3130 2403 3280 2474 αύτῷ
3299 2401 3620 2472 ἑπομένους

2033 2497 2176 2568 εἶτα,
2202 2500 2311 2553 τῶν
2345 2500 2458 2554 ἄνω
2487 2499 2771 2570 δυνάμεων
2807 2495 3282 2567 πυνθανομένων,ι
3295 2493 3389 2557 Τίς
3415 2495 3564 2544 ἐστιν
3593 2492 3621 2544 6

2036 2592 2290 2665 βασιλεὺς
2320 2591 2480 2662 δόξης
2514 2592 2570 2658 9;
2605 2609 2624 2642 ι
2656 2591 2896 2643 συνεῖναι
2932 2586 3336 2659 ίμειρομένους,
3375 2582 3470 2637 καὶ
3500 2579 3620 2634 οὐδὲ

2033 2685 2174 2756 πρὸς
2201 2685 2377 2754 βραχὺ
2407 2682 2598 2754 μόριον
2629 2681 2843 2753 ἡμέρας
2871 2680 3209 2752 χωρισθῆναι
3254 2675 3348 2730 τοῦ
3379 2673 3618 2729 σεσωκό-

2034 2793 2126 2840 τος
2156 2775 2539 2844 ἀνεχομένους.
2568 2773 2774 2827 Τούτου
2813 2773 2970 2843 χάριν
3001 2766 3190 2842 τᾼσμα.
3217 2768 3329 2823 τῶν
3359 2769 3402 2800 ¹⁰
3430 2767 3616 2839 ᾀσμάο

2032 2883 2143 2920 των
2169 2868 2413 2920 καλεῖται
2436 2863 2598 2918 τοῦτο
2631 2862 2692 2916 τὸ
2731 2861 2958 2933 βιϐλίον,
3007 2859 3367 2930 σημαίνοντος
3404 2855 3501 2910 τοῦ
3531 2855 3612 2909 λὸ·

2035 2974 2155 3027 γου,
2193 2956 2270 3022 ὡς
2297 2957 2481 3010 ἐκεῖνα
2519 2956 2588 3009 τὰ
2612 2953 2834 3025 ᾅσματα
2865 2952 2952 3005 διὰ
2985 2949 3143 3004 τοῦτο
3184 2949 3246 3002 τὸ
3276 2943 3430 3019 ᾆσμα
3466 2944 3624 3014 γεγέ-

2033 3067 2215 3118 νηται,
2248 3051 2471 3103 κάκεῖνα
2493 3048 2630 3117 πρὸς
2657 3045 2816 3099 τοῦτο
2847 3043 2972 3111 ἄγει
3007 3043 3072 3095 ¹¹.
3108 3060 3126 3092 ι
3158 3040 3330 3094 Τοῦτο
3355 3039 3466 3110 γάρ
3503 3039 3616 3090 ἐστι

2031 3143 2092 3197 τὸ
2113 3141 2408 3211 κεφάλαιον
2428 3138 2538 3192 τῶν
2562 3135 2806 3206 ἀγαθῶν,
2833 3135 2928 3189 καὶ
2959 3136 3000 3166 ¹²
3031 3133 3178 3197 θείας
3211 3129 3617 3201 φιλανθρωπίας

2031 3232 2060 3283 6
2083 3227 2348 3297 κολοφὼν,
2376 3231 2409 3298 ἡ
2435 3227 2676 3300 ἄρῤητος
2701 3223 2999 3292 ἀγαθότης,
3029 3224 3059 3274 6
3103 3222 3414 3292 ἀμέτρητος
3445 3218 3618 3282 ἔλεος,

2031 3320 2060 3372 ὀ
2085 3319 2434 3388 ἀστάθμητος
2463 3314 2666 3380 οἶκτος,
2698 3317 2732 3385 ἡ
2769 3315 3046 3385 ἄφραστος
3085 3312 3298 3383 ἀγάπη,
3335 3310 3396 3365 τὸ
3423 3311 3615 3381 ἀνέχευ

2033 3411 2157 3463 σθαι
2182 3411 2272 3462 τὸν
2299 3407 2550 3476 ποιητὴν,
2579 3406 2674 3460 xui
2711 3406 2980 3476 πλάστην,
3011 3405 3107 3458 καὶ
3135 3401 3490 3474 δοημιουργὺν,
3524 3405 3617 3458 καὶ

2031 3495 2257 3567 Κύριον,
2286 3498 2380 3549 καὶ
2420 3494 2575 3562 Θεὸν,
2606 3495 2702 3548 καὶ
2743 3495 3042 3563 Δεσπότην,
3087 3493 3182 3548 xui.
3226 3495 3315 3546 usi
3354 3491 3616 3554 ὡσαύτως

2031 3587 2241 3658 ἔχοντα,
2275 3586 2338 3639 τὸ
2376 3586 2601 3656 πήλινον
2639 3585 2684 3615 ⁸³
2706 3583 2867 3637 τοῦτο
2892 3583 3051 3648 ζῶον,
3082 3584 3178 3638 καὶ
3221 3582 3488 3653 παθητὸν,
3513 3580 3610 3635 καὶ

2032 3680 2293 3750 φθαρτὸν,
2313 3679 2406 3731 xui.
2426 3678 2710 3748 ἀγνῶμον,
2724 3677 2819 3730 καὶ
2835 3677 3132 3749 ἄχρηστον,
3162 3674 3238 3746 μὴ
3262 3675 3422 3746 μόνον
3440 3674 3611 3728 ἀπαλ-

2029 3775 2188 3839 λάξαι
2220 3773 2475 3838 θανάτου,
2511 3771 2606 3824 xui.
2643 3770 2957 3841 διαϐολικῆς
2982 3769 3322 3840 τυραννίδος,
3356 3766 3493 3820 ἀλλά
3522 3765 3611 3820 καὶ

2027 3863 2342 3934 ἐλευθερίαν
2379 3861 2750 3933 δωρήσασθαι,
2808 3861 2902 3914 καὶ
2945 3859 3022 3931 μὴ
3084 3859 3242 3930 μόνον
3299 3857 3615 3929 ἐλευθέρους

2029 3955 2329 4024 ἀποφῆναι,
2369 3953 2505 4008 ἀλλὰ
2531 3953 2624 4006 καὶ
2655 3954 2803 4016 υἱοὺς
2838 3952 3176 4022 καταστῆσαι
3204 3951 3265 3982 ²⁵ο
3298 3950 3493 4020 καὶμὴ
3523 3949 3611 4018 μό-

2029 4064 2120 4100 νον
2159 4049 2259 4118 τῆς
2286 4045 2562 4108 υἱοθεσίας
2621 4044 2972 4115 δωρήσασθαι
3008 4042 3275 4114 χάρισμα,
3334 4041 3474 4095 ἀλλά
3519 4040 3614 4093 καὶ

2029 4139 2251 4210 νύμφην
2281 4136 2723 4208 προσαγορεῦσαί
2762 4153 2822 4188 τε
2853 4135 2948 4188 καὶ
2971 4135 3218 4204 ποιῆσαι,
3270 4134 3364 4188 καὶ
3391 4132 3614 4203 νυμφίῳ

2029 4231 2433 4303 παραπλησίως
2474 4226 2917 4299 συναρμοσθῆναι
2954 4227 3116 4296 αὐτῇ,
3145 4226 3239 4280 xui.
3276 4225 3401 4278 ἕδνα
3444 4223 3614 4294 μυρία

2028 4327 2442 4398 προσενεγκεῖν,
2469 4322 2564 4376 καὶ
2597 4320 2861 4391 νυμφῶνα
2916 4320 3012 4373 καὶ
3037 4319 3275 4390 θάλαμον
3310 4333 3613 4389 προευτρε-

345 4424 552 4487 duerit,
583 4433 638 4478 et
682 4423 926 4493 denique
959 4420 1140 4476 factus
1168 4421 1288 4491 ipse
1321 4422 1394 4476 sit
1435 4436 1656 4491 sponsa:
1685 4429 1740 4476 et
1784 4421 1924 4475 ami-

2034 4420 2213 4473 rtiaut'
2251 4417 2344 4470 xui
2384 4413 2600 4485 γυμνὴν
2653 4408 2819 4466 οὖσαν
2872 4411 3168 4482 ἀμφιάσαι,
3219 4411 3312 4464 καὶ
3356 4407 3614 4478 γενέσθαι

346 4524 490 4577 ctus,
525 4526 577 4570 ct
601 4515 779 4579 cibus,
808 4524 864 4569 et
897 4522 1082 4585 potus,
1112 4524 1166 4568 et
1195 4513 1308 4579 via,
1344 4523 1400 4568 et
1429 4524 1670 4573 scutum.
1703 4521 1756 4568 et
1786 4513 1920 4573 vita,

345 4611 400 4660 et
427 4603 544 4670 lux,
580 4614 634 4658 et
671 4607 1030 4661 resurrectio.
1067 4604 1172 4661 Sed
1213 4620 1316 4676 ego
1347 4620 1592 4671 arenam,
1639 4614 1689 4659 et
1727 4603 1926 4674 pluviae

347 4703 534 4767 guttas
567 4711 894 4751 enumerare
927 4699 1233 4761 contendo,
1261 4705 1318 4752 et
1347 4696 1550 4768 cyatho
1574 4711 1725 4750 mare
1751 4695 1926 4750 dime-

349 4788 464 4851 tiri,
505 4786 601 4855 qui
638 4786 838 4841 divinm
869 4789 1235 4846 humanitatis
1268 4789 1706 4858 magnitudinem
1739 4786 1924 4843 verbis

277 4942 281 4949 ᾖ
347 4893 520 4932 conor
546 4876 846 4948 explicare.
881 4877 1176 4931 Canticum
1228 4880 1395 4948 igitur
1427 4880 1778 4934 canticorum
1831 4878 1922 4932 hic

235 5005 258 5028 .
347 4969 486 5024 liber
521 4968 872 5030 inscribitur,
920 4976 1214 5038 prepterea
1249 4970 1396 5039 quod
1430 4972 1642 5041 majora
1680 4971 1772 5026 Dei
1817 4973 1920 5027 bo-

340 5059 539 5115 nitatis
590 5072 793 5128 genera
839 5073 948 5112 nos
993 5057 1190 5112 edocet
1216 5065 1272 5112 et
1329 5061 1568 5115 maxime
1637 5060 1919 5115 recondita

2033 4513 2172 4580 αὐτῇ
2201 4507 2567 4577 περιϐόλαιον,
2614 4505 2706 4558 καὶ
2739 4502 2961 4574 τροφὴν,
3005 4502 3098 4556 καὶ
3134 4501 3305 4571 πόμα,
3345 4500 3439 4554 καὶ
3469 4499 3611 4564 ὁδὸν,

2033 4604 2130 4656 καὶ
2155 4599 2366 4670 θυρεὸν,
2391 4597 2484 4650 καὶ
2515 4595 2684 4665 ζωὴν,
2719 4595 2812 4647 καὶ
2835 4592 2969 4663 φῶς,
2993 4593 3087 4648 καὶ
3115 4591 3428 4646 ἀνάστασιν.
3448 4588 3613 4644 Ἀλλὰ

2033 4693 2143 4764 γὰρ
2173 4687 2462 4761 φιλονεικῶ
2488 4687 2717 4756 ψάμμον
2751 4684 3027 4756 ἀριθμεῖν,
3056 4683 3090 4754 ἢ
3121 4680 3278 4736 ὑετοῦ
3318 4679 3610 4747 σταγόνας,

2033 4786 2066 4856 ἢ
2096 4785 2194 4855 τὴν
2222 4783 2494 4836 θάλασσαν
2528 4779 2714 4847 κυάθῳ
2741 4777 2785 4809 ’⁵
2829 4779 3066 4847 μετρεῖν,
3097 4777 3196 4846 τῆς
3233 4774 3383 4837 θείας
3416 4771 3609 4841 φιλαν-

2033 4876 2281 4947 θρωπίας
2311 4873 2596 4943 ἐφικέσθαι
2639 4871 2782 4939 λόγῳ
2810 4868 3046 4939 τολμῶν.
3078 4867 3177 4920 Διά
3219 4866 3378 4920 τοῦτο
3428 4865 3610 4919 τοίνυν

2030 4959 2223 5035 τᾼσμα
2251 4960 2360 5014 τῶν
2414 4961 2458 4992 ¹⁶
2492 4958 2756 5030 ᾀσμάτων
2789 4956 3254 5027 προσαγορεύεται
3277 4955 3338 5009 τδ
3379 4955 3605 5025 βιὸλίον,

2027 5057 2102 5120 ὼς
2125 5055 2194 5110 τὰ
2235 5054 2406 5124 μείζω
2432 5051 2527 5106 τοῦ
2567 5053 2607 5082 ⁸⁷
2659 5047 2795 5102 Θεοῦ
2840 5049 3174 5122 ἀγαθότητος
3205 5049 3317 5122 είδη
3357 5048 3606 5102 διδάσκον

421 5276 444 5304 ο
484 5265 628 5321 Psal.
665 5281 808 5330 xcvr,
833 5265 888 5329 2,
921 5267 974 5320 5.
1057 5265 1076 5303 ί
1115 5264 1259 5320 Psal.
1297 5281 1440 5332 κων,
1472 5267 1538 5329 .i,
1575 5267 1627 5319 5.
1711 5269 1736 5306 ε
1771 5265 1914 5320 Psal.

2034 5280 2106 5331 ut,
2150 5264 2201 5327 7,
2240 5264 2293 5316 8.

1632 5440 1865 5494 VARIAS
1900 5441 2302 5499 LECTIONES.

417 5554 440 5586 ⁸
463 5554 712 5608 έντεινον.
740 5553 865 5607 cod.
897 5567 1083 5618 prmm.
1115 5552 1228 5605 καί.
1263 5553 1410 5608 cont.
1435 5562 1474 5607 t.
1504 5552 1545 5616 l,
1579 5569 1632 5622 p.
1672 5551 1798 5606 889.

349 5625 474 5679 eod.
500 5625 668 5692 λέγει.
747 5624 790 5656 η
819 5625 931 5678 καί.
960 5622 1083 5676 cod.
1118 5622 1251 5692 τῆς,
1345 5622 1388 5653 ⁸³
1411 5624 1534 5676 cod.
1570 5623 1781 5690 πήλιον.

1897 5553 1918 5623 9
1954 5551 2129 5622 δόξης.
2163 5553 2288 5608 cod.
2317 5567 2502 5622 prtem.
2528 5551 2681 5623 τῆς.»
2716 5551 2759 5583 ⁸ο
2780 5550 2891 5623 τῶν
2950 5551 3158 5623 abesta
3181 5546 3303 5601 cod.
3383 5547 3422 5578 “
3455 5546 3599 5623 άγει.

1882 5622 1924 5654 ίδ
1951 5615 2113 5694 καῖ-ὲ
2134 5615 2472 5694 καταστῆσαι
2508 5615 2625 5678 dcs.
2670 5621 2723 5677 in
2790 5620 2912 5678 cod.
2980 5621 3022 5653 ³⁵
3049 5619 3273 5690 ψάμμον
3297 5647 3364 5659 -κ-
3393 5615 3599 5685 κυάθῳ.

355 5695 474 5748 des.
505 5690 711 5750 in‘cod.
791 5695 834 5726 ¹⁶
861 5693 971 5748 τῶν
997 5693 1114 5750 des.
1147 5691 1278 5747 ibid.
1343 5693 1380 5724 ³⁷
1413 5692 1526 5746 τοῦ.
1560 5692 1682 5750 cod.
1710 5707 1893 5764 praem.
1922 5690 2040 5763 τῆς.
