3940 6200
445 309 515 379 55
1471 302 1962 364 THEODORETI
1987 302 2325 387 EPISCQPI
2352 308 2716 372 CYRENSIS
3628 319 3693 386 55

446 425 722 481 tecturum
742 433 889 476 esse.
909 417 1108 485 Nescio
1127 430 1224 472 cur
1248 412 1488 481 differat,
1511 427 1611 466 cur
1636 426 1723 465 me
1745 409 2019 466 desiderio

2127 413 2482 470 ἐπιτελέσειν.
2528 418 2645 473 Οὐκ
2675 416 2793 474 οἴδα
2816 420 2872 474 δέ
2894 421 3010 476 ἀνθ’
3047 417 3106 478 οὗ
3128 423 3174 456 ’³
3227 424 3432 496 μέλλει,
3467 427 3560 480 καὶ
3601 445 3692 482 πε.

447 518 731 572 ardentem
752 511 1047 581 despiciat.
1068 509 1213 562 Dixit
1228 506 1361 571 mihi
1380 519 1476 575 per
1491 502 1687 557 Oscam
1707 520 1719 556 :
1741 520 1760 552 ι
1784 501 2019 571 Despon—

450 611 582 664 saLo
622 613 677 658 te
710 604 843 658 mihi
872 604 923 657 in
957 600 1189 672 iustitia,
1218 605 1274 653 et
1304 596 1359 649 in
1382 594 1614 664 judicio,
1639 601 1692 649 et
1717 595 1771 648 in
1799 593 2018 647 miseri-

455 697 658 758 cordia,
684 704 739 751 et
772 695 827 748 in
864 689 1348 747 miserationibus:
1371 685 1788 755 etdespousabo
1812 694 1862 739 te
1887 684 2018 738 mihi

451 803 507 841 In
537 788 664 853 ﬁde,
700 796 753 842 et
791 798 1090 856 cognosces
1121 779 1412 834 Dominum
1443 788 1490 834 J.
1533 796 1552 829 ι
1585 777 1729 831 Dixit
1764 776 1896 829 mihi
1925 791 2021 846 per

454 879 652 934 Isaiam
679 896 692 931 :
734 897 752 929 ι
784 876 1015 938 Latare,
1038 873 1262 938 sterilis,
1294 886 1416 942 quas
1448 884 1554 924 non
1588 871 1756 939 paris,
1790 882 2022 936 erumpe

450 978 505 1025 et
542 971 741 1034 clama,
785 981 908 1036 qua:
947 978 1054 1018 non
1088 963 1333 1032 parturis
1361 980 1374 1016 :
1404 961 1669 1031 quoniam
1707 960 1891 1029 plures
1925 958 2019 1011 ﬁlii

450 1063 704 1123 desertae,
730 1072 895 1128 quam
925 1056 1069 1126 ejus,
1092 1070 1214 1126 quas
1240 1053 1402 1109 habet
1426 1054 1602 1106 virum
1632 1052 1679 1105 ιι.
1709 1070 1727 1103 ι
1753 1051 2021 1121 Exspecto

458 1167 554 1221 per
588 1148 835 1219 singulos
852 1147 971 1202 dies
987 1147 1313 1202 desiderans
1340 1152 1400 1199 ut
1429 1146 1560 1199 mihi
1596 1145 1861 1214 proluissa
1894 1161 2019 1214 per-

452 1246 758 1299 solvantur.
818 1240 942 1296 Haec
1011 1242 1211 1304 innuit,
1245 1239 1478 1295 dicens:
1520 1258 1538 1291 ι
1595 1239 1890 1294 Osculetur
1937 1255 2023 1294 me

448 1336 659 1391 osculis
694 1335 810 1390 oris
842 1334 947 1391 sui.
977 1353 996 1385 ι
1031 1338 1110 1389 Ac
1134 1348 1202 1389 ne
1231 1348 1294 1388 ex
1336 1348 1500 1388 sensu
1527 1342 1717 1388 nostro
1742 1332 2018 1401 interpre-

448 1438 647 1490 temur,
677 1443 867 1483 eorum
895 1442 1018 1497 quae
1047 1425 1190 1480 dicta
1216 1435 1346 1482 sunt
1372 1434 1563 1480 testem
1598 1423 1824 1477 Paulum
1852 1422 2024 1477 addu-

448 1535 660 1574 camus.
688 1518 786 1573 Hic
812 1518 880 1573 ad
906 1518 1168 1574 Hebraeos
1201 1518 1473 1581 scribens,
1505 1523 1558 1571 et
1585 1515 1652 1571 de
1683 1516 1785 1570 fide
1812 1529 2025 1570 sermo-

449 1627 571 1665 nem
631 1611 944 1665 institutum
993 1623 1372 1679 prosequens,
1422 1607 1536 1661 hate
1591 1605 1660 1661 de
1709 1606 2023 1660 Abrahamo

450 1705 696 1775 loquitur
727 1722 741 1758 :
785 1723 803 1755 ι
840 1701 973 1758 Fide
1002 1684 1376 1757 commoratus
1409 1707 1491 1755 est
1523 1699 1575 1753 in
1607 1707 1751 1754 terra
1786 1699 2022 1769 promis-

449 1794 646 1855 sionis,
674 1800 935 1863 tanquam
960 1792 1012 1846 in
1042 1791 1243 1854 aliena,
1276 1792 1330 1844 in
1357 1789 1589 1860 tuguriis
1617 1788 1870 1843 habitans
1894 1802 2018 1842 cum

449 1884 640 1939 lsaaco
673 1892 728 1940 et
758 1881 987 1948 Jacobo,
1022 1881 1403 1937 colum-edibus
1449 1878 1833 1949 promissionis
1870 1877 2021 1947 ejus-

445 1978 591 2031 dem.
626 1975 993 2045 Exspectabat
1022 1973 1166 2035 enim
1200 1971 1555 2025 fundamenta
1606 1968 1893 2023 habentent
1938 1969 2017 2022 ci-

446 2069 692 2131 vitatem,
718 2066 877 2135 cujus
910 2063 1105 2120 artifex
1133 2073 1189 2119 et
1235 2062 1490 2117 conditor
1532 2068 1619 2116 est
1648 2061 1790 2117 Deus
1818 2059 1861 2117 1.
1902 2080 1922 2112 ι
1957 2059 2021 2116 Et

449 2167 571 2229 post
606 2171 821 2228 pauca:
872 2175 890 2207 ι
945 2154 1108 2209 Juxta
1160 2154 1318 2209 [idem
1369 2152 1613 2208 defuncti
1666 2161 1795 2208 sunt
1828 2167 2019 2208 omnes

448 2249 548 2313 illi,
576 2263 685 2303 non
716 2248 956 2314 acceptis
985 2244 1468 2317 promissionibus,
1501 2244 1594 2300 sed
1637 2243 1795 2313 quasi
1826 2258 1856 2298 e
1901 2242 2019 2297 lou-

447 2341 651 2410 ginquo
672 2355 767 2395 eas
796 2340 1063 2402 videntes,
1089 2345 1143 2390 et
1166 2336 1497 2400 salutantes,
1522 2342 1575 2389 et
1608 2335 1928 2390 conﬁtentes
1959 2349 2020 2389 se

445 2431 766 2502 peregrinos
792 2439 845 2486 et
883 2428 1121 2498 hospites
1142 2441 1263 2482 esse
1294 2441 1459 2495 super
1490 2433 1716 2481 terram.
1742 2426 1844 2492 Qui
1873 2427 2016 2482 enim

447 2525 564 2578 haec
594 2523 807 2586 dicunt,
845 2520 1155 2592 significant
1196 2534 1255 2574 se
1290 2519 1523 2588 patriam
1552 2532 1818 2587 quaerere.
1862 2518 1926 2571 Et
1971 2518 2018 2573 si

446 2616 666 2687 quidem
714 2614 886 2685 ipsius
933 2612 1329 2676 meminissent,
1365 2610 1470 2679 27
1498 2610 1564 2664 de
1608 2626 1714 2680 qua
1743 2611 2018 2677 exierunt,

448 2694 713 2763 baberent
750 2699 947 2779 utique
998 2719 1212 2780 tempus
1253 2708 1579 2765 revertendi.
1648 2707 1803 2763 Nunc
1834 2716 2015 2763 autem

449 2799 729 2853 meliorem
761 2795 1119 2870 appetunt,'id
1151 2807 1254 2864 est,
1289 2800 1588 2854 caelestem.
1625 2799 1751 2854 Ideo
1780 2814 1890 2855 non
1918 2816 2018 2870 pu-

447 2887 568 2942 duit
598 2887 766 2943 Deum
807 2889 991 2944 vocari
1026 2887 1168 2944 Deus
1201 2902 1429 2943 eorum:
1469 2888 1681 2957 paravit
1721 2888 1864 2942 enim
1911 2888 2019 2943 illis

448 2979 725 3034 civitatem
747 2990 806 3033 ".
857 2979 923 3033 Et
963 2980 1031 3035 de
1072 2995 1270 3049 magno
1322 2979 1499 3043 Mose,
1548 2999 1566 3030 ι
1625 2978 1796 3049 Magis
1835 2980 2015 3050 elegit,

2127 508 2286 577 ριορᾷ
2330 525 2396 577 με
2422 509 2713 566 ποθοῦσαν.
2753 509 2887 566 Εἷπέ
2924 531 3014 585 μοι
3039 513 3128 568 διὰ
3163 515 3338 587 Ὠσηὲ·
3375 537 3393 568 ι
3425 520 3532 572 Kal.
3563 537 3691 592 μνη-

2126 597 2426 668 στεύσομαί
2451 602 2497 633 ’⁸
2533 619 2591 654 σε
2625 603 2682 656 ἐν
2711 603 3043 676 δικαιοσύνῃ,
3079 606 3174 659 καὶ
3220 608 3279 660 ἐν
3310 608 3559 681 κρίματι,
3607 611 3693 664 καὶ

2121 691 2180 742 ἐν
2217 689 2377 757 ἐλέει,
2415 693 2508 746 καὶ
2538 696 2597 747 ἐν
2623 696 2946 766 οἰκτιρμοῖς,
2980 696 3073 748 καὶ
3107 697 3512 768 μνηστεύσομαί
3541 716 3597 752 σε
3637 701 3692 753 ἐν

2122 783 2328 849 πίστει,
2367 787 2465 839 καὶ
2493 785 2775 860 ἐπιγνώσῃ
2800 788 2891 841 τὸν
2934 788 3159 858 Κύριον.
3197 808 3215 841 ι
3252 785 3385 843 Εἷπέ
3421 808 3511 861 μοι
3544 791 3628 845 διὰ
3647 793 3692 825 ⁸⁸

2132 878 2379 931 Ἡσαΐου·
2413 898 2433 931 ι
2457 879 2830 951 Εὐφράνθητι,
2862 883 3049 953 στεῖρα
3072 884 3105 953 ἡ
3129 882 3190 935 οὗ
3214 882 3495 949 τίκτουσα,
3535 883 3691 955 ῥῆξον

2122 970 2216 1024 καὶ
2245 971 2459 1041 βόησον,
2495 975 2527 1043 ἡ
2559 974 2657 1026 οὐκ
2681 973 2962 1039 ὠδίνουσα,
2993 976 3074 1029 ὅτι
3102 974 3279 1029 ’πολλὰ
3309 974 3379 1028 τὰ
3416 976 3578 1030 τέκνα
3596 977 3691 1047 τῆς

2121 1065 2327 1135 ἐρήμου
2361 1066 2560 1134 μᾶλλον
2588 1067 2622 1138 ἦ
2656 1069 2754 1137 τῆς
2788 1068 3021 1139 ἐχούσης
3056 1066 3149 1120 τὸν
3175 1067 3362 1138 ἄνδρα·
3400 1088 3418 1120 ι
3464 1068 3556 1121 καὶ
3576 1068 3692 1121 ἁνα-

2124 1159 2270 1228 μένω
2329 1159 2452 1212 καθ’
2509 1160 2746 1230 ἑκάστην
2787 1159 3002 1231 ἡμέραν
3042 1162 3223 1230 τυχεῖν
3281 1160 3540 1230 ἐφιεμένη
3588 1158 3692 1212 τῶν

2121 1250 2471 1320 ὑποσχέσεων
2486 1251 2552 1304 ’⁸.
2579 1250 2765 1305 Ταῦτα
2783 1253 3077 1305 αἰνίττεται
3096 1252 3352 1320 λέγουσα·
3372 1272 3390 1302 ι
3412 1251 3693 1319 Φιλησάτω

2124 1358 2192 1413 με
2218 1343 2330 1396 ἀπὸ
2354 1342 2675 1413 φιλημάτων
2708 1343 2976 1414 στόματος
3021 1343 3182 1397 αὐτοῦ
3205 1344 3272 1396 ¹⁷.
3307 1362 3325 1394 ι
3366 1343 3473 1395 Kal
3504 1343 3592 1395 ἵνα
3622 1342 3691 1412 μὴ

2121 1434 2508 1502 ἀποφαντικῶς
2563 1435 2609 1468 ³⁸
2640 1435 3086 1507 ἐρμηνεύσωμεν,
3143 1434 3277 1505 φέρε
3307 1434 3559 1504 μάρτυρα
3591 1432 3693 1484 τῶν

2122 1523 2427 1595 εἰρημένων
2459 1522 2550 1577 τὸν
2576 1524 2847 1597 μακάριον
2888 1524 3206 1607 καλέσωμεν
3254 1521 3484 1575 Παῦλον.
3530 1513 3696 1582 Οὗτος

2135 1613 2408 1685 Ἑϐραίοις
2423 1615 2672 1685 γράφων,
2690 1615 2785 1669 καὶ
2805 1616 2934 1685 περὶ
2963 1614 3007 1646 ²⁹
3029 1614 3265 1676 πίστεως
3285 1611 3443 1680 λόγον
3464 1609 3692 1674 διεξιὼν,

2124 1704 2354 1758 τοιαῦτά
2383 1722 2517 1777 φησι
2546 1706 2795 1777 περὶτοῦ
2835 1705 3110 1777 Ἀϐραάμ·
3149 1723 3166 1757 ι
3200 1705 3389 1757 Πίστει
3436 1702 3694 1773 παρῴκη-

2128 1814 2218 1854 σεν
2264 1800 2345 1862 είς
2375 1799 2475 1871 τὴν
2508 1798 2613 1869 γῆν
2668 1799 2768 1869 τῆς
2817 1797 3142 1867 ἐπαγγελίας
3179 1796 3255 1859 ὡς
3299 1795 3605 1867 ἀλλοτρίαν,
3638 1795 3696 1847 ἐν

2126 1894 2354 1962 σκηναῖς
2387 1892 2722 1961 κατοικήσας
2759 1888 2897 1961 μετὰ
2961 1888 3144 1942 Ἰσαὰκ
3184 1888 3277 1941 καὶ
3321 1886 3539 1946 Ἰακὼϐ,
3591 1884 3695 1939 τῶν

2128 1981 2587 2052 συγκληρονόμων
2601 1981 2700 2050 τῆς
2728 1978 3061 2049 ἐπαγγελίας
3088 1979 3185 2047 τῆς
3202 1977 3388 2048 αὐτῆς·
3428 1974 3697 2046 ἐξεδέχετο

2124 2072 2235 2143 γὰρ
2263 2071 2360 2143 τὴν
2384 2071 2513 2134 τοὺς
2563 2068 2847 2140 θεμελίους
2889 2069 3115 2140 ἔχουσαν
3144 2068 3317 2134 πόλιν,
3345 2061 3413 2139 ἧς
3446 2065 3696 2136 τεχνίτης

2126 2150 2220 2216 καὶ
2244 2162 2625 2234 δημιουργὸςδ
2650 2162 2801 2226 Θεός·
2845 2181 2864 2214 ι
2908 2160 3001 2216 καὶ
3055 2158 3197 2231 μετὰ
3217 2157 3441 2230 βραχέα·
3486 2175 3505 2207 ι
3541 2154 3697 2209 Κατὰ

2126 2254 2328 2327 πίστιν,
2350 2255 2533 2325 φησὶν,
2553 2253 2821 2308 ἀπέθανον
2837 2248 2979 2308 οὗτοι
2996 2253 3216 2316 πάντες,
3237 2250 3310 2322 μὴ
3324 2247 3579 2311 λαϐόντες
3599 2246 3693 2308 τὰς

2066 2338 2073 2339 ί
2124 2346 2481 2416 ἐπαγγελίας,
2535 2345 2672 2400 ἀλλὰ
2726 2344 3008 2417 πόρρωθεν
3082 2341 3253 2406 αὑτὰς
3306 2341 3538 2406 ἰδόντες,
3602 2336 3697 2392 καὶ

2125 2440 2522 2511 ἀσπασάμενοι,
2548 2438 2645 2492 καὶ
2671 2437 3109 2508 ὁμολογήσαντες
3154 2438 3234 2490 ὅτι
3259 2433 3396 2500 ξένοι
3420 2431 3517 2485 καὶ
3556 2447 3695 2500 παρ-

2124 2532 2382 2602 επίδημοί
2402 2532 2539 2584 εἰσιν
2567 2532 2660 2584 ἐπὶ⁹
2684 2531 2781 2601 τῆς
2809 2530 2931 2598 γῆς·
2964 2530 3013 2582 οἳ
3040 2527 3144 2599 γὰρ
3171 2523 3394 2579 τοιαῦτα
3423 2522 3695 2591 λέγουσιν,

2124 2622 2512 2692 ἐμφανίζουσιν
2553 2621 2634 2673 ὅτι
2674 2618 2907 2690 πατρίδα
2937 2614 3304 2687 ἐπιζητοῦσιν·
3358 2613 3453 2666 καὶ
3502 2614 3551 2665 εί
3600 2609 3697 2680 μὲν

2125 2713 2340 2782 ἐκείνης
2360 2712 2729 2783 ἐμνημόνευον
2749 2711 2840 2779 ἀφ’
2867 2704 2934 2782 ἦς
2957 2709 3202 2779 ἐξῆλθον,
3238 2704 3381 2777 εἶχον
3412 2704 3478 2759 ἂν
3511 2700 3699 2773 καιρὸν

2124 2803 2465 2873 ἀνακάμψαι·
2498 2802 2592 2856 νῦν
2639 2801 2695 2855 δέ
2729 2801 3032 2872 κρείττονος
3086 2799 3400 2869 ὀρέγονται,
3452 2793 3697 2848 τουτέστι

2122 2897 2224 2967 τῆς
2250 2895 2594 2967 ἐπουρανίου·
2629 2893 2709 2947 διὸ
2745 2893 2839 2946 καὶ
2870 2894 2935 2925 ’³⁸
2964 2892 3064 2945 οὐκ
3090 2888 3478 2967 ἐπαισχύνεται
3515 2888 3543 2938 ὁ
3567 2883 3699 2944 Θεὸς

2125 2960 2306 3041 αύτῶν
2350 2960 2631 3040 καλεῖσθαι
2673 2984 2826 3048 Θεός·
2863 2960 3263 3054 ήτοίμασέγὰρ
3298 2980 3478 3040 αὐτοῖς
3519 2977 3695 3029 πόλιν.

449 3071 671 3140 inquit,
701 3070 864 3139 affligi
907 3084 1032 3126 cum
1083 3073 1285 3142 populo
1337 3071 1451 3138 Dei,
1487 3086 1650 3141 quam
1702 3073 2019 3141 temporalis

2126 3080 2237 3134 Kal.
2264 3081 2391 3151 περὶ
2419 3078 2514 3132 τοῦ
2549 3077 2787 3150 μεγάλου
2814 3075 3055 3138 Μωσέως
3096 3077 3280 3144 φησιν,
3319 3072 3400 3124 ὅτι
3434 3088 3451 3120 ι
3480 3066 3699 3123 Μᾶλλον

336 3202 339 3205 .
448 3162 659 3229 peccati
710 3160 915 3217 habere
969 3161 1411 3232 jucunditatem:
1468 3163 1704 3233 majores
1758 3165 2022 3219 thesauro

448 3250 836 3321 Egyptiorum
873 3255 1204 3310 existimans
1228 3253 1451 3309 divitias
1479 3254 1836 3325 opprobrium
1866 3255 2024 3310 Chri-

449 3340 557 3393 sti:
591 3342 781 3396 oculos
823 3343 970 3396 enim
1017 3343 1375 3398 convertebat
1403 3343 1458 3396 in
1499 3344 2018 3398 remunerationem.

451 3428 581 3485 Fide
609 3430 832 3502 reliquit
862 3432 1188 3504 Egyptutn,
1225 3448 1332 3486 non
1365 3433 1571 3486 veritus
1619 3432 2019 3488 animositatem

449 3523 614 3592 regis.
670 3522 1003 3579 lnvisibilem
1065 3525 1210 3579 enim
1266 3530 1530 3590 tanquam
1582 3523 1779 3577 videns
1850 3524 2021 3578 susti-

448 3617 569 3669 nuit
589 3625 636 3669 ³.
667 3636 686 3667 ι
717 3615 782 3669 Ει
806 3615 873 3669 de
892 3616 1151 3670 omnibus
1181 3616 1345 3668 simul
1377 3615 1608 3678 sanctis,
1639 3616 1731 3686 qui
1762 3614 1815 3667 in
1835 3613 2019 3670 Veteri

448 3698 808 3759 Testamento
841 3705 1088 3759 illustres
1127 3705 1482 3768 exstiterunt,
1535 3705 1647 3759 haec
1683 3706 1855 3761 dicit:
1898 3725 1917 3758 ι
1957 3706 2021 3761 Et

449 3795 504 3849 lii
533 3810 724 3851 omnes
749 3796 1069 3851 testimonio
1103 3797 1225 3851 fidei
1253 3797 1490 3866 probati,
1529 3811 1636 3850 non
1689 3808 2020 3868 acceperunt

448 3887 898 3958 promissionem,
936 3885 1048 3942 Deo
1084 3903 1183 3958 pro
1215 3887 1376 3942 nobis
1408 3888 1605 3943 melius
1652 3888 1860 3958 aliquid
1897 3905 2021 3959 pro-

448 3979 693 4043 vidente,
732 3984 791 4031 ut
828 3993 934 4033 non
987 3980 1105 4034 sine
1148 3979 1308 4035 nobis
1360 3987 1878 4035 consummarentur
1909 3988 1954 4035 ο.
1996 4002 2014 4034 ι

448 4068 589 4135 Quin
628 4076 682 4122 et
719 4070 978 4125 Dominus
1012 4070 1063 4123 in
1097 4070 1271 4125 sacris
1295 4068 1606 4137 Evangeliis
1637 4071 1748 4126 haec
1782 4074 1846 4127 ad
1886 4090 2020 4144 apo—

448 4159 620 4215 stolos
660 4163 770 4214 ait:
813 4179 829 4211 ι
872 4161 1026 4215 Multi
1056 4163 1351 4230 prophetas,
1399 4170 1453 4217 et
1512 4179 1688 4234 rcges,
1747 4174 1802 4220 et
1857 4167 2016 4236 justi,

449 4252 743 4320 cupierunt
779 4251 965 4307 videre
992 4268 1111 4322 qua:
1142 4254 1362 4319 videtis,
1398 4262 1448 4308 et
1480 4271 1587 4309 non
1628 4258 1888 4311 viderunt
1919 4276 1932 4312 :
1965 4267 2020 4313 ct

2128 3171 2302 3225 εῖλετο
2328 3168 2821 3240 συγκακουχεῖσθαι
2844 3166 2921 3238 τῷ
2943 3165 3057 3236 λαῷ
3076 3164 3169 3217 τοῦ
3198 3162 3352 3227 Θεοῦ,
3376 3161 3408 3230 ἢ
3431 3159 3700 3230 πρόσκαι-

2132 3279 2222 3332 ρον
2276 3261 2420 3332 ἐχειν
2481 3260 2756 3331 ἁμαρτίας
2799 3257 3130 3311 ἀπόλαυσιν·
3198 3250 3417 3321 μείζονα
3468 3246 3700 3300 πλοῦτον

2127 3354 2476 3425 ἡγησάμενος
2506 3353 2614 3405 τῶν
2646 3351 2920 3419 Αἰγύπτου
2956 3342 3242 3416 θησαυρῶν
3279 3341 3369 3395 τὸν
3395 3337 3700 3407 ὀνειδισμὸν

2127 3440 2222 3493 τού
2245 3439 2501 3510 Χριστοῦ·
2538 3437 2809 3505 ἀπέϐλεψε
2848 3435 2957 3505 γὰρ
2986 3434 3065 3495 είς
3108 3432 3206 3502 τὴν
3253 3427 3697 3501 μισθαποδοσίαν.

2128 3532 2316 3584 Πίστει
2350 3530 2637 3583 κατέλιπεν
2670 3531 2964 3596 Αἰγυπτον,
3010 3526 3084 3595 μὴ
3110 3522 3371 3594 φοϐηθεὶς
3401 3520 3499 3574 ’τὸν
3527 3518 3699 3588 θυμὸν

2126 3622 2220 3675 τοῦ
2248 3621 2528 3691 βασιλέως·
2569 3621 2661 3673 τὸν
2689 3618 2799 3689 γὰρ
2826 3617 3054 3689 ἀόρατον
3079 3616 3124 3647 ³⁰
3159 3615 3235 3677 ὡς
3286 3611 3427 3683 ὁρῶν
3469 3608 3698 3679 ἐκαρτέ-

2131 3727 2282 3781 ρησε.
2319 3728 2338 3761 ι
2370 3709 2480 3762 Καὶ
2509 3709 2636 3778 περὶ
2670 3709 2886 3761 πάντων
2916 3706 2972 3759 δέ
3004 3703 3137 3775 ὁμοῦ
3166 3703 3274 3756 τῶν
3291 3702 3482 3771 ἁγίων,
3505 3698 3617 3752 τῶν
3641 3699 3699 3749 ἐν

2125 3804 2190 3872 τῇ
2228 3800 2436 3870 Παλαιᾷ
2473 3798 2886 3869 διαπρεψάντων
2914 3796 3134 3851 τοιαῦτά
3162 3810 3312 3866 φησι·
3347 3813 3364 3845 ι
3406 3792 3517 3845 Kal.
3553 3784 3698 3843 οὗτοι

2129 3891 2327 3954 πάντες
2375 3889 2810 3962 μαρτυρηθέντες
2848 3886 2938 3941 διὰ
2969 3888 3066 3956 τῆς
3096 3886 3333 3945 πίστεως
3365 3885 3465 3936 οὐκ
3490 3878 3696 3949 ’ἐκομί-

2128 3998 2291 4035 σαντο
2323 3982 2422 4052 τὴν
2458 3980 2814 4049 ἐπαγγελίαν,
2840 3979 2934 4031 τοῦ
2973 3977 3107 4031 Θεοῦ
3149 3977 3278 4047 περὶ
3321 3975 3476 4045 ἡμῶν
3511 3973 3696 4041 κρεῖτ-

2125 4074 2216 4126 τόν
2238 4090 2289 4125 τι
2314 4072 2781 4144 προϐλεψαμένου,
2811 4070 2896 4124 ἴνα
2934 4070 3007 4140 μὴ
3027 4069 3195 4140 χωρὶς
3226 4066 3378 4137 ἡμῶν
3396 4062 3696 4118 τελειωθῶ-

2129 4180 2232 4216 σιν.
2268 4183 2285 4215 ι
2327 4163 2437 4217 Kal.
2484 4162 2686 4233 Κύριος
2724 4162 2764 4194 ³¹
2799 4161 2854 4214 δὲ
2889 4163 2944 4213 ἐν
2981 4163 3094 4222 τοῖς
3146 4160 3312 4230 ἱεροῖς
3342 4153 3698 4223 Εὐαγγελίοις

2127 4254 2350 4309 τοιαῦτα
2381 4254 2517 4326 πρὸς
2554 4257 2678 4316 τοὺς
2720 4253 3050 4315 ἀποστόλους
3075 4251 3225 4322 φησί·
3266 4270 3283 4301 ι
3332 4246 3523 4301 Πολλοὶ
3567 4261 3700 4311 πρου

451 4343 645 4400 audire
666 4360 787 4415 qua:
818 4345 1044 4411 auditis,
1076 4352 1126 4399 et
1152 4360 1260 4399 non
1285 4346 1600 4402 audierunt.
1627 4347 1806 4403 Vestri
1837 4358 2019 4405 autem

2129 4347 2314 4415 φῆται,
2337 4345 2431 4397 καὶ
2459 4343 2694 4414 βασιλεῖς
2724 4343 2790 4406 ³³,
2817 4343 2913 4395 καὶ
2941 4342 3159 4402 δίκαιοι,
3188 4338 3540 4409 ἐπεθύμησαν
3570 4336 3698 4387 ἰδεῖν

448 4433 591 4489 beati
625 4442 753 4489 sunt
796 4433 964 4497 oculi,
1014 4433 1141 4502 quia
1191 4433 1413 4487 vident:
1473 4442 1528 4488 et
1570 4449 1735 4488 aures
1797 4443 2016 4498 vestrm,

2124 4435 2155 4488 ἃ
2182 4433 2428 4503 βλέπετε,
2462 4435 2554 4487 κα¹ι
2576 4435 2676 4488 οὐκ
2709 4431 2865 4487 εἶδον·
2892 4434 2987 4487 καὶ
3007 4432 3237 4487 ἀκοῦσαι
3260 4431 3296 4484 ἃ
3326 4428 3576 4492 ἀκούετε,
3605 4426 3700 4480 καὶ

449 4524 578 4593 quia
614 4526 911 4580 audiente.
958 4543 976 4576 ι
1008 4523 1228 4579 Etcum
1269 4522 1477 4578 Iudaeis
1525 4525 1837 4594 disputans,
1872 4525 2019 4581 dice-

2124 4528 2218 4581 ούκ
2252 4528 2510 4598 ἤκουσαν.
2548 4525 2732 4596 ’Υμῶν
2773 4525 2830 4579 δὲ
2875 4524 3133 4596 μακάριοι
3179 4524 3227 4576 οἱ
3267 4520 3556 4591 ὀφθαλμοὶ,
3616 4519 3701 4571 ὅτι

448 4613 582 4668 bat:
624 4633 643 4665 ι
706 4617 984 4670 Abraham
1022 4623 1175 4686 pater
1207 4622 1389 4671 vester
1434 4616 1664 4684 cupivit,
1716 4624 1776 4670 ut
1812 4617 2019 4672 videret

2124 4620 2403 4689 βλέπουσι,
2432 4619 2526 4671 καὶ
2557 4618 2625 4671 τὲι
2658 4610 2769 4671 ὦτα
2794 4618 2946 4690 ὑμῶν
2969 4659 2981 4681 ,
3012 4619 3092 4671 δτι
3115 4616 3323 4671 ἀκούει.
3362 4633 3380 4665 ι
3424 4615 3535 4667 Καὶ
3563 4611 3699 4681 πρὸς

449 4701 602 4757 diem
645 4718 866 4758 meum:
902 4705 1076 4769 vidit,
1111 4715 1165 4759 et
1199 4706 1420 4774 gavisus
1471 4712 1577 4759 est.
1620 4722 1640 4755 ι
1696 4704 1761 4758 Ει
1802 4704 2019 4761 Simenn

2133 4710 2421 4773 Ἰουδαίους
2453 4710 2509 4762 δέ
2544 4709 2924 4781 διαλεγόμενος
2962 4710 3166 4778 ἔλεγεν·
3201 4727 3220 4760 ι
3273 4706 3524 4778 Ἀϐραὰμ
3545 4707 3573 4757 ὁ
3603 4722 3699 4757 πα-

449 4808 615 4849 senex
677 4810 1004 4864 responsum
1065 4806 1353 4867 acceperat
1385 4813 1414 4850 a
1451 4796 1658 4867 Spiritu
1706 4811 1918 4861 sancto,
1964 4814 2019 4854 se

2124 4803 2225 4874 τὴρ
2256 4802 2408 4873 ὑμῶν
2466 4801 2813 4872 ἐπεθύμησεν
2862 4801 2989 4854 ίδεῖν
3019 4801 3117 4870 τὴν
3165 4800 3380 4870 ἡμέραν
3405 4797 3566 4867 ἐμήν·
3601 4793 3699 4848 καὶ

451 4899 560 4939 non
594 4885 841 4939 visurum
886 4894 1138 4952 mortem,
1178 4887 1280 4941 nisi
1315 4888 1465 4956 prius
1495 4887 1704 4941 videret
1741 4887 2018 4941 Christum

2127 4890 2265 4960 εἶδε,
2316 4894 2409 4948 καὶ
2449 4894 2639 4964 ἐχάρη.
2693 4911 2711 4943 ι
2762 4892 2873 4946 Καὶ
2913 4890 3136 4961 Συμεὼν
3190 4889 3248 4942 δέ
3298 4891 3327 4941 ὁ
3384 4885 3698 4958 πρεσϐύτης

455 4976 689 5030 Domini.
731 4975 991 5032 Genitum
1025 4977 1233 5046 itaque,
1281 4986 1335 5032 et
1370 4977 1591 5030 allatum
1651 4977 1716 5031 ad
1755 4979 2018 5047 templum

2128 4985 2505 5058 ἐχρηματίσθη
2539 4985 2612 5056 μὴ
2639 4984 2766 5038 ἰδεῖν
2810 4983 3059 5047 θάνατον,
3105 4982 3210 5046 ἓως
3248 4981 3313 5034 ἂν
3339 4981 3426 5051 ἴδῃ
3452 4979 3543 5032 τὸν
3572 4978 3698 5047 Χρι-

524 5171 538 5210 ι
582 5158 735 5213 Osee.
780 5173 850 5219 ιι,
884 5153 980 5216 19,
1014 5150 1104 5207 20.
1184 5152 1209 5192 ιι
1241 5151 1346 5205 lsa.
1385 5167 1492 5207 Liv.
1532 5152 1581 5205 1.

460 5245 573 5289 λιιι.
604 5228 689 5293 16,
733 5230 819 5282 17.
896 5223 1102 5279 PJoau.
1140 5238 1235 5277 vui
1262 5260 1277 5285 ,
1317 5222 1405 5275 56.

1692 5152 1709 5190 1
1758 5151 1921 5208 Hebr.
1953 5169 2019 5218 xl,

2140 5160 2224 5215 10.
2331 5168 2367 5191 ⁸³
2405 5159 2538 5213 ΙΙιίό.
2575 5157 2783 5213 15-16.
2886 5169 2914 5197 ιι
2944 5159 3080 5215 ibid.
3121 5158 3338 5225 25,26.
3448 5174 3468 5195 °
3504 5156 3694 5212 Matth.

1698 5401 1930 5458 VARI/l3
1969 5402 2369 5459 LECTIONES.

520 5565 569 5599 ³⁸
588 5560 669 5621 οὗ.
702 5565 824 5621 cod.
849 5568 988 5636 ὅτου.
1056 5566 1105 5599 ⁸⁸
1131 5567 1253 5620 cod.
1284 5563 1673 5636 μνηστεύομαι.
1737 5566 1780 5599 ³⁵
1804 5564 1912 5636 διά.
1934 5560 2057 5636 cod.
2082 5561 2201 5636 τήνΪ
2262 5561 2307 5594 ¹⁶
2337 5561 2458 5636 cod.
2491 5562 2853 5636 προσχέσεων.
2918 5562 2961 5593 ¹⁷
2996 5560 3185 5636 αὑτοῦ.
3217 5560 3270 5612 ιιι
3295 5555 3415 5636 coll.
3447 5555 3695 5636 sequitur

450 5638 722 5702 expositio
749 5639 910 5690 trium
942 5635 1182 5690 Patrum.
1284 5624 1335 5668 ’³⁸
1368 5624 1493 5688 cod.
1538 5624 1911 5702 ἆποερατικῶς.
1995 5632 2040 5665 ³³
2071 5624 2218 5702 περί.
2248 5629 2379 5702 cod.
2414 5624 2602 5702 prmio.
2631 5624 2756 5686 τῶν.
2812 5634 2875 5664 ²⁹⁶
2915 5631 3006 5684 καί
3061 5631 3210 5685 abest
3241 5628 3410 5682 acuti.
3501 5624 3545 5658 δ’
3566 5624 3692 5679 cod.

452 5705 714 5771 ἀοράτως.
774 5708 811 5739 ³¹
850 5708 1071 5776 Κύριος.
1112 5707 1231 5761 cod.
1276 5721 1457 5775 prtem.
1483 5708 1529 5757 ὁ.
1609 5705 1764 5760 ³³καὶ
1797 5703 2032 5773 βασιλεῖς
2056 5701 2208 5755 abest
2245 5701 2278 5753 Ι.
2313 5717 2362 5753 c.
