3940 6200
455 347 525 412 59
1472 357 1960 420 TllEODORETI
1990 357 2332 418 EPISCOPI
2366 357 2750 420 CYRENSIS'
3645 361 3718 427 60

455 474 570 514 uno
627 459 931 535 eodemque
990 463 1142 523 fonte
1199 464 1487 538 proﬂuere.
1543 468 1676 524 Ideo
1749 469 2026 538 subjicit:

2135 471 2419 540 προχεῖται
2452 472 2656 543 πηγῆς.
2703 470 2797 525 Aio
2854 470 3051 542 ἐπάγει
3075 487 3089 504 ⁸
3126 491 3144 524 ι
3183 473 3370 546 Μύρον
3410 474 3715 531 ὲκκενωθὲν

462 569 480 602 ι
526 550 874 624 Unguentum
906 557 1141 614 effusum
1183 574 1381 614 nomen
1422 566 1601 617 tuum.
1639 578 1658 612 ι
1703 560 2033 631 Multiplices

455 642 625 709 enim,
657 646 856 717 inquit,
900 649 954 705 hi
990 665 1054 705 ac
1086 650 1224 705 varii
1261 649 1468 715 fontes,
1503 651 1596 723 qui
1633 661 1805 708 totum
1843 652 2030 708 orbem

455 742 727 793 terrarum
759 739 947 798 odoris
977 743 1250 800 suavitate
1285 744 1661 816 repleverunt,
1693 744 1911 800 unicam
1940 745 2035 798 ha-

456 829 588 882 bent
613 844 803 884 venam
846 837 900 884 et
932 830 1222 902 originem,
1275 842 1619 904 unguentum
1663 843 1840 888 tuum.
1877 832 1933 888 In
1966 848 2032 889 eo

349 933 358 942 ·
453 917 601 969 enim
648 915 917 971 habitavit
965 920 1148 975 omnis
1199 921 1486 991 plenitudo
1544 923 1853 980 divinitatis
1874 931 1927 987 ν.
1977 931 2033 979 et

455 1007 572 1075 ipse
605 1017 801 1063 cuncta
837 1007 1082 1081 Spiritus
1128 1014 1274 1070 dona
1325 1024 1385 1070 ut
1432 1018 1600 1073 homo
1636 1019 1801 1074 simul
1841 1034 2030 1075 susce-

454 1103 550 1170 pit.
596 1099 863 1167 Quocirca
906 1105 1110 1161 clamat
1159 1109 1323 1163 etiam
1364 1108 1577 1165 Isaias:
1629 1128 1649 1162 ι
1709 1110 2032 1182 Egredietur

452 1195 606 1265 virga
635 1193 704 1250 de
745 1197 932 1253 radice
954 1195 1130 1264 Iesse,
1157 1209 1210 1256 et
1234 1200 1333 1256 llos
1361 1202 1428 1258 de
1463 1203 1649 1258 radice
1682 1205 1803 1274 ejus
1833 1220 2028 1261 ascen-

451 1285 588 1341 det:
623 1295 678 1342 et
732 1291 1044 1361 requiescet
1093 1307 1259 1363 super
1307 1310 1432 1349 eum
1493 1293 1734 1366 Spiritus
1785 1291 2027 1366 Domini,

448 1376 560 1448 30
593 1379 824 1450 spiritus
853 1383 1135 1453 sapientia:
1165 1394 1220 1441 et
1255 1386 1593 1454 intellectus,
1635 1389 1862 1460 spiritus
1893 1405 2028 1444 con-

451 1470 563 1525 silii
597 1481 649 1526 et
678 1470 1038 1542 fortitudinis,
1083 1478 1317 1547 spiritus
1364 1481 1614 1534 scientia:
1661 1495 1713 1536 et
1763 1481 2024 1550 pietatis:

451 1568 507 1614 ct
534 1563 768 1633 replehit
792 1582 916 1620 eum
945 1569 1176 1637 spiritus
1201 1569 1417 1626 timoris
1449 1570 1541 1626 Dei
1565 1581 1613 1625 ι.
1647 1592 1665 1625 ι
1693 1573 1823 1627 ideo
1855 1574 2024 1628 dicit:

455 1673 474 1704 ι
507 1653 864 1725 Unguentum
891 1657 1131 1721 eﬂ'usum
1167 1677 1366 1715 nomen
1407 1661 1542 1727 tibi;
1583 1683 1602 1716 ›
1635 1672 1688 1718 et
1719 1680 1830 1719 non
1861 1682 1882 1717 ι
1924 1682 2026 1721 un—

448 1754 712 1814 guentum
751 1765 770 1800 ι
806 1748 882 1801 ait
905 1748 1254 1820 simpliciter,
1291 1752 1384 1806 sed
1422 1772 1439 1803 ι
1485 1753 1742 1811 eiiusum.
1773 1775 1792 1808 ι
1823 1755 2026 1822 Quem-

2132 561 2308 632 ὄνομά
2337 561 2382 594 δ’
2419 580 2512 616 σου
2548 563 2617 619 ⁸³.
2657 582 2676 616 ι
2712 565 2775 618 Οί
2809 562 2919 636 γὰρ
2974 563 3180 630 πολλοὶ,
3223 565 3409 637 φησὶν,
3432 557 3579 620 οὗτοι
3617 569 3714 621 καὶ

2133 649 2380 724 διάφοροι
2400 653 2639 725 κρουνοὶ,
2668 654 2720 707 οἱ
2755 655 2937 709 πᾶσαν
2989 654 3088 725 τὴν
3127 653 3454 725 οἰκουμένην
3483 655 3714 715 εὐωδίας

2135 743 2544 816 πληρώσαντες,
2579 745 2707 816 μίαν
2747 744 2930 816 ἔχουσι
2962 746 3138 817 φλέϐα
3177 747 3271 800 καὶ
3303 747 3509 818 πηγὴν,
3527 747 3593 800 τὸ
3619 746 3713 801 σὺν

2135 837 2326 909 μύρον.
2359 856 2377 888 ι
2419 837 2525 891 ·Ἐν
2557 835 2704 908 αὐτῷ
2735 839 2846 910 γὰρ
2866 837 3157 910 κατῴκησε
3197 839 3306 892 πᾶν
3349 837 3410 892 τὸ
3439 837 3714 911 πλήρωμα

2131 930 2230 1000 τῆς
2259 927 2533 998 θεότητος,
2574 946 2591 980 i
2620 929 2716 982 καὶ
2743 928 2905 993 αὐτὸς
2939 931 3117 984 πάντα
3145 928 3280 1000 ὁμοῦ
3317 929 3384 982 τά
3417 929 3510 982 τοῦ
3542 929 3714 982 Ilvati-

2135 1037 2304 1091 ματος
2334 1019 2474 1072 κατά
2506 1018 2564 1073 τὸ
2600 1019 2938 1091 ἀνθρώπινον
2984 1019 3278 1086 ὑπεδέξατο
3313 1019 3480 1092 δῶρα.
3509 1020 3600 1073 Διὸ
3618 1018 3713 1074 καὶ

2143 1111 2369 1176 Ἡσαΐας
2405 1111 2504 1183 βοᾷ
2533 1130 2543 1142 ·
2572 1129 2590 1163 ι
2639 1111 3011 1177 Ἐξελεύσεται
3067 1111 3262 1182 ῥάϐδος
3312 1113 3377 1165 ἐκ
3428 1112 3529 1182 τῆς
3556 1113 3714 1183 ῥίζης

2143 1201 2362 1266 Ἰεσσαὶ,
2393 1202 2488 1254 καὶ
2526 1202 2685 1265 ἄνθος
2718 1203 2781 1254 ὲκ
2809 1201 2908 1272 τῆς
2963 1197 3121 1272 ῥίζης
3153 1199 3318 1254 αὐτοῦ
3361 1201 3406 1232 ⁵⁸
3435 1201 3712 1271 ἀναὸήσε-

2127 1309 2217 1345 ται
2241 1309 2254 1324 ο
2291 1293 2384 1345 καὶ
2426 1293 2872 1346 ἐπαναπαύσεται
2906 1294 2993 1347 ἐπ’
3017 1291 3166 1364 αὐτῷ
3206 1292 3252 1325 ⁸⁵
3279 1291 3339 1345 τὸ
3364 1291 3591 1363 Πνεῦμα
3615 1293 3711 1346 τοῦ

2129 1385 2286 1450 Θεοῦ,
2326 1385 2542 1457 πνεῦμα
2568 1387 2759 1457 σοφίας
2797 1387 2891 1439 καὶ
2926 1386 3218 1448 συνέσεως,
3259 1383 3477 1456 πνεῦμα
3513 1384 3715 1456 βουλῆς

2129 1479 2223 1531 καὶ
2258 1477 2463 1548 ἰσχύος,
2504 1478 2724 1550 πνεῦμα
2776 1479 3031 1548 γνώσεως
3058 1479 3153 1532 καὶ
3197 1477 3480 1543 εὐσεϐείας
3501 1495 3516 1510 ο
3549 1479 3645 1533 καὶ
3666 1478 3714 1511 ⁸⁸

2127 1571 2344 1642 πνεῦμα
2371 1571 2538 1640 φόϐου
2564 1571 2698 1624 Θεοῦ
2728 1570 2997 1642 ἐμπλήσει
3020 1569 3202 1623 αὐτόν.
3238 1571 3334 1622 Διά
3361 1569 3518 1624 τοῦτο
3537 1570 3710 1639 λέγει’

2134 1682 2152 1714 ι
2193 1661 2381 1733 Μύρον
2411 1660 2719 1715 ἑκκενωθὲν
2741 1659 2916 1730 δνομά
2949 1677 3032 1713 σοι
3056 1677 3070 1690 ’
3101 1679 3118 1712 ι
3152 1659 3246 1713 καὶ
3269 1660 3332 1713 οὐ
3361 1659 3512 1730 λέγει
3541 1679 3560 1712 ι
3607 1660 3714 1731 μύ-

2130 1769 2222 1824 ρον
2256 1771 2274 1802 ›
2309 1748 2520 1814 ἀπλῶς,
2551 1749 2689 1802 ἀλλά
2723 1768 2742 1800 ι
2782 1749 3106 1803 ἐκκενωθέν.
3147 1768 3166 1800 ι
3197 1749 3468 1820 Καθάπερ
3505 1751 3616 1823 γάρ
3650 1751 3717 1804 τὸ

446 1835 742 1892 admodum
768 1839 913 1894 enim
947 1849 1296 1912 unguentum
1328 1844 1382 1897 in
1405 1859 1536 1900 vase
1580 1848 1905 1902 conclusum
1940 1849 2020 1902 in-

2133 1843 2303 1916 μύρον
2363 1844 2421 1896 ὲν
2455 1841 2662 1912 ἀγγείῳ
2707 1841 3114 1913 κεκρυμμένον,
3171 1843 3565 1914 κεκρυμμένην
3597 1842 3714 1913 ἔχει

445 1931 655 1986 elusam
682 1932 964 1987 ‘continet
1021 1941 1074 1988 et
1102 1934 1278 2004 ipsam
1319 1935 1505 1991 odoris
1541 1937 1902 2007 fragrantiam
1929 1957 1944 2006 ;
1976 1939 2021 1994 si

445 2029 631 2074 autem
661 2019 997 2088 eﬂ‘undatur,
1049 2023 1231 2093 ipsum
1282 2041 1503 2096 quoque
1564 2028 1740 2100 replet
1799 2044 2020 2084 aerem:

446 2112 530 2166 sic
569 2110 836 2170 Dominus
871 2114 1132 2171 Christus
1185 2125 1312 2172 ante
1350 2119 1666 2189 passionem
1697 2123 1890 2192 paucis
1927 2138 2027 2178 no-

445 2209 538 2256 tus
563 2214 718 2258 erat:
751 2212 806 2257 at
839 2215 1203 2276 posteaquam
1235 2224 1454 2263 crucem
1485 2219 1825 2283 mortemque
1858 2214 2024 2268 susti-

448 2294 590 2358 nuit,
624 2309 689 2349 ac
722 2297 889 2350 veluti
920 2299 1172 2367 corporis
1199 2315 1296 2355 vas
1331 2309 1578 2371 apertum
1611 2302 1734 2369 fuit,
1759 2305 2025 2360 continuo

447 2385 593 2442 beati
631 2388 868 2458 apostoli
903 2390 1182 2446 suavitate
1209 2391 1300 2445 illa
1326 2393 1524 2464 repleti
1555 2402 1712 2462 sunt,
1737 2403 1791 2450 et
1821 2405 2024 2450 terram

447 2489 854 2548 percurrentes,
891 2489 946 2536 et
995 2483 1170 2537 maria
1240 2484 1583 2554 trajicicntes
1605 2525 1621 2551 ,
1655 2487 2026 2559 omnibusque

447 2568 802 2643 Evangelium
829 2578 1172 2642 nuntiantes,
1213 2578 1404 2634 odoris
1445 2581 1716 2637 suavitate
1756 2581 2022 2636 mundum

445 2664 772 2722 universum
811 2668 1246 2738 compleverunt.
1272 2670 1353 2724 0h
1381 2670 1435 2726 id
1475 2672 1554 2726 ait
1579 2689 1784 2744 sponsa
1811 2691 1824 2727 :
1855 2691 1874 2724 ι
1906 2671 2024 2728 Un-

445 2763 712 2823 guentum
762 2750 1000 2813 effusum
1065 2773 1265 2814 nomen
1311 2759 1427 2815 tibi.
1486 2779 1505 2812 ι
1555 2761 1701 2816 Satis
1751 2761 1898 2816 enim
1943 2768 2026 2816 est

445 2845 652 2902 Christi
683 2863 881 2904 nomen
919 2851 988 2905 ad
1022 2851 1239 2921 piorum
1278 2852 1493 2908 animas
1530 2855 1836 2925 unguentis
1887 2868 2024 2924 quo-

443 2934 738 2994 dammodo
774 2939 1127 3006 imbuendas,
1154 2951 1321 3014 atque
1343 2945 1492 3000 omni
1517 2946 1705 3002 odoris
1751 2946 2024 3002 suavitate

443 3030 907 3102 conspergendas.
945 3033 1104 3100 Quod
1132 3036 1178 3090 si
1219 3036 1386 3090 etiam
1439 3037 1619 3109 magis
1675 3038 1908 3110 mystice
1944 3038 2024 3093 vis

2130 1934 2224 1987 καὶ
2273 1933 2374 2002 τὴν
2405 1932 2702 2003 εὐοσμίαν,
2733 1932 2781 1984 εί
2810 1930 2866 1985 δὲ
2904 1931 3226 2003 προχυθείη,
3257 1933 3352 1986 καὶ
3390 1932 3553 1986 αὐτὸν
3579 1934 3715 1988 ἀνα-

2129 2025 2406 2097 πίμπλησι
2461 2024 2552 2080 τδν
2601 2024 2738 2096 ἀέρα
2766 2041 2780 2057 ο
2842 2024 3016 2090 οὕτως
3062 2027 3090 2079 ὁ
3131 2026 3409 2096 Δεσπότης
3450 2027 3711 2098 Χριστὸς,

2128 2117 2235 2189 πρὸ
2277 2116 2378 2187 μὲν
2425 2115 2520 2170 τοῦ
2578 2115 2789 2180 πάθους
2838 2115 3040 2184 ὀλίγοις
3072 2113 3141 2188 ἦν
3180 2116 3493 2189 γνώριμοςο
3521 2116 3715 2188 ἐπειδὴ

2126 2208 2183 2262 δὲ
2218 2207 2312 2262 τὸν
2337 2208 2570 2279 σταυρὸν
2604 2207 2890 2279 ὑπέμεινε,
2911 2208 3109 2262 καὶτὸν
3140 2207 3391 2273 θάνατον,
3426 2207 3521 2262 καὶ
3547 2207 3718 2260 οἱονεὶ

2127 2301 2375 2372 διηνοίγη
2441 2301 2484 2333 δ’
2541 2299 2602 2354 τὸ
2661 2297 2755 2354 τοῦ
2825 2298 3078 2370 σώματος
3123 2300 3317 2369 ἄγγος,
3349 2298 3579 2370 πλήρεις
3612 2299 3716 2369 μὲν

2127 2393 2290 2458 εὐθὺς
2332 2394 2382 2446 oi
2445 2391 2704 2464 μακάριοι
2746 2392 3036 2445 ἀπόστολοι
3071 2392 3171 2462 τῆς
3199 2391 3463 2462 εὐοσμίας
3495 2389 3716 2460 ἐκείνης

2126 2486 2373 2554 ἐγένοντο
2392 2502 2405 2515 ·
2477 2485 2775 2555 δραμόντες
2803 2484 2880 2548 δὲ,
2929 2483 3031 2555 γῆν
3057 2485 3150 2537 καὶ
3178 2483 3716 2556 θάλασσαν-περινο-

2128 2578 2451 2649 στήσαντες,
2486 2576 2660 2630 καὶτὸ
2685 2577 2950 2647 κήρυγμα
2989 2577 3123 2629 πᾶσι
3156 2575 3714 2647 διαπορθμεύσαντες,

2127 2670 2346 2725 ἅπασαν
2367 2669 2466 2740 τὴν
2491 2668 2815 2738 οἰκουμένην
2842 2667 2941 2738 τῆς
2967 2665 3226 2738 εὐοσμίας
3248 2668 3589 2738 ἐπλήρωσαν.
3613 2668 3716 2721 Διά

2125 2761 2283 2816 τοῦτό
2311 2779 2474 2833 φησιν
2495 2760 2752 2833 ήνύμφη’
2785 2779 2804 2811 ι
2834 2759 3024 2831 Μύρον
3055 2759 3354 2814 ἐκκενωθὲν
3382 2760 3552 2830 ὄνομά
3569 2777 3710 2814 σοι.»

2140 2852 2327 2924 Ἀρκεῖ
2382 2851 2492 2924 γὰρ
2529 2852 2563 2922 ἡ
2621 2849 2865 2923 Χριστοῦ
2901 2851 3246 2922 προσηγορία
3281 2853 3443 2905 οἱονεὶ
3485 2852 3716 2923 μυρίσαι

2126 2947 2221 3000 καὶ
2275 2943 2506 3008 εὐωδίας
2556 2943 2777 3014 ἀπάσης
2845 2942 3157 3014 ὲμφορῆσαι
3193 2941 3301 2996 τῶν
3343 2942 3584 2996 εὐσεϐῶν
3611 2944 3716 3007 τὰς

2125 3035 2321 3108 ψυχάς.
2349 3035 2412 3088 Εἰ
2440 3034 2496 3088 δὲ
2525 3032 2690 3104 βούλῃ
2747 3033 2840 3087 καὶ
2887 3032 3294 3106 μυστικώτερον
3324 3033 3536 3104 νοῆσαι,
3581 3035 3718 3089 ἀνά-

443 3119 775 3192 intelligere,
809 3125 960 3179 sacri
1005 3125 1360 3197 baptismatis
1413 3129 1662 3201 mysterii
1709 3129 2021 3194 recordare.

2131 3144 2335 3200 μνησον
2378 3125 2604 3180 σεαυτὸν
2653 3125 2750 3196 τῆς
2776 3126 2928 3197 ἱερᾶς
2954 3125 3360 3196 μυσταγωγίας,
3391 3127 3448 3178 ὲν
3545 3127 3594 3180 oi
3623 3144 3718 3180 τε·

444 3211 497 3265 in
527 3228 640 3282 quo
669 3215 762 3284 qui
791 3215 1103 3284 initiantur,
1146 3227 1274 3289 post
1302 3222 1524 3292 tyranni
1569 3222 2015 3293 abnegationem,

441 3311 498 3358 et
520 3306 660 3375 regis
687 3307 1118 3375 confessimem,
1152 3311 1318 3366 veluti
1351 3313 1510 3384 signo
1536 3327 1601 3367 ac
1629 3322 1755 3368 nota
1781 3315 2019 3383 quadam

443 3396 617 3465 regia,
645 3397 953 3466 spiritualis
977 3402 1243 3472 unguenti
1273 3403 1579 3460 chrismate
1624 3403 1862 3470 inuncti,
1916 3403 2022 3458 sub

441 3500 506 3539 ea
544 3487 749 3542 visibili
791 3492 1058 3560 unguenti
1096 3491 1280 3561 specie
1307 3491 1650 3549 invisibilem
1680 3493 2022 3548 sanctissimi

340 3587 352 3600 '
443 3576 684 3648 Spiritus
717 3582 952 3650 gratiam
981 3582 1286 3653 accipiunt.

515 3751 644 3808 Ideo
665 3753 1070 3812 adolescentulis
1093 3756 1390 3812 dilexerunt
1408 3766 1474 3812 te.
1499 3755 1688 3828 (Vens.
1715 3757 1794 3825 3.)
1818 3754 2023 3811 Traxe-

441 3855 566 3900 runt
603 3855 803 3914 (cmest
829 3857 875 3900 te
903 3851 970 3900 ad
997 3848 1208 3903 odorem
1243 3858 1627 3920 unguentorum
1661 3857 1871 3900 tuorum
1898 3864 2022 3901 cur-

441 3949 634 3997 rentes.
668 3938 845 4006 Hanc,
881 3941 1080 4011 inquit,
1120 3943 1388 4013 unguenti
1423 3942 1524 4006 tui,
1556 3942 1660 3996 hoc
1691 3949 1796 4010 est,
1825 3941 2026 3997 divina:

439 4049 507 4088 ac
529 4034 833 4090 salutiferae
865 4034 1134 4091 doctrina:
1157 4045 1261 4090 tua:
1284 4037 1642 4108 iragrantiam
1674 4036 1776 4107 31
1832 4036 2020 4108 perci-

440 4127 658 4197 pientes
679 4129 877 4182 animae
917 4127 1300 4184 adolescentes
1329 4142 1394 4182 ac
1430 4135 1672 4184 strenuae
1713 4129 1837 4199 (has
1876 4127 2026 4183 enim

439 4217 863 4273 adolescentulus
884 4219 1170 4289 appellat),
1191 4233 1377 4272 amore
1399 4228 1495 4274 tuo
1513 4219 1592 4275 sic
1615 4217 1854 4274 incensze
1875 4225 2024 4285 sunt,

439 4319 500 4364 nt
537 4321 590 4366 te
621 4311 689 4366 ad
731 4325 792 4368 se
827 4311 1126 4373 traxerint,
1166 4318 1220 4364 et
1271 4319 1395 4379 post
1449 4318 1506 4366 te
1538 4311 1613 4364 ita
1645 4318 1848 4366 secutae
1892 4311 2025 4375 sint,

438 4409 499 4457 ut
527 4418 697 4458 cursu
743 4401 798 4456 id
831 4400 1084 4465 fecerint,
1141 4415 1210 4455 nc
1250 4401 1718 4470 relinquerentur,
1766 4417 1907 4457 neve
1943 4416 2030 4457 se-

2127 3220 2398 3292 λούμενοι,
2430 3217 2570 3289 μετά
2592 3216 2692 3288 τὴν
2713 3216 2943 3289 ἄρνησιν
2958 3216 3052 3269 τοῦ
3073 3215 3361 3286 τυράννου,
3387 3217 3481 3270 καὶ
3500 3215 3598 3286 τὴν
3617 3216 3722 3270 τοῦ

2127 3311 2390 3380 βασιλέως
2418 3309 2733 3380 ὁμολογίαν,
2767 3307 2936 3361 οἱονεὶ
2975 3307 3248 3379 σφραγῖδά
3275 3326 3395 3362 τινα
3421 3307 3725 3379 βασιλικὴν-

2125 3402 2369 3468 δέξονται
2411 3400 2507 3453 τοῦ
2556 3398 2930 3471 πνευματικοῦ
2959 3397 3132 3471 μύρου
3161 3400 3222 3452 τὸ
3266 3399 3475 3472 χρίσμα
3501 3416 3514 3428 ·
3548 3399 3623 3464 ὡς
3655 3401 3722 3454 ὲν

2124 3497 2278 3567 τύπῳ
2306 3495 2382 3567 τῷ
2419 3495 2577 3567 μύρῳ
2595 3494 2693 3566 τὴν
2714 3493 2944 3566 ἀόρατον
2972 3491 3068 3546 τοῦ
3095 3493 3363 3562 παναγίου
3394 3493 3533 3547 Πνεύ
3543 3510 3720 3564 ματος

2127 3588 2287 3660 χάριν
2325 3587 2710 3658 ὑποδεχόμενοι
2737 3585 2805 3640 ⁸⁸.

2197 3762 2298 3815 Διά
2319 3758 2494 3814 τοῦτο
2513 3757 2784 3826 νεάνιδες
2804 3757 3132 3827 ἠγάπησὰν
3154 3775 3248 3814 σε.
3275 3759 3439 3828 (στιχ.
3460 3756 3556 3828 γ’.)
3571 3757 3718 3811 Εἵλ-

2128 3849 2330 3905 κυσὰν
2361 3866 2456 3910 σε.
2481 3849 2675 3903 ὀπίσω
2705 3866 2822 3904 σου
2859 3851 2946 3916 εὶς
2972 3848 3176 3918 ὀσμὴν
3197 3850 3393 3919 μύρου
3416 3865 3533 3902 σου
3570 3848 3718 3916 δραε

2123 3943 2348 4015 μοῦσαι
2363 3941 2501 3994 ⁸⁸⁸⁸⁸.
2526 3940 2766 4011 Ταύτης,
2799 3940 2955 4012 φησὶ,
2992 3941 3095 4011 τῆς
3117 3939 3378 4010 εὐοσμίας
3403 3939 3495 3993 τοῦ
3535 3939 3719 4010 μύρου

2131 4050 2248 4096 σου,
2274 4031 2522 4086 τουτέστι
2551 4032 2650 4101 τῆς
2683 4030 2834 4094 Θείας
2876 4031 2972 4083 καὶ
3012 4029 3393 4101 σωτηριώδους
3435 4047 3530 4082 σου
3568 4029 3715 4083 διδα-

2132 4123 2384 4187 σκαλίας,
2416 4121 2953 4193 ἀντιλαμϐανόμεναι
2983 4121 3037 4174 αί
3070 4121 3319 4174 νεανικαὶ
3343 4120 3436 4174 καὶ
3469 4121 3715 4190 ἀνδρεῖαι

2129 4215 2301 4286 ψυχαὶ
2328 4213 2553 4285 (ταύτας
2582 4211 2690 4283 γὰρ
2713 4211 2959 4276 νεάνιδας
2985 4213 3014 4265 ὁ
3036 4210 3194 4280 λόγος
3221 4211 3422 4281 καλεῖ).
3444 4208 3618 4274 οὕτως
3652 4227 3716 4263 σε

2132 4307 2353 4380 θερμῶς
2384 4305 2702 4378 ἠγάπησαν,
2732 4304 2807 4369 ὡς
2851 4303 3075 4357 ἑλκῦσαί
3110 4320 3170 4356 σε
3209 4303 3348 4374 πρὸς
3379 4301 3598 4368 ἑαυτὰς,
3617 4303 3717 4354 καὶ

2134 4399 2312 4452 ὀπίσω
2348 4415 2442 4451 σου
2476 4395 2865 4468 ἀκολουθῆσαι,
2889 4395 3025 4449 ἀλλά
3059 4396 3154 4448 καὶ
3203 4396 3302 4448 σὺν
3343 4394 3532 4466 δρόμῳ
3553 4392 3721 4446 τοῦτο

435 4494 804 4564 iungerentur
861 4508 891 4546 a
942 4491 1148 4549 dilecto
1194 4507 1322 4548 suo.
1381 4491 1542 4548 Hunc
1581 4502 1765 4549 autem
1793 4509 2018 4548 cursum

2131 4491 2372 4561 ποιῆσαι,
2405 4490 2491 4541 ἵνα
2525 4488 2599 4560 μὴ
2660 4485 3056 4557 ἀπολειφθῶσι,
3095 4487 3229 4558 μηδὲ
3279 4486 3591 4558 χωρισθῶσι
3616 4485 3715 4539 τοῦ

435 4586 682 4655 explicat
709 4587 875 4642 etiam
902 4587 1092 4643 beatus
1119 4586 1348 4652 Paulus,
1379 4605 1398 4640 ι
1437 4587 1636 4654 Curro,
1668 4587 1946 4658 inquiens,
1973 4585 2021 4642 si

435 4691 550 4746 quo
581 4679 744 4730 modo
768 4679 1255 4748 comprehendam,
1279 4679 1552 4750 siquidem
1581 4679 1744 4733 etiam
1769 4693 2022 4747 compre-

436 4769 646 4824 hensus
676 4784 799 4822 sum
827 4777 878 4822 1.
914 4789 933 4820 ›
979 4770 1042 4826 Ει
1082 4772 1258 4828 alibi:
1305 4791 1324 4823 ι
1371 4771 1486 4839 Sic,
1536 4771 1738 4842 inquit,
1788 4771 2020 4834 currite,

436 4870 496 4916 ut
543 4859 1030 4931 comprehendatis
1070 4872 1116 4916 ι.
1162 4881 1181 4916 i
1239 4863 1306 4917 Et
1345 4864 1454 4918 alio
1495 4864 1618 4920 loco
1675 4886 1689 4921 :
1746 4882 1765 4915 ι
1809 4863 2018 4918 Bonum

433 4958 717 5007 certamen
752 4950 984 5016 certavi,
1017 4968 1248 5009 cursum
1269 4955 1675 5022 consummavi,
1711 4953 1871 5009 [idem
1903 4969 2018 5009 ser-

435 5041 557 5098 vavi
585 5055 634 5096 ι.
672 5063 691 5096 ι
729 5043 942 5098 Anima:
963 5043 1133 5115 igitur
1158 5054 1386 5101 strenuo
1413 5061 1477 5101 ac
1506 5047 1647 5102 virili
1679 5063 1846 5104 sensu
1878 5060 2020 5117 pra:-

507 5239 532 5268 ν
566 5228 781 5289 Coloss.
820 5245 882 5294 ll,
908 5231 961 5285 9.
1036 5238 1064 5267 ι
1089 5228 1198 5288 lsa.
1239 5247 1313 5296 χι,
1342 5231 1390 5294 l,
1426 5231 1483 5285 2.
1557 5238 1584 5277 3'
1617 5227 1852 5301 Philipp.
1883 5244 1973 5292 in,
2006 5227 2094 5282 12.

2133 4580 2497 4651 ποθουμένου.
2528 4579 2690 4651 Δηλοῖ
2726 4578 2786 4632 δὲ
2815 4579 2909 4632 καὶ
2931 4579 2959 4631 ό
2993 4577 3262 4649 μακάριος
3284 4577 3498 4642 Παῦλος
3525 4576 3715 4631 τοῦτον

2127 4674 2222 4728 τὸν
2281 4673 2504 4744 δρόμον,
2569 4671 2746 4740 λέγων
2767 4685 2780 4700 ο
2807 4689 2824 4720 ι
2869 4669 3061 4742 Τρέχω
3090 4670 3142 4723 εἴ
3171 4685 3234 4738 γε
3276 4669 3369 4722 κα)⁵
3391 4669 3714 4733 καταλάϐω,

2129 4766 2213 4834 ἐφ’
2239 4756 2284 4832 ᾧ
2315 4763 2409 4817 καὶ
2434 4761 2802 4834 κατελήφθην.
2836 4780 2854 4812 ι
2892 4761 3003 4815 Καὶ
3025 4759 3186 4813 πάλιν
3209 4776 3223 4791 ο
3256 4779 3275 4811 ι
3315 4758 3529 4826 Οὕτως,
3552 4761 3711 4830 φησὶ,

2129 4857 2374 4929 τρέχετε,
2406 4855 2497 4908 ἵνα
2520 4853 2887 4924 καταλάϐητε.
2930 4870 2949 4903 ι
2989 4851 3099 4905 Καὶ
3132 4849 3392 4923 ἑτέρωθι·
3426 4868 3446 4902 ι
3480 4851 3588 4904 Τὸν
3613 4869 3716 4905 καφ
3757 4839 3769 4860 ⁸

2128 4951 2218 5004 λδν
2241 4950 2432 5020 ἀγῶνα
2460 4947 2792 5018 ἠγώνισμαι,
2838 4944 2930 4998 τὸν
2963 4945 3161 5014 δρόμον
3182 4944 3464 5009 τετέλεκα,
3500 4943 3603 5014 τὴν
3625 4943 3716 4999 πί·-

2128 5059 2246 5096 στιν
2271 5041 2570 5111 τετήρηκα.
2603 5057 2622 5090 ι
2649 5036 2917 5108 Τρέχουσι
2945 5035 3123 5090 τοίνυν
3153 5037 3209 5089 αι
3234 5034 3481 5090 νεανικὸν
3511 5034 3716 5107 φρόνη-

2172 5234 2193 5260 ⁸
2227 5223 2244 5277 Ι
2273 5225 2399 5280 Cor.
2440 5239 2516 5290 ix,
2549 5221 2639 5276 ει.
2720 5233 2744 5260 ο
2779 5219 2820 5275 11
2843 5219 2989 5276 Tini.
3024 5237 3096 5286 tv,
3139 5221 3192 5272 7.

1751 5385 1988 5441 VARUE
2029 5383 2432 5442 LECTIONES.
2497 5374 2500 5378 λ

509 5492 555 5525 ⁵³
589 5489 1024 5562 Μύρον--όνομά
1058 5506 1174 5562 σου.
1210 5488 1368 5543 Hebr.
1400 5488 1542 5562 sicut
1585 5483 2026 5562 oleu_m_etl‘unde1

2131 5483 2350 5562 nomine
2369 5492 2495 5562 _tuo_.

436 5551 807 5632 proxitna'lin.
851 5560 885 5616 5
915 5551 970 5616 et
997 5561 1060 5614 2|
1094 5561 1256 5632 obvia
1290 5567 1426 5632 est._
1478 5559 1536 5632 δξ
1556 5554 1721 5632 αὐτοῦ
1751 5555 1868 5611 des.
1924 5555 1979 5632 in
2010 5569 2026 5608 t

2131 5595 2135 5608 .
2212 5553 2256 5584 “
2281 5553 2418 5632 c_od_._
2433 5551 2617 5608 αὐτόν.

2606 5483 2652 5514 ⁸³
2687 5497 2802 5533 σου.
2835 5478 2958 5533 cod.
3008 5495 3114 5541 σοι,
3146 5490 3266 5546 qua:
3313 5474 3474 5529 lectio
3517 5477 3718 5546 pagina

2719 5551 2765 5582 ⁸⁸
2793 5550 2886 5602 καί
2933 5550 3087 5603 abest
3118 5563 3147 5599 a
3172 5546 3298 5600 cod.

3389 5546 3432 5576 ιτ
3466 5546 3654 5576 καμψι-

437 5546 807 5632 ριόιὶιηέιίη.
851 5560 885 5616 5
915 5546 970 5616 οἱ
997 5561 1060 5614 21
1094 5561 1256 5614 obvia
1290 5567 1394 5614 est.
1478 5559 1527 5588 “
1556 5554 1721 5610 αὐτοῦ
1751 5555 1868 5611 des.
1924 5555 1979 5608 in
2010 5569 2026 5608 t

437 5634 558 5688 des.
588 5632 641 5686 in
673 5631 798 5685 cod.
834 5632 1028 5686 relicto
1052 5631 1255 5700 spatio.
1302 5698 1313 5700 μ
1334 5630 1381 5660 ⁸⁸
1407 5626 1809 5700 ὑποδεχόμενοι.
1862 5623 2026 5678 codex

2131 5595 2135 5608 .
2212 5553 2256 5584 "
2281 5553 2404 5607 cod.
2433 5551 2617 5608 αὐτόν.
2719 5551 2765 5582 ⁸⁸
2793 5550 2886 5602 καί
2933 5550 3087 5603 abest
3118 5563 3147 5599 a
3172 5546 3298 5600 cod.
3389 5546 3432 5576 "
3465 5546 3514 5599 δι
3559 5554 3654 5598 νοί·

2131 5624 2508 5693 superioribus
2553 5622 2753 5700 repetit
2808 5617 3151 5700 ista,__p.iipov
3192 5615 3494 5700 ἐκκενωθὲν
3520 5565 3724 5700 τίενοῄ

441 5685 557 5755 ὀόῐξ
590 5685 599 5686 ί
632 5702 751 5734 ⁸⁹·⁸⁰
775 5685 1446 5770 Ετλκυσαν-ἓδραμοῦσαι.
1474 5685 1840 5770 Delii-Troile
1868 5708 1953 5770 m_c
1979 5709 2026 5764 p4

2131 5685 2217 5770 te;
2241 5700 2296 5747 ct
2329 5685 2635 5770 curremus:
2674 5691 2878 5762 Symm.
2923 5685 3172 5759 ἕλ’κεμε.
3212 5686 3344 5756 Aqu.
3381 5685 3608 5741 ἓλκυσόν
3639 5685 3714 5751 με

445 5771 619 5840 μύρου
651 5789 746 5826 σου
775 5771 1100 5844 δραμοῦσαι.
1126 5762 1362 5840 Recepta
1393 5767 1553 5825 lectio
1587 5767 1638 5825 h.
1676 5767 1710 5822 Ι.
1740 5775 1821 5823 est
1857 5762 2026 5837 μύριοι

2135 5782 2162 5817 υ
2192 5762 2292 5834 δρα
2299 5763 2400 5836 μού
2408 5779 2526 5836 μεν.
