3940 6200
193 313 245 378 δι
1233 310 1317 372 IN
1350 309 1738 372 CANTICUM
1778 284 2070 373 CANTIC-
2125 311 2270 375 LIB.
2303 315 2353 374 Ι.
3356 315 3426 378 62

197 445 264 500 μα
290 424 605 497 κεκτημέναι
626 423 830 494 ψυχαὶ,
857 423 950 477 καὶ
973 424 1065 477 τον
1089 423 1257 497 ἀϐρὸν
1287 427 1382 479 καὶ
1413 424 1580 496 ὑγρδν
1644 423 1736 476 καὶ

1853 427 1990 491 ditm,
2034 429 2271 498 vitmque
2318 429 2653 498 voluptatem
2707 436 2762 485 et
2796 428 3077 484 lasciviam
3121 438 3285 500 atque
3327 433 3426 488 dc-

195 517 368 591 χαῦνον
399 516 510 587 βίον
534 514 922 586 διαφυγοῦσαι,
956 516 1049 569 καὶ
1076 515 1167 568 τὸν
1199 515 1360 569 πόνον
1377 517 1498 569 ἀντὶ
1526 516 1741 586 τρυφῆς

197 609 543 680 προελόμεναι,
559 606 737 660 ὀπίσω
753 606 848 661 τοῦ
866 606 1099 677 νυμφίου
1113 606 1436 676 θελγόμεναι
1449 606 1543 660 καὶ
1561 605 1749 660 καλού-

201 717 337 772 μεναι
351 699 387 730 ¹¹
407 703 470 770 τῇ
493 698 690 770 εὐωδίᾳ
707 699 800 752 τοῦ
825 701 1019 770 μύρου,
1037 699 1132 754 καὶ
1147 699 1310 753 οἱονεί⁵
1326 701 1550 772 ἀρρήτῳ
1564 697 1748 769 δεσμῷ

199 793 545 862 κατεχόμεναι.
577 791 766 845 Ταῦτα
803 793 903 863 μὲν
935 787 1029 846 οὖν
1085 794 1118 865 ἡ
1144 793 1355 865 νύμφη,
1400 793 1626 866 μηδέπω
1651 791 1746 846 τοῦ

198 883 454 955 νυμφῶνος
468 884 786 950 ἀξιωθεῖσα,
802 884 938 955 πρός
955 902 1013 938 τε
1029 884 1122 940 τὸν
1137 885 1231 940 τοῦ
1251 903 1310 938 νυ
1321 887 1483 958 μφίου
1504 887 1745 958 Πατέρα,

199 979 420 1048 καὶπρὸς
464 977 632 1032 αὐτὸν
671 976 765 1030 τὸν
798 979 1030 1048 νυμφίον
1073 979 1370 1050 ἐληλυθότα
1404 980 1540 1052 πρὸς
1577 980 1748 1049 αὐτὴν

197 1069 526 1142 διεξέρχεται..
569 1069 842 1137 Ἀξιοῦται
871 1069 929 1124 δὲ
949 1072 1161 1144 καὶτῆς
1186 1073 1480 1137 παστάδος,
1511 1074 1605 1127 καὶ
1639 1074 1746 1126 τῶν

196 1165 272 1218 τοῦ
298 1164 522 1235 νυμφίου
549 1165 811 1235 θαλάμων
843 1184 902 1219 τε
930 1166 1024 1219 καὶ
1045 1167 1328 1237 ταμιείων,
1369 1167 1462 1221 καὶ
1491 1185 1747 1238 σεμνυνο-

199 1259 309 1327 μὲνη
338 1257 463 1326 :96;
498 1257 592 1311 τὸν
621 1259 824 1312 οἰκεῖον
849 1258 996 1327 λέγει
1029 1255 1188 1330 χορόν
1208 1277 1220 1288 ·
1248 1278 1266 1311 ι
1299 1259 1596 1331 Εἰσήνεγκέ
1624 1277 1690 1330 με
1720 1261 1748 1313 ὁ

198 1348 410 1418 βασιλεὺς
427 1351 516 1413 είς
532 1351 591 1404 τὸ
607 1353 853 1422 ταμιεῖον
873 1350 1060 1414 αὑτοῦ,
1083 1370 1101 1402 ι
1119 1351 1385 1411 τουτέστι,
1404 1351 1474 1404 τὰ
1496 1369 1745 1423 κεκρυμ-

197 1440 308 1508 μένα
325 1439 484 1492 αὐτοῦ
513 1441 831 1510 ἀπεκάλυψέ
857 1459 946 1512 μοι
973 1440 1339 1512 βουλεύματα’
1359 1441 1422 1494 τὸ
1447 1442 1748 1512 μυστήριον

193 1532 242 1585 τδ
262 1532 356 1586 ἀπὸ
380 1533 493 1585 τῶν
521 1531 736 1586 αἰώνων
753 1534 848 1587 καὶ
863 1534 970 1588 άπδ
987 1533 1096 1586 τῶν
1118 1521 1322 1602 γενεῶν
1341 1532 1604 1604 ἐγνώρισέ
1632 1549 1744 1601 μοι·

192 1629 294 1688 τοὺς
319 1626 647 1698 Θησαυροῦς,
683 1628 816 1690 τοὺς
851 1627 1180 1691 σκοτεινοῦς,
1232 1627 1327 1680 καὶ
1365 1626 1744 1698 ἀποκρύφους,

193 1720 267 1772 καὶ
286 1719 568 1790 ἀοράτους,
598 1719 800 1790 ἀνέῳξε
825 1737 939 1790 μοι,
967 1719 1107 1774 κατὰ
1124 1719 1222 1790 τὴν
1243 1719 1338 1772 τοῦ
1364 1720 1592 1773 Ἡσαΐου
1623 1736 1750 1789 προ-

191 1811 400 1878 φητείαν.
433 1812 556 1866 Καὶ
576 1811 732 1865 τοῦτο
757 1811 907 1864 ἔστιν
937 1812 1324 1883 ἀκριϐέστερον
1349 1814 1414 1867 ἐκ
1440 1813 1549 1867 τῶν
1583 1814 1745 1884 ίερῶν

190 1903 509 1970 Εὖαγγελίων
533 1903 748 1974 μαθεῖν,
780 1904 944 1976 ἡνίκα
982 1907 1010 1958 6
1040 1905 1318 1977 Δεσπότης
1344 1907 1602 1978 Χριστὸς,
1630 1908 1744 1969 τοῖς

189 1992 271 2061 μὲν
304 1992 578 2058 Ἰουδαίοις
610 1995 667 2048 ὲν
690 1996 1030 2066 παραϐολαῖς
1050 1996 1340 2064 διελέγετο,
1359 1999 1469 2060 τοῖς
1489 1998 1543 2050 δὲ
1567 1997 1744 2065 ἁγίοις

188 2085 323 2138 αὑτοῦ
355 2087 636 2158 μαθηταῖς
687 2089 1047 2142 ἀπεκάλυπτε
1109 2089 1216 2144 τῶν
1277 2090 1602 2160 παραϐολῶν
1646 2090 1745 2161 τὴν

189 2179 411 2247 διάνοιαν,
432 2181 617 2248 λέγων
641 2196 654 2210 ’
685 2201 703 2232 ι
728 2181 887 2252 Ὑμῖν
911 2180 1114 2235 δέδοται
1139 2182 1342 2250 γνῶναι
1367 2183 1436 2236 τά
1471 2185 1747 2255 μυστήρια

189 2272 268 2339 τῆς
296 2273 593 2341 βασιλείας,
628 2275 861 2340 ἐκείνοις
896 2272 952 2328 δὲ
992 2275 1050 2328 οὐ
1085 2275 1314 2330 δέδοται.
1350 2275 1456 2328 Καὶ
1504 2279 1748 2347 ταμιεῖον

189 2361 290 2415 δὲὸ
346 2364 558 2435 Κύριος
615 2365 714 2436 τὴν
743 2366 985 2419 διάνοιαν
1056 2365 1476 2439 προσαγορεύει,
1535 2367 1744 2435 λέγων⁶

193 2473 209 2503 ι
245 2455 304 2506 Σὺ
329 2456 381 2508 δὲ
409 2459 547 2510 ὅταν
583 2457 885 2530 προσεύχῃ.
915 2459 1121 2512 εἴσελθε
1153 2462 1230 2522 είς
1245 2459 1307 2512 τὸ
1343 2459 1596 2529 ταμιεῖόν
1630 2476 1746 2522 σου,

190 2548 264 2600 καὶ
283 2551 577 2620 πρόσευξαι
614 2549 692 2620 τῷ
722 2551 898 2621 Πατρί
934 2569 1025 2606 σου
1059 2551 1136 2622 τῷ
1169 2553 1226 2604 ὲν
1257 2550 1333 2622 τῷ
1369 2552 1595 2623 κρυπτῷ
1619 2552 1686 2606 δ’.
1723 2570 1742 2603 ι

193 2641 522 2711 ιΕξσήνεγκέ
557 2660 626 2712 με
651 2646 680 2697 ὁ
718 2641 968 2713 βασιλεὺς
1001 2645 1079 2706 είς
1107 2643 1167 2697 τὸ
1206 2648 1454 2712 ταμιεῖον
1498 2645 1686 2699 αὐτοῦ·
1724 2666 1742 2697 ι

193 2733 455 2804 μονονουχὶ
483 2733 720 2802 λέγουσα
775 2736 914 2805 μετὰ
940 2736 1030 2788 τοῦ
1079 2735 1353 2805 μακαρίου
1401 2736 1636 2801 Παύλου,
1667 2737 1748 2790 ὃτι

192 2839 210 2873 ι
244 2824 298 2876 Ἀ
336 2825 627 2896 ὀφθαλμὸς
675 2828 776 2880 οὐκ
805 2825 930 2890 εἶδε,
951 2829 1044 2882 καὶ
1065 2824 1155 2891 οῦς
1175 2827 1275 2881 οὐκ
1295 2828 1516 2899 ἢκουσε,
1541 2831 1634 2883 καὶ
1659 2830 1751 2882 ἐπὶ

201 2911 410 2977 καρδίαν
428 2910 719 2980 ἀνθρώπου
736 2914 838 2967 οὐκ
853 2915 1044 2983 ἀνέϐη,
1067 2916 1096 2968 ἃ
1123 2914 1416 2984 ἡτοίμασεν
1437 2916 1462 2967 ὀ
1478 2913 1611 2979 Θεὸς
1627 2915 1740 2979 τοῖς

205 3001 476 3066 ἀγαπῶσιν
503 3002 548 3033 ⁸³
578 3003 746 3056 αὐτόν
765 3018 781 3035 ⁸
823 3006 956 3074 ἡμῖν
979 3004 1039 3058 δὲ
1063 3007 1090 3058 6
1111 3006 1246 3069 Θεὸς
1268 3007 1626 3075 ἀπεκάλυψσε
1656 3007 1746 3060 διά

1849 519 2046 576 sidiam
2079 520 2376 592 fugientes,
2409 530 2462 576 et
2493 521 2737 576 laborem
2769 522 2983 579 deliciis
3008 532 3424 593 anteponentes,

1849 621 1975 685 post
2005 629 2272 684 sponsum
2301 621 2560 678 currunt,
2603 615 2862 684 unguenti
2899 613 3201 685 fragrantia
3229 617 3428 672 illecta

1849 714 2014 776 atque
2036 711 2309 770 attractm,
2345 719 2410 758 ac
2448 702 2617 758 veluti
2650 705 2876 757 vinculo
2911 704 3148 773 quodam
3196 704 3424 774 inexpli-

1848 797 2018 853 cabili
2046 797 2342 867 colligatae.
2375 795 2590 866 Sponsa
2621 796 2812 867 igitur,
2840 797 3082 850 nondum
3108 798 3172 850 ad
3204 798 3428 867 nuptias

1847 891 2114 955 admissa.
2151 888 2341 962 sponsi
2371 887 2618 953 Patrem,
2644 897 2700 945 et
2734 904 3001 958 sponsum
3042 889 3222 960 ipsum
3267 889 3332 942 ad
3368 904 3429 944 se

1851 982 2162 1054 profectum
2226 982 2314 1038 his
2361 981 2682 1051 alloquitur.
2747 981 2826 1034 Ad
2864 981 3087 1051 nuptias
3127 987 3331 1044 autem,
3373 988 3430 1034 et

1850 1077 2040 1147 sponsi
2068 1076 2396 1138 thalamum,
2429 1084 2482 1129 et
2510 1071 2826 1128 cubiculum
2848 1071 3191 1126 admittitur:
3224 1079 3278 1124 et
3309 1070 3428 1140 glo-

1850 1168 1997 1222 riosa
2030 1168 2116 1222 his
2142 1176 2345 1222 caelum
2377 1180 2539 1220 suum
2573 1164 2653 1219 sic
2684 1161 2917 1216 all‘atur:
2959 1181 2977 1214 ι
3017 1160 3328 1216 Introduxit
3346 1174 3432 1212 me

1849 1277 1946 1316 rex
1989 1260 2042 1314 in
2086 1258 2649 1318 cubiculum'suum,
2697 1273 2714 1305 ι
2743 1253 2796 1306 id
2832 1259 2937 1318 est,
2973 1251 3264 1306 recondita
3295 1251 3428 1304 mihi

1849 1352 2086 1407 consilia
2119 1365 2217 1405 sua
2250 1346 2510 1420 patefecit
2543 1365 2557 1399 :
2591 1345 2919 1417 mysterium
2953 1359 2980 1398 a
3005 1345 3226 1399 srcculis
3258 1353 3310 1398 et
3339 1360 3432 1413 ge-

1851 1445 2244 1503 nerationibus
2281 1443 2414 1497 mihi
2451 1441 2756 1506 indicavit;
2794 1437 3085 1491 thesauros
3123 1435 3340 1490 abditos
3380 1444 3428 1489 et

1849 1537 2207 1594 absconditos
2254 1543 2423 1605 atque
2461 1533 2771 1588 invisibiles
2804 1529 3020 1600 aperuit
3045 1527 3197 1592 mihi,
3233 1542 3434 1582 secun-

1851 1632 1979 1685 dmn
2013 1630 2169 1684 isaize
2189 1627 2534 1699 prophetiam
2559 1625 2609 1678 δ.
2639 1623 2703 1677 Et
2723 1625 2827 1676 hoc
2843 1638 2906 1676 ex
2923 1621 3098 1677 sacris
3118 1618 3434 1689 Evangeliis

1853 1724 2059 1779 clarius
2111 1723 2238 1776 licet
2273 1719 2606 1790 intelligere,
2647 1716 2736 1769 ubi
2771 1715 3026 1770 Christus
3060 1712 3324 1767 Dominus
3367 1709 3432 1763 ad

1851 1815 2074 1872 Judmos
2110 1815 2164 1868 in
2207 1812 2488 1882 parabolis
2521 1809 2790 1878 loquitur,
2818 1807 3028 1861 sanctis
3060 1814 3240 1859 autem
3264 1802 3432 1858 disci-

1849 1910 1994 1979 pulis
2018 1907 2135 1962 suis
2167 1905 2273 1976 32
2303 1903 2688 1974 parabolarum
2716 1913 2938 1954 sensum
2964 1898 3211 1967 exponit,
3237 1894 3430 1954 Vobis,

1850 1998 2130 2069 inquiens,
2181 1995 2369 2048 datum
2417 2001 2499 2045 est
2552 2005 2716 2044 nosse
2782 1988 3042 2057 mysteria
3097 1985 3274 2055 regni,
3325 1985 3434 2039 illis

1847 2104 2026 2146 autem
2065 2106 2172 2143 non
2208 2095 2292 2141 est
2324 2086 2510 2139 datum
2547 2093 2593 2138 ο.
2643 2080 2817 2135 Porro
2869 2096 2887 2130 ι
2915 2076 3233 2131 cubiculum
3259 2094 3280 2126 ι
3330 2073 3435 2127 Do-

1850 2186 2032 2240 minus
2054 2197 2279 2236 sensum
2304 2186 2462 2233 vocat
2487 2177 2681 2230 dicens
2713 2192 2724 2227 :
2763 2194 2779 2224 ι
2813 2171 2894 2225 Tu
2917 2178 3098 2224 autem
3122 2182 3246 2222 eum
3280 2180 3432 2231 oras,

1851 2276 1996 2330 intra
2030 2275 2084 2328 in
2122 2271 2439 2328 cubiculum
2475 2277 2653 2329 tuum,
2681 2276 2734 2321 et
2766 2279 2861 2319 ora
2899 2262 2964 2316 ad
3001 2259 3219 2315 Patrem
3256 2267 3432 2318 tuum,

1849 2367 1940 2438 qui
1991 2375 2074 2420 est
2115 2363 2168 2417 in
2217 2359 2546 2417 abscondito
2571 2358 2622 2412 ἀ.
2656 2376 2674 2407 ι
2708 2387 2777 2398 -
2816 2374 2834 2406 ι
2863 2352 3174 2408 Introduxit
3220 2365 3307 2404 me
3339 2365 3430 2402 rex

1851 2462 1904 2514 in
1955 2457 2268 2513 cubiculum
2333 2469 2516 2510 suum.
2553 2471 2570 2502 ι
2629 2447 3033 2520 Propemodum
3065 2445 3258 2500 dicens
3304 2458 3431 2496 cum

1851 2552 2010 2606 beato
2066 2547 2281 2602 Paulo:
2322 2565 2339 2596 ι
2372 2544 2507 2611 Qua:
2545 2540 2746 2595 oculus
2789 2553 2899 2592 non
2940 2535 3096 2594 vidit,
3136 2549 3236 2588 nec
3283 2531 3435 2585 auris

1850 2641 2082 2704 audivit,
2114 2654 2218 2693 nec
2255 2637 2308 2690 in
2343 2652 2442 2690 cor
2473 2632 2713 2687 hominis
2731 2627 3120 2689 ascenderunt,
3144 2638 3265 2693 qua:
3291 2637 3436 2690 prae-

1849 2737 2063 2809 paravit
2123 2732 2268 2788 Deus
2303 2727 2666 2800 diligentibus
2708 2739 2768 2779 se
2801 2739 2813 2776 :
2853 2721 3018 2776 nobis
3059 2727 3242 2771 autem
3291 2714 3436 2769 Deus

1847 2829 2108 2885 revelavit
2127 2841 2221 2895 per
2239 2822 2505 2894 Spiritum
2531 2833 2746 2874 suum.»
2772 2845 2826 2853 --
2861 2832 2879 2864 σ
2905 2811 3012 2865 Nos
3030 2810 3176 2864 enim
3209 2820 3433 2861 sensum

1848 2922 2052 2978 Christi
2082 2921 2350 2974 haanus
2381 2930 2428 2980 ε,
2467 2915 2522 2968 in
2558 2927 2668 2982 quo
2697 2922 2895 2963 omnes
2927 2913 3056 2961 sunt
3079 2901 3325 2959 thesauri
3352 2914 3439 2955 sa-

1850 3012 2073 3085 pientiae
2106 3018 2160 3064 et
2199 3008 2445 3064 scientiae
2478 2999 2795 3058 absconditi
2830 2998 2875 3052 τ.
2907 3018 2924 3050 ι
2956 3026 3026 3038 --
3065 3015 3083 3046 ι
3121 2991 3436 3047 Introduxit

187 3089 264 3142 τοῦ
284 3093 599 3163 Πνεῦματος
629 3095 818 3150 αὑτοῦ.
859 3095 1048 3167 Ἡμεῖς
1068 3096 1178 3170 γὰρ
1210 3098 1335 3153 νοῦν
1357 3100 1595 3174 Χριστοῦ
1625 3101 1739 3172 ἕχο-

1853 3122 1937 3160 me
1961 3120 2056 3158 rex
2079 3103 2131 3156 in
2159 3100 2477 3156 cubiculum
2503 3111 2686 3151 suum.
2728 3114 2746 3144 ι
2777 3090 2896 3145 Non
2922 3090 3160 3143 alienum
3187 3093 3264 3138 est
3284 3097 3434 3152 (pure-

192 3199 290 3284 pfv,
317 3181 437 3284 ἐνῷ
474 3188 679 3251 πάντες
729 3189 870 3242 είσὶν
902 3191 948 3243 oi
985 3190 1246 3262 θησαυροὶ
1277 3194 1376 3264 τῆς
1413 3195 1608 3264 σοφίας
1658 3199 1753 3249 καὶ

189 3274 268 3340 τῆς
291 3274 544 3343 γνώσεως
591 3277 925 3349 ἀπόκρυφοι.
955 3299 1077 3331 ι-ι
1101 3282 1403 3354 Είσήνεγκέ
1441 3302 1508 3356 με
1539 3286 1566 3338 ὁ
1601 3285 1752 3356 βασι.

190 3361 292 3429 λεῦς
341 3365 419 3431 εἰς
456 3368 520 3421 τὸ
567 3373 821 3440 ταμιεῖον
867 3371 1055 3427 αὑτοῦ.
1094 3393 1112 3425 ι
1157 3374 1480 3446 Ἀναγκαῖον
1510 3378 1752 3450 ζητῆσαι

191 3457 310 3520 τίνος
336 3458 521 3514 ἕνεκεν
557 3460 697 3530 μόνη
729 3464 762 3533 ἡ
802 3463 990 3534 νύμφη
1017 3465 1316 3534 είσάγεται.
1340 3471 1394 3522 αἱ
1425 3468 1482 3522 δὲ
1513 3471 1752 3536 νεάνιδες

191 3549 272 3603 οὐκ
294 3553 600 3622 εἰσάγονται
647 3555 764 3608 ἀλλ’
789 3553 894 3609 ἔξω
928 3557 951 3608 ἐ
1132 3561 1152 3576 ⁸
1436 3562 1448 3578 ’
1676 3567 1688 3580 ⁸

605 3598 620 3621 ,
819 3594 845 3620 .,
959 3574 1230 3627 στηκυιαι,
1265 3559 1363 3632 τὴν
1389 3580 1611 3634 νυμφην
1643 3581 1755 3619 εισ-

193 3639 423 3698 ελθοῦσαν
477 3647 815 3716 ἀναμένουσι
844 3665 856 3678 ⁸
887 3651 978 3702 καὶ
1004 3649 1323 3724 ὲξελθοῦσης
1370 3657 1464 3709 καὶ
1485 3657 1751 3730 διηγησα-

195 3732 338 3804 μένης
359 3735 476 3799 πῶς
514 3737 815 3808 εἰσήγαγεν
845 3741 1014 3810 αὐτὴν
1049 3745 1076 3796 ὁ
1115 3743 1372 3813 βασιλεὺς
1416 3748 1497 3808 εἰς
1542 3747 1601 3800 τὸ
1651 3767 1751 3802 τα-

196 3824 345 3886 μιεῖον
374 3825 561 3890 αὑτοῦ,
592 3829 894 3896 ἐπάγουσιν
923 3846 936 3859 ⁸
968 3850 987 3882 ι
1010 3832 1518 3906 Ἀγαλλιασώμεθα,
1548 3837 1642 3891 καὶ
1659 3839 1752 3892 εὑ-

194 3915 578 4019 ςνρανθῶ-μενὲν
609 3921 712 4019 σοί.
741 3923 1126 3996 Ἀγαπήσομεν
1150 3929 1388 3998 μαστούς
1415 3947 1510 3982 σου
1540 3931 1586 3962 ⁸³
1613 3931 1754 4003 ὑπὲρ

195 4009 329 4061 οἶνον.
375 4009 624 4082 Εὺθὺτης
646 4013 903 4085 ὴγάπησέ
932 4033 991 4068 σε
1010 4016 1076 4072 ⁸³.
1112 4036 1130 4069 ι
1168 4019 1240 4072 Οὐ
1288 4021 1489 4085 πάντες
1513 4024 1559 4075 οί
1592 4040 1754 4076 πεπι-

198 4100 468 4166 στευκότες,
506 4103 607 4173 τῆς
670 4104 795 4177 ἴσης
855 4107 1015 4175 ἀξίας
1073 4111 1404 4184 ὑπάρχουσι.
1479 4133 1497 4166 ι
1555 4115 1754 4170 Πολλαὶ

199 4189 287 4261 γὰρ
311 4196 461 4263 μοναὶ
485 4197 640 4266 παρὰ
685 4198 761 4268 τῷ
808 4201 984 4273 Πατρί
1019 4221 1142 4273 μου,
1171 4225 1189 4256 ι
1221 4207 1385 4275 φησὶν
1434 4209 1462 4260 ὁ
1494 4209 1750 4278 Χριστὸς,

198 4283 458 4351 τουτέστιν,
511 4286 845 4356 ἀξιωμάτων
904 4291 1176 4364 διαφοραί.
1205 4297 1366 4350 ’Ἄλλο
1418 4298 1526 4369 γὰρ
1567 4300 1754 4370 τάγμα

204 4377 542 4447 πατριαρχῶν,
599 4381 694 4434 καὶ
751 4381 882 4436 ἄλλο
956 4387 1285 4456 προφητῶν·
1341 4390 1467 4443 ἀλλο
1515 4392 1747 4445 ἀποστάς

201 4457 314 4526 λων,
354 4467 448 4519 καὶ
492 4467 625 4521 ἄλλο
667 4471 717 4503 ⁵⁸
748 4473 1074 4544 μαρτύρωνο
1095 4477 1224 4530 ἄλλο
1251 4478 1362 4532 τῶν
1392 4483 1449 4534 ἐν
1483 4482 1752 4552 παρθενίᾳ

203 4553 583 4647 ᾲαπρεψάντων
640 4563 711 4630 ⁸⁷,
761 4541 856 4620 καῖ
899 4541 1026 4622 ἀλλο
1077 4571 1185 4623 τῶν
1222 4573 1314 4627 τοῦ
1355 4576 1534 4645 γάμου
1564 4541 1750 4647 ’ζυγὸν

202 4645 403 4739 ιννάμως
426 4654 769 4709 ὑπελθόντων
802 4672 815 4687 ο
847 4660 977 4714 ἀλλο
1015 4662 1125 4716 τῶν
1161 4665 1217 4717 ὲν
1247 4665 1461 4739 πλούτῳ
1493 4669 1584 4722 τὸν
1617 4645 1750 4726 θεὸν

202 4736 649 4811 θεραπευσάντων,
692 4749 785 4802 καὶ
843 4753 1054 4806 πιστῶν
1094 4757 1396 4828 οἰκονόμων
1433 4736 1752 4834 ⁷γεγενημέ-

201 4846 302 4896 νων,
327 4837 412 4888 καὶ
440 4837 571 4892 ἄλλο
600 4839 712 4894 τῶν
732 4842 834 4912 τῆς
864 4845 1053 4910 πενίας
1085 4845 1152 4900 τά
1178 4850 1400 4903 ποικίλα
1447 4853 1592 4923 παθή
1602 4872 1750 4922 ματα

199 4926 445 5015 καρτερῶς
473 4929 898 4999 ὑπενεγκάντων
931 4951 943 4963 ·
976 4938 1101 4992 ἀλλο
1136 4941 1246 4994 τῶν
1304 4942 1404 5014 τὴν
1463 4945 1750 5015 πολιτικὴν

203 5012 364 5086 ἀρετὴν
393 5021 710 5088 μετιόντων,
734 5027 828 5079 καὶ
857 5027 986 5081 ἀλλο
1011 5031 1119 5084 τῶν
1162 5034 1222 5086 ὲν
1253 5012 1406 5106 ϐρεσι
1457 5012 1749 5106 διαιτωμέ-

201 5115 309 5164 νων,
335 5109 422 5160 καὶ
441 5113 508 5182 τῇ
538 5113 662 5187 θείᾳ
703 5115 911 5189 θεωρίᾳ
948 5120 1087 5192 μόνῃ
1123 5128 1411 5197 προσέχειν
1454 5145 1752 5199 προαιρου-

208 5268 406 5402 milia.
443 5296 564 5348 xcv,
590 5283 643 5338 3.
724 5294 748 5320 ε
781 5283 974 5342 Matth.
1004 5303 1123 5349 xm,
1161 5288 1242 5341 ll.

1355 5287 1380 5326 ἀ
1418 5289 1703 5352 Mattli.vt,
1746 5294 1800 5345 6.

1855 3214 2001 3263 rere,
2031 3210 2130 3249 cur
2165 3193 2281 3247 sola
2321 3204 2526 3260 sponsa
2558 3186 2969 3245 introducatur,
3011 3175 3437 3232 adulescentula;

1855 3298 2038 3344 autem
2071 3301 2180 3339 non
2212 3283 2363 3337 item.
2403 3279 2559 3334 Foris
2586 3277 2731 3331 enim
2775 3284 3005 3334 Stantcs,
3047 3281 3304 3338 sponsam
3348 3264 3435 3318 in-

1851 3380 2198 3452 gredientem
2241 3375 2608 3446 operiuntur,
2667 3383 2842 3436 caque
2893 3363 3224 3436 egrediente,
3271 3368 3435 3428 atque

1853 3451 2171 3534 enarrante,
2217 3484 2327 3538 quo
2377 3463 2540 3519 modo
2596 3477 2689 3515 rex
2749 3460 2922 3530 ipsam
2964 3452 3335 3510 introduxerit
3378 3451 3434 3503 in

1853 3563 2171 3619 cubiculum
2197 3574 2380 3626 suum,
2409 3556 2675 3625 adjiciunt
2711 3571 2724 3606 :
2755 3571 2771 3602 ι
2807 3549 3176 3607 Exsultemus,
3202 3552 3256 3598 et
3285 3543 3437 3596 latte-

1855 3672 1978 3709 mur
2003 3655 2056 3707 in
2085 3663 2156 3708 te.
2179 3651 2484 3719 Diligemus
2504 3646 2673 3702 ubera
2705 3652 2795 3696 tua
2828 3639 3002 3710 magis
3032 3623 3196 3707 quam
3220 3633 3434 3686 vinum.

1855 3745 2150 3800 Rectitudo
2191 3741 2384 3796 dilexit
2419 3747 2493 3793 te.
2544 3756 2562 3788 ›
2586 3735 2707 3790 Νοη
2735 3747 2930 3788 omnes
2951 3729 3044 3800 qui
3081 3724 3436 3782 crediderunt

1856 3849 1984 3894 sunt
2009 3841 2062 3892 in
2093 3836 2283 3892 eodem
2313 3829 2595 3903 dignitatis
2621 3825 2816 3898 gradu.
2854 3843 2872 3874 ι
2900 3823 3082 3877 Multm
3101 3820 3268 3881 enitn,
3298 3815 3436 3870 dicit

1854 3931 2132 3993 Christus,
2173 3923 2487 3980 mansiones
2514 3926 2643 3975 sunt
2672 3915 2814 3986 apud
2852 3912 3068 3967 Patrem
3105 3923 3286 3964 meum
3314 3909 3360 3970 ⁸,
3409 3923 3430 3956 ι

1854 4023 1959 4077 hoc
1992 4027 2097 4082 est,
2139 4017 2323 4071 multa:
2357 4012 2685 4083 dignitatum
2731 4003 3072 4058 differentize.
3118 3999 3249 4053 Nam
3294 3997 3438 4051 alius

1854 4123 1939 4171 est
1975 4112 2113 4168 ordo
2154 4106 2620 4180 patriarcharum,
2660 4098 2807 4153 alius
2842 4095 3254 4166 prophetarum.
3289 4091 3438 4145 alius

1856 4206 2271 4277 apostolorum,
2334 4199 2476 4252 alias
2538 4202 2863 4263 martyrum.
2918 4187 3063 4241 alius
3103 4183 3437 4255 virginitatis

1853 4274 2052 4355 decore
2083 4291 2485 4366 praestantium,
2526 4286 2667 4340 alius
2699 4278 3032 4336 matrimonii
3073 4275 3263 4346 jngum
3306 4274 3437 4343 legi-

1859 4391 1986 4444 time
2010 4363 2383 4444 subeuntium,
2421 4379 2563 4433 alins
2606 4375 2753 4428 inter
2789 4369 3009 4424 divitias
3043 4366 3151 4418 Deo
3180 4363 3284 4432 33
3322 4377 3437 4415 scr-

1857 4480 2122 4536 vientium
2157 4476 2507 4542 ﬁdeliumque
2531 4470 2992 4538 dispensator-um,
3031 4460 3171 4512 alius
3204 4469 3436 4526 pauper-

1859 4573 1987 4627 tatis
2025 4567 2207 4623 varias
2250 4578 2528 4619 aerumnas
2575 4558 2788 4612 fortiter
2839 4547 3254 4609 sustinentium,
3298 4544 3437 4598 alius

1858 4663 2073 4717 civilem
2121 4653 2500 4711 excolentium
2540 4647 2815 4705 virtutem,
2855 4638 2996 4693 alius
3050 4637 3102 4690 in
3159 4634 3438 4689 montibus

1858 4753 2192 4825 degentium,
2217 4761 2279 4800 ac
2298 4743 2397 4799 soli
2419 4739 2619 4794 divinae
2640 4727 3434 4803 contemplationivacantium.

1857 4819 2037 4916 Atque
2068 4842 2123 4895 in
2160 4838 2246 4892 his
2281 4835 2419 4905 ipsis
2457 4831 2578 4883 vitae
2600 4826 2890 4898 generibus
2921 4823 3087 4877 multa
3118 4819 3437 4876 discrimina

1859 4912 2234 5006 reperiuntur,
2293 4941 2418 4982 cum
2478 4922 2764 4978 ardentius
2799 4919 2912 4983 alii,
2972 4916 3066 4970 alii
3128 4912 3437 4974 remissius,

1858 5005 1947 5084 alii
1973 5023 2311 5086 accuratius,
2328 5019 2415 5074 alii
2441 5013 2810 5087 negligentius
2834 5023 3060 5064 munera
3091 5022 3186 5059 sua
3215 5005 3435 5059 obeant.

1861 5117 2017 5188 Quod
2050 5114 2271 5187 quidem
2304 5112 2387 5167 vel
2418 5125 2481 5166 ex
2520 5105 2736 5161 Domini
2767 5103 3026 5175 parabola
3056 5098 3217 5152 facile
3242 5109 3436 5167 possu-

1917 5301 1941 5328 ε
1981 5283 1995 5336 1
2029 5286 2156 5339 Cor.
2186 5301 2245 5339 It.
2271 5282 2326 5344 9,
2397 5281 2483 5344 lli,
2521 5276 2605 5331 ιθ.
2693 5273 2711 5311 τ
2745 5271 2957 5325 Coloss.
2995 5282 3056 5326 tt,
3085 5267 3138 5318 5.
3223 5262 3246 5300 ε
3272 5257 3430 5314 Joan.

1519 5487 1754 5542 νᾹΙῖΙᾸΞ
1796 5489 2206 5545 LEC'I'IONES.

261 5597 297 5689 '1'
323 5601 434 5658 cod.
466 5604 826 5689 κηλούμεναι.

905 5605 1230 5680 ξ’ᾑκρυπτῷ.
1255 5608 1314 5663 In
1357 5608 1479 5665 cod.
1510 5610 1759 5679 sequitur
1783 5612 2053 5680 expositio
2088 5610 2254 5680 trium
2285 5606 2543 5680 Patrum.

2629 5601 2675 5633 ⁵⁸
2713 5600 2883 5666 ἀγαπ.
2920 5578 3020 5649 cod
3077 5600 3268 5663 praem.
3295 5582 3429 5666 τοῖς;

203 5663 244 5694 ⁸⁸
264 5667 426 5744 “ait;
451 5651 690 5744 μέστοᾶ-
715 5693 837 5728 σου.
873 5651 1051 5729 Hebr.r
1064 5651 2052 5735 cortt‘niemo‘nal'iitiiuis
2090 5651 2624 5744 ’δέ
2655 5651 3034 5728 τοὲίίιιιάίηοε,
3068 5651 3148 5714 ἐς.
3177 5651 3270 5724 qui
3293 5651 3430 5708 καί

203 5749 328 5793 sunt.
387 5742 430 5775 “
447 5742 566 5800 cod.
603 5746 807 5800 ἄλλων.

888 5746 932 5778 ⁸⁷
963 5745 1088 5801 ἀλλο
1111 5779 1177 5790 --
1210 5749 1619 5820 διαπρεψάντων
1646 5750 1762 5807 des.
1787 5751 1840 5808 in
1873 5751 1993 5808 cod.
2023 5749 2214 5806 relicto
2244 5748 2438 5821 spatio.
