3940 6200
529 355 598 419 63
1556 357 2050 421 THEODORETI
2086 355 2429 418 EPISCOPI
2461 357 2828 419 CYRENSIS
3044 382 3049 385 ι
3725 353 3791 418 64

533 488 656 530 mus
704 474 1033 546 perspicere.
1074 473 1211 530 Cum
1251 473 1395 529 enim
1432 472 1619 529 decem
1663 473 1900 545 virgines
1938 474 2099 528 intro-

2217 472 2413 544 μένων.
2442 472 2555 525 Kal
2589 473 2648 527 ἐν
2697 473 2884 535 αὐτοῖς
2938 470 2997 526 δὲ
3045 469 3255 535 τούτοις
3312 468 3424 534 τοῖς
3474 467 3790 540 τάγμασιιι

531 566 719 631 ducat,
742 568 985 639 quinque
1009 582 1076 624 ex
1105 567 1216 623 illis
1238 566 1557 637 prudentes,
1585 574 1637 621 et
1660 566 1905 636 quinque
1932 564 2112 620 fatuas

529 659 799 714 nominat.
858 659 1036 730 Atque
1090 659 1214 724 illas
1272 656 1493 727 quidem
1548 656 1615 711 ad
1665 657 1887 729 nuptias
1938 656 2114 711 intro-

532 751 690 807 ducit
729 751 778 808 ε’
800 754 886 807 his
918 760 1102 808 autem
1144 750 1387 806 occludit
1421 749 1591 807 fores.
1638 749 1951 822 Respondet
1985 750 2113 821 qui-

528 843 650 898 dem
675 844 831 913 ipsis.
858 842 1233 913 virginitatem
1269 840 1575 906 honoratis,
1603 842 1697 899 sed
1730 857 1837 896 non
1868 840 2113 895 immittit

527 950 621 990 eas
650 943 871 1004 prapter
914 934 1168 988 inertiam
1215 933 1272 988 in
1321 933 1556 1003 reliquis
1606 932 1905 988 virtutibus
1941 945 2108 987 exco-

528 1025 720 1080 lendis.
751 1023 847 1080 His
866 1024 937 1078 ita
963 1025 1304 1090 constitutis,
1325 1040 1422 1095 per
1451 1039 1709 1096 sponsam
1736 1023 2109 1094 intelligamus

525 1117 738 1172 animas
794 1117 943 1181 illas,
974 1133 1098 1188 qua:
1136 1117 1393 1172 onmibus
1428 1124 1557 1173 sunt
1595 1115 1850 1187 espolitae
1895 1115 2113 1170 virtuti-

524 1212 628 1265 bus
659 1229 672 1265 :
707 1226 802 1281 per
840 1211 1287 1267 adolescentulas
1321 1226 1451 1268 vero
1489 1227 1611 1282 qua:
1641 1226 1900 1281 sponsam
1931 1208 2110 1264 comi—

521 1311 731 1367 tantur,
772 1319 868 1361 eas
904 1321 1029 1375 qua:
1071 1321 1336 1376 sponsum
1383 1305 1609 1376 quidem
1644 1305 1902 1374 diligunt,
1942 1309 2110 1373 atque

523 1394 673 1447 illum
713 1396 867 1465 sequi
903 1395 1150 1461 student,
1206 1412 1423 1466 sponsa:
1482 1404 1665 1452 tamen
1713 1393 2106 1465 pcrfeclionem

521 1484 766 1541 nondum
813 1493 944 1539 sunt
974 1495 1263 1541 assecutaz.
1302 1485 1429 1541 llaec
1476 1492 1657 1539 autem
1694 1484 1768 1538 ita
1818 1498 1875 1539 se
1908 1482 2111 1539 habere

521 1585 760 1633 testatur
790 1575 1035 1646 Spiritus
1067 1588 1319 1637 sanctus.
1351 1576 1563 1632 similia
1586 1575 1778 1631 dicens
1806 1575 1860 1629 in
1893 1577 2109 1645 psalmo

519 1669 944 1738 quadragesimo
980 1676 1201 1739 quarto.
1254 1667 1389 1724 Cum
1434 1668 1580 1723 enim
1621 1673 2108 1722 commemorasset

519 1759 711 1829 sponsi
757 1757 1253 1831 pulchritudinem,
1295 1767 1350 1814 et
1384 1759 1619 1829 gratiam
1657 1757 1712 1811 in
1750 1756 1914 1811 labiis
1944 1754 2109 1810 dill‘u-

517 1826 658 1918 sam,
700 1826 1245 1908 et'bcnedictionetn
1283 1826 1577 1913 a-ternam,
1611 1855 1667 1904 et
1700 1847 2103 1925 formidabilem
2139 1826 2178 1881 Β

516 1950 882 2007 armaturam,
913 1951 969 1997 et
1022 1942 1264 1998 hostium
1299 1940 1756 2007 internecionem,
1784 1945 1839 1995 et
1874 1937 2105 2010 populo-

518 2048 662 2098 rum,
704 2033 800 2102 qui
838 2032 953 2102 jam
1011 2044 1169 2088 erant
1219 2032 1447 2103 captivi,
1481 2031 1892 2088 observantiam
1939 2039 2106 2102 atque

517 2124 919 2191 adoratiouem,
972 2125 1294 2196 regiuntque
1335 2123 1511 2195 ipsius
1550 2124 1748 2180 solium
1796 2138 1863 2179 ac
1902 2124 2105 2195 sempi-

517 2226 762 2282 ternum,
797 2225 852 2272 et
883 2217 1037 2288 regni
1065 2215 1304 2288 insignia
1342 2216 1459 2283 illa,
1492 2215 1712 2285 iustitia
1750 2223 1806 2271 et
1840 2216 2103 2288 :equitate

515 2310 796 2374 decorata,
818 2317 984 2380 atque
1015 2308 1310 2363 humanam
1331 2317 1598 2379 praeterea
1627 2308 1910 2376 virtutem,
1935 2322 2098 2378 quam

513 2398 624 2472 34
653 2399 917 2463 excoluit,
967 2417 986 2451 ι
1025 2415 1150 2455 cum
1208 2400 1264 2453 in
1321 2398 1495 2454 forma
1530 2396 1624 2453 Dei
1655 2397 1955 2462 exsistens,
1986 2412 2100 2453 non

518 2493 765 2562 rapinam
800 2491 1100 2545 arbitratus
1128 2500 1209 2546 est
1228 2505 1353 2546 esse
1375 2506 1432 2545 se
1450 2489 1717 2560 aequalem
1740 2488 1870 2554 Deo,
1898 2489 1994 2545 sed
2013 2505 2102 2546 se-

515 2584 809 2654 metipsum
839 2583 1170 2650 exlnanivit,
1206 2581 1439 2639 formam
1478 2584 1624 2640 servi
1665 2583 1947 2653 accipiens
1975 2582 2028 2646 ιι,
2075 2600 2094 2634 ι

514 2678 753 2748 itemque
785 2677 1102 2733 unctionem
1143 2676 1294 2730 illam
1338 2674 1645 2732 secundum
1692 2675 1972 2732 hominem
2021 2674 2099 2729 fa-

513 2778 683 2834 ctam,
716 2778 771 2825 et
812 2783 1043 2824 munera
1071 2784 1099 2822 a
1133 2768 1301 2839 Magis
1330 2767 1536 2833 oblata,
1566 2768 1828 2839 subjicit:
1866 2787 1885 2820 ι
1913 2768 2103 2823 Astilit

515 2861 704 2932 regina
733 2876 763 2915 a
795 2860 1035 2916 dexteris
1060 2860 1193 2925 tuis,
1229 2860 1282 2914 in
1314 2860 1511 2915 vestitu
1544 2859 1831 2923 deaurato,
1860 2859 2103 2914 circum-

512 2952 749 3017 amicta,
806 2951 1085 3021 varicgata
1125 2951 1169 3004 i.
1210 2968 1228 3002 ι
1280 2950 1345 3003 Et
1394 2949 1641 3020 reginam
1679 2948 1900 3018 quidem
1945 2956 2104 3003 vocat

510 3045 727 3100 animas
782 3044 838 3099 in
891 3044 1097 3099 \irtute
1164 3041 1438 3114 perfectas
1513 3040 1987 3112 (quandoquidem
2049 3049 2104 3097 et

511 3137 715 3192 Paulus
747 3136 825 3191 ait
864 3154 877 3190 :
926 3153 944 3186 ι
979 3134 1036 3190 Si
1080 3135 1442 3198 sustinemus,
1475 3134 1640 3189 simul
1688 3135 1855 3188 etiam
1903 3148 2102 3203 regna-

511 3228 694 3282 bintus
720 3224 766 3294 i;
798 3241 845 3295 ι)
894 3226 1157 3282 vestitum
1202 3233 1385 3280 autem
1414 3223 1746 3280 deauratutn
1780 3232 1835 3281 et
1856 3224 2092 3290 varium,

512 3324 631 3387 ipsa
688 3318 927 3391 Spiritus
973 3319 1190 3375 diversa
1229 3320 1396 3374 dona.
1442 3318 1580 3373 Tum
1637 3318 1739 3389 ipsi
1798 3317 2093 3373 consilium

510 3414 606 3468 dat
636 3431 651 3467 :
688 3432 707 3464 ι
746 3412 910 3480 Audi,
947 3412 1076 3477 lilia,
1115 3423 1171 3468 et
1202 3412 1346 3476 vide,
1378 3420 1432 3466 et
1458 3411 1660 3464 inclina
1702 3426 1889 3465 aurem
1918 3418 2092 3476 tuam,

508 3512 565 3559 et
593 3503 926 3561 obliviscere
981 3504 1171 3575 populi
1202 3504 1306 3569 tui,
1355 3512 1409 3558 et
1438 3502 1642 3558 domus
1675 3504 1847 3573 patris
1881 3503 1961 3558 tui
1992 3521 2005 3558 :
2040 3512 2096 3558 et

507 3597 867 3667 concupiscet
926 3612 1020 3651 rex
1061 3596 1315 3651 decorem
1367 3602 1521 3648 tuum
1571 3592 1619 3648 ι.
1660 3614 1678 3647 ι
1720 3591 1912 3663 Neque
1963 3607 2094 3649 vero

509 3689 689 3744 solum
737 3687 979 3743 ostendit
1019 3701 1079 3742 se
1129 3687 1206 3742 illi
1262 3685 1679 3742 necessitudine
1732 3686 2090 3757 conjunetum

509 3788 736 3850 propter
764 3779 1189 3845 humanitatem,
1212 3778 1307 3835 sed
1332 3779 1501 3834 etiam
1534 3777 1824 3833 Dominum
1857 3792 1921 3833 ac
1942 3777 2094 3848 prin-

511 3872 687 3942 cipem
716 3872 892 3943 ipsius
915 3887 1040 3928 esse
1063 3879 1285 3943 propter
1303 3871 1691 3928 absconditam
1713 3869 2088 3937 divinitatem;

507 3979 739 4034 eamque
813 3964 1121 4020 admonens
1173 3965 1455 4021 immensa:
1523 3964 1884 4033 benignitatis
1954 3978 2089 4027 suae,

513 4071 532 4105 ι
575 4050 853 4121 Quoniam
886 4053 1007 4124 ipse
1027 4061 1132 4120 est,
1166 4054 1365 4124 inquit,
1400 4053 1667 4109 Dominus
1689 4062 1743 4108 et
1767 4053 1910 4109 Deus
1939 4062 2088 4119 tuus,

505 4154 560 4201 et
589 4144 849 4201 adorabis
882 4162 1008 4200 eum
1046 4143 1089 4202 ι.
1128 4165 1147 4199 ο
1188 4146 1270 4201 llli
1302 4145 1466 4202 etiam
1491 4145 1637 4199 haud
1668 4146 1741 4199 ita
1774 4146 1946 4200 multo
1967 4155 2092 4216 post

506 4235 771 4307 praedicit,
814 4234 932 4291 fore
953 4243 1011 4291 ut
1041 4252 1071 4291 a
1100 4236 1320 4307 regibus
1345 4244 1399 4292 et
1431 4235 1779 4307 principibus
1806 4236 2087 4291 adoretur.

509 4348 528 4381 ι
568 4327 793 4382 Vultum
826 4335 1005 4392 tuum,
1055 4327 1254 4397 inquit,
1288 4328 1734 4398 deprecabuntur
1772 4342 1963 4383 omnes
2002 4326 2090 4381 di-

504 4419 649 4474 vites
680 4418 864 4490 populi
896 4434 958 4472 -.
990 4436 1008 4469 »
1042 4416 1302 4474 Ecclesiae
1337 4433 1503 4489 porro
1529 4419 1716 4473 vultus
1744 4418 1929 4488 specie
1966 4418 2089 4488 qui-

2214 564 2415 627 πολλάς
2438 563 2585 617 ἔστιν
2610 565 2792 638 εὑρεῖν
2830 562 2927 628 τὰς
2964 560 3226 634 διαφοράς
3254 576 3269 592 ⁸
3304 558 3412 614 τῶν
3445 560 3544 631 μὲν
3590 558 3789 632 θερμό-

2212 673 2389 729 τερον,
2425 655 2532 710 τῶν
2567 656 2623 710 δὲ
2645 656 2972 728 χαυνότερον
3001 655 3294 726 μετιόντων
3326 652 3361 707 ἃ
3393 653 3611 724 μετίασι
3638 670 3651 683 ·
3698 655 3789 708 καὶ

2210 748 2320 803 τῶν
2351 748 2451 819 μὲν
2484 748 2924 818 σπουδαιότερον,
2964 747 3072 801 τῶν
3124 746 3181 800 δὲ
3231 745 3618 818 ἀμελέστερον.
3675 745 3786 798 Ka‘t

2212 841 2369 896 τοῦτο
2394 841 2544 896 ἔστιν
2569 844 2751 913 εὑρεῖν
2782 843 2878 897 καὶ
2898 844 2962 896 ὲκ
2982 843 3079 914 τῆς
3102 841 3197 896 τοῦ
3221 840 3428 912 Κυρίου
3452 838 3789 911 παραϐολῆς.

2212 934 2355 988 Δέκα
2407 934 2517 1007 γάρ
2540 935 2842 1006 παρθένους
2873 936 3132 1004 είσάγων,
3160 933 3259 998 τὰς
3308 933 3406 1004 μὲν
3442 931 3602 986 πέντε
3642 930 3792 1000 λέγει

2211 1027 2531 1098 φρονίμους,
2560 1027 2660 1090 τὰς
2688 1027 2744 1081 δὲ
2770 1027 2929 1080 πέντε
2955 1027 3144 1098 μωράς
3170 1042 3183 1056 ⁸
3214 1026 3308 1079 καὶ
3347 1024 3448 1087 τὰς
3514 1023 3612 1094 μὲν
3653 1023 3794 1090 ἀξιοῖ

2210 1118 2305 1173 τοῦ
2360 1119 2667 1191 νυμφῶνος,
2712 1121 2832 1182 ταῖς
2884 1118 2941 1172 δὲ
2991 1117 3271 1171 ἀποκλείει
3316 1116 3416 1181 τὰς
3446 1115 3618 1189 θύρας
3650 1133 3663 1147 ·
3699 1117 3791 1170 καὶ

2210 1212 2564 1283 ἀποκρίνεται
2597 1212 2696 1283 μὲν
2718 1211 2929 1276 αὑταῖς,
2962 1210 3063 1283 τὴν
3095 1209 3396 1282 παρθενίαν
3446 1208 3642 1279 τιμῶν,
3693 1208 3794 1263 οὐκ

2208 1308 2352 1373 ἀξιοῖ
2380 1308 2437 1361 δὲ
2467 1310 2562 1380 τῆς
2587 1308 2816 1375 εἰσόδου,
2837 1306 2925 1361 διὰ
2952 1306 3051 1378 τὴν
3074 1304 3201 1378 περὶ
3231 1304 3330 1367 τὰς
3378 1303 3545 1367 ἄλλας
3592 1302 3795 1375 ἀρετὰς

2211 1396 2505 1470 ρᾳθυμίαν.
2543 1398 2764 1469 Ἐπειδὴ
2791 1397 2972 1451 τοίνυν
3015 1396 3158 1451 οὕτω
3188 1394 3359 1449 ταῦτα
3409 1394 3790 1467 διευκρινησά-

2211 1492 2386 1563 μεθα,
2433 1493 2718 1564 νοήσωμεν
2769 1491 2987 1563 νύμφην
3041 1490 3140 1563 μὲν
3189 1485 3331 1543 εἶναι
3384 1487 3483 1552 τὰς
3537 1488 3596 1542 ἐν
3652 1488 3795 1541 άπά-

2211 1599 2335 1646 σαις
2360 1585 2479 1647 ταῖς
2510 1583 2738 1655 ἀρεταῖς
2768 1582 3198 1654 τετελειωμέναις
3224 1578 3424 1652 ψυχάς,
3453 1577 3702 1642 νεάνιδας
3738 1578 3795 1632 δὲ

2208 1673 2379 1746 ταύτῃ
2425 1674 2720 1747 ἑπομένας,
2772 1675 2871 1740 τάς
2905 1674 3209 1744 άγαπώσας
3236 1673 3335 1744 μὲν
3391 1672 3483 1727 τὸν
3536 1672 3789 1744 νυμφίον,

2210 1765 2305 1819 καὶ
2337 1764 2654 1819 ἀκολουθεῖν
2672 1765 2821 1836 αὐτῷ
2870 1764 3301 1830 σπουδαζούσας,
3349 1762 3447 1835 τὴν
3482 1762 3795 1833 τελειότητα

2207 1855 2265 1909 δὲ
2305 1854 2405 1926 τῆς
2428 1854 2647 1927 νύμφης
2671 1854 2889 1908 οὐδέπω
2918 1853 3336 1926 μιμησαμένας.
3362 1852 3473 1906 Καὶ
3507 1852 3590 1905 ὅτι
3638 1847 3793 1904 ταῦθ’

2207 1947 2378 2013 οὕτως
2404 1947 2544 2019 ἔχει,
2575 1950 2847 2021 μαρτυρεῖ
2867 1948 2930 2002 τὸ
2956 1948 3182 2019 Πνεῦμα
3206 1948 3266 2001 τὸ
3286 1946 3443 2018 ἅγιον
3472 1947 3531 2000 ἐν
3572 1945 3651 2015 τῷ
3710 1943 3794 2015 μδ⁹

2205 2038 2407 2112 ψαλμῷ
2425 2039 2495 2093 τὰ
2519 2040 2685 2111 ὅμοια
2712 2039 2893 2109 λέγον.
2942 2041 3357 2112 Διηγησάμενον
3390 2038 3500 2111 γάρ
3532 2036 3625 2092 τοῦ
3659 2054 3793 2107 νυμ-

2207 2130 2331 2200 φίου
2360 2130 2422 2184 τὸ
2445 2130 2661 2197 κάλλος.
2685 2130 2780 2185 καὶ
2816 2132 2916 2203 τὴν
2950 2133 3008 2187 ὲν
3037 2134 3151 2196 τοῖς
3201 2132 3406 2203 χείλεσι
3460 2129 3641 2202 χάριν,
3698 2128 3795 2181 καὶ

2203 2223 2304 2292 τὴν
2329 2221 2547 2278 αἰώνιον
2573 2223 2843 2296 εὐλογίαν,
2873 2225 2967 2279 καὶ
3001 2224 3101 2297 τὴν
3148 2223 3389 2296 φοϐερὰν
3436 2220 3791 2291 παντευχίαν,

2205 2315 2301 2368 καὶ
2327 2314 2433 2368 τῶν
2459 2314 2734 2387 πολεμίων
2769 2315 2860 2370 τὸν
2888 2315 3131 2388 δλεθρον,
3169 2314 3263 2369 καὶ
3295 2313 3402 2367 τῶν
3426 2312 3590 2367 πάλαι
3627 2311 3795 2381 αίχμ-

2204 2404 2429 2461 αλώτων
2488 2406 2634 2461 λαῶν
2694 2408 2795 2478 τήν
2841 2407 3157 2461 ύπόπτωσιν
3216 2406 3311 2460 καὶ
3371 2403 3746 2477 προσκύνησιν
3775 2443 3791 2465 ,

2204 2500 2298 2554 τὸν
2357 2500 2637 2571 βασιλικὸν
2687 2501 2852 2556 αὐτοῦ
2904 2502 2999 2556 καὶ
3051 2500 3265 2556 αἰώνιον
3314 2499 3524 2571 θρόνον,
3584 2498 3678 2552 καὶ
3724 2495 3797 2549 τὰ

2206 2590 2463 2661 σκῆπτρα
2492 2590 2593 2661 τῆς
2623 2590 2924 2662 βασιλείας.
2959 2589 3028 2645 τὰ
3054 2591 3121 2661 τῇ
3153 2589 3470 2661 δικαιοσύνῃ
3508 2603 3794 2657 κεκοσμη-

2207 2680 2345 2750 μένα
2377 2695 2390 2708 ⁸
2421 2678 2557 2749 πρὸς
2586 2678 2639 2732 δὲ
2667 2679 2877 2741 τούτοις
2900 2679 2993 2733 καὶ
3021 2679 3121 2750 τὴν
3169 2677 3515 2750 ἀνθρωπείαν
3563 2675 3791 2746 ἀρετὴν,

2204 2769 2270 2840 ην
2314 2766 2693 2839 μετελήλυθεν,
2741 2766 2953 2838 «ἡνίκα
3007 2768 3065 2820 ὲν
3098 2767 3280 2836 μορφῇ
3322 2762 3457 2817 Θεοῦ
3501 2761 3790 2832 ὑπάρχων,

2202 2862 2301 2932 οὐχ
2324 2860 2620 2931 ἁρπαγμὸν
2639 2861 2886 2930 ἡγήσατο
2915 2857 2976 2910 τὸ
3001 2851 3141 2910 εἶναι
3172 2857 3263 2911 ἴσα
3289 2852 3425 2924 Θεῷ,
3464 2852 3577 2907 ἀλλ’
3599 2851 3796 2905 ἐαυτδν

2204 2952 2439 3006 ὲκένωσε
2477 2951 2691 3022 μορφὴν
2720 2949 2907 3003 δούλου
2929 2949 2975 2982 ⁸⁸
3005 2948 3188 3003 λαϐὼν
3209 2967 3221 2978 ·
3260 2967 3278 2999 ι
3316 2947 3453 3018 πρὸς
3484 2944 3543 2998 δὲ
3578 2944 3795 3008 τούτοις

2205 3045 2299 3099 καὶ
2327 3043 2424 3116 τὴν
2452 3044 2633 3116 χρίσιν
2666 3042 2764 3115 τὴν
2796 3041 2939 3097 κατά
2970 3041 3031 3096 τὸ
3086 3040 3425 3113 ἀνθρώπινον
3481 3038 3794 3108 γεγενημέ-

2207 3155 2329 3208 νην,
2362 3136 2457 3191 καὶ
2482 3137 2552 3189 τά
2572 3135 2721 3208 δῶρα
2749 3135 2819 3190 τά
2844 3136 2951 3189 ὑπὸ
2988 3134 3095 3189 τῶν
3134 3136 3342 3204 Μάγων
3390 3132 3435 3165 ⁶⁰
3485 3147 3795 3202 προσενεχο

2204 3229 2389 3307 θέντα,
2427 3227 2665 3300 παράγει
2697 3246 2711 3259 ·
2750 3248 2768 3280 ι
2807 3227 3063 3297 Παρέστη
3103 3228 3136 3297 ὴ
3182 3224 3480 3278 Βασίλισσα
3508 3223 3572 3275 ὲκ
3597 3220 3794 3288 δεξιῶν

2201 3338 2296 3374 σου
2323 3322 2380 3374 ὲν
2422 3318 2705 3392 ἱματισμῷ
2737 3317 3017 3389 διαχρύσῳ
3069 3316 3537 3388 περιϐεϐλημένη,
3590 3330 3794 3368 πεποι-

2199 3418 2452 3488 κιλμένη.
2492 3437 2509 3469 ι
2550 3417 2661 3470 Kal.
2697 3414 3017 3485 βασίλισσαν
3043 3414 3140 3483 μὲν
3175 3412 3332 3465 καλεῖ
3372 3412 3472 3476 τὰς
3502 3410 3793 3465 τετελειω-

2201 3509 2368 3580 μένας
2390 3509 2448 3561 ὲν
2470 3509 2639 3579 ἀρετῇ
2666 3505 2864 3576 ψυχάς,
2884 3504 3072 3575 ἐπειδὴ
3096 3504 3190 3558 καὶ
3212 3504 3425 3569 Παῦλος
3448 3502 3592 3557 οὕτω
3612 3502 3789 3571 λέγει’

2203 3620 2221 3653 ι
2244 3602 2306 3654 Εἰ
2348 3600 2713 3671 ὑπομένομεν,
2750 3596 2844 3651 καλ¹
2874 3594 3384 3668 συμϐασιλεύσομεν
3407 3611 3420 3625 ·
3447 3614 3465 3647 ι
3489 3593 3794 3665 ἱματισμὸν

2194 3693 2251 3747 δὲ
2274 3692 2566 3764 διάχρυσον
2588 3691 2682 3746 καὶ
2696 3689 2961 3753 ποικίλον,
2975 3689 3042 3743 τὰ
3056 3688 3194 3742 αὐτὰ
3209 3687 3302 3742 τοῦ
3320 3688 3461 3742 Πνεύ
3470 3705 3639 3760 ματος
3668 3705 3792 3741 ποι-

2196 3787 2319 3841 κίλα
2336 3787 2668 3859 χαρίσματα.
2685 3781 2816 3839 Εἶτα
2833 3785 2925 3839 καὶ
2943 3802 3006 3837 συ
3016 3782 3250 3856 μϐουλὴν
3276 3782 3413 3852 αὐτῇ
3442 3780 3749 3853 προσφέρει
3771 3795 3787 3809 ⁸

2199 3897 2217 3930 ι
2235 3879 2521 3939 Ἄκουσον,
2542 3874 2804 3946 θύγατερ,
2828 3876 2922 3928 καὶ
2938 3873 3038 3937 ἴδε,
3057 3873 3152 3927 καὶ
3168 3872 3346 3927 κλῖνον
3362 3871 3421 3925 τὸ
3440 3867 3533 3936 οὖς
3551 3889 3667 3936 σου,
3690 3873 3793 3925 καὶ

2194 3966 2449 4021 ἐπιλάθου
2477 3963 2570 4018 τοῦ
2603 3963 2733 4018 λαοῦ
2760 3982 2873 4030 σου,
2895 3961 3103 4018 καὶτοῦ
3131 3961 3281 4016 οἴκου
3307 3962 3401 4016 τοῦ
3429 3960 3636 4034 πατρός
3662 3979 3789 4022 σου,

2194 4058 2284 4113 καὶ
2297 4056 2628 4128 ἐπιθυμήσει
2643 4056 2669 4108 ὁ
2683 4050 2933 4126 βασιλεὺς
2948 4054 3041 4109 τοῦ
3060 4040 3289 4117 κάλλους
3308 4070 3420 4106 σου.
3436 4051 3715 4105 »Δείκνυσι
3730 4052 3792 4105 δὲ

2193 4146 2384 4200 ἑαυτὸν
2403 4146 2446 4177 ⁸³
2462 4145 2522 4199 οὐ
2554 4144 2713 4217 μόνον
2736 4145 2907 4215 αὐτῆς
2924 4146 3163 4215 συγγενῆ
3183 4143 3313 4196 ὄντα
3329 4141 3471 4195 κατά
3488 4140 3549 4194 τὸ
3566 4139 3664 4194 ἀνθ
3677 4140 3791 4213 ρώ-

2193 4256 2368 4300 πινον,
2403 4237 2539 4291 ἀλλὰ
2574 4239 2670 4290 καὶ
2695 4237 2900 4308 Κύριον
2939 4237 3033 4291 καὶ
3062 4235 3339 4305 Δεσπότην
3395 4233 3537 4289 κατὰ
3565 4233 3664 4305 τὴν
3696 4249 3793 4285 κε-

2192 4328 2520 4401 κρυμμένην
2543 4328 2773 4399 θεότητα
2797 4345 2810 4357 ·
2832 4329 2927 4381 καὶ
2958 4327 3057 4396 τῆς
3089 4328 3332 4398 ἀρρήτου
3367 4323 3793 4396 φιλανθρωπίας

2191 4421 2362 4491 αὐτὴν
2398 4420 2854 4491 ἀναμιμνήσκων,
2896 4420 3080 4489 φησὶν,
3110 4437 3127 4469 ι
3162 4418 3289 4471 ’Ὁτι
3323 4417 3484 4482 αὑτός
3525 4418 3643 4469 ἐστι
3676 4415 3795 4469 Κύ-

502 4512 626 4566 dem
666 4526 790 4581 quae
820 4510 1075 4566 cernitur
1101 4520 1205 4577 est,
1238 4509 1480 4582 dignitas
1515 4508 1898 4574 sacerdotalis,
1928 4508 2090 4563 intel-

2202 4529 2313 4583 ριος
2353 4512 2450 4565 καὶ
2477 4511 2606 4576 Θεός
2641 4528 2756 4576 σου,
2788 4511 2882 4565 καὶ
2931 4510 3331 4583 προσκυνήσεις
3368 4508 3534 4579 αὐτῷ.
3578 4528 3597 4561 ι
3642 4507 3792 4578 Προ-

504 4600 734 4671 ligentia
763 4618 898 4658 vero
937 4611 1022 4658 est
1066 4601 1187 4673 ipse
1221 4616 1481 4670 sponsus,
1509 4601 1602 4671 qui
1634 4608 1797 4669 caput
1832 4598 2093 4656 Ecclesia:

505 4692 621 4747 tieri
655 4693 918 4763 dignatus
959 4704 1065 4761 est,
1109 4702 1169 4749 ut
1209 4702 1444 4749 testatur
1472 4693 1773 4765 Apostolus
1805 4703 1854 4747 ιι.
1891 4693 2094 4749 Deinde

503 4784 883 4840 absconditam
917 4787 1035 4857 ejus
1091 4787 1321 4858 gloriam
1354 4788 1599 4857 exponit.
1668 4807 1686 4839 ι
1726 4786 1919 4843 Omnis
1946 4786 2090 4842 enim

501 4875 677 4947 gloria
722 4876 845 4931 tiliae
881 4875 1234 4948 regis‘intus
1273 4885 1321 4934 ο.
1359 4898 1377 4930 ι
1427 4878 1721 4946 Quoniam,
1779 4886 1839 4933 ut
1894 4879 2088 4934 beatus

506 4967 705 5024 Paulus
731 4968 807 5023 ait
839 4987 854 5024 :
896 4987 914 5021 ι
946 4967 1068 5023 Vita
1098 4977 1286 5026 nostra
1320 4970 1426 5042 35
1476 4972 1805 5028 abscondita
1832 4981 1917 5029 est
1958 4987 2083 5029 cum

501 5059 724 5117 Christo
757 5061 812 5117 in
853 5060 963 5117 Deo
986 5072 1013 5112 ι’
1049 5080 1061 5118 :
1095 5081 1113 5115 ι
1150 5062 1203 5117 in
1235 5062 1340 5118 hac
1373 5072 1556 5119 autem
1593 5065 1704 5120 vita
1739 5080 1958 5131 omnes,
1985 5066 2079 5137 qui

505 5151 590 5220 pic.
639 5152 823 5208 vivere
866 5153 1056 5207 volunt
1119 5154 1176 5209 in
1217 5153 1460 5220 Christo,
1505 5158 1942 5226 persecutionem
1984 5173 2077 5228 pa-

574 5324 601 5393 ξ
639 5322 871 5393 Philipp.
911 5340 969 5388 ιι,
999 5324 1055 5387 6,
1093 5323 1144 5379 7.
1255 5325 1271 5364 ί
1307 5323 1449 5379 l‘sal.
1496 5341 1640 5389 κων,
1683 5326 1737 5379 9.

1846 5324 1860 5376 i
1902 5326 1940 5379 ιι
1979 5326 2120 5381 Tim.
2151 5344 2219 5394 ιι,
2250 5328 2337 5383 ιε.

507 5404 533 5432 ι’
562 5390 761 5465 Ephes.
785 5390 860 5459 ν’,
889 5395 982 5449 25.
1056 5404 1077 5425 °
1111 5393 1256 5450 Psal.
1284 5411 1431 5463 thv,
1466 5396 1549 5451 Η,
1634 5407 1661 5446 P
1686 5396 1899 5453 Coloss.
1938 5413 2032 5461 ιιι,
2060 5400 2112 5453 3.

2200 4604 2455 4676 αγορεύει
2498 4605 2635 4676 αὐτῇ
2685 4604 2780 4657 καὶ
2833 4603 2933 4675 τὴν
2988 4604 3090 4657 οὐκ
3122 4603 3203 4667 εἰς
3251 4602 3469 4673 μακράν
3498 4599 3791 4672 θεωμένην

2201 4696 2353 4767 παρά
2381 4713 2441 4749 τε
2474 4695 2740 4767 βασιλέων
2771 4697 2865 4749 καὶ
2897 4695 3174 4767 ἀρχόντων
3204 4693 3599 4766 προσκύνησιν.
3653 4709 3675 4744 ι
3712 4691 3792 4745 Τὸ

2200 4786 2492 4858 πρόσωπόν
2539 4804 2633 4841 σου
2663 4785 2793 4857 γὰρ,
2841 4786 2996 4857 φησὶ,
3024 4783 3402 4838 λιτανεύσουσι
3435 4782 3635 4845 πάντες
3659 4782 3706 4813 ⁶²
3736 4782 3792 4834 οε

2198 4879 2443 4932 πλούσιοι
2477 4877 2572 4932 τοῦ
2602 4878 2753 4932 λαοῦ.
2788 4897 2807 4931 ι
2854 4878 3157 4950 Πρόσωπον
3180 4875 3237 4929 δὲ
3297 4875 3397 4946 τῆς
3423 4873 3791 4943 Ἐκκλησίας,

2192 4969 2335 5024 κατὰ
2367 4969 2464 5041 μὲν
2491 4969 2552 5023 τὸ
2582 4969 2880 5041 ὁρώμενον,
2910 4969 2969 5021 τὸ
3017 4967 3292 5039 ἱερατικὸν
3344 4965 3581 5033 ἀξίωμα,
3637 4965 3792 5018 κατὰ

2187 5063 2246 5117 δὲ
2275 5062 2335 5117 τὸ
2361 5062 2671 5133 νοούμενον,
2701 5062 2864 5126 αὐτὸς
2904 5064 2932 5116 ὁ
2980 5062 3231 5133 νυμφίος,
3278 5062 3307 5114 ὁ
3361 5058 3573 5129 κεφαλὴ
3600 5060 3783 5130 αὐτῆς

2182 5153 2514 5224 γεγενῆσθαι
2547 5152 2805 5220 ἀξιώσας,
2836 5154 2980 5207 κατὰ
3006 5154 3105 5226 τὴν
3150 5152 3245 5207 τοῦ
3308 5150 3635 5205 ’Λποστόλου
3676 5170 3790 5221 φω-

2443 5329 2467 5369 ¹ι
2503 5328 2649 5384 Psal.
2686 5344 2841 5395 κων,
2874 5328 2933 5383 Η
2958 5370 2971 5396 ,
3005 5330 3089 5384 12.
3182 5323 3197 5367 ³
3234 5326 3367 5383 ibid.
3448 5343 3486 5365 '-
3519 5325 3657 5385 ibid.
3698 5328 3784 5381 15.

1870 5552 2102 5611 νΑιιιλΕ
2136 5554 2543 5641 LECTIONES.

586 5714 634 5747 "
671 5717 793 5771 cod.
836 5712 1144 5785 πράγμασι.

525 5774 565 5813 ⁸³
595 5786 782 5840 ἑαυτόν
809 5774 1017 5844 εώὲείξι
1038 5783 1157 5840 cod.
1237 5782 1281 5815 ⁶²
1318 5784 1515 5849 πάντες
1541 5784 1656 5839 des.
1695 5781 1823 5838 ibid.

1258 5711 1511 5788 Ιξ’δούὶρυ
1555 5711 1727 5788 abesl_
1756 5728 1802 5788 a_
1848 5686 1975 5770 cod‘.
2014 5714 2202 5774 relicto
2233 5718 2431 5788 spatio.

2536 5718 2581 5752 ⁶⁰
2612 5719 2799 5792 μάγων
2833 5716 2952 5774 cod.
2988 5718 3180 5789 γάμων
3224 5734 3286 5774 ex
3331 5730 3518 5774 errore
3541 5712 3784 5770 librarii.
