3940 6200
463 343 534 410 6'!
617 401 632 426 χ
709 383 712 386 ~
1496 336 1980 396 THEUDURE'I’I
2013 337 2348 394 l‘li’leUl’l
2386 337 2752 394 CYHE'NSIS
3654 333 3726 395 68

461 463 662 519 bantur
709 457 998 524 cubiculis,
1035 455 1413 529 apostolorum
1453 462 1634 505 autem
1668 448 1948 503 auditores
1980 464 2044 504 ex

2158 467 2245 517 ,ctat
2275 450 2374 519 τῆς
2408 448 2599 518 σοφίας
2634 462 2726 499 σου
2757 437 3031 511 ὲδὴλωσάς
3057 457 3168 512 μοι.
3198 457 3216 490 ι
3252 441 3314 494 υἱ
3345 437 3402 494 δὲ
3425 436 3513 490 διὰ
3536 435 3582 468 ’⁷⁸
3613 436 3726 490 τῶν

463 554 712 610 fontibus
744 551 1088 623 apostolicis,
1119 559 1380 618 tanquam
1423 559 1489 597 ex
1519 541 1785 597 uberibus
1816 542 2045 611 quibus-

461 646 613 712 dam,
643 643 951 700 doctrinam
972 641 1081 712 37
1105 639 1255 694 omni
1279 637 1406 693 vino
1430 650 1493 690 ac
1519 634 1708 689 laetitia
1734 633 2043 689 suaviorem

463 736 813 792 hauriebant.
861 733 977 788 Hoc
1017 733 1146 786 item
1195 738 1441 799 tempore
1485 725 1744 780 Ecclesia:
1789 725 2045 778 doctores

463 829 680 882 divinos
728 827 920 880 latices
956 823 1157 893 populo
1206 819 1638 876 subministrant
1678 826 1938 887 tanquam
1978 831 2045 871 ex

465 917 760 974 reconditis
782 913 1109 986 quibusdam
1137 911 1315 966 cellis.
1342 910 1446 976 Qui
1470 919 1653 963 autem
1687 907 1888 963 fruitur
1913 907 2043 973 illis,

466 1019 727 1080 tanquam
752 1024 816 1062 ex
853 1005 1113 1061 uberibus
1135 1002 1420 1074 Spirituale
1447 1000 1671 1055 attrahit
1699 1001 2041 1064 alimentum,

467 1101 630 1170 idque
658 1097 804 1152 omni
841 1097 1077 1150 humana
1107 1094 1471 1150 oblectatione
1494 1093 2048 1165 jncundiusarbitra-

467 1200 576 1243 tur.
617 1187 828 1242 Idcirco
858 1194 914 1242 et
943 1186 996 1240 in
1025 1185 1273 1240 Canticis
1303 1199 1524 1254 sponsa,
1563 1201 1581 1233 ι
1619 1181 1930 1237 Introduxit
1961 1197 2048 1237 me

468 1297 584 1346 rex,
633 1281 832 1350 inquit,
881 1279 935 1334 in
982 1278 1296 1333 cubiculum
1330 1292 1511 1332 suum.
1559 1293 1576 1326 ι
1611 1274 2048 1330 Adolesccntulaa

465 1388 599 1426 vero
620 1371 983 1442 respondent:
1019 1390 1038 1422 ι
1072 1370 1421 1424 Exsultemus
1447 1375 1500 1422 et
1522 1368 1769 1422 laetemur
1797 1366 1851 1420 in
1875 1373 1928 1421 te
1949 1375 1995 1420 ι.
2023 1385 2042 1418 ι

465 1461 530 1516 Et
565 1463 925 1538 pollicentur,
988 1461 1230 1516 dicentes
1265 1479 1278 1514 :
1322 1479 1340 1512 ι
1383 1459 1680 1528 Diligemus
1733 1455 1902 1510 ubera
1955 1464 2048 1510 tua

467 1556 641 1625 magis
673 1569 836 1623 quam
871 1555 1059 1607 vinum
1088 1571 1100 1608 :
1137 1571 1155 1605 ι
1184 1566 1522 1620 causamque
1571 1549 1811 1604 afferunt
1844 1567 1857 1602 :
1887 1569 1906 1602 ι
1945 1547 2050 1603 Re-

2148 541 2446 613 προφητῶν
2475 540 2583 593 τῶν
2611 538 2771 591 θείων
2792 534 3050 605 ναμάτων
3075 531 3458 596 ἀπολαύοντες,
3511 529 3587 592 ὼς
3625 543 3728 598 με-

2148 632 2325 694 σίταις
2348 630 2483 684 Θεοῦ
2519 630 2613 684 καὶ
2647 627 2949 700 ἀνθρώπων
2997 626 3111 688 τοῖς
3167 623 3473 694 προφήταις
3508 620 3730 692 προσεῖ-

2146 740 2238 794 χον
2267 739 2283 756 ο
2317 723 2409 776 καὶ
2427 722 2477 776 οί
2503 720 2789 775 ἀπόστολοι
2815 718 2892 783 δὲ,
2924 715 3182 778 ὡσαύτως
3207 713 3391 768 θεόθεν
3416 710 3728 782 ἐμπνεόμε-

2146 826 2246 872 νοι,
2282 809 2383 878 τῆς
2415 807 2772 870 εὐσεϐείαςτὸ
2798 808 3059 876 κήρυγμα
3087 803 3166 866 είς
3202 802 3448 864 ἅπαντας
3477 801 3604 863 τοὺς
3638 801 3730 852 ἀν⁴

2147 899 2398 973 θρώπους
2421 899 2579 953 τοῦτο
2611 896 3103 968 διαπορθμεύοντες
3127 893 3455 948 διετέλεσαν.
3522 890 3634 945 Καὶ
3675 891 3728 944 οι

2151 993 2252 1064 μὲν
2276 992 2561 1046 ἀπόστολοι
2591 992 2700 1044 τῶν
2729 987 3077 1043 Δεσποτικῶν
3107 987 3386 1058 ἁπήλαυον
3417 982 3691 1053 ταμιείων,
3711 998 3726 1012 ’

2146 1088 2195 1138 οἱ
2229 1085 2287 1137 δὲ
2305 1083 2512 1138 τούτων
2541 1082 2809 1154 ἀκροαταὶ
2856 1080 2962 1134 τῶν
3001 1077 3374 1134 ἀποστολικῶν
3432 1075 3730 1145 ἐτύγχανον

2149 1177 2416 1251 κρουνῶν,
2445 1171 2557 1231 οἷόν
2584 1193 2746 1229 τινων
2803 1171 3024 1245 μαστῶν
3054 1171 3253 1234 παντὸς
3289 1170 3434 1223 οῐνου
3484 1167 3578 1220 καὶ
3619 1167 3729 1220 πά-

2151 1287 2250 1342 σης
2278 1267 2618 1340 εὐφροσύνης
2641 1265 3005 1338 τιμιωτέρων.
3030 1263 3141 1316 Καὶ
3168 1261 3311 1316 κατά
3354 1260 3444 1313 τὸν
3489 1260 3733 1330 παρόντα

2147 1361 2205 1415 δὲ
2231 1361 2442 1432 καιρὸν,
2466 1361 2516 1413 ot
2545 1360 2644 1430 τῆς
2669 1356 3009 1428 Ἕκκλησίας
3039 1353 3347 1408 διδάσκαλοι
3371 1349 3440 1404 τὰ
3484 1350 3602 1404 θεῖα
3637 1349 3734 1402 νά-

2155 1470 2298 1524 ματα
2317 1453 2687 1527 προσφέρουσι
2702 1450 2780 1521 τῷ
2795 1449 2929 1520 λαῷ,
2953 1449 3103 1501 ὥσπε
3112 1465 3142 1519 ρ
3171 1446 3235 1499 ἔκ
3257 1463 3420 1499 τινων
3445 1444 3729 1514 ταμιείων.

2161 1545 2221 1600 '0
2274 1546 2332 1598 δὲ
2377 1542 2685 1609 ἀπολαύων,
2738 1541 2927 1612 ὥσπερ
2972 1540 3080 1594 ἀπό
3122 1554 3285 1592 τινων
3329 1535 3570 1607 μαστῶν,
3630 1533 3735 1605 τὴν

466 1643 683 1698 ctitndo
721 1644 918 1698 dilexit
955 1651 1028 1697 te.
1066 1662 1084 1695 ι
1147 1641 1203 1696 Si
1237 1641 1383 1695 enim
1427 1639 1614 1696 suavis
1663 1649 1717 1694 et
1747 1649 1932 1694 rectus
1965 1647 2052 1693 est

2158 1637 2534 1707 πνευματικὴν
2558 1635 2706 1688 ἕλκει
2733 1634 2962 1706 τροφὴν,
3001 1631 3096 1686 καὶ
3122 1630 3303 1701 πάσης
3330 1627 3498 1699 αὐτὴν
3529 1627 3734 1697 εὐφρο-

471 1732 755 1796 Dominus,
782 1740 840 1786 ut
872 1732 948 1785 ait
980 1731 1149 1785 David
1183 1742 1232 1794 δ’,
1255 1738 1308 1785 et
1339 1731 1493 1801 virga
1519 1730 1868 1785 rectitudinis
1900 1733 2048 1801 virga

2158 1727 2320 1798 σύνης
2353 1727 2613 1797 βιωτικῆς
2643 1725 2853 1796 ἀμείνω
2888 1726 3125 1795 ἡγεῖται.
3179 1721 3281 1776 Διὰ
3320 1719 3478 1776 τοῦτο
3527 1719 3623 1772 καὶ
3673 1718 3735 1770 ὲν

467 1823 620 1893 regni
653 1824 729 1877 tui
772 1832 820 1886 ι,
851 1833 903 1876 et
930 1821 1000 1876 ob
1045 1821 1099 1876 id
1141 1832 1194 1875 te
1222 1820 1438 1883 dilexit,
1467 1821 1625 1874 dccct
1673 1830 1727 1875 et
1762 1837 1863 1875 nos
1898 1836 1961 1874 ex
1994 1829 2044 1875 te

2158 1821 2257 1883 τοῖς
2283 1819 2609 1890 ’ᾼσμασινὴ
2633 1816 2819 1886 νύμφη
2855 1817 3019 1886 φησίν
3048 1831 3062 1846 ο
3101 1835 3119 1868 ι
3151 1813 3451 1884 Εἰσήνεγκὲ
3481 1828 3548 1883 με
3574 1813 3603 1865 ὁ
3643 1811 3736 1880 βαι

470 1913 730 1983 pendere,
757 1924 810 1968 et
834 1911 1056 1967 assidue
1078 1913 1358 1975 insistere,
1393 1918 1451 1966 et
1485 1910 1595 1964 tuis
1621 1910 1882 1965 uberibus
1911 1910 2040 1966 frui.

2158 1912 2332 1974 σιλεὺς
2369 1913 2448 1974 είς
2487 1909 2549 1963 τὸ
2589 1911 2834 1980 ταμιεῖον
2863 1907 3050 1961 αὑτοῦ.
3094 1925 3112 1958 ι
3142 1908 3209 1961 Αἱ
3247 1907 3302 1959 δὲ
3329 1905 3568 1970 νεάνιδες
3621 1904 3735 1956 ἀπο

469 2003 605 2057 Ἰίιιιι
638 2020 834 2059 rursus
857 2005 1101 2072 loquitur
1135 2015 1336 2070 sponsa
1363 2017 1379 2056 :

471 2095 553 2146 σοί
609 2111 624 2125 ’
659 2113 677 2146 ι
737 2094 832 2148 καὶ

2155 2002 2438 2074 εκρίναντο
2471 2017 2485 2031 ⁸
2521 2019 2540 2053 ι
2573 1999 3062 2071 Ἀγαλλιασὼμεθα
3095 2000 3190 2053 καὶ
3236 1997 3629 2070 εὐφρανθῶμεν
3677 1997 3736 2048 ὲν

916 2090 1300 2163 ὑπισχνοῦνται
1371 2090 1660 2160 λέγουσαι·
1724 2109 1744 2144 ι
1784 2092 2169 2167 Ἀγαπήσομεν
2235 2092 2472 2164 μαστούς
2545 2109 2636 2144 σου
2695 2093 2834 2164 ὑπὲρ
2898 2089 3076 2147 οἶνον
3133 2110 3152 2144 ι
3228 2091 3323 2143 καὶ
3389 2090 3487 2159 τὴν
3551 2087 3738 2140 αἰτίαν

469 2185 820 2256 ἐπιφέρουσιν
853 2200 868 2216 ο
926 2203 944 2237 ι
981 2183 1226 2254 Εὑθύτης
1281 2183 1534 2255 ἡγάπησέ
1613 2200 1692 2239 σε.
1731 2202 1750 2235 ι
1821 2186 1883 2237 El
1952 2187 2061 2260 γὰρ
2141 2207 2160 2240 ι
2206 2185 2443 2257 χρηστὸς
2477 2189 2572 2238 καὶ
2614 2184 2776 2248 εὐθὺς
2822 2187 2850 2238 ό
2885 2184 3108 2254 Κύριος,
3140 2181 3282 2235 κατά
3311 2181 3403 2234 τὸν
3464 2181 3738 2252 μακάριον

470 2276 654 2340 Δαὸὶδ,
709 2275 802 2329 καὶ
843 2275 1032 2348 ῥάϐδος
1065 2275 1359 2346 εὐθύτητος
1425 2277 1460 2346 ἡ
1493 2275 1684 2346 ῥάϐδος
1731 2275 1829 2346 τῆς
1897 2277 2172 2347 βασιλείας
2225 2295 2342 2338 σου,
2392 2279 2485 2330 καὶ
2517 2275 2604 2329 διά
2627 2274 2784 2328 τοῦτο
2809 2274 3065 2344 ἡγάπησέ
3098 2291 3158 2326 σε
3187 2289 3200 2302 ·
3245 2290 3263 2323 ι
3315 2273 3583 2343 προσήκει
3639 2271 3739 2326 καὶ

473 2372 618 2440 ἡμᾶς
674 2370 1003 2442 ἐξηρτῆσθαι
1069 2369 1160 2426 σοῦ
1222 2371 1268 2403 ⁷⁸
1336 2370 1431 2424 καὶ
1475 2370 1738 2442 διηνεκῶς
1785 2373 2191 2445 προσεδρεύειν,
2250 2373 2345 2427 καὶ
2391 2372 2502 2426 τῶν
2555 2371 2665 2426 σῶν
2705 2371 3000 2426 ἀπολαύειν
3045 2369 3286 2442 μαστῶν.
3321 2365 3456 2424 Εῐτα
3497 2368 3657 2423 πάλιν
3701 2369 3737 2440 ἠ

471 2462 659 2533 νύμφη
708 2463 909 2533 φησίν·

547 2550 710 2605 Vens.
743 2550 797 2616 ό,
824 2550 877 2604 5.
921 2549 1093 2621 Nigra
1119 2567 1258 2614 sum,
1290 2562 1342 2605 et
1383 2551 1648 2622 formosa,
1691 2553 1821 2623 filia:
1855 2552 2048 2610 Hiero-

470 2643 710 2714 solymw,
727 2643 861 2695 sicut
885 2641 1225 2696 tabernacula
1245 2641 1438 2708 Cedar,
1456 2643 1593 2696 sicut
1617 2644 1777 2714 pelles
1804 2644 2049 2701 Salomo-

473 2739 577 2792 nis.
615 2735 698 2791 Ne
739 2735 1009 2803 aspiciatis
1035 2751 1140 2801 me,
1167 2736 1305 2805 quod
1329 2753 1423 2807 ego
1452 2737 1554 2790 sim
1581 2736 1885 2808 denigrata,
1909 2738 2048 2809 quod

473 2829 696 2883 intuitus
722 2829 791 2882 sit
827 2843 906 2881 me
932 2827 1030 2880 sol.
1070 2825 1195 2882 Haec
1226 2843 1332 2882 non
1369 2827 1483 2898 jam
1511 2829 1935 2885 adolescentulis
1963 2845 2052 2884 ar-

473 2919 649 2973 bitror
701 2932 732 2972 a
781 2930 985 2986 sponsa
1012 2916 1122 2970 dici
1165 2934 1180 2972 :
1217 2918 1311 2973 sed
1348 2918 1478 2985 illis,
1512 2936 1634 2990 qua:
1684 2921 1738 2974 in
1784 2921 1900 2991 lege
1936 2922 2052 2992 glo-

473 3009 703 3072 riantes,
730 3018 782 3063 et
809 3006 984 3062 Veteri
1013 3007 1362 3062 Testamento
1380 3009 1558 3075 elatze,
1589 3010 1807 3080 sibique
1835 3011 2054 3081 placen-

472 3104 578 3164 tcs,
614 3099 948 3166 exprobrant
990 3096 1060 3160 ei,
1103 3112 1210 3150 non
1256 3097 1432 3151 solum
1465 3098 1612 3168 quod
1645 3099 1948 3168 alienigena
1983 3098 2055 3152 sit

474 3204 538 3243 ac
579 3189 886 3259 peregrina,
922 3201 1113 3242 verum
1155 3188 1344 3250 etiam,
1379 3188 1526 3258 quod
1566 3189 1844 3245 dietnonas
1894 3197 2053 3245 antea

475 3280 728 3343 coluerit,
767 3293 1074 3347 eorumque
1101 3278 1254 3331 cultu
1300 3276 1504 3333 fmdata
1547 3279 1765 3347 nigrum
1815 3280 2054 3333 colorem

477 3370 836 3424 contraxerit.
888 3368 1254 3433 Quamobrem
1317 3369 1385 3421 ad
1447 3385 1563 3434 eas,
1615 3369 1809 3441 Nigra,
1856 3370 2054 3440 inquit,

478 3477 623 3526 sum,
652 3459 844 3526 fateor,
870 3459 966 3515 sed
1003 3470 1184 3516 tamen
1216 3460 1444 3530 pulchra
1471 3478 1484 3514 :
1507 3460 1636 3513 olim
1667 3437 1918 3529 equidem
1932 3437 2054 3514 vcae-
2085 3437 2126 3493 (ἶ

477 3554 775 3615 cutiebam,
822 3552 920 3608 sed
950 3551 1062 3621 jam
1098 3553 1288 3619 video;
1335 3551 1534 3606 laceris
1564 3552 1842 3622 quondam
1876 3552 2058 3607 obsita

479 3647 698 3718 pannis,
731 3659 877 3699 nunc
900 3643 1103 3700 vestitu
1131 3645 1395 3698 deaurato
1419 3644 1857 3711 circumamicta,
1883 3645 2058 3701 varic-

479 3746 622 3807 gata,
665 3737 868 3808 regiam
914 3734 1507 3807 obtineo‘tlignitatem
1541 3754 1555 3791 :
1597 3746 1652 3790 et
1683 3736 1796 3807 regi
1833 3739 2057 3802 assisto,

473 3817 590 3900 '38
603 3837 654 3881 te
671 3828 967 3898 expellens,
995 3845 1116 3899 qua:
1131 3830 1182 3882 in
1205 3844 1384 3900 regem
1407 3829 1733 3895 insanivisti,
1754 3838 1915 3900 atque
1936 3845 2057 3884 eum

479 3918 752 3982 occidisti,
771 3925 825 3971 et
854 3917 1233 3974 adulterorum
1263 3920 1613 3975 multitudine
1639 3921 1936 3974 thalamum
1966 3920 2061 3975 de-

481 4008 736 4078 turpasti.
765 4005 844 4063 Ne
884 4008 1052 4079 igitur
1082 4009 1213 4063 milti
1261 4010 1476 4082 nigrum
1512 4011 1762 4066 colorem
1804 4010 2056 4080 obiicias,

483 4115 659 4169 neque
683 4101 980 4170 exprobres
1013 4101 1200 4171 priora
1227 4105 1390 4156 mala.
1419 4102 1499 4158 Me
1528 4104 1742 4170 nigram
1771 4117 1892 4158 esse
1920 4117 2057 4156 con-

485 4194 642 4246 fiteor
669 4193 908 4262 quidem,
936 4193 1030 4248 sed
1066 4202 1246 4248 tamen
1276 4193 1594 4262 formosam,
1626 4201 1680 4248 et
1709 4208 1909 4264 sponso
1935 4208 2061 4262 gra-

486 4293 616 4336 tam.
638 4283 957 4352 Exemplum
990 4281 1214 4338 Mariam
1251 4284 1569 4350 reformida,
1597 4302 1719 4356 quae
1743 4301 1866 4340 cum
1894 4285 2058 4348 Mosi,

484 4377 626 4448 quod
649 4375 1064 4449 Aﬂtihiopissam
1098 4376 1347 4432 duxisset
1373 4391 1620 4442 uxorem,
1651 4377 2058 4446 exprobrasset,

487 4472 698 4540 lept'osa
752 4472 925 4526 instar
963 4469 1102 4524 nivis
1145 4468 1335 4524 elIecta
1375 4475 1494 4532 est,
1535 4476 1590 4522 et
1638 4477 1899 4540 tanquam
1954 4470 2059 4522 im-

490 4557 690 4610 munda
712 4559 953 4613 ecastris
981 4557 1082 4612 fuit
1104 4558 1298 4626 ejecta,
1324 4574 1498 4628 neque
1520 4559 1672 4627 prius
1700 4559 1877 4620 rediit,
1897 4573 2060 4629 quam

490 4649 856 4717 resipisceret,
892 4666 957 4704 ac
1001 4651 1346 4706 contumelize
1393 4652 1750 4720 pmaiterctﬂ.
1781 4649 1893 4722 Ego
1923 4665 2061 4722 quo-

493 4753 600 4808 que
651 4752 773 4792 sum
831 4738 1207 4810 Ethiopissa,
1252 4741 1348 4795 sed
1397 4747 1576 4793 tamen
1627 4755 1830 4812 sponsa
1879 4740 2058 4810 magni

490 4828 844 4898 chislatoris
880 4849 892 4884 :
939 4846 1003 4885 ac
1052 4831 1159 4885 tilia
1196 4832 1414 4901 quidem
1458 4831 1761 4888 sacerdotis
1797 4831 2064 4888 Madiaui-

457 4919 607 4984 ’tici,
667 4919 905 4976 hominis
960 4919 1278 4984 idololatria,
1333 4920 1427 4977 sed
1477 4921 1646 4976 oblita
1701 4937 1824 4977 sunt
1879 4923 2060 4992 pOpuli

492 5012 621 5078 mei,
649 5021 703 5067 et
749 5013 944 5068 domus
985 5013 1156 5082 patris
1203 5014 1308 5069 mei
1361 5033 1374 5069 :
1425 5025 1713 5086 propterea
1747 5017 2064 5086 concupivit

493 5116 588 5154 rex
617 5101 868 5157 decorem
899 5119 1098 5159 meum.
1129 5102 1205 5159 Ne
1253 5105 1540 5176 aspiciatis
1575 5121 1663 5161 me
1695 5107 1883 5178 igitur,
1915 5107 2061 5178 quod

494 5189 650 5246 fusca
669 5193 793 5256 sim,
819 5195 964 5264 quod
993 5196 1230 5252 intuitus
1256 5197 1328 5252 sit
1359 5212 1444 5253 me
1469 5199 1572 5252 sol.
1592 5197 1723 5263 Quae
1748 5198 1801 5252 in
1823 5215 2061 5270 praesen-

493 5285 569 5340 tia
599 5284 750 5339 fusca
777 5301 923 5348 sum,
953 5288 1394 5345 candidissimam
1425 5292 1559 5346 estis
1581 5301 1973 5359 conspectum,
2008 5299 2062 5347 et

501 5377 807 5433 clamabitis
836 5394 852 5433 :
888 5379 1019 5446 Quae
1044 5389 1127 5436 est
1163 5382 1265 5436 ista
1293 5421 1308 5446 ,
1340 5395 1461 5451 quae
1495 5379 1744 5436 ascendit
1773 5382 2064 5437 dealbata?

564 5540 597 5583 ,ν’
630 5530 774 5588 Psal.
805 5548 999 5596 xxxiii,
1023 5534 1078 5588 9.
1156 5542 1178 5570 ²
1211 5533 1356 5590 Psal.
1389 5549 1534 5598 κων,
1561 5535 1614 5588 7.

2218 2555 2280 2609 δ’.
2312 2552 2585 2608 Μέλαινά
2612 2554 2750 2623 εἰμι,
2771 2552 2868 2606 καί
2896 2551 3076 2618 καλὴ,
3102 2553 3736 2621 θυγατέρες-’Ῑερουσα-

2149 2647 2295 2716 λὴμ,
2317 2647 2397 2713 ὡς
2432 2645 2794 2716 σκηνώματα
2827 2646 3144 2714 Κηδὰρ,ὠς
3165 2646 3394 2714 δέρῥεις
3425 2647 3735 2716 Σολομὼν.

2150 2745 2212 2792 ε’.
2243 2738 2340 2806 Μὴ
2382 2735 2664 2808 ,βλέψητέ
2683 2753 2780 2806 με,
2812 2737 2902 2789 ὅτι
2931 2736 3045 2806 ἐγώ
3081 2738 3198 2805 ειμι
3242 2735 3736 2805 μεμελανωμένη,

2153 2827 2242 2881 ὅτι
2270 2826 2614 2896 παρέὸῗιεψέ
2639 2843 2716 2896 με
2739 2830 2770 2880 ὁ
2801 2825 2998 2894 ἣλιος.
3035 2824 3304 2894 Ἢγοῦμαι
3325 2826 3425 2878 οὐκ
3456 2825 3538 2878 ἔτι
3560 2824 3740 2878 ταῦτα

2157 2918 2295 2990 πρὸς
2343 2919 2442 2982 τὰς
2476 2918 2721 2983 νεάνιδας
2769 2916 2948 2985 λέγειν
2979 2916 3080 2987 τὴν
3124 2916 3364 2988 νύμφην,
3409 2915 3546 2969 άλλά
3595 2916 3739 2986 πρὸς

2153 3010 2251 3072 τὰς
2295 3008 2388 3062 ἐπὶ
2437 3008 2514 3080 τῷ
2547 3008 2697 3081 νόμῳ
2744 3007 3083 3082 γαυριῶσας,
3123 3008 3218 3062 κα)⁵
3259 3008 3353 3062 ἐπὶ
3405 3011 3472 3078 τῇ
3517 3007 3740 3078 Παλαιᾷ

2155 3100 2402 3173 Διαθήκῃ
2451 3099 2888 3171 φρυαττομένας,
2927 3100 3022 3153 καὶ
3072 3097 3603 3170 μεγαλοφρονούσας,
3637 3100 3738 3150 καὶ

2155 3192 2520 3257 όνειδιζούσας
2553 3192 2720 3263 αὐτῇ,
2751 3191 2813 3244 οὑ
2837 3192 2899 3245 τὸ
2932 3191 3231 3260 ἀλλόφυλον
3265 3190 3445 3264 μόνον,
3472 3189 3608 3242 ἀλλὰ
3638 3190 3739 3243 καὶ

2154 3283 2252 3357 τὴν
2278 3284 2548 3357 προτέραν
2579 3282 3020 3354 δεισιδαιμονίαν,
3055 3283 3150 3335 καὶ
3182 3283 3283 3354 τὴν
3314 3281 3564 3336 ἐντεῦθεν
3588 3298 3740 3350 γινο-

2164 3375 2330 3446 μένην
2360 3376 2622 3446 μέλαιναν
2645 3376 2833 3446 χρόαν.
2860 3375 2952 3427 Διὸ
2981 3374 3129 3441 λέγει
3155 3374 3290 3445 πρὸς
3320 3373 3506 3435 αὐτάςο
3535 3374 3610 3424 Ού
3637 3372 3740 3443 p.6-

2160 3483 2248 3520 vov
2279 3467 2395 3536 εἰμὶ
2429 3465 2678 3536 μέλαινα,
2712 3465 2850 3520 ἀλλά
2881 3465 2974 3518 καὶ
3007 3465 3146 3535 καλή
3165 3481 3180 3496 ο
3210 3465 3478 3534 ἀνέϐλεψα
3499 3464 3607 3534 γάρ
3637 3464 3743 3517 πάο

2159 3555 2249 3608 λαι
2285 3555 2694 3624 τυφλώττουσα,
2744 3555 2840 3608 καὶ
2891 3556 3057 3627 ῥάκια
3103 3555 3311 3608 παλαιὰ
3347 3553 3737 3625 περικειμένη,

2159 3646 2256 3701 νῦν
2300 3649 2359 3700 ὲν
2399 3646 2680 3717 ἱματισμῷ
2725 3647 3000 3719 διαχρύσῳ
3041 3647 3504 3718 περιϐεϐλημένη,
3536 3663 3739 3700 πεποιο

2161 3737 2414 3808 κιλμένη,
2445 3736 2506 3789 τὸ
2530 3736 2807 3806 βασιλικὸν
2826 3736 2992 3808 ἔσχον
3022 3736 3260 3806 ἀξίωμα,
3294 3735 3389 3788 καὶ
3413 3734 3492 3806 τῷ
3524 3733 3744 3804 βασιλεῖ

2162 3828 2526 3898 παρίσταμαι,
2568 3827 2957 3898 ὲξωθησαμένη
2993 3844 3052 3880 σε
3085 3828 3444 3896 ἐπιμανεῖσαν
3467 3824 3546 3896 τῷ
3576 3825 3742 3894 βασι-υ

2159 3918 2260 3985 λεῖ,
2286 3919 2381 3972 καὶ
2409 3917 2595 3972 τοῦτον
2632 3918 2730 3989 μὲν
2759 3918 2976 3988 θανάτῳ
3001 3917 3465 3989 παραδεδωκυῖαν,
3488 3915 3566 3986 τῷ
3596 3914 3744 3985 πλή-

2162 4011 2246 4064 θει
2279 4011 2338 4065 δὲ
2367 4010 2475 4064 τῶν
2517 4010 2722 4082 μοιχῶν
2755 4011 2854 4084 τὴν
2898 4010 3148 4065 παστάδα
3181 4011 3470 4080 μιάνασαν.
3501 4007 3595 4078 Μὴ
3625 4007 3744 4060 ἐοί-

2161 4123 2255 4158 νυν
2311 4103 2536 4168 ὀνείδιζέ
2596 4120 2689 4172 μοι
2746 4106 2807 4157 τὸ
2865 4103 3032 4177 μέλαν
3077 4102 3181 4172 τῆς
3236 4100 3422 4171 χρόας,
3477 4099 3611 4171 μηδὲ
3668 4100 3746 4154 τὰ

2163 4197 2405 4268 πρότερά
2454 4213 2546 4265 μοι
2566 4197 2613 4228 ⁷⁸
2662 4195 2762 4264 ἀγε
2812 4199 2891 4260 εἰς
2944 4195 3104 4266 μέσον
3134 4194 3301 4248 κακά.
3340 4192 3583 4247 Μέλαινα
3623 4193 3745 4264 γάρ

2163 4290 2299 4356 εἰμι,
2326 4286 2592 4356 ὁμολογῶ,
2617 4285 2753 4340 ἀλλὰ
2780 4285 2918 4356 καλὴ
2951 4287 3043 4339 καὶ
3061 4287 3368 4358 ἁρέσκουοα
3395 4285 3475 4356 τῷ
3493 4284 3744 4355 νυμφίῳ.

2161 4377 2431 4448 Φοϐήθητι
2459 4377 2558 4446 τῆς
2593 4376 2823 4447 Μαριὰμ
2853 4377 2912 4430 τὸ
2941 4378 3290 4448 παράδειγμα
3308 4395 3322 4409 ο
3353 4376 3597 4429 ὠνείδισε
3624 4375 3748 4447 γὰρ

2165 4467 2392 4538 κάκείνη
2440 4467 2648 4531 Μωσεῖ,
2689 4468 2770 4520 ὅτι
2816 4467 3168 4521 Αίθιόπισσαν
3199 4471 3434 4537 γυναῖκα
3465 4465 3743 4536 ἠγάγετο,

2163 4561 2258 4615 καὶ
2286 4559 2502 4628 ἐγένετο
2539 4557 2797 4629 λεπρῶσα
2827 4557 2958 4612 ὡσεὶ
2994 4559 3127 4629 χιών
3147 4577 3160 4592 ·
3198 4561 3290 4612 καὶ
3320 4559 3395 4622 ὼς
3425 4557 3748 4627 ἀκάθαρτος

2163 4653 2268 4716 ἔξω
2305 4651 2400 4720 τῆς
2435 4648 2786 4720 παρεμϐολῆς
2810 4651 3093 4721 ἐξεδλήθη,
3120 4652 3214 4704 καὶ
3241 4651 3340 4705 οὐκ
3369 4648 3748 4720 εἰσελήλυθεν,

2093 4772 2138 4829 D
2167 4749 2321 4816 ἄχρις
2371 4743 2432 4798 οὗ
2485 4743 2799 4814 μετενόησε.
2839 4744 3006 4812 Κάγὼ
3041 4744 3222 4797 τοίνυν
3248 4743 3576 4797 Δίθιόπισσα
3611 4741 3747 4811 μὲν,

2166 4837 2302 4892 ἀλλά
2328 4836 2421 4889 τοῦ
2450 4835 2690 4908 μεγάλου
2730 4836 3039 4906 Νομοθέτου
3085 4835 3306 4906 νύμφη⁹
3345 4836 3442 4889 καὶ
3490 4833 3752 4904 θυγάτηρ

2168 4927 2270 4999 μὲν
2303 4927 2493 4998 ίερέως
2540 4927 2830 4996 Μαδιάμ⁷⁶
2868 4927 3057 4995 ἀνδρὸς
3091 4926 3476 4997 είδωλολάτρου
3498 4940 3511 4954 ·
3550 4923 3751 4977 ὲπελα·

2167 5020 2339 5091 θὸμην
2383 5018 2439 5071 δὲ
2485 5021 2578 5072 τοῦ
2609 5017 2740 5071 λαοῦ
2788 5035 2913 5088 μου,
2947 5017 3042 5072 καὶ
3083 5017 3176 5071 τοῦ
3211 5018 3360 5070 οἴκου
3402 5015 3495 5069 τοῦ
3529 5015 3750 5084 πατρός

2170 5129 2271 5183 μου
2293 5126 2307 5140 ⁶
2345 5109 2426 5162 διὸ
2460 5109 2804 5179 ἐπεθύμησεν
2856 5111 2884 5163 ό
2927 5110 3177 5181 βασιλεὺς
3207 5109 3300 5162 τοῦ
3347 5107 3578 5169 κάλλους
3611 5123 3748 5177 μου.

2167 5203 2259 5273 Μὴ
2295 5199 2528 5273 βλέψητέ
2563 5217 2629 5270 με
2660 5201 2838 5254 τοίνυν
2867 5201 2948 5254 ὃτι
2982 5199 3090 5270 ἐγώ
3122 5203 3236 5270 είμι
3280 5197 3750 5270 μεμελανωμένη,

2165 5294 2249 5346 ὅτι
2279 5291 2591 5361 παρέὸλεψὲ
2627 5309 2693 5362 με
2723 5293 2750 5344 ὀ
2777 5291 2956 5364 ἦλιοςο
2978 5291 3174 5362 ὄψεσθέ
3204 5308 3271 5362 με
3299 5287 3752 5358 λελευκασμένην

2168 5381 2266 5451 τὴν
2315 5379 2409 5433 νῦν
2457 5381 2940 5454 μεμελανωμένην,
2986 5385 3082 5440 καὶ
3127 5382 3370 5454 βοήσετε·
3403 5381 3496 5444 Τίς
3527 5379 3670 5449 αὕτη
3711 5378 3752 5448 ἡ

1695 5546 1719 5574 ιι
1750 5533 1903 5588 Num.
1938 5549 2048 5588 xu.
2091 5536 2230 5594 HS.

1844 5648 2079 5703 VARI/ﬁ
2122 5644 2527 5705 LECTIONES.

577 5742 623 5775 ⁷³
647 5739 734 5795 διὰ
759 5739 911 5795 abest
941 5754 969 5792 a
1010 5740 1130 5795 cod.
1211 5740 1256 5773 ⁷⁵
1288 5758 1380 5794 σου
1403 5741 1518 5796 des.
1549 5742 1600 5795 in
1618 5741 1742 5796 cod.
1819 5741 1867 5772 "
1896 5740 2019 5794 cod.
2049 5757 2169 5801 μου.
2229 5740 2277 5772 ⁷⁸
2304 5740 2421 5795 cod.
2451 5737 2681 5803 Μιδιάιι.
