3940 6200
205 297 261 360 69
1149 295 1152 299 ’
1321 295 1406 355 ΙΝ
1435 294 1821 360 CANTICUM
1856 297 2146 362 CANTIC.
2197 302 2340 362 LIB.
2374 303 2421 363 Ῑ.
3384 308 3456 373 70

207 406 548 464 ἀναϐαίνουσα
575 405 1117 478 λελευκανθισμένη;
1153 405 1293 477 Ἐρῶ
1314 407 1372 460 δὲ
1395 408 1524 476 ὑμῖν
1554 407 1646 462 καὶ
1672 409 1770 479 τὴν

1890 410 2045 466 Vobis
2078 421 2258 470 autem
2298 428 2522 470 causam
2553 414 2786 484 hujusce
2819 414 3124 486 nigredinis
3156 432 3452 487 exponam.

210 500 360 556 αίτίαν
375 499 478 570 τῆς
508 497 876 568 μελανώσεως
895 497 1121 568 ταύτης.
1139 496 1519 567 Ἐμελανώθην
1541 497 1648 570 γὰρ
1677 497 1772 551 λα-

1890 499 2166 572 [ὶοηίετιιια
2197 503 2344 558 enim
2376 520 2522 568 sum,
2552 504 2683 559 dum
2715 513 3000 559 creaturas
3025 503 3218 568 adoro,
3245 505 3457 558 omisso

210 595 454 668 τρεύουσα
472 593 521 624 ⁷⁷
537 596 608 664 τῇ
625 591 808 646 κτίσει
823 589 973 660 παρά
988 589 1078 644 τὸν
1090 589 1373 650 κτίσαντα,
1389 589 1484 644 καὶ
1499 588 1590 642 τὸν
1616 589 1684 659 ἦλ
1692 607 1770 643 ιον

1890 591 2155 658 Zreatore,
2185 603 2240 647 ct
2271 596 2442 652 solem
2468 596 2614 651 hunc
2638 595 3030 666 aspectabilem
3060 597 3183 650 colo
3210 610 3308 666 pro
3339 593 3458 649 sole

208 688 379 743 τοῦτον
401 687 498 739 τὸν
525 685 810 755 αἰσθητὸν,
845 682 965 736 ἀντὶ
993 681 1090 734 τοῦ
1120 679 1270 753 ἡλίου
1301 681 1399 751 τῆς
1422 679 1772 751 δικαιοσύνης

1899 680 2125 735 ustitise.
2183 681 2383 738 Verum
2419 699 2543 752 qua:
2585 684 2659 740 sit
2693 685 2838 738 inter
2888 683 3035 738 hunc
3074 691 3238 754 atque
3299 682 3454 736 illum

206 779 638 852 προσκυνήσασα.
683 774 824 828 Ἀλλ’
853 769 995 828 εἶδον
1026 772 1126 845 τὴν
1153 772 1418 842 διαφορὰν
1443 771 1654 825 ἐκείνου
1678 772 1773 824 καὶ

209 870 404 932 τούτου,
425 868 524 922 καὶ
551 864 927 920 καταλιποῦσα
949 864 1012 917 τὺ
1026 865 1256 935 ποίημα,
1274 863 1366 916 τὸν
1385 863 1624 934 Ποιητήν
1639 879 1773 932 προ-

211 961 491 1031 σεκύνησα.
509 959 602 1030 Μὴ
622 957 853 1028 βλέψητέ
873 973 940 1028 με
960 956 1162 1021 τοίνυν,
1183 953 1391 1023 ὅτιέγὼ
1407 955 1522 1024 είμι
1545 954 1776 1026 μεμελαο

211 1054 433 1124 νωμὲνη,
473 1050 886 1122 ὅτιπαρέϐλεψέ
908 1066 975 1120 με
1003 1047 1275 1119 ὀῆλιος,ἢ
1305 1047 1424 1111 ὼςὸ
1453 1047 1771 1118 Σύμμαχος,

209 1147 281 1199 δτι
323 1143 608 1214 καθήψατό
655 1160 757 1213 μου
785 1141 816 1193 ὁ
847 1142 1019 1214 ⁴ἣλιος.
1050 1161 1068 1194 ι
1091 1141 1339 1195 Μέλαινα
1369 1141 1481 1211 γάρ
1508 1142 1646 1211 εἰμι,
1681 1140 1776 1193 καὶ

210 1237 356 1309 καλὴ,
375 1236 678 1307 θυγατέρες
707 1235 1061 1304 Ἰερουσαλήμ
1079 1251 1092 1264 ο
1115 1253 1134 1285 ι
1156 1234 1383 1306 μέλαινα
1403 1232 1492 1286 διὰ
1507 1233 1609 1302 τὴν
1639 1249 1774 1302 προ-

209 1331 360 1402 τέραν
387 1327 668 1391 ἀσέϐειαν,
691 1326 836 1397 καλὴ
857 1325 946 1379 διὰ
967 1326 1065 1396 τὴν
1091 1326 1401 1395 μετάνοιαν·
1436 1323 1663 1394 μέλαινα
1687 1322 1776 1376 διὰ

209 1424 298 1491 τὴν
322 1420 605 1483 ἀπιστίαν,
638 1417 778 1488 καλὴ
815 1418 904 1473 διὰ
947 1416 1046 1489 τὴν
1083 1417 1288 1470 πίστιν.
1346 1416 1455 1470 Καὶ
1482 1415 1625 1470 οὕτω
1653 1414 1778 1484 σφό-

206 1515 300 1584 δρα
351 1514 501 1584 ήμην
567 1511 832 1582 μέλαινα,
898 1511 974 1575 ὡς
1024 1510 1094 1564 τὰ
1158 1509 1498 1582 σκηνώματα
1547 1508 1774 1580 Κηδάρ,

211 1606 235 1659 ὃ
276 1602 638 1675 ἑρμηνεύεται
699 1602 1036 1672 σκοτασμός·
1069 1600 1213 1655 οὕτω
1260 1601 1318 1655 δέ
1371 1600 1574 1670 γέγονα
1613 1599 1777 1670 καλὴ,

203 1698 275 1760 ὡς
329 1697 544 1768 δέρρεις
585 1694 839 1765 Σολομὼν
876 1694 998 1748 ἀντὶ
1047 1693 1174 1756 τοῦ,
1223 1693 1300 1756 ὡς
1355 1693 1556 1762 σκηναὶ
1596 1691 1643 1724 ⁷⁸
1684 1689 1780 1745 τοῦ

1873 771 2218 840 differentia,
2277 775 2668 842 animadverti,
2717 785 2773 830 et
2833 777 3025 830 relicta
3081 783 3336 830 creatura
3385 773 3454 828 ad

1874 862 2198 918 Creatorem
2225 863 2566 918 adorandum
2601 881 2686 920 me
2713 866 2939 920 contuli.
2960 866 3135 921 Nolite
3155 867 3317 936 igitur
3347 880 3454 930 me,

1874 954 2018 1024 quod
2053 955 2211 1010 fusca
2237 957 2501 1025 nigraque
2532 958 2661 1019 sint.
2687 958 3056 1013 considerare.
3096 958 3178 1012 Me
3205 959 3348 1013 enim
3375 963 3454 1016 sol
3493 1025 3496 1028 ,

1875 1048 2110 1116 aspexit,
2131 1048 2214 1101 vel
2237 1047 2416 1117 attigit
2432 1062 2516 1101 me
2536 1047 2640 1108 sol,
2663 1056 2720 1099 ut
2742 1045 3107 1118 Symmachus
3130 1049 3454 1115 interpreta-

1876 1145 1985 1193 tur.
1998 1137 2191 1209 «Nigra
2205 1138 2348 1192 euim
2369 1152 2516 1202 sum,
2531 1146 2586 1192 et
2603 1135 2864 1202 formosa,
2880 1139 3001 1194 ﬁlia:
3016 1138 3416 1206 Hierosolyma.
3434 1155 3454 1187 ι

1876 1229 2044 1301 Nigra
2066 1229 2140 1286 ob
2169 1230 2510 1300 superiorem
2541 1229 2877 1299 impietatem
2903 1247 2918 1285 :
2959 1230 3200 1284 formosa
3238 1239 3461 1299 propter

1877 1322 2282 1393 paenitentiam.
2326 1320 2488 1391 Nigra
2514 1329 2738 1390 propter
2763 1319 3142 1375 inﬁdelitatem
3171 1335 3183 1370 :
3213 1320 3458 1375 formosa

1877 1422 2099 1484 propter
2112 1412 2295 1468 Iidem.
2314 1411 2445 1478 Qua:
2461 1412 2536 1466 ita
2555 1411 2708 1468 fusca
2726 1411 2933 1466 fueram
2949 1411 3059 1482 39
3073 1420 3128 1465 ut
3146 1413 3465 1468 tabernacu-

1879 1504 1929 1558 la
1949 1503 2146 1567 Cedar,
2164 1500 2312 1572 quod
2341 1502 2614 1572 signiﬁcat
2633 1501 3050 1562 obscuritatem,
3071 1501 3145 1555 ita
3176 1501 3315 1568 facta
3337 1518 3462 1558 sum

1881 1601 2147 1665 formosa,
2167 1598 2312 1653 sicut
2340 1595 2653 1652 Salomonis
2682 1606 2812 1651 sunt
2832 1595 3020 1666 pelles,
3041 1595 3146 1650 hoc
3180 1605 3286 1656 est.
3319 1593 3465 1648 sicut

1881 1690 2236 1746 tabernacula
2262 1687 2590 1743 Salomonis.
2617 1687 2811 1754 Qualia
2845 1687 3105 1741 nimirum
3143 1695 3273 1741 sunt
3307 1685 3465 1740 Salo-

211 1788 566 1859 Σολομῶντος.
607 1785 684 1850 ὡς
746 1786 820 1839 τά
887 1785 1211 1857 περιϐόλαια
1259 1782 1354 1836 τοῦ
1413 1781 1777 1853 Σολομῶντος,

1890 1781 2065 1836 monis
2082 1780 2426 1841 vestimenta,
2441 1779 2508 1833 de
2523 1778 2729 1849 quibus
2750 1778 3012 1832 Dominus
3029 1778 3128 1831 ait:
3143 1797 3160 1828 ι
3186 1776 3466 1846 Respicite

210 1883 331 1951 περὶ
385 1873 461 1933 ὧν
517 1878 548 1931 ὁ
598 1877 807 1949 Κύριός
866 1893 1030 1948 φησι’
1084 1894 1103 1929 ι
1169 1876 1539 1945 ’Δποϐλέψατε
1592 1875 1672 1938 είς
1712 1872 1785 1927 τὰ

214 1971 364 2040 κρίνα
404 1966 504 2022 τοῦ
550 1967 747 2039 ἀγροῦ,
778 1966 816 2020 ἃ
863 1965 988 2018 οὔτε
1031 1963 1204 2035 νήθει,
1239 1962 1365 2017 οὔτε
1415 1961 1650 2031 ὑφαίνει,
1689 1959 1784 2014 καὶ

211 2063 238 2114 ὁ
266 2059 446 2132 Πατὴρ
477 2059 634 2130 ὑμῶν
670 2058 700 2112 δ
751 2056 1003 2128 οὐράνιος
1048 2055 1407 2126 ἀμφιέννυσιν
1433 2053 1602 2106 αὐτά’
1634 2051 1783 2122 ἀμὴν

214 2155 343 2223 λέγω
362 2154 408 2186 τ’
466 2153 619 2224 ὑμῖν,
683 2150 806 2204 οὐδὲ
878 2147 1133 2220 Σολομὼν
1193 2149 1253 2202 ἐν
1306 2149 1373 2219 τῇ
1428 2144 1555 2217 δόξῃ
1614 2140 1784 2198 αὑτοῦ

216 2242 579 2315 περιεϐάλετο,
606 2240 682 2305 ὡς
710 2241 770 2295 ἓν
809 2239 1032 2294 τούτων.
1071 2259 1092 2291 ι
1126 2239 1217 2294 Διὸ
1253 2239 1371 2304 καὶ,
1411 2236 1548 2308 μετὰ
1583 2234 1781 2307 βραχὺ,

216 2337 384 2407 κρίνον
438 2333 615 2406 αὐτὴν
645 2335 674 2386 ὁ
705 2332 940 2402 νυμφίος
974 2329 1252 2401 ὀνομάζει,
1289 2329 1366 2394 ὡς
1408 2330 1543 2400 μήτε
1586 2325 1782 2397 νήθου-

219 2444 325 2493 dav,
371 2426 511 2498 μήτε
569 2424 925 2492 ύφαίνουσαν,
959 2421 1052 2475 τὸν
1081 2419 1376 2492 ἀφρόντιδα
1422 2419 1480 2472 δέ
1504 2417 1617 2488 βίον
1649 2433 1784 2488 μετ-

235 2518 408 2583 οῦσαν,
473 2517 572 2570 καὶ
610 2515 705 2568 ὑπ’
732 2512 900 2566 αὐτοῦ
935 2512 1030 2566 τοῦ
1066 2511 1302 2582 νυμφίου
1340 2509 1785 2581 ἀμφιεννυμένην

221 2609 304 2663 καὶ
329 2605 693 2679 τρεφομένην.
741 2603 882 2674 Φησὶ
923 2602 1101 2656 τοίνυν
1146 2603 1181 2673 ἡ
1215 2600 1427 2672 νύμφη.
1475 2600 1558 2654 ὅτι
1609 2599 1784 2652 Πάλαι

218 2699 318 2759 τοῖς
343 2693 670 2766 σκηνώμασι
702 2691 898 2761 Κηδάρ
926 2690 1337 2761 ἀπεικασμένη,
1359 2689 1389 2742 δ
1421 2687 1785 2762 ἑρμηνεύεται

223 2785 548 2857 σκοτασμδς,
599 2783 699 2837 καὶ
749 2783 830 2854 τῷ
885 2783 1067 2836 σκότει
1104 2780 1433 2835 δουλεύουσα
1456 2820 1471 2846 ,
1529 2780 1626 2834 καὶ
1673 2781 1785 2843 τοῖς

220 2878 417 2948 δαίμοσι
455 2874 816 2947 λατρεύουσα,
869 2873 967 2928 νῦν
1023 2872 1283 2944 ἐξαίφνης
1331 2873 1633 2942 ἠμείφθην,
1690 2871 1786 2925 καὶ

221 2970 359 3023 ἔοικα
385 2971 504 3032 ταῖς
529 2967 750 3039 δὲρῤεσι
783 2966 878 3018 τοῦ
909 2965 1250 3035 Σολομῶντος
1281 2965 1514 3018 ἐοικέναι
1534 2965 1604 2996 ⁸⁸·
1635 2965 1786 3016 ἐπει-

221 3061 382 3132 δὴκαὶ
405 3059 542 3130 αῦτη
570 3059 636 3111 οὐ
679 3058 841 3128 μόνον
872 3055 1079 3125 νύμφη,
1111 3055 1247 3108 ἀλλὰ
1281 3055 1376 3109 καὶ
1401 3055 1531 3118 vah;
1565 3055 1788 3123 ἐγένετο

220 3153 306 3206 τοῦ
333 3149 608 3223 εἰρηνικοῦ
634 3149 875 3220 Χριστοῦ
901 3145 970 3202 ⁸³.
1006 3167 1023 3200 ι
1063 3148 1182 3200 Υἱοὶ
1215 3146 1424 3217 μητρός
1463 3164 1564 3217 μου
1587 3145 1786 3216 ἐμαχέ-

224 3263 371 3300 σαντο
393 3248 448 3298 ἐν
476 3244 623 3313 ἐμοί.
665 3260 684 3294 ›
723 3242 949 3312 Ἔχεται
977 3238 1032 3293 δέ
1065 3239 1160 3292 καὶ
1189 3238 1367 3293 ταῦτα
1390 3237 1500 3290 τῶν
1529 3253 1789 3310 προειρη-

226 3340 408 3409 μένων.
458 3336 717 3390 Διδάσκει
777 3334 837 3387 δὲ
879 3333 979 3396 τὰς
1036 3331 1346 3401 Θυγατέρας
1406 3329 1786 3400 Ἰερουσαλὴμ,

224 3433 378 3495 ὅπως,
400 3429 632 3501 μέλαινα
653 3424 790 3480 οὖσα
820 3425 917 3479 καὶ
939 3424 1206 3494 δυσειδὴς,
1225 3421 1484 3492 ἐξαίφνης
1504 3420 1644 3491 καλὴ
1667 3419 1790 3488 ,ἐγέ-

221 3541 350 3576 νετο.
384 3542 402 3574 ι
441 3522 566 3576 Υἱοὶ
614 3520 746 3588 γὰρ,
779 3517 933 3586 φησὶ,
976 3515 1182 3586 μητρός
1219 3531 1320 3584 μου
1350 3512 1691 3584 ἐμαχέσαντο
1731 3512 1790 3565 ἐν

225 3611 366 3683 ἐμοί’
401 3630 421 3663 ι
454 3610 611 3672 υἱοὺς
644 3608 746 3678 μὲν
787 3604 1030 3659 καλοῦσα
1058 3605 1186 3666 τοὺς
1220 3603 1402 3674 ἱεροὺς
1434 3600 1787 3663 ἀποστόλους,

222 3705 342 3774 περὶ
368 3697 440 3758 ὧν
463 3702 527 3756 τδ
553 3699 784 3770 Πνεῦμα
811 3698 871 3752 τδ
903 3700 1056 3766 ἅγιον
1076 3697 1138 3749 ἐν
1170 3696 1251 3766 τῷ
1292 3695 1372 3766 μδ*
1402 3694 1605 3765 ψαλμῷ
1652 3693 1789 3766 πρὸς

220 3796 384 3865 αὐτὴν
413 3796 513 3866 τὴν
537 3791 820 3864 βασιλίδα·
850 3809 868 3842 ι
919 3789 1062 3842 Ἀντὶ
1093 3788 1203 3841 τῶν
1228 3787 1482 3858 πατέρων
1519 3803 1613 3840 σου
1641 3787 1794 3855 ἐγεν-

218 3887 452 3959 νήθησαν
507 3904 588 3940 σοι
626 3884 823 3938 υίοί⁸¹ο
856 3881 1225 3952 καταστήσεις
1273 3879 1472 3942 αὐτοὺς
1527 3882 1793 3950 ἄρχοντας

219 3981 308 4034 ἐπὶ
337 3981 519 4035 πᾶσαν
545 3977 649 4049 τὴν
694 3976 822 4046 γῆν.
871 3992 890 4025 ι
924 3973 1154 4044 Μητέρα
1181 3971 1239 4025 δέ
1275 3971 1446 4040 αὐτῆς
1490 3971 1586 4025 καὶ
1615 3969 1793 4024 αὐτῶν

220 4072 372 4125 καλεῖ
416 4073 517 4142 τὴν
565 4071 680 4125 ἄνω
719 4065 1097 4138 Ἰερουσαλὴμ,
1149 4063 1280 4134 περὶ
1330 4058 1399 4134 ἧς
1447 4065 1476 4116 ὁ
1525 4063 1794 4134 μακάριος

219 4165 426 4228 Παῦλος
467 4164 656 4232 λέγει·
698 4179 716 4212 ι
761 4161 828 4212 Ἦ
873 4158 932 4212 δέ
981 4157 1093 4211 ἀνω
1138 4154 1492 4227 Ἰερουσαλὴμ
1535 4153 1794 4225 ἐλευθέρα

221 4255 387 4318 ἐστὶν,
417 4254 544 4324 ἥτις
577 4250 696 4303 ἐστὶ
746 4252 930 4319 μήτηρ
968 4245 1192 4299 πάντων
1224 4244 1402 4315 ἡμῶν.
1435 4263 1455 4296 ι
1504 4244 1567 4298 Ol
1612 4243 1794 4296 τοίνυν

220 4345 361 4407 υἱοὶ,
395 4343 550 4414 φησι,
594 4341 696 4411 τῆς
736 4337 942 4410 μητρός
977 4354 1079 4407 μου
1110 4335 1450 4407 ἐμαχέσαντο
1489 4337 1549 4390 ἐν
1580 4334 1734 4404 ἐμοί·
1768 4353 1788 4386 ι

1886 1874 1996 1927 lilia
2027 1872 2232 1941 campi,
2253 1885 2373 1941 quae
2399 1886 2578 1940 neque
2606 1879 2759 1934 nent,
2783 1886 2960 1940 neque
2986 1878 3197 1934 texunt,
3223 1879 3278 1925 et
3307 1869 3468 1924 Pater

1882 1969 2068 2018 vester
2091 1961 2335 2017 caelestis
2369 1963 2536 2016 vestit
2571 1975 2655 2014 ea.
2708 1961 2881 2014 Amen
2924 1961 3050 2016 dico
3074 1961 3255 2022 vobis.
3286 1977 3468 2030 neque

1886 2051 2111 2107 Salonio
2151 2053 2206 2108 in
2240 2053 2412 2122 gloria
2454 2067 2553 2106 sua
2587 2050 2931 2106 vestiebatur
2952 2090 2968 2114 ,
3015 2051 3162 2106 sicut
3195 2067 3361 2105 unum
3397 2068 3465 2105 ex

1886 2141 1973 2197 his
1991 2141 2042 2197 δ.
2080 2162 2099 2194 ι
2127 2140 2256 2197 ideo
2288 2141 2450 2212 paulo
2479 2148 2605 2211 post
2627 2141 2804 2195 lilium
2833 2141 3002 2196 etiam
3033 2156 3273 2212 sponsus
3312 2143 3466 2195 illaut

1885 2235 2154 2296 nominat,
2195 2243 2256 2288 ut
2287 2250 2408 2304 qua:
2433 2248 2609 2303 neque
2629 2241 2778 2297 neat,
2809 2248 2989 2304 neque
3017 2241 3187 2300 texat,
3223 2233 3318 2288 sed
3348 2250 3469 2288 om-

1887 2341 2012 2382 uem
2044 2326 2301 2396 rejiciens
2340 2325 2558 2382 tuenda:
2592 2327 2718 2381 vitae
2748 2325 3200 2392 sollicitudinem,
3248 2327 3318 2380 ab
3347 2327 3470 2394 ipso

1888 2431 2096 2488 sponso
2143 2418 2410 2473 vestiatur
2451 2425 2508 2472 et
2566 2418 2864 2473 nutriatur.
2911 2416 3044 2484 Quae
3089 2418 3256 2490 igitur
3302 2421 3468 2486 olim,

1889 2511 2068 2580 inquit
2089 2523 2314 2579 sponsa,
2349 2509 2729 2564 tabernaculis
2758 2509 2957 2574 Cedar.
2984 2511 3132 2579 quod
3157 2517 3243 2567 est
3267 2511 3471 2567 obscu-

1886 2604 2049 2667 ritas,
2082 2600 2293 2656 fueram
2325 2617 2437 2656 non
2461 2601 2751 2658 dissimilis
2771 2611 2820 2668 ,⁸
2839 2603 3080 2659 tenebris
3112 2604 3381 2668 serviens,
3405 2617 3472 2658 ac

1888 2693 2168 2748 daemones
2208 2693 2398 2748 colens
2438 2708 2630 2748 :nunc
2653 2701 2875 2763 repente
2901 2702 3127 2759 mutata,
3166 2695 3474 2764 similisque

1887 2784 2033 2840 facta
2076 2799 2198 2839 sum
2241 2784 2472 2854 pellibus
2513 2784 2828 2840 Salomonis
2876 2805 2890 2840 :
2934 2786 3208 2856 siquidem
3247 2795 3302 2843 et
3355 2789 3471 2856 ipsa

1886 2876 2090 2931 Christi
2123 2876 2336 2946 paciﬁci
2371 2890 2481 2929 non
2523 2877 2701 2932 solum
2736 2889 2962 2946 sponsa,
3001 2876 3098 2933 sed
3129 2877 3297 2932 etiam
3339 2885 3476 2932 tem-

1887 2964 2037 3034 plum
2076 2962 2266 3018 eﬂ'ecta
2300 2973 2407 3019 est.
2448 2982 2468 3016 ι
2507 2963 2628 3019 Filii
2676 2966 2870 3021 matris
2916 2980 3050 3020 meae
3089 2973 3476 3036 pugnaverunt

1889 3061 2082 3108 contra
2110 3069 2216 3108 me.
2251 3073 2270 3106 ι
2310 3051 2436 3108 Haec
2458 3069 2586 3108 vero
2611 3055 2778 3108 etiam
2807 3055 3047 3124 pendent
3077 3072 3144 3110 ex
3174 3057 3475 3124 superiori-

1895 3145 2020 3200 bus.
2066 3143 2232 3199 Docet
2265 3153 2447 3200 autem
2481 3144 2622 3199 ﬁlias
2652 3144 3044 3217 Hierosolyma:
3098 3148 3373 3216 quomodo
3394 3148 3478 3202 ui-

1893 3252 1990 3306 gra
2043 3251 2166 3290 cum
2217 3243 2362 3290 esset
2418 3245 2581 3308 atque
2628 3236 2927 3297 deformis.
2979 3239 3208 3308 pulchra
3253 3249 3479 3310 repente

1895 3326 2040 3383 facta
2059 3328 2152 3380 sit.
2186 3345 2204 3378 ι
2239 3325 2362 3381 Filii
2381 3328 2549 3394 enim,
2575 3329 2776 3398 inquit,
2819 3330 3014 3384 matris
3037 3345 3172 3386 mea:
3196 3346 3476 3402 pugnave-

1895 3426 2024 3472 runt
2044 3425 2235 3472 contra
2261 3433 2366 3471 me.
2395 3437 2414 3469 ι
2444 3414 2612 3473 Filios
2639 3426 2800 3473 vocat
2833 3429 3227 3477 sacrosanctos
3254 3432 3477 3492 aposto-

1893 3509 2000 3572 los,
2027 3507 2095 3562 de
2112 3507 2314 3578 quibus
2345 3508 2400 3562 in
2429 3509 2860 3579 quadragesimo
2885 3518 3088 3580 quarto
3122 3513 3332 3580 psalmo
3355 3513 3479 3583 Spi-

1896 3600 2038 3653 ritus
2069 3607 2292 3653 sanctus
2321 3599 2387 3652 ad
2424 3600 2668 3669 reginam
2703 3599 2968 3670 loquens:
3008 3619 3028 3652 ι
3069 3599 3175 3656 Pro
3198 3604 3476 3671 patribus,

1897 3689 2095 3758 inquit,
2123 3689 2232 3744 tuis
2260 3687 2386 3742 facti
2418 3696 2549 3743 sunt
2579 3688 2673 3743 tibi
2703 3687 2794 3742 ﬁlii
2826 3707 2839 3743 :
2869 3690 3172 3746 constitues
3200 3707 3297 3748 eos
3326 3695 3472 3761 prin-

1896 3780 2048 3850 cipes
2105 3794 2272 3848 super
2319 3791 2538 3833 omnem
2594 3785 2802 3833 terram
2826 3789 2873 3832 ο.
2933 3796 2952 3830 ι
3012 3777 3235 3834 Matrem
3291 3789 3476 3835 autem

1899 3887 2076 3935 suam,
2110 3879 2277 3941 atque
2324 3871 2591 3941 ipsorum,
2624 3871 2905 3926 cmlestem
2941 3871 3180 3940 appellat
3209 3869 3476 3936 Hieroso-

1899 3964 2122 4035 lymam,
2159 3963 2226 4017 de
2255 3977 2362 4032 qua
2393 3962 2586 4016 beatus
2609 3961 2690 4015 ait
2717 3961 3016 4030 Apostolus
3050 3979 3064 4016 :
3092 3979 3110 4012 ι
3141 3960 3273 4027 Qua:
3294 3971 3476 4018 autem

1898 4071 2122 4112 sursum
2164 4062 2248 4110 est
2286 4053 2684 4123 Hierosolyma,
2719 4053 2887 4110 libera
2914 4063 2999 4109 est
3027 4069 3148 4124 quae
3189 4063 3364 4110 mater
3395 4069 3480 4112 est

1899 4146 2144 4200 onmium
2176 4152 2428 4198 nostrum
2449 4140 2497 4196 ει.
2532 4161 2550 4194 ι
2579 4141 2852 4214 Ergo“
2877 4143 2970 4197 lilii
3001 4144 3190 4199 matris
3214 4160 3367 4207 mete.
3395 4147 3479 4202 itt-

1899 4237 2041 4307 quit,
2086 4241 2465 4304 pugnaverunt
2506 4241 2698 4285 contra
2733 4249 2840 4298 me,
2884 4233 3027 4288 bello
3068 4233 3299 4298 scilicet,
3332 4233 3478 4304 quod

1901 4327 2140 4398 apostoli
2184 4324 2460 4381 adversus
2493 4325 2866 4380 idololatriam
2889 4333 2943 4381 et
2979 4326 3188 4396 reliqua
3218 4327 3346 4378 vitia
3377 4327 3476 4379 de-

219 4435 309 4487 τὸν
322 4435 390 4466 ⁸²⁹
427 4433 576 4487 κατὰ
612 4431 715 4502 τῆς
747 4427 1212 4500 είδωλολατρείας,
1245 4426 1338 4480 καὶ
1365 4426 1466 4497 τῆς
1498 4426 1663 4496 ἀλλης
1690 4443 1785 4479 πα·

1903 4428 2186 4476 certarunt
2219 4438 2232 4475 :
2267 4419 2396 4472 dum
2436 4421 2490 4473 iu
2538 4419 2774 4488 singulis
2804 4417 3150 4472 auditoribus
3181 4418 3478 4487 quamdam

227 4524 483 4597 ρανομίας
507 4521 802 4591 γενόμενον
821 4519 933 4581 τοῖς
957 4517 1278 4579 ἀποστόλοις
1305 4514 1540 4584 πόλεμον
1559 4527 1573 4542 ⁸
1601 4514 1795 4578 οἵτινες

223 4617 280 4669 ἐν
308 4617 519 4685 ἑκάστῳ
539 4613 653 4668 τῶν
673 4608 978 4682 ἀκροατῶν,
1003 4603 1115 4661 οἷόν
1151 4624 1271 4660 τινα
1310 4607 1488 4678 μάχην
1517 4606 1610 4661 καὶ
1637 4607 1796 4660 πόλε-

227 4724 325 4774 μον
354 4706 683 4778 ἀνεδέχοντο,
729 4699 1123 4771 ἀγωνιζόμενοι
1163 4697 1447 4752 ἐκϐάλλειν
1475 4699 1571 4767 μὲν
1595 4697 1666 4751 τὰ
1693 4714 1792 4752 πο·

223 4797 364 4867 νηρά
381 4795 474 4866 ἔθη
504 4795 616 4849 τῶν
641 4791 854 4864 ψυχῶν,
870 4789 1002 4853 ’τοὺς
1031 4788 1090 4841 δέ
1121 4787 1220 4857 τῆς
1251 4786 1533 4848 εὐσεϐείας
1559 4787 1793 4854 ἐγκατα-

230 4887 393 4955 πῆξαι
420 4888 636 4958 νόμους.
664 4883 778 4937 Καὶ
806 4883 896 4935 ἵνα
924 4878 1258 4950 σαφέστερον
1286 4877 1569 4949 μάθωμεν,
1599 4876 1715 4940 πῶς
1740 4879 1798 4929 ἐν

231 4980 346 5040 ταῖς
374 4978 476 5031 τῶν
501 4973 959 5049 μαθητευομένων
983 4971 1181 5043 ψυχαῖς
1205 4970 1527 5041 διεμάχοντο
1549 4970 1598 5022 οἱ
1622 4969 1798 5038 μακά-

239 5085 338 5138 ριοι
353 5071 443 5141 τῆς
463 5061 746 5132 εὐσεϐείας
764 5067 1030 5137 κήρυκες,
1057 5062 1380 5134 ἀκούσωμεν
1402 5060 1496 5114 τοῦ
1527 5060 1798 5130 μακαρίου

1904 4513 2012 4584 ipsi
2056 4527 2299 4583 pugnam
2332 4520 2387 4566 et
2414 4519 2723 4575 certamen,
2761 4517 2820 4562 ut
2862 4507 3144 4577 improbos
3169 4524 3237 4562 ex
3279 4509 3482 4563 animis

1902 4607 2146 4676 ipsorum
2182 4618 2363 4658 mores
2405 4601 2781 4671 expellerent,
2831 4599 3052 4669 pietatis
3099 4608 3279 4654 autem
3333 4601 3480 4670 leges

1902 4696 2190 4765 inﬁgerent
2223 4698 2608 4761 susceperunt.
2646 4688 2715 4744 Ut
2751 4697 2934 4744 autem
2971 4690 3174 4746 clarius
3202 4691 3478 4762 intelliga-

1903 4803 2062 4851 mus,
2100 4784 2374 4854 quomodo
2407 4781 2582 4836 sancti
2618 4781 2836 4851 pietatis
2863 4796 3144 4852 praecones
3179 4783 3232 4837 in
3257 4783 3480 4838 discen-

1906 4881 2039 4934 tium
2064 4877 2265 4932 animis
2298 4875 2653 4938 decertarint,
2683 4874 2900 4930 beatum
2933 4875 3222 4930 audiamus
3247 4872 3479 4945 Stepha-

1907 4985 2037 5024 uum
2070 4969 2429 5039 prazliantem,
2465 4976 2630 5036 atque
2664 4966 2976 5022 dicentem:
3026 4986 3044 5020 ι
3078 4966 3206 5020 Duri
3243 4967 3478 5028 cervice,

1907 5069 1962 5115 et
2007 5059 2385 5113 incircumcisi
2428 5059 2690 5114 cordibus
2721 5066 2777 5114 ct
2807 5057 3076 5121 auribus,
3124 5071 3222 5112 vos
3264 5069 3487 5123 semper

303 5247 331 5289 δ
371 5249 551 5306 Matth.
586 5266 672 5315 vr,
707 5249 815 5317 28,
846 5247 938 5304 29.
1016 5258 1038 5287 ε
1074 5245 1222 5302 Psal.
1247 5260 1392 5310 κων,
1441 5243 1543 5310 17,
1575 5242 1660 5298 18.
1740 5241 1766 5281 ά

1890 5241 1976 5295 lat.
2023 5257 2096 5309 IV,
2125 5240 2216 5294 26.

1568 5402 1798 5459 VARI/{*3
1848 5401 2249 5459 LECTIONES.

302 5563 346 5595 "
373 5567 485 5621 cod.
515 5566 885 5633 λατρεύσασα.
981 5562 1027 5595 ⁷⁸
1057 5561 1180 5618 cod.
1216 5577 1402 5633 praem.
1436 5561 1512 5614 αξ.

308 5583 342 5595 ·’
373 5583 485 5621 cou.
518 5583 613 5620 Αατ
682 5583 885 5620 υσασα.
985 5583 1027 5595 η’
1057 5583 1180 5618 eoo.
1216 5583 1402 5633 praem.
1436 5583 1512 5614 αι.
1621 5583 1660 5592 --

238 5631 276 5706 ff
313 5636 559 5706 Χριστοῦ.
607 5583 679 5691 ip:
721 5634 849 5692 cod.
906 5633 1159 5706 sequitur
1192 5633 1462 5706 expositio
1519 5633 1682 5689 trlum

238 5697 302 5732 "°
328 5697 413 5759 τὸν
433 5709 583 5763 abest
605 5721 633 5761 a
654 5706 783 5762 cod.

1616 5561 1662 5592 7'
1693 5559 1854 5631 λέγω.
1884 5563 2006 5618 cod.
2046 5576 2238 5631 praem.
2294 5560 2422 5631 γάρ.

1788 5643 1990 5691 atrum.

2525 5557 2570 5589 ⁸ο
2609 5555 2843 5611 ἐοικέναι
2909 5553 3190 5609 abundare
3239 5543 3480 5599 videtur.

2082 5613 2236 5683 "ﬁant
2290 5613 2419 5684 ύίοίέ
2467 5637 2603 5684 tom.
2657 5627 2698 5696 Ι,
2753 5643 2807 5696 p.
2840 5627 2949 5682 895
3005 5631 3120 5678 erat
3149 5621 3198 5672 οἱ
3223 5613 3330 5669 υἱοί
3359 5625 3480 5666 σου.
