3940 6200
439 300 503 370 τι
1457 283 1940 351 THEODORETI
1978 278 2317 343 EPISCOPI
2346 273 2709 339 CYRENSIS
3611 262 3684 326 72

443 412 670 485 spiritui
720 417 914 466 sancto
972 405 1251 471 resistitis,
1301 404 1455 460 sicut
1494 412 1679 474 patres
1718 400 1907 464 vestri,
1953 406 2005 454 et

2123 395 2384 463 Στεφάνου
2409 389 2809 462 διαμαχομένου
2843 382 2936 438 καὶ
2961 380 3242 449 λέγοντος·
3276 397 3295 431 ι
3337 377 3684 449 Σκληροτρὰ-

441 522 540 563 vos
559 516 604 559 ε.
641 522 659 556 ι
697 503 755 555 Et
798 503 990 557 beatus
1018 501 1220 555 Paulus
1253 496 1321 551 ad
1353 494 1672 551 Corinthios
1713 493 1961 550 scribens
1991 506 2005 543 :

446 618 465 651 ι
506 597 740 652 Omnino
766 595 1008 659 auditur,
1043 593 1244 662 inquit,
1294 589 1443 643 inter
1481 601 1582 642 vos
1614 586 1926 648 fornicatio,
1956 590 2012 636 et

442 685 567 740 talis
599 683 910 747 fornicatio,
937 681 1111 751 qualis
1136 693 1237 733 nec
1273 677 1416 731 inter
1442 681 1633 747 gentes
1659 675 1704 730 ί.
1744 693 1764 727 ι
1797 674 1860 727 Et
1886 688 2010 727 rur-

443 791 540 830 sus
573 792 589 830 :
634 793 653 826 ι
687 772 764 828 Ne
795 773 991 827 iterum
1028 785 1151 825 cum
1209 783 1432 833 venero,
1465 767 1717 821 humiliet
1748 779 1836 819 me
1866 763 2035 819 Deus-

444 866 586 936 apud
627 881 743 928 vos,
770 873 823 919 et
862 863 1077 932 lugeam
1106 861 1312 915 multos
1336 875 1399 914 ex
1428 858 1516 921 iis,
1545 858 1640 927 qui
1670 863 1796 911 ante
1822 870 2017 925 pecca-

446 962 660 1018 verunt,
693 962 748 1009 et
786 968 893 1007 non
926 961 1156 1021 egerunt
1204 948 1583 1020 pmnitcntiam
1609 957 1658 1002 ε.
1698 967 1717 998 ι
1746 946 1824 999 Ad
1851 947 2016 1001 Cala-

443 1055 528 1102 tas
551 1054 730 1100 autcm
756 1084 770 1111 ,
805 1061 824 1095 ι
873 1042 917 1098 0
952 1060 1050 1098 vos
1086 1042 1336 1104 stolidos,
1380 1039 1581 1109 inquit,
1624 1036 1866 1103 Galatas,
1892 1038 2017 1107 quis

442 1152 539 1192 vos
583 1135 869 1190 lasciuavit
925 1149 1033 1188 non
1081 1132 1306 1188 obedire
1328 1132 1573 1195 veritati,
1622 1138 1751 1184 ante
1781 1144 2015 1198 quorum

441 1227 632 1281 oculos
654 1224 815 1280 Jesus
844 1224 1099 1278 Christus
1122 1223 1363 1291 scriptus
1385 1230 1489 1288 est,
1521 1228 1576 1276 et
1617 1221 1671 1273 in
1705 1220 1864 1274 vobis
1889 1234 2019 1273 cru-

441 1317 637 1373 cillxus
656 1316 724 1368 h?
753 1336 769 1367 ι
806 1313 902 1371 His
941 1315 1117 1369 modis
1150 1315 1521 1382 increpantes,
1550 1319 1604 1365 et
1634 1310 2018 1371 admonentes,

441 1414 496 1461 et
546 1413 893 1475 peccatorum
936 1419 1103 1474 rugas
1144 1399 1637 1464 discutientesfet
1684 1401 2021 1453 inveteratus

443 1511 624 1552 mores
671 1497 1047 1565 abstergcntes
1071 1534 1085 1560 ,
1124 1493 1283 1564 primi
1326 1492 1402 1546 illi
1439 1490 1771 1546 Christianae
1802 1489 2022 1558 pietatis

441 1588 694 1643 doctores
719 1595 774 1642 et
810 1588 1214 1649 buccinatores,
1269 1598 1528 1655 sponsam
1567 1580 1782 1635 Domini
1820 1595 1887 1636 ex
1927 1595 2011 1635 ve-

442 1680 544 1734 teri
590 1694 807 1742 novam,
835 1693 901 1731 ex
950 1679 1090 1746 turpi
1121 1686 1286 1746 atque
1322 1673 1553 1730 deformi
1593 1672 1880 1743 pulchram
1905 1710 1919 1735 ,
1950 1687 2019 1725 ex

2110 488 2288 559 χηλοι,
2338 488 2431 540 καὶ
2476 482 2838 553 ἀπερίτμητοι
2880 479 2946 547 τῇ
2982 472 3178 544 καρδίᾳ
3223 472 3318 525 καὶ
3366 473 3483 534 τοῖς
3523 470 3681 537 ὠσὶν»

2113 581 2269 650 ὑμεῖς
2306 577 2392 631 ἀεὶ
2419 575 2497 647 τῷ
2526 573 2803 642 Πνεύματι
2832 568 2910 638 τῷ
2943 566 3083 636 ἁγίῳ
3123 562 3491 624 ἀντιπίπτετε,
3520 561 3596 625 ῶς
3632 562 3681 614 οί

2114 669 2347 741 πατέρες
2376 665 2529 737 ὑμῶν
2550 665 2642 718 καὶ
2662 663 2838 733 ὑμεῖς.
2872 679 2892 713 ι
2916 658 3075 713 Καὶὸ
3103 655 3369 727 μακάριος
3386 653 3442 706 δὲ
3471 651 3683 716 Παῦλος

2115 762 2420 835 Κορινθίοις
2453 760 2552 831 μὲν
2579 755 2908 811 ἐπιστέλλων
2930 752 3094 823 φησίν
3114 766 3126 779 ⁸
3164 770 3181 800 ι
3222 747 3398 808 Ὀλως
3425 745 3685 799 ἀκούεται

2114 858 2172 908 ἐν
2199 855 2328 924 ὑμῖν
2360 852 2607 922 πορνεία,
2637 849 2760 918 ἥτις
2793 845 2916 898 οὐδέ
2959 845 3019 896 ἐν
3043 845 3154 903 τοῖς
3183 840 3394 892 ἔθνεσιν
3421 835 3684 907 ὀνομάζε-

2113 964 2236 999 cur
2287 963 2305 997 ι
2356 945 2452 998 καὶ
2490 941 2670 1008 πάλιν,
2712 959 2731 991 ι
2765 939 2978 1007 Μήπως
3014 933 3234 987 ἐλθόντα
3274 947 3343 1000 με
3381 928 3516 998 πρὸς
3542 927 3687 997 ὑμᾶς

2115 1035 2425 1107 ταπεινώσῃ
2468 1036 2496 1087 ό
2529 1031 2658 1096 Θεός
2712 1047 2834 1101 μου,
2875 1027 2969 1080 καὶ
3006 1023 3259 1093 πενθήσω
3304 1019 3535 1081 πολλοὺς
3574 1017 3686 1070 τῶν

2116 1110 2257 1200 προη
2267 1125 2641 1198 μαρτηκότιυν,
2661 1122 2755 1175 καὶ
2780 1120 2853 1191 μὴ
2873 1116 3335 1191 μετανοησάντων.
3367 1131 3385 1164 ι
3419 1110 3688 1172 Γαλάταις

2116 1221 2173 1275 δὲ
2201 1219 2460 1291 γράφων,
2498 1234 2516 1266 ι
2566 1209 2637 1267 *Ω
2677 1213 2915 1280 ἀνόητοι,
2948 1211 3101 1280 φησὶ,
3137 1206 3392 1270 Γαλάται,
3423 1204 3507 1266 τίς
3539 1202 3687 1272 ὑμᾶς

2117 1290 2385 1379 ἐϐάσκηνε
2408 1307 2455 1339 ⁸³
2480 1308 2545 1377 τῇ
2578 1303 2807 1375 ἀληθείᾳ
2835 1301 2909 1373 μὴ
2925 1298 3228 1363 πείθεσθαι,
3249 1290 3329 1358 οἷς
3357 1296 3476 1348 κατ’
3499 1291 3689 1362 ὀφθαλο

2123 1403 2258 1472 μοὺς
2298 1397 2505 1469 Ἰησοῦς
2536 1395 2772 1466 Χριστὸς
2802 1391 3121 1464 προεγράφη
3154 1391 3211 1442 ἐν
3240 1388 3368 1458 ὑμῖν
3405 1388 3688 1454 ἐσταυρω-

2123 1494 2314 1564 μένος;
2346 1510 2364 1543 ι
2396 1490 2580 1552 Οὕτως
2605 1484 2986 1557 ἐπιτιμῶντες,
3023 1482 3117 1537 καὶ
3151 1476 3560 1552 παραινοῦντες,
3594 1475 3690 1528 καὶ

2118 1582 2217 1643 τὰς
2247 1580 2462 1652 ῥυτίδας
2487 1578 2598 1632 τῶν
2626 1574 3040 1646 ἁμαρτημάτων
3074 1570 3454 1632 διατείνοντες,
3494 1567 3589 1619 καὶ
3620 1565 3691 1618 τά

2120 1672 2469 1744 γεγηρακότα
2491 1668 2815 1735 ἀποξύοντες
2847 1665 2974 1734 ἤθη,
3005 1664 3128 1717 νέαν
3153 1660 3276 1716 ἀντὶ
3302 1660 3557 1722 παλαιᾶς,
3592 1656 3690 1710 καὶ

443 1767 595 1837 nigra
632 1765 1079 1821 candidissimum
1136 1764 1520 1819 reddiderunt.
1568 1761 1782 1832 Sponsa
1826 1761 2014 1833 igitur,

2123 1763 2241 1818 ἀντὶ
2279 1761 2549 1822 δυσειδοῠς
2585 1759 2680 1812 καὶ
2707 1754 2975 1826 είδεχθοῦς
3003 1751 3274 1824 εὐπρεπῆ,
3312 1750 3405 1821 καὶ
3438 1747 3557 1802 ἀντὶ
3593 1763 3691 1816 με·

442 1873 564 1913 cum
591 1859 751 1913 vellet
783 1856 1094 1923 ostendere,
1126 1855 1401 1925 quomodo
1446 1856 1675 1925 pulchra
1705 1855 2020 1925 decoraque

440 1949 715 2005 evaserit:
755 1966 775 2000 ι
813 1947 960 2010 Filii,
999 1947 1201 2016 inquit,
1235 1946 1431 2001 matris
1469 1960 1602 2000 mete
1630 1955 2020 2016 pugnaverunt

442 2048 635 2092 contra
659 2053 766 2091 me.
798 2036 1107 2091 Posuerunt
1133 2051 1217 2092 me
1241 2033 1344 2106 41
1377 2034 1664 2090 custodem
1699 2035 1753 2088 in
1777 2033 1971 2088 vineis.
1995 2051 2015 2085 ι

443 2115 813 2182 Tradidernnt
841 2127 987 2180 enim
1020 2124 1155 2179 mihi
1200 2126 1371 2180 veluti
1396 2126 1585 2180 vineas
1618 2124 1905 2195 quasdam,
1936 2125 2019 2178 di-

444 2219 569 2272 vina
603 2218 880 2283 mandata,
911 2226 1079 2285 utque
1099 2231 1161 2270 ea
1193 2229 1300 2269 non
1320 2216 1498 2270 solum
1523 2214 1762 2270 colerem
1791 2223 1846 2269 et
1873 2229 2022 2270 exer-

443 2321 647 2371 cerem,
683 2321 869 2360 verum
904 2306 1067 2360 etiam
1100 2303 1477 2368 custodirem,
1520 2319 1588 2359 ne
1615 2318 1723 2373 qua
1772 2303 2021 2374 improba

445 2397 619 2452 bestia
656 2395 895 2451 fructum
936 2394 1205 2465 perderet,
1238 2401 1293 2450 et
1332 2394 1713 2459 labefactaret,
1746 2404 1874 2450 sunt
1922 2411 2019 2451 co-

446 2488 672 2542 hortati.
726 2487 846 2541 Mox
882 2485 1033 2541 addit
1066 2505 1081 2539 :
1118 2504 1137 2536 ι
1182 2483 1409 2540 Vincam
1455 2499 1631 2540 meam
1667 2500 1793 2540 non
1831 2493 2021 2541 custo-

446 2580 579 2634 divi.
616 2598 636 2631 ι
686 2578 889 2633 llorum
936 2578 1227 2631 verborum
1273 2575 1475 2645 duplex
1504 2586 1589 2630 est
1622 2591 1843 2641 sensus,
1873 2583 2017 2631 uter-

445 2687 552 2742 que
600 2672 721 2741 pius
753 2681 915 2740 atque
944 2670 1118 2725 utilis.
1165 2668 1274 2721 Aut
1307 2668 1452 2722 enim
1486 2667 1640 2735 dicit,
1687 2683 1748 2722 se
1781 2667 2019 2734 vineam,

445 2779 607 2834 quam
634 2770 763 2818 ante
787 2761 1158 2817 Christianam
1193 2758 1351 2814 ﬁdem
1382 2759 1485 2814 sibi
1521 2774 1551 2813 a
1584 2759 1885 2829 majoribus
1916 2766 2024 2813 tra-

447 2857 619 2911 ditam
654 2855 924 2922 coluerat,
962 2854 1036 2906 ita
1062 2852 1364 2922 neglectam
1417 2861 1581 2919 atque
1628 2850 2019 2904 incustoditam

446 2947 759 3017 reliquisse,
803 2957 863 3000 ut
912 2947 1092 3014 priora
1132 2943 1383 2997 instituta
1410 2941 1629 3011 penitus
1655 2941 1935 3010 corrumpi
1968 2950 2022 2995 et

446 3040 725 3094 oblivione
763 3037 933 3092 deleri
965 3037 1170 3090 sineret
1200 3053 1213 3088 :
1246 3042 1341 3087 aut
1365 3035 1578 3088 vineam
1608 3048 1786 3100 suam,
1817 3033 1869 3086 id
1911 3040 2018 3096 est,

2119 1855 2309 1925 λαίνης
2338 1851 2668 1919 λευκοτάτην
2695 1848 3042 1917 ἀπεφήναντο
3064 1842 3159 1897 τοῦ
3190 1841 3396 1913 Κυρίου
3424 1838 3522 1911 τὴν
3555 1838 3693 1908 νύμ-

2121 1963 2227 2017 φην
2253 1946 2302 1998 οί
2336 1943 2542 2014 πρῶτοι
2564 1941 2664 2011 τῆς
2691 1937 2972 2000 εὐσεϐείας
2998 1934 3272 2005 ὑποφῆται
3307 1932 3402 1986 καὶ
3430 1932 3689 2003 κήρυκες.

2121 2035 2216 2089 Διά
2244 2032 2402 2087 τοῦτο
2425 2032 2473 2069 ⁸⁸
2514 2032 2547 2099 ἡ
2594 2028 2779 2099 νύμφη
2814 2024 2985 2091 δεῖξαι
3015 2021 3315 2094 βουλομένη
3345 2019 3463 2073 τίνα
3492 2019 3693 2088 τρόπον

2120 2126 2300 2196 ὡραία
2329 2124 2520 2193 γέγονε
2561 2121 2656 2175 καὶ
2685 2119 2847 2188 καλὴ,
2899 2116 3091 2187 φησίνο
3133 2133 3151 2166 ι
3185 2113 3304 2167 Υἱοὶ
3338 2108 3543 2181 μητρός
3589 2124 3693 2178 μου

2121 2215 2462 2288 ἐμαχέσαντο
2493 2214 2550 2265 ἐν
2597 2209 2740 2281 ἐμοί.
2773 2207 2999 2261 Ἔθεντό
3032 2222 3099 2277 με
3131 2202 3467 2275 φυλάκισσαν
3503 2201 3559 2251 ἐν
3587 2199 3698 2267 ἀμ-

2123 2310 2349 2365 πελῶσι.
2377 2326 2397 2359 ι
2432 2305 2762 2378 Παρέδωκάν
2791 2319 2882 2374 μοι
2904 2303 3013 2372 γὰρ
3041 2295 3151 2353 οἷόν
3171 2313 3321 2359 τινας
3343 2290 3694 2364 ἀμπελῶνας,

2119 2403 2218 2466 τὰς
2245 2400 2394 2464 θείας
2423 2397 2640 2462 ἐντολάς
2662 2412 2675 2426 ·
2704 2395 2799 2450 καὶ
2823 2393 3026 2454 ταύτας
3057 2391 3157 2444 οὐκ
3181 2385 3508 2458 ἐργάζεσθαι
3535 2382 3697 2453 μόνον

2121 2493 2218 2548 καὶ
2254 2492 2538 2562 γεωργεῖν,
2572 2486 2708 2541 ἀλλά
2737 2485 2832 2538 καὶ
2874 2481 3162 2552 φυλάττειν
3198 2476 3695 2548 παρεκελεύσαντο,

2122 2585 2209 2638 ἵνα
2237 2583 2311 2653 μή
2344 2599 2395 2635 τι
2433 2579 2543 2633 τῶν
2577 2575 2828 2648 πονηρῶν
2859 2573 3061 2644 θηρίων
3084 2569 3410 2640 λυμαίνηται
3439 2564 3529 2619 τὸν
3559 2580 3701 2653 καρ-

2122 2651 2250 2729 πόν(
2272 2651 2494 2734 Τούτοις
2523 2667 2774 2737 ἐπιφέρει
2795 2680 2808 2694 ’
2841 2681 2860 2713 ι
2902 2659 3228 2731 ’Λμπελῶνα
3268 2655 3399 2727 ἐμὸν
3428 2654 3525 2706 οὐκ
3563 2651 3700 2716 ἐφύ-

2121 2763 2275 2830 λαξα.
2316 2780 2335 2814 ι
2369 2759 2574 2828 Διπλῆν
2603 2757 2716 2828 ἔχει
2739 2755 2836 2826 τὴν
2871 2753 3079 2808 ἔννοιαν
3113 2750 3174 2803 τὺ
3200 2748 3383 2820 ῥητὸν,
3416 2743 3617 2815 εὐσεϐῆ
3637 2743 3701 2797 δὲ

2122 2856 2412 2926 ἑκατέραν,
2442 2853 2531 2907 καὶ
2554 2848 2818 2921 ὠφελείας
2847 2846 3071 2917 μεστήν.
3106 2843 3178 2895 Ἢ
3199 2841 3307 2909 γὰρ
3337 2839 3493 2893 τοῦτο
3517 2835 3701 2903 λέγει,

2119 2951 2204 3006 ὅτι
2229 2946 2333 3001 Τὸν
2363 2943 2628 3017 πρότερόν
2655 2959 2756 3013 μου
2785 2936 3103 3008 ἀμπελῶνα,
3127 2934 3185 2987 ὃν
3213 2932 3317 3003 πρὸ
3337 2932 3434 3001 τῆς
3461 2929 3704 3017 πίστεως

2124 3015 2453 3109 ἐγεώργουν,
2486 3034 2578 3088 τὸν
2603 3028 2874 3102 πατρόθεν
2910 3044 2998 3098 μοι
3032 3021 3423 3095 παραδοθέντα,
3460 3015 3704 3109 καταλέ-

446 3131 643 3184 anima:
673 3142 786 3183 suae
821 3127 1108 3183 utilitatem
1146 3126 1473 3196 neglexisse,
1503 3133 1556 3179 et
1588 3124 1823 3178 aliorum
1861 3139 2016 3179 com-

2123 3104 2284 3184 λοιπά
2316 3104 2713 3197 ἀνεπιμέλητον
2740 3121 2834 3175 καὶ
2863 3117 3192 3188 ἀφύλακτον,
3242 3112 3384 3165 ὥστε
3416 3104 3705 3197 παντελῶς

447 3220 605 3275 moda
630 3220 865 3290 propriis
888 3218 1197 3275 commodis
1220 3218 1550 3288 praetulisse.
1585 3214 1698 3271 Hoc
1718 3216 1864 3271 enim
1891 3219 2019 3270 bea-

449 3322 539 3368 tus
567 3325 784 3382 quoque
802 3310 1003 3365 Paulus
1032 3318 1284 3376 testatur,
1312 3309 1505 3364 dicens
1541 3325 1555 3362 :
1594 3326 1611 3358 ι
1641 3306 1892 3362 Charitas
1908 3322 2019 3361 non

449 3404 647 3475 quaerit
670 3418 791 3473 qua:
828 3416 926 3457 sua
967 3408 1096 3456 sunt
1124 3401 1165 3454 ί.
1209 3419 1228 3450 ι
1261 3399 1326 3452 Et
1352 3399 1504 3465 alibi,
1533 3416 1551 3451 ι
1592 3396 1785 3461 Nemo,
1816 3398 2016 3466 inquit,

448 3501 655 3565 qmerat
677 3493 822 3564 quod
837 3508 998 3549 suum
1020 3501 1125 3558 cst,
1139 3491 1233 3546 sed
1247 3490 1393 3560 quod
1412 3489 1658 3552 alterius,
1682 3492 1913 3559 quisque
1931 3486 1944 3537 i
1964 3526 1977 3541 .
1991 3503 2011 3538 ι

450 3584 515 3639 Et
535 3585 603 3641 de
636 3586 821 3655 seipso
853 3600 867 3636 :
911 3603 928 3634 ι
948 3582 1068 3637 Νοιι
1091 3596 1295 3650 quaero,
1323 3581 1521 3650 inquit,
1553 3579 1698 3649 quod
1721 3578 1854 3632 mihi
1889 3577 2023 3631 utile

448 3686 551 3739 est,
590 3676 685 3732 sed
714 3675 861 3746 quod
908 3675 1116 3737 multis,
1145 3680 1203 3727 ut
1243 3671 1380 3727 salvi
1428 3672 1559 3725 liant
1583 3670 1629 3724 ιι.
1672 3689 1689 3721 ι
1721 3668 2023 3738 Utramque

450 3785 582 3826 vero
617 3768 943 3825 sententiam
979 3780 1285 3837 proponere
1326 3765 1552 3834 placuit,
1598 3771 1657 3817 ut
1689 3776 1810 3817 eam
1851 3761 2025 3815 lector

451 3863 765 3932 perspiciat,
795 3870 849 3915 et
869 3860 1031 3915 istam
1076 3858 1328 3929 accipiat,
1354 3872 1478 3927 quae
1508 3856 1693 3911 verior
1726 3853 1830 3924 ipsi
1867 3853 2023 3909 vide-

452 3955 623 4007 bitur.
663 3950 794 4005 Post
821 3950 935 4004 luec
973 3962 1175 4019 sponsa
1203 3947 1466 4002 amittens
1494 3960 1621 4001 cum
1652 3943 2024 4000 adolescenti-

455 4046 556 4102 bus
585 4043 759 4115 loqui,
795 4050 853 4098 et
894 4056 1018 4097 cum
1059 4041 1274 4097 liliabus
1306 4038 1693 4110 Hierosolyma;
1719 4037 2023 4107 disputare.

452 4135 723 4193 convertit
750 4149 811 4189 se
846 4132 916 4187 ad
956 4147 1241 4203 sponsum,
1285 4139 1340 4185 et
1390 4144 1630 4185 amorem
1683 4144 1843 4185 suum
1892 4143 2026 4200 erga

453 4227 603 4282 illum
634 4227 719 4281 his
757 4225 942 4280 verbis
971 4225 1146 4293 aperit
1176 4242 1190 4278 :

2125 3221 2194 3274 τὰ
2237 3196 2612 3290 πρότερανήδη
2643 3211 3034 3281 διαφθαρῆναι,
3066 3204 3160 3259 καὶ
3202 3202 3344 3273 λήθῃ
3380 3196 3702 3290 παραδοθῇ-

2127 3328 2248 3365 ναι·
2345 3284 2428 3363 ὅτι
2467 3284 2572 3359 Τδν
2604 3284 2740 3374 ἐμὸν
2768 3297 3087 3371 ἀμπελῶνα,
3128 3293 3376 3380 τουτέστι
3406 3288 3518 3380 τῆς
3533 3284 3707 3380 Δέμῆς

2124 3374 2313 3469 ψυχῆς.
2342 3397 2441 3466 τὴν
2477 3392 2745 3462 ὠφέλειαν
2777 3385 3069 3456 άφιεμένη,
3109 3381 3203 3435 καὶ
3247 3378 3316 3435 τά
3360 3375 3472 3430 τῶν
3524 3374 3707 3427 ἄλλων

2126 3466 2290 3559 έέρδη
2314 3485 2422 3538 τῶν
2450 3482 2667 3537 οἰκείων
2693 3477 2898 3549 κερδῶν
2931 3469 3357 3546 προαιρουμένη.
3391 3466 3563 3559 Τοῦτο
3590 3467 3708 3559 γὰρ

2123 3558 2217 3634 καὶ
2263 3581 2292 3631 ὁ
2340 3574 2609 3648 μακάριος
2652 3568 2864 3632 Παῦλός
2898 3583 3082 3636 φησιν,
3118 3564 3200 3617 ὅτι
3251 3581 3269 3614 ι
3319 3562 3385 3615 Ἦ
3419 3558 3608 3629 ἀγάπη
3635 3558 3706 3610 οὐ

2124 3671 2278 3739 ζητεῖ
2317 3666 2387 3721 τά
2416 3665 2636 3734 ἑαυτῆς·
2676 3683 2696 3716 ι
2733 3660 2827 3715 καὶ
2859 3658 3042 3724 πάλιν,
3093 3674 3114 3708 ι
3164 3654 3369 3726 Μηδεὶς
3408 3651 3470 3706 τὸ
3500 3649 3707 3705 ἑαυτοῦ

2124 3760 2387 3834 ζητείτω,
2432 3756 2568 3812 ἀλλά
2595 3754 2657 3809 τὸ
2686 3752 2781 3806 τοῦ
2820 3751 3007 3822 ἐτέρου
3037 3748 3299 3810 ἕκαστος’
3349 3764 3369 3798 ι
3426 3742 3522 3798 καὶ
3570 3741 3711 3812 περὶ

2124 3831 2322 3907 ἑαυτοῦ
2356 3849 2414 3903 δέ
2446 3863 2632 3919 φησιν,
2667 3845 2749 3898 ὅτι
2780 3860 2800 3894 ι
2844 3842 2919 3895 Ub
2951 3838 3101 3911 ζητῶ
3128 3838 3186 3892 τὸ
3216 3834 3455 3906 ἐμαυτοῦ
3487 3831 3710 3904 συμφέ-

2129 3962 2242 4018 ρον,
2274 3940 2410 3998 άλλά
2440 3940 2501 3995 τὸ
2524 3938 2634 3992 τῶν
2660 3934 2889 3998 πολλῶν,
2927 3932 3015 3986 ἶνα
3058 3928 3291 3983 σωθῶσι.
3333 3947 3351 3980 ι
3384 3924 3615 3979 Τέθεικα
3642 3922 3712 3975 δὲ

2126 4016 2413 4109 ἀμφότερα
2451 4031 2522 4086 τὰ
2552 4030 2827 4100 νοήματα,
2880 4024 2947 4077 ἵν’
2987 4022 3161 4093 ἔχοιεν
3200 4021 3248 4073 οἱ
3281 4016 3711 4109 ἐντυγχάνοντες

2127 4102 2450 4200 ἀμφοτέρων
2471 4122 2570 4192 τὴν
2598 4119 2824 4189 γνῶσιν,
2859 4115 2954 4169 καὶ
2988 4114 3050 4167 τὸ
3080 4110 3270 4193 δοκοῦν
3298 4108 3481 4171 αὐτοῖς
3504 4102 3713 4176 ἀληθέ-

2132 4196 2322 4291 στερον
2344 4210 2484 4270 εῖναι
2504 4212 2763 4266 λάϐωσιν.
2795 4206 2952 4263 Μετὰ
2984 4203 3156 4259 ταῦτα
3179 4204 3212 4273 ἡ
3240 4200 3448 4270 νύμφη,
3476 4196 3712 4250 καταλι-

453 4322 630 4377 ποῦσα
676 4317 802 4382 τούς
843 4335 904 4371 τε
934 4289 1068 4387 πρδς
1106 4317 1208 4381 τάς
1233 4316 1478 4381 νεάνιδας
1505 4317 1715 4386 λόγους,
1750 4318 1842 4371 καὶ
1872 4317 1972 4389 τὴν
2006 4318 2143 4389 πρὸς
2175 4289 2274 4378 τάς
2301 4307 2608 4378 θυγατέρας
2650 4299 3005 4372 Ἰερουσαλὴμ
3039 4292 3405 4357 διδασκαλίαν,
3442 4289 3715 4359 τρέπεται

457 4416 590 4487 πρὸς
616 4412 707 4467 τὸν
735 4410 984 4483 νυμφίον,
1027 4411 1121 4463 κα)Ι
1153 4411 1219 4482 ἢν
1247 4409 1364 4480 ἔχει
1404 4411 1530 4479 περὶ¹
1564 4412 1723 4464 αὑτὸν
1755 4411 1974 4481 ἀγάπην
2002 4428 2070 4480 γυ
2081 4410 2222 4481 μνοῖ,
2258 4404 2352 4459 καί
2379 4416 2543 4471 φησιν
2562 4414 2577 4428 ⁸

527 4505 694 4560 Vens.
730 4506 783 4560 6.
826 4502 1016 4557 Indica
1054 4504 1202 4569 mihi,
1244 4519 1391 4573 quem
1435 4502 1619 4557 dilexit
1664 4505 1847 4558 anima
1883 4520 2018 4569 mea,

2198 4490 2673 4565 ς’.’Λπάγτειλόν
2697 4504 2819 4557 μοι,
2851 4485 2924 4539 ὃν
2943 4482 3260 4553 ἠγάπησεν
3296 4476 3328 4543 ἠ
3359 4474 3531 4544 ψυχή
3560 4492 3714 4543 μου,

456 4596 545 4648 ubi
565 4610 778 4663 pascas,
801 4592 887 4645 ubi
910 4591 1065 4644 cubes
1098 4590 1154 4644 in
1179 4590 1418 4657 meridie,
1442 4592 1723 4662 nequando
1749 4593 1877 4661 ﬁam
1921 4594 2029 4646 vel-

457 4687 537 4740 uti
570 4683 928 4737 circumducta
950 4683 1004 4735 in
1032 4681 1271 4753 gregibus
1297 4683 1564 4737 sodalium
1589 4693 1822 4737 tuorum.
1852 4683 2029 4737 Anxia

458 4784 621 4845 atque
657 4774 765 4847 42
800 4775 1056 4841 sollicita,
1091 4790 1160 4830 ne
1200 4789 1406 4846 sponso
1443 4788 1544 4830 suo
1579 4775 1844 4845 privetur,
1880 4783 1935 4830 et
1970 4775 2028 4829 in

458 4867 600 4922 alios
628 4866 838 4921 incidat
867 4882 1089 4939 greges,
1118 4868 1213 4938 qui
1250 4883 1359 4922 non
1392 4868 1462 4923 ah
1490 4867 1587 4921 illo
1618 4875 1900 4937 regantur,
1932 4866 2027 4922 sed

458 4957 527 5012 ab
547 4958 686 5023 aliis,
707 4958 800 5029 qui
822 4960 1008 5028 sponsi
1040 4959 1276 5025 sodales,
1301 4974 1411 5014 non
1440 4975 1508 5014 ex
1539 4958 1830 5028 dignitate,
1850 4972 2029 5028 neque

457 5065 523 5106 ex
584 5051 862 5105 communi
887 5067 1074 5117 sensu,
1141 5052 1238 5107 sed
1295 5067 1358 5107 ex
1419 5052 1661 5108 instituti
1725 5051 2031 5105 imitatione

459 5156 865 5214 nuncupentur,
896 5160 1153 5214 sponsqu
1193 5145 1420 5216 supplex
1440 5145 1703 5215 appellat,
1733 5143 2027 5212 inquiens:

535 5300 691 5355 ‘Act.
715 5316 810 5365 vn,
832 5300 922 5355 5i.
995 5299 1053 5353 ῐΙ
1084 5299 1210 5355 Cor.
1234 5315 1286 5366 v,
1315 5298 1367 5353 l.
1422 5300 1446 5338 ε
1465 5297 1505 5351 ll
1531 5298 1661 5354 Cor.
1681 5312 1782 5362 xu,
1808 5296 1874 5350 21

1957 5297 1981 5337 ιι
2003 5292 2181 5349 Galat.
2205 5306 2285 5358 ιιι,
2324 5293 2376 5345 1.

2135 4592 2254 4648 ποῦ
2283 4586 2639 4658 ποιμαίνεις,
2669 4582 2787 4635 ποῦ
2813 4576 3097 4641 κοιτάζεις
3137 4573 3208 4627 ἐν
3231 4568 3591 4641 μεσημϐρίᾳ,
3622 4566 3718 4637 μή

2134 4697 2279 4736 ποτε
2306 4678 2562 4751 γένωμαι
2606 4675 2684 4740 ὡς
2714 4665 3195 4740 περιϐαλλομένη
3222 4663 3268 4695 ⁸⁸
3318 4661 3411 4714 ἐπ’
3462 4659 3719 4751 ἀγέλαις

2136 4749 2384 4842 ἑταίρων
2398 4769 2446 4801 ⁸⁸
2477 4782 2615 4821 σου.
2643 4763 3009 4834 Δειμαίνουσα
3031 4757 3161 4827 γὰρ,
3195 4753 3288 4808 καὶ⁵
3313 4749 3605 4819 ἀγωνιῶσα
3636 4750 3724 4821 μὴ

2139 4862 2374 4935 στερηθῇ
2425 4859 2520 4914 τοῦ
2557 4854 2814 4926 νυμφίου,
2862 4852 2957 4905 καὶ
3012 4850 3224 4919 ἑτέροις
3271 4841 3729 4935 περιπέσῃᾘποι-

2140 4931 2313 5030 μνίοις
2336 4931 2434 5023 οὔχ
2459 4951 2551 5004 ὑπ’
2573 4944 2738 5002 αὐτοῦ
2769 4938 3233 5013 ποιμαινομένοις,
3259 4934 3373 4990 ἀλλ’
3398 4934 3501 4988 ὑπὸ
3536 4931 3726 4985 ἄλλων

2134 5047 2296 5103 τινῶν
2351 5044 2584 5114 ἑταίρων
2627 5034 2792 5093 αὐτοῦ
2838 5029 3279 5104 ὀνομαζομένων,
3326 5027 3386 5080 οὐ
3436 5023 3577 5079 κατά
3614 5021 3728 5091 τὴν

2136 5138 2294 5204 ἀξίαν
2348 5112 2489 5189 οὑδέ-
2519 5130 2661 5186 κατά
2694 5129 2753 5183 τὸ
2802 5125 2980 5181 κοινὸν
3023 5122 3119 5177 τοῦ
3159 5120 3529 5192 φρονήματος,
3578 5112 3734 5167 ἀλλὰ

2446 5285 2654 5342 iltlor.
2681 5300 2800 5348 xm,
2827 5284 2881 5338 5.
2951 5293 2964 5331 ι
3002 5278 3169 5340 lCor,
3189 5294 3242 5340 ιι,
3268 5274 3358 5330 ἑὸ.
3419 5274 3444 5313 κ
3467 5270 3601 5326 ibid.
3626 5270 3734 5331 53,
3765 5321 3777 5328 ,

1841 5448 2076 5503 Viuile
2106 5443 2514 5502 LECTlONES.

529 5577 573 5610 ⁸⁵
600 5577 892 5648 ἐϐάσκηνε.
922 5572 1018 5628 Sic
1047 5587 1267 5648 quoque
1306 5568 1526 5648 codices
1556 5566 1805 5648 nonnulli
1833 5564 2221 5648 aplld_Miilium
2253 5562 2319 5617 ad
2344 5561 2599 5648 Gal._nl,

1607 5637 1653 5669 ⁸⁵
1684 5625 2020 5709 μὴ-τὲεριϐ.
2060 5634 2216 5689 Hebr.
2255 5649 2373 5692 cum
2404 5632 2549 5688 enim
2579 5642 2758 5686 essem
2803 5628 2947 5684 sicut
2988 5625 3298 5680 declinans.

461 5662 643 5704 tamen
666 5639 863 5703 deinde
893 5639 1158 5714 repeti—tur
1182 5639 1503 5714 postica“).

465 5719 719 5786 ἑταίρων.
749 5716 883 5773 Cod.
912 5710 1223 5782 ἀγγελείαις
1249 5710 1471 5778 ἐτέρων.

2773 5557 2821 5589 ⁸⁷⁵
2850 5554 3028 5609 τοῦτο.
3059 5548 3185 5605 cod.
3210 5548 3337 5603 add.
3387 5544 3539 5617 φησί,
3572 5539 3738 5613 quod

2803 5628 2947 5683 sicut
2988 5625 3298 5680 declinans.
3417 5620 3464 5649 ⁸“
3495 5616 3738 5683 ἀγέλαις

3442 5629 3464 5649 ⁵
3495 5629 3744 5675 αγειιαις
