3940 6200
226 262 278 327 73
1259 269 1341 327 IN
1390 266 1773 331 CANTICUM

1897 265 2112 325 tNTIC.
2162 266 2305 325 LIB.
2350 268 2395 326 Ι.
2882 269 2888 276 ’
3376 274 3450 338 ⁷14

226 375 334 431 κατᾶ
377 374 479 445 τὴν
533 374 774 445 μίμησιν
819 377 912 429 τοῦ
964 377 1391 448 ἐπιτηδεύματος
1423 378 1776 433 ἱκετεύειπδν

1897 376 2390 442 Quoniamdilexit
2423 385 2474 431 te
2509 375 2691 433 anima
2731 390 2870 446 mea,
2908 379 2997 433 dic
3039 380 3170 435 mihi
3205 381 3295 436 ubi
3353 399 3450 454 pa-

227 468 424 538 ιιυμσςίον
453 466 694 535 λέγουσα
718 486 731 498 -
782 468 1000 539 Ἐπειδὴ
1033 468 1286 540 ὴγάπησέ
1314 487 1370 522 σε
1415 471 1447 540 ἡ
1476 470 1623 542 ψυχή
1650 488 1772 541 μου,

1897 483 2006 521 scas
2038 467 2186 521 horis
2221 467 2561 534 meridianis,
2596 477 2690 523 aut
2725 470 2819 524 ubi
2851 485 2980 526 oves
3024 471 3090 525 ad
3134 472 3448 530 cubandum

226 560 325 611 εἰπέ
355 576 442 628 μοι
476 558 619 610 κατὰ
647 558 741 611 τόν
779 560 882 629 τῆς
922 558 1268 630 μεσημϐρίας
1300 560 1492 631 καιρὸν
1520 561 1621 615 ποῦ
1653 581 1775 616 ποι-

1897 572 2086 627 ponas;
2123 574 2192 613 ne
2222 558 2411 627 ignara
2447 559 2554 614 huc
2589 560 2718 615 illuc
2746 574 2935 633 vager,
2964 570 3022 618 et
3046 564 3360 619 errabunda
3390 566 3445 620 in

228 652 431 719 μαίνεις,
460 649 497 719 ἦ
542 648 646 702 ποῦ
697 650 968 714 κοιτάζεις
998 651 1065 703 τὰ
1095 650 1367 722 πρόϐατα·
1400 652 1476 723 μὴ
1510 650 1778 720 ἀγνοοῦσα

1897 648 2019 705 ilios
2054 649 2337 703 incurram
2370 665 2602 721 greges,
2629 652 2724 721 qui
2774 661 2865 708 tua
2905 670 3014 709 non
3060 655 3268 727 dignati
3311 672 3444 712 cura

225 740 328 813 τῇδε
353 741 578 794 κὰκεῖσε
610 742 1005 813 περινοστήσω,
1038 741 1132 794 καὶ
1157 741 1408 812 ἀλωμένη
1439 742 1533 795 καὶ
1562 742 1775 797 πλανω-

1897 741 1949 794 ib
1989 740 2113 796 aliis
2142 742 2458 811 pastoribus
2487 751 2544 797 et
2589 744 2841 801 bubulcis
2872 748 3266 817 gubernentur.
3305 748 3443 804 Illud

227 835 342 902 μένη
364 832 653 905 περιπέσω
675 832 900 900 ἀγέλαις
919 834 978 886 ού
1012 832 1110 903 τῆς
1138 835 1238 904 σῆς
1268 836 1587 899 ἐπιστασίας
1610 835 1777 902 ἀξιω-

1897 833 2024 888 ιιιίιη
2060 852 2079 884 ι
2110 833 2517 897 circumducta,
2549 851 2569 886 ι
2593 834 2738 905 apud
2766 834 3156 906 Symmachum
3182 846 3269 895 est
3297 859 3316 891 ι
3360 854 3449 895 er-

226 923 418 993 μέναις,
468 921 608 976 ἀλλὰ
662 939 813 987 τινας
875 922 1067 987 ἄλλους
1106 925 1308 994 νομέας
1361 925 1456 978 καὶ
1493 926 1779 996 βουκόλους

1897 925 2149 980 'abunda.
2181 943 2201 977 ι
2253 923 2378 979 Νοιι
2431 925 2707 982 immerito
2753 936 2936 985 autem
2980 945 3182 1000 sponsa
3227 935 3447 1003 quaerit,

225 1013 477 1082 ἐχούσαις.
513 1013 587 1067 Τδ
617 1014 725 1083 γὰρ
766 1033 784 1065 ι
823 1014 1285 1085 περιϐαλλομένη,
1328 1033 1348 1067 ι
1385 1018 1723 1087 ῥεμϐομένη
1749 1021 1779 1071 6

1897 1018 1972 1072 ibi
2021 1017 2327 1073 meridiano
2353 1025 2603 1088 tempore
2624 1034 2862 1089 sponsus
2892 1031 3128 1077 maneat.
3165 1022 3282 1089 Qua
3304 1026 3445 1082 enim

224 1102 500 1173 Σύμμαχος
549 1101 811 1155 τέθεικεν.
850 1101 1089 1167 Εἰκότως
1131 1104 1187 1157 δὲ
1237 1105 1331 1158 καὶ
1384 1105 1526 1158 κατὰ
1554 1107 1645 1159 τὸν
1680 1109 1778 1178 τῆς

1903 1116 2206 1179 eiupestate
2243 1108 2571 1179 cognitionis
2613 1109 2797 1166 lumen
2832 1114 3008 1183 magis
3050 1115 3307 1185 fulgebat,
3342 1117 3451 1171 lia:-

225 1193 553 1262 μεσημϐρίας
586 1192 778 1261 καιρὸν
806 1193 1138 1247 πυνθάνεται
1172 1197 1204 1265 ἡ
1232 1195 1416 1267 νύμφη
1445 1196 1548 1249 ποῦ
1581 1200 1609 1250 6
1638 1215 1777 1268 νυμ-

1897 1215 2051 1263 -eses,
2086 1200 2531 1256 Christianorum
2558 1202 2783 1269 quidem
2826 1204 3179 1274 pralerentes
3214 1222 3447 1270 nomen.

223 1285 328 1353 φίος
358 1284 531 1355 μένει,
570 1285 756 1355 ἐπειδὴ
799 1286 895 1339 τοῦ
943 1286 1114 1355 φωτὸς
1144 1288 1243 1356 τῆς
1276 1288 1528 1361 γνῷςῖεως
1572 1291 1777 1360 ὲγκρα·

1897 1292 1973 1347 sed
1990 1292 2241 1347 veritatis
2257 1301 2530 1363 expertes,
2546 1294 2911 1362 pullularunt.
2937 1295 3171 1353 Proinde
3185 1300 3452 1354 sollicitu-

1878 1379 2207 1449 dinis'plena
2238 1382 2416 1437 locum
2444 1384 2702 1454 exquirit,
2727 1385 2818 1440 tibi
2845 1400 3085 1455 sponsus
3100 1400 3229 1443 cum
3256 1389 3450 1446 ovibus

1879 1474 2223 1540 meridietur,
2250 1489 2319 1529 ne
2348 1474 2404 1530 in
2426 1489 2641 1538 eorum,
2661 1476 2755 1545 qui
2784 1476 3004 1535 sodales
3033 1481 3223 1550 sponsi
3252 1494 3312 1536 se
3328 1496 3453 1552 pm-

221 1560 568 1631 υπάρχουσαι.
610 1561 816 1615 Τούτου
848 1563 1006 1633 χάριν
1027 1564 1315 1631 ἀγωνιῶσα
1340 1564 1532 1636 μαθεῖν
1565 1567 1779 1634 ἐφίεται

1897 1562 2123 1628 itentur,
2142 1579 2334 1635 greges
2350 1563 2581 1619 incidat.
2607 1564 2903 1620 Sciendum
2926 1575 3012 1623 est
3037 1575 3239 1636 autem,
3258 1585 3445 1640 quem-

219 1651 302 1704 τοῦ
322 1654 552 1722 νυμφίου
575 1652 666 1706 τὸν
687 1655 876 1718 τόπον,
896 1654 1022 1709 ἔνθα
1048 1656 1186 1708 κατὰ
1206 1656 1295 1710 τὸν
1315 1657 1416 1727 τῆς
1434 1657 1779 1729 μεσημϐρίας

1897 1652 2177 1708 idmodum
2230 1656 2511 1725 prophetae
2554 1653 2802 1720 luerunt,
2825 1664 2880 1712 et
2898 1657 2986 1714 his
3002 1661 3265 1716 contrarii
3290 1676 3453 1731 pseu-

222 1742 396 1811 καιρὸν
426 1742 667 1807 κοιτάζει
688 1744 755 1798 τὰ
780 1746 1051 1816 πρόϐατα,
1076 1746 1161 1800 ἴνα
1190 1746 1264 1817 μὴ
1289 1748 1564 1820 περιπέσῃ
1588 1749 1634 1781 ⁸⁷
1660 1753 1779 1813 ταῖς

1897 1731 2257 1814 inpropltetaa.
2290 1752 2346 1800 et
2374 1744 2629 1814 apostoli,
2686 1753 2854 1816 atque
2882 1748 3049 1805 abiis
3072 1750 3301 1809 diversa
3327 1767 3453 1807 sen-

221 1377 328 1438 τοῡς
354 1377 669 1446 γενομένου,
700 1376 1015 1447 ἀνειρύησαν
1046 1381 1102 1432 αἱ
1138 1381 1396 1450 αἱρέσεις,
1438 1381 1779 1451 Χριστιανῶν

224 1467 310 1535 μὲν
342 1468 398 1520 τὸ
435 1469 611 1539 δνομα
654 1468 913 1540 ἔχουσαι,
967 1470 1080 1524 ἀλλ’
1126 1470 1323 1542 ἔρημοι
1377 1472 1476 1542 τῆς
1519 1472 1779 1544 ἀληθείας

223 1831 321 1885 τῶν
369 1832 718 1904 καλουμένων
759 1835 991 1907 ἑταίρων
1043 1836 1287 1905 ἀγέλαις.
1337 1838 1530 1894 Ἰστέον
1576 1840 1632 1894 δὲ
1675 1842 1778 1906 ὃτι,

226 1921 397 1992 ὥσπερ
427 1918 567 1994 ἦσαν
584 1926 632 1977 οἳ
663 1924 963 1996 προφῆται,
1000 1928 1093 1981 καὶ
1132 1928 1335 1983 τούτων
1378 1931 1612 1984 ἐναντίοι
1647 1931 1780 2000 ψευ-

224 2011 563 2084 δοπροφῆται,
611 2017 707 2068 καὶ
761 2016 923 2070 πάλιν
954 2018 1264 2084 ἀπόστολοι,
1319 2020 1412 2073 καὶ
1460 2020 1530 2073 τὰ
1561 2022 1782 2076 ὲναντία

233 2102 531 2172 φρονοῦντες
569 2103 1015 2174 ψευδαπόστολοι,
1063 2107 1238 2168 οὕτως
1280 2110 1375 2162 καὶ
1407 2110 1781 2181 ψευδόχριστοι

234 2193 327 2246 ὑπὸ
358 2194 452 2263 τῆς
501 2195 647 2261 θείας
681 2196 974 2252 καλοῦνται
1009 2199 1249 2271 Γραφῆς.
1287 2202 1377 2254 Διὸ
1404 2203 1499 2255 καὶ
1525 2205 1553 2256 6
1578 2203 1782 2275 Κύριός

239 2303 400 2356 φησιν,
449 2288 528 2340 ότι
571 2307 590 2339 ι
634 2290 1052 2362 ’Δναστήσονται
1088 2292 1269 2346 πολλοὶ
1315 2293 1780 2366 ψευδοπροφῆται,

239 2377 323 2429 καὶ
355 2378 571 2442 πολλοὺς
602 2380 959 2451 πλανήσουσι.
991 2401 1010 2433 ι
1044 2383 1149 2436 Καὶ
1176 2384 1206 2436 ό
1244 2386 1510 2457 μακάριος
1551 2387 1606 2440 δὲ
1636 2387 1785 2440 Παῦε

248 2467 326 2531 Zto;
357 2470 411 2521 οὔ
457 2471 615 2540 μόνον
655 2472 1054 2543 ψευδαδέλφους
1104 2471 1212 2529 οἶδε
1259 2475 1458 2547 λέγειν,
1512 2478 1648 2532 ἀλλὰ
1691 2480 1783 2533 καὶ

245 2558 701 2628 ψευδαποστόλους.
746 2564 837 2617 Διό
871 2582 1065 2636 φησιν’
1103 2588 1121 2618 ι
1163 2569 1226 2621 Οἱ
1255 2569 1361 2640 γὰρ
1398 2570 1629 2624 τοιοῦτοι
1654 2572 1786 2641 ψευ-

251 2651 539 2707 δαπόστολοί
581 2656 709 2708 είσι.
744 2675 761 2706 ι
808 2656 1030 2723 Τούτοις
1062 2659 1093 2730 ή
1126 2659 1308 2731 νύμφη
1344 2660 1424 2732 μὴ
1470 2667 1786 2734 περιπεσεῖν

258 2742 494 2796 ἱκετεύειο
524 2745 712 2815 ἐπειδὴ
742 2746 801 2799 τὸ
822 2749 1138 2818 ποιμενικὸν
1171 2752 1564 2807 ἐπιδείκνυνται
1598 2755 1786 2826 σχῆμα

252 2833 335 2885 καὶ
354 2834 542 2901 ἀγέλας
559 2835 840 2904 ὡσαύτως,
873 2841 968 2893 καὶ
1000 2841 1233 2912 ποίμνας
1258 2843 1303 2875 ⁸⁸
1335 2843 1548 2915 ἔχοντες
1573 2847 1787 2915 φαίνον-

241 2940 323 2977 ται
342 2925 384 2957 ⁸⁸
403 2944 417 2956 ·
438 2927 605 2981 ὁποῖοί
632 2930 772 2983 είσιν
806 2931 858 2983 οἱ
890 2930 960 2984 τὰ
984 2932 1076 2986 τοῦ
1119 2934 1347 3006 Ἀρείου,
1380 2934 1472 2989 καὶ
1495 2938 1782 3008 Εὐνομίου,

246 3016 329 3068 καὶ
360 3018 691 3089 Μαρκίωνος,
730 3023 826 3074 καὶ
870 3021 1205 3088 Βαλεντίνου,
1257 3028 1349 3079 καὶ
1382 3026 1659 3098 Μάνητος,
1692 3030 1787 3082 καὶ

1886 1833 2086 1888 tientes
2120 1832 2590 1902 pseudoapostoli,
2619 1832 2702 1887 sic
2736 1835 2902 1890 etiam
2944 1839 3395 1907 pseudochristos
3423 1856 3458 1895 a

1886 1920 2175 1991 Scriptura
2202 1921 2387 1977 divina
2417 1924 2742 1993 nuncupari.
2783 1926 3154 1991 Quamobrem
3186 1939 3240 1987 et
3271 1931 3456 1989 Domi-

1884 2027 2012 2074 nus.
2053 2031 2072 2063 ι
2106 2011 2365 2084 Surgent,
2411 2013 2610 2084 inquit,
2656 2016 2814 2069 multi
2860 2019 3375 2092 pseudoprophetae,
3403 2032 3459 2079 et

1886 2102 2090 2157 multos
2131 2103 2397 2159 seducent
2426 2102 2464 2156 ι.
2504 2120 2524 2155 ι
2568 2100 2635 2156 Et
2669 2102 2862 2161 beatus
2900 2107 3105 2164 Paulus
3139 2124 3248 2165 non
3276 2112 3459 2167 solum

1888 2192 2058 2250 falsos
2076 2192 2299 2260 fratres,
2328 2193 2425 2250 sed
2456 2195 2620 2250 etiam
2657 2196 3154 2271 pseudoapostolos
3185 2204 3457 2258 nominat.

1891 2301 1912 2336 ι
1948 2283 2089 2339 Nam
2125 2285 2183 2340 hi
2212 2296 2364 2353 sunt,
2402 2286 2604 2356 inquit,
2642 2289 3179 2360 pseudoapostoli'.
3215 2312 3233 2345 ι
3266 2292 3326 2348 ιιι
3356 2294 3459 2348 hos

1884 2392 2089 2447 sponsa
2120 2393 2190 2433 ne
2219 2379 2489 2444 incurrat,
2514 2392 2792 2450 precatur.
2816 2381 3108 2439 Pastorum
3137 2385 3284 2441 enim
3332 2400 3461 2456 spo—

1885 2468 2025 2523 ciem
2047 2483 2161 2540 pra:
2189 2483 2249 2525 se
2280 2468 2388 2541 5.3
2425 2468 2629 2539 ferunt,
2657 2480 2714 2528 et
2737 2486 2930 2544 greges
2958 2474 3213 2530 similiter
3237 2474 3457 2540 habent,

1887 2568 2051 2632 atque
2077 2562 2261 2617 ovilia.
2292 2562 2493 2628 Quales
2525 2573 2654 2620 sunt
2682 2566 2740 2630 ii,
2763 2567 2858 2637 qui
2880 2574 3064 2637 partes
3094 2567 3234 2631 Arii,
3265 2577 3321 2623 et
3348 2567 3462 2624 Eu-

1888 2651 2081 2716 nomii,
2121 2660 2178 2708 et
2221 2651 2541 2721 Marcionis,
2574 2663 2628 2710 et
2667 2653 2972 2722 Valentini,
3015 2666 3071 2713 et
3114 2656 3372 2723 Maaetis,
3403 2667 3464 2715 et

1889 2743 2134 2799 Montani
2181 2753 2575 2800 consectantur
2620 2767 2633 2800 :
2671 2747 2765 2817 qui
2815 2762 2941 2802 cum
2982 2757 3039 2805 et
3082 2747 3367 2813 habitum,
3404 2757 3461 2804 et

1888 2850 2091 2890 nomen
2138 2834 2586 2892 Christianorum
2627 2837 3060 2905 circumferant,
3104 2851 3161 2895 et
3193 2839 3462 2895 ecclesias

1891 2927 2184 2992 mdiliccnt,
2215 2929 2498 2984 etdivinas
2520 2928 2838 3000 Scripturas
2870 2932 3117 3002 deceptis
3153 2933 3353 2988 ovibus
3375 2934 3462 2988 in—

1895 3027 2287 3089 terpretentur,
2324 3030 2379 3075 et
2400 3022 2545 3075 male
2588 3031 2820 3091 pascant
2849 3038 2946 3078 eos
2975 3023 3069 3093 qui
3117 3037 3325 3078 morem
3355 3022 3469 3078 illis

244 3105 499 3162 Ηοντανοῦ
537 3114 890 3183 φρονοῦντες·
926 3115 1108 3185 σχῆμα
1157 3116 1256 3187 μὲν
1286 3089 1654 3188 χριστιαννικὸν
1694 3120 1789 3174 καὶ

1897 3117 2113 3181 gerunt,
2145 3125 2314 3181 seque
2348 3112 2538 3182 sponsi
2573 3089 2790 3169 sodales
2818 3121 2873 3169 et
2903 3113 3110 3167 amicos
3146 3112 3318 3168 velint
3349 3113 3468 3167 esi-

238 3195 394 3267 ὖνομα
438 3203 825 3274 περικείμενοι,
870 3205 963 3259 καὶ
1009 3206 1302 3278 ἐκκλησίας
1350 3209 1787 3279 οἰκοδομοῦντες,

241 3289 326 3342 καὶ
351 3292 488 3357 θείας
519 3294 741 3365 Γραφὰς
781 3298 1217 3369 πεπλανημένοις
1263 3299 1558 3372 προϐάτοις
1598 3304 1789 3372 ἀναγι-

240 3377 536 3447 νώσκοντες,
567 3387 661 3438 καὶ
686 3386 945 3456 νέμοντες
972 3387 1158 3452 κακῶς
1190 3391 1315 3453 τοὺς
1345 3390 1701 3460 πειθομένους
1718 3391 1784 3456 ’°,

190 3522 197 3531 ,
239 3472 328 3523 καὶ
350 3474 540 3547 ἑταῖροι
570 3476 664 3530 τοῦ
702 3479 936 3548 νυμφίου
987 3478 1363 3551 νομιζόμενοι,
1410 3482 1686 3535 ἐπίϐουλοι
1730 3485 1788 3536 δὲ

237 3560 378 3627 ὄντες
424 3568 512 3620 καὶ.
554 3569 807 3639 ὀλέθριοι,
855 3572 949 3623 καὶ
982 3571 1277 3643 δηλητήρια
1332 3575 1445 3636 τοῖς
1499 3574 1790 3644 προϐάτοις

238 3654 352 3707 ἀντὶ
369 3658 458 3728 τῆς
481 3661 747 3731 τροφίμου
767 3662 904 3725 πόας
935 3663 1235 3733 ὀρέγοντες.
1265 3665 1361 3717 Διὰ
1401 3666 1559 3718 τοῦτο
1594 3667 1625 3736 ἡ
1654 3668 1714 3719 νύ
1726 3685 1791 3735 μ·

239 3763 308 3815 φη
331 3750 548 3804 ἱκετεύει
570 3753 663 3805 τὸν
683 3754 937 3822 νυμφίον,
966 3754 1237 3820 ὑποδεῖξαι
1258 3758 1393 3827 αὐτῇ
1418 3757 1521 3809 ποῦ
1554 3759 1793 3821 κοιτάξει

236 3836 300 3887 τὰ
327 3839 558 3909 πρόϐατα
589 3844 649 3895 ὲν
685 3843 1022 3914 μεσημϐρίᾳ,
1075 3845 1162 3897 ἴνα
1198 3845 1272 3915 μὴ
1312 3846 1534 3915 γένηται
1571 3866 1588 3898 ι
1627 3864 1787 3918 περι-

1896 3201 2112 3258 stimari
2146 3219 2161 3253 ι
2194 3210 2322 3256 sunt
2356 3211 2539 3256 tamen
2569 3203 2920 3258 insidiatores
2949 3203 3264 3272 perniciosi,
3292 3213 3347 3258 et
3369 3218 3469 3275 pro

1896 3293 2214 3349 salubribus
2250 3292 2438 3349 herbis
2478 3294 2741 3365 pestifera
2770 3310 2979 3350 venena
3009 3294 3209 3350 ovibus
3255 3294 3469 3350 submi-

1896 3387 2153 3439 nistrant.
2194 3383 2490 3454 Propterea
2540 3401 2744 3456 sponsa
2808 3402 3070 3456 sponsum
3109 3389 3365 3444 obsecrat
3410 3399 3471 3445 ut

1898 3476 2104 3531 indicet
2132 3476 2234 3532 sibi
2268 3476 2358 3531 ubi
2400 3491 2531 3533 oves
2567 3479 2633 3531 ad
2665 3478 2978 3532 cubandum
3012 3479 3246 3533 collocet
3273 3480 3327 3533 in
3358 3495 3465 3534 me-

1898 3568 2059 3633 ridie,
2084 3584 2155 3623 ne
2179 3588 2198 3619 ‹
2237 3569 2640 3630 circumventa,
2663 3587 2681 3618 ι
2712 3576 2807 3622 aut
2835 3568 3139 3622 errabunda
3166 3568 3472 3624 secundum

1899 3660 2307 3732 Symmachum,
2339 3668 2567 3731 vagetur
2596 3661 2738 3715 inter
2756 3675 2946 3716 eorum
2972 3674 3185 3731 greges,
3223 3659 3316 3728 qui
3348 3675 3472 3714 cum

1903 3753 2091 3823 sponsi
2118 3753 2230 3807 sint
2260 3752 2467 3815 hostes,
2505 3751 2655 3805 illius
2685 3760 2868 3806 tamen
2910 3751 3129 3806 sodales
3169 3764 3230 3805 se
3263 3750 3473 3819 ﬁngunt

1896 3860 2036 3903 esse.
2065 3844 2309 3915 Sponsus
2341 3844 2507 3914 igitur
2541 3858 2761 3913 sponsa:
2784 3842 3097 3912 respondet,
3126 3849 3183 3898 et
3206 3840 3282 3895 ait
3315 3859 3329 3895 :

243 3933 564 4004 ϐαλλομένη,
600 3954 619 3987 s
663 3935 697 4006 ἢ
747 3936 1080 4005 ῥεμϐομένη
1137 3937 1278 3990 κατὰ
1342 3938 1431 3990 τὸν
1460 3938 1779 4010 Σύμμαχον,
1835 3940 1923 3991 ἐπ’
1967 3936 2168 4005 ἀγέλας
2212 3935 2322 3987 τῶν
2352 3934 2581 4003 ἑταίρων
2610 3935 2650 3967 δ¹
2693 3932 2856 3987 αὐτοῦ
2893 3932 3471 4005 προσαγορευομένων,

238 4024 473 4079 ἔναντίων
512 4026 570 4079 δὲ
612 4024 760 4096 αὐτῷ
827 4026 1179 4096 ὑπαρχόντων
1199 4027 1266 4080 ”.
1317 4028 1689 4098 ’Λποκρίνεται
1738 4022 1830 4083 οὖν
1877 4028 1906 4078 6
1955 4025 2186 4095 νυμφίος
2223 4026 2290 4094 τῇ
2319 4023 2533 4094 νύμφῃο
2576 4023 2668 4077 καί
2699 4036 2895 4093 φησιν·
3120 4049 3124 4052 ι

303 4117 363 4183 ζ’.
392 4121 533 4174 Ἐὰν
545 4120 632 4191 μὴ
654 4120 808 4189 γνῷς
839 4120 1129 4188 σεαυτὴν,
1162 4122 1200 4189 ἡ
1223 4124 1378 4191 καλὴ
1407 4124 1477 4175 ἐν
1498 4123 1794 4194 γυναιξὶν,

238 4210 434 4275 ἔξελθε
469 4212 551 4265 σὺ
597 4215 667 4266 ὲν
713 4212 997 4280 πτέρναις
1023 4211 1140 4266 τῶν
1173 4215 1481 4281 ποιμνίων,
1537 4214 1634 4267 καὶ
1664 4215 1797 4267 ποί-

235 4317 399 4368 ραινε
426 4304 558 4368 τοὺς
596 4303 843 4372 ἐρίφους
867 4316 985 4356 σου
1012 4301 1109 4355 ἐπὶ
1142 4302 1493 4372 σκηνώμασι
1526 4304 1642 4357 τῶν
1671 4318 1799 4359 ποια

237 4389 441 4456 μένων.
474 4394 539 4445 '0
566 4391 625 4445 δὲ
648 4391 795 4460 λέγει
817 4388 1059 4444 τοιοῦτόν
1088 4392 1234 4443 ἐστιν
1256 4407 1268 4419 ·
1307 4390 1399 4454 Εἰς
1427 4392 1629 4463 σαυτὴν
1656 4393 1796 4446 ἀπο-

244 4481 515 4550 ϐλέπουσα,
549 4484 648 4539 καὶ
677 4482 749 4536 τὰ
768 4483 910 4536 κατὰ
950 4482 1151 4553 σαυτὴν
1192 4483 1623 4554 περισκοποῦσα,
1661 4482 1801 4554 καλὴ

245 4572 342 4644 γὰρ
388 4576 633 4644 γέγονας,
684 4575 779 4629 καὶ
824 4573 1016 4628 πασῶν
1046 4574 1318 4642 γυναικῶν
1357 4574 1797 4647 εὐπρεπεστάτη,

244 4665 458 4737 γνὼριζε
501 4670 600 4730 τὰς
625 4668 821 4738 ὁμοίας
866 4684 969 4739 σοι,
1014 4667 1136 4720 Ἐὰν
1167 4667 1225 4719 δὲ
1260 4667 1463 4737 σαυτὴν
1502 4667 1798 4736 ἠγνόησας,

243 4756 517 4831 ὲρεύνησον
545 4760 656 4813 τῶν
692 4760 964 4830 ποιμνίων
1007 4758 1074 4812 τὰ
1109 4759 1252 4829 ίχνη,
1299 4759 1393 4810 καὶ
1434 4758 1800 4813 ἀκολουθοῦσα

248 4847 480 4916 ποίμαινε
530 4849 605 4920 μὴ
667 4847 739 4902 τὰ
787 4845 1039 4918 πρόϐατα
1101 4848 1282 4917 μόνον,
1338 4844 1477 4899 ἀλλὰ
1531 4848 1621 4899 καὶ
1677 4849 1801 4909 τοὺς

250 4938 448 5009 ἐρίφους
471 4959 587 5009 σου,
626 4943 687 4994 ὲν
708 4943 826 5003 τοῖς
858 4936 1181 5009 σκηνώμασι
1212 4938 1318 4992 τῶν
1350 4938 1641 5008 ποιμένων.
1669 4936 1804 4990 Βού-

250 5030 385 5086 λεται
419 5034 523 5105 γὰρ
557 5036 586 5087 6
625 5031 1013 5102 φιλάνθρωπος
1058 5031 1331 5101 Δεσπότης
1373 5032 1433 5083 οὐ
1474 5031 1631 5100 μόνον
1676 5032 1802 5092 τοὺς

251 5120 487 5189 δικαίους,
533 5124 672 5178 ἀλλὰ
730 5124 825 5176 καὶ
879 5123 1012 5185 τοὺς
1059 5122 1411 5193 ἁμαρτωλοὺς
1480 5122 1799 5190 ἐπιμελείας

314 5272 539 5334 illam).
569 5279 773 5343 91,“.
855 5287 892 5306 "'
928 5275 1116 5331 llCor.
1150 5291 1210 5339 ll,
1264 5276 1361 5338 15,
1392 5273 1480 5329 9.6.

1976 4119 2138 4175 Vens.
2170 4118 2223 4173 7.
2259 4117 2318 4173 Si
2345 4118 2559 4185 ignoras
2591 4118 2832 4185 teipsam,
2864 4116 3136 4185 opulchra
3181 4118 3320 4171 inter
3356 4133 3472 4170 mu-

1899 4213 2075 4275 lieres,
2094 4210 2336 4281 egredere
2360 4218 2415 4261 tu
2448 4211 2502 4263 in
2530 4210 2760 4278 vestigiis
2794 4224 3008 4278 gregum
3035 4217 3087 4261 et
3114 4224 3273 4276 pasce
3293 4206 3472 4261 hwdos

1902 4313 2018 4357 tuos
2060 4302 2116 4355 in
2160 4299 2512 4355 tabernaculis
2552 4309 2843 4365 pastorum.
2880 4299 3038 4365 Quod
3089 4305 3269 4351 autem
3316 4297 3475 4360 dicit,

1902 4395 2170 4466 ejusmodi
2225 4404 2354 4449 est:
2414 4392 2666 4463 Teipsam
2710 4391 3007 4460 aspiciens,
3046 4399 3101 4444 ct
3146 4388 3302 4442 dotes
3355 4395 3480 4440 tuas

1905 4487 2263 4542 considerans
2301 4485 2555 4554 (pulchra
2592 4483 2737 4538 enim
2778 4498 2838 4536 es
2888 4480 3053 4545 facta,
3097 4484 3155 4532 et
3184 4478 3477 4532 mulierum

1839 4556 2151 4632 Domnium
2213 4576 2673 4644 formosissima),
2731 4586 2852 4641 qum
2909 4570 2987 4623 tni
3057 4575 3188 4623 sunt
3232 4568 3476 4631 similes,

1906 4685 2163 4740 agnosce.
2192 4666 2290 4722 Sin
2331 4669 2560 4736 teipsam
2590 4667 2833 4735 ignoras,
2870 4659 3097 4731 vestigia
3126 4674 3351 4732 gregum
3378 4674 3477 4714 ex-

1905 4763 2079 4831 plora,
2105 4770 2156 4814 et
2182 4758 2459 4827 sequendo
2492 4771 2653 4826 pasce
2679 4769 2786 4809 non
2802 4769 2932 4809 oves
2956 4753 3152 4816 solum,
3186 4749 3283 4806 sed
3314 4751 3478 4805 ctiam

1910 4853 2093 4906 haedos
2133 4860 2279 4912 tuos,
2323 4850 2379 4903 in
2431 4845 2799 4902 tabernaculis
2834 4854 3139 4915 pastorum.
3174 4840 3306 4895 Vult
3333 4839 3479 4895 enim

1906 4943 2181 5011 benignus
2230 4939 2514 5005 Dominus,
2571 4944 2630 4992 ut
2675 4950 2785 4991 non
2833 4934 2995 4990 modo
3027 4934 3241 5002 justas,
3289 4943 3479 4985 verum

1910 5035 2073 5088 etiam
2112 5040 2428 5102 peccatores
2466 5029 2614 5085 omni
2664 5028 2847 5084 studio
2883 5034 2937 5082 et
2971 5039 3105 5080 cura
3149 5022 3480 5091 complecta-

1911 5139 2048 5177 mur.
2098 5122 2466 5192 Quapropter,
2497 5140 2514 5172 ι
2568 5118 2686 5173 Non
2739 5123 2919 5187 egent,
2972 5112 3167 5183 inquit,
3221 5109 3313 5180 qui
3357 5105 3478 5161 sani

1510 5424 1740 5480 VARUS
1778 5421 2190 5479 LECTIO‘NES.

304 5592 354 5623 υ
383 5593 498 5646 cod.
565 5592 733 5661 πέσῃ.
814 5587 1014 5661 αςοά.
1047 5586 1331 5661 τῖοιμιένσις.
1392 5584 1440 5615 ευ
1477 5583 1617 5661 cod._
1643 5580 1915 5661 φαίνεται·
1946 5579 2350 5661 κ”,προσάτοις
2375 5606 2439 5615 -
2469 5573 2817 5642 πειθομένους
2849 5568 2961 5624 δεδι
3001 5570 3053 5623 in
3082 5567 3201 5623 εοά·
3282 5563 3323 5594 "
3353 5565 3477 5617 “"1-

248 5662 450 5734 ἑτέρων.
525 5665 569 5696 ⁸³
599 5648 807 5731 ὑπᾶρχ.
884 5659 943 5712 In
978 5658 1098 5711 cod.
1142 5648 1394 5725 sequitur
1434 5655 1705 5724 expositio
1734 5650 1900 5703 trium
1946 5648 2188 5703 Patrum.

548 5758 828 5818 Ρετιιοι..
858 5751 982 5816 Gn.
1018 5749 1297 5810 LXXXI.

3052 5726 3084 5787 3
3280 5727 3325 5767 π-
