3940 6200
3147 256 3188 298 τι

474 324 545 388 75
1509 323 1993 387 THEODORETI
2021 329 2359 394 EPISCOPI
2386 334 2747 396 CYRENSIS
3164 293 3186 298 ν’
3358 293 3424 334 ’
3663 293 3734 404 ἰδ

475 442 626 498 sunt,
649 432 866 490 medico
892 449 904 487 :
936 433 1036 490 sed
1055 433 1147 505 qui
1168 435 1313 490 male
1331 448 1389 490 se
1410 433 1616 488 habent
1637 445 1686 488 υ.
1711 455 1728 486 ι
1754 435 1853 490 Et:
1887 456 1904 488 ι
1929 437 2039 493 Non

2155 444 2338 516 πάσης
2371 445 2672 510 ἀξιοῦσθαι.
2697 448 2788 501 Διό
2817 463 3000 518 φησιν’
3041 466 3059 502 ι
3095 449 3170 504 Οὐ
3206 451 3394 522 χρείαν
3427 451 3644 526 ἔχουσιν
3681 457 3728 506 et

477 529 602 584 veni
631 539 830 582 vocare
853 525 1055 595 justos,
1083 525 1178 581 sed
1212 532 1532 596 peccatores
1558 526 1624 580 ad
1649 525 1759 598 Μ
1782 529 2052 597 poeniten-

473 621 609 676 tiam
627 628 672 672 ⁸.
701 637 721 670 ι
758 615 824 672 Ει
843 631 940 687 per
961 616 1304 672 Ezechielem
1328 617 1657 687 prophetam
1688 636 1701 672 :
1737 618 2050 690 «Numquid

471 711 775 769 voluntatis
795 725 928 766 mete
953 710 1082 776 erit,
1116 709 1316 779 inquit,
1350 723 1503 765 mors
1533 708 1688 778 impii
1707 711 1731 763 ?
1750 718 1806 766 et
1834 714 2052 778 non,‘ut

472 811 825 860 convertatur
854 816 884 855 a
920 801 1025 857 viis
1077 799 1236 867 suis,
1289 809 1343 855 et
1393 801 1617 856 vivatp?
1669 819 1688 853 ι
1737 800 1802 855 Et
1855 805 2052 858 beatus

473 894 759 965 apostolus
795 891 998 946 Paulus
1045 890 1115 946 de
1148 891 1269 960 ipso
1305 891 1473 946 dicit-
1512 910 1533 943 ι
1560 891 1664 958 Qui
1708 893 1825 947 vult
1859 909 2053 950 omnes

473 986 724 1042 homines
747 984 929 1039 salvos
953 981 1094 1047 ﬁeri,
1126 990 1182 1039 et
1207 983 1275 1038 ad
1307 983 1646 1054 agnitionem
1675 985 1930 1041 veritatis
1952 996 2051 1042 ve-

471 1079 657 1133 nires.
690 1095 709 1128 ι
746 1075 872 1130 ldeo
903 1076 1021 1130 vult
1051 1089 1312 1146 sponsam
1361 1076 1550 1133 haedos
1584 1078 1750 1131 etiam
1791 1093 2044 1147 pascere.

471 1169 762 1224 llaadorum
796 1175 979 1224 autem
1007 1169 1229 1222 nomine
1258 1177 1579 1238 peccatores
1621 1169 1853 1240 ﬁgurate
1891 1169 2053 1226 intel-

467 1263 590 1333 ligit
608 1261 794 1316 divina
815 1260 1120 1331 Scriptura.
1143 1260 1254 1316 llos
1282 1262 1427 1317 enim
1457 1261 1725 1317 Dominus
1752 1277 1781 1316 a
1811 1262 2054 1318 sinistris

469 1357 545 1409 ait
584 1355 826 1409 locatum
863 1353 952 1419 tri,
995 1353 1280 1422 sejunctos
1319 1353 1389 1408 ab
1440 1352 1626 1423 agnis,
1659 1352 1753 1424 qui
1797 1353 2054 1408 dertrum

468 1449 652 1503 locum
681 1446 1026 1502 obtinebunt.
1057 1444 1193 1500 Nam
1224 1446 1279 1499 in
1306 1446 1424 1517 lege
1451 1460 1670 1516 quoque
1699 1461 1799 1515 pro
1831 1454 2054 1516 peccato

469 1554 579 1595 non
611 1540 752 1603 ovis,
781 1538 874 1593 sed
906 1539 1098 1593 hircus
1131 1552 1195 1592 ex
1233 1538 1415 1607 capris
1444 1539 1807 1593 mactabatur.
1842 1539 2054 1594 Idcirco

467 1647 705 1703 sponsus
729 1632 796 1686 ad
819 1644 1077 1702 sponsam
1097 1669 1112 1694 ,
1140 1627 1402 1699 Sequere,
1419 1629 1618 1699 inquit,
1633 1644 1856 1700 gregum
1887 1631 2056 1684 vesti-

465 1724 574 1792 gia.
594 1730 648 1778 et
672 1719 1092 1792 praecedentium
1124 1725 1442 1772 sanctorum
1474 1717 1640 1770 vitam
1666 1725 2051 1787 perscrutare:

2159 537 2432 606 ἰσχύοντες
2460 541 2669 612 ἰατροῦ,
2695 542 2810 596 ἀλλ’
2833 545 2879 596 οἱ
2908 543 3093 609 κακῶς
3118 543 3384 616 ἔχοντεςί
3413 547 3508 603 καί
3530 566 3543 578 ο
3585 551 3732 604 «Οὐκ

2154 623 2317 698 ἦλθον
2349 631 2574 685 καλέσαι
2607 633 2870 703 δικαίους,
2903 635 3018 689 ἀλλ’
3044 636 3401 709 ἁμαρτωλοὺς
3433 641 3513 704 εἰς
3551 646 3735 711 μετά-

2156 736 2326 774 νοιαν.
2343 741 2360 774 ι
2377 721 2486 777 Καὶ
2504 723 2590 778 διὰ
2605 723 2866 796 Ἰεζεκιὴλ
2879 726 2971 780 τοῦ
2991 729 3290 800 προφήτοψ
3305 730 3424 802 «Μὴ
3441 731 3731 803 θελήσω⁹³,

2154 811 2312 881 φησὶ,
2345 813 2436 867 τὸν
2469 815 2696 870 θάνατον
2725 817 2819 871 τοῦ
2847 818 3196 890 ἁμαρτωλοῢ,
3225 820 3300 883 ὡς
3327 821 3386 874 τὸ
3403 823 3734 894 ἐπιστρέψαι

2155 902 2249 954 καὶ
2285 902 2384 974 ζῇν
2418 906 2614 974 αὐτόνς
2654 925 2673 959 ι
2707 907 2820 960 Καὶ
2851 909 2879 960 6
2907 909 3175 981 μακάριος
3201 909 3498 976 ἀπόστολος
3519 913 3732 977 Παῦλος

2155 996 2281 1066 περὶ
2311 997 2475 1052 αὐτοῦ
2507 1017 2725 1070 φησιν’(
2748 1001 2805 1054 '0
2837 1001 3006 1056 θέλων
3032 1003 3240 1067 πάντας
3266 1005 3589 1076 ἀνθρώπους
3619 1025 3730 1060 σω·

2156 1087 2334 1158 θῆναι,
2395 1090 2487 1143 καὶ
2522 1093 2602 1155 είς
2654 1092 2947 1161 ἐπίγνωσιν
2999 1093 3256 1164 ἀληθείας
3307 1096 3502 1150 ἐλθεῖν.
3557 1118 3575 1150 ι
3631 1101 3732 1154 Διὰ

2154 1179 2312 1233 τοῦτο
2344 1180 2591 1252 βούλεται
2639 1185 2808 1256 αὐτὴν
2849 1186 2946 1239 καὶ
2983 1187 3110 1250 τοὺς
3141 1186 3361 1258 ἐρίφους
3392 1188 3607 1258 βόσκειν
3629 1209 3643 1224 ο
3673 1193 3732 1244 ἐν

2156 1271 2310 1342 τύπῳ
2335 1271 2390 1324 δὲ
2419 1273 2759 1344 ἁμαρτωλῶν
2795 1276 2921 1340 τοὺς
2955 1277 3175 1347 ἐρίφους
3210 1279 3244 1349 ἡ
3275 1277 3394 1333 θεία
3436 1282 3734 1353 παραλαμ-

2155 1362 2310 1416 ϐἁνει
2351 1364 2574 1436 Γραφή·
2623 1367 2846 1431 τούτους
2886 1368 2994 1440 γὰρ
3036 1369 3096 1434 ἐξ
3144 1369 3441 1441 εὐωνύμων
3468 1374 3497 1426 6
3525 1373 3768 1447 Κύριος.

2156 1451 2259 1523 ἔφη
2310 1454 2695 1525 σταθήσεσθαι,
2745 1457 3122 1532 διακριθέντας
3154 1463 3219 1515 ἐκ
3247 1462 3356 1517 τῶν
3403 1465 3594 1536 ἀμνῶν
3622 1468 3735 1522 τῶν

2155 1543 2432 1614 λαχόντων
2465 1547 2636 1612 δεξιὸν
2662 1551 2706 1582 ⁸⁸
2751 1551 2950 1623 χῶρον.
2999 1551 3216 1625 Ἐπειδὴ
3256 1557 3348 1609 καὶ
3381 1557 3439 1610 ἐν
3475 1557 3555 1628 τῷ
3585 1560 3736 1630 νόμῳ

2157 1635 2293 1706 ὑπὲρ
2322 1637 2600 1708 ἁμαρτίας
2628 1640 2690 1693 οὺ
2722 1643 3014 1714 πρόϐατον,
3047 1645 3185 1700 ἀλλά
3211 1647 3445 1718 χίμαρος
3473 1649 3530 1716 ἐξ
3561 1651 3736 1719 αίγῶν

2157 1727 2553 1798 προσεφέρετο.
2585 1731 2682 1784 Διά
2711 1732 2866 1786 τοῦτο
2897 1733 3044 1802 λέγει
3072 1738 3139 1807 τῇ
3184 1735 3372 1812 νύμφῃ
3405 1741 3432 1793 ό
3461 1741 3694 1811 νυμφίος
3715 1756 3732 1770 ·

462 1814 603 1868 etin
653 1814 872 1867 illorum
923 1818 1211 1882 pastorum
1248 1808 1660 1874 tabernaculis,
1701 1809 1807 1863 hoc
1851 1816 1960 1872 est,
1997 1809 2039 1863 ir

2157 1816 2282 1880 Τοῖς
2313 1817 2483 1888 ἴχνεσι
2514 1821 2621 1874 τῶν
2652 1824 2914 1894 ποιμνίων
2939 1822 3242 1894 ἀκολούθει,
3272 1829 3495 1883 καὶτῶν
3529 1833 3736 1904 προλα-

463 1905 777 1976 apostolicis
800 1903 1071 1969 ecclesiis,
1093 1902 1280 1958 haedos
1301 1910 1428 1957 tuos
1451 1916 1633 1971 pasce,
1654 1917 1777 1956 cum
1801 1903 1854 1956 in
1875 1901 2054 1956 Evan-

461 1997 620 2068 geliis
651 1997 956 2052 audiveris:
1001 2014 1020 2047 ι
1048 1993 1263 2057 Videte,
1293 2007 1362 2048 ne
1393 1994 1758 2048 contemnatis
1788 2010 1956 2049 unum
1986 1996 2052 2051 de

459 2088 679 2159 pusillis
709 2087 830 2143 istis
879 2085 1144 2149 minimis,
1190 2083 1285 2155 qui
1336 2083 1395 2138 in
1443 2084 1832 2139 me'credunt.
1875 2087 2049 2141 Amen

460 2179 605 2234 enim
636 2177 761 2232 dico
795 2176 976 2240 vobis,
1016 2175 1199 2245 angeli
1230 2187 1420 2228 eorum
1464 2188 1680 2243 semper
1718 2172 1905 2228 vident
1965 2174 2047 2227 fa-

459 2271 598 2324 ciem
628 2267 807 2322 Patris
837 2267 965 2332 ntci,
1000 2266 1095 2335 qui
1129 2273 1212 2320 est
1241 2267 1294 2319 in
1324 2263 1478 2319 caelis
1494 2272 1539 2316 τ.
1579 2281 1598 2314 ι

2157 1906 2359 1961 δόντων
2391 1909 2561 1977 ἁγίων
2608 1912 2871 1984 ἀνερεύνα
2900 1915 2988 1968 τὸν
3032 1914 3178 1984 βίον·
3216 1917 3311 1970 καὶ
3359 1918 3418 1970 ἐν
3463 1920 3577 1982 τοῖς
3621 1919 3736 1972 τῶν

2163 2000 2438 2069 ποιμένων
2488 2003 2713 2055 ἐκείνων
2769 2005 3109 2077 σκηνώμασι,
3174 2010 3451 2063 τουτέστιν
3497 2012 3556 2063 ἐν
3612 2014 3736 2074 ταῖς

2154 2089 2540 2154 ἀποστολικαῖς
2588 2094 2924 2164 ἐκκλησίαις,
2973 2098 3133 2168 βόσκε
3177 2117 3270 2154 σου
3316 2103 3442 2166 τοὺς
3485 2103 3732 2174 ἐρίφους,

2153 2179 2433 2236 ἀκούσασα
2479 2186 2534 2236 ἐν
2567 2190 2680 2248 τοῖς
2732 2189 2898 2258 ἱεροῖς
2929 2191 3280 2260 Εὑαγγελίοις
3307 2209 3320 2224 ⁸
3361 2213 3381 2245 ι
3427 2194 3616 2264 Ὁρᾶτε
3655 2195 3733 2264 μὴ

2153 2277 2605 2349 καταφρονήσητε
2634 2279 2751 2345 ἐνὸς
2781 2280 2886 2336 τῶν
2921 2283 3130 2356 μικρῶν
3168 2285 3276 2341 τῶν
3306 2287 3601 2359 ἐλαχίστων
3620 2287 3732 2340 τῶν

459 2358 822 2412 πιστευόντων
856 2358 938 2451 είς
966 2355 1067 2427 ἐμέ
1083 2371 1102 2401 .·
1135 2354 1422 2427 ἀμὴνγὰρ
1445 2353 1590 2422 λέγω
1619 2354 1766 2427 ὑμῖν,
1795 2354 1842 2408 οἱ
1872 2354 2092 2424 ἄγγελοι
2119 2365 2299 2420 αὐτῶν
2334 2371 2456 2423 καθ’
2489 2372 2702 2444 ἡμέραν
2771 2353 2936 2446 ὁρῶσι
3001 2353 3058 2432 τὸ
3105 2353 3433 2451 πρόσωπον.-
3459 2381 3550 2435 τοῦ
3618 2383 3733 2436 Πα-

455 2451 582 2523 τρδς
614 2451 768 2522 ὑμῶν
795 2449 890 2503 τοῦ
916 2452 972 2503 ἐν
996 2451 1244 2522 οὐρανοῖς
1268 2450 1338 2502 θ’.

533 2546 693 2600 νεεδ.
729 2545 782 2601 8.
829 2543 992 2615 Equaz
1026 2560 1153 2598 mea:
1187 2545 1242 2597 in
1273 2542 1518 2597 curribus
1550 2542 1854 2598 Pharaonis
1898 2547 2036 2599 assi-

454 2637 636 2691 milavi
675 2644 744 2701 te,
785 2637 1075 2704 propinqua
1106 2649 1241 2688 mea.
1287 2633 1544 2703 Figurate
1579 2635 1666 2688 hic
1703 2633 2036 2688 Pharaonem

456 2729 765 2799 improbum
807 2727 1058 2781 humanae
1106 2734 1317 2781 naturae
1369 2727 1578 2781 hostem
1616 2727 1878 2797 appellat,
1928 2729 2038 2781 exis

454 2820 658 2874 tiosum
701 2827 755 2872 et
787 2832 1128 2872 communem
1167 2816 1544 2871 adversarium
1566 2825 1843 2881 nostrum,
1873 2832 2035 2887 quem

455 2925 562 2963 non
604 2909 763 2963 aliter
787 2923 952 2978 quam
976 2907 1106 2962 olim
1151 2905 1516 2972 Pharaonem,
1546 2907 1602 2962 in
1635 2909 1845 2963 sanctis
1875 2909 2037 2978 aquis

453 2999 802 3071 baptismatis
838 3001 1146 3056 demersum
1194 2999 1490 3069 oppressit.
1525 2998 1690 3069 Equae
1722 3000 1909 3068 igitur,
1948 2999 2035 3053 in-

450 3095 589 3164 quit,
623 3107 731 3162 qua
757 3108 893 3148 usus
920 3092 1154 3147 demersi
1183 3100 1346 3162 atque
1377 3091 1537 3147 obrui
1569 3090 1872 3145 Pharaonis
1905 3106 2035 3146 cur-

449 3200 566 3248 rus,
595 3193 646 3239 te
685 3185 918 3240 similem
955 3183 1165 3254 judico,
1197 3199 1364 3255 quam
1413 3183 1544 3236 mihi
1589 3183 1877 3240 charitatis
1907 3184 2033 3238 vin-

2207 2551 2276 2620 η’.
2315 2551 2394 2621 Τῇ
2414 2554 2575 2620 ἵππῳ
2601 2573 2719 2624 μου
2754 2557 2823 2610 ἐν
2847 2557 3071 2628 ἅρμασι
3096 2559 3305 2627 Φαραὼ
3330 2561 3606 2631 ὠμοίωσά
3627 2583 3727 2628 σε,

2136 2644 2174 2710 ἠ
2209 2645 2478 2713 πλησίον
2498 2665 2638 2715 μου.
2671 2648 2961 2718 Τροπικῶς
3006 2649 3236 2703 ἐνταῦθα
3271 2651 3467 2723 Φαραὼ
3505 2655 3593 2707 τὸν
3626 2658 3730 2727 τῆς

2134 2733 2410 2804 ἡμετέρας
2434 2736 2645 2805 φύσεως
2668 2738 2939 2811 ἀλάστορα
2965 2742 3397 2813 προσηγόρευσε,
3424 2745 3515 2798 τὸν
3543 2746 3732 2818 ἀλιτή-

2140 2839 2253 2892 ριον
2279 2827 2372 2879 καὶ
2403 2828 2581 2882 κοινὸν
2602 2829 2760 2901 ἡμῶν
2790 2831 3045 2900 πολέμιον
3074 2833 3130 2885 ὃν
3154 2833 3201 2866 ’⁵
3229 2834 3308 2905 τῷ
3331 2836 3529 2908 Φαραὼ
3557 2856 3728 2906 παρα-

2138 2914 2384 2986 πλησίως
2431 2919 2489 2970 ἐν
2537 2923 2652 2983 τοῖς
2708 2923 2881 2990 ἁγίοις
2947 2924 3041 2976 τοῦ
3112 2924 3488 2998 βαπτίσματος
3538 2929 3728 2985 ὕδασιν

2139 3007 2468 3080 ύποὸρύχιον
2523 3013 2814 3084 πεποίηκε.
2863 3015 2941 3085 Τῇ
2994 3015 3144 3087 ἵππῳ
3203 3035 3306 3087 μου
3348 3019 3570 3089 τοίνυν,
3616 3019 3726 3097 ﬁ"

2136 3101 2481 3171 χρησάμενος
2525 3103 2593 3157 τὰ
2644 3103 2866 3176 ἅρματα
2921 3106 3014 3159 τοῦ
3065 3107 3264 3180 Φαραὼ
3325 3113 3722 3178 κατεπόντισα,

2135 3193 2325 3262 ὁμοίαν
2358 3213 2417 3248 σε
2451 3196 2620 3267 κρίνω
2649 3198 2694 3230 ⁸⁸
2722 3200 2946 3270 πλησίον
2979 3219 3080 3272 μου
3107 3204 3425 3276 γενομένην,
3455 3207 3546 3260 καὶ
3587 3209 3726 3278 ἀγά-

448 3279 575 3334 culo
603 3294 664 3334 ac
703 3278 1108 3333 necessitudine
1129 3277 1492 3348 propinquam
1531 3275 1760 3331 adscivi.
1781 3274 2033 3330 Formam

2145 3299 2246 3356 πην
2276 3286 2404 3357 περὶ
2449 3266 2546 3357 ἐμὲ
2592 3266 3315 3363 κτησαμένην.”Εχρήσατο
3459 3294 3571 3352 οἷόν
3614 3266 3724 3354 ⁸τινι

449 3377 628 3424 autem
662 3371 802 3425 servi
845 3368 952 3441 45
986 3369 1144 3440 quasi
1178 3381 1403 3423 currum
1435 3367 1725 3435 quemdam
1760 3366 2030 3428 adhibuit,

448 3476 572 3517 cum
601 3477 665 3517 ea
697 3461 922 3517 indutus
956 3461 1253 3517 exinaniri:
1279 3461 1656 3529 semetipsum,
1691 3468 1749 3512 ut
1778 3463 2034 3513 universo

444 3554 629 3623 generi
653 3553 893 3607 humano
915 3551 1150 3607 salutent
1189 3558 1408 3619 pareret
1432 3561 1478 3603 ι.
1515 3547 1629 3603 Tali
1680 3549 1849 3618 igitur
1879 3563 2033 3618 equae

446 3655 704 3710 sponsam
736 3640 964 3696 similem
993 3640 1147 3694 dicit.
1187 3638 1288 3693 Cui
1320 3638 1539 3708 quidem
1573 3638 1860 3693 sentcntiae
1889 3639 2033 3709 Apo-

445 3731 620 3786 stolus
651 3730 815 3785 etiam
864 3728 1220 3798 astipulatur,
1266 3728 1333 3784 de
1365 3727 1648 3783 Salvatorc
1690 3728 1908 3783 Christo
1953 3729 2032 3783 lo-

444 3835 618 3889 quens
649 3820 703 3873 in
745 3820 891 3873 hunc
933 3819 1158 3873 modum
1201 3835 1214 3871 :
1253 3837 1270 3868 ι
1323 3818 1425 3884 Qui
1479 3817 1803 3874 reformabit
1831 3834 2030 3891 corpus

443 3911 772 3966 humilitatis
805 3918 1027 3972 nostra,
1061 3919 1119 3964 ut
1146 3909 1374 3980 ﬁguram
1407 3911 1602 3965 habeat
1636 3911 1880 3984 similem
1902 3927 2025 3982 cor-

442 4003 830 4074 pori‘glorioso
858 4001 977 4071 ejus
998 4004 1043 4055 ί.
1095 4021 1113 4054 ι
1147 4001 1211 4055 Ει
1247 4002 1375 4056 alibi
1408 4020 1422 4056 :
1466 4020 1484 4053 ι
1532 4001 1643 4058 Nos
1678 4019 1807 4058 vero
1838 4017 2029 4061 omnes

441 4095 678 4151 rct'elata
721 4093 860 4148 facie
884 4090 1118 4164 gloriam
1139 4089 1365 4148 Domini
1395 4095 1764 4164 speculantes,
1798 4097 1850 4150 in
1876 4112 2027 4152 eam-

441 4185 562 4242 dem
590 4185 882 4255 imaginem
923 4173 1386 4240 transformamur
1425 4201 1454 4238 a
1490 4187 1745 4242 claritate
1780 4189 1835 4242 in
1867 4189 2028 4244 cluri-

442 4285 604 4332 tatem
660 4286 919 4345 tanquam
973 4291 1004 4330 a
1043 4275 1261 4330 Domini
1305 4274 1510 4347 Spiritu
1555 4290 1602 4335 ιι.
1645 4297 1663 4330 ι
1723 4278 1801 4334 Ex
1846 4281 2036 4336 verbis

441 4371 603 4440 igitur
619 4367 942 4439 apostolicis
962 4367 1189 4438 mystica
1212 4367 1424 4423 Cantiei
1445 4371 1610 4425 verba
1633 4371 2022 4442 intelligamus,

438 4465 839 4531 audiamusque
877 4474 1138 4530 sponsum
1193 4460 1268 4513 ita
1320 4449 1744 4519 dicentem'a'l‘e
1796 4467 2023 4535 propin-

2135 3375 2369 3448 ὀχήματι
2411 3381 2476 3448 τῇ
2520 3380 2611 3432 τοῦ
2644 3380 2830 3433 δούλου
2885 3386 3097 3454 μορφῇ,
3153 3385 3221 3456 ἣν
3251 3387 3495 3453 κενώσας
3528 3391 3724 3446 ἐαυτὸν

2135 3467 2410 3532 ἀνέλαϐεν,
2449 3470 2533 3521 ἵνα
2559 3471 2718 3523 παντὶ
2746 3471 2823 3540 τῷ
2847 3473 2992 3540 γένει
3031 3479 3522 3552 πραγματεύσηται
3545 3499 3724 3554 σωτη-

2138 3559 2276 3627 ρίαν.
2305 3559 2485 3630 Ταύτῃ
2513 3563 2689 3612 τοίνυν
2736 3564 2799 3632 τῇ
2835 3563 2984 3633 ἵππῳ
3017 3566 3302 3632 ἀπεικάῐει
3331 3570 3430 3641 τὴν
3474 3571 3719 3642 νύμφην·

2133 3649 2241 3702 Καὶ
2275 3654 2542 3722 μαρτυρεῖ
2570 3651 2646 3722 τῷ
2675 3654 2904 3723 νοήματι
2935 3657 2963 3708 6
2998 3658 3338 3726 ’Λπόστολος,
3381 3663 3580 3716 οὑτωσὶ
3626 3664 3720 3718 λέ-

2131 3759 2242 3810 γων
2271 3743 2506 3812 περὶτοῦ
2524 3743 2773 3814 Σωτῆρος
2796 3746 2839 3797 Χ
2849 3746 3056 3818 ριστοῦ·
3082 3769 3098 3800 ι
3116 3751 3212 3814 Ὃς
3237 3756 3719 3824 μετασχηματίσει

2130 3831 2190 3883 τὸ
2221 3831 2378 3902 σῶμα
2404 3832 2500 3903 τῆς
2528 3833 2906 3901 ταπεινώσεως
2936 3838 3089 3909 ἡμῶν
3112 3841 3192 3904 είς
3214 3841 3274 3893 τὸ
3302 3843 3556 3909 γενέσθαι
3585 3847 3720 3899 αὐτὸ

2133 3921 2455 3992 σύμμορφον
2477 3922 2552 3992 τῷ
2581 3921 2790 3994 σώματι
2817 3925 2915 3996 τῆς
2947 3928 3104 3997 δόξης
3128 3929 3312 3984 αὑτοῦ.
3348 3949 3366 3982 ι
3395 3933 3502 3986 Καὶ
3530 3935 3713 3988 πάλιν

2135 4030 2154 4062 ι
2206 4013 2393 4082 Ἡμεῖς
2433 4013 2490 4066 δέ
2537 4015 2735 4079 πάντες
2773 4017 3275 4092 ἀνακεκαλυμμένῳ
3305 4024 3580 4096 προσώπῳ
3612 4027 3721 4096 τὴν

2128 4101 2281 4168 δόξαν
2333 4104 2536 4175 Κυρίου
2591 4109 3112 4180 κατοπτριζόμενοι,
3161 4113 3259 4183 τὴν
3309 4116 3474 4188 αὐτὴν
3527 4118 3718 4173 εἰκόνα

2131 4194 2630 4264 μεταμορφούμεθα
2671 4197 2778 4249 ἀπὸ
2811 4197 2968 4268 δόξης
3000 4203 3080 4264 εἰς
3130 4202 3306 4270 δόξαν,
3330 4206 3576 4279 καθάπερ
3603 4209 3720 4263 ἀπὸ

2128 4285 2330 4356 Κυρίου
2362 4285 2698 4356 Πνεύματος.
2751 4307 2770 4340 ι
2813 4288 2908 4342 Ἐκ
2955 4292 3064 4346 τῶν
3111 4294 3481 4351 ἁποστολικῶν
3530 4300 3718 4354 τοίνυν

2127 4376 2389 4445 ῥημάτων
2438 4376 2507 4429 τὰ
2562 4378 2800 4446 μυστικά
2845 4381 2939 4435 τοῦ
2973 4383 3248 4455 ’ᾼσματος
3293 4389 3576 4460 νοήσωμεν
3611 4393 3717 4464 63'}-

2129 4483 2293 4536 ματα,
2335 4468 2429 4520 καὶ
2462 4467 2785 4540 ἀκούσωμεν
2815 4472 2906 4526 τοῦ
2956 4475 3188 4546 νυμφίου
3215 4477 3482 4548 λέγοντος,
3517 4483 3598 4535 ὅτι
3641 4485 3716 4538 Σὲ

439 4568 602 4622 quam
634 4569 808 4608 meam
839 4552 1064 4614 factam,
1094 4559 1259 4622 atque
1289 4552 1410 4607 ideo
1438 4556 1802 4626 propinquam
1837 4559 2020 4628 appel-

2145 4557 2223 4628 τὴν
2255 4558 2481 4629 πλησίον
2511 4578 2612 4630 μου
2657 4565 2976 4637 γενομένην,
3003 4569 3096 4622 καὶ
3140 4569 3230 4623 διὰ
3275 4571 3434 4625 τοῦτο
3480 4574 3714 4644 πλησίον

436 4643 622 4708 latam,
649 4651 704 4696 et
733 4658 791 4698 re
814 4643 932 4714 ipsa
961 4641 1200 4696 nominis
1240 4640 1476 4698 fructum
1529 4656 1858 4715 assecutam,
1894 4648 2018 4704 dico

2145 4651 2553 4725 ὶνομαξομένην,
2583 4655 2676 4708 καὶ
2718 4658 2782 4710 ἐκ
2833 4658 2926 4712 τοῦ
2967 4661 3290 4732 πράγματος
3319 4640 3714 4735 καρπουμένην
3764 4703 3776 4710 -

435 4747 556 4788 esse
586 4732 819 4787 similem
842 4747 996 4803 equa:
1029 4747 1184 4797 mete,
1213 4748 1319 4803 qua
1349 4750 1448 4806 ego
1487 4745 1648 4792 utens
1675 4737 2014 4795 Pharaonem

435 4818 830 4892 intelligibilem
862 4823 1161 4891 submersi,
1195 4823 1404 4896 tibique
1442 4827 1669 4898 largitus
1697 4845 1820 4884 sum
1848 4829 2013 4887 liber-

436 4905 751 4971 tatemfﬂis
789 4914 1034 4986 adiungit
1059 4932 1072 4969 :

506 5094 671 5152 Vens.
708 5097 762 5153 9.
799 5097 973 5164 Quam
1000 5097 1235 5167 putt/cra:
1255 5099 1412 5168 facta:
1435 5109 1559 5155 sunt
1582 5117 1727 5172 gente
1751 5111 1874 5168 tuae,
1909 5103 2018 5157 sic-

501 5261 530 5290 ιι
553 5251 742 5306 Matth.
780 5271 830 5310 Ix
854 5296 869 5317 .
905 5251 989 5306 12.

433 5338 504 5388 ιι,
536 5321 605 5386 6,
640 5321 691 5378 7.
774 5327 791 5362 ί
823 5323 1064 5394 Philipp.
1098 5339 1179 5392 ιιι,
1214 5324 1308 5380 21.
1385 5333 1412 5362 υ
1453 5325 1497 5378 ll
1536 5327 1668 5386 Cor.
1703 5343 1786 5395 ut,
1826 5327 1909 5382 18.

2122 4742 2182 4795 τὸ
2201 4743 2390 4815 ὄνομα,
2419 4748 2485 4816 τῇ
2514 4745 2664 4816 ἵππῳ
2698 4765 2797 4819 μου
2831 4751 3065 4805 ἐοικέναι
3107 4754 3266 4824 φημὶ,
3363 4757 3712 4828 χρησάμενος

2120 4833 2213 4888 τὸν
2242 4836 2431 4906 νοητὸν
2469 4837 2668 4910 Φαραὼ
2700 4839 2797 4894 σὺν
2825 4845 2937 4907 τοῖς
2971 4843 3209 4916 ἅρμασιν
3252 4847 3414 4901 αὐτοῦ
3444 4851 3712 4904 κατεπόν-

2120 4944 2266 5069 stag,
2314 4927 2408 4982 καί
2447 4946 2528 4982 σοι
2563 4929 2664 4999 τὴν
2704 4931 3016 5006 ἐλευθερίαν
3066 4937 3447 5012 ἐδωρησάμην.
3483 4941 3712 5006 Τούτοις

2125 5017 2198 5068 ἐπ
2237 5027 2349 5069 γει·

2125 5017 2320 5082 ἐπάγει
2331 5027 2349 5046 ·

2200 5104 2266 5158 θ’.
2303 5106 2363 5160 Τί
2390 5106 2777 5176 ώραιώθησαν
2809 5110 2869 5163 αἱ
2915 5109 3190 5180 σιαγόνες
3218 5126 3335 5164 σου
3354 5113 3421 5178 ⁸⁸,
3453 5113 3532 5180 ὡς
3565 5130 3707 5181 τρυ-

1082 5261 1104 5282 ⁶
1132 5252 1300 5340 Μεξο.
1331 5270 1388 5318 ιι,
1539 5267 1613 5340 ῆι)
1649 5255 2039 5340 Ετοοιιεηχνιιι,

2145 5263 2169 5313 i.
2245 5270 2272 5310 ει
2304 5259 2322 5312 l
2353 5259 2499 5317 Tim.
2535 5279 2609 5330 ιι,
2659 5265 2712 5320 4.
2793 5273 2817 5302 ι’
2849 5263 3042 5321 Matth.
3074 5268 3326 5336 xvttt,10.
3405 5279 3426 5308 ⁸
3459 5267 3702 5340 Philipp.

1722 5489 1957 5548 VARUS
2001 5493 2300 5551 LECTION
2312 5496 2414 5552 ES.

501 5579 1483 5670 ξξψθελησω,ηφησίᾉοούίρθελῄσειι,
1528 5582 1967 5670 φησι-τυθελήσω.
2014 5592 2080 5670 ,οξ
2117 5592 2308 5670 δεξιόν.
2338 5594 2504 5670 abest
2554 5613 2585 5651 a
2623 5600 2751 5670 cod.
2802 5601 2990 5655 relicto
3045 5599 3240 5670 spatio.
3296 5596 3520 5670 3106p,
3571 5597 3696 5651 cod.

432 5649 816 5739 Ρτεξεῐηοητδξςοι
843 5649 1259 5739 (Ῠξίςξῦραχοὶξ
1289 5650 1508 5739 inﬁgi:
1538 5649 1786 5739 amittitur
1841 5649 2107 5730 expositio
2145 5649 2308 5717 trium
2350 5649 2592 5722 Patrum.
2631 5649 2815 5724 ’δῖδνξ
3023 5649 3237 5736 Eii.
3293 5668 3333 5699 9’
3446 5649 3625 5722 Abeat
3647 5649 3702 5721 ita

433 5719 560 5776 eod.
632 5719 678 5756 "
717 5721 839 5776 cod.
875 5719 1066 5791 κρινῶ.
1140 5719 1318 5772 "sou.
1347 5719 1514 5774 Abest
1544 5735 1572 5772 a
1613 5721 1730 5779 eod.
