  <div class='ocr_page' id='page_1' title='image "/cluster/home/n/w/nwhite01/storage/ocr_20150623/81/mdp.39015078384339/047.png"; bbox 0 0 3940 6200; ppageno 0'>
   <div class='ocr_carea' id='block_1_1' title="bbox 428 234 3709 347">
    <p class='ocr_par' dir='ltr' id='par_1_1' title="bbox 428 234 3709 347">
     <span class='ocr_line' id='line_1_1' title="bbox 428 234 3709 347; baseline 0.002 -5"><span class='ocrx_word' id='word_1_1' title='bbox 428 280 502 342; x_wconf 82' lang='lat'>79</span> <span class='ocrx_word' id='word_1_2' title='bbox 730 234 747 249; x_wconf 66' lang='grc'><em>’</em></span> <span class='ocrx_word' id='word_1_3' title='bbox 1468 282 1955 346; x_wconf 79' lang='lat' dir='ltr'><strong>THEODORETI</strong></span> <span class='ocrx_word' id='word_1_4' title='bbox 1977 285 2316 346; x_wconf 77' lang='lat' dir='ltr'><strong>EPISCOPI</strong></span> <span class='ocrx_word' id='word_1_5' title='bbox 2346 284 2711 345; x_wconf 80' lang='lat' dir='ltr'><strong>CYRENSIS</strong></span> <span class='ocrx_word' id='word_1_6' title='bbox 3638 284 3709 347; x_wconf 80' lang='lat' dir='ltr'><strong>so</strong></span> 
     </span>
    </p>
   </div>
   <div class='ocr_carea' id='block_1_2' title="bbox 430 392 2009 471">
    <p class='ocr_par' dir='ltr' id='par_1_2' title="bbox 430 395 2009 471">
     <span class='ocr_line' id='line_1_2' title="bbox 430 395 2009 471; baseline -0.008 -12"><span class='ocrx_word' id='word_1_7' title='bbox 430 402 607 459; x_wconf 63' lang='lat' dir='ltr'><strong>lautos</strong></span> <span class='ocrx_word' id='word_1_8' title='bbox 643 419 653 452; x_wconf 75' lang='grc' dir='ltr'>ε</span> <span class='ocrx_word' id='word_1_9' title='bbox 692 400 936 471; x_wconf 51' lang='grc' dir='ltr'><strong>Τοξιιιιιη,</strong></span> <span class='ocrx_word' id='word_1_10' title='bbox 970 398 1252 469; x_wconf 87' lang='lat' dir='ltr'><strong>inquiunt,</strong></span> <span class='ocrx_word' id='word_1_11' title='bbox 1295 397 1503 450; x_wconf 78' lang='lat' dir='ltr'><strong>erimus</strong></span> <span class='ocrx_word' id='word_1_12' title='bbox 1552 411 1789 465; x_wconf 71' lang='lat' dir='ltr'><strong>semper,</strong></span> <span class='ocrx_word' id='word_1_13' title='bbox 1832 395 2009 464; x_wconf 82' lang='lat' dir='ltr'><strong>quoad</strong></span> 
     </span>
    </p>
   </div>
   <div class='ocr_carea' id='block_1_3' title="bbox 2112 392 3710 471">
    <p class='ocr_par' dir='ltr' id='par_1_3' title="bbox 2119 392 3710 466">
     <span class='ocr_line' id='line_1_3' title="bbox 2119 392 3710 466; baseline 0.002 -16"><span class='ocrx_word' id='word_1_14' title='bbox 2119 398 2339 466; x_wconf 59' lang='grc' dir='ltr'><strong>καιρόν</strong></span> <span class='ocrx_word' id='word_1_15' title='bbox 2373 396 2464 449; x_wconf 74' lang='grc' dir='ltr'><strong>καὶ</strong></span> <span class='ocrx_word' id='word_1_16' title='bbox 2499 392 2950 465; x_wconf 71' lang='grc' dir='ltr'><strong>παραμυθοῦνται</strong></span> <span class='ocrx_word' id='word_1_17' title='bbox 2994 392 3093 465; x_wconf 81' lang='grc' dir='ltr'><strong>τὴν</strong></span> <span class='ocrx_word' id='word_1_18' title='bbox 3136 393 3376 465; x_wconf 87' lang='grc' dir='ltr'><strong>νύμφην,</strong></span> <span class='ocrx_word' id='word_1_19' title='bbox 3407 395 3488 448; x_wconf 75' lang='grc' dir='ltr'><strong>ὅτι</strong></span> <span class='ocrx_word' id='word_1_20' title='bbox 3522 397 3710 453; x_wconf 77' lang='grc' dir='ltr'><strong>Πάντα</strong></span> 
     </span>
    </p>
   </div>
   <div class='ocr_carea' id='block_1_4' title="bbox 311 472 2016 558">
    <p class='ocr_par' dir='ltr' id='par_1_4' title="bbox 311 472 2016 558">
     <span class='ocr_line' id='line_1_4' title="bbox 311 472 2016 558; baseline -0.005 -13"><span class='ocrx_word' id='word_1_21' title='bbox 311 472 316 476; x_wconf 40' lang='grc'><strong>’</strong></span> <span class='ocrx_word' id='word_1_22' title='bbox 424 505 527 557; x_wconf 77' lang='lat' dir='ltr'><strong>rex</strong></span> <span class='ocrx_word' id='word_1_23' title='bbox 564 497 846 558; x_wconf 83' lang='lat' dir='ltr'><strong>resurgat,</strong></span> <span class='ocrx_word' id='word_1_24' title='bbox 897 496 951 543; x_wconf 86' lang='lat' dir='ltr'><strong>et</strong></span> <span class='ocrx_word' id='word_1_25' title='bbox 1002 501 1332 557; x_wconf 85' lang='lat' dir='ltr'><strong>quocunque</strong></span> <span class='ocrx_word' id='word_1_26' title='bbox 1364 492 1561 541; x_wconf 82' lang='lat' dir='ltr'><strong>ornatu</strong></span> <span class='ocrx_word' id='word_1_27' title='bbox 1617 487 1919 554; x_wconf 75' lang='lat' dir='ltr'><strong>poterimus</strong></span> <span class='ocrx_word' id='word_1_28' title='bbox 1966 496 2016 538; x_wconf 85' lang='lat' dir='ltr'><strong>to</strong></span> 
     </span>
    </p>
   </div>
   <div class='ocr_carea' id='block_1_5' title="bbox 428 577 2015 650">
    <p class='ocr_par' dir='ltr' id='par_1_5' title="bbox 428 577 2015 650">
     <span class='ocr_line' id='line_1_5' title="bbox 428 577 2015 650; baseline -0.005 -12"><span class='ocrx_word' id='word_1_29' title='bbox 428 581 860 638; x_wconf 87' lang='lat' dir='ltr'><strong>decorabimus:</strong></span> <span class='ocrx_word' id='word_1_30' title='bbox 914 595 1097 650; x_wconf 87' lang='lat' dir='ltr'><strong>neque</strong></span> <span class='ocrx_word' id='word_1_31' title='bbox 1143 585 1273 633; x_wconf 97' lang='lat' dir='ltr'><strong>ante</strong></span> <span class='ocrx_word' id='word_1_32' title='bbox 1320 577 1782 632; x_wconf 77' lang='lat' dir='ltr'><strong>resurrectionem</strong></span> <span class='ocrx_word' id='word_1_33' title='bbox 1839 578 2015 647; x_wconf 80' lang='lat' dir='ltr'><strong>ipsius</strong></span> 
     </span>
    </p>
   </div>
   <div class='ocr_carea' id='block_1_6' title="bbox 430 666 2013 735">
    <p class='ocr_par' dir='ltr' id='par_1_6' title="bbox 430 666 2013 735">
     <span class='ocr_line' id='line_1_6' title="bbox 430 666 2013 735; baseline -0.006 -6"><span class='ocrx_word' id='word_1_34' title='bbox 430 679 485 728; x_wconf 88' lang='lat' dir='ltr'><strong>te</strong></span> <span class='ocrx_word' id='word_1_35' title='bbox 512 672 852 735; x_wconf 77' lang='lat' dir='ltr'><strong>deseramus,</strong></span> <span class='ocrx_word' id='word_1_36' title='bbox 887 670 984 726; x_wconf 83' lang='lat' dir='ltr'><strong>sed</strong></span> <span class='ocrx_word' id='word_1_37' title='bbox 1012 668 1307 724; x_wconf 71' lang='lat' dir='ltr'><strong>oderemus</strong></span> <span class='ocrx_word' id='word_1_38' title='bbox 1334 667 1435 722; x_wconf 90' lang='lat' dir='ltr'><strong>tibi</strong></span> <span class='ocrx_word' id='word_1_39' title='bbox 1467 666 1864 722; x_wconf 69' lang='lat' dir='ltr'><strong>similitudines</strong></span> <span class='ocrx_word' id='word_1_40' title='bbox 1893 668 2013 720; x_wconf 88' lang='lat' dir='ltr'><strong>auri</strong></span> 
     </span>
    </p>
   </div>
   <div class='ocr_carea' id='block_1_7' title="bbox 427 761 2014 839">
    <p class='ocr_par' dir='ltr' id='par_1_7' title="bbox 427 761 2014 839">
     <span class='ocr_line' id='line_1_7' title="bbox 427 761 2014 839; baseline -0.004 -19"><span class='ocrx_word' id='word_1_41' title='bbox 427 774 484 820; x_wconf 91' lang='lat' dir='ltr'><strong>et</strong></span> <span class='ocrx_word' id='word_1_42' title='bbox 515 767 728 838; x_wconf 89' lang='lat' dir='ltr'><strong>argenti</strong></span> <span class='ocrx_word' id='word_1_43' title='bbox 769 764 1178 839; x_wconf 77' lang='lat' dir='ltr'><strong>distinctiones.</strong></span> <span class='ocrx_word' id='word_1_44' title='bbox 1216 761 1382 818; x_wconf 83' lang='lat' dir='ltr'><strong>Recte</strong></span> <span class='ocrx_word' id='word_1_45' title='bbox 1430 771 1612 817; x_wconf 89' lang='lat' dir='ltr'><strong>autem</strong></span> <span class='ocrx_word' id='word_1_46' title='bbox 1664 775 1776 815; x_wconf 90' lang='lat' dir='ltr'><strong>non</strong></span> <span class='ocrx_word' id='word_1_47' title='bbox 1819 776 2014 815; x_wconf 90' lang='lat' dir='ltr'><strong>aurum</strong></span> 
     </span>
    </p>
   </div>
   <div class='ocr_carea' id='block_1_8' title="bbox 430 853 2015 928">
    <p class='ocr_par' dir='ltr' id='par_1_8' title="bbox 430 853 2015 928">
     <span class='ocr_line' id='line_1_8' title="bbox 430 853 2015 928; baseline -0.004 -17"><span class='ocrx_word' id='word_1_48' title='bbox 430 857 635 928; x_wconf 86' lang='lat' dir='ltr'><strong>ipsum,</strong></span> <span class='ocrx_word' id='word_1_49' title='bbox 694 857 791 915; x_wconf 88' lang='lat' dir='ltr'><strong>sed</strong></span> <span class='ocrx_word' id='word_1_50' title='bbox 846 856 967 911; x_wconf 88' lang='lat' dir='ltr'><strong>auri</strong></span> <span class='ocrx_word' id='word_1_51' title='bbox 1023 854 1417 911; x_wconf 87' lang='lat' dir='ltr'><strong>similitudines</strong></span> <span class='ocrx_word' id='word_1_52' title='bbox 1472 854 1755 908; x_wconf 77' lang='lat' dir='ltr'><strong>dixerunt.</strong></span> <span class='ocrx_word' id='word_1_53' title='bbox 1808 853 2015 923; x_wconf 81' lang='lat' dir='ltr'><strong>Majora</strong></span> 
     </span>
    </p>
   </div>
   <div class='ocr_carea' id='block_1_9' title="bbox 426 947 2017 1019">
    <p class='ocr_par' dir='ltr' id='par_1_9' title="bbox 426 947 2017 1019">
     <span class='ocr_line' id='line_1_9' title="bbox 426 947 2017 1019; baseline -0.004 -13"><span class='ocrx_word' id='word_1_54' title='bbox 426 952 573 1006; x_wconf 87' lang='lat' dir='ltr'><strong>enim</strong></span> <span class='ocrx_word' id='word_1_55' title='bbox 603 957 735 1007; x_wconf 86' lang='lat' dir='ltr'><strong>sunt</strong></span> <span class='ocrx_word' id='word_1_56' title='bbox 786 949 978 1019; x_wconf 87' lang='lat' dir='ltr'><strong>sponsi</strong></span> <span class='ocrx_word' id='word_1_57' title='bbox 1014 949 1179 1013; x_wconf 90' lang='lat' dir='ltr'><strong>dona,</strong></span> <span class='ocrx_word' id='word_1_58' title='bbox 1215 962 1382 1019; x_wconf 85' lang='lat' dir='ltr'><strong>quam</strong></span> <span class='ocrx_word' id='word_1_59' title='bbox 1435 947 1842 1010; x_wconf 89' lang='lat' dir='ltr'><strong>ministrorum,</strong></span> <span class='ocrx_word' id='word_1_60' title='bbox 1893 960 2017 1016; x_wconf 75' lang='lat' dir='ltr'><strong>qua:</strong></span> 
     </span>
    </p>
   </div>
   <div class='ocr_carea' id='block_1_10' title="bbox 424 1037 2007 1113">
    <p class='ocr_par' dir='ltr' id='par_1_10' title="bbox 424 1037 2007 1113">
     <span class='ocr_line' id='line_1_10' title="bbox 424 1037 2007 1113; baseline -0.003 -17"><span class='ocrx_word' id='word_1_61' title='bbox 424 1058 613 1113; x_wconf 87' lang='lat' dir='ltr'><strong>parem</strong></span> <span class='ocrx_word' id='word_1_62' title='bbox 645 1056 753 1097; x_wconf 91' lang='lat' dir='ltr'><strong>non</strong></span> <span class='ocrx_word' id='word_1_63' title='bbox 791 1040 1047 1096; x_wconf 83' lang='lat' dir='ltr'><strong>obtinent</strong></span> <span class='ocrx_word' id='word_1_64' title='bbox 1077 1040 1334 1112; x_wconf 77' lang='lat' dir='ltr'><strong>gloriam.</strong></span> <span class='ocrx_word' id='word_1_65' title='bbox 1371 1037 1560 1108; x_wconf 84' lang='lat' dir='ltr'><strong>itaque</strong></span> <span class='ocrx_word' id='word_1_66' title='bbox 1608 1038 1875 1107; x_wconf 81' lang='lat' dir='ltr'><strong>majorem</strong></span> <span class='ocrx_word' id='word_1_67' title='bbox 1915 1037 2007 1091; x_wconf 50' lang='lat' dir='ltr'><strong>bo.</strong></span> 
     </span>
    </p>
   </div>
   <div class='ocr_carea' id='block_1_11' title="bbox 431 1131 2015 1203">
    <p class='ocr_par' dir='ltr' id='par_1_11' title="bbox 431 1131 2015 1203">
     <span class='ocr_line' id='line_1_11' title="bbox 431 1131 2015 1203; baseline -0.002 -14"><span class='ocrx_word' id='word_1_68' title='bbox 431 1149 621 1190; x_wconf 87' lang='lat' dir='ltr'><strong>norem</strong></span> <span class='ocrx_word' id='word_1_69' title='bbox 673 1132 878 1189; x_wconf 87' lang='lat' dir='ltr'><strong>divinis</strong></span> <span class='ocrx_word' id='word_1_70' title='bbox 929 1133 1201 1190; x_wconf 85' lang='lat' dir='ltr'><strong>habemus</strong></span> <span class='ocrx_word' id='word_1_71' title='bbox 1259 1132 1596 1203; x_wconf 84' lang='lat' dir='ltr'><strong>Evangeliis,</strong></span> <span class='ocrx_word' id='word_1_72' title='bbox 1648 1131 1905 1203; x_wconf 78' lang='lat' dir='ltr'><strong>quamvis</strong></span> <span class='ocrx_word' id='word_1_73' title='bbox 1961 1139 2015 1187; x_wconf 90' lang='lat' dir='ltr'><strong>et</strong></span> 
     </span>
    </p>
   </div>
   <div class='ocr_carea' id='block_1_12' title="bbox 422 1223 2013 1296">
    <p class='ocr_par' dir='ltr' id='par_1_12' title="bbox 422 1223 2013 1296">
     <span class='ocr_line' id='line_1_12' title="bbox 422 1223 2013 1296; baseline -0.003 -16"><span class='ocrx_word' id='word_1_74' title='bbox 422 1226 628 1296; x_wconf 79' lang='lat' dir='ltr'><strong>legem,</strong></span> <span class='ocrx_word' id='word_1_75' title='bbox 678 1232 734 1281; x_wconf 85' lang='lat' dir='ltr'><strong>et</strong></span> <span class='ocrx_word' id='word_1_76' title='bbox 786 1224 1103 1295; x_wconf 84' lang='lat' dir='ltr'><strong>prophetas,</strong></span> <span class='ocrx_word' id='word_1_77' title='bbox 1155 1232 1211 1278; x_wconf 90' lang='lat' dir='ltr'><strong>et</strong></span> <span class='ocrx_word' id='word_1_78' title='bbox 1264 1230 1584 1280; x_wconf 87' lang='lat' dir='ltr'><strong>sanctorum</strong></span> <span class='ocrx_word' id='word_1_79' title='bbox 1635 1223 2013 1293; x_wconf 86' lang='lat' dir='ltr'><strong>apostolorum</strong></span> 
     </span>
    </p>
   </div>
   <div class='ocr_carea' id='block_1_13' title="bbox 423 1313 2015 1386">
    <p class='ocr_par' dir='ltr' id='par_1_13' title="bbox 423 1313 2015 1386">
     <span class='ocr_line' id='line_1_13' title="bbox 423 1313 2015 1386; baseline -0.003 -14"><span class='ocrx_word' id='word_1_80' title='bbox 423 1315 635 1386; x_wconf 82' lang='lat' dir='ltr'><strong>scripta</strong></span> <span class='ocrx_word' id='word_1_81' title='bbox 667 1330 1012 1371; x_wconf 84' lang='lat' dir='ltr'><strong>veneremur.</strong></span> <span class='ocrx_word' id='word_1_82' title='bbox 1046 1313 1419 1379; x_wconf 83' lang='lat' dir='ltr'><strong>Quamobrem</strong></span> <span class='ocrx_word' id='word_1_83' title='bbox 1458 1313 1585 1383; x_wconf 89' lang='lat' dir='ltr'><strong>jure</strong></span> <span class='ocrx_word' id='word_1_84' title='bbox 1630 1315 1820 1383; x_wconf 83' lang='lat' dir='ltr'><strong>sponsi</strong></span> <span class='ocrx_word' id='word_1_85' title='bbox 1849 1314 2015 1368; x_wconf 90' lang='lat' dir='ltr'><strong>mini-</strong></span> 
     </span>
    </p>
   </div>
   <div class='ocr_carea' id='block_1_14' title="bbox 423 1406 2012 1465">
    <p class='ocr_par' dir='ltr' id='par_1_14' title="bbox 423 1406 2012 1465">
     <span class='ocr_line' id='line_1_14' title="bbox 423 1406 2012 1465; baseline -0.003 -1"><span class='ocrx_word' id='word_1_86' title='bbox 423 1408 527 1465; x_wconf 82' lang='lat' dir='ltr'><strong>stri</strong></span> <span class='ocrx_word' id='word_1_87' title='bbox 561 1407 822 1463; x_wconf 80' lang='lat' dir='ltr'><strong>dixerunt</strong></span> <span class='ocrx_word' id='word_1_88' title='bbox 858 1427 873 1463; x_wconf 89' lang='lat'><strong>:</strong></span> <span class='ocrx_word' id='word_1_89' title='bbox 917 1426 936 1459; x_wconf 70' lang='grc' dir='ltr'><strong>ι</strong></span> <span class='ocrx_word' id='word_1_90' title='bbox 994 1407 1399 1463; x_wconf 87' lang='lat' dir='ltr'><strong>Similitudines</strong></span> <span class='ocrx_word' id='word_1_91' title='bbox 1434 1407 1555 1461; x_wconf 90' lang='lat' dir='ltr'><strong>auri</strong></span> <span class='ocrx_word' id='word_1_92' title='bbox 1607 1406 1874 1462; x_wconf 79' lang='lat' dir='ltr'><strong>faciemus</strong></span> <span class='ocrx_word' id='word_1_93' title='bbox 1915 1407 2012 1461; x_wconf 84' lang='lat' dir='ltr'><strong>tibi</strong></span> 
     </span>
    </p>
   </div>
   <div class='ocr_carea' id='block_1_15' title="bbox 422 1496 2013 1569">
    <p class='ocr_par' dir='ltr' id='par_1_15' title="bbox 422 1496 2013 1569">
     <span class='ocr_line' id='line_1_15' title="bbox 422 1496 2013 1569; baseline -0.003 -11"><span class='ocrx_word' id='word_1_94' title='bbox 422 1514 549 1559; x_wconf 74' lang='lat' dir='ltr'><strong>cum</strong></span> <span class='ocrx_word' id='word_1_95' title='bbox 597 1498 1054 1555; x_wconf 87' lang='lat' dir='ltr'><strong>distinctionibus</strong></span> <span class='ocrx_word' id='word_1_96' title='bbox 1100 1498 1343 1569; x_wconf 76' lang='lat' dir='ltr'><strong>argenti,</strong></span> <span class='ocrx_word' id='word_1_97' title='bbox 1376 1496 1556 1552; x_wconf 89' lang='lat' dir='ltr'><strong>donec</strong></span> <span class='ocrx_word' id='word_1_98' title='bbox 1585 1511 1680 1553; x_wconf 79' lang='lat' dir='ltr'><strong>rex</strong></span> <span class='ocrx_word' id='word_1_99' title='bbox 1714 1500 1788 1553; x_wconf 87' lang='lat' dir='ltr'><strong>sit</strong></span> <span class='ocrx_word' id='word_1_100' title='bbox 1819 1498 1877 1552; x_wconf 91' lang='lat' dir='ltr'><strong>in</strong></span> <span class='ocrx_word' id='word_1_101' title='bbox 1916 1512 2013 1553; x_wconf 84' lang='lat' dir='ltr'><strong>ac-</strong></span> 
     </span>
    </p>
   </div>
   <div class='ocr_carea' id='block_1_16' title="bbox 421 1587 2012 1659">
    <p class='ocr_par' dir='ltr' id='par_1_16' title="bbox 421 1587 2012 1659">
     <span class='ocr_line' id='line_1_16' title="bbox 421 1587 2012 1659; baseline 0 -15"><span class='ocrx_word' id='word_1_102' title='bbox 421 1589 613 1645; x_wconf 83' lang='lat' dir='ltr'><strong>cubitu</strong></span> <span class='ocrx_word' id='word_1_103' title='bbox 645 1603 769 1646; x_wconf 91' lang='lat' dir='ltr'><strong>suo.</strong></span> <span class='ocrx_word' id='word_1_104' title='bbox 810 1608 829 1641; x_wconf 76' lang='grc' dir='ltr'><strong>ι</strong></span> <span class='ocrx_word' id='word_1_105' title='bbox 865 1587 971 1644; x_wconf 90' lang='lat' dir='ltr'><strong>Per</strong></span> <span class='ocrx_word' id='word_1_106' title='bbox 999 1589 1214 1659; x_wconf 78' lang='lat' dir='ltr'><strong>argenti</strong></span> <span class='ocrx_word' id='word_1_107' title='bbox 1245 1588 1657 1653; x_wconf 86' lang='lat' dir='ltr'><strong>distinctiones,</strong></span> <span class='ocrx_word' id='word_1_108' title='bbox 1694 1596 1860 1658; x_wconf 85' lang='lat' dir='ltr'><strong>atque</strong></span> <span class='ocrx_word' id='word_1_109' title='bbox 1893 1589 2012 1644; x_wconf 84' lang='lat' dir='ltr'><strong>auri</strong></span> 
     </span>
    </p>
   </div>
   <div class='ocr_carea' id='block_1_17' title="bbox 422 1680 2011 1751">
    <p class='ocr_par' dir='ltr' id='par_1_17' title="bbox 422 1680 2011 1751">
     <span class='ocr_line' id='line_1_17' title="bbox 422 1680 2011 1751; baseline -0.001 -15"><span class='ocrx_word' id='word_1_110' title='bbox 422 1680 842 1748; x_wconf 87' lang='lat' dir='ltr'><strong>similitudines,</strong></span> <span class='ocrx_word' id='word_1_111' title='bbox 885 1681 1191 1751; x_wconf 73' lang='lat' dir='ltr'><strong>gratiarum</strong></span> <span class='ocrx_word' id='word_1_112' title='bbox 1229 1680 1569 1746; x_wconf 78' lang='lat' dir='ltr'><strong>varietatem,</strong></span> <span class='ocrx_word' id='word_1_113' title='bbox 1604 1689 1661 1736; x_wconf 92' lang='lat' dir='ltr'><strong>et</strong></span> <span class='ocrx_word' id='word_1_114' title='bbox 1692 1680 1788 1736; x_wconf 87' lang='lat' dir='ltr'><strong>Dei</strong></span> <span class='ocrx_word' id='word_1_115' title='bbox 1819 1695 2011 1751; x_wconf 85' lang='lat' dir='ltr'><strong>curam</strong></span> 
     </span>
    </p>
   </div>
   <div class='ocr_carea' id='block_1_18' title="bbox 420 1750 2015 1843">
    <p class='ocr_par' dir='ltr' id='par_1_18' title="bbox 420 1750 2015 1843">
     <span class='ocr_line' id='line_1_18' title="bbox 420 1750 2015 1843; baseline 0.001 -18"><span class='ocrx_word' id='word_1_116' title='bbox 420 1770 571 1837; x_wconf 77' lang='lat' dir='ltr'><strong>circa</strong></span> <span class='ocrx_word' id='word_1_117' title='bbox 613 1785 736 1835; x_wconf 88' lang='lat' dir='ltr'><strong>nos,</strong></span> <span class='ocrx_word' id='word_1_118' title='bbox 768 1785 834 1827; x_wconf 87' lang='lat' dir='ltr'><strong>ac</strong></span> <span class='ocrx_word' id='word_1_119' title='bbox 864 1750 1267 1843; x_wconf 80' lang='lat' dir='ltr'><strong>providentiam</strong></span> <span class='ocrx_word' id='word_1_120' title='bbox 1319 1770 1719 1840; x_wconf 74' lang='lat' dir='ltr'><strong>intelligamus.</strong></span> <span class='ocrx_word' id='word_1_121' title='bbox 1758 1750 2015 1826; x_wconf 69' lang='lat' dir='ltr'><strong>Fruimur</strong></span> 
     </span>
    </p>
   </div>
   <div class='ocr_carea' id='block_1_19' title="bbox 419 1862 2011 1936">
    <p class='ocr_par' dir='ltr' id='par_1_19' title="bbox 419 1862 2011 1936">
     <span class='ocr_line' id='line_1_19' title="bbox 419 1862 2011 1936; baseline -0.001 -18"><span class='ocrx_word' id='word_1_122' title='bbox 419 1862 566 1929; x_wconf 83' lang='lat' dir='ltr'><strong>enim</strong></span> <span class='ocrx_word' id='word_1_123' title='bbox 583 1870 639 1920; x_wconf 89' lang='lat' dir='ltr'><strong>et</strong></span> <span class='ocrx_word' id='word_1_124' title='bbox 651 1863 977 1936; x_wconf 79' lang='lat' dir='ltr'><strong>angelorum</strong></span> <span class='ocrx_word' id='word_1_125' title='bbox 1002 1862 1215 1918; x_wconf 77' lang='lat' dir='ltr'><strong>auxilio</strong></span> <span class='ocrx_word' id='word_1_126' title='bbox 1239 1882 1253 1918; x_wconf 87' lang='lat'><strong>:</strong></span> <span class='ocrx_word' id='word_1_127' title='bbox 1280 1882 1298 1914; x_wconf 79' lang='grc' dir='ltr'><strong>ι</strong></span> <span class='ocrx_word' id='word_1_128' title='bbox 1322 1863 1823 1920; x_wconf 84' lang='lat' dir='ltr'><strong>Castrametabitur</strong></span> <span class='ocrx_word' id='word_1_129' title='bbox 1842 1863 2011 1929; x_wconf 88' lang='lat' dir='ltr'><strong>enim,</strong></span> 
     </span>
    </p>
   </div>
   <div class='ocr_carea' id='block_1_20' title="bbox 421 1956 2009 2030">
    <p class='ocr_par' dir='ltr' id='par_1_20' title="bbox 421 1956 2009 2030">
     <span class='ocr_line' id='line_1_20' title="bbox 421 1956 2009 2030; baseline -0.003 -15"><span class='ocrx_word' id='word_1_130' title='bbox 421 1958 626 2030; x_wconf 81' lang='lat' dir='ltr'><strong>inquit,</strong></span> <span class='ocrx_word' id='word_1_131' title='bbox 652 1959 883 2030; x_wconf 81' lang='lat' dir='ltr'><strong>angelus</strong></span> <span class='ocrx_word' id='word_1_132' title='bbox 917 1956 1135 2014; x_wconf 88' lang='lat' dir='ltr'><strong>Domini</strong></span> <span class='ocrx_word' id='word_1_133' title='bbox 1159 1957 1216 2012; x_wconf 90' lang='lat' dir='ltr'><strong>iu</strong></span> <span class='ocrx_word' id='word_1_134' title='bbox 1243 1956 1482 2013; x_wconf 87' lang='lat' dir='ltr'><strong>circuitu</strong></span> <span class='ocrx_word' id='word_1_135' title='bbox 1510 1956 1827 2012; x_wconf 87' lang='lat' dir='ltr'><strong>timentium</strong></span> <span class='ocrx_word' id='word_1_136' title='bbox 1859 1972 2009 2020; x_wconf 92' lang='lat' dir='ltr'><strong>eum,</strong></span> 
     </span>
    </p>
   </div>
   <div class='ocr_carea' id='block_1_21' title="bbox 419 2046 2014 2121">
    <p class='ocr_par' dir='ltr' id='par_1_21' title="bbox 419 2046 2014 2121">
     <span class='ocr_line' id='line_1_21' title="bbox 419 2046 2014 2121; baseline -0.003 -15"><span class='ocrx_word' id='word_1_137' title='bbox 419 2057 476 2106; x_wconf 75' lang='lat' dir='ltr'><strong>et</strong></span> <span class='ocrx_word' id='word_1_138' title='bbox 502 2049 701 2120; x_wconf 84' lang='lat' dir='ltr'><strong>eripiet</strong></span> <span class='ocrx_word' id='word_1_139' title='bbox 724 2063 822 2106; x_wconf 84' lang='lat' dir='ltr'><strong>eos</strong></span> <span class='ocrx_word' id='word_1_140' title='bbox 851 2048 972 2115; x_wconf 71' lang='grc' dir='ltr'><strong>⁸-δς</strong></span> <span class='ocrx_word' id='word_1_141' title='bbox 1004 2066 1023 2100; x_wconf 83' lang='grc' dir='ltr'><strong>ι</strong></span> <span class='ocrx_word' id='word_1_142' title='bbox 1057 2054 1113 2104; x_wconf 89' lang='lat' dir='ltr'><strong>et</strong></span> <span class='ocrx_word' id='word_1_143' title='bbox 1142 2066 1157 2104; x_wconf 62' lang='grc' dir='ltr'><strong>ι</strong></span> <span class='ocrx_word' id='word_1_144' title='bbox 1194 2066 1214 2100; x_wconf 79' lang='grc' dir='ltr'><strong>ι</strong></span> <span class='ocrx_word' id='word_1_145' title='bbox 1245 2049 1468 2121; x_wconf 78' lang='lat' dir='ltr'><strong>Angelis</strong></span> <span class='ocrx_word' id='word_1_146' title='bbox 1496 2047 1610 2120; x_wconf 67' lang='grc'><strong>48</strong></span> <span class='ocrx_word' id='word_1_147' title='bbox 1634 2048 1751 2104; x_wconf 85' lang='lat' dir='ltr'><strong>suis</strong></span> <span class='ocrx_word' id='word_1_148' title='bbox 1782 2046 2014 2102; x_wconf 78' lang='lat' dir='ltr'><strong>manda-</strong></span> 
     </span>
    </p>
   </div>
   <div class='ocr_carea' id='block_1_22' title="bbox 420 2138 2007 2211">
    <p class='ocr_par' dir='ltr' id='par_1_22' title="bbox 420 2138 2007 2211">
     <span class='ocr_line' id='line_1_22' title="bbox 420 2138 2007 2211; baseline -0.001 -18"><span class='ocrx_word' id='word_1_149' title='bbox 420 2139 501 2194; x_wconf 87' lang='lat' dir='ltr'><strong>bit</strong></span> <span class='ocrx_word' id='word_1_150' title='bbox 528 2140 596 2196; x_wconf 91' lang='lat' dir='ltr'><strong>de</strong></span> <span class='ocrx_word' id='word_1_151' title='bbox 619 2152 691 2205; x_wconf 93' lang='lat' dir='ltr'><strong>te,</strong></span> <span class='ocrx_word' id='word_1_152' title='bbox 721 2150 782 2196; x_wconf 92' lang='lat' dir='ltr'><strong>ut</strong></span> <span class='ocrx_word' id='word_1_153' title='bbox 811 2138 1132 2199; x_wconf 88' lang='lat' dir='ltr'><strong>custodiant</strong></span> <span class='ocrx_word' id='word_1_154' title='bbox 1162 2148 1215 2197; x_wconf 88' lang='lat' dir='ltr'><strong>te</strong></span> <span class='ocrx_word' id='word_1_155' title='bbox 1258 2141 1315 2195; x_wconf 91' lang='lat' dir='ltr'><strong>in</strong></span> <span class='ocrx_word' id='word_1_156' title='bbox 1353 2140 1613 2197; x_wconf 90' lang='lat' dir='ltr'><strong>omnibus</strong></span> <span class='ocrx_word' id='word_1_157' title='bbox 1644 2140 1750 2211; x_wconf 84' lang='lat' dir='ltr'><strong>viis</strong></span> <span class='ocrx_word' id='word_1_158' title='bbox 1782 2139 1893 2194; x_wconf 88' lang='lat' dir='ltr'><strong>tuis</strong></span> <span class='ocrx_word' id='word_1_159' title='bbox 1928 2150 2007 2192; x_wconf 74' lang='grc' dir='ltr'><strong>ο.»</strong></span> 
     </span>
    </p>
   </div>
   <div class='ocr_carea' id='block_1_23' title="bbox 421 2228 2011 2301">
    <p class='ocr_par' dir='ltr' id='par_1_23' title="bbox 421 2228 2011 2301">
     <span class='ocr_line' id='line_1_23' title="bbox 421 2228 2011 2301; baseline -0.002 -15"><span class='ocrx_word' id='word_1_160' title='bbox 421 2228 569 2296; x_wconf 85' lang='lat' dir='ltr'><strong>Quin</strong></span> <span class='ocrx_word' id='word_1_161' title='bbox 602 2229 770 2286; x_wconf 89' lang='lat' dir='ltr'><strong>etiam</strong></span> <span class='ocrx_word' id='word_1_162' title='bbox 820 2231 911 2285; x_wconf 75' lang='lat' dir='ltr'><strong>lex</strong></span> <span class='ocrx_word' id='word_1_163' title='bbox 946 2231 1072 2301; x_wconf 90' lang='lat' dir='ltr'><strong>ipsa</strong></span> <span class='ocrx_word' id='word_1_164' title='bbox 1121 2231 1335 2301; x_wconf 83' lang='lat' dir='ltr'><strong>angelis</strong></span> <span class='ocrx_word' id='word_1_165' title='bbox 1384 2229 1834 2286; x_wconf 83' lang='lat' dir='ltr'><strong>ministrantibus</strong></span> <span class='ocrx_word' id='word_1_166' title='bbox 1881 2229 2011 2284; x_wconf 89' lang='lat' dir='ltr'><strong>data</strong></span> 
     </span>
    </p>
   </div>
   <div class='ocr_carea' id='block_1_24' title="bbox 420 2320 2014 2393">
    <p class='ocr_par' dir='ltr' id='par_1_24' title="bbox 420 2320 2014 2393">
     <span class='ocr_line' id='line_1_24' title="bbox 420 2320 2014 2393; baseline -0.003 -13"><span class='ocrx_word' id='word_1_167' title='bbox 420 2330 529 2380; x_wconf 83' lang='lat' dir='ltr'><strong>est.</strong></span> <span class='ocrx_word' id='word_1_168' title='bbox 563 2321 933 2388; x_wconf 86' lang='lat' dir='ltr'><strong>Quamobrem</strong></span> <span class='ocrx_word' id='word_1_169' title='bbox 965 2322 1270 2393; x_wconf 81' lang='lat' dir='ltr'><strong>Apostolus</strong></span> <span class='ocrx_word' id='word_1_170' title='bbox 1296 2322 1375 2377; x_wconf 86' lang='lat' dir='ltr'><strong>ait</strong></span> <span class='ocrx_word' id='word_1_171' title='bbox 1404 2339 1417 2376; x_wconf 88' lang='lat'><strong>:</strong></span> <span class='ocrx_word' id='word_1_172' title='bbox 1458 2342 1477 2374; x_wconf 78' lang='grc' dir='ltr'><strong>ι</strong></span> <span class='ocrx_word' id='word_1_173' title='bbox 1517 2322 1576 2377; x_wconf 88' lang='lat' dir='ltr'><strong>Si</strong></span> <span class='ocrx_word' id='word_1_174' title='bbox 1609 2321 1758 2377; x_wconf 89' lang='lat' dir='ltr'><strong>enim</strong></span> <span class='ocrx_word' id='word_1_175' title='bbox 1789 2320 1883 2391; x_wconf 93' lang='lat' dir='ltr'><strong>qui</strong></span> <span class='ocrx_word' id='word_1_176' title='bbox 1915 2335 2014 2392; x_wconf 88' lang='lat' dir='ltr'><strong>per</strong></span> 
     </span>
    </p>
   </div>
   <div class='ocr_carea' id='block_1_25' title="bbox 422 2411 2007 2485">
    <p class='ocr_par' dir='ltr' id='par_1_25' title="bbox 422 2411 2007 2485">
     <span class='ocr_line' id='line_1_25' title="bbox 422 2411 2007 2485; baseline -0.003 -15"><span class='ocrx_word' id='word_1_177' title='bbox 422 2414 649 2485; x_wconf 85' lang='lat' dir='ltr'><strong>angelos</strong></span> <span class='ocrx_word' id='word_1_178' title='bbox 697 2414 883 2470; x_wconf 89' lang='lat' dir='ltr'><strong>dictus</strong></span> <span class='ocrx_word' id='word_1_179' title='bbox 920 2422 1004 2470; x_wconf 89' lang='lat' dir='ltr'><strong>est</strong></span> <span class='ocrx_word' id='word_1_180' title='bbox 1035 2429 1242 2479; x_wconf 85' lang='lat' dir='ltr'><strong>sermo,</strong></span> <span class='ocrx_word' id='word_1_181' title='bbox 1279 2414 1460 2471; x_wconf 77' lang='lat' dir='ltr'><strong>factus</strong></span> <span class='ocrx_word' id='word_1_182' title='bbox 1507 2421 1597 2471; x_wconf 90' lang='lat' dir='ltr'><strong>est</strong></span> <span class='ocrx_word' id='word_1_183' title='bbox 1642 2413 1839 2469; x_wconf 79' lang='lat' dir='ltr'><strong>ﬁrmus</strong></span> <span class='ocrx_word' id='word_1_184' title='bbox 1883 2411 1935 2467; x_wconf 73' lang='grc' dir='ltr'><strong>ά.</strong></span> <span class='ocrx_word' id='word_1_185' title='bbox 1985 2430 2007 2466; x_wconf 82' lang='grc' dir='ltr'><strong>ι</strong></span> 
     </span>
    </p>
   </div>
   <div class='ocr_carea' id='block_1_26' title="bbox 420 2504 2010 2577">
    <p class='ocr_par' dir='ltr' id='par_1_26' title="bbox 420 2504 2010 2577">
     <span class='ocr_line' id='line_1_26' title="bbox 420 2504 2010 2577; baseline -0.001 -17"><span class='ocrx_word' id='word_1_186' title='bbox 420 2506 676 2575; x_wconf 86' lang='lat' dir='ltr'><strong>Quandiu</strong></span> <span class='ocrx_word' id='word_1_187' title='bbox 709 2506 879 2575; x_wconf 81' lang='lat' dir='ltr'><strong>igitur</strong></span> <span class='ocrx_word' id='word_1_188' title='bbox 912 2520 1006 2562; x_wconf 77' lang='lat' dir='ltr'><strong>rex</strong></span> <span class='ocrx_word' id='word_1_189' title='bbox 1030 2506 1313 2562; x_wconf 87' lang='lat' dir='ltr'><strong>accumbit</strong></span> <span class='ocrx_word' id='word_1_190' title='bbox 1347 2512 1407 2562; x_wconf 85' lang='lat' dir='ltr'><strong>et</strong></span> <span class='ocrx_word' id='word_1_191' title='bbox 1451 2504 1715 2577; x_wconf 82' lang='lat' dir='ltr'><strong>resurgit,</strong></span> <span class='ocrx_word' id='word_1_192' title='bbox 1750 2518 1875 2570; x_wconf 89' lang='lat' dir='ltr'><strong>nos,</strong></span> <span class='ocrx_word' id='word_1_193' title='bbox 1921 2504 2010 2559; x_wconf 86' lang='lat' dir='ltr'><strong>in-</strong></span> 
     </span>
    </p>
   </div>
   <div class='ocr_carea' id='block_1_27' title="bbox 418 2597 2009 2671">
    <p class='ocr_par' dir='ltr' id='par_1_27' title="bbox 418 2597 2009 2671">
     <span class='ocr_line' id='line_1_27' title="bbox 418 2597 2009 2671; baseline -0.003 -17"><span class='ocrx_word' id='word_1_194' title='bbox 418 2601 565 2671; x_wconf 74' lang='lat' dir='ltr'><strong>quit,</strong></span> <span class='ocrx_word' id='word_1_195' title='bbox 594 2612 716 2669; x_wconf 86' lang='lat' dir='ltr'><strong>quae</strong></span> <span class='ocrx_word' id='word_1_196' title='bbox 755 2612 1057 2669; x_wconf 83' lang='lat' dir='ltr'><strong>possumus</strong></span> <span class='ocrx_word' id='word_1_197' title='bbox 1086 2597 1403 2654; x_wconf 78' lang='lat' dir='ltr'><strong>aﬂ‘eremus.</strong></span> <span class='ocrx_word' id='word_1_198' title='bbox 1439 2597 1774 2654; x_wconf 80' lang='lat' dir='ltr'><strong>Accubitum</strong></span> <span class='ocrx_word' id='word_1_199' title='bbox 1825 2602 2009 2653; x_wconf 90' lang='lat' dir='ltr'><strong>autem</strong></span> 
     </span>
    </p>
   </div>
   <div class='ocr_carea' id='block_1_28' title="bbox 420 2688 2011 2760">
    <p class='ocr_par' dir='ltr' id='par_1_28' title="bbox 420 2688 2011 2760">
     <span class='ocr_line' id='line_1_28' title="bbox 420 2688 2011 2760; baseline -0.002 -15"><span class='ocrx_word' id='word_1_200' title='bbox 420 2700 653 2749; x_wconf 86' lang='lat' dir='ltr'><strong>mortem</strong></span> <span class='ocrx_word' id='word_1_201' title='bbox 686 2689 809 2759; x_wconf 86' lang='lat' dir='ltr'><strong>ejus</strong></span> <span class='ocrx_word' id='word_1_202' title='bbox 836 2689 1138 2760; x_wconf 85' lang='lat' dir='ltr'><strong>appellant.</strong></span> <span class='ocrx_word' id='word_1_203' title='bbox 1174 2688 1523 2759; x_wconf 85' lang='lat' dir='ltr'><strong>Quapropter</strong></span> <span class='ocrx_word' id='word_1_204' title='bbox 1548 2698 1604 2745; x_wconf 89' lang='lat' dir='ltr'><strong>et</strong></span> <span class='ocrx_word' id='word_1_205' title='bbox 1637 2688 1857 2743; x_wconf 89' lang='lat' dir='ltr'><strong>Balaam</strong></span> <span class='ocrx_word' id='word_1_206' title='bbox 1880 2701 2011 2758; x_wconf 81' lang='lat' dir='ltr'><strong>pro-</strong></span> 
     </span>
    </p>
   </div>
   <div class='ocr_carea' id='block_1_29' title="bbox 384 2780 2012 2856">
    <p class='ocr_par' dir='ltr' id='par_1_29' title="bbox 384 2780 2012 2856">
     <span class='ocr_line' id='line_1_29' title="bbox 384 2780 2012 2856; baseline -0.001 -19"><span class='ocrx_word' id='word_1_207' title='bbox 384 2781 389 2789; x_wconf 80' lang='lat'><strong>&#39;</strong></span> <span class='ocrx_word' id='word_1_208' title='bbox 420 2782 582 2856; x_wconf 84' lang='lat' dir='ltr'><strong>pheta</strong></span> <span class='ocrx_word' id='word_1_209' title='bbox 598 2781 674 2837; x_wconf 88' lang='lat' dir='ltr'><strong>ait</strong></span> <span class='ocrx_word' id='word_1_210' title='bbox 695 2800 709 2837; x_wconf 89' lang='lat'><strong>:</strong></span> <span class='ocrx_word' id='word_1_211' title='bbox 735 2780 1094 2851; x_wconf 66' lang='lat' dir='ltr'><strong>digredietur</strong></span> <span class='ocrx_word' id='word_1_212' title='bbox 1113 2781 1277 2836; x_wconf 88' lang='lat' dir='ltr'><strong>homo</strong></span> <span class='ocrx_word' id='word_1_213' title='bbox 1295 2797 1360 2836; x_wconf 82' lang='lat' dir='ltr'><strong>ex</strong></span> <span class='ocrx_word' id='word_1_214' title='bbox 1376 2781 1590 2837; x_wconf 88' lang='lat' dir='ltr'><strong>semine</strong></span> <span class='ocrx_word' id='word_1_215' title='bbox 1609 2780 1753 2851; x_wconf 91' lang='lat' dir='ltr'><strong>ejus,</strong></span> <span class='ocrx_word' id='word_1_216' title='bbox 1772 2781 2012 2838; x_wconf 86' lang='lat' dir='ltr'><strong>etdomi-</strong></span> 
     </span>
    </p>
   </div>
   <div class='ocr_carea' id='block_1_30' title="bbox 2117 484 3709 561">
    <p class='ocr_par' dir='ltr' id='par_1_30' title="bbox 2117 484 3709 561">
     <span class='ocr_line' id='line_1_30' title="bbox 2117 484 3709 561; baseline -0.001 -19"><span class='ocrx_word' id='word_1_217' title='bbox 2117 490 2208 543; x_wconf 72' lang='grc' dir='ltr'><strong>τὸν</strong></span> <span class='ocrx_word' id='word_1_218' title='bbox 2239 491 2345 560; x_wconf 72' lang='grc' dir='ltr'><strong>πρὸ</strong></span> <span class='ocrx_word' id='word_1_219' title='bbox 2372 491 2470 561; x_wconf 83' lang='grc' dir='ltr'><strong>τῆς</strong></span> <span class='ocrx_word' id='word_1_220' title='bbox 2504 488 2854 550; x_wconf 79' lang='grc' dir='ltr'><strong>ἀναστάσεως</strong></span> <span class='ocrx_word' id='word_1_221' title='bbox 2883 484 2978 541; x_wconf 81' lang='grc' dir='ltr'><strong>τοῦ</strong></span> <span class='ocrx_word' id='word_1_222' title='bbox 3013 485 3276 557; x_wconf 78' lang='grc' dir='ltr'><strong>βασιλέως</strong></span> <span class='ocrx_word' id='word_1_223' title='bbox 3316 488 3507 558; x_wconf 85' lang='grc' dir='ltr'><strong>καιρὸν</strong></span> <span class='ocrx_word' id='word_1_224' title='bbox 3547 491 3709 560; x_wconf 70' lang='grc' dir='ltr'><strong>ἡμεῖς</strong></span> 
     </span>
    </p>
   </div>
   <div class='ocr_carea' id='block_1_31' title="bbox 2120 579 3708 652">
    <p class='ocr_par' dir='ltr' id='par_1_31' title="bbox 2120 579 3708 652">
     <span class='ocr_line' id='line_1_31' title="bbox 2120 579 3708 652; baseline 0 -19"><span class='ocrx_word' id='word_1_225' title='bbox 2120 582 2204 636; x_wconf 78' lang='grc' dir='ltr'><strong>σοὶ</strong></span> <span class='ocrx_word' id='word_1_226' title='bbox 2247 581 2605 652; x_wconf 82' lang='grc' dir='ltr'><strong>συνεσόμεθα,</strong></span> <span class='ocrx_word' id='word_1_227' title='bbox 2635 581 2726 634; x_wconf 76' lang='grc' dir='ltr'><strong>καὶ</strong></span> <span class='ocrx_word' id='word_1_228' title='bbox 2766 579 3208 650; x_wconf 82' lang='grc' dir='ltr'><strong>διακοσμήσομέν</strong></span> <span class='ocrx_word' id='word_1_229' title='bbox 3252 596 3312 632; x_wconf 89' lang='grc' dir='ltr'><strong>σε</strong></span> <span class='ocrx_word' id='word_1_230' title='bbox 3362 579 3442 651; x_wconf 83' lang='grc' dir='ltr'><strong>τῷ</strong></span> <span class='ocrx_word' id='word_1_231' title='bbox 3491 581 3708 652; x_wconf 78' lang='grc' dir='ltr'>δυνατῷ</span> 
     </span>
    </p>
   </div>
   <div class='ocr_carea' id='block_1_32' title="bbox 2120 670 3710 744">
    <p class='ocr_par' dir='ltr' id='par_1_32' title="bbox 2120 670 3710 744">
     <span class='ocr_line' id='line_1_32' title="bbox 2120 670 3710 744; baseline 0.001 -17"><span class='ocrx_word' id='word_1_232' title='bbox 2120 674 2335 744; x_wconf 83' lang='grc' dir='ltr'><strong>κόσμῳ·</strong></span> <span class='ocrx_word' id='word_1_233' title='bbox 2367 674 2459 726; x_wconf 77' lang='grc' dir='ltr'><strong>καὶ</strong></span> <span class='ocrx_word' id='word_1_234' title='bbox 2506 672 2567 725; x_wconf 86' lang='grc' dir='ltr'><strong>ού</strong></span> <span class='ocrx_word' id='word_1_235' title='bbox 2614 670 3014 741; x_wconf 74' lang='grc' dir='ltr'><strong>καταλείψομέν</strong></span> <span class='ocrx_word' id='word_1_236' title='bbox 3047 687 3107 722; x_wconf 90' lang='grc' dir='ltr'><strong>σε</strong></span> <span class='ocrx_word' id='word_1_237' title='bbox 3155 670 3261 734; x_wconf 73' lang='grc' dir='ltr'><strong>ἕως</strong></span> <span class='ocrx_word' id='word_1_238' title='bbox 3309 671 3541 744; x_wconf 77' lang='grc' dir='ltr'><strong>ἀναστῇ,</strong></span> <span class='ocrx_word' id='word_1_239' title='bbox 3572 672 3710 728; x_wconf 78' lang='grc' dir='ltr'><strong>ἀλλά</strong></span> 
     </span>
    </p>
   </div>
   <div class='ocr_carea' id='block_1_33' title="bbox 2118 765 3711 838">
    <p class='ocr_par' dir='ltr' id='par_1_33' title="bbox 2118 765 3711 838">
     <span class='ocr_line' id='line_1_33' title="bbox 2118 765 3711 838; baseline -0.001 -18"><span class='ocrx_word' id='word_1_240' title='bbox 2118 767 2479 838; x_wconf 84' lang='grc' dir='ltr'><strong>προσοίσομέν</strong></span> <span class='ocrx_word' id='word_1_241' title='bbox 2514 784 2595 819; x_wconf 92' lang='grc' dir='ltr'><strong>σοι</strong></span> <span class='ocrx_word' id='word_1_242' title='bbox 2633 765 2955 837; x_wconf 83' lang='grc' dir='ltr'><strong>ὁμοιώματα</strong></span> <span class='ocrx_word' id='word_1_243' title='bbox 2988 765 3235 836; x_wconf 79' lang='grc' dir='ltr'><strong>χρυσίου,</strong></span> <span class='ocrx_word' id='word_1_244' title='bbox 3286 765 3382 819; x_wconf 75' lang='grc' dir='ltr'><strong>καὶ</strong></span> <span class='ocrx_word' id='word_1_245' title='bbox 3433 767 3711 834; x_wconf 76' lang='grc' dir='ltr'><strong>στίγματα</strong></span> 
     </span>
    </p>
   </div>
   <div class='ocr_carea' id='block_1_34' title="bbox 2114 853 3710 928">
    <p class='ocr_par' dir='ltr' id='par_1_34' title="bbox 2114 853 3710 928">
     <span class='ocr_line' id='line_1_34' title="bbox 2114 853 3710 928; baseline -0.001 -19"><span class='ocrx_word' id='word_1_246' title='bbox 2114 857 2403 928; x_wconf 73' lang='grc' dir='ltr'><strong>ἀργυρίου.</strong></span> <span class='ocrx_word' id='word_1_247' title='bbox 2442 856 2777 919; x_wconf 76' lang='grc' dir='ltr'><strong>’Ᾱκολούθως</strong></span> <span class='ocrx_word' id='word_1_248' title='bbox 2831 854 2890 909; x_wconf 82' lang='grc' dir='ltr'><strong>δὲ</strong></span> <span class='ocrx_word' id='word_1_249' title='bbox 2940 854 3150 924; x_wconf 76' lang='grc' dir='ltr'><strong>ἔφασαν</strong></span> <span class='ocrx_word' id='word_1_250' title='bbox 3203 853 3529 926; x_wconf 75' lang='grc' dir='ltr'><strong>ὁμοιώματα</strong></span> <span class='ocrx_word' id='word_1_251' title='bbox 3576 872 3710 925; x_wconf 84' lang='grc' dir='ltr'><strong>χρυ-</strong></span> 
     </span>
    </p>
   </div>
   <div class='ocr_carea' id='block_1_35' title="bbox 2119 946 3710 1017">
    <p class='ocr_par' dir='ltr' id='par_1_35' title="bbox 2119 946 3710 1017">
     <span class='ocr_line' id='line_1_35' title="bbox 2119 946 3710 1017; baseline -0.001 -16"><span class='ocrx_word' id='word_1_252' title='bbox 2119 949 2255 1010; x_wconf 86' lang='grc' dir='ltr'><strong>σίου,</strong></span> <span class='ocrx_word' id='word_1_253' title='bbox 2290 950 2386 1003; x_wconf 75' lang='grc' dir='ltr'><strong>καὶ</strong></span> <span class='ocrx_word' id='word_1_254' title='bbox 2428 949 2528 1002; x_wconf 85' lang='grc' dir='ltr'><strong>ούκ</strong></span> <span class='ocrx_word' id='word_1_255' title='bbox 2578 947 2742 1002; x_wconf 81' lang='grc' dir='ltr'><strong>αὐτὸν</strong></span> <span class='ocrx_word' id='word_1_256' title='bbox 2788 947 2881 1000; x_wconf 84' lang='grc' dir='ltr'><strong>τὸν</strong></span> <span class='ocrx_word' id='word_1_257' title='bbox 2932 947 3129 1017; x_wconf 74' lang='grc' dir='ltr'><strong>χρυσόν</strong></span> <span class='ocrx_word' id='word_1_258' title='bbox 3162 947 3217 979; x_wconf 72' lang='grc' dir='ltr'><strong>⁸ο</strong></span> <span class='ocrx_word' id='word_1_259' title='bbox 3246 946 3433 1017; x_wconf 80' lang='grc' dir='ltr'><strong>ἐπειδὴ</strong></span> <span class='ocrx_word' id='word_1_260' title='bbox 3485 947 3710 1017; x_wconf 78' lang='grc' dir='ltr'><strong>μείζονα</strong></span> 
     </span>
    </p>
   </div>
   <div class='ocr_carea' id='block_1_36' title="bbox 2116 1038 3707 1112">
    <p class='ocr_par' dir='ltr' id='par_1_36' title="bbox 2116 1038 3707 1112">
     <span class='ocr_line' id='line_1_36' title="bbox 2116 1038 3707 1112; baseline -0.002 -17"><span class='ocrx_word' id='word_1_261' title='bbox 2116 1041 2212 1095; x_wconf 80' lang='grc' dir='ltr'><strong>τοῦ</strong></span> <span class='ocrx_word' id='word_1_262' title='bbox 2238 1040 2472 1112; x_wconf 76' lang='grc' dir='ltr'><strong>νυμφίου</strong></span> <span class='ocrx_word' id='word_1_263' title='bbox 2502 1040 2571 1094; x_wconf 86' lang='grc' dir='ltr'><strong>τά</strong></span> <span class='ocrx_word' id='word_1_264' title='bbox 2595 1039 2771 1110; x_wconf 88' lang='grc' dir='ltr'><strong>δῶρα·</strong></span> <span class='ocrx_word' id='word_1_265' title='bbox 2803 1038 2875 1093; x_wconf 84' lang='grc' dir='ltr'><strong>τὰ</strong></span> <span class='ocrx_word' id='word_1_266' title='bbox 2900 1039 2959 1093; x_wconf 80' lang='grc' dir='ltr'><strong>δὲ</strong></span> <span class='ocrx_word' id='word_1_267' title='bbox 2990 1039 3099 1093; x_wconf 87' lang='grc' dir='ltr'><strong>τῶν</strong></span> <span class='ocrx_word' id='word_1_268' title='bbox 3125 1040 3332 1094; x_wconf 87' lang='grc' dir='ltr'><strong>ἐκείνου</strong></span> <span class='ocrx_word' id='word_1_269' title='bbox 3359 1040 3622 1093; x_wconf 77' lang='grc' dir='ltr'><strong>διακόνων</strong></span> <span class='ocrx_word' id='word_1_270' title='bbox 3644 1040 3707 1092; x_wconf 84' lang='grc' dir='ltr'><strong>οὐ</strong></span> 
     </span>
    </p>
   </div>
   <div class='ocr_carea' id='block_1_37' title="bbox 2114 1128 3709 1202">
    <p class='ocr_par' dir='ltr' id='par_1_37' title="bbox 2114 1128 3709 1202">
     <span class='ocr_line' id='line_1_37' title="bbox 2114 1128 3709 1202; baseline -0.001 -18"><span class='ocrx_word' id='word_1_271' title='bbox 2114 1130 2214 1202; x_wconf 79' lang='grc' dir='ltr'><strong>τὴν</strong></span> <span class='ocrx_word' id='word_1_272' title='bbox 2274 1133 2397 1201; x_wconf 81' lang='grc' dir='ltr'><strong>ἴσην</strong></span> <span class='ocrx_word' id='word_1_273' title='bbox 2441 1130 2554 1202; x_wconf 81' lang='grc' dir='ltr'><strong>ἔχει</strong></span> <span class='ocrx_word' id='word_1_274' title='bbox 2598 1129 2777 1195; x_wconf 78' lang='grc' dir='ltr'><strong>δόξαν.</strong></span> <span class='ocrx_word' id='word_1_275' title='bbox 2836 1129 2928 1183; x_wconf 75' lang='grc' dir='ltr'><strong>Διὸ</strong></span> <span class='ocrx_word' id='word_1_276' title='bbox 2974 1132 3087 1193; x_wconf 85' lang='grc' dir='ltr'><strong>τοῖς</strong></span> <span class='ocrx_word' id='word_1_277' title='bbox 3142 1130 3307 1193; x_wconf 81' lang='grc' dir='ltr'><strong>θείοις</strong></span> <span class='ocrx_word' id='word_1_278' title='bbox 3353 1128 3709 1197; x_wconf 75' lang='grc' dir='ltr'><strong>Εὑαγγελίοις</strong></span> 
     </span>
    </p>
   </div>
   <div class='ocr_carea' id='block_1_38' title="bbox 2115 1222 3707 1296">
    <p class='ocr_par' dir='ltr' id='par_1_38' title="bbox 2115 1222 3707 1296">
     <span class='ocr_line' id='line_1_38' title="bbox 2115 1222 3707 1296; baseline -0.003 -19"><span class='ocrx_word' id='word_1_279' title='bbox 2115 1226 2340 1279; x_wconf 87' lang='grc' dir='ltr'><strong>πλείονα</strong></span> <span class='ocrx_word' id='word_1_280' title='bbox 2375 1224 2762 1296; x_wconf 80' lang='grc' dir='ltr'><strong>προσφέρομεν</strong></span> <span class='ocrx_word' id='word_1_281' title='bbox 2806 1223 2905 1296; x_wconf 78' lang='grc' dir='ltr'><strong>τὴν</strong></span> <span class='ocrx_word' id='word_1_282' title='bbox 2958 1223 3159 1295; x_wconf 77' lang='grc' dir='ltr'><strong>τιμήνο</strong></span> <span class='ocrx_word' id='word_1_283' title='bbox 3211 1222 3462 1293; x_wconf 84' lang='grc' dir='ltr'><strong>τιμῶμεν</strong></span> <span class='ocrx_word' id='word_1_284' title='bbox 3503 1222 3561 1275; x_wconf 89' lang='grc' dir='ltr'><strong>δὲ</strong></span> <span class='ocrx_word' id='word_1_285' title='bbox 3609 1222 3707 1276; x_wconf 79' lang='grc' dir='ltr'><strong>καὶ</strong></span> 
     </span>
    </p>
   </div>
   <div class='ocr_carea' id='block_1_39' title="bbox 2115 1313 3711 1388">
    <p class='ocr_par' dir='ltr' id='par_1_39' title="bbox 2115 1313 3711 1388">
     <span class='ocr_line' id='line_1_39' title="bbox 2115 1313 3711 1388; baseline -0.003 -18"><span class='ocrx_word' id='word_1_286' title='bbox 2115 1317 2301 1388; x_wconf 86' lang='grc' dir='ltr'><strong>νόμον.</strong></span> <span class='ocrx_word' id='word_1_287' title='bbox 2334 1317 2579 1379; x_wconf 75' lang='grc' dir='ltr'><strong>καὶτοὺς</strong></span> <span class='ocrx_word' id='word_1_288' title='bbox 2618 1315 2929 1386; x_wconf 78' lang='grc' dir='ltr'><strong>προφήτας,</strong></span> <span class='ocrx_word' id='word_1_289' title='bbox 2964 1314 3061 1366; x_wconf 78' lang='grc' dir='ltr'><strong>καὶ</strong></span> <span class='ocrx_word' id='word_1_290' title='bbox 3096 1313 3170 1367; x_wconf 89' lang='grc' dir='ltr'><strong>τά</strong></span> <span class='ocrx_word' id='word_1_291' title='bbox 3216 1313 3324 1368; x_wconf 91' lang='grc' dir='ltr'><strong>τῶν</strong></span> <span class='ocrx_word' id='word_1_292' title='bbox 3367 1314 3540 1382; x_wconf 86' lang='grc' dir='ltr'><strong>ἀγίων</strong></span> <span class='ocrx_word' id='word_1_293' title='bbox 3569 1315 3711 1367; x_wconf 87' lang='grc' dir='ltr'><strong>ἀπο-</strong></span> 
     </span>
    </p>
   </div>
   <div class='ocr_carea' id='block_1_40' title="bbox 2117 1404 3706 1479">
    <p class='ocr_par' dir='ltr' id='par_1_40' title="bbox 2117 1404 3706 1479">
     <span class='ocr_line' id='line_1_40' title="bbox 2117 1404 3706 1479; baseline -0.004 -16"><span class='ocrx_word' id='word_1_294' title='bbox 2117 1410 2321 1464; x_wconf 81' lang='grc' dir='ltr'><strong>στόλων</strong></span> <span class='ocrx_word' id='word_1_295' title='bbox 2350 1409 2782 1479; x_wconf 83' lang='grc' dir='ltr'><strong>συγγρὰμματα.</strong></span> <span class='ocrx_word' id='word_1_296' title='bbox 2815 1405 3058 1470; x_wconf 79' lang='grc' dir='ltr'><strong>Εἰκότως</strong></span> <span class='ocrx_word' id='word_1_297' title='bbox 3085 1405 3267 1460; x_wconf 80' lang='grc' dir='ltr'><strong>τοίνυν</strong></span> <span class='ocrx_word' id='word_1_298' title='bbox 3301 1405 3508 1475; x_wconf 77' lang='grc' dir='ltr'><strong>ἔφασαν</strong></span> <span class='ocrx_word' id='word_1_299' title='bbox 3534 1407 3585 1459; x_wconf 86' lang='grc' dir='ltr'><strong>οί</strong></span> <span class='ocrx_word' id='word_1_300' title='bbox 3611 1404 3706 1459; x_wconf 81' lang='grc' dir='ltr'><strong>τοῦ</strong></span> 
     </span>
    </p>
   </div>
   <div class='ocr_carea' id='block_1_41' title="bbox 2114 1496 3707 1570">
    <p class='ocr_par' dir='ltr' id='par_1_41' title="bbox 2114 1496 3707 1570">
     <span class='ocr_line' id='line_1_41' title="bbox 2114 1496 3707 1570; baseline -0.001 -19"><span class='ocrx_word' id='word_1_301' title='bbox 2114 1499 2346 1570; x_wconf 85' lang='grc' dir='ltr'><strong>νυμφίου</strong></span> <span class='ocrx_word' id='word_1_302' title='bbox 2377 1499 2652 1553; x_wconf 85' lang='grc' dir='ltr'><strong>διάκονοι·</strong></span> <span class='ocrx_word' id='word_1_303' title='bbox 2688 1519 2704 1549; x_wconf 88' lang='grc' dir='ltr'><strong>ι</strong></span> <span class='ocrx_word' id='word_1_304' title='bbox 2743 1497 3099 1569; x_wconf 83' lang='grc' dir='ltr'><strong>Ὀμοιώματα</strong></span> <span class='ocrx_word' id='word_1_305' title='bbox 3133 1497 3226 1552; x_wconf 77' lang='grc' dir='ltr'><strong>τοῦ</strong></span> <span class='ocrx_word' id='word_1_306' title='bbox 3271 1496 3499 1569; x_wconf 85' lang='grc' dir='ltr'><strong>χρυσίου</strong></span> <span class='ocrx_word' id='word_1_307' title='bbox 3544 1498 3707 1567; x_wconf 74' lang='grc' dir='ltr'><strong>ποιή-</strong></span> 
     </span>
    </p>
   </div>
   <div class='ocr_carea' id='block_1_42' title="bbox 2116 1583 3710 1663">
    <p class='ocr_par' dir='ltr' id='par_1_42' title="bbox 2116 1583 3710 1663">
     <span class='ocr_line' id='line_1_42' title="bbox 2116 1583 3710 1663; baseline -0.002 -17"><span class='ocrx_word' id='word_1_308' title='bbox 2116 1592 2283 1663; x_wconf 86' lang='grc' dir='ltr'><strong>σομέν</strong></span> <span class='ocrx_word' id='word_1_309' title='bbox 2309 1609 2391 1645; x_wconf 90' lang='grc' dir='ltr'><strong>σοι</strong></span> <span class='ocrx_word' id='word_1_310' title='bbox 2419 1595 2439 1625; x_wconf 75' lang='grc'>⁸</span> <span class='ocrx_word' id='word_1_311' title='bbox 2472 1592 2609 1663; x_wconf 86' lang='grc' dir='ltr'><strong>μετὰ</strong></span> <span class='ocrx_word' id='word_1_312' title='bbox 2651 1590 2965 1660; x_wconf 84' lang='grc' dir='ltr'><strong>στιγμάτων</strong></span> <span class='ocrx_word' id='word_1_313' title='bbox 3006 1588 3100 1644; x_wconf 79' lang='grc' dir='ltr'><strong>τοῦ</strong></span> <span class='ocrx_word' id='word_1_314' title='bbox 3140 1589 3430 1662; x_wconf 83' lang='grc' dir='ltr'><strong>ἀργυρίου,</strong></span> <span class='ocrx_word' id='word_1_315' title='bbox 3459 1589 3564 1653; x_wconf 73' lang='grc' dir='ltr'><strong>ἕως</strong></span> <span class='ocrx_word' id='word_1_316' title='bbox 3587 1583 3650 1644; x_wconf 79' lang='grc' dir='ltr'><strong>οὖ</strong></span> <span class='ocrx_word' id='word_1_317' title='bbox 3678 1590 3710 1643; x_wconf 84' lang='grc'>6</span> 
     </span>
    </p>
   </div>
   <div class='ocr_carea' id='block_1_43' title="bbox 2118 1680 3709 1755">
    <p class='ocr_par' dir='ltr' id='par_1_43' title="bbox 2118 1680 3709 1755">
     <span class='ocr_line' id='line_1_43' title="bbox 2118 1680 3709 1755; baseline -0.001 -18"><span class='ocrx_word' id='word_1_318' title='bbox 2118 1682 2371 1755; x_wconf 82' lang='grc' dir='ltr'><strong>βασιλεὺς</strong></span> <span class='ocrx_word' id='word_1_319' title='bbox 2416 1685 2474 1736; x_wconf 89' lang='grc' dir='ltr'><strong>ἐν</strong></span> <span class='ocrx_word' id='word_1_320' title='bbox 2518 1681 2800 1738; x_wconf 82' lang='grc' dir='ltr'><strong>ἀνακλίσει</strong></span> <span class='ocrx_word' id='word_1_321' title='bbox 2833 1680 3021 1735; x_wconf 83' lang='grc' dir='ltr'><strong>αὐτοῦ.</strong></span> <span class='ocrx_word' id='word_1_322' title='bbox 3058 1700 3077 1733; x_wconf 79' lang='grc' dir='ltr'><strong>ι</strong></span> <span class='ocrx_word' id='word_1_323' title='bbox 3104 1681 3390 1752; x_wconf 77' lang='grc' dir='ltr'><strong>Στίγματὶι</strong></span> <span class='ocrx_word' id='word_1_324' title='bbox 3433 1680 3489 1734; x_wconf 85' lang='grc' dir='ltr'><strong>δὲ</strong></span> <span class='ocrx_word' id='word_1_325' title='bbox 3534 1680 3709 1752; x_wconf 82' lang='grc' dir='ltr'><strong>ἀργυ-</strong></span> 
     </span>
    </p>
   </div>
   <div class='ocr_carea' id='block_1_44' title="bbox 2118 1773 3708 1848">
    <p class='ocr_par' dir='ltr' id='par_1_44' title="bbox 2118 1773 3708 1848">
     <span class='ocr_line' id='line_1_44' title="bbox 2118 1773 3708 1848; baseline -0.003 -18"><span class='ocrx_word' id='word_1_326' title='bbox 2118 1776 2235 1848; x_wconf 89' lang='grc' dir='ltr'><strong>ρίου</strong></span> <span class='ocrx_word' id='word_1_327' title='bbox 2264 1777 2359 1829; x_wconf 79' lang='grc' dir='ltr'><strong>καὶ</strong></span> <span class='ocrx_word' id='word_1_328' title='bbox 2399 1774 2722 1847; x_wconf 85' lang='grc' dir='ltr'><strong>ὁμοιώματα</strong></span> <span class='ocrx_word' id='word_1_329' title='bbox 2760 1775 2987 1846; x_wconf 86' lang='grc' dir='ltr'><strong>χρυσίου</strong></span> <span class='ocrx_word' id='word_1_330' title='bbox 3025 1774 3087 1827; x_wconf 79' lang='grc' dir='ltr'><strong>τὸ</strong></span> <span class='ocrx_word' id='word_1_331' title='bbox 3124 1773 3372 1828; x_wconf 82' lang='grc' dir='ltr'><strong>ποικίλον</strong></span> <span class='ocrx_word' id='word_1_332' title='bbox 3401 1773 3509 1827; x_wconf 87' lang='grc' dir='ltr'><strong>τῶν</strong></span> <span class='ocrx_word' id='word_1_333' title='bbox 3546 1791 3708 1844; x_wconf 90' lang='grc' dir='ltr'><strong>χαρι-</strong></span> 
     </span>
    </p>
   </div>
   <div class='ocr_carea' id='block_1_45' title="bbox 2116 1863 3706 1939">
    <p class='ocr_par' dir='ltr' id='par_1_45' title="bbox 2116 1863 3706 1939">
     <span class='ocr_line' id='line_1_45' title="bbox 2116 1863 3706 1939; baseline -0.003 -18"><span class='ocrx_word' id='word_1_334' title='bbox 2116 1869 2340 1939; x_wconf 88' lang='grc' dir='ltr'><strong>σμάτων</strong></span> <span class='ocrx_word' id='word_1_335' title='bbox 2371 1868 2676 1938; x_wconf 79' lang='grc' dir='ltr'><strong>νοήσωμεν,</strong></span> <span class='ocrx_word' id='word_1_336' title='bbox 2699 1867 2794 1920; x_wconf 78' lang='grc' dir='ltr'><strong>καὶ</strong></span> <span class='ocrx_word' id='word_1_337' title='bbox 2821 1866 2920 1937; x_wconf 87' lang='grc' dir='ltr'><strong>τῆς</strong></span> <span class='ocrx_word' id='word_1_338' title='bbox 2965 1865 3094 1937; x_wconf 78' lang='grc' dir='ltr'><strong>περὶ</strong></span> <span class='ocrx_word' id='word_1_339' title='bbox 3119 1866 3266 1937; x_wconf 83' lang='grc' dir='ltr'><strong>ἡμᾶς</strong></span> <span class='ocrx_word' id='word_1_340' title='bbox 3310 1864 3416 1920; x_wconf 78' lang='grc' dir='ltr'><strong>ὑπὸ</strong></span> <span class='ocrx_word' id='word_1_341' title='bbox 3445 1864 3540 1918; x_wconf 80' lang='grc' dir='ltr'><strong>τοῦ</strong></span> <span class='ocrx_word' id='word_1_342' title='bbox 3568 1863 3706 1919; x_wconf 76' lang='grc' dir='ltr'><strong>Θεοῦ</strong></span> 
     </span>
    </p>
   </div>
   <div class='ocr_carea' id='block_1_46' title="bbox 2114 1957 3708 2030">
    <p class='ocr_par' dir='ltr' id='par_1_46' title="bbox 2114 1957 3708 2030">
     <span class='ocr_line' id='line_1_46' title="bbox 2114 1957 3708 2030; baseline -0.001 -17"><span class='ocrx_word' id='word_1_343' title='bbox 2114 1958 2407 2029; x_wconf 81' lang='grc' dir='ltr'><strong>γινομένης</strong></span> <span class='ocrx_word' id='word_1_344' title='bbox 2432 1958 2711 2030; x_wconf 86' lang='grc' dir='ltr'><strong>προνοίας.</strong></span> <span class='ocrx_word' id='word_1_345' title='bbox 2754 1958 3125 2028; x_wconf 80' lang='grc' dir='ltr'><strong>Ἀπολαύομεν</strong></span> <span class='ocrx_word' id='word_1_346' title='bbox 3161 1957 3271 2030; x_wconf 90' lang='grc' dir='ltr'><strong>γάρ</strong></span> <span class='ocrx_word' id='word_1_347' title='bbox 3305 1959 3400 2012; x_wconf 82' lang='grc' dir='ltr'><strong>καὶ</strong></span> <span class='ocrx_word' id='word_1_348' title='bbox 3435 1959 3536 2029; x_wconf 77' lang='grc' dir='ltr'><strong>τῆς</strong></span> <span class='ocrx_word' id='word_1_349' title='bbox 3572 1957 3708 2028; x_wconf 78' lang='grc' dir='ltr'><strong>παρ’</strong></span> 
     </span>
    </p>
   </div>
   <div class='ocr_carea' id='block_1_47' title="bbox 2112 2048 3709 2122">
    <p class='ocr_par' dir='ltr' id='par_1_47' title="bbox 2112 2048 3709 2122">
     <span class='ocr_line' id='line_1_47' title="bbox 2112 2048 3709 2122; baseline -0.003 -16"><span class='ocrx_word' id='word_1_350' title='bbox 2112 2052 2364 2121; x_wconf 86' lang='grc' dir='ltr'><strong>ἀγγέλων</strong></span> <span class='ocrx_word' id='word_1_351' title='bbox 2396 2050 2684 2122; x_wconf 56' lang='grc' dir='ltr'><strong>βοηθείας</strong></span> <span class='ocrx_word' id='word_1_352' title='bbox 2717 2069 2736 2102; x_wconf 78' lang='grc' dir='ltr'><strong>ι</strong></span> <span class='ocrx_word' id='word_1_353' title='bbox 2778 2050 3131 2122; x_wconf 83' lang='grc' dir='ltr'><strong>Παρεμϐαλεί</strong></span> <span class='ocrx_word' id='word_1_354' title='bbox 3167 2049 3277 2120; x_wconf 90' lang='grc' dir='ltr'><strong>γάρ</strong></span> <span class='ocrx_word' id='word_1_355' title='bbox 3320 2048 3552 2118; x_wconf 76' lang='grc' dir='ltr'><strong>ἀγγελος</strong></span> <span class='ocrx_word' id='word_1_356' title='bbox 3592 2050 3709 2102; x_wconf 81' lang='grc' dir='ltr'><strong>Κυ-</strong></span> 
     </span>
    </p>
   </div>
   <div class='ocr_carea' id='block_1_48' title="bbox 2116 2140 3705 2214">
    <p class='ocr_par' dir='ltr' id='par_1_48' title="bbox 2116 2140 3705 2214">
     <span class='ocr_line' id='line_1_48' title="bbox 2116 2140 3705 2214; baseline -0.001 -18"><span class='ocrx_word' id='word_1_357' title='bbox 2116 2143 2233 2214; x_wconf 84' lang='grc' dir='ltr'><strong>ρίου</strong></span> <span class='ocrx_word' id='word_1_358' title='bbox 2263 2141 2449 2213; x_wconf 81' lang='grc' dir='ltr'><strong>κύκλῳ</strong></span> <span class='ocrx_word' id='word_1_359' title='bbox 2476 2142 2584 2195; x_wconf 89' lang='grc' dir='ltr'><strong>τῶν</strong></span> <span class='ocrx_word' id='word_1_360' title='bbox 2624 2142 2973 2212; x_wconf 80' lang='grc' dir='ltr'><strong>φοϐουμένων</strong></span> <span class='ocrx_word' id='word_1_361' title='bbox 3002 2140 3186 2207; x_wconf 81' lang='grc' dir='ltr'><strong>αὑτὸν,</strong></span> <span class='ocrx_word' id='word_1_362' title='bbox 3215 2142 3310 2196; x_wconf 70' lang='grc' dir='ltr'><strong>καὶ</strong></span> <span class='ocrx_word' id='word_1_363' title='bbox 3341 2140 3565 2210; x_wconf 78' lang='grc' dir='ltr'><strong>ῥύσεται</strong></span> <span class='ocrx_word' id='word_1_364' title='bbox 3602 2140 3705 2194; x_wconf 71' lang='grc' dir='ltr'><strong>αὖα</strong></span> 
     </span>
    </p>
   </div>
   <div class='ocr_carea' id='block_1_49' title="bbox 2108 2232 3706 2302">
    <p class='ocr_par' dir='ltr' id='par_1_49' title="bbox 2108 2232 3706 2302">
     <span class='ocr_line' id='line_1_49' title="bbox 2108 2232 3706 2302; baseline -0.003 -15"><span class='ocrx_word' id='word_1_365' title='bbox 2108 2233 2258 2298; x_wconf 89' lang='grc' dir='ltr'><strong>τούς.</strong></span> <span class='ocrx_word' id='word_1_366' title='bbox 2295 2254 2312 2285; x_wconf 83' lang='grc' dir='ltr'><strong>ι</strong></span> <span class='ocrx_word' id='word_1_367' title='bbox 2353 2234 2485 2299; x_wconf 73' lang='grc' dir='ltr'><strong>Καὶ,</strong></span> <span class='ocrx_word' id='word_1_368' title='bbox 2521 2251 2540 2285; x_wconf 78' lang='grc' dir='ltr'><strong>ι</strong></span> <span class='ocrx_word' id='word_1_369' title='bbox 2579 2234 2708 2297; x_wconf 83' lang='grc' dir='ltr'><strong>Τοῖς</strong></span> <span class='ocrx_word' id='word_1_370' title='bbox 2742 2232 2995 2302; x_wconf 78' lang='grc' dir='ltr'><strong>ἀγγέλοις</strong></span> <span class='ocrx_word' id='word_1_371' title='bbox 3032 2232 3198 2287; x_wconf 83' lang='grc' dir='ltr'><strong>αὐτοῦ</strong></span> <span class='ocrx_word' id='word_1_372' title='bbox 3233 2232 3529 2286; x_wconf 78' lang='grc' dir='ltr'><strong>ἐντελεῖται</strong></span> <span class='ocrx_word' id='word_1_373' title='bbox 3574 2232 3706 2301; x_wconf 80' lang='grc' dir='ltr'><strong>περὶ</strong></span> 
     </span>
    </p>
   </div>
   <div class='ocr_carea' id='block_1_50' title="bbox 2115 2322 3701 2395">
    <p class='ocr_par' dir='ltr' id='par_1_50' title="bbox 2115 2322 3701 2395">
     <span class='ocr_line' id='line_1_50' title="bbox 2115 2322 3701 2395; baseline -0.003 -16"><span class='ocrx_word' id='word_1_374' title='bbox 2115 2324 2232 2389; x_wconf 83' lang='grc' dir='ltr'><strong>σοῦ,</strong></span> <span class='ocrx_word' id='word_1_375' title='bbox 2258 2323 2352 2379; x_wconf 80' lang='grc' dir='ltr'><strong>τοῦ</strong></span> <span class='ocrx_word' id='word_1_376' title='bbox 2391 2324 2719 2394; x_wconf 81' lang='grc' dir='ltr'><strong>διαφυλάξαι</strong></span> <span class='ocrx_word' id='word_1_377' title='bbox 2766 2341 2825 2378; x_wconf 82' lang='grc' dir='ltr'><strong>σε</strong></span> <span class='ocrx_word' id='word_1_378' title='bbox 2859 2325 2918 2378; x_wconf 79' lang='grc' dir='ltr'><strong>ἐν</strong></span> <span class='ocrx_word' id='word_1_379' title='bbox 2956 2322 3160 2395; x_wconf 78' lang='grc' dir='ltr'><strong>πάσαις</strong></span> <span class='ocrx_word' id='word_1_380' title='bbox 3187 2325 3309 2387; x_wconf 82' lang='grc' dir='ltr'><strong>ταῖς</strong></span> <span class='ocrx_word' id='word_1_381' title='bbox 3356 2323 3494 2385; x_wconf 64' lang='grc' dir='ltr'><strong>ὁδοῖς</strong></span> <span class='ocrx_word' id='word_1_382' title='bbox 3528 2339 3643 2377; x_wconf 91' lang='grc' dir='ltr'><strong>σου.</strong></span> <span class='ocrx_word' id='word_1_383' title='bbox 3679 2339 3701 2374; x_wconf 69' lang='grc' dir='ltr'><strong>ι</strong></span> 
     </span>
    </p>
   </div>
   <div class='ocr_carea' id='block_1_51' title="bbox 2113 2413 3704 2487">
    <p class='ocr_par' dir='ltr' id='par_1_51' title="bbox 2113 2413 3704 2487">
     <span class='ocr_line' id='line_1_51' title="bbox 2113 2413 3704 2487; baseline -0.001 -17"><span class='ocrx_word' id='word_1_384' title='bbox 2113 2417 2224 2471; x_wconf 75' lang='grc' dir='ltr'><strong>Καὶ</strong></span> <span class='ocrx_word' id='word_1_385' title='bbox 2248 2420 2276 2472; x_wconf 86' lang='grc' dir='ltr'>ὁ</span> <span class='ocrx_word' id='word_1_386' title='bbox 2304 2417 2468 2487; x_wconf 86' lang='grc' dir='ltr'><strong>νόμος</strong></span> <span class='ocrx_word' id='word_1_387' title='bbox 2513 2416 2569 2470; x_wconf 73' lang='grc' dir='ltr'><strong>δὲ</strong></span> <span class='ocrx_word' id='word_1_388' title='bbox 2598 2416 2758 2480; x_wconf 84' lang='grc' dir='ltr'><strong>αὐτὸς</strong></span> <span class='ocrx_word' id='word_1_389' title='bbox 2788 2416 3036 2485; x_wconf 86' lang='grc' dir='ltr'><strong>ἀγγέλων</strong></span> <span class='ocrx_word' id='word_1_390' title='bbox 3082 2416 3478 2470; x_wconf 79' lang='grc' dir='ltr'><strong>διακονούντων</strong></span> <span class='ocrx_word' id='word_1_391' title='bbox 3517 2413 3704 2485; x_wconf 80' lang='grc' dir='ltr'><strong>ἐδόθη.</strong></span> 
     </span>
    </p>
   </div>
   <div class='ocr_carea' id='block_1_52' title="bbox 2112 2508 3705 2582">
    <p class='ocr_par' dir='ltr' id='par_1_52' title="bbox 2112 2508 3705 2582">
     <span class='ocr_line' id='line_1_52' title="bbox 2112 2508 3705 2582; baseline 0.001 -21"><span class='ocrx_word' id='word_1_392' title='bbox 2112 2508 2205 2562; x_wconf 88' lang='grc' dir='ltr'><strong>Διό</strong></span> <span class='ocrx_word' id='word_1_393' title='bbox 2234 2508 2399 2580; x_wconf 80' lang='grc' dir='ltr'><strong>φησὶν</strong></span> <span class='ocrx_word' id='word_1_394' title='bbox 2421 2511 2450 2563; x_wconf 82' lang='grc' dir='ltr'>ὁ</span> <span class='ocrx_word' id='word_1_395' title='bbox 2487 2510 2832 2575; x_wconf 83' lang='grc' dir='ltr'><strong>Ἀπόστολος·</strong></span> <span class='ocrx_word' id='word_1_396' title='bbox 2878 2529 2897 2563; x_wconf 80' lang='grc' dir='ltr'><strong>ι</strong></span> <span class='ocrx_word' id='word_1_397' title='bbox 2939 2512 3001 2565; x_wconf 85' lang='lat' dir='ltr'><strong>Ei</strong></span> <span class='ocrx_word' id='word_1_398' title='bbox 3034 2511 3145 2582; x_wconf 83' lang='grc' dir='ltr'><strong>γὰρ</strong></span> <span class='ocrx_word' id='word_1_399' title='bbox 3175 2514 3204 2566; x_wconf 83' lang='grc' dir='ltr'><strong>ὁ</strong></span> <span class='ocrx_word' id='word_1_400' title='bbox 3228 2511 3296 2565; x_wconf 85' lang='grc' dir='ltr'><strong>δι’</strong></span> <span class='ocrx_word' id='word_1_401' title='bbox 3320 2509 3568 2580; x_wconf 87' lang='grc' dir='ltr'><strong>ἀγγέλων</strong></span> <span class='ocrx_word' id='word_1_402' title='bbox 3604 2509 3705 2563; x_wconf 85' lang='grc' dir='ltr'><strong>λα-</strong></span> 
     </span>
    </p>
   </div>
   <div class='ocr_carea' id='block_1_53' title="bbox 2112 2585 3706 2674">
    <p class='ocr_par' dir='ltr' id='par_1_53' title="bbox 2112 2585 3706 2674">
     <span class='ocr_line' id='line_1_53' title="bbox 2112 2585 3706 2674; baseline -0.001 -20"><span class='ocrx_word' id='word_1_403' title='bbox 2112 2599 2297 2671; x_wconf 77' lang='grc' dir='ltr'><strong>ληθεὶς</strong></span> <span class='ocrx_word' id='word_1_404' title='bbox 2336 2600 2498 2672; x_wconf 82' lang='grc' dir='ltr'><strong>νόμος</strong></span> <span class='ocrx_word' id='word_1_405' title='bbox 2551 2602 2766 2670; x_wconf 87' lang='grc' dir='ltr'><strong>ἐγένετο</strong></span> <span class='ocrx_word' id='word_1_406' title='bbox 2814 2602 3050 2673; x_wconf 84' lang='grc' dir='ltr'><strong>βέϐαιος.</strong></span> <span class='ocrx_word' id='word_1_407' title='bbox 3095 2623 3114 2657; x_wconf 79' lang='grc' dir='ltr'><strong>ι</strong></span> <span class='ocrx_word' id='word_1_408' title='bbox 3157 2585 3269 2658; x_wconf 55' lang='grc' dir='ltr'><strong>Ἐν.</strong></span> <span class='ocrx_word' id='word_1_409' title='bbox 3286 2604 3395 2674; x_wconf 82' lang='grc' dir='ltr'><strong>ὅσῳ</strong></span> <span class='ocrx_word' id='word_1_410' title='bbox 3442 2602 3623 2656; x_wconf 83' lang='grc' dir='ltr'><strong>τοίνυν</strong></span> <span class='ocrx_word' id='word_1_411' title='bbox 3674 2603 3706 2653; x_wconf 85' lang='grc' dir='ltr'><strong>ὀ</strong></span> 
     </span>
    </p>
   </div>
   <div class='ocr_carea' id='block_1_54' title="bbox 2113 2682 3703 2767">
    <p class='ocr_par' dir='ltr' id='par_1_54' title="bbox 2113 2682 3703 2767">
     <span class='ocr_line' id='line_1_54' title="bbox 2113 2682 3703 2767; baseline 0.003 -23"><span class='ocrx_word' id='word_1_412' title='bbox 2113 2682 2368 2761; x_wconf 78' lang='grc' dir='ltr'><strong>βασιλεὺς</strong></span> <span class='ocrx_word' id='word_1_413' title='bbox 2401 2691 2748 2747; x_wconf 74' lang='grc' dir='ltr'><strong>ἀνακλίνεται</strong></span> <span class='ocrx_word' id='word_1_414' title='bbox 2779 2694 2874 2748; x_wconf 77' lang='grc' dir='ltr'><strong>καὶ</strong></span> <span class='ocrx_word' id='word_1_415' title='bbox 2901 2694 3208 2761; x_wconf 89' lang='grc' dir='ltr'><strong>ἀνίσταται,</strong></span> <span class='ocrx_word' id='word_1_416' title='bbox 3235 2696 3417 2767; x_wconf 81' lang='grc' dir='ltr'><strong>ἡμεῖς,</strong></span> <span class='ocrx_word' id='word_1_417' title='bbox 3446 2695 3604 2765; x_wconf 70' lang='grc' dir='ltr'><strong>φησὶ,</strong></span> <span class='ocrx_word' id='word_1_418' title='bbox 3635 2695 3703 2748; x_wconf 64' lang='grc' dir='ltr'><strong>τὰ</strong></span> 
     </span>
    </p>
   </div>
   <div class='ocr_carea' id='block_1_55' title="bbox 2108 2780 3700 2853">
    <p class='ocr_par' dir='ltr' id='par_1_55' title="bbox 2108 2780 3700 2853">
     <span class='ocr_line' id='line_1_55' title="bbox 2108 2780 3700 2853; baseline 0.003 -18"><span class='ocrx_word' id='word_1_419' title='bbox 2108 2780 2313 2836; x_wconf 87' lang='grc' dir='ltr'><strong>δυνατὰ</strong></span> <span class='ocrx_word' id='word_1_420' title='bbox 2342 2782 2724 2853; x_wconf 82' lang='grc' dir='ltr'><strong>προσοίσομεν.</strong></span> <span class='ocrx_word' id='word_1_421' title='bbox 2767 2783 3074 2838; x_wconf 83' lang='grc' dir='ltr'><strong>Ἀνάκλισιν</strong></span> <span class='ocrx_word' id='word_1_422' title='bbox 3109 2786 3168 2838; x_wconf 80' lang='grc' dir='ltr'><strong>δὲ</strong></span> <span class='ocrx_word' id='word_1_423' title='bbox 3202 2785 3369 2839; x_wconf 81' lang='grc' dir='ltr'><strong>αὐτοῦ</strong></span> <span class='ocrx_word' id='word_1_424' title='bbox 3410 2786 3503 2839; x_wconf 74' lang='grc' dir='ltr'><strong>τὸν</strong></span> <span class='ocrx_word' id='word_1_425' title='bbox 3538 2785 3700 2840; x_wconf 84' lang='grc' dir='ltr'><strong>θάνα-</strong></span> 
     </span>
    </p>
   </div>
   <div class='ocr_carea' id='block_1_56' title="bbox 421 2872 2009 2949">
    <p class='ocr_par' dir='ltr' id='par_1_56' title="bbox 421 2872 2009 2946">
     <span class='ocr_line' id='line_1_56' title="bbox 421 2872 2009 2946; baseline -0.001 -16"><span class='ocrx_word' id='word_1_426' title='bbox 421 2876 649 2933; x_wconf 69' lang='lat' dir='ltr'><strong>stabitur</strong></span> <span class='ocrx_word' id='word_1_427' title='bbox 672 2875 928 2946; x_wconf 85' lang='lat' dir='ltr'><strong>gentibus</strong></span> <span class='ocrx_word' id='word_1_428' title='bbox 973 2873 1167 2929; x_wconf 88' lang='lat' dir='ltr'><strong>multis</strong></span> <span class='ocrx_word' id='word_1_429' title='bbox 1199 2884 1245 2928; x_wconf 74' lang='grc' dir='ltr'><strong>ο.</strong></span> <span class='ocrx_word' id='word_1_430' title='bbox 1284 2892 1303 2925; x_wconf 86' lang='grc' dir='ltr'><strong>ι</strong></span> <span class='ocrx_word' id='word_1_431' title='bbox 1339 2872 1406 2927; x_wconf 84' lang='grc' dir='ltr'><strong>Ει</strong></span> <span class='ocrx_word' id='word_1_432' title='bbox 1446 2874 1610 2942; x_wconf 89' lang='lat' dir='ltr'><strong>paulo</strong></span> <span class='ocrx_word' id='word_1_433' title='bbox 1637 2880 1761 2943; x_wconf 86' lang='lat' dir='ltr'><strong>post</strong></span> <span class='ocrx_word' id='word_1_434' title='bbox 1792 2889 1807 2928; x_wconf 89' lang='lat'><strong>:</strong></span> <span class='ocrx_word' id='word_1_435' title='bbox 1846 2890 1865 2924; x_wconf 81' lang='grc' dir='ltr'><strong>ι</strong></span> <span class='ocrx_word' id='word_1_436' title='bbox 1901 2872 2009 2928; x_wconf 79' lang='lat' dir='ltr'><strong>Ac-</strong></span> 
     </span>
    </p>
   </div>
   <div class='ocr_carea' id='block_1_57' title="bbox 2112 2872 3704 2949">
    <p class='ocr_par' dir='ltr' id='par_1_57' title="bbox 2112 2874 3704 2949">
     <span class='ocr_line' id='line_1_57' title="bbox 2112 2874 3704 2949; baseline -0.005 -24"><span class='ocrx_word' id='word_1_437' title='bbox 2112 2888 2200 2926; x_wconf 85' lang='grc' dir='ltr'><strong>τον</strong></span> <span class='ocrx_word' id='word_1_438' title='bbox 2251 2874 2772 2943; x_wconf 87' lang='grc' dir='ltr'><strong>προσαγορεύουσιν.</strong></span> <span class='ocrx_word' id='word_1_439' title='bbox 2818 2876 2910 2928; x_wconf 87' lang='grc' dir='ltr'><strong>Διὸ</strong></span> <span class='ocrx_word' id='word_1_440' title='bbox 2963 2877 3059 2933; x_wconf 78' lang='grc' dir='ltr'><strong>καὶ</strong></span> <span class='ocrx_word' id='word_1_441' title='bbox 3117 2878 3146 2930; x_wconf 82' lang='grc' dir='ltr'><strong>ὁ</strong></span> <span class='ocrx_word' id='word_1_442' title='bbox 3202 2876 3434 2948; x_wconf 82' lang='grc' dir='ltr'><strong>Βαλαὰμ</strong></span> <span class='ocrx_word' id='word_1_443' title='bbox 3488 2894 3704 2949; x_wconf 73' lang='grc' dir='ltr'><strong>προφη-</strong></span> 
     </span>
    </p>
   </div>
   <div class='ocr_carea' id='block_1_58' title="bbox 389 2964 2009 3041">
    <p class='ocr_par' dir='ltr' id='par_1_58' title="bbox 389 2964 2005 3031">
     <span class='ocr_line' id='line_1_58' title="bbox 389 2964 2005 3031; baseline -0.002 -7"><span class='ocrx_word' id='word_1_444' title='bbox 389 2969 631 3025; x_wconf 74' lang='lat' dir='ltr'><strong>cubans</strong></span> <span class='ocrx_word' id='word_1_445' title='bbox 659 2968 922 3023; x_wconf 87' lang='lat' dir='ltr'><strong>dormivit</strong></span> <span class='ocrx_word' id='word_1_446' title='bbox 957 2975 1018 3021; x_wconf 92' lang='lat' dir='ltr'><strong>ut</strong></span> <span class='ocrx_word' id='word_1_447' title='bbox 1064 2967 1172 3031; x_wconf 87' lang='lat' dir='ltr'><strong>leo,</strong></span> <span class='ocrx_word' id='word_1_448' title='bbox 1223 2973 1281 3020; x_wconf 89' lang='lat' dir='ltr'><strong>et</strong></span> <span class='ocrx_word' id='word_1_449' title='bbox 1332 2966 1483 3021; x_wconf 86' lang='lat' dir='ltr'><strong>sicut</strong></span> <span class='ocrx_word' id='word_1_450' title='bbox 1532 2965 1752 3020; x_wconf 90' lang='lat' dir='ltr'><strong>catulus</strong></span> <span class='ocrx_word' id='word_1_451' title='bbox 1808 2964 2005 3021; x_wconf 85' lang='lat' dir='ltr'><strong>leonis.</strong></span> 
     </span>
    </p>
   </div>
   <div class='ocr_carea' id='block_1_59' title="bbox 2112 2964 3706 3041">
    <p class='ocr_par' dir='ltr' id='par_1_59' title="bbox 2112 2964 3706 3041">
     <span class='ocr_line' id='line_1_59' title="bbox 2112 2964 3706 3041; baseline 0.004 -24"><span class='ocrx_word' id='word_1_452' title='bbox 2112 2964 2284 3020; x_wconf 85' lang='grc' dir='ltr'><strong>τεύων</strong></span> <span class='ocrx_word' id='word_1_453' title='bbox 2309 2967 2494 3037; x_wconf 83' lang='grc' dir='ltr'><strong>φησίν·</strong></span> <span class='ocrx_word' id='word_1_454' title='bbox 2528 2985 2547 3019; x_wconf 79' lang='grc' dir='ltr'><strong>ι</strong></span> <span class='ocrx_word' id='word_1_455' title='bbox 2588 2968 2959 3032; x_wconf 80' lang='grc' dir='ltr'><strong>Ἐξελεύσεται</strong></span> <span class='ocrx_word' id='word_1_456' title='bbox 2989 2969 3276 3041; x_wconf 79' lang='grc' dir='ltr'><strong>ἄνθρωπος</strong></span> <span class='ocrx_word' id='word_1_457' title='bbox 3307 2971 3370 3024; x_wconf 75' lang='grc' dir='ltr'><strong>ἐκ</strong></span> <span class='ocrx_word' id='word_1_458' title='bbox 3409 2970 3502 3024; x_wconf 81' lang='grc' dir='ltr'><strong>τοῦ</strong></span> <span class='ocrx_word' id='word_1_459' title='bbox 3532 2971 3706 3040; x_wconf 81' lang='grc' dir='ltr'><strong>σπέρ-</strong></span> 
     </span>
    </p>
   </div>
   <div class='ocr_carea' id='block_1_60' title="bbox 398 3056 2009 3132">
    <p class='ocr_par' dir='ltr' id='par_1_60' title="bbox 398 3057 2005 3130">
     <span class='ocr_line' id='line_1_60' title="bbox 398 3057 2005 3130; baseline -0.003 -12"><span class='ocrx_word' id='word_1_460' title='bbox 398 3062 557 3130; x_wconf 91' lang='lat' dir='ltr'><strong>Quis</strong></span> <span class='ocrx_word' id='word_1_461' title='bbox 606 3061 869 3118; x_wconf 71' lang='lat' dir='ltr'><strong>excitabit</strong></span> <span class='ocrx_word' id='word_1_462' title='bbox 914 3061 1081 3117; x_wconf 75' lang='lat' dir='ltr'><strong>eum?</strong></span> <span class='ocrx_word' id='word_1_463' title='bbox 1132 3058 1531 3115; x_wconf 85' lang='lat' dir='ltr'><strong>Benedicentes</strong></span> <span class='ocrx_word' id='word_1_464' title='bbox 1579 3057 1680 3113; x_wconf 90' lang='lat' dir='ltr'><strong>tibi</strong></span> <span class='ocrx_word' id='word_1_465' title='bbox 1728 3058 2005 3114; x_wconf 88' lang='lat' dir='ltr'><strong>benedicti</strong></span> 
     </span>
    </p>
   </div>
   <div class='ocr_carea' id='block_1_61' title="bbox 2112 3056 3704 3132">
    <p class='ocr_par' dir='ltr' id='par_1_61' title="bbox 2113 3056 3704 3132">
     <span class='ocr_line' id='line_1_61' title="bbox 2113 3056 3704 3132; baseline 0.004 -22"><span class='ocrx_word' id='word_1_466' title='bbox 2113 3074 2284 3128; x_wconf 87' lang='grc' dir='ltr'><strong>ματος</strong></span> <span class='ocrx_word' id='word_1_467' title='bbox 2332 3056 2497 3112; x_wconf 71' lang='grc' dir='ltr'><strong>αὐτοῦ</strong></span> <span class='ocrx_word' id='word_1_468' title='bbox 2522 3098 2538 3123; x_wconf 97' lang='grc'><strong>,</strong></span> <span class='ocrx_word' id='word_1_469' title='bbox 2581 3061 2674 3113; x_wconf 76' lang='grc' dir='ltr'><strong>καὶ</strong></span> <span class='ocrx_word' id='word_1_470' title='bbox 2720 3062 2997 3132; x_wconf 78' lang='grc' dir='ltr'><strong>κυριεύσει</strong></span> <span class='ocrx_word' id='word_1_471' title='bbox 3046 3063 3216 3118; x_wconf 89' lang='grc' dir='ltr'><strong>ἐθνῶν</strong></span> <span class='ocrx_word' id='word_1_472' title='bbox 3264 3062 3510 3117; x_wconf 84' lang='grc' dir='ltr'><strong>πολλῶν·</strong></span> <span class='ocrx_word' id='word_1_473' title='bbox 3554 3080 3574 3114; x_wconf 74' lang='grc' dir='ltr'><strong>ι</strong></span> <span class='ocrx_word' id='word_1_474' title='bbox 3606 3062 3704 3116; x_wconf 81' lang='grc' dir='ltr'><strong>καὶ</strong></span> 
     </span>
    </p>
   </div>
   <div class='ocr_carea' id='block_1_62' title="bbox 419 3146 2009 3221">
    <p class='ocr_par' dir='ltr' id='par_1_62' title="bbox 419 3146 2005 3211">
     <span class='ocr_line' id='line_1_62' title="bbox 419 3146 2005 3211; baseline -0.003 0"><span class='ocrx_word' id='word_1_475' title='bbox 419 3162 587 3211; x_wconf 83' lang='lat' dir='ltr'><strong>sunt:</strong></span> <span class='ocrx_word' id='word_1_476' title='bbox 621 3161 678 3209; x_wconf 90' lang='lat' dir='ltr'><strong>et</strong></span> <span class='ocrx_word' id='word_1_477' title='bbox 710 3152 1104 3208; x_wconf 84' lang='lat' dir='ltr'><strong>maledicentes</strong></span> <span class='ocrx_word' id='word_1_478' title='bbox 1134 3149 1234 3205; x_wconf 89' lang='lat' dir='ltr'><strong>tibi</strong></span> <span class='ocrx_word' id='word_1_479' title='bbox 1261 3155 1392 3205; x_wconf 87' lang='lat' dir='ltr'><strong>sunt</strong></span> <span class='ocrx_word' id='word_1_480' title='bbox 1422 3146 1699 3204; x_wconf 89' lang='lat' dir='ltr'><strong>maledicti</strong></span> <span class='ocrx_word' id='word_1_481' title='bbox 1730 3147 1775 3203; x_wconf 72' lang='grc' dir='ltr'><strong>ί.</strong></span> <span class='ocrx_word' id='word_1_482' title='bbox 1820 3167 1842 3203; x_wconf 74' lang='grc' dir='ltr'><strong>ι</strong></span> <span class='ocrx_word' id='word_1_483' title='bbox 1878 3148 2005 3207; x_wconf 70' lang='lat' dir='ltr'><strong>Haec</strong></span> 
     </span>
    </p>
   </div>
   <div class='ocr_carea' id='block_1_63' title="bbox 2112 3146 3705 3221">
    <p class='ocr_par' dir='ltr' id='par_1_63' title="bbox 2113 3150 3705 3221">
     <span class='ocr_line' id='line_1_63' title="bbox 2113 3150 3705 3221; baseline 0.001 -16"><span class='ocrx_word' id='word_1_484' title='bbox 2113 3151 2229 3221; x_wconf 82' lang='grc' dir='ltr'><strong>μετ’</strong></span> <span class='ocrx_word' id='word_1_485' title='bbox 2261 3150 2446 3219; x_wconf 84' lang='grc' dir='ltr'><strong>ὀλίγα·</strong></span> <span class='ocrx_word' id='word_1_486' title='bbox 2487 3170 2507 3204; x_wconf 83' lang='grc'>‹</span> <span class='ocrx_word' id='word_1_487' title='bbox 2552 3153 2920 3217; x_wconf 76' lang='grc' dir='ltr'><strong>Κατακλιθεὶς</strong></span> <span class='ocrx_word' id='word_1_488' title='bbox 2946 3154 3291 3210; x_wconf 82' lang='grc' dir='ltr'><strong>ἀνεπαύσατο</strong></span> <span class='ocrx_word' id='word_1_489' title='bbox 3316 3156 3391 3219; x_wconf 86' lang='grc' dir='ltr'><strong>ὡς</strong></span> <span class='ocrx_word' id='word_1_490' title='bbox 3421 3154 3577 3216; x_wconf 85' lang='grc' dir='ltr'><strong>λέων,</strong></span> <span class='ocrx_word' id='word_1_491' title='bbox 3605 3156 3705 3207; x_wconf 76' lang='grc' dir='ltr'><strong>καὶ</strong></span> 
     </span>
    </p>
   </div>
   <div class='ocr_carea' id='block_1_64' title="bbox 419 3238 2009 3316">
    <p class='ocr_par' dir='ltr' id='par_1_64' title="bbox 419 3238 2006 3316">
     <span class='ocr_line' id='line_1_64' title="bbox 419 3238 2006 3316; baseline 0.001 -20"><span class='ocrx_word' id='word_1_492' title='bbox 419 3259 645 3314; x_wconf 84' lang='lat' dir='ltr'><strong>quoque</strong></span> <span class='ocrx_word' id='word_1_493' title='bbox 672 3244 730 3298; x_wconf 91' lang='lat' dir='ltr'><strong>in</strong></span> <span class='ocrx_word' id='word_1_494' title='bbox 764 3243 1055 3316; x_wconf 88' lang='lat' dir='ltr'><strong>prophetia</strong></span> <span class='ocrx_word' id='word_1_495' title='bbox 1086 3240 1417 3311; x_wconf 66' lang='lat' dir='ltr'><strong>patriarchae</strong></span> <span class='ocrx_word' id='word_1_496' title='bbox 1449 3238 1668 3309; x_wconf 84' lang='lat' dir='ltr'><strong>Jacobi,</strong></span> <span class='ocrx_word' id='word_1_497' title='bbox 1702 3256 1810 3312; x_wconf 88' lang='lat' dir='ltr'><strong>qua</strong></span> <span class='ocrx_word' id='word_1_498' title='bbox 1838 3242 2006 3298; x_wconf 84' lang='lat' dir='ltr'><strong>bene-</strong></span> 
     </span>
    </p>
   </div>
   <div class='ocr_carea' id='block_1_65' title="bbox 2112 3238 3705 3316">
    <p class='ocr_par' dir='ltr' id='par_1_65' title="bbox 2112 3242 3705 3316">
     <span class='ocr_line' id='line_1_65' title="bbox 2112 3242 3705 3316; baseline 0.001 -19"><span class='ocrx_word' id='word_1_499' title='bbox 2112 3242 2187 3306; x_wconf 87' lang='grc' dir='ltr'><strong>ὼς</strong></span> <span class='ocrx_word' id='word_1_500' title='bbox 2212 3243 2474 3314; x_wconf 82' lang='grc' dir='ltr'><strong>σκύμνος,</strong></span> <span class='ocrx_word' id='word_1_501' title='bbox 2502 3243 2588 3307; x_wconf 91' lang='grc' dir='ltr'><strong>τίς</strong></span> <span class='ocrx_word' id='word_1_502' title='bbox 2613 3244 2911 3316; x_wconf 81' lang='grc' dir='ltr'><strong>ἀναστήσει</strong></span> <span class='ocrx_word' id='word_1_503' title='bbox 2939 3246 3136 3311; x_wconf 86' lang='grc' dir='ltr'><strong>αὑτόν;</strong></span> <span class='ocrx_word' id='word_1_504' title='bbox 3161 3249 3225 3299; x_wconf 84' lang='lat' dir='ltr'><strong>Oi</strong></span> <span class='ocrx_word' id='word_1_505' title='bbox 3263 3246 3614 3315; x_wconf 83' lang='grc' dir='ltr'><strong>εύλογοῦντές</strong></span> <span class='ocrx_word' id='word_1_506' title='bbox 3643 3261 3705 3299; x_wconf 76' lang='grc' dir='ltr'><strong>σε</strong></span> 
     </span>
    </p>
   </div>
   <div class='ocr_carea' id='block_1_66' title="bbox 419 3316 2009 3410">
    <p class='ocr_par' dir='ltr' id='par_1_66' title="bbox 419 3328 2006 3401">
     <span class='ocr_line' id='line_1_66' title="bbox 419 3328 2006 3401; baseline 0.002 -14"><span class='ocrx_word' id='word_1_507' title='bbox 419 3333 558 3387; x_wconf 75' lang='lat' dir='ltr'><strong>dixit</strong></span> <span class='ocrx_word' id='word_1_508' title='bbox 588 3331 762 3397; x_wconf 70' lang='lat' dir='ltr'><strong>Judze,</strong></span> <span class='ocrx_word' id='word_1_509' title='bbox 794 3334 925 3389; x_wconf 89' lang='lat' dir='ltr'><strong>licet</strong></span> <span class='ocrx_word' id='word_1_510' title='bbox 948 3331 1203 3387; x_wconf 87' lang='lat' dir='ltr'><strong>invenire</strong></span> <span class='ocrx_word' id='word_1_511' title='bbox 1231 3333 1276 3383; x_wconf 69' lang='grc' dir='ltr'><strong>ε.</strong></span> <span class='ocrx_word' id='word_1_512' title='bbox 1313 3328 1440 3385; x_wconf 69' lang='lat' dir='ltr'><strong>llaec</strong></span> <span class='ocrx_word' id='word_1_513' title='bbox 1472 3330 1639 3401; x_wconf 88' lang='lat' dir='ltr'><strong>igitur</strong></span> <span class='ocrx_word' id='word_1_514' title='bbox 1676 3345 1804 3387; x_wconf 89' lang='lat' dir='ltr'><strong>cum</strong></span> <span class='ocrx_word' id='word_1_515' title='bbox 1835 3348 1865 3387; x_wconf 92' lang='lat' dir='ltr'><strong>a</strong></span> <span class='ocrx_word' id='word_1_516' title='bbox 1899 3334 2006 3390; x_wconf 83' lang='lat' dir='ltr'><strong>mi-</strong></span> 
     </span>
    </p>
   </div>
   <div class='ocr_carea' id='block_1_67' title="bbox 2112 3316 3700 3410">
    <p class='ocr_par' dir='ltr' id='par_1_67' title="bbox 2112 3316 3700 3410">
     <span class='ocr_line' id='line_1_67' title="bbox 2112 3316 3700 3410; baseline 0.002 -23"><span class='ocrx_word' id='word_1_517' title='bbox 2112 3316 2454 3405; x_wconf 79' lang='grc' dir='ltr'><strong>εύλόγηνται,</strong></span> <span class='ocrx_word' id='word_1_518' title='bbox 2481 3336 2577 3389; x_wconf 75' lang='grc' dir='ltr'><strong>καὶ</strong></span> <span class='ocrx_word' id='word_1_519' title='bbox 2605 3337 2655 3389; x_wconf 82' lang='lat' dir='ltr'><strong>0i</strong></span> <span class='ocrx_word' id='word_1_520' title='bbox 2685 3336 3067 3409; x_wconf 80' lang='grc' dir='ltr'><strong>καταρώμενοι</strong></span> <span class='ocrx_word' id='word_1_521' title='bbox 3097 3356 3155 3391; x_wconf 89' lang='grc' dir='ltr'><strong>σε</strong></span> <span class='ocrx_word' id='word_1_522' title='bbox 3198 3340 3626 3410; x_wconf 83' lang='grc' dir='ltr'><strong>κεκατήρανται.</strong></span> <span class='ocrx_word' id='word_1_523' title='bbox 3676 3356 3700 3390; x_wconf 73' lang='grc' dir='ltr'>δ</span> 
     </span>
    </p>
   </div>
   <div class='ocr_carea' id='block_1_68' title="bbox 420 3422 2009 3501">
    <p class='ocr_par' dir='ltr' id='par_1_68' title="bbox 420 3422 1871 3496">
     <span class='ocr_line' id='line_1_68' title="bbox 420 3422 1871 3496; baseline 0.001 -19"><span class='ocrx_word' id='word_1_524' title='bbox 420 3425 615 3482; x_wconf 78' lang='lat' dir='ltr'><strong>nistris</strong></span> <span class='ocrx_word' id='word_1_525' title='bbox 635 3424 827 3496; x_wconf 85' lang='lat' dir='ltr'><strong>sponsi</strong></span> <span class='ocrx_word' id='word_1_526' title='bbox 856 3423 1006 3479; x_wconf 87' lang='lat' dir='ltr'><strong>dicta</strong></span> <span class='ocrx_word' id='word_1_527' title='bbox 1040 3430 1249 3485; x_wconf 88' lang='lat' dir='ltr'><strong>essent,</strong></span> <span class='ocrx_word' id='word_1_528' title='bbox 1283 3434 1490 3490; x_wconf 88' lang='lat' dir='ltr'><strong>sponsa</strong></span> <span class='ocrx_word' id='word_1_529' title='bbox 1526 3434 1724 3477; x_wconf 85' lang='lat' dir='ltr'><strong>rursus</strong></span> <span class='ocrx_word' id='word_1_530' title='bbox 1754 3422 1871 3478; x_wconf 84' lang='lat' dir='ltr'><strong>ait:</strong></span> 
     </span>
    </p>
   </div>
   <div class='ocr_carea' id='block_1_69' title="bbox 2112 3422 3707 3501">
    <p class='ocr_par' dir='ltr' id='par_1_69' title="bbox 2112 3426 3707 3501">
     <span class='ocr_line' id='line_1_69' title="bbox 2112 3426 3707 3501; baseline 0 -21"><span class='ocrx_word' id='word_1_531' title='bbox 2112 3426 2300 3480; x_wconf 82' lang='grc' dir='ltr'><strong>Ταῦτα</strong></span> <span class='ocrx_word' id='word_1_532' title='bbox 2325 3427 2382 3481; x_wconf 83' lang='grc' dir='ltr'><strong>δὲ</strong></span> <span class='ocrx_word' id='word_1_533' title='bbox 2410 3429 2505 3481; x_wconf 73' lang='grc' dir='ltr'><strong>καὶ</strong></span> <span class='ocrx_word' id='word_1_534' title='bbox 2544 3430 2602 3481; x_wconf 81' lang='grc' dir='ltr'><strong>ἐν</strong></span> <span class='ocrx_word' id='word_1_535' title='bbox 2647 3431 2714 3499; x_wconf 78' lang='grc' dir='ltr'><strong>τῇ</strong></span> <span class='ocrx_word' id='word_1_536' title='bbox 2761 3430 3069 3501; x_wconf 81' lang='grc' dir='ltr'><strong>προφητείᾳ</strong></span> <span class='ocrx_word' id='word_1_537' title='bbox 3110 3428 3203 3483; x_wconf 72' lang='grc' dir='ltr'><strong>τοῦ</strong></span> <span class='ocrx_word' id='word_1_538' title='bbox 3234 3431 3573 3501; x_wconf 82' lang='grc' dir='ltr'><strong>πατριάρχου</strong></span> <span class='ocrx_word' id='word_1_539' title='bbox 3594 3429 3707 3481; x_wconf 80' lang='grc' dir='ltr'><strong>Ἰα-</strong></span> 
     </span>
    </p>
   </div>
   <div class='ocr_carea' id='block_1_70' title="bbox 421 3509 3704 3590">
    <p class='ocr_par' dir='ltr' id='par_1_70' title="bbox 421 3509 3704 3590">
     <span class='ocr_line' id='line_1_70' title="bbox 421 3509 3704 3590; baseline 0 -20"><span class='ocrx_word' id='word_1_540' title='bbox 421 3516 538 3570; x_wconf 86' lang='grc' dir='ltr'><strong>κὼϐ</strong></span> <span class='ocrx_word' id='word_1_541' title='bbox 566 3519 632 3589; x_wconf 81' lang='grc' dir='ltr'><strong>τῇ</strong></span> <span class='ocrx_word' id='word_1_542' title='bbox 665 3515 801 3588; x_wconf 82' lang='grc' dir='ltr'><strong>πρὸς</strong></span> <span class='ocrx_word' id='word_1_543' title='bbox 824 3514 916 3569; x_wconf 82' lang='grc' dir='ltr'><strong>τὸν</strong></span> <span class='ocrx_word' id='word_1_544' title='bbox 958 3510 1157 3566; x_wconf 84' lang='grc' dir='ltr'><strong>Ἰούδαν</strong></span> <span class='ocrx_word' id='word_1_545' title='bbox 1184 3509 1227 3541; x_wconf 80' lang='grc'><strong>¹⁶</strong></span> <span class='ocrx_word' id='word_1_546' title='bbox 1256 3509 1526 3583; x_wconf 70' lang='grc' dir='ltr'><strong>εἰρημένῃ</strong></span> <span class='ocrx_word' id='word_1_547' title='bbox 1553 3510 1699 3565; x_wconf 76' lang='grc' dir='ltr'><strong>ἐστιν</strong></span> <span class='ocrx_word' id='word_1_548' title='bbox 1727 3512 1909 3584; x_wconf 76' lang='grc' dir='ltr'><strong>εὑρεῖν</strong></span> <span class='ocrx_word' id='word_1_549' title='bbox 1940 3516 2005 3569; x_wconf 88' lang='grc'><strong>¹¹.</strong></span> <span class='ocrx_word' id='word_1_550' title='bbox 2048 3516 2265 3580; x_wconf 77' lang='grc' dir='ltr'><strong>Τούτων</strong></span> <span class='ocrx_word' id='word_1_551' title='bbox 2296 3515 2502 3571; x_wconf 83' lang='grc' dir='ltr'><strong>ἀνωθεν</strong></span> <span class='ocrx_word' id='word_1_552' title='bbox 2531 3515 2675 3570; x_wconf 82' lang='grc' dir='ltr'><strong>οὔτω</strong></span> <span class='ocrx_word' id='word_1_553' title='bbox 2704 3518 2979 3588; x_wconf 79' lang='grc' dir='ltr'><strong>ῥηθέντων</strong></span> <span class='ocrx_word' id='word_1_554' title='bbox 3037 3520 3141 3575; x_wconf 82' lang='grc' dir='ltr'><strong>ὑπὸ</strong></span> <span class='ocrx_word' id='word_1_555' title='bbox 3165 3521 3273 3573; x_wconf 90' lang='grc' dir='ltr'><strong>τῶν</strong></span> <span class='ocrx_word' id='word_1_556' title='bbox 3310 3519 3404 3574; x_wconf 82' lang='grc' dir='ltr'><strong>τοῦ</strong></span> <span class='ocrx_word' id='word_1_557' title='bbox 3464 3520 3704 3590; x_wconf 80' lang='grc' dir='ltr'><strong>νυμφίου</strong></span> 
     </span>
    </p>
   </div>
   <div class='ocr_carea' id='block_1_71' title="bbox 417 3600 1373 3673">
    <p class='ocr_par' dir='ltr' id='par_1_71' title="bbox 417 3600 1373 3673">
     <span class='ocr_line' id='line_1_71' title="bbox 417 3600 1373 3673; baseline -0.012 -10"><span class='ocrx_word' id='word_1_558' title='bbox 417 3608 706 3673; x_wconf 82' lang='grc' dir='ltr'><strong>διακόνων,</strong></span> <span class='ocrx_word' id='word_1_559' title='bbox 732 3605 897 3659; x_wconf 81' lang='grc' dir='ltr'><strong>πάλιν</strong></span> <span class='ocrx_word' id='word_1_560' title='bbox 926 3606 960 3673; x_wconf 85' lang='grc' dir='ltr'>ή</span> <span class='ocrx_word' id='word_1_561' title='bbox 990 3602 1174 3671; x_wconf 81' lang='grc' dir='ltr'><strong>νύμφη</strong></span> <span class='ocrx_word' id='word_1_562' title='bbox 1201 3600 1373 3669; x_wconf 78' lang='grc' dir='ltr'><strong>φησί’</strong></span> 
     </span>
    </p>
   </div>
   <div class='ocr_carea' id='block_1_72' title="bbox 493 3689 2009 3764">
    <p class='ocr_par' dir='ltr' id='par_1_72' title="bbox 493 3690 1999 3753">
     <span class='ocr_line' id='line_1_72' title="bbox 493 3690 1999 3753; baseline -0.003 0"><span class='ocrx_word' id='word_1_563' title='bbox 493 3698 713 3753; x_wconf 82' lang='lat' dir='ltr'><strong>Nardus</strong></span> <span class='ocrx_word' id='word_1_564' title='bbox 757 3711 873 3749; x_wconf 74' lang='lat' dir='ltr'><strong>mea</strong></span> <span class='ocrx_word' id='word_1_565' title='bbox 899 3691 1042 3747; x_wconf 79' lang='lat' dir='ltr'><strong>dedit</strong></span> <span class='ocrx_word' id='word_1_566' title='bbox 1079 3691 1293 3746; x_wconf 80' lang='lat' dir='ltr'><strong>odorem</strong></span> <span class='ocrx_word' id='word_1_567' title='bbox 1325 3706 1503 3746; x_wconf 87' lang='lat' dir='ltr'><strong>suum.</strong></span> <span class='ocrx_word' id='word_1_568' title='bbox 1554 3690 1723 3748; x_wconf 71' lang='lat' dir='ltr'><strong>Vens.</strong></span> <span class='ocrx_word' id='word_1_569' title='bbox 1754 3692 1842 3747; x_wconf 76' lang='lat'><strong>12.</strong></span> <span class='ocrx_word' id='word_1_570' title='bbox 1879 3693 1999 3750; x_wconf 84' lang='lat' dir='ltr'><strong>Fa-</strong></span> 
     </span>
    </p>
   </div>
   <div class='ocr_carea' id='block_1_73' title="bbox 2112 3689 3706 3764">
    <p class='ocr_par' dir='ltr' id='par_1_73' title="bbox 2177 3689 3706 3764">
     <span class='ocr_line' id='line_1_73' title="bbox 2177 3689 3706 3764; baseline 0.003 -17"><span class='ocrx_word' id='word_1_571' title='bbox 2177 3689 2409 3758; x_wconf 80' lang='grc' dir='ltr'><strong>Νάρδος</strong></span> <span class='ocrx_word' id='word_1_572' title='bbox 2454 3706 2575 3759; x_wconf 80' lang='grc' dir='ltr'><strong>μου</strong></span> <span class='ocrx_word' id='word_1_573' title='bbox 2620 3689 2845 3744; x_wconf 73' lang='grc' dir='ltr'><strong>ἔδωκεν</strong></span> <span class='ocrx_word' id='word_1_574' title='bbox 2893 3691 3093 3761; x_wconf 74' lang='grc' dir='ltr'><strong>ὀσμὴν</strong></span> <span class='ocrx_word' id='word_1_575' title='bbox 3144 3692 3352 3747; x_wconf 84' lang='grc' dir='ltr'><strong>αὐτοῦ.</strong></span> <span class='ocrx_word' id='word_1_576' title='bbox 3383 3692 3495 3764; x_wconf 85' lang='grc' dir='ltr'><strong>(ιβ’)</strong></span> <span class='ocrx_word' id='word_1_577' title='bbox 3539 3696 3706 3751; x_wconf 70' lang='grc' dir='ltr'><strong>Ἀπό-</strong></span> 
     </span>
    </p>
   </div>
   <div class='ocr_carea' id='block_1_74' title="bbox 419 3780 2009 3861">
    <p class='ocr_par' dir='ltr' id='par_1_74' title="bbox 419 3782 2000 3852">
     <span class='ocr_line' id='line_1_74' title="bbox 419 3782 2000 3852; baseline -0.004 -7"><span class='ocrx_word' id='word_1_578' title='bbox 419 3790 651 3846; x_wconf 78' lang='lat' dir='ltr'><strong>sciculus</strong></span> <span class='ocrx_word' id='word_1_579' title='bbox 673 3796 868 3843; x_wconf 76' lang='lat' dir='ltr'><strong>stactes</strong></span> <span class='ocrx_word' id='word_1_580' title='bbox 896 3783 1097 3838; x_wconf 80' lang='lat' dir='ltr'><strong>sororis</strong></span> <span class='ocrx_word' id='word_1_581' title='bbox 1128 3798 1256 3838; x_wconf 76' lang='lat' dir='ltr'><strong>mea:</strong></span> <span class='ocrx_word' id='word_1_582' title='bbox 1283 3782 1431 3852; x_wconf 77' lang='lat' dir='ltr'><strong>filius</strong></span> <span class='ocrx_word' id='word_1_583' title='bbox 1463 3782 2000 3849; x_wconf 73' lang='lat' dir='ltr'><strong>milti.Qua3rendum</strong></span> 
     </span>
    </p>
   </div>
   <div class='ocr_carea' id='block_1_75' title="bbox 2112 3780 3704 3861">
    <p class='ocr_par' dir='ltr' id='par_1_75' title="bbox 2112 3780 3704 3861">
     <span class='ocr_line' id='line_1_75' title="bbox 2112 3780 3704 3861; baseline 0.003 -24"><span class='ocrx_word' id='word_1_584' title='bbox 2112 3782 2333 3851; x_wconf 79' lang='grc' dir='ltr'><strong>δεσμος</strong></span> <span class='ocrx_word' id='word_1_585' title='bbox 2380 3780 2645 3850; x_wconf 82' lang='grc' dir='ltr'><strong>στακτῆς</strong></span> <span class='ocrx_word' id='word_1_586' title='bbox 2692 3782 3058 3852; x_wconf 69' lang='grc' dir='ltr'><strong>ἀδελφιδοῦς</strong></span> <span class='ocrx_word' id='word_1_587' title='bbox 3084 3786 3126 3817; x_wconf 75' lang='grc'><strong>⁸³</strong></span> <span class='ocrx_word' id='word_1_588' title='bbox 3152 3802 3274 3854; x_wconf 84' lang='grc' dir='ltr'><strong>μου</strong></span> <span class='ocrx_word' id='word_1_589' title='bbox 3324 3784 3475 3854; x_wconf 80' lang='grc' dir='ltr'><strong>ἐμοί.</strong></span> <span class='ocrx_word' id='word_1_590' title='bbox 3520 3790 3704 3861; x_wconf 83' lang='grc' dir='ltr'><strong>Ζητη-</strong></span> 
     </span>
    </p>
   </div>
   <div class='ocr_carea' id='block_1_76' title="bbox 418 3872 2009 3953">
    <p class='ocr_par' dir='ltr' id='par_1_76' title="bbox 418 3874 2007 3953">
     <span class='ocr_line' id='line_1_76' title="bbox 418 3874 2007 3953; baseline -0.005 -15"><span class='ocrx_word' id='word_1_591' title='bbox 418 3892 504 3938; x_wconf 83' lang='lat' dir='ltr'><strong>est</strong></span> <span class='ocrx_word' id='word_1_592' title='bbox 527 3882 705 3953; x_wconf 89' lang='lat' dir='ltr'><strong>primo</strong></span> <span class='ocrx_word' id='word_1_593' title='bbox 733 3892 834 3932; x_wconf 92' lang='lat' dir='ltr'><strong>cur</strong></span> <span class='ocrx_word' id='word_1_594' title='bbox 886 3889 1013 3930; x_wconf 89' lang='lat' dir='ltr'><strong>eum</strong></span> <span class='ocrx_word' id='word_1_595' title='bbox 1057 3874 1268 3937; x_wconf 81' lang='lat' dir='ltr'><strong>sororis</strong></span> <span class='ocrx_word' id='word_1_596' title='bbox 1300 3874 1488 3931; x_wconf 82' lang='lat' dir='ltr'><strong>.iilium</strong></span> <span class='ocrx_word' id='word_1_597' title='bbox 1531 3875 1788 3945; x_wconf 85' lang='lat' dir='ltr'><strong>appellet.</strong></span> <span class='ocrx_word' id='word_1_598' title='bbox 1824 3876 2007 3947; x_wconf 86' lang='lat' dir='ltr'><strong>Spon—</strong></span> 
     </span>
    </p>
   </div>
   <div class='ocr_carea' id='block_1_77' title="bbox 2112 3872 3697 3953">
    <p class='ocr_par' dir='ltr' id='par_1_77' title="bbox 2112 3872 3697 3947">
     <span class='ocr_line' id='line_1_77' title="bbox 2112 3872 3697 3947; baseline 0.004 -21"><span class='ocrx_word' id='word_1_599' title='bbox 2112 3874 2226 3928; x_wconf 85' lang='grc' dir='ltr'><strong>τέον</strong></span> <span class='ocrx_word' id='word_1_600' title='bbox 2249 3872 2306 3926; x_wconf 88' lang='grc' dir='ltr'><strong>δὲ</strong></span> <span class='ocrx_word' id='word_1_601' title='bbox 2332 3873 2615 3944; x_wconf 76' lang='grc' dir='ltr'><strong>πρότερον,</strong></span> <span class='ocrx_word' id='word_1_602' title='bbox 2638 3873 2690 3926; x_wconf 90' lang='grc' dir='ltr'><strong>τί</strong></span> <span class='ocrx_word' id='word_1_603' title='bbox 2719 3873 2919 3943; x_wconf 82' lang='grc' dir='ltr'><strong>δήποτε</strong></span> <span class='ocrx_word' id='word_1_604' title='bbox 2946 3874 3107 3927; x_wconf 84' lang='grc' dir='ltr'><strong>αὐτὸν</strong></span> <span class='ocrx_word' id='word_1_605' title='bbox 3143 3874 3457 3942; x_wconf 77' lang='grc' dir='ltr'><strong>ἀδελφιδοῦν</strong></span> <span class='ocrx_word' id='word_1_606' title='bbox 3484 3876 3697 3947; x_wconf 84' lang='grc' dir='ltr'><strong>ὀνομά-</strong></span> 
     </span>
    </p>
   </div>
   <div class='ocr_carea' id='block_1_78' title="bbox 419 3966 2001 4036">
    <p class='ocr_par' dir='ltr' id='par_1_78' title="bbox 419 3966 2001 4036">
     <span class='ocr_line' id='line_1_78' title="bbox 419 3966 2001 4036; baseline -0.004 -5"><span class='ocrx_word' id='word_1_607' title='bbox 419 3988 535 4031; x_wconf 87' lang='lat' dir='ltr'><strong>sam</strong></span> <span class='ocrx_word' id='word_1_608' title='bbox 561 3983 687 4027; x_wconf 82' lang='lat' dir='ltr'><strong>esse</strong></span> <span class='ocrx_word' id='word_1_609' title='bbox 715 3967 954 4022; x_wconf 90' lang='lat' dir='ltr'><strong>dicimus</strong></span> <span class='ocrx_word' id='word_1_610' title='bbox 984 3966 1273 4035; x_wconf 80' lang='lat' dir='ltr'><strong>collectam</strong></span> <span class='ocrx_word' id='word_1_611' title='bbox 1296 3981 1358 4020; x_wconf 70' lang='lat' dir='ltr'><strong>et</strong></span> <span class='ocrx_word' id='word_1_612' title='bbox 1386 3967 1641 4036; x_wconf 88' lang='lat' dir='ltr'><strong>gentibus</strong></span> <span class='ocrx_word' id='word_1_613' title='bbox 1665 3966 1966 4024; x_wconf 85' lang='lat' dir='ltr'><strong>Ecclesiam</strong></span> <span class='ocrx_word' id='word_1_614' title='bbox 1983 3988 2001 4025; x_wconf 85' lang='lat'><strong>:</strong></span> 
     </span>
    </p>
   </div>
   <div class='ocr_carea' id='block_1_79' title="bbox 419 4055 2004 4133">
    <p class='ocr_par' dir='ltr' id='par_1_79' title="bbox 419 4055 2004 4133">
     <span class='ocr_line' id='line_1_79' title="bbox 419 4055 2004 4133; baseline -0.002 -14"><span class='ocrx_word' id='word_1_615' title='bbox 419 4063 516 4129; x_wconf 76' lang='lat' dir='ltr'><strong>sed</strong></span> <span class='ocrx_word' id='word_1_616' title='bbox 549 4074 604 4119; x_wconf 89' lang='lat' dir='ltr'><strong>et</strong></span> <span class='ocrx_word' id='word_1_617' title='bbox 630 4060 876 4133; x_wconf 89' lang='lat' dir='ltr'><strong>priorem</strong></span> <span class='ocrx_word' id='word_1_618' title='bbox 922 4058 1113 4128; x_wconf 88' lang='lat' dir='ltr'><strong>sponsi</strong></span> <span class='ocrx_word' id='word_1_619' title='bbox 1161 4055 1420 4114; x_wconf 80' lang='lat' dir='ltr'><strong>uxorem‘</strong></span> <span class='ocrx_word' id='word_1_620' title='bbox 1447 4059 1863 4116; x_wconf 86' lang='lat' dir='ltr'><strong>multitudinem</strong></span> <span class='ocrx_word' id='word_1_621' title='bbox 1905 4060 2004 4116; x_wconf 81' lang='lat' dir='ltr'><strong>Ju—</strong></span> 
     </span>
    </p>
   </div>
   <div class='ocr_carea' id='block_1_80' title="bbox 418 4149 2004 4222">
    <p class='ocr_par' dir='ltr' id='par_1_80' title="bbox 418 4149 2004 4222">
     <span class='ocr_line' id='line_1_80' title="bbox 418 4149 2004 4222; baseline -0.003 -12"><span class='ocrx_word' id='word_1_622' title='bbox 418 4156 690 4217; x_wconf 69' lang='lat' dir='ltr'><strong>daaorum,</strong></span> <span class='ocrx_word' id='word_1_623' title='bbox 741 4165 863 4222; x_wconf 74' lang='lat' dir='ltr'><strong>quae</strong></span> <span class='ocrx_word' id='word_1_624' title='bbox 895 4157 1118 4220; x_wconf 89' lang='lat' dir='ltr'><strong>propter</strong></span> <span class='ocrx_word' id='word_1_625' title='bbox 1150 4164 1309 4204; x_wconf 90' lang='lat' dir='ltr'><strong>suam</strong></span> <span class='ocrx_word' id='word_1_626' title='bbox 1351 4149 1754 4218; x_wconf 86' lang='lat' dir='ltr'><strong>impudicitiam</strong></span> <span class='ocrx_word' id='word_1_627' title='bbox 1790 4152 2004 4221; x_wconf 88' lang='lat' dir='ltr'><strong>repudii</strong></span> 
     </span>
    </p>
   </div>
   <div class='ocr_carea' id='block_1_81' title="bbox 2110 3958 3699 4053">
    <p class='ocr_par' dir='ltr' id='par_1_81' title="bbox 2110 3958 3699 4053">
     <span class='ocr_line' id='line_1_81' title="bbox 2110 3958 3699 4053; baseline 0.004 -35"><span class='ocrx_word' id='word_1_628' title='bbox 2110 3958 2224 4053; x_wconf 74' lang='grc' dir='ltr'><strong>ζει·</strong></span> <span class='ocrx_word' id='word_1_629' title='bbox 2256 3965 2475 4037; x_wconf 88' lang='grc' dir='ltr'><strong>νύμφην</strong></span> <span class='ocrx_word' id='word_1_630' title='bbox 2519 3965 2573 4018; x_wconf 82' lang='grc' dir='ltr'><strong>δέ</strong></span> <span class='ocrx_word' id='word_1_631' title='bbox 2621 3965 2979 4037; x_wconf 78' lang='grc' dir='ltr'><strong>ἐδιδάχθημεν</strong></span> <span class='ocrx_word' id='word_1_632' title='bbox 3018 3968 3117 4037; x_wconf 82' lang='grc' dir='ltr'><strong>τὴν</strong></span> <span class='ocrx_word' id='word_1_633' title='bbox 3160 3967 3217 4033; x_wconf 80' lang='grc' dir='ltr'><strong>ἐξ</strong></span> <span class='ocrx_word' id='word_1_634' title='bbox 3256 3968 3426 4022; x_wconf 80' lang='grc' dir='ltr'><strong>ἐθνῶν</strong></span> <span class='ocrx_word' id='word_1_635' title='bbox 3463 3968 3699 4043; x_wconf 81' lang='grc' dir='ltr'><strong>Ἐκκλη-</strong></span> 
     </span>
    </p>
   </div>
   <div class='ocr_carea' id='block_1_82' title="bbox 2111 4056 3700 4134">
    <p class='ocr_par' dir='ltr' id='par_1_82' title="bbox 2111 4056 3700 4134">
     <span class='ocr_line' id='line_1_82' title="bbox 2111 4056 3700 4134; baseline 0.003 -23"><span class='ocrx_word' id='word_1_636' title='bbox 2111 4058 2265 4111; x_wconf 84' lang='grc' dir='ltr'><strong>σίαν·</strong></span> <span class='ocrx_word' id='word_1_637' title='bbox 2291 4056 2429 4115; x_wconf 87' lang='grc' dir='ltr'><strong>ἀλλά</strong></span> <span class='ocrx_word' id='word_1_638' title='bbox 2473 4056 2568 4110; x_wconf 75' lang='grc' dir='ltr'><strong>καὶ</strong></span> <span class='ocrx_word' id='word_1_639' title='bbox 2605 4059 2839 4125; x_wconf 88' lang='grc' dir='ltr'><strong>γυναῖκα</strong></span> <span class='ocrx_word' id='word_1_640' title='bbox 2876 4058 3147 4129; x_wconf 87' lang='grc' dir='ltr'><strong>προτέραν</strong></span> <span class='ocrx_word' id='word_1_641' title='bbox 3171 4058 3265 4112; x_wconf 82' lang='grc' dir='ltr'><strong>τοῦ</strong></span> <span class='ocrx_word' id='word_1_642' title='bbox 3323 4061 3554 4131; x_wconf 84' lang='grc' dir='ltr'><strong>νυμφίου</strong></span> <span class='ocrx_word' id='word_1_643' title='bbox 3596 4064 3700 4134; x_wconf 74' lang='grc' dir='ltr'><strong>τὴν</strong></span> 
     </span>
    </p>
   </div>
   <div class='ocr_carea' id='block_1_83' title="bbox 2116 4145 3701 4220">
    <p class='ocr_par' dir='ltr' id='par_1_83' title="bbox 2116 4145 3701 4220">
     <span class='ocr_line' id='line_1_83' title="bbox 2116 4145 3701 4220; baseline 0.006 -20"><span class='ocrx_word' id='word_1_644' title='bbox 2116 4146 2385 4201; x_wconf 83' lang='grc' dir='ltr'><strong>Ἰουδαίων</strong></span> <span class='ocrx_word' id='word_1_645' title='bbox 2411 4145 2645 4218; x_wconf 81' lang='grc' dir='ltr'><strong>πληθὺν,</strong></span> <span class='ocrx_word' id='word_1_646' title='bbox 2671 4146 2941 4201; x_wconf 78' lang='grc' dir='ltr'><strong>λαϐοῦσαν</strong></span> <span class='ocrx_word' id='word_1_647' title='bbox 2986 4148 3188 4218; x_wconf 86' lang='grc' dir='ltr'><strong>βιϐλίον</strong></span> <span class='ocrx_word' id='word_1_648' title='bbox 3232 4150 3566 4207; x_wconf 79' lang='grc' dir='ltr'><strong>ἀποστασίου</strong></span> <span class='ocrx_word' id='word_1_649' title='bbox 3609 4158 3701 4220; x_wconf 74' lang='grc' dir='ltr'><strong>είς</strong></span> 
     </span>
    </p>
   </div>
   <div class='ocr_carea' id='block_1_84' title="bbox 420 4238 2009 4313">
    <p class='ocr_par' dir='ltr' id='par_1_84' title="bbox 420 4238 2001 4310">
     <span class='ocr_line' id='line_1_84' title="bbox 420 4238 2001 4310; baseline 0.001 -13"><span class='ocrx_word' id='word_1_650' title='bbox 420 4242 662 4299; x_wconf 86' lang='lat' dir='ltr'><strong>libellum</strong></span> <span class='ocrx_word' id='word_1_651' title='bbox 712 4242 767 4296; x_wconf 87' lang='lat' dir='ltr'><strong>in</strong></span> <span class='ocrx_word' id='word_1_652' title='bbox 800 4255 1001 4295; x_wconf 90' lang='lat' dir='ltr'><strong>manus</strong></span> <span class='ocrx_word' id='word_1_653' title='bbox 1054 4254 1187 4295; x_wconf 89' lang='lat' dir='ltr'><strong>suas</strong></span> <span class='ocrx_word' id='word_1_654' title='bbox 1239 4240 1474 4310; x_wconf 83' lang='lat' dir='ltr'><strong>accepit.</strong></span> <span class='ocrx_word' id='word_1_655' title='bbox 1532 4238 1769 4298; x_wconf 87' lang='lat' dir='ltr'><strong>Sorores</strong></span> <span class='ocrx_word' id='word_1_656' title='bbox 1821 4249 2001 4298; x_wconf 87' lang='lat' dir='ltr'><strong>autem</strong></span> 
     </span>
    </p>
   </div>
   <div class='ocr_carea' id='block_1_85' title="bbox 2112 4238 3701 4313">
    <p class='ocr_par' dir='ltr' id='par_1_85' title="bbox 2112 4239 3701 4313">
     <span class='ocr_line' id='line_1_85' title="bbox 2112 4239 3701 4313; baseline 0.005 -20"><span class='ocrx_word' id='word_1_657' title='bbox 2112 4239 2199 4304; x_wconf 73' lang='grc' dir='ltr'><strong>τὰς</strong></span> <span class='ocrx_word' id='word_1_658' title='bbox 2229 4243 2418 4312; x_wconf 81' lang='grc' dir='ltr'><strong>χεῖρας</strong></span> <span class='ocrx_word' id='word_1_659' title='bbox 2440 4240 2634 4311; x_wconf 75' lang='grc' dir='ltr'><strong>αὐτῆς,</strong></span> <span class='ocrx_word' id='word_1_660' title='bbox 2659 4241 2750 4295; x_wconf 72' lang='grc' dir='ltr'><strong>διὰ</strong></span> <span class='ocrx_word' id='word_1_661' title='bbox 2788 4239 2885 4313; x_wconf 79' lang='grc' dir='ltr'><strong>τὴν</strong></span> <span class='ocrx_word' id='word_1_662' title='bbox 2909 4241 3121 4297; x_wconf 72' lang='grc' dir='ltr'><strong>οἰκείαν</strong></span> <span class='ocrx_word' id='word_1_663' title='bbox 3155 4242 3472 4298; x_wconf 83' lang='grc' dir='ltr'><strong>ἀκολασίαν.</strong></span> <span class='ocrx_word' id='word_1_664' title='bbox 3515 4246 3701 4301; x_wconf 83' lang='grc' dir='ltr'><strong>Ἀδελ-</strong></span> 
     </span>
    </p>
   </div>
   <div class='ocr_carea' id='block_1_86' title="bbox 420 4331 2005 4407">
    <p class='ocr_par' dir='ltr' id='par_1_86' title="bbox 420 4331 2005 4407">
     <span class='ocr_line' id='line_1_86' title="bbox 420 4331 2005 4407; baseline -0.003 -14"><span class='ocrx_word' id='word_1_665' title='bbox 420 4338 572 4400; x_wconf 85' lang='lat' dir='ltr'><strong>s&#39;unt,</strong></span> <span class='ocrx_word' id='word_1_666' title='bbox 601 4334 864 4407; x_wconf 85' lang='lat' dir='ltr'><strong>quoniam</strong></span> <span class='ocrx_word' id='word_1_667' title='bbox 900 4348 960 4389; x_wconf 91' lang='lat' dir='ltr'><strong>se</strong></span> <span class='ocrx_word' id='word_1_668' title='bbox 991 4347 1057 4387; x_wconf 80' lang='lat' dir='ltr'><strong>ex</strong></span> <span class='ocrx_word' id='word_1_669' title='bbox 1100 4331 1310 4386; x_wconf 80' lang='lat' dir='ltr'><strong>Adamo</strong></span> <span class='ocrx_word' id='word_1_670' title='bbox 1359 4339 1515 4402; x_wconf 88' lang='lat' dir='ltr'><strong>patre</strong></span> <span class='ocrx_word' id='word_1_671' title='bbox 1562 4332 1780 4404; x_wconf 87' lang='lat' dir='ltr'><strong>genitas</strong></span> <span class='ocrx_word' id='word_1_672' title='bbox 1829 4335 2005 4389; x_wconf 63' lang='lat' dir='ltr'><strong>ambae</strong></span> 
     </span>
    </p>
   </div>
   <div class='ocr_carea' id='block_1_87' title="bbox 419 4421 2005 4497">
    <p class='ocr_par' dir='ltr' id='par_1_87' title="bbox 419 4421 2005 4497">
     <span class='ocr_line' id='line_1_87' title="bbox 419 4421 2005 4497; baseline 0.001 -18"><span class='ocrx_word' id='word_1_673' title='bbox 419 4424 745 4497; x_wconf 88' lang='lat' dir='ltr'><strong>gloriantur.</strong></span> <span class='ocrx_word' id='word_1_674' title='bbox 786 4422 892 4479; x_wconf 85' lang='lat' dir='ltr'><strong>Sed</strong></span> <span class='ocrx_word' id='word_1_675' title='bbox 942 4436 1205 4493; x_wconf 85' lang='lat' dir='ltr'><strong>sponsus,</strong></span> <span class='ocrx_word' id='word_1_676' title='bbox 1254 4421 1409 4492; x_wconf 89' lang='lat' dir='ltr'><strong>quod</strong></span> <span class='ocrx_word' id='word_1_677' title='bbox 1464 4421 1537 4477; x_wconf 90' lang='lat' dir='ltr'><strong>ad</strong></span> <span class='ocrx_word' id='word_1_678' title='bbox 1583 4422 1731 4493; x_wconf 75' lang='lat' dir='ltr'><strong>ejus,</strong></span> <span class='ocrx_word' id='word_1_679' title='bbox 1762 4426 2005 4494; x_wconf 89' lang='lat' dir='ltr'><strong>pertinet</strong></span> 
     </span>
    </p>
   </div>
   <div class='ocr_carea' id='block_1_88' title="bbox 2102 4332 3697 4407">
    <p class='ocr_par' dir='ltr' id='par_1_88' title="bbox 2102 4332 3697 4407">
     <span class='ocr_line' id='line_1_88' title="bbox 2102 4332 3697 4407; baseline 0.006 -23"><span class='ocrx_word' id='word_1_680' title='bbox 2102 4332 2199 4401; x_wconf 75' lang='grc' dir='ltr'><strong>φαὶ</strong></span> <span class='ocrx_word' id='word_1_681' title='bbox 2225 4333 2281 4385; x_wconf 80' lang='grc' dir='ltr'><strong>δὲ</strong></span> <span class='ocrx_word' id='word_1_682' title='bbox 2307 4332 2691 4403; x_wconf 59' lang='grc' dir='ltr'><strong>τυγχάνουσιν</strong></span> <span class='ocrx_word' id='word_1_683' title='bbox 2724 4333 2891 4403; x_wconf 83' lang='grc' dir='ltr'><strong>ἄμφω</strong></span> <span class='ocrx_word' id='word_1_684' title='bbox 2938 4333 3047 4405; x_wconf 89' lang='grc' dir='ltr'><strong>γάρ</strong></span> <span class='ocrx_word' id='word_1_685' title='bbox 3096 4334 3188 4388; x_wconf 81' lang='grc' dir='ltr'><strong>τὸν</strong></span> <span class='ocrx_word' id='word_1_686' title='bbox 3240 4334 3413 4405; x_wconf 79' lang='grc' dir='ltr'><strong>’Δδάμ</strong></span> <span class='ocrx_word' id='word_1_687' title='bbox 3459 4337 3697 4407; x_wconf 80' lang='grc' dir='ltr'><strong>αὐχοῦσι</strong></span> 
     </span>
    </p>
   </div>
   <div class='ocr_carea' id='block_1_89' title="bbox 2101 4420 3697 4499">
    <p class='ocr_par' dir='ltr' id='par_1_89' title="bbox 2101 4420 3697 4499">
     <span class='ocr_line' id='line_1_89' title="bbox 2101 4420 3697 4499; baseline 0.007 -26"><span class='ocrx_word' id='word_1_688' title='bbox 2101 4420 2314 4490; x_wconf 81' lang='grc' dir='ltr'><strong>πατέρα</strong></span> <span class='ocrx_word' id='word_1_689' title='bbox 2334 4438 2347 4451; x_wconf 89' lang='grc'><strong>·</strong></span> <span class='ocrx_word' id='word_1_690' title='bbox 2380 4421 2494 4474; x_wconf 85' lang='grc' dir='ltr'><strong>ἀλλ’</strong></span> <span class='ocrx_word' id='word_1_691' title='bbox 2523 4424 2551 4476; x_wconf 85' lang='grc' dir='ltr'>ὁ</span> <span class='ocrx_word' id='word_1_692' title='bbox 2576 4423 2805 4493; x_wconf 86' lang='grc' dir='ltr'><strong>νυμφίος</strong></span> <span class='ocrx_word' id='word_1_693' title='bbox 2832 4425 2897 4478; x_wconf 81' lang='grc' dir='ltr'><strong>ὲκ</strong></span> <span class='ocrx_word' id='word_1_694' title='bbox 2934 4423 3035 4492; x_wconf 84' lang='grc' dir='ltr'><strong>τῆς</strong></span> <span class='ocrx_word' id='word_1_695' title='bbox 3079 4424 3348 4496; x_wconf 83' lang='grc' dir='ltr'><strong>προτέρας</strong></span> <span class='ocrx_word' id='word_1_696' title='bbox 3388 4426 3697 4499; x_wconf 74' lang='grc' dir='ltr'><strong>ἐϐλάστησε</strong></span> 
     </span>
    </p>
   </div>
   <div class='ocr_carea' id='block_1_90' title="bbox 420 4498 2009 4588">
    <p class='ocr_par' dir='ltr' id='par_1_90' title="bbox 420 4498 2000 4583">
     <span class='ocr_line' id='line_1_90' title="bbox 420 4498 2000 4583; baseline 0 -14"><span class='ocrx_word' id='word_1_697' title='bbox 420 4515 837 4577; x_wconf 83' lang='lat' dir='ltr'><strong>humanitatem,</strong></span> <span class='ocrx_word' id='word_1_698' title='bbox 871 4528 938 4568; x_wconf 80' lang='lat' dir='ltr'><strong>ex</strong></span> <span class='ocrx_word' id='word_1_699' title='bbox 986 4513 1170 4583; x_wconf 90' lang='lat' dir='ltr'><strong>priore</strong></span> <span class='ocrx_word' id='word_1_700' title='bbox 1208 4519 1372 4567; x_wconf 89' lang='lat' dir='ltr'><strong>natus</strong></span> <span class='ocrx_word' id='word_1_701' title='bbox 1418 4520 1522 4567; x_wconf 88' lang='lat' dir='ltr'><strong>est.</strong></span> <span class='ocrx_word' id='word_1_702' title='bbox 1586 4530 1608 4564; x_wconf 78' lang='grc' dir='ltr'><strong>ι</strong></span> <span class='ocrx_word' id='word_1_703' title='bbox 1644 4498 2000 4569; x_wconf 81' lang='lat' dir='ltr'><strong>Manifestum</strong></span> 
     </span>
    </p>
   </div>
   <div class='ocr_carea' id='block_1_91' title="bbox 2112 4498 3694 4588">
    <p class='ocr_par' dir='ltr' id='par_1_91' title="bbox 2112 4498 3694 4588">
     <span class='ocr_line' id='line_1_91' title="bbox 2112 4498 3694 4588; baseline 0.004 -22"><span class='ocrx_word' id='word_1_704' title='bbox 2112 4512 2244 4566; x_wconf 76' lang='grc' dir='ltr'><strong>κατά</strong></span> <span class='ocrx_word' id='word_1_705' title='bbox 2274 4512 2333 4564; x_wconf 79' lang='grc' dir='ltr'><strong>τὺ</strong></span> <span class='ocrx_word' id='word_1_706' title='bbox 2357 4511 2718 4584; x_wconf 88' lang='grc' dir='ltr'><strong>ἀνθρώπινον.</strong></span> <span class='ocrx_word' id='word_1_707' title='bbox 2759 4516 2899 4585; x_wconf 73' lang='grc' dir='ltr'><strong>Φησὶ</strong></span> <span class='ocrx_word' id='word_1_708' title='bbox 2926 4514 3034 4587; x_wconf 82' lang='grc' dir='ltr'><strong>γὰρ</strong></span> <span class='ocrx_word' id='word_1_709' title='bbox 3075 4516 3103 4569; x_wconf 86' lang='grc' dir='ltr'><strong>ὁ</strong></span> <span class='ocrx_word' id='word_1_710' title='bbox 3146 4517 3418 4588; x_wconf 82' lang='grc' dir='ltr'><strong>μακάριος</strong></span> <span class='ocrx_word' id='word_1_711' title='bbox 3446 4498 3694 4586; x_wconf 77' lang='grc' dir='ltr'><strong>Παῦλοςο</strong></span> 
     </span>
    </p>
   </div>
   <div class='ocr_carea' id='block_1_92' title="bbox 417 4602 1999 4677">
    <p class='ocr_par' dir='ltr' id='par_1_92' title="bbox 417 4602 1999 4677">
     <span class='ocr_line' id='line_1_92' title="bbox 417 4602 1999 4677; baseline -0.001 -16"><span class='ocrx_word' id='word_1_712' title='bbox 417 4612 506 4663; x_wconf 86' lang='lat' dir='ltr'><strong>est</strong></span> <span class='ocrx_word' id='word_1_713' title='bbox 528 4616 731 4671; x_wconf 88' lang='lat' dir='ltr'><strong>autem,</strong></span> <span class='ocrx_word' id='word_1_714' title='bbox 772 4605 951 4677; x_wconf 85' lang='lat' dir='ltr'><strong>inquit</strong></span> <span class='ocrx_word' id='word_1_715' title='bbox 981 4605 1180 4661; x_wconf 85' lang='lat' dir='ltr'><strong>beatus</strong></span> <span class='ocrx_word' id='word_1_716' title='bbox 1206 4602 1432 4671; x_wconf 85' lang='lat' dir='ltr'><strong>Paulus,</strong></span> <span class='ocrx_word' id='word_1_717' title='bbox 1465 4603 1613 4673; x_wconf 93' lang='lat' dir='ltr'><strong>quod</strong></span> <span class='ocrx_word' id='word_1_718' title='bbox 1643 4619 1711 4659; x_wconf 80' lang='lat' dir='ltr'><strong>ex</strong></span> <span class='ocrx_word' id='word_1_719' title='bbox 1738 4602 1879 4658; x_wconf 79' lang='lat' dir='ltr'><strong>Juda</strong></span> <span class='ocrx_word' id='word_1_720' title='bbox 1909 4620 1999 4660; x_wconf 86' lang='lat' dir='ltr'><strong>or-</strong></span> 
     </span>
    </p>
   </div>
   <div class='ocr_carea' id='block_1_93' title="bbox 418 4694 1995 4765">
    <p class='ocr_par' dir='ltr' id='par_1_93' title="bbox 418 4694 1995 4765">
     <span class='ocr_line' id='line_1_93' title="bbox 418 4694 1995 4765; baseline -0.001 -14"><span class='ocrx_word' id='word_1_721' title='bbox 418 4705 511 4753; x_wconf 90' lang='lat' dir='ltr'><strong>tus</strong></span> <span class='ocrx_word' id='word_1_722' title='bbox 534 4697 607 4751; x_wconf 90' lang='lat' dir='ltr'><strong>sit</strong></span> <span class='ocrx_word' id='word_1_723' title='bbox 641 4694 911 4753; x_wconf 86' lang='lat' dir='ltr'><strong>Dominus</strong></span> <span class='ocrx_word' id='word_1_724' title='bbox 934 4698 985 4751; x_wconf 76' lang='lat' dir='ltr'><strong>h.</strong></span> <span class='ocrx_word' id='word_1_725' title='bbox 1022 4715 1042 4749; x_wconf 80' lang='grc' dir='ltr'><strong>ι</strong></span> <span class='ocrx_word' id='word_1_726' title='bbox 1090 4695 1160 4751; x_wconf 85' lang='lat' dir='ltr'><strong>Et</strong></span> <span class='ocrx_word' id='word_1_727' title='bbox 1196 4694 1328 4751; x_wconf 87' lang='lat' dir='ltr'><strong>alibi</strong></span> <span class='ocrx_word' id='word_1_728' title='bbox 1366 4713 1379 4748; x_wconf 89' lang='lat'><strong>:</strong></span> <span class='ocrx_word' id='word_1_729' title='bbox 1417 4712 1437 4746; x_wconf 75' lang='grc' dir='ltr'><strong>ι</strong></span> <span class='ocrx_word' id='word_1_730' title='bbox 1468 4694 1723 4760; x_wconf 64' lang='lat' dir='ltr'><strong>Abrahae,</strong></span> <span class='ocrx_word' id='word_1_731' title='bbox 1779 4695 1995 4765; x_wconf 91' lang='lat' dir='ltr'><strong>inquit,</strong></span> 
     </span>
    </p>
   </div>
   <div class='ocr_carea' id='block_1_94' title="bbox 419 4784 2000 4858">
    <p class='ocr_par' dir='ltr' id='par_1_94' title="bbox 419 4784 2000 4858">
     <span class='ocr_line' id='line_1_94' title="bbox 419 4784 2000 4858; baseline -0.002 -15"><span class='ocrx_word' id='word_1_732' title='bbox 419 4790 584 4857; x_wconf 72' lang='lat' dir='ltr'><strong>dictae</strong></span> <span class='ocrx_word' id='word_1_733' title='bbox 612 4799 740 4845; x_wconf 89' lang='lat' dir='ltr'><strong>sunt</strong></span> <span class='ocrx_word' id='word_1_734' title='bbox 767 4788 1187 4858; x_wconf 83' lang='lat' dir='ltr'><strong>promissiones,</strong></span> <span class='ocrx_word' id='word_1_735' title='bbox 1219 4794 1274 4843; x_wconf 90' lang='lat' dir='ltr'><strong>et</strong></span> <span class='ocrx_word' id='word_1_736' title='bbox 1304 4784 1503 4842; x_wconf 87' lang='lat' dir='ltr'><strong>semini</strong></span> <span class='ocrx_word' id='word_1_737' title='bbox 1533 4785 1676 4857; x_wconf 88' lang='lat' dir='ltr'><strong>ejus.</strong></span> <span class='ocrx_word' id='word_1_738' title='bbox 1714 4785 1837 4842; x_wconf 84' lang='lat' dir='ltr'><strong>Non</strong></span> <span class='ocrx_word' id='word_1_739' title='bbox 1864 4786 2000 4842; x_wconf 87' lang='lat' dir='ltr'><strong>dicit</strong></span> 
     </span>
    </p>
   </div>
   <div class='ocr_carea' id='block_1_95' title="bbox 423 4874 1994 4947">
    <p class='ocr_par' dir='ltr' id='par_1_95' title="bbox 423 4874 1994 4947">
     <span class='ocr_line' id='line_1_95' title="bbox 423 4874 1994 4947; baseline -0.005 -10"><span class='ocrx_word' id='word_1_740' title='bbox 423 4878 489 4939; x_wconf 82' lang='lat' dir='ltr'><strong>Et</strong></span> <span class='ocrx_word' id='word_1_741' title='bbox 515 4876 854 4942; x_wconf 85' lang='lat' dir='ltr'><strong>seminibus,</strong></span> <span class='ocrx_word' id='word_1_742' title='bbox 885 4876 1042 4947; x_wconf 88' lang='lat' dir='ltr'><strong>quasi</strong></span> <span class='ocrx_word' id='word_1_743' title='bbox 1086 4876 1142 4930; x_wconf 91' lang='lat' dir='ltr'><strong>in</strong></span> <span class='ocrx_word' id='word_1_744' title='bbox 1177 4876 1365 4931; x_wconf 89' lang='lat' dir='ltr'><strong>multis</strong></span> <span class='ocrx_word' id='word_1_745' title='bbox 1399 4893 1413 4929; x_wconf 89' lang='lat'><strong>:</strong></span> <span class='ocrx_word' id='word_1_746' title='bbox 1451 4874 1547 4931; x_wconf 91' lang='lat' dir='ltr'><strong>sed</strong></span> <span class='ocrx_word' id='word_1_747' title='bbox 1573 4874 1732 4946; x_wconf 89' lang='lat' dir='ltr'><strong>quasi</strong></span> <span class='ocrx_word' id='word_1_748' title='bbox 1778 4874 1832 4929; x_wconf 91' lang='lat' dir='ltr'><strong>in</strong></span> <span class='ocrx_word' id='word_1_749' title='bbox 1863 4889 1994 4941; x_wconf 89' lang='lat' dir='ltr'><strong>uno,</strong></span> 
     </span>
    </p>
   </div>
   <div class='ocr_carea' id='block_1_96' title="bbox 2109 4596 3690 4680">
    <p class='ocr_par' dir='ltr' id='par_1_96' title="bbox 2109 4596 3690 4680">
     <span class='ocr_line' id='line_1_96' title="bbox 2109 4596 3690 4680; baseline 0.008 -26"><span class='ocrx_word' id='word_1_750' title='bbox 2109 4620 2128 4654; x_wconf 75' lang='grc' dir='ltr'><strong>ι</strong></span> <span class='ocrx_word' id='word_1_751' title='bbox 2160 4602 2428 4674; x_wconf 86' lang='grc' dir='ltr'><strong>Πρόδηλον</strong></span> <span class='ocrx_word' id='word_1_752' title='bbox 2452 4602 2507 4656; x_wconf 87' lang='grc' dir='ltr'><strong>δὲ</strong></span> <span class='ocrx_word' id='word_1_753' title='bbox 2547 4604 2629 4657; x_wconf 86' lang='grc' dir='ltr'><strong>ὅτι</strong></span> <span class='ocrx_word' id='word_1_754' title='bbox 2661 4602 2720 4669; x_wconf 76' lang='grc' dir='ltr'><strong>ἐξ</strong></span> <span class='ocrx_word' id='word_1_755' title='bbox 2754 4596 2923 4659; x_wconf 80' lang='grc' dir='ltr'><strong>Ἰούδα</strong></span> <span class='ocrx_word' id='word_1_756' title='bbox 2954 4606 3318 4660; x_wconf 82' lang='grc' dir='ltr'><strong>ἀνατέταλκεν</strong></span> <span class='ocrx_word' id='word_1_757' title='bbox 3341 4610 3367 4661; x_wconf 73' lang='grc' dir='ltr'>ὁ</span> <span class='ocrx_word' id='word_1_758' title='bbox 3399 4609 3627 4680; x_wconf 84' lang='grc' dir='ltr'><strong>Κύριος.</strong></span> <span class='ocrx_word' id='word_1_759' title='bbox 3667 4632 3690 4666; x_wconf 75' lang='grc' dir='ltr'><strong>ι</strong></span> 
     </span>
    </p>
   </div>
   <div class='ocr_carea' id='block_1_97' title="bbox 2104 4694 3695 4772">
    <p class='ocr_par' dir='ltr' id='par_1_97' title="bbox 2104 4694 3695 4772">
     <span class='ocr_line' id='line_1_97' title="bbox 2104 4694 3695 4772; baseline 0.005 -24"><span class='ocrx_word' id='word_1_760' title='bbox 2104 4694 2214 4749; x_wconf 87' lang='lat' dir='ltr'><strong>Kal.</strong></span> <span class='ocrx_word' id='word_1_761' title='bbox 2243 4695 2438 4749; x_wconf 78' lang='grc' dir='ltr'><strong>πάλινο</strong></span> <span class='ocrx_word' id='word_1_762' title='bbox 2471 4716 2489 4748; x_wconf 81' lang='grc' dir='ltr'><strong>ι</strong></span> <span class='ocrx_word' id='word_1_763' title='bbox 2522 4695 2610 4767; x_wconf 79' lang='grc' dir='ltr'><strong>Τῷ</strong></span> <span class='ocrx_word' id='word_1_764' title='bbox 2649 4696 2705 4751; x_wconf 86' lang='grc' dir='ltr'><strong>δέ</strong></span> <span class='ocrx_word' id='word_1_765' title='bbox 2746 4696 2998 4770; x_wconf 81' lang='grc' dir='ltr'><strong>Ἀϐραὰμ</strong></span> <span class='ocrx_word' id='word_1_766' title='bbox 3056 4699 3361 4771; x_wconf 74' lang='grc' dir='ltr'><strong>ἐρρέθησαν</strong></span> <span class='ocrx_word' id='word_1_767' title='bbox 3411 4702 3465 4754; x_wconf 78' lang='grc' dir='ltr'><strong>αἱ</strong></span> <span class='ocrx_word' id='word_1_768' title='bbox 3516 4704 3695 4772; x_wconf 75' lang='grc' dir='ltr'><strong>ἐπαγ‹</strong></span> 
     </span>
    </p>
   </div>
   <div class='ocr_carea' id='block_1_98' title="bbox 2102 4787 3697 4862">
    <p class='ocr_par' dir='ltr' id='par_1_98' title="bbox 2102 4787 3697 4862">
     <span class='ocr_line' id='line_1_98' title="bbox 2102 4787 3697 4862; baseline 0.005 -21"><span class='ocrx_word' id='word_1_769' title='bbox 2102 4788 2301 4856; x_wconf 86' lang='grc' dir='ltr'><strong>γελίαι,</strong></span> <span class='ocrx_word' id='word_1_770' title='bbox 2325 4787 2520 4859; x_wconf 75' lang='grc' dir='ltr'><strong>καὶτῷ</strong></span> <span class='ocrx_word' id='word_1_771' title='bbox 2552 4789 2827 4860; x_wconf 87' lang='grc' dir='ltr'><strong>σπέρματι</strong></span> <span class='ocrx_word' id='word_1_772' title='bbox 2858 4789 3043 4844; x_wconf 79' lang='grc' dir='ltr'><strong>αὐτοῦ.</strong></span> <span class='ocrx_word' id='word_1_773' title='bbox 3090 4792 3165 4845; x_wconf 84' lang='grc' dir='ltr'><strong>υύ</strong></span> <span class='ocrx_word' id='word_1_774' title='bbox 3219 4792 3388 4861; x_wconf 84' lang='grc' dir='ltr'><strong>λέγει,</strong></span> <span class='ocrx_word' id='word_1_775' title='bbox 3428 4794 3541 4847; x_wconf 80' lang='grc' dir='ltr'><strong>Καὶ</strong></span> <span class='ocrx_word' id='word_1_776' title='bbox 3579 4800 3697 4862; x_wconf 84' lang='grc' dir='ltr'><strong>τοῖς</strong></span> 
     </span>
    </p>
   </div>
   <div class='ocr_carea' id='block_1_99' title="bbox 2103 4880 3694 4957">
    <p class='ocr_par' dir='ltr' id='par_1_99' title="bbox 2103 4880 3694 4957">
     <span class='ocr_line' id='line_1_99' title="bbox 2103 4880 3694 4957; baseline 0.007 -23"><span class='ocrx_word' id='word_1_777' title='bbox 2103 4882 2433 4952; x_wconf 85' lang='grc' dir='ltr'><strong>σπέρμασιν,</strong></span> <span class='ocrx_word' id='word_1_778' title='bbox 2475 4880 2555 4946; x_wconf 82' lang='grc' dir='ltr'><strong>ὡς</strong></span> <span class='ocrx_word' id='word_1_779' title='bbox 2591 4880 2685 4934; x_wconf 75' lang='grc' dir='ltr'><strong>ἐπὶ</strong></span> <span class='ocrx_word' id='word_1_780' title='bbox 2726 4881 2957 4947; x_wconf 88' lang='grc' dir='ltr'><strong>πολλῶν,</strong></span> <span class='ocrx_word' id='word_1_781' title='bbox 2988 4882 3104 4937; x_wconf 78' lang='grc' dir='ltr'><strong>ἀλλ’</strong></span> <span class='ocrx_word' id='word_1_782' title='bbox 3130 4885 3206 4948; x_wconf 87' lang='grc' dir='ltr'><strong>ὠς</strong></span> <span class='ocrx_word' id='word_1_783' title='bbox 3254 4887 3340 4957; x_wconf 77' lang='grc' dir='ltr'><strong>ἐφ’</strong></span> <span class='ocrx_word' id='word_1_784' title='bbox 3393 4889 3540 4951; x_wconf 79' lang='grc' dir='ltr'><strong>ἑνός·</strong></span> <span class='ocrx_word' id='word_1_785' title='bbox 3577 4891 3694 4945; x_wconf 75' lang='grc' dir='ltr'><strong>Καὶ</strong></span> 
     </span>
    </p>
   </div>
   <div class='ocr_carea' id='block_1_100' title="bbox 421 4964 2009 5049">
    <p class='ocr_par' dir='ltr' id='par_1_100' title="bbox 421 4964 1997 5045">
     <span class='ocr_line' id='line_1_100' title="bbox 421 4964 1997 5045; baseline -0.003 -21"><span class='ocrx_word' id='word_1_786' title='bbox 421 4970 487 5045; x_wconf 71' lang='lat' dir='ltr'><strong>Et</strong></span> <span class='ocrx_word' id='word_1_787' title='bbox 516 4967 877 5041; x_wconf 86' lang='lat' dir='ltr'><strong>seminiejus,</strong></span> <span class='ocrx_word' id='word_1_788' title='bbox 911 4967 1006 5039; x_wconf 87' lang='lat' dir='ltr'><strong>qui</strong></span> <span class='ocrx_word' id='word_1_789' title='bbox 1032 4973 1117 5022; x_wconf 89' lang='lat' dir='ltr'><strong>est</strong></span> <span class='ocrx_word' id='word_1_790' title='bbox 1138 4965 1396 5021; x_wconf 86' lang='lat' dir='ltr'><strong>Christus</strong></span> <span class='ocrx_word' id='word_1_791' title='bbox 1433 4967 1478 5023; x_wconf 80' lang='grc' dir='ltr'><strong>ί.</strong></span> <span class='ocrx_word' id='word_1_792' title='bbox 1519 4983 1541 5017; x_wconf 78' lang='grc' dir='ltr'><strong>ι</strong></span> <span class='ocrx_word' id='word_1_793' title='bbox 1571 4965 1648 5021; x_wconf 84' lang='lat' dir='ltr'><strong>Ac</strong></span> <span class='ocrx_word' id='word_1_794' title='bbox 1668 4964 1780 5039; x_wconf 67' lang='grc'>49</span> <span class='ocrx_word' id='word_1_795' title='bbox 1808 4965 1874 5023; x_wconf 91' lang='lat' dir='ltr'><strong>de</strong></span> <span class='ocrx_word' id='word_1_796' title='bbox 1902 4964 1997 5020; x_wconf 85' lang='lat' dir='ltr'><strong>Da-</strong></span> 
     </span>
    </p>
   </div>
   <div class='ocr_carea' id='block_1_101' title="bbox 2112 4964 3696 5049">
    <p class='ocr_par' dir='ltr' id='par_1_101' title="bbox 2112 4970 3696 5049">
     <span class='ocr_line' id='line_1_101' title="bbox 2112 4970 3696 5049; baseline 0.005 -25"><span class='ocrx_word' id='word_1_797' title='bbox 2112 4971 2178 5044; x_wconf 79' lang='grc' dir='ltr'><strong>τῷ</strong></span> <span class='ocrx_word' id='word_1_798' title='bbox 2206 4972 2483 5045; x_wconf 86' lang='grc' dir='ltr'><strong>σπέρματι</strong></span> <span class='ocrx_word' id='word_1_799' title='bbox 2513 4970 2680 5026; x_wconf 83' lang='grc' dir='ltr'><strong>αὐτοῦ</strong></span> <span class='ocrx_word' id='word_1_800' title='bbox 2719 4971 2783 5039; x_wconf 85' lang='grc'><strong>¹³,</strong></span> <span class='ocrx_word' id='word_1_801' title='bbox 2816 4973 2875 5036; x_wconf 87' lang='grc' dir='ltr'><strong>ὃς</strong></span> <span class='ocrx_word' id='word_1_802' title='bbox 2909 4974 3025 5027; x_wconf 86' lang='grc' dir='ltr'><strong>ἐστι</strong></span> <span class='ocrx_word' id='word_1_803' title='bbox 3058 4975 3312 5045; x_wconf 86' lang='grc' dir='ltr'><strong>Χριστός.</strong></span> <span class='ocrx_word' id='word_1_804' title='bbox 3363 4996 3380 5029; x_wconf 85' lang='grc' dir='ltr'><strong>ι</strong></span> <span class='ocrx_word' id='word_1_805' title='bbox 3417 4979 3527 5032; x_wconf 76' lang='grc' dir='ltr'><strong>Καὶ</strong></span> <span class='ocrx_word' id='word_1_806' title='bbox 3564 4981 3696 5049; x_wconf 75' lang='grc' dir='ltr'><strong>περὶ</strong></span> 
     </span>
    </p>
   </div>
   <div class='ocr_carea' id='block_1_102' title="bbox 423 5056 2009 5142">
    <p class='ocr_par' dir='ltr' id='par_1_102' title="bbox 423 5056 1999 5129">
     <span class='ocr_line' id='line_1_102' title="bbox 423 5056 1999 5129; baseline 0.001 -15"><span class='ocrx_word' id='word_1_807' title='bbox 423 5060 547 5117; x_wconf 76' lang='lat' dir='ltr'><strong>vide</strong></span> <span class='ocrx_word' id='word_1_808' title='bbox 576 5060 653 5115; x_wconf 87' lang='lat' dir='ltr'><strong>ait</strong></span> <span class='ocrx_word' id='word_1_809' title='bbox 682 5060 873 5117; x_wconf 86' lang='lat' dir='ltr'><strong>beatus</strong></span> <span class='ocrx_word' id='word_1_810' title='bbox 909 5058 1149 5116; x_wconf 87' lang='lat' dir='ltr'><strong>Petrus:</strong></span> <span class='ocrx_word' id='word_1_811' title='bbox 1190 5076 1208 5107; x_wconf 85' lang='grc'><strong>‹</strong></span> <span class='ocrx_word' id='word_1_812' title='bbox 1244 5056 1519 5128; x_wconf 85' lang='lat' dir='ltr'><strong>Propheta</strong></span> <span class='ocrx_word' id='word_1_813' title='bbox 1554 5059 1718 5129; x_wconf 83' lang='lat' dir='ltr'><strong>igitur</strong></span> <span class='ocrx_word' id='word_1_814' title='bbox 1746 5075 1869 5115; x_wconf 90' lang='lat' dir='ltr'><strong>cum</strong></span> <span class='ocrx_word' id='word_1_815' title='bbox 1905 5075 1999 5116; x_wconf 83' lang='lat' dir='ltr'><strong>es-</strong></span> 
     </span>
    </p>
   </div>
   <div class='ocr_carea' id='block_1_103' title="bbox 2112 5056 3707 5142">
    <p class='ocr_par' dir='ltr' id='par_1_103' title="bbox 2112 5062 3707 5142">
     <span class='ocr_line' id='line_1_103' title="bbox 2112 5062 3707 5142; baseline 0.002 -25"><span class='ocrx_word' id='word_1_816' title='bbox 2112 5064 2197 5118; x_wconf 80' lang='grc' dir='ltr'><strong>τοῦ</strong></span> <span class='ocrx_word' id='word_1_817' title='bbox 2218 5064 2382 5139; x_wconf 69' lang='grc' dir='ltr'><strong>Δαϐὶδ</strong></span> <span class='ocrx_word' id='word_1_818' title='bbox 2406 5064 2460 5117; x_wconf 89' lang='grc' dir='ltr'><strong>δέ</strong></span> <span class='ocrx_word' id='word_1_819' title='bbox 2487 5080 2651 5135; x_wconf 83' lang='grc' dir='ltr'><strong>φησιν</strong></span> <span class='ocrx_word' id='word_1_820' title='bbox 2682 5063 2711 5116; x_wconf 83' lang='grc' dir='ltr'><strong>ὁ</strong></span> <span class='ocrx_word' id='word_1_821' title='bbox 2738 5062 3013 5135; x_wconf 82' lang='grc' dir='ltr'><strong>μακάριος</strong></span> <span class='ocrx_word' id='word_1_822' title='bbox 3052 5065 3278 5138; x_wconf 79' lang='grc' dir='ltr'><strong>Πέτρος,</strong></span> <span class='ocrx_word' id='word_1_823' title='bbox 3306 5068 3388 5123; x_wconf 85' lang='grc' dir='ltr'><strong>ὅτι</strong></span> <span class='ocrx_word' id='word_1_824' title='bbox 3416 5089 3435 5121; x_wconf 77' lang='grc' dir='ltr'><strong>ι</strong></span> <span class='ocrx_word' id='word_1_825' title='bbox 3463 5070 3707 5142; x_wconf 65' lang='grc' dir='ltr'><strong>Προφής,</strong></span> 
     </span>
    </p>
   </div>
   <div class='ocr_carea' id='block_1_104' title="bbox 491 5240 2009 5315">
    <p class='ocr_par' dir='ltr' id='par_1_104' title="bbox 491 5240 2009 5315">
     <span class='ocr_line' id='line_1_104' title="bbox 491 5240 2009 5315; baseline 0.001 -19"><span class='ocrx_word' id='word_1_826' title='bbox 491 5241 757 5315; x_wconf 58' lang='grc' dir='ltr'><strong>μιιιβρι.</strong></span> <span class='ocrx_word' id='word_1_827' title='bbox 801 5260 992 5310; x_wconf 83' lang='grc' dir='ltr'><strong>χχχιιι,</strong></span> <span class='ocrx_word' id='word_1_828' title='bbox 1031 5243 1083 5298; x_wconf 88' lang='grc'><strong>8.</strong></span> <span class='ocrx_word' id='word_1_829' title='bbox 1167 5240 1649 5315; x_wconf 22' lang='grc' dir='ltr'><strong>-οᾼΡειι1.-ιιο,λ]1.</strong></span> <span class='ocrx_word' id='word_1_830' title='bbox 1746 5243 1771 5281; x_wconf 75' lang='grc' dir='ltr'><em>ά</em></span> <span class='ocrx_word' id='word_1_831' title='bbox 1812 5241 2009 5298; x_wconf 77' lang='lat' dir='ltr'><strong>Ilcbr.t</strong></span> 
     </span>
    </p>
   </div>
   <div class='ocr_carea' id='block_1_105' title="bbox 2112 5240 3690 5315">
    <p class='ocr_par' dir='ltr' id='par_1_105' title="bbox 2112 5243 3690 5315">
     <span class='ocr_line' id='line_1_105' title="bbox 2112 5243 3690 5315; baseline 0.003 -18"><span class='ocrx_word' id='word_1_832' title='bbox 2112 5245 2173 5299; x_wconf 72' lang='lat'><strong>2.-</strong></span> <span class='ocrx_word' id='word_1_833' title='bbox 2245 5256 2268 5284; x_wconf 70' lang='grc' dir='ltr'><strong>ε</strong></span> <span class='ocrx_word' id='word_1_834' title='bbox 2293 5243 2458 5300; x_wconf 80' lang='lat' dir='ltr'><strong>Num.</strong></span> <span class='ocrx_word' id='word_1_835' title='bbox 2505 5263 2654 5312; x_wconf 76' lang='grc' dir='ltr'><strong>χχιν,</strong></span> <span class='ocrx_word' id='word_1_836' title='bbox 2686 5248 2770 5305; x_wconf 83' lang='lat' dir='ltr'><strong>l9.</strong></span> <span class='ocrx_word' id='word_1_837' title='bbox 2858 5247 2877 5286; x_wconf 72' lang='grc' dir='ltr'><em>τ</em></span> <span class='ocrx_word' id='word_1_838' title='bbox 2914 5248 3048 5305; x_wconf 89' lang='lat' dir='ltr'><strong>Ibid.</strong></span> <span class='ocrx_word' id='word_1_839' title='bbox 3087 5251 3142 5306; x_wconf 89' lang='lat'><strong>9.</strong></span> <span class='ocrx_word' id='word_1_840' title='bbox 3223 5249 3249 5287; x_wconf 76' lang='lat'><strong><em>‘</em></strong></span> <span class='ocrx_word' id='word_1_841' title='bbox 3278 5247 3414 5303; x_wconf 87' lang='lat' dir='ltr'><strong>Gen.</strong></span> <span class='ocrx_word' id='word_1_842' title='bbox 3442 5263 3595 5315; x_wconf 79' lang='grc' dir='ltr'><strong>χιιι,</strong></span> <span class='ocrx_word' id='word_1_843' title='bbox 3625 5249 3690 5302; x_wconf 81' lang='lat'><strong>8-</strong></span> 
     </span>
    </p>
   </div>
   <div class='ocr_carea' id='block_1_106' title="bbox 427 5308 1601 5381">
    <p class='ocr_par' dir='ltr' id='par_1_106' title="bbox 427 5308 1601 5381">
     <span class='ocr_line' id='line_1_106' title="bbox 427 5308 1601 5381; baseline -0.004 -12"><span class='ocrx_word' id='word_1_844' title='bbox 427 5312 517 5369; x_wconf 72' lang='grc'><strong>12.</strong></span> <span class='ocrx_word' id='word_1_845' title='bbox 592 5313 622 5353; x_wconf 64' lang='grc' dir='ltr'><strong>δ</strong></span> <span class='ocrx_word' id='word_1_846' title='bbox 651 5310 818 5369; x_wconf 79' lang='lat' dir='ltr'><strong>Hebr.</strong></span> <span class='ocrx_word' id='word_1_847' title='bbox 851 5331 949 5381; x_wconf 84' lang='lat' dir='ltr'><strong>vn,</strong></span> <span class='ocrx_word' id='word_1_848' title='bbox 978 5308 1076 5369; x_wconf 60' lang='grc' dir='ltr'><strong>⁷Μ.</strong></span> <span class='ocrx_word' id='word_1_849' title='bbox 1161 5313 1175 5351; x_wconf 75' lang='grc' dir='ltr'><strong>ί</strong></span> <span class='ocrx_word' id='word_1_850' title='bbox 1214 5311 1393 5366; x_wconf 87' lang='lat' dir='ltr'><strong>Galat.</strong></span> <span class='ocrx_word' id='word_1_851' title='bbox 1419 5311 1472 5375; x_wconf 78' lang='grc'><strong>3,</strong></span> <span class='ocrx_word' id='word_1_852' title='bbox 1513 5308 1601 5364; x_wconf 81' lang='grc'><strong>16.</strong></span> 
     </span>
    </p>
   </div>
   <div class='ocr_carea' id='block_1_107' title="bbox 1704 5467 2374 5526">
    <p class='ocr_par' dir='ltr' id='par_1_107' title="bbox 1704 5467 2374 5526">
     <span class='ocr_line' id='line_1_107' title="bbox 1704 5467 2374 5526; baseline -0.006 -1"><span class='ocrx_word' id='word_1_853' title='bbox 1704 5469 1935 5526; x_wconf 65' lang='lat' dir='ltr'><strong>VARLE</strong></span> <span class='ocrx_word' id='word_1_854' title='bbox 1973 5467 2374 5525; x_wconf 71' lang='lat' dir='ltr'><strong>LECTIONES.</strong></span> 
     </span>
    </p>
   </div>
   <div class='ocr_carea' id='block_1_108' title="bbox 513 5624 3685 5702">
    <p class='ocr_par' dir='ltr' id='par_1_108' title="bbox 513 5624 3685 5702">
     <span class='ocr_line' id='line_1_108' title="bbox 513 5624 3685 5702; baseline 0 -11"><span class='ocrx_word' id='word_1_855' title='bbox 513 5635 538 5669; x_wconf 83' lang='grc'>⁸</span> <span class='ocrx_word' id='word_1_856' title='bbox 558 5637 671 5692; x_wconf 82' lang='grc' dir='ltr'><strong>τόν.</strong></span> <span class='ocrx_word' id='word_1_857' title='bbox 700 5636 866 5692; x_wconf 79' lang='lat' dir='ltr'><strong>Abest</strong></span> <span class='ocrx_word' id='word_1_858' title='bbox 891 5651 920 5689; x_wconf 86' lang='lat' dir='ltr'><strong>a</strong></span> <span class='ocrx_word' id='word_1_859' title='bbox 960 5636 1082 5692; x_wconf 86' lang='lat' dir='ltr'><strong>cod.</strong></span> <span class='ocrx_word' id='word_1_860' title='bbox 1189 5637 1210 5667; x_wconf 87' lang='lat'><strong>’</strong></span> <span class='ocrx_word' id='word_1_861' title='bbox 1231 5624 1488 5691; x_wconf 44' lang='lat' dir='ltr'><strong>con-Des.</strong></span> <span class='ocrx_word' id='word_1_862' title='bbox 1534 5632 1666 5687; x_wconf 67' lang='lat' dir='ltr'><strong>ilrid.</strong></span> <span class='ocrx_word' id='word_1_863' title='bbox 1743 5633 1784 5665; x_wconf 82' lang='lat'>&quot;</span> <span class='ocrx_word' id='word_1_864' title='bbox 1812 5633 1935 5687; x_wconf 80' lang='lat' dir='ltr'><strong>cod.</strong></span> <span class='ocrx_word' id='word_1_865' title='bbox 1966 5631 2155 5684; x_wconf 84' lang='grc' dir='ltr'><strong>Ἰούδα.</strong></span> <span class='ocrx_word' id='word_1_866' title='bbox 2244 5633 2280 5662; x_wconf 82' lang='grc'>¹¹</span> <span class='ocrx_word' id='word_1_867' title='bbox 2310 5633 2509 5702; x_wconf 81' lang='grc' dir='ltr'><strong>εὑρεῖν.</strong></span> <span class='ocrx_word' id='word_1_868' title='bbox 2534 5648 2592 5685; x_wconf 84' lang='grc' dir='ltr'><strong>ιη</strong></span> <span class='ocrx_word' id='word_1_869' title='bbox 2632 5643 2752 5685; x_wconf 81' lang='lat' dir='ltr'><strong>cod.</strong></span> <span class='ocrx_word' id='word_1_870' title='bbox 2791 5634 3209 5702; x_wconf 72' lang='lat' dir='ltr'><strong>qu._expositio</strong></span> <span class='ocrx_word' id='word_1_871' title='bbox 3238 5635 3398 5690; x_wconf 89' lang='lat' dir='ltr'><strong>trium</strong></span> <span class='ocrx_word' id='word_1_872' title='bbox 3432 5635 3685 5694; x_wconf 86' lang='lat' dir='ltr'><strong>Patrum.</strong></span> 
     </span>
    </p>
   </div>
   <div class='ocr_carea' id='block_1_109' title="bbox 430 5700 3693 5777">
    <p class='ocr_par' dir='ltr' id='par_1_109' title="bbox 430 5700 3693 5777">
     <span class='ocr_line' id='line_1_109' title="bbox 430 5700 3693 5777; baseline -0.002 -18"><span class='ocrx_word' id='word_1_873' title='bbox 430 5711 473 5741; x_wconf 78' lang='grc'><strong>³⁸</strong></span> <span class='ocrx_word' id='word_1_874' title='bbox 504 5706 692 5776; x_wconf 77' lang='grc' dir='ltr'><strong>ἀδελφ.</strong></span> <span class='ocrx_word' id='word_1_875' title='bbox 724 5723 845 5777; x_wconf 88' lang='grc' dir='ltr'><strong>μου.</strong></span> <span class='ocrx_word' id='word_1_876' title='bbox 872 5705 1034 5761; x_wconf 79' lang='lat' dir='ltr'><strong>Hebr.</strong></span> <span class='ocrx_word' id='word_1_877' title='bbox 1066 5707 1276 5763; x_wconf 82' lang='lat' dir='ltr'><strong>amicus</strong></span> <span class='ocrx_word' id='word_1_878' title='bbox 1304 5721 1475 5764; x_wconf 88' lang='lat' dir='ltr'><strong>meus.</strong></span> <span class='ocrx_word' id='word_1_879' title='bbox 1524 5704 1618 5759; x_wconf 88' lang='lat' dir='ltr'><strong>’lta</strong></span> <span class='ocrx_word' id='word_1_880' title='bbox 1652 5718 1867 5775; x_wconf 81' lang='lat' dir='ltr'><strong>quoque</strong></span> <span class='ocrx_word' id='word_1_881' title='bbox 1907 5704 1960 5755; x_wconf 87' lang='lat' dir='ltr'><strong>in</strong></span> <span class='ocrx_word' id='word_1_882' title='bbox 1998 5702 2352 5770; x_wconf 71' lang='lat' dir='ltr'><strong>sequentibus</strong></span> <span class='ocrx_word' id='word_1_883' title='bbox 2376 5700 2626 5770; x_wconf 74' lang='lat' dir='ltr'><strong>passim.)</strong></span> <span class='ocrx_word' id='word_1_884' title='bbox 2707 5704 2748 5733; x_wconf 79' lang='grc'><strong>¹³</strong></span> <span class='ocrx_word' id='word_1_885' title='bbox 2780 5700 2966 5755; x_wconf 73' lang='grc' dir='ltr'><strong>αὑτοῦ.</strong></span> <span class='ocrx_word' id='word_1_886' title='bbox 3003 5700 3127 5760; x_wconf 68' lang='lat' dir='ltr'><strong>cod.</strong></span> <span class='ocrx_word' id='word_1_887' title='bbox 3157 5706 3250 5757; x_wconf 77' lang='grc' dir='ltr'><strong>σοῦ</strong></span> <span class='ocrx_word' id='word_1_888' title='bbox 3686 5736 3693 5741; x_wconf 89' lang='grc'><strong>-</strong></span> 
     </span>
    </p>
   </div>
  </div>
