3940 6200
217 402 264 470 81
1258 407 1345 472 IN
1370 407 1757 472 CANTICUM
1789 410 2081 474 CANTIC.
2118 415 2269 475 LIB.
2304 412 2350 474 Ι.
2992 366 3011 378 .
3391 420 3467 487 8‘2

216 533 291 587 της
316 512 600 585 ὒπάρχων,
648 516 747 569 καὶ
792 514 946 580 εἰδὼς
978 514 1058 571 ὅτι
1112 516 1261 589 ὅρκῳ
1308 516 1519 589 ὤμοσεν
1564 519 1715 590 αὑτῷ
1759 522 1788 572 6

1901 529 1994 586 set,
2038 529 2092 577 et
2123 523 2308 586 sciret,
2338 522 2700 594 jurejurando
2735 527 2959 598 jurasse
2991 527 3069 585 illi
3118 528 3314 599 Deum,
3353 534 3471 593 fore

217 609 319 671 θεὸς
359 609 424 660 ἐκ
464 605 691 678 καρποῦ
732 607 834 679 τῆς
863 606 1063 676 ὀσφύος
1108 606 1272 661 αὑτοῦ
1309 610 1635 681 ἀναστήσειν
1661 610 1705 642 ¹⁵
1726 611 1786 665 τὸ

1901 620 1945 666 ιι
1983 613 2049 668 (1ο
2092 614 2269 670 fructu
2301 617 2471 673 lumbi
2510 618 2637 689 ejus
2665 620 2932 675 excitaret
2976 619 3258 678 Christum
3288 628 3468 697 quoad

219 698 334 754 κατὰ
357 697 539 771 σάρκα
570 699 668 752 τὸν
692 698 951 771 Χριστὸν,
982 699 1245 772 προειδὼς
1273 700 1502 770 ὲλάλησε
1540 702 1665 773 περὶ
1693 702 1784 756 τοῦ

1901 717 2133 764 :aruem,
2181 720 2464 762 sessurum
2498 724 2662 780 super
2692 709 2823 766 sede
2861 708 3005 780 ejus,
3048 712 3357 781 praevidens
3392 716 3471 769 lo-

218 790 445 855 θανάτου,
472 792 555 845 ὃτι
577 810 596 842 ι
610 792 726 846 Οὐκ
755 792 1151 865 ἐγκατελείφθη
1177 796 1211 865 ὴ
1225 793 1371 864 ψυχὴ
1393 795 1471 859 είς
1488 794 1637 866 ᾆδον,
1662 795 1786 851 οὐδὲ

1901 803 2048 849 :utus
2070 795 2245 852 est‘de
2265 808 2466 867 morte,
2484 802 2633 871 quia,
2659 800 2804 857 «Non
2825 805 3019 859 relicta
3043 813 3127 858 est
3147 805 3328 859 anima
3351 807 3470 876 ejus

221 884 410 954 ησᾶρξ
460 884 630 937 αὑτοῦ
701 880 810 939 εἶδε
869 883 1184 958 διαφθοράν.
1243 903 1261 936 ι
1321 886 1538 959 Ἐπειδὴ
1603 886 1785 943 τοίνυν

1911 902 1941 940 n
1970 886 2208 956 inferno,
2241 905 2420 959 neque
2450 906 2583 946 caro
2614 893 2735 963 ejus
2769 894 2903 949 vidit
2925 895 3331 967 corruptionem
3372 909 3418 951 ι.
3446 917 3464 950 ι

220 976 419 1046 ἀδελφαὶ
436 976 826 1046 τυγχάνουσαι,
845 976 881 1047 ἦ
903 993 962 1029 τε
993 975 1263 1030 Ἰουδαίων
1290 976 1519 1049 πληθὺς,
1542 977 1635 1031 καὶ
1663 980 1695 1049 ή
1727 978 1791 1046 ἐξ

1901 979 2019 1034 Sum
2060 979 2247 1052 itaque
2281 980 2599 1038 Judreorum
2644 986 2939 1043 multitudo
2968 997 3022 1043 et
3054 985 3303 1043 Ecclesia
3339 996 3467 1061 gen;

221 1064 365 1118 ἐθνῶν
409 1065 727 1135 Ἐκκλησία,
752 1066 969 1135 ἐκείνης
997 1065 1053 1118 δὲ
1084 1065 1198 1130 υίὸς
1227 1068 1257 1120 6
1296 1067 1532 1138 Χριστὸς
1556 1068 1617 1121 τὸ
1647 1069 1787 1123 κατὰ

1901 1071 2020 1125 ,ὶιιηι
2071 1086 2292 1128 sorores
2335 1075 2469 1138 sint,
2513 1081 2677 1145 atque
2711 1075 2862 1132 illius
2892 1077 3038 1133 illius
3086 1078 3158 1133 sit
3187 1078 3465 1146 Christus,

220 1157 396 1228 σάρκα,
427 1158 655 1220 εἰκότως
686 1156 850 1211 αὐτὸν
884 1156 1192 1226 ἀδελφιδοῦν
1219 1159 1253 1230 ἡ
1277 1159 1462 1231 νύμφη
1497 1160 1674 1226 καλεῖ,
1710 1160 1787 1226 ὡς

1901 1171 2155 1233 ιυοηῑυιη
2190 1163 2257 1218 ad
2290 1179 2512 1220 carnem
2542 1167 2760 1232 attinet,
2783 1167 2907 1238 jure
2932 1170 3108 1239 ipsum
3144 1185 3345 1241 sponsa
3375 1187 3471 1227 ne—

219 1249 304 1319 τῆς
331 1248 564 1320 ἀδελφῆς
595 1249 768 1320 αὐτῆς
801 1248 919 1302 υἱὸν
946 1250 1232 1320 γενόμενον
1260 1251 1400 1305 κατὰ
1429 1253 1491 1305 τὸ
1516 1252 1788 1326 ἀνθρώπι-

1901 1263 2069 1326 potem
2100 1264 2488 1327 vocat,utpote
2516 1259 2725 1313 sororis
2753 1259 2923 1313 lilium
2951 1260 3253 1315 secundum
3278 1263 3471 1317 huma-

1887 1351 2135 1406 nitatem.
2159 1348 2260 1406 Hic
2286 1366 2417 1422 ergo
2443 1366 2613 1421 nepos
2643 1366 2800 1407 meus
2832 1361 2886 1407 et
2904 1352 3111 1427 nardus
3141 1361 3224 1407 est
3241 1353 3395 1415 mihi,
3417 1360 3471 1407 et

1889 1442 2191 1498 fasciculus
2216 1451 2439 1499 stactes.
2464 1443 2651 1499 Multis
2677 1444 2823 1498 enim
2851 1432 3167 1499 nominibus
3188 1444 3341 1497 illum
3371 1460 3471 1509 ap-

1890 1536 2031 1606 pello
2046 1534 2345 1606 fragrantia
2359 1537 2620 1608 unguenti
2639 1536 2785 1592 illius
2797 1535 3020 1591 delinita
3039 1544 3093 1591 et
3109 1538 3270 1589 unica
3289 1537 3474 1606 appel-

1891 1627 2097 1682 latione
2120 1628 2195 1681 uti
2214 1642 2321 1682 non
2340 1643 2589 1699 possum,
2603 1642 2728 1683 cum
2750 1629 3037 1684 suavitatis
3054 1629 3174 1698 ejus
3193 1628 3276 1683 vis
3294 1627 3471 1682 omni-

1896 1718 2000 1773 bus
2016 1720 2337 1776 nominibus
2354 1720 2669 1777 antecellat.
2685 1720 2752 1773 At
2775 1736 2903 1775 vero
2921 1735 3106 1775 amore
3121 1719 3293 1789 ipsius
3305 1734 3472 1788 supe-

220 1352 315 1389 νον.
342 1331 507 1400 Οὗτος
531 1335 708 1389 τοίνυν
733 1336 763 1387 6
794 1337 1106 1407 ἀδελφιδοῦς
1153 1355 1254 1410 μου
1301 1341 1424 1410 ἐμοὶ
1463 1342 1554 1395 καὶ
1595 1343 1790 1416 νάρδος

218 1427 341 1493 ἐστὶ,
385 1428 480 1480 καλ.
528 1427 833 1498 άπόδεσμος
888 1428 1156 1500 στακτῆς*
1207 1429 1423 1496 πολλοῖς
1470 1432 1577 1502 γάρ
1625 1432 1787 1486 αὐτὸν

219 1518 424 1588 ὀνόμασι
462 1518 874 1590 προσαγορεύω,
907 1519 1009 1572 ὑπὸ
1053 1521 1152 1591 τῆς
1196 1522 1456 1590 εὐοσμίας
1483 1521 1578 1576 τοῦ
1614 1523 1785 1594 μύρου

217 1611 364 1665 αὐτοῦ
404 1613 873 1685 καταθελγομένη,
919 1614 1013 1667 καὶ
1048 1614 1107 1666 οὐ
1156 1612 1390 1684 δύναμαι
1436 1615 1516 1667 ἑνὶ
1560 1614 1787 1685 ὀνόματι

220 1704 529 1775 χρήσασθαι.
560 1706 747 1769 nisa;
772 1705 883 1777 γὰρ
912 1703 1047 1774 ὁμοῦ
1094 1705 1194 1769 τάς
1243 1705 1616 1779 προσηγορίας
1656 1707 1783 1777 νικᾷ

219 1797 305 1865 τῆς
334 1796 591 1867 εύοσμίας
613 1795 777 1850 αὐτοῦ
809 1799 843 1868 ὴ
871 1796 1099 1868 δύναμις
1117 1812 1132 1827 °
1155 1796 1267 1851 ἀλλ’
1296 1797 1402 1850 ὑπὸ
1436 1796 1537 1868 τῆς
1564 1799 1785 1868 ἀγάπης

220 1888 366 1942 αὑτοῦ
386 1891 681 1960 νικωμένη,
705 1889 801 1943 καὶ
821 1890 1011 1963 νάρδον
1036 1890 1196 1946 αὐτὸν
1224 1889 1494 1962 ὀνομάζω,
1525 1892 1617 1944 καὶ
1645 1891 1781 1945 ἀπό·
1816 1870 1859 1931 Β

219 1978 399 2050 δεσμον
436 1982 672 2052 στακτῆς
707 1983 1120 2055 προσαγορεύω.
1168 1984 1377 2055 Νάρδον
1417 1985 1537 2055 μὲν,
1569 1984 1645 2049 ὡς
1689 1985 1785 2039 καὶ

223 2070 460 2140 ἀλιφέντα
509 2077 575 2144 τῇ
612 2074 791 2147 νάρδῳ
822 2077 889 2146 τῇ
922 2077 1140 2146 πιστικῇ
1181 2077 1248 2147 τῇ
1296 2075 1598 2147 πολυτίμῳ,
1649 2071 1718 2150 ἦς
1749 2077 1783 2150 ἠ

226 2161 351 2231 ὀσμὴ
386 2163 502 2215 ὅλον
544 2163 634 2216 τὸν
676 2158 826 2216 οἶκον
871 2162 1191 2233 ἐπλήρωσε,
1235 2162 1404 2217 τύπον
1450 2161 1643 2233 ἔχοντα
1687 2162 1789 2233 τῆς

228 2254 519 2325 οἰκουμένης
538 2271 552 2285 ·
583 2256 873 2325 ἐπλήρωσε
905 2255 1010 2323 γὰρ
1038 2255 1139 2325 τῆς
1163 2252 1394 2317 εὐώδους
1422 2253 1660 2317 πίστεως
1689 2254 1789 2323 τὴν

1896 1821 2188 1874 rata,eum
2216 1813 2520 1869 etnardum
2553 1814 2806 1878 nomino,
2839 1821 3113 1869 etslactes
3146 1812 3469 1867 fasciculum

1887 1902 2124 1974 appello.
2166 1902 2413 1957 Nardum
2448 1904 2695 1973 quidem,
2739 1904 3001 1975 quoniam
3050 1910 3104 1958 et
3150 1912 3351 1959 unctus
3389 1909 3471 1956 cst

1888 1994 2062 2049 nardo
2090 1993 2287 2064 pistica
2336 1994 2430 2048 illa
2464 1994 2731 2065 pretiosa,
2773 1993 2934 2063 cujus
2962 1993 3099 2046 odor
3128 1991 3359 2061 replevit
3393 2000 3473 2044 to-

1887 2093 1998 2140 tam
2036 2086 2286 2150 domum,
2321 2100 2443 2155 quae
2486 2084 2753 2140 mundum
2810 2084 3085 2156 signiﬁcat
3132 2083 3467 2137 universum.

1888 2176 2226 2245 Obsequium
2267 2178 2416 2233 enim
2450 2192 2480 2231 a
2533 2177 2640 2248 piis
2688 2178 3007 2232 hominibus
3047 2174 3277 2230 Domino
3320 2174 3475 2228 exhi-

1889 2267 2065 2323 bitum
2123 2268 2316 2323 orbem
2365 2276 2641 2323 terrarum
2704 2267 2949 2337 implevit
3002 2264 3123 2319 fidei
3180 2263 3471 2319 suavitate.

231 2345 521 2416 οἰκουμένην
551 2347 586 2417 ἡ
616 2346 722 2399 ὑπὸ
757 2346 867 2400 τῶν
910 2345 1147 2399 εὐσεϐῶν
1187 2344 1263 2417 τῷ
1306 2346 1497 2417 Κυρίῳ
1528 2363 1790 2419 προσενε-

235 2434 397 2503 χθεῖσα
422 2436 714 2508 Θεραπεία·
739 2437 1047 2508 ἀπόδεσμον
1075 2436 1130 2492 δὲ
1159 2438 1322 2492 αὑτὸν
1347 2437 1495 2492 καλῶ
1530 2439 1788 2509 στακτῆς,

238 2528 395 2599 ἐπειδὴ
418 2529 576 2593 αὐτὸς
612 2547 631 2581 ι
670 2529 893 2602 Κατέϐη
926 2529 1000 2593 ὡς
1023 2530 1175 2595 ὑετὸς
1208 2530 1300 2584 ἐπὶ
1330 2530 1515 2596 πόκον,
1539 2531 1632 2584 καὶ
1659 2530 1792 2583 ὡσεὶ

240 2619 480 2691 σταγὼνή
516 2621 787 2689 στάζουσα
820 2623 911 2675 ἐπὶ
940 2622 1036 2693 τὴν
1069 2623 1193 2694 γῆν.
1239 2641 1258 2675 ι
1293 2623 1571 2694 Κέκληται
1600 2623 1656 2676 δὲ
1685 2623 1792 2676 ὑπὸ

238 2708 329 2761 τῶν
358 2713 639 2782 προφητῶν
664 2713 760 2767 καὶ
794 2712 1008 2783 σταγών
1027 2730 1043 2745 ο
1079 2732 1097 2766 ι
1128 2715 1322 2768 Ἔσται
1354 2714 1484 2786 γάρ,
1517 2715 1701 2785 φησὶν,
1729 2716 1794 2767 ὲκ

238 2799 324 2868 τῆς
349 2803 592 2870 σταγόνος
623 2803 718 2858 τοῦ
748 2803 880 2858 λαοῦ
909 2804 1097 2859 τούτου
1136 2806 1501 2877 συναγόμενος
1528 2806 1797 2878 συναχθή-

242 2907 370 2945 σεται
411 2892 617 2948 Ἰακώϐ.
652 2913 673 2947 ι
716 2895 912 2950 ’ἰστέον
943 2896 1001 2949 δὲ
1030 2896 1112 2949 ὅτι
1143 2897 1172 2948 6
1215 2896 1509 2968 Σύμμαχος
1536 2896 1602 2963 ⁸⁸,
1632 2897 1728 2951 καὶ
1767 2897 1797 2951 6

249 2981 482 3051 Ἀκύλας,
536 2984 783 3058 σμύρναν
834 2986 930 3058 τὴν
980 2987 1218 3058 στακτὴν
1257 2988 1595 3061 ὠνομάκασι.
1637 2989 1801 3060 Δηλοῖ

238 3071 337 3144 ἄη
365 3074 567 3147 σμύρνα
590 3076 685 3130 τοῦ
721 3078 955 3149 νυμφίου
979 3079 1069 3133 τὸν
1101 3078 1352 3145 θάνατον,
1383 3078 1477 3134 καὶ
1520 3080 1621 3151 τὴν
1657 3081 1801 3133 ἐκεῖ·

1893 2356 2111 2415 Stactes
2139 2369 2321 2415 autem
2353 2359 2682 2415 fasciculum
2717 2373 2840 2413 eum
2874 2371 3030 2419 voco,
3067 2358 3324 2427 quoniam
3358 2355 3474 2425 ipse

1898 2467 1916 2503 ι
1956 2449 2250 2507 Descendit
2282 2450 2427 2507 sicut
2458 2451 2643 2521 pluvla
2675 2450 2730 2504 in
2755 2448 2954 2513 vellus,
2988 2454 3044 2502 ct
3083 2447 3226 2502 sicut
3254 2445 3473 2501 stillicio

1875 2542 2044 2607 .dium
2097 2542 2315 2597 stillans
2365 2557 2532 2612 super
2562 2553 2765 2595 terram
2818 2536 2864 2591 ι.
2929 2557 2946 2588 ι
3002 2536 3067 2591 Ει
3115 2553 3145 2591 a
3196 2537 3474 2607 prephctts

1893 2635 2061 2690 etiam
2112 2644 2341 2690 vocatus
2368 2641 2452 2690 est
2491 2632 2660 2689 stilla.
2712 2649 2731 2684 ι
2791 2628 2909 2684 Erit
2956 2629 3129 2694 enim,
3174 2628 3373 2699 inquit,
3408 2645 3475 2684 ex

1895 2725 2041 2783 stilla
2082 2727 2265 2798 populi
2312 2727 2477 2796 lmjus
2513 2734 2878 2796 congregatus
2921 2721 3346 2794 congregahitur
3384 2720 3477 2775 Jac

1896 2817 2002 2874 cob
2036 2817 2080 2873 ι.
2121 2838 2138 2870 ι
2193 2817 2332 2873 ιιιυά
2364 2832 2495 2873 vero
2531 2815 2899 2887 ignorantium
2948 2829 3059 2869 non
3104 2822 3210 2878 est,
3244 2829 3275 2869 a
3310 2811 3474 2884 Sym-

1894 2909 2095 2964 macho
2129 2917 2184 2965 et
2220 2907 2422 2979 Aquila
2469 2922 2570 2979 pro
2619 2914 2796 2964 stacte
2843 2905 3128 2978 myrrham
3159 2905 3290 2961 dici.
3334 2905 3477 2976 Myr—

1900 3002 1996 3056 rha
2028 2998 2136 3072 50
2164 3009 2349 3056 autem
2402 3000 2590 3071 sponsi
2649 3008 2903 3063 mortem,
2953 3006 3028 3067 et,
3072 3013 3196 3067 quas
3242 2997 3370 3052 inde
3408 2997 3474 3051 ad

1900 3107 2160 3164 sponsam
2194 3092 2467 3162 pervenit,
2502 3091 2707 3146 indicat
2740 3090 3088 3145 suavitatem.
3115 3086 3350 3155 Suhjicit
3372 3102 3473 3141 au-

237 3165 317 3217 θεν
345 3169 632 3240 γενομένην
681 3169 943 3240 εὐοσμίαν
990 3172 1056 3243 τῇ
1110 3168 1317 3245 νύμφῃ.
1353 3171 1669 3243 Προσέθηκε
1704 3170 1795 3225 δέ·

240 3258 549 3285 ,ηι“-,,ι,,η
576 3262 622 3285 ..
646 3261 751 3285 __-.__
780 3263 1001 3285 ___.__~._-
1173 3262 1386 3285 tu--.”
1406 3280 1544 3285 ---ω
1596 3282 1608 3285 _
1634 3264 1776 3285 m--.‘

1902 3191 2014 3238 tem
2042 3199 2057 3237 :
2094 3202 2114 3236 ι
2147 3185 2205 3238 In
2233 3183 2413 3238 medio
2444 3182 2677 3237 uberum
2704 3195 2951 3236 meorum
2983 3179 3472 3236 commorabitur.»

240 3275 258 3306 ι
276 3258 550 3329 Ἀναμέσον
576 3262 622 3293 ⁸⁸
644 3261 751 3315 τῶν
778 3263 1001 3333 μαστῶν
1031 3280 1133 3334 μου
1167 3262 1574 3334 αύλισθήσεται.
1595 3282 1613 3316 ι
1634 3264 1802 3319 Τουτ-

235 3349 365 3403 ἐστιν
394 3355 446 3405 ὲν
472 3351 549 3423 τῷ
576 3353 891 3426 ἡγεμονικῷ
922 3354 1021 3425 τῆς
1047 3353 1226 3426 ψυχῆς
1276 3372 1398 3427 μου,
1438 3354 1467 3409 δ
1495 3358 1561 3428 τῇ
1604 3356 1804 3427 καρδίᾳ

236 3440 624 3497 ἐπαναπαύεται
655 3442 860 3513 μεταξὺ
887 3442 995 3497 τῶν
1027 3445 1249 3514 μαστῶν
1278 3445 1615 3519 διακειμένη.
1643 3446 1805 3516 Δηλοῖ

236 3530 287 3583 δὲ
315 3531 461 3588 τοῦτο
484 3535 582 3606 τῆς
617 3534 956 3606 προφητείας
988 3536 1049 3588 τὸ
1080 3537 1277 3609 πέρας,
1306 3537 1406 3608 τῆς
1451 3538 1558 3593 ὑπὸ
1594 3538 1730 3592 Θεοῦ
1759 3538 1802 3570 ⁸⁷

231 3619 535 3694 λεγομένης⁹
570 3646 588 3677 ι
638 3626 936 3699 Ἐνοικήσω
982 3628 1041 3681 ὲν
1090 3628 1294 3694 αὐτοῖς,
1357 3629 1449 3683 καὶ
1490 3631 1805 3701 ἐμπεριπα-

232 3716 385 3783 τήσω,
414 3718 503 3770 καὶ
527 3719 722 3789 ἔσομαι
748 3719 931 3774 αὐτῶν
958 3720 1112 3788 Θεὸς,
1152 3722 1249 3776 καὶ
1277 3721 1431 3777 αὐτοὶ
1472 3722 1684 3777 ἔσονταί
1713 3740 1805 3793 μοι

229 3804 369 3873 λαὸς,
393 3808 532 3878 λέγει
573 3810 777 3881 Κύριος
810 3815 1227 3887 παντοκράτωρ.
1271 3832 1291 3866 ι
1324 3814 1437 3868 Καὶ
1479 3815 1642 3880 αὐτὸς
1678 3816 1735 3869 δὲ
1774 3817 1802 3869 6

228 3898 445 3966 νυμφίος
486 3900 828 3971 ὑπισχνεῖται
868 3901 1074 3979 λέγων,
1107 3904 1188 3960 ὃτι
1219 3923 1240 3957 ι
1281 3906 1645 3975 Ἐλευσόμεθα
1690 3906 1801 3976 ἐγὼ

231 3991 320 4043 καὶ
348 3993 377 4045 ὁ
402 3995 606 4067 Πατὴρ,
652 3998 747 4050 καὶ
803 3997 972 4069 μονὴν
1013 3998 1147 4070 παρ’
1192 4000 1341 4072 αύτῷ
1379 3999 1735 4072 ποιησόμεθα.
1775 4019 1794 4053 ι

234 4083 316 4135 Διὸ
343 4086 431 4138 καὶ
465 4088 493 4139 6
520 4087 732 4152 Παῦλος
761 4087 881 4160 βοᾷ,
917 4107 936 4141 ι
971 4092 1041 4144 Ἦ
1074 4090 1304 4163 δοκιμὴν
1351 4090 1565 4163 ζητεῖτε
1614 4091 1708 4145 τοῦ
1742 4093 1800 4146 ὲν

232 4175 349 4244 ἐμοὶ
386 4177 667 4246 λαλοῦντος
719 4181 997 4252 Χριστοῦς
1029 4202 1049 4235 ι
1079 4184 1283 4238 Τούτου
1325 4184 1486 4256 χάριν
1526 4186 1559 4256 ή
1613 4183 1798 4257 νύμφη

234 4269 420 4338 φησίν·
451 4293 470 4326 ι
519 4273 816 4346 Ἀναμέσον
855 4276 966 4330 τῶν
1002 4277 1231 4349 ,μαστῶν
1280 4294 1379 4348 μου
1406 4278 1447 4310 ¹⁸
1477 4277 1802 4350 αὑλισθήσε-

236 4374 317 4415 ται
340 4362 400 4417 η,

303 4461 387 4522 ιιθ-
410 4459 631 4526 Βότρυς
660 4460 897 4528 κύπρου
945 4459 993 4493 ’⁸
1022 4460 1387 4531 ἀδελφιδοῦς
1405 4480 1526 4531 μου
1553 4462 1682 4532 ἐμοὶ
1728 4462 1800 4516 ἐν

243 4542 570 4611 ἀμ-τελῶσιν
618 4551 920 4621 Ἐνγαδδί.
979 4553 1289 4623 ’Δποροῦσα
1323 4555 1355 4626 ή
1397 4554 1606 4626 νύμφη,
1646 4556 1798 4608 ποῖον

242 4634 396 4708 ὄνομα
417 4641 573 4714 ἐπιθῇ
590 4640 671 4714 τῷ
690 4644 934 4714 νυμφίῳ,
955 4645 1083 4717 τῇδε
1106 4645 1332 4699 κάκεῖσε
1351 4651 1681 4718 περινοστεῖ,
1705 4647 1801 4702 καὶ¹

243 4732 556 4802 πανταχόθεν
625 4736 1002 4808 προσηγορίας
1072 4738 1429 4811 ἐρανιξομένη
1494 4740 1803 4810 ἐπιτίθησιν

241 4820 397 4892 αὐτῷ,
421 4827 750 4898 ἐπειγομένη
772 4828 873 4899 μὲν
907 4829 1012 4883 ὑπὸ
1028 4828 1128 4898 τῆς
1158 4831 1380 4902 ἀγάπης
1408 4832 1570 4885 αὐτὸν
1594 4831 1800 4898 καλεῖν,

242 4911 298 4963 οὗ
329 4914 588 4990 δυναμένη
640 4918 701 4972 δὲ
732 4921 916 4992 εὑρεῖν
948 4923 1050 4993 τῆν
1088 4922 1245 4988 ἀξίαν
1283 4925 1681 4996 προσηγορίαν.
1711 4926 1802 4979 Διὸ

246 5008 393 5063 πάλιν
416 5013 644 5082 βότρυν
673 5015 840 5069 αὐτὸν
862 5015 1117 5087 ὀνομάζει
1137 5019 1388 5088 κύπρου,
1425 5020 1670 5074 τουτέστι
1699 5038 1801 5075 κυ-

251 5101 504 5169 πρίζοντα,
540 5107 661 5160 ἀντὶ
688 5106 784 5161 τοῦ
812 5108 999 5163 ἀνθεῖν
1023 5109 1346 5182 ἀρξάμενον.
1375 5112 1596 5184 Εύώδης
1628 5113 1736 5186 γάρ
1769 5114 1802 5184 ἡ

254 5190 469 5261 ἄμπελος
518 5199 640 5251 κατ’
696 5200 876 5253 ἐκεῖνο
941 5200 1035 5254 τοῦ
1078 5203 1292 5274 καιροῦ.
1335 5205 1667 5275 Προστίθησι
1718 5206 1797 5271 δὲ,

341 5370 356 5416 Ι
401 5369 511 5427 Act.
552 5387 615 5439 It,
647 5372 741 5435 30,
766 5375 858 5429 51.

973 5376 999 5416 ιι
1027 5376 1174 5434 Psal.
1226 5394 1376 5441 uxr,
1410 5381 1461 5435 6.

258 5444 281 5471 °
303 5434 340 5490 ΙΙ
370 5441 482 5497 Cor.
511 5434 633 5510 xui,
666 5444 725 5500 5.

1583 5380 1598 5419 ι
1639 5381 1802 5435 Miclt.
1842 5381 2026 5446 “,1',
2068 5379 2151 5432 19..

1904 3275 2020 3331 Hoc
2049 3283 2156 3338 est,
2186 3276 2243 3331 in
2279 3276 2555 3347 praecipua
2583 3275 2779 3329 animae
2808 3289 2939 3328 mere
2965 3280 3140 3344 parte,
3170 3286 3291 3343 quae
3318 3271 3476 3342 quasi

1900 3367 2242 3423 domicilium
2282 3367 2446 3422 habet
2487 3366 2546 3421 in
2595 3364 2781 3431 corde,
2815 3365 2961 3435 quod
3018 3363 3164 3419 inter
3196 3365 3362 3419 ubera
3399 3364 3477 3419 si-

1900 3466 2016 3515 tum
2043 3466 2149 3516 est.
2196 3459 2356 3526 Quod
2406 3457 2627 3529 quidem
2677 3457 2837 3513 linem
2870 3457 3171 3528 prophetiae
3215 3457 3475 3519 declarat,

1902 3551 1957 3606 in
1992 3565 2099 3620 qua
2134 3549 2276 3606 Deus
2315 3549 2392 3604 ait
2422 3567 2434 3603 :
2476 3568 2494 3601 ι
2532 3547 2806 3603 llabitabo
2846 3548 2901 3602 in
2930 3548 3060 3613 illis,
3101 3555 3155 3603 et
3188 3548 3481 3601 amhulabn

1904 3640 2051 3696 inter
2076 3656 2193 3706 eos,
2224 3648 2280 3696 et
2307 3656 2405 3696 ero
2453 3641 2677 3696 illorum
2710 3638 2876 3706 Deus,
2911 3650 2967 3695 et
3014 3640 3116 3710 ipsi
3151 3629 3478 3695 erunt'miln

1906 3734 2163 3804 p0pulus,
2198 3734 2335 3789 dicit
2380 3732 2645 3789 Dominus
2695 3734 3046 3803 omnipotens
3093 3743 3155 3784 ιη.
3193 3750 3213 3783 ι
3254 3730 3396 3796 Quin
3426 3740 3481 3784 et

1905 3822 2024 3893 ipse
2077 3837 2316 3894 sponsus
2373 3823 2448 3876 ita
2499 3822 2790 3892 pollicetur
2833 3839 2848 3875 :
2901 3839 2920 3873 ι
2965 3820 3257 3876 Veniemus
3298 3833 3399 3888 ego
3428 3827 3483 3873 et

1902 3914 2093 3980 Pater,
2154 3923 2210 3968 et
2254 3915 2600 3969 mansionem
2652 3912 2798 3983 apud
2854 3928 2979 3968 eum
3034 3910 3298 3965 faciemus
3349 3919 3398 3963 ιι.
3457 3928 3476 3961 ι

1904 4007 2273 4076 Quamobrem
2309 4016 2363 4062 et
2392 4006 2599 4061 Paulus
2633 4006 2784 4061 clara
2817 4021 2952 4060 voce
2986 4022 2999 4058 :
3044 4023 3062 4055 ι
3094 4003 3234 4057 Num
3269 4003 3484 4074 experi—

1907 4107 2175 4166 mentum,
2232 4098 2435 4169 inquit,
2481 4098 2731 4169 quaeritis
2774 4098 2983 4153 Christi
3033 4098 3087 4152 in
3134 4113 3222 4151 me
3254 4096 3483 4165 loquen-

1906 4194 1978 4249 tis
2011 4200 2036 4229 ο
2068 4193 2091 4246 ?
2122 4212 2140 4246 ι
2190 4190 2406 4245 Idcirco
2450 4205 2655 4260 sponsa
2697 4189 2834 4246 dicit
2874 4207 2889 4243 :
2936 4187 3003 4241 In
3054 4187 3226 4242 medio
3269 4186 3484 4239 uberum

1908 4301 2145 4340 meorum
2176 4272 2613 4338 commorabitur.

1983 4464 2145 4521 Vsus.
2192 4465 2277 4518 15.
2331 4463 2531 4518 Botrus
2575 4464 2724 4532 cypri
2755 4459 2962 4515 sororis
2997 4472 3124 4511 mae
3167 4456 3312 4524 ﬁlius
3355 4455 3485 4508 mihi

1904 4561 1959 4615 in
1988 4560 2151 4615 vineis
2203 4557 2464 4629 Engaddi.
2511 4555 2632 4621 Quo
2678 4552 2902 4608 nomine
2947 4563 3208 4619 sponsum
3253 4547 3487 4617 appellet

1911 4652 2196 4716 haesitans,
2244 4664 2450 4720 sponsa
2497 4647 2605 4701 huc
2649 4645 2779 4698 illuc
2816 4656 2938 4697 sese
2980 4640 3166 4703 vertit,
3209 4647 3374 4709 atque
3408 4639 3484 4693 illi

1911 4746 2157 4815 undique
2185 4742 2449 4796 collectas
2471 4736 2870 4808 appellationes
2897 4730 3150 4801 imponit.
3173 4729 3311 4785 Cum
3336 4728 3487 4784 enim

1911 4852 2097 4893 amore
2126 4836 2192 4891 ad
2227 4848 2350 4889 eum
2383 4830 2694 4885 vocandum
2740 4826 3024 4889 incitetur,
3053 4838 3233 4894 neque
3264 4822 3361 4876 illo
3400 4820 3489 4875 di-

1911 4944 2079 5002 gnum
2126 4940 2328 4980 nomen
2364 4921 2633 4983 inveniat,
2684 4933 2809 4973 eum
2855 4931 3056 4971 rursus
3094 4933 3113 4965 ι
3152 4916 3369 4969 hotrum
3397 4927 3491 4982 cy-

1912 5023 2032 5092 pri,
2081 5038 2099 5071 ›
2159 5019 2263 5071 hoc
2300 5023 2406 5078 est,
2464 5013 2769 5073 florentem,
2808 5013 3074 5075 nominat,
3134 5007 3251 5062 sive
3293 5004 3492 5058 ﬂorere

1915 5112 2292 5181 incipientem.
2319 5105 2460 5162 Vitis
2498 5105 2670 5170 enim,
2699 5118 2812 5173 quo
2840 5111 3087 5171 tempore
3117 5097 3386 5163 ﬂorescit,
3407 5101 3494 5148 est

1915 5204 2209 5260 odorifera.
2246 5199 2410 5256 Addit
2435 5207 2617 5253 autem
2645 5215 2657 5250 :
2702 5214 2718 5247 ι
2750 5194 2808 5249 ln
2836 5193 3011 5249 vineis
3035 5190 3277 5262 Engaddi
3313 5208 3333 5242 ι
3365 5187 3492 5243 talis

2264 5386 2303 5409 ’³
2341 5373 2513 5431 Levit.
2564 5384 2714 5435 xxvi,
2751 5370 2836 5423 12.
2953 5379 2977 5404 η
3014 5368 3174 5422 Joan.
3217 5381 3330 5431 xxv,
3400 5364 3489 5417 25.

1513 5602 1748 5658 νΑιιιΑῖ
1793 5604 2200 5661 LECTIONES.

312 5687 354 5719 ³³
376 5694 486 5746 cod.
524 5694 863 5775 ςὶναονεήσειζ
937 5695 1044 5775 ”__6
1068 5695 1387 5775 [ξύμμαχος.
1430 5696 1600 5763 Hujus
1629 5699 1915 5775 lectioumu
1962 5700 2341 5775 desideramus
2384 5699 2434 5752 iu
2474 5694 2665 5775 Munll.
2698 5691 2947 5775 'llexalpl.
2996 5687 3058 5739 ad
3090 5686 3144 5763 li.
3192 5685 3225 5735 l.

1667 5767 1711 5821 ὖ.
1798 5770 1837 5799 ’⁸
1874 5789 1993 5838 μου.
2032 5770 2151 5825 md.
2188 5788 2301 5823 σου.

212 5762 225 5778 ⁵
247 5756 414 5836 μέσον.
433 5765 566 5836 _cod.
606 5756 799 5836 pra-in.
838 5765 943 5817 ὃτι.

982 5766 1023 5795 ¹⁷
1063 5766 1219 5819 Θεοῦ.
1247 5766 1367 5819 md.
1393 5783 1577 5834 pra-ru.
1600 5767 1711 5821 τοῦ.

244 5832 396 5885 ιΐιιιιιι
428 5832 672 5892 Patrum.
765 5837 812 5870 ²⁰
854 5835 1085 5892 κύπρου.
1117 5838 1236 5892 cod.
1267 5832 1449 5892 metu.
1490 5836 1545 5888 τί

765 5837 812 5870 ²⁰
854 5835 1085 5905 κύπρου.
1117 5838 1236 5892 cod.
1266 5853 1449 5906 praem.
1490 5836 1607 5904 τῆς.

3297 5685 3335 5712 Ηί
3366 5684 3492 5736 ξενα-

2369 5772 2408 5799 ¹²³
2448 5768 2657 5821 πάλισίι.
2698 5767 2752 5818 lu
2789 5756 2909 5815 md.
2951 5757 3193 5824 sequitur
3224 5756 3494 5824 expositio
