3940 6200
449 345 525 415 83
1477 351 1964 414 THEODORETI
1997 354 2029 413 Ε

2135 356 2338 418 SCOPI
2368 355 2735 418 CYRENSIS
3647 354 3719 420 84
3754 358 3759 362 ’

451 478 536 526 est
598 467 867 526 odorifer.
923 467 982 525 Si
1017 485 1148 542 ergo
1197 470 1378 526 locum
1425 469 1706 541 intelligas
1741 471 1796 525 in
1837 467 2027 526 Judma

2139 493 2160 526 ι
2195 474 2285 528 Ἐν
2331 475 2375 506 ⁸⁸
2411 475 2524 536 τοῖς
2550 470 2871 543 ἀμπελῶσιν
2932 470 3180 540 Ἐνγαδδί
3215 490 3235 523 ι
3293 469 3538 536 τοιοῦτός
3567 471 3720 529 ἔστιν

451 559 660 614 vitibus
688 556 907 614 eximiis
941 567 1316 630 praestantem,
1362 573 1458 630 per
1487 559 1907 615 translationem
1949 560 2031 616 sic

453 651 836 722 accipiendum
872 659 978 716 est.
1011 653 1170 724 quasi
1203 651 1396 707 dicat:
1429 650 1634 708 Vincas
1687 652 1814 708 illas
1844 652 2032 710 odoris

403 783 408 787 .
450 740 722 796 suavitate
757 749 982 812 superat
1023 741 1218 797 botrus
1266 748 1420 797 tuus.
1476 739 1573 797 Sin
1617 742 1872 798 vocabuli
1920 743 2032 798 vim

452 832 744 891 attendens
775 835 916 890 dixit
945 852 964 886 ι
1004 832 1273 905 Engaddi,
1301 854 1321 888 ι
1360 834 1509 907 quod
1562 835 1836 908 signiﬁcat
1883 834 2030 890 idem

453 941 519 982 ac
575 927 756 982 oculus
795 925 898 997 5]
932 927 1264 998 tentationis,
1311 928 1393 985 sic
1427 928 1844 999 intelligendum
1893 933 1977 984 est
2015 945 2030 983 :

452 1018 512 1074 Ιιι
545 1016 946 1073 tentationibus
977 1018 1146 1074 etiam
1175 1019 1506 1088 constituta,
1539 1028 1596 1076 et
1629 1035 1660 1074 a
1690 1020 1883 1075 multis
1928 1035 2032 1090 op-

450 1113 710 1186 pugnata,
748 1107 938 1166 odoris
971 1108 1051 1165 tui
1091 1111 1275 1168 sentio
1329 1111 1655 1169 suavitatem
1688 1130 1703 1168 :
1756 1120 1810 1167 et
1855 1111 2032 1167 vineis

451 1195 556 1250 hoc
585 1205 834 1268 tempore
859 1196 1306 1264 tlorescentibus.
1340 1200 1534 1272 (modo
1557 1201 1854 1273 allegorice
1879 1202 2031 1257 acci-

449 1287 722 1361 piantur.)
771 1291 871 1347 sed
901 1291 960 1348 in
1005 1292 1192 1350 medio
1237 1293 1602 1350 tentationum
1637 1294 2032 1350 exsistentibus

451 1377 707 1450 (tentatio
735 1382 884 1438 enim
929 1385 1157 1441 estvita
1199 1385 1443 1442 hominis
1481 1401 1648 1458 super
1695 1396 1898 1443 terram
1936 1388 2031 1458 ι’.)

449 1485 675 1528 suavem
709 1473 964 1532 botri-tui
995 1475 1244 1536 ﬂorentis
1275 1478 1502 1535 odorem
1535 1486 1831 1550 antepono.
1875 1478 2032 1546 Quod

449 1563 498 1618 si
537 1564 667 1619 dum
697 1567 879 1624 adhuc
901 1567 1080 1634 ﬂoret,
1113 1576 1226 1625 tam
1261 1580 1345 1626 est
1367 1554 1669 1639 iucundus,
1701 1570 1884 1642 qualis
1916 1571 2034 1626 fore

447 1657 730 1727 putandus
766 1669 873 1728 est,
905 1677 1029 1716 cum
1059 1663 1128 1718 ad
1168 1664 1538 1719 maturitatem
1576 1665 1842 1719 accedet?
1872 1661 2031 1731 Quod

448 1747 496 1801 si
521 1757 905 1807 maturescens
929 1762 1015 1808 cst
1047 1753 1245 1808 melior
1269 1768 1359 1820 eo,
1391 1754 1702 1825 qualisnam
1742 1755 1869 1820 erit,
1901 1768 2031 1809 cum

447 1839 613 1909 plane
655 1841 766 1910 jam
811 1854 1068 1902 maturus
1103 1852 1160 1900 et
1201 1824 1816 1903 coctusitarcularibus
1857 1845 2033 1915 subji—
2062 1824 2106 1882 Β

391 1937 397 1942 “
448 1930 660 1986 cietur?
687 1932 957 1990 Existimo
986 1937 1159 2004 enim,
1206 1951 1330 1992 eum
1367 1951 1470 2007 pro
1500 1936 1870 2008 spiritualium
1902 1943 2036 1992 aeta-

450 2030 567 2078 tum
602 2025 840 2093 ratione,
869 2027 995 2084 aliis
1028 2028 1249 2100 quidem
1276 2029 1531 2084 ﬂoridum
1557 2045 1702 2096 esse,
1735 2027 1862 2085 aliis
1878 2043 2035 2085 acer-

360 2122 364 2126 '
454 2115 607 2182 bum,
636 2117 758 2173 aliis
794 2120 1190 2191 propemodum
1234 2128 1538 2187 maturum,
1575 2121 1699 2178 aliis
1741 2121 1882 2178 satis
1914 2135 2034 2176 ma-

455 2216 642 2263 turum
663 2251 680 2276 ,
722 2210 820 2266 sed
846 2226 877 2266 a
907 2211 1165 2284 perfectis
1194 2214 1330 2270 bibi.
1365 2234 1384 2267 ι
1413 2213 1568 2270 Calix
1613 2215 1759 2271 enim
1792 2213 2034 2292 ejus‘in-

451 2299 680 2357 cbrians
730 2317 994 2373 perquam
1050 2305 1351 2375 praeclarus
1396 2315 1480 2362 est
1510 2316 1560 2360 «ι.
1592 2324 1614 2358 ι
1653 2304 1752 2362 His
1799 2305 1964 2363 dictis
2001 2319 2032 2360 a

447 2408 678 2464 sponsa,
706 2410 950 2466 sponsus
978 2412 1098 2454 eam
1127 2412 1326 2455 rursus
1357 2400 1432 2454 ita
1466 2400 1770 2473 alloquitur
1801 2417 1818 2455 :

519 2577 688 2636 Vsus.
729 2581 817 2636 Li.
857 2583 996 2636 Ecce
1030 2580 1256 2651 pulchra
1289 2599 1367 2648 es,
1403 2585 1701 2654 propinqua
1736 2600 1877 2651 mea,
1915 2600 2033 2640 ecce

447 2672 674 2742 pulchra
701 2688 756 2727 ea
787 2687 808 2727 :
837 2673 978 2728 oculi
1013 2675 1091 2729 tui
1127 2674 1406 2731 columbae.
1451 2675 1581 2744 Ejus
1611 2675 1812 2731 iterum
1843 2675 2035 2732 laudat

449 2761 942 2832 pulchritudinem,
976 2771 1031 2818 et
1058 2764 1292 2820 formam
1318 2766 1644 2831 admiratur,
1679 2781 1745 2821 ac
1773 2766 2032 2823 decorem

447 2855 632 2928 ipsius
665 2855 946 2927 duplicata
992 2858 1248 2915 oratione
1295 2859 1458 2929 quasi
1502 2867 1713 2930 stupet.
1752 2858 2033 2931 imprimis

447 2957 631 3005 autem
671 2949 866 3006 oculos
914 2949 1089 3021 ipsius
1123 2952 1499 3016 commendat,
1545 2951 1770 3010 dicens:
1805 2970 1824 3005 ι
1871 2950 2031 3008 Oculi

447 3040 528 3095 tui
562 3041 850 3107 colmnbaa,
888 3061 915 3096 ι
948 3041 1054 3099 hoc
1095 3050 1202 3108 est,
1237 3041 1573 3114 spirituales.
1618 3041 1755 3099 Nam
1790 3044 1896 3102 sub
1939 3059 2034 3099 co-

2133 566 2363 636 εὐώδης.
2391 566 2456 619 Εί
2475 565 2575 637 μὲν
2601 559 2695 619 οὖν
2724 564 2787 619 τὺ
2815 563 3017 636 χωρίον
3039 562 3301 635 σημαίνει
3328 562 3387 615 τὸ
3416 563 3476 615 ὲν
3502 565 3569 634 τῇ
3585 564 3713 616 ’1ουο

2132 657 2279 730 θαίᾳ,
2306 657 2384 722 ὡς
2412 656 2701 728 ἀμπελῶσι
2732 654 3070 727 θαυμαστοῖς
3104 653 3542 726 κεκοσμημένον,
3589 671 3713 722 νοη-

2132 750 2253 804 τέον
2267 747 2566 820 τροπικῶς,
2598 748 2684 802 ὅτι
2712 748 2888 820 ’Υπὲρ
2905 747 3122 810 ὲκείνας
3143 746 3243 810 τὰς
3270 744 3550 816 ἀμπέλους
3579 745 3715 798 εύὼ-

2131 838 2231 910 8ης
2259 855 2354 892 σου
2383 839 2412 892 6
2435 837 2631 911 βότρυς
2664 837 2924 911 ὑπάρχει.
2959 836 3024 891 Ei
3056 836 3114 890 δὲ
3148 835 3235 891 διὰ
3265 835 3364 909 τὴν
3387 835 3482 890 τοῦ
3516 835 3691 905 ὀνόμα

2131 947 2223 995 τος
2281 930 2559 1002 σημασίαν
2611 930 2711 1000 τὴν
2757 929 3134 1002 προσηγορίαν
3167 927 3265 982 τοῦ
3322 945 3342 980 ι
3395 926 3644 996 Ἐνγαδδί
3698 945 3719 980 ι

2131 1022 2400 1086 τέθεικεν,
2424 1023 2561 1094 ὅπερ
2584 1021 2948 1095 ἑρμηνεύεται
2980 1019 3289 1092 ὀφθαλμὸς
3311 1019 3724 1090 πειρατηριου,

2133 1115 2352 1187 νοητέον
2394 1113 2589 1180 οὕτως,
2623 1115 2708 1169 ὅτι
2754 1115 2868 1170 Καὶ
2904 1115 2962 1168 έν
3001 1115 3330 1185 πειρασμοῖς
3372 1112 3723 1184 ὑπάρχουσα,

2134 1208 2230 1262 καὶ
2259 1207 2363 1261 ὑπὸ
2389 1205 2604 1260 πολλῶν
2634 1205 3043 1278 πολεμουμένη,
3077 1204 3178 1275 τῆς
3215 1205 3315 1276 σῆς
3343 1202 3612 1275 εύοσμίας
3632 1203 3729 1256 ἀν-

2131 1298 2562 1371 τιλαμϐάνομαιο
2588 1298 2684 1353 καὶ
2713 1297 2824 1352 τῶν
2847 1295 2990 1351 κατά
3015 1295 3108 1351 τὸν
3136 1296 3385 1367 παρόντα
3407 1294 3600 1368 καιρὸν
3627 1295 3728 1348 ἀν-

2134 1389 2370 1444 θούντων
2395 1386 2756 1460 ἀμπελώνων,
2790 1385 3071 1458 τροπικῶς
3092 1385 3422 1456 νοουμένων,
3455 1401 3728 1456 πειρατη-

2137 1479 2252 1553 ρίου
2280 1479 2336 1534 δὲ
2362 1478 2531 1534 ὄντων
2559 1478 2744 1550 μέσονο
2778 1477 3133 1548 πειρατήριον
3160 1476 3269 1546 γάρ
3291 1476 3405 1528 ἐστι
3432 1475 3459 1528 6
3492 1473 3606 1542 βίος
3629 1473 3730 1526 ἀν-

2133 1569 2356 1641 θρώπου
2391 1570 2485 1624 ἐπὶ
2511 1570 2612 1640 τῆς
2649 1569 2776 1640 γῆς’
2817 1569 3099 1640 προκρίνω
3125 1568 3172 1598 ²²
3201 1565 3300 1638 τὴν
3335 1565 3598 1636 εὐοσμίαν
3628 1562 3730 1617 τοῦ

2133 1659 2494 1731 κυπρίζοντος
2524 1658 2750 1729 βότρυος
2781 1658 2848 1711 ³³.
2885 1658 2944 1710 Ei
2984 1656 3042 1710 δὲ
3073 1658 3101 1710 6
3125 1655 3256 1728 ἄρτι
3280 1653 3459 1708 ἀνθῶν
3483 1650 3730 1715 τοιοῦτός

2133 1753 2272 1818 ἐστι,
2303 1751 2608 1823 σκοπητέον
2633 1747 2744 1814 οἷος
2775 1753 2802 1805 6
2825 1748 3140 1822 περκάζωψ
3174 1748 3266 1801 καὶ
3296 1748 3345 1801 εί
3374 1748 3402 1800 6
3431 1745 3732 1817 περκάζων

2134 1843 2326 1900 τούτου
2343 1843 2626 1916 κρείττων,
2647 1841 2977 1914 ἐνθυμητέον
3000 1835 3109 1904 οἷος
3130 1843 3158 1895 6
3178 1840 3458 1912 πέπειρος,
3484 1838 3581 1893 καὶ
3603 1839 3730 1902 ταῖς

2133 1936 2313 2010 ληνοῖς
2335 1936 2657 2007 ἐπιτήδειος.
2675 1934 2945 2006 Ἠγοῦμαι
2972 1933 3080 2006 γὰρ
3101 1933 3194 1986 τὸν
3219 1932 3401 1996 αὐτὸν,
3442 1929 3728 2000 ἀναλόγως

2132 2033 2255 2094 ταῖς
2296 2029 2698 2100 πνευματικαῖς
2722 2026 2982 2099 ἡλικίαις,
3017 2027 3130 2090 τοῖς
3165 2023 3265 2096 μὲν
3302 2022 3507 2088 ἀνθεῖν,
3530 2024 3646 2086 τοῖς
3671 2021 3727 2075 δὲ

2133 2125 2483 2198 ὀμφακίζειν,
2508 2128 2620 2190 τοῖς
2645 2124 2702 2179 δὲ
2747 2122 3174 2195 ύποπερκάζειν,
3211 2124 3324 2187 τοῖς
3357 2121 3415 2175 δὲ
3459 2120 3734 2191 πέπειρον

2133 2215 2294 2283 εἶναι,
2323 2219 2428 2273 ὑπὸ
2447 2218 2504 2273 δὲ
2521 2218 2630 2272 τῶν
2650 2216 2872 2271 τελείων
2896 2214 3171 2270 πίνεσθαι’
3204 2234 3224 2268 ι
3253 2214 3326 2268 Τὸ
3347 2214 3394 2246 ’⁸
3420 2211 3531 2286 γὰρ
3556 2213 3732 2282 ποτή-

2134 2326 2252 2382 ριον
2272 2307 2438 2364 αὑτοῦ
2471 2307 2744 2380 μεθύσκον
2781 2308 2828 2340 ’⁸
2858 2307 2991 2361 ὡσεὶ
3017 2306 3312 2379 κράτιστον
3339 2305 3407 2360 ’⁸.
3458 2322 3478 2357 ι
3505 2303 3734 2358 Τούτων

2133 2401 2241 2455 ὑπὸ
2278 2401 2381 2472 τῆς
2424 2401 2641 2474 νύμφης
2675 2400 2974 2473 ῥηθέντων,
3028 2399 3191 2455 πάλιν
3237 2399 3376 2470 αὐτῇ
3425 2398 3456 2452 6
3491 2395 3730 2468 νυμφίος

2135 2493 2609 2566 προσδιαλέγεται,
2635 2493 2730 2547 καί
2761 2509 2949 2564 φησιν⁹

2210 2585 2290 2640 ιδ’.
2323 2585 2472 2641 Ἰδοὺ
2501 2581 2560 2640 εἷ
2577 2584 2765 2655 καλὴ,
2785 2586 2824 2653 ή
2846 2584 3118 2654 πλησίον
3141 2599 3282 2654 μου·
3313 2581 3442 2638 ἰδοὺ
3463 2576 3526 2636 εἴ
3543 2580 3728 2647 καλήο

2133 2678 2188 2730 οε
2226 2675 2270 2705 ιτ
2306 2673 2608 2744 ὀφθαλμοί
2664 2689 2784 2729 σου
2831 2675 3197 2744 περιστεραί.
3271 2674 3516 2728 Ἐπαινεῖ
3551 2670 3731 2741 αὐτῆς

2135 2767 2297 2823 πάλιν
2329 2767 2392 2821 τὸ
2417 2767 2632 2832 κάλλος,
2665 2767 2759 2821 καὶ
2789 2765 3060 2838 θαυμάζει
3084 2766 3182 2838 τὴν
3219 2766 3393 2838 ῶραν,
3421 2765 3516 2819 καὶ
3540 2764 3619 2834 τῷ
3644 2765 3729 2817 διο

2133 2861 2466 2933 πλασιασμῷ
2501 2861 2596 2932 τὴν
2618 2861 2954 2932 εὐπρέπειαν
2983 2861 3154 2930 αὐτῆς
3203 2859 3586 2930 ἐκπλήττεται.
3612 2856 3732 2928 Πρὸ

2132 2954 2194 3009 δὲ
2231 2953 2450 3008 πάντων
2478 2953 2602 3016 τοὺς
2640 2952 2959 3024 ὀφθαλμοὺς
2994 2954 3167 3024 αὐτῆς
3211 2950 3572 3022 ἐγκωμιάζει.
3630 2951 3731 3004 καί

2135 3062 2322 3116 φησιν·
2365 3062 2383 3097 ι
2455 3045 2518 3098 Οἱ
2551 3043 2822 3114 ὀφθαλμοί
2855 3062 2948 3098 σου
3005 3043 3347 3115 περιστεραὶ,
3402 3062 3420 3096 ι
3475 3042 3732 3097 τουτέστι

446 3133 647 3190 tumbae
699 3135 883 3205 specie
927 3134 1217 3192 descendit
1263 3135 1505 3207 Spiritus
1541 3143 1804 3202 sanctus,
1859 3134 2028 3192 et'in

2137 3137 2522 3209 πνευματικοί·
2551 3138 2609 3190 ὲν
2635 3136 2767 3190 εἴδει
2804 3135 2915 3206 γάρ
2950 3137 3282 3208 περιστερᾶς
3303 3135 3634 3206 ὲπεφοίτησε
3665 3134 3730 3187 τὸ

2057 3189 2104 3252 C

445 3243 653 3298 sponso
683 3227 976 3286 habitavit.
1010 3228 1222 3287 Idcirco
1256 3245 1366 3286 non
1395 3231 1494 3296 ait,
1529 3231 1688 3304 quasi
1721 3230 1898 3300 ipsius
1929 3245 2027 3287 co-

2135 3229 2361 3302 Πνεῦμα
2389 3231 2449 3284 τὸ
2469 3231 2644 3298 ἆγιον,
2669 3231 2764 3283 καὶ
2792 3228 3037 3300 ὲνῴκησε
3068 3229 3147 3300 τῷ
3170 3229 3411 3302 νυμφίῳ.
3440 3227 3540 3282 Διά
3566 3225 3732 3281 τοῦτο

445 3319 680 3388 iumba,
723 3319 820 3377 sed
893 3337 913 3372 ι
972 3321 1265 3388 columba,
1322 3339 1341 3374 ι
1400 3321 1455 3377 id
1518 3329 1629 3388 est,
1686 3322 2026 3393 spirituales,

445 3409 636 3468 divina
659 3413 833 3483 gratia
863 3413 1037 3485 pleni,
1080 3415 1154 3469 ab
1179 3414 1332 3469 omni
1380 3413 1617 3484 caligine
1653 3413 1836 3478 liberi,
1872 3430 2030 3470 reve-

445 3505 555 3560 lata
590 3503 735 3562 facie
759 3505 990 3577 gloriam
1034 3503 1254 3560 Domini
1293 3505 1754 3577 contemplantes,
1794 3507 1850 3562 in
1877 3520 2031 3562 eam-

445 3596 570 3653 dem
596 3597 888 3669 imaginem
935 3596 1324 3652 transformati
1367 3611 1399 3652 a
1438 3598 1692 3655 claritate
1720 3600 1775 3654 in
1805 3599 2030 3654 clarita-

445 3697 578 3754 tem,
617 3697 879 3759 tauquam
909 3701 940 3743 a
968 3687 1204 3744 Domino
1235 3687 1344 3760 52
1387 3688 1597 3761 Spiritu
1634 3701 1694 3755 ι,
1729 3698 1789 3745 ut
1815 3690 2030 3762 possint

445 3775 664 3832 dicere:
689 3793 708 3828 ι
739 3775 908 3834 Nobis
941 3785 1126 3834 autem
1169 3776 1316 3835 Deus
1343 3779 1604 3836 revelavit
1633 3796 1732 3852 per
1761 3781 2029 3853 Spiritum

445 3881 609 3921 suum
635 3874 656 3902 ε
705 3885 727 3922 ›
755 3865 979 3926 Rursus
1011 3884 1217 3941 sponsa
1248 3869 1594 3943 respondens
1628 3872 1747 3927 ait:

515 4050 684 4110 Vsus.
735 4053 840 4122 15,
896 4051 986 4109 ιθ.
1020 4052 1157 4110 Ecce
1193 4054 1412 4125 pulcher
1450 4071 1528 4122 es,
1559 4057 1759 4111 sororis
1807 4072 1933 4111 mea:
1960 4058 2025 4126 ﬁ-

444 4146 568 4210 lius,
597 4155 646 4199 et
673 4146 830 4216 plana
847 4145 1070 4202 decorus
1096 4145 1165 4201 ad
1203 4146 1398 4202 lectum
1427 4157 1668 4203 nostram
1694 4144 2024 4204 umbrosum.

449 4239 618 4310 Tigna
651 4239 906 4294 domuum
936 4249 1265 4297 nostrarum.
1305 4240 1487 4307 cedri;
1534 4242 1812 4312 laquearia
1843 4252 2027 4298 nostra

443 4332 698 4402 cupressi.
731 4330 1009 4386 Hactenus
1047 4331 1237 4402 sponsi
1287 4331 1643 4404 fragrantiam
1690 4349 1896 4405 sponsa
1930 4350 2027 4390 su-

443 4425 646 4494 spexit.
679 4421 838 4480 Nunc
872 4431 1057 4479 autem
1093 4423 1403 4479 illuminata
1446 4425 1649 4490 oculis,
1686 4441 1828 4497 quos
1861 4425 2027 4498 spiri-

2132 3322 2194 3377 οὐ
2211 3321 2384 3390 λέγει,
2400 3319 2532 3373 ὡσεὶ
2553 3321 2596 3351 ’⁸
2624 3321 2975 3392 περιστερᾶς,
2993 3318 3129 3373 ἀλλὰ
3150 3337 3168 3370 ι
3182 3319 3523 3390 περιστεραὶ,
3538 3333 3721 3370 »τουτ-

2133 3411 2252 3463 έστι
2311 3410 2708 3480 πνευματικοὶ,
2763 3408 2989 3478 χάριτος
3050 3408 3200 3472 θείας
3259 3406 3728 3478 πεπληρωμένοι,

2131 3502 2331 3572 ἀχλύος
2381 3501 2678 3574 ἐλεύθεροι,
2718 3500 3231 3572 ἀνακεκαλυμμένῳ
3286 3501 3568 3572 προσώπῳ
3622 3498 3730 3570 τὴν

2131 3591 2289 3658 δόξαν
2318 3591 2525 3664 Κυρίου
2559 3591 3074 3663 κατοπτριζόμενοι,
3119 3592 3213 3646 καὶ
3227 3591 3326 3662 τὴν
3347 3590 3516 3662 αὐτὴν
3539 3590 3734 3643 εἰκόνα

2135 3684 2674 3759 μεταμορφούμενοι,
2707 3684 2815 3738 ἀπὸ
2834 3684 2996 3754 δόξης
3017 3687 3097 3748 είς
3114 3681 3296 3750 δόξαν,
3325 3682 3579 3754 καθάπερ
3611 3681 3728 3736 ἀπὸ

2131 3778 2340 3852 Κυρίου
2361 3777 2702 3848 Πνεύματος,
2736 3778 2830 3830 καὶ
2853 3776 3144 3846 δυνάμενοι
3173 3776 3378 3845 λέγειν⁶
3409 3795 3427 3828 ι
3464 3776 3630 3845 Ἡμῖν
3663 3775 3726 3829 δὲ

2130 3874 2160 3927 6
2187 3871 2322 3936 Θεὸς
2372 3870 2689 3939 ἁπεκάλυψε
2739 3869 2826 3924 διὰ
2873 3869 2968 3924 τοῦ
3026 3868 3345 3940 Πνεύματος
3389 3868 3557 3923 αὑτοῦ
3588 3870 3658 3924 ²⁹.
3698 3887 3721 3923 ι

2144 3965 2528 4038 ’Δποκρίνεται
2555 3963 2716 4018 πάλιν
2746 3964 2780 4034 ἡ
2810 3962 3018 4034 νύμφη,
3049 3963 3140 4016 καί
3175 3978 3361 4032 φησιν·

2203 4065 2288 4121 ιε’,
2322 4064 2418 4123 ις’.
2461 4055 2607 4111 Ἰδοὺ
2637 4051 2699 4109 εἴ
2723 4055 2932 4122 καλὸς,
2953 4055 3318 4123 ἀδελφιδοῦς
3353 4072 3492 4123 μου,
3522 4049 3626 4107 καί
3653 4066 3724 4118 re

2129 4149 2346 4218 ὡραῖος
2393 4148 2544 4219 πρὸς
2566 4147 2614 4181 ³ο
2665 4148 2890 4215 κλίνην
2937 4145 3108 4216 ἡμῶν
3151 4146 3414 4202 σύσκιον
3437 4146 3502 4201 ³⁸.
3545 4143 3724 4199 Δοκοι

2131 4245 2315 4298 οἴκων
2331 4241 2499 4312 ἡμῶν
2517 4241 2735 4312 κέδροι,
2762 4239 3121 4309 φατνώματα
3135 4236 3307 4308 ἡμῶν
3323 4239 3720 4308 κυπάρισσοι.

2131 4334 2308 4404 Μέχρι
2344 4333 2442 4404 μὲν
2496 4327 2591 4386 οὖν
2619 4329 2715 4385 τοῦ
2767 4329 3036 4402 παρόντος
3087 4332 3189 4400 τὴν
3237 4329 3502 4400 εὐοσμίαν
3547 4327 3722 4382 αὑτοῦ

2131 4423 2357 4479 διετέλει
2403 4420 2777 4487 θαυμάζουσαο
2833 4419 2928 4474 νῦν
2968 4419 3024 4474 δὲ
3050 4417 3217 4474 αύτοῦ
3278 4421 3375 4474 καὶ
3426 4419 3528 4489 τὴν
3562 4417 3723 4488 ῶραν

442 4516 621 4572 tuales
667 4516 850 4582 habet,
898 4517 972 4572 ita
1026 4525 1086 4572 ut
1133 4517 1402 4574 columbae
1448 4532 1646 4574 nomen
1681 4526 1853 4590 gerat,
1901 4519 2024 4589 cjus

2135 4514 2516 4586 ἐκπλήττεται,
2548 4512 2877 4584 φωτισθεῖσα
2903 4513 3030 4577 τοὺς
3065 4510 3402 4582 ὀφθαλμοὺς,
3432 4511 3525 4564 καὶ
3548 4526 3721 4564 πνευ-

440 4607 607 4670 etiam
649 4607 1118 4680 pulchritudinem
1167 4608 1518 4667 admiratur:
1570 4629 1588 4662 ι
1626 4607 1884 4674 Pulcher,
1931 4610 2020 4665 in-

440 4699 660 4770 quiens,
689 4709 743 4756 et
765 4700 1000 4759 decorus
1030 4717 1111 4768 es,
1143 4716 1317 4772 nepos
1351 4718 1526 4760 meus.
1551 4721 1570 4756 ι
1607 4704 1836 4759 Lectum
1867 4717 2020 4769 vero,

443 4791 791 4856 utarbitror,
823 4792 1063 4862 appellat
1105 4793 1346 4849 divinam
1395 4794 1760 4865 Scripturam,
1811 4795 1866 4848 in
1913 4809 2023 4865 qua

440 4893 499 4941 et
531 4898 769 4954 sponsus
797 4891 854 4939 et
881 4898 1086 4953 sponsa
1134 4887 1595 4957 conquiescentes
1628 4895 1824 4942 mutuo
1853 4885 2023 4957 spiri-

442 4975 577 5030 tuati
599 4974 1004 5032 consuetudine
1031 4975 1466 5049 conjunguntur.
1517 4978 1598 5035 Ac
1630 4993 1869 5050 sponsus
1898 4976 2026 5048 qui-

441 5067 564 5122 dem
599 5067 806 5139 praebet
832 5067 986 5126 verbi
1021 5068 1236 5125 semina
1271 5087 1285 5124 :
1319 5084 1523 5140 sponsa
1553 5081 1736 5127 autem
1767 5070 1856 5126 illa
1900 5084 2026 5126 sus-

519 5261 546 5302 ι’
577 5248 681 5307 Job
711 5267 812 5318 m,
857 5253 906 5309 ι.
981 5263 1010 5304 ιι
1044 5251 1194 5309 Psal.
1229 5267 1344 5307 xm
1368 5292 1385 5318 ,
1417 5252 1469 5307 5.

1557 5264 1576 5292 τ
1609 5254 1652 5308 ιι
1682 5254 1810 5309 Cor.
1846 5271 1942 5319 ιιι,
1973 5253 2064 5310 18.

2132 4609 2398 4680 ματικοὺς
2425 4607 2621 4672 αὐτοὺς
2649 4606 2994 4678 κτησαμένη,
3025 4604 3103 4670 ὡς
3127 4604 3223 4658 καὶ
3248 4603 3581 4676 περιστερᾶς
3599 4603 3724 4656 ὀνο-

2134 4701 2427 4775 μασθῆναι·
2456 4700 2538 4755 διό
2568 4715 2754 4770 φησιν,
2775 4699 2858 4753 ὅτι
2887 4718 2904 4750 ι
2937 4697 3116 4762 Καλὸς
3142 4697 3238 4752 καὶ
3269 4697 3470 4768 ὡραῖος
3503 4698 3532 4751 6
3561 4695 3725 4750 ἀδελ-

2132 4793 2316 4864 φιδοῦς
2345 4811 2469 4867 μου.
2505 4812 2524 4845 ι
2552 4792 2756 4864 Κλίνην
2793 4791 2872 4856 δὲ,
2903 4790 2980 4854 ὼς
3026 4785 3202 4860 οἶμαι,
3231 4788 3329 4860 τὴν
3371 4789 3524 4843 θείαν
3557 4786 3726 4843 καλεῖ

2132 4888 2376 4961 Γραφήν·
2415 4880 2536 4960 ὲνῇ
2570 4889 2680 4941 ὅτε
2724 4884 2957 4955 νυμφίος
2997 4884 3041 4915 ³³
3077 4883 3168 4937 καὶ
3213 4883 3247 4954 ἡ
3295 4880 3484 4953 νύμφη
3525 4881 3722 4936 διανα-

2125 4976 2410 5048 παυομένη
2443 4975 2488 5006 ³³
2519 4971 2867 5028 κοινωνοῦσιν
2895 4970 3144 5042 ἀλλήλοις
3174 4971 3318 5024 κατά
3347 4970 3444 5042 τὴν
3469 4987 3721 5042 πνευμα-

2126 5069 2287 5140 τικὴν
2325 5066 2626 5122 κοινωνίαν.
2669 5065 2780 5120 Καὶ
2818 5064 2847 5117 6
2917 5063 3016 5136 μὲν
3045 5063 3229 5118 δίδωσι
3286 5061 3381 5117 τοῦ
3431 5060 3590 5132 λόγου
3643 5062 3722 5118 τά

2142 5253 2212 5308 ιι
2249 5253 2374 5309 Cor.
2414 5269 2474 5318 ιι,
2518 5250 2604 5306 10.

1713 5435 1950 5493 VABUE
1993 5437 2342 5495 LECTIONE
2359 5437 2418 5493 S.

491 5533 536 5564 ¹¹
571 5531 652 5584 έν.
683 5527 806 5586 cod.
837 5542 1002 5652 rmm
1049 5529 1133 5582 ὅτι
1164 5527 1280 5582 καί.
1345 5529 1392 5560 ”
1423 5525 1547 5582 cod.
1569 5530 1900 5603 προκρίνων.
1943 5531 2029 5602 ηε

491 5601 726 5658 uniones.
758 5606 805 5670 ι.
865 5640 881 5664 ,
912 5614 966 5670 p.
997 5597 1122 5670 749.
1196 5599 1242 5632 ’⁸
1267 5598 1395 5670 cod.
1429 5600 1710 5669 μεθύσκει.
1765 5603 1812 5634 ’⁸
1845 5603 2029 5670 κρὰτιι

2135 5548 2259 5596 ιυος.
2293 5529 2419 5585 cod.
2456 5542 2642 5600 praem.
2671 5543 2786 5582 σου.
2842 5526 2886 5558 ’δ
2911 5521 3360 5590 τδ-κρὰτιστον,
3393 5521 3529 5576 Alias
3549 5531 3716 5578 erant

2135 5621 2156 5656 ι.
2178 5599 2237 5654 lu
2267 5599 2393 5656 cod.
2427 5616 2543 5670 seq,
2581 5595 2856 5670 expositio
2872 5595 3038 5648 trium
3063 5591 3306 5670 Patrum.
3383 5593 3430 5623 "
3465 5593 3521 5670 οί
3550 5592 3714 5650 abest

441 5601 726 5658 lectiones.
758 5606 799 5654 t.

953 5639 966 5653 .
997 5597 1122 5674 749.
1196 5599 1242 5632 "
1267 5598 1395 5674 cod.
1429 5591 1734 5674 μεθύσκει.’
1765 5603 1812 5674 ’ξ
1845 5591 2029 5674 κρὰτιὶ

2135 5591 2237 5674 alii
2267 5599 2393 5656 cod.
2427 5591 2543 5674 εὗρε
2581 5595 2856 5674 expositio
2872 5595 3038 5648 trium
3063 5591 3307 5674 Patrum.
3383 5593 3430 5623 "
3465 5593 3521 5674 οί
3550 5592 3714 5650 abest

444 5671 622 5742 acod.
671 5670 744 5742 _“
780 5661 933 5724 ὡσείζ
965 5669 1090 5742 cod.
1123 5661 1442 5742 praetn.c6.'
1493 5671 1540 5703 ”
1564 5673 1750 5727 αὐτοῦ.
1783 5673 1842 5730 In
1868 5661 1994 5729 cod.

2135 5672 2282 5742 uitur
2312 5661 2584 5741 expositio
2614 5661 2779 5742 trium
2809 5665 3046 5742 Patruini
3137 5662 3183 5695 ’°
3212 5662 3350 5742 πρὸς
3387 5661 3716 5742 -ησύσκιον,

448 5740 628 5812 ιιοιν.
668 5740 778 5812 imo
812 5741 1020 5809 sponda
1056 5732 1240 5796 nostra
1275 5741 1459 5798 virens
1495 5759 1539 5802 s.
1569 5744 1784 5802 ﬂorida.
1816 5754 1920 5802 est.
1964 5747 2029 5800 Λα

2135 5732 2401 5812 εὐθαλὴςῖ
2453 5742 2494 5774 ³¹
2527 5739 2653 5795 cod.
2696 5737 2938 5802 σύσκιος.
3004 5733 3047 5767 ³³
3074 5733 3328 5805 νυμφίος.
3355 5732 3481 5790 cod.
3514 5747 3725 5806 prem.

444 5812 500 5862 ὁ.
587 5810 634 5842 ³³
671 5803 795 5866 cod.
824 5803 1279 5886 διαναπαυόμενοι
