3940 6200
177 368 228 433 85
1263 366 1346 426 IN
1388 363 1773 427 CANTICUM
1795 361 2085 428 CANTIC.
2108 367 2252 428 LIB.
2274 367 2326 427 Ι.
3353 360 3428 423 86

178 481 455 552 σπέρματα·
489 478 526 548 ἡ
561 480 622 535 δὲ
642 478 917 552 δεχομένη
939 479 1326 551 συλλαμϐάνει,
1351 483 1445 534 καὶ
1476 481 1630 545 κύει,
1654 478 1748 531 καὶ

1886 479 2062 549 ipiens
2098 482 2359 553 concipit,
2387 486 2444 536 et
2503 480 2610 536 fert
2665 479 2721 533 in
2772 485 2953 541 utero,
2989 484 3042 533 et
3084 474 3348 546 parturit,
3372 479 3430 524 et

179 571 342 632 ὡδίνει,
377 571 480 624 καὶ
530 569 635 642 βοᾷ
676 571 818 642 μετὰ
843 571 938 624 τοῦ
979 572 1284 642 προφήτοιν
1345 590 1362 622 ι
1398 570 1498 624 Διὰ
1533 571 1624 623 τὸν
1656 570 1751 639 φόο

187 663 257 717 εον
303 681 420 730 σου,
461 663 669 736 Κύριε,
709 665 769 718 ὲν
799 665 998 735 γαστρὶ
1039 663 1326 734 ἐλάϐομεν,
1358 663 1752 734 καὶὼδινήσα·

190 772 286 824 μεν,
315 756 405 809 καὶ
433 757 711 826 ὲτέκομεν
734 757 952 827 πνεῦμα
992 756 1266 826 σωτηρίας
1301 772 1416 818 σου,
1459 755 1487 808 ὃ
1513 755 1751 826 ὲκυήσα-

194 864 273 916 μιν
299 848 387 901 ἐπὶ
411 849 522 919 τῆς
549 850 674 919 γῆς.
692 869 710 902 ι
727 851 957 903 Σύσκιον
973 849 1019 881 ³⁸
1048 850 1105 902 δὲ
1135 849 1294 902 καλεῖ
1317 848 1416 920 τὴν
1450 847 1658 920 κλίνην,
1678 847 1755 910 ὡς

194 941 541 1012 βοηθουμένην
591 942 697 995 ὑπὸ
739 943 841 1013 τῆς
872 941 971 994 τοῦ
1006 940 1325 1011 Πνεύματος
1366 940 1607 1010 χάριτος,
1661 938 1756 992 καὶ

192 1033 271 1087 τοῦ
317 1034 604 1103 καύματος
652 1037 754 1106 τῆς
788 1035 1062 1105 ἁμαρτίας
1093 1032 1543 1104 ἀπηλλαγμένην.
1579 1032 1757 1101 ὀπερ

199 1126 286 1196 γὰρ
314 1128 347 1197 ἡ
373 1126 577 1197 νεφέλη
601 1126 678 1195 τῷ
719 1127 938 1197 Ἰσραὴλ
965 1125 1208 1193 γέγονεν,
1235 1125 1392 1178 τοῦτο
1416 1125 1546 1194 ἡμῖν
1580 1126 1612 1194 ἡ
1660 1122 1757 1176 τοῦ

205 1217 492 1288 Πνεύματος
547 1217 795 1289 βοήθεια.
827 1218 926 1271 Διὰ
958 1217 1116 1271 τοῦτό
1154 1234 1308 1289 φησι·
1350 1236 1368 1268 ι
1400 1217 1546 1288 Πρὸς
1573 1216 1760 1287 κλίνην

207 1309 335 1380 ἡμῶν
362 1311 605 1363 σύσκιον.
642 1311 801 1362 Δοκοὶ
824 1309 988 1363 οἴκων
1010 1309 1170 1380 ἡμῶν
1196 1310 1399 1381 κέδροι,
1425 1309 1761 1380 φατνώματα

214 1400 340 1470 ἡμῶν
383 1400 736 1472 κυπάρισσοι.
783 1420 804 1452 ι
858 1401 1043 1455 Ταῦτα
1089 1401 1147 1454 δὲ
1183 1401 1248 1454 τὰ
1282 1401 1394 1470 εἴδη
1428 1401 1535 1454 τῶν
1587 1402 1761 1466 ξύλων

215 1493 515 1562 παρέλαϐεν,
547 1493 735 1565 ἐπειδὴ
769 1495 802 1563 ἡ
837 1495 935 1563 μὲν
969 1493 1158 1565 κέδρος
1191 1491 1305 1564 ἔχει
1337 1495 1398 1547 τὸ
1425 1495 1687 1564 ἄσηπτον,
1725 1496 1759 1564 ὴ

217 1585 260 1637 δὲ
285 1585 606 1654 κυπάρισσος
638 1584 699 1639 τὺ
719 1586 936 1650 εὑῶδες·
969 1587 1254 1658 ἀμφότερα
1279 1586 1336 1639 δὲ
1359 1587 1509 1659 παρὰ
1536 1590 1602 1658 τῇ
1642 1587 1764 1658 θείᾳ

219 1671 378 1743 Γραφῇ
414 1673 558 1725 ἔστιν
584 1674 787 1745 εὑρεῖν,
813 1674 936 1743 ἥτις
961 1674 1119 1746 ἡμῶν
1143 1677 1205 1728 οὑ
1237 1676 1397 1746 μόνον
1425 1676 1600 1747 κλίνη,
1629 1677 1765 1730 ἀλλὰ

1854 572 2056 626 clamat
2087 589 2212 628 cum
2244 574 2508 644 propheta
2534 591 2547 626 :
2584 590 2602 624 ι
2633 570 2860 640 Propter
2887 569 3138 624 timorem
3179 564 3279 628 tui,
3313 562 3424 616 Do-

1855 661 2020 726 mine,
2059 663 2113 715 in
2159 675 2319 718 utero
2363 661 2744 731 concepimus,
2789 666 2844 714 et
2896 656 3315 726 parturivimus,
3371 657 3423 707 et

1853 753 2165 822 peperimus
2207 753 2463 822 Spiritum
2513 751 2709 807 salutis
2743 760 2868 811 tua,
2897 761 3058 816 quem
3089 741 3423 814 gestavimus

1856 860 2022 912 super
2049 852 2194 899 terra
2238 844 2286 898 ί.
2331 862 2350 894 ι
2405 842 2584 897 Porro
2616 861 2634 894 ι
2691 842 2890 896 lectum
2938 837 3282 899 umbrosum,
3317 851 3336 882 ι
3368 840 3428 886 ut

1859 934 2099 1006 Spiritus
2136 936 2309 1005 gratia
2349 933 2622 1002 adjutum,
2666 938 2722 986 et
2751 931 2819 985 ab
2855 928 3051 984 ardore
3085 923 3295 996 peccati
3338 921 3430 975 de-

1859 1029 2096 1092 fensum,
2130 1034 2309 1080 vocat.
2336 1024 2493 1090 Quod
2533 1026 2680 1079 enim
2734 1021 2910 1075 nubes
2956 1024 3074 1073 erat
3111 1013 3326 1076 lsraeli,
3374 1011 3430 1093 id

1858 1120 2017 1174 nobis
2048 1127 2130 1173 est
2177 1116 2416 1187 Spiritus
2467 1115 2758 1169 auxilium.
2807 1111 2932 1166 Ideo
2985 1128 3004 1160 ι
3048 1107 3116 1162 ad
3139 1093 3451 1187 lectulum"

1861 1210 1958 1275 ait,
1983 1217 2236 1266 nostrum
2254 1203 2783 1275 umbrosumJigna
2803 1201 3067 1256 domuum
3091 1180 3452 1261 nostrarum,‘

1860 1301 2040 1367 cedri;
2085 1298 2366 1370 laquearia
2411 1305 2625 1359 nostra,
2660 1292 2932 1364 cupressi.
2956 1309 2975 1341 ι
3017 1287 3146 1344 Haec
3174 1287 3434 1342 arborum

1861 1407 2060 1465 genera
2094 1391 2298 1461 posuit,
2335 1390 2600 1460 quoniam
2629 1385 2829 1442 cedrus
2867 1379 3302 1450 incorruptione,
3336 1391 3436 1430 cu-

1863 1498 2088 1553 pressus
2115 1483 2286 1538 odore
2315 1486 2578 1550 praestat:
2612 1484 2908 1546 utrumque
2934 1479 3116 1527 autem
3157 1470 3212 1524 in
3248 1466 3438 1521 divina

1867 1572 2156 1642 Scriptura
2187 1571 2316 1625 licet
2359 1568 2632 1634 invenire,
2666 1579 2788 1636 quae
2835 1561 3062 1635 quidem
3111 1559 3273 1615 nobis
3325 1569 3438 1610 non

1865 1651 2030 1718 modo
2059 1664 2233 1718 lectus
2275 1669 2383 1728 est,
2415 1659 2520 1732 53
2551 1657 2646 1715 sed
2681 1657 2845 1714 etiam
2874 1655 3092 1720 domus,
3136 1657 3193 1707 et
3222 1660 3438 1711 mensa,

221 1763 299 1816 καὶ
320 1762 456 1828 οἶκος
482 1768 759 1836 τυγχάνει,
802 1768 898 1820 καὶ
925 1767 1190 1839 τράπεζα,
1223 1769 1318 1822 καὶ
1351 1771 1546 1840 τροφή·
1575 1770 1666 1823 καὶ
1704 1768 1765 1824 οὑ

1883 1765 1922 1810 ιι
1952 1755 2112 1810 cibus
2145 1774 2158 1808 :
2211 1768 2314 1809 nec
2347 1752 2524 1809 solum
2567 1749 2756 1804 odoris
2797 1747 3127 1804 suavitatem
3174 1735 3439 1809 suggerit,

229 1856 360 1925 μόνον
379 1858 473 1926 τὴν
497 1858 724 1912 εὐωδίαν
747 1859 999 1930 παρέχει,
1029 1860 1164 1912 ἀλλὰ
1189 1860 1285 1912 καὶ
1304 1862 1364 1914 τὸ
1386 1861 1648 1932 ἄσηπτον,
1673 1863 1767 1914 καὶ

227 1946 275 1997 τδ
318 1945 530 2010 ἀπαθὲς,
579 1947 672 2000 καὶ
723 1947 992 2001 ἀθάνατον
1040 1947 1451 2015 ἐπαγγέλλεται.
1503 1949 1565 2001 Ei
1590 1947 1647 2001 δέ
1686 1965 1772 2010 τις

235 2036 444 2107 βούλοιτο
465 2039 642 2104 οἴκους
676 2040 779 2109 τῆς
806 2039 1044 2111 νύμφης,
1073 2040 1167 2093 καὶ
1195 2039 1292 2103 τὰς
1322 2039 1636 2110 ἅπανταχοῦ
1665 2041 1770 2108 γῆς

232 2131 308 2182 καὶ
352 2130 610 2200 θαλάσσης
662 2131 961 2200 ἐκκλησίας
999 2130 1204 2197 καλεῖν,
1237 2132 1300 2186 οὑ
1337 2132 1772 2204 διαμαρτήσεται

231 2219 313 2289 τῆς
335 2221 572 2292 ἀληθείας
595 2240 611 2253 ·
634 2222 744 2275 τῶν
770 2222 978 2294 κέδρων
1006 2222 1099 2276 καὶ
1126 2222 1235 2276 τῶν
1264 2223 1619 2294 κυπαρίσσων
1649 2243 1773 2297 τρο-

235 2314 384 2376 πικῶς
410 2315 728 2384 νοουμένων·
751 2314 863 2368 τῶν
904 2315 1001 2384 μὲν
1030 2314 1105 2378 ὡς
1131 2314 1304 2368 δοκῶν
1330 2317 1688 2388 τιμιωτέρων·
1717 2320 1773 2373 ai

233 2405 323 2472 γὰρ
351 2405 479 2457 δοκοὶ
497 2406 586 2458 τὸν
613 2406 809 2476 δροφον
843 2405 1119 2476 φέρουσιν
1141 2405 1250 2458 τῶν
1271 2406 1327 2459 δὲ
1349 2407 1772 2480 ὑποδεεστέρων,

236 2497 564 2565 φατνωμάτων
593 2497 1028 2568 ὀνομαζομένων.
1061 2496 1246 2560 Οὕτως
1259 2499 1563 2563 ἐπαινεθεὶς
1581 2503 1610 2554 ὁ
1637 2519 1773 2571 νυμ-

237 2587 334 2653 ςίος
368 2589 459 2641 ὑπὸ
486 2589 585 2659 τῆς
628 2589 847 2660 νύμφης
899 2589 1158 2655 διδάσκει,
1198 2589 1274 2653 ὡς
1299 2591 1512 2646 οὐδέπω
1540 2593 1600 2647 τὸ
1642 2594 1775 2664 ἀλη..

236 2679 357 2733 θινδν
374 2680 527 2734 αὑτοῦ
553 2681 808 2736 τεθέαται
832 2682 1047 2749 κάλλος,
1071 2685 1186 2737 ἀλλ’
1211 2684 1292 2739 ἔτι
1320 2687 1386 2756 τῇ
1418 2684 1511 2737 τοῦ
1546 2684 1777 2748 κάλλους

237 2770 531 2842 ἐνετρύφησε
562 2773 693 2844 σκιᾷ
725 2771 796 2826 ³⁸.

790 2907 1046 2961 ΚΕΦΑΛ.
1090 2907 1158 2978 β’.

299 3022 357 3068 α’.
374 3015 509 3084 Ἐγὼ
536 3017 664 3088 γὰρ.
690 3017 880 3086 φησὶν,
905 3016 1088 3085 ἄνθος
1124 3017 1233 3072 τοῦ
1255 3017 1467 3072 πεδίου
1482 3018 1550 3084 ³⁸,
1569 3018 1782 3086 κρίνον

241 3107 342 3161 τῶν
386 3111 755 3181 κοιλωμάτων
799 3110 866 3163 ³⁷.
896 3110 1006 3181 Τὴν
1061 3109 1407 3180 ἀνθρωπίνην
1437 3127 1560 3180 μου,
1593 3112 1777 3181 φησὶν,

242 3200 511 3271 εὐμορφίαν
549 3201 830 3256 τεθέασαιο
863 3201 1051 3271 ἐπειδὴ
1081 3201 1214 3255 Θεὸν
1235 3202 1410 3264 οὐδεὶς
1435 3201 1648 3273 ἑώρακε
1673 3200 1786 3254 πώ-

243 3309 374 3347 ποτε.
390 3294 519 3362 Ἐγὼ
542 3295 650 3366 γάρ
673 3295 768 3349 τοῦ
799 3295 984 3348 πεδίου
1009 3294 1168 3359 άνθος
1189 3295 1477 3365 ἐγενόμην,
1511 3293 1782 3358 τουτέστι,

243 3386 405 3456 γήῖνον
448 3387 704 3442 ἀνέλαόον
757 3386 939 3458 σῶμα,
991 3386 1083 3440 καὶ
1129 3388 1185 3440 ὲν
1223 3387 1288 3459 τῇ
1339 3390 1410 3458 γῇ
1455 3385 1786 3458 ἐϐλάστησαν

244 3479 535 3549 προαιὼνιος
557 3480 819 3550 ὑπάρχων
849 3479 945 3531 καὶ
969 3477 1191 3548 ὑψηλὸς,
1233 3478 1430 3548 μᾶλλον
1459 3476 1514 3531 δὲ
1547 3479 1790 3550 ἀμέτρη-

245 3589 340 3635 τος.
371 3571 559 3642 Κρίνον
581 3571 852 3642 ἐγενόμην
883 3570 984 3624 οὑκ
1025 3570 1216 3640 ὀρέων,
1245 3569 1365 3623 οὐδὲ
1411 3569 1637 3640 βουνῶν,
1668 3571 1791 3625 οὐδὲ

247 3662 420 3716 πεδίων
436 3663 638 3726 ἁπλῶς,
665 3662 802 3717 ἀλλὰ
832 3660 1208 3733 κοιλωμάτων.
1245 3661 1318 3715 υὺ
1345 3661 1451 3734 γὰρ
1487 3662 1647 3732 μόνον
1680 3666 1792 3728 τοῖς

246 3752 398 3818 ζῶσιν
430 3754 819 3824 εὐηγγελίσατο
835 3751 935 3824 τὴν
966 3753 1257 3823 σωτηρίαν,
1299 3751 1434 3806 ἀλλὰ
1461 3753 1554 3806 καὶ
1571 3754 1681 3816 τοῖς
1704 3767 1795 3806 νεε-

247 3848 382 3916 κροῖς
404 3846 494 3916 τὴν
519 3845 839 3910 ἀνάστασιν,
863 3843 1136 3898 κατελθὼν
1153 3844 1231 3906 είς
1255 3841 1324 3896 τὰ
1346 3841 1626 3912 κατώτερα
1655 3843 1796 3914 μέρη

245 3939 331 4006 τῆς
359 3939 472 4008 γῆς,
501 3939 590 3992 ἶνα
618 3937 886 4011 πληρώσῃ
911 3938 983 3992 τά
1014 3935 1213 3990 πάντα.
1242 3935 1341 3989 Διά
1365 3935 1524 3989 τοῦτο
1564 3935 1657 3990 τοῦ
1697 3937 1797 4005 μὲν

249 4028 411 4082 πεδίου
447 4030 606 4092 ἄνθος
635 4029 829 4084 ἑαυτὸν
857 4029 1136 4100 ὀνομάζει,
1166 4027 1350 4100 κρίνον
1379 4028 1435 4082 δὲ
1466 4029 1575 4082 τῶν
1604 4028 1797 4082 κοιλω-

251 4117 435 4185 μάτων,
472 4119 718 4173 τουτέστι
757 4119 866 4174 τῶν
897 4118 1255 4190 τεθνηκότων·
1292 4120 1386 4172 καὶ
1420 4118 1528 4188 γὰρ
1574 4119 1802 4183 ἐκείνοις

247 4213 335 4280 τὴν
372 4213 659 4268 ἀναϐίωσιν
698 4212 1064 4284 ἑπηγγείλατό
1101 4229 1162 4265 τε
1201 4212 1296 4266 καὶ
1344 4213 1804 4284 ἐπραγματεύσα-

250 4319 302 4355 το
329 4305 388 4358 ³⁸.
411 4299 540 4360 Εἶτα
594 4305 783 4378 ἐπειδὴ
816 4305 1007 4359 ἑαυτὸν
1042 4304 1303 4382 τοιούτοις
1352 4305 1580 4376 ὀνόμασι
1640 4320 1806 4375 προσ-

250 4388 760 4468 ηγόρευσε,,φησὶτῇ
791 4397 1000 4470 νύμφῃ·

1869 1864 2058 1902 verum
2105 1845 2267 1902 etiam
2302 1843 2795 1913 incorruptionem,
2827 1847 2878 1894 et
2915 1832 3440 1906 impassibilitatem,

1871 1952 1925 1996 et
1975 1938 2442 2012 immortalitatem
2477 1935 2790 2004 pollicetur.
2825 1929 2882 1984 Si
2928 1929 3052 1999 quis
3083 1932 3264 1980 autem
3297 1919 3444 1976 aedes

1872 2047 2089 2102 sponsae
2115 2030 2246 2085 velit
2278 2026 2565 2088 ecclesias,
2595 2037 2715 2094 quae
2745 2021 2949 2090 ubique
2981 2017 3222 2089 gentium
3250 2015 3304 2068 in
3338 2026 3447 2066 ma-

1873 2125 1917 2179 ri
1950 2132 2206 2192 terraque
2253 2127 2403 2186 sunt,
2453 2133 2672 2180 vocare,
2719 2130 2748 2169 a
2794 2112 3024 2168 veritate
3071 2122 3179 2163 non
3218 2105 3445 2159 aberra-

1874 2215 1999 2270 bit:
2049 2224 2110 2268 ut
2142 2211 2293 2268 cedri
2332 2220 2386 2266 et
2436 2206 2687 2279 cupressi
2741 2201 3035 2274 allegorice
3080 2196 3448 2266 accipiantur,

1879 2306 1974 2360 alii
2006 2304 2254 2376 quidem,
2289 2311 2552 2370 tanquam
2600 2297 2774 2367 tigna,
2827 2288 3262 2363 praestantiores,
3295 2284 3449 2354 tigna

1875 2398 2020 2452 enim
2053 2403 2258 2450 tectum
2312 2391 2635 2446 sustinent:
2675 2387 2766 2440 alii
2816 2398 2943 2438 vero
2986 2379 3298 2440 inferiores,
3353 2372 3450 2444 qui

1877 2487 2162 2557 laquearia
2201 2483 2569 2554 appellantur.
2613 2478 2864 2549 Sponsus
2911 2489 2943 2528 a
2983 2484 3190 2543 sponsa
3225 2469 3299 2522 ita
3330 2466 3453 2519 lau-

1877 2580 2036 2634 datus
2080 2577 2342 2642 declarat,
2393 2589 2512 2630 eam
2547 2567 3026 2638 nondum‘ipsius
3084 2557 3453 2635 pulchritudi-

1879 2689 2002 2730 nem
2036 2679 2336 2743 spectasse,
2371 2667 2466 2724 sed
2510 2666 2689 2721 adhuc
2720 2664 2773 2718 in
2801 2661 2993 2718 umbra
3025 2650 3454 2730 pulchritudinis

1879 2778 2185 2821 Immoran.

2495 2893 2722 2951 CAPUT
2778 2891 2840 2945 11.

1953 3016 2122 3070 Vens.
2163 3015 2214 3068 1.
2260 3011 2372 3082 Ego
2407 3011 2576 3073 enim,
2632 3005 2831 3076 inquit,
2888 3002 2989 3072 ﬂos
3037 2996 3230 3065 campi,
3279 2993 3457 3047 lilium

1885 3106 2224 3162 convallium.
2300 3100 2648 3164 Humanam,
2715 3095 2938 3164 inquit,
2995 3083 3458 3160 pulchritudinem

1887 3213 2087 3263 meam,
2117 3210 2244 3249 nam
2279 3212 2297 3244 ι
2332 3191 2502 3246 Deum
2534 3203 2694 3244 nemo
2717 3187 2854 3240 vidit
2884 3195 3124 3252 unquam
3148 3189 3178 3217 ιι
3199 3217 3214 3242 ,
3258 3193 3275 3226 ›
3305 3187 3464 3242 aspc-

1888 3289 2041 3346 xisti.
2075 3287 2188 3358 Ego
2233 3285 2380 3340 enim
2413 3282 2514 3338 ﬂos
2561 3278 2737 3349 campi
2796 3276 2974 3330 factus
3024 3286 3168 3335 sum,
3205 3269 3308 3323 hoc
3343 3273 3461 3330 est,

1889 3394 2170 3440 terrenum
2201 3390 2403 3447 corpus
2436 3371 2733 3441 assumpsi.
2759 3368 2972 3422 Etcum
3009 3367 3336 3425 aeternus,et
3364 3371 3465 3411 cx-

1892 3478 2096 3542 celsus,
2130 3473 2241 3528 imo
2268 3484 2398 3525 vero
2424 3468 2730 3522 immensus
2761 3475 2965 3526 essem,
2996 3473 3026 3514 e
3057 3467 3204 3512 terra
3243 3465 3466 3524 proger-

1892 3568 2096 3625 minavi
2126 3573 2182 3620 et
2220 3563 2392 3617 lilium
2426 3574 2548 3615 sum
2586 3556 2785 3618 iactus,
2825 3569 2936 3607 non
2968 3549 3258 3608 montium,
3291 3557 3469 3614 neque

1894 3661 2142 3724 collium,
2185 3669 2362 3726 neque
2393 3664 2711 3721 camporum
2746 3643 3091 3716 simpliciter,
3122 3642 3217 3696 sed
3247 3635 3470 3692 conval-

1896 3754 2050 3807 lium.
2104 3721 2224 3803 Non
2273 3721 2423 3801 enim
2473 3739 2789 3796 viventibus
2856 3733 3019 3790 modo
3068 3731 3322 3790 salutem,
3372 3721 3469 3779 sed

1897 3841 2136 3898 mortuis
2172 3851 2392 3910 quoque
2418 3829 2878 3889 resurrectionem
2913 3821 3208 3882 nuntiavit,
3242 3816 3472 3872 descen-

1899 3935 2037 3989 dens
2075 3931 2130 3985 in
2173 3904 2458 3983 inter-iores
2486 3929 2670 3994 partes
2697 3927 2884 3983 terrae,
2904 3925 2964 3970 ut
2988 3911 3238 3982 impleret
3265 3904 3469 3962 omnia.

1879 4023 2112 4078 .ldcirco
2143 4032 2201 4075 se
2239 4014 2418 4084 campi
2457 4012 2645 4067 ﬂorem
2678 4007 2939 4080 appellat,
2965 4013 3020 4058 et
3049 4003 3220 4056 lilium
3250 3995 3475 4052 conval-

1903 4118 2060 4178 lium,
2088 4112 2142 4166 id
2170 4117 2277 4175 est,
2307 4117 2673 4170 mortuorum,
2703 4100 2908 4172 quibus
2941 4111 2970 4150 a
3007 4101 3183 4149 morte
3216 4090 3271 4144 in
3309 4088 3474 4142 vitam

1905 4207 2142 4264 reditum
2170 4211 2225 4257 et
2269 4197 2524 4269 promisit
2574 4204 2629 4249 et
2687 4189 2964 4265 praestitit.
2997 4184 3207 4241 Deinde
3247 4195 3370 4235 cum
3418 4193 3478 4232 se

1908 4300 1994 4354 his
2041 4291 2356 4351 nominibus
2399 4287 2754 4360 appellasset,
2808 4280 2917 4354 54
2963 4279 3044 4335 sic
3079 4277 3155 4330 ait
3186 4271 3256 4327 ad
3305 4285 3475 4340 spou-

1909 4407 2023 4449 sam
2055 4407 2068 4443 ε

314 4451 373 4556 βλ
407 4451 835 4558 Ὠςιςέρίνοτῗέν
1065 4485 1184 4541 τῶν
1215 4486 1516 4554 ἀκανθῶν,
1551 4487 1779 4553 οὕτωςι

1979 4478 2145 4534 Vens.
2187 4475 2242 4528 2.
2284 4473 2432 4528 Sicut
2460 4469 2636 4523 lilium
2662 4477 2801 4521 mter
2827 4463 3030 4530 spinas,
3064 4457 3141 4510 sic
3185 4451 3482 4522 propinqua

255 4583 498 4648 πλησίον
518 4599 638 4650 μου
659 4581 732 4635 ἐν
757 4579 927 4650 μέσῳ
947 4580 990 4612 ³⁸
1012 4578 1130 4633 τῶν
1150 4579 1511 4648 θυγατέρων.
1535 4579 1673 4647 Ὅση
1693 4579 1802 4650 γὰρ

254 4670 463 4744 διαφορὰ
508 4674 602 4728 τοῦ
653 4673 840 4744 κρίνου
889 4672 1024 4744 πρὸς
1069 4671 1168 4734 τὰς
1203 4669 1465 4733 ἀκάνθας,
1492 4668 1709 4721 τοσοῦτο
1758 4672 1803 4702 ⁸ο

254 4761 501 4835 διενήνοχέ
551 4782 647 4819 σου
692 4765 756 4819 τὺ
791 4764 987 4828 κάλλος
1025 4763 1135 4817 τῶν
1190 4762 1526 4831 θυγατέρων,
1574 4761 1628 4812 οἳ
1663 4761 1806 4815 οὕτω

259 4855 346 4921 μὲν
372 4856 411 4888 ⁸³
435 4856 931 4928 προσαγορεύονται
969 4855 1056 4909 διὰ
1079 4854 1140 4907 τὸ
1164 4853 1262 4924 τῆς
1301 4853 1545 4922 κλήσεως
1575 4851 1810 4922 ἀξιωθῆ··

257 4963 356 5009 ναι,
381 4947 470 5001 τοῦ
519 4949 576 5002 δὲ
615 4949 874 5004 ὲκλεκταὶ
903 4945 1044 5004 εἶναι
1085 4946 1283 5010 ἑαυτὰς
1320 4945 1806 5014 άπεστερήκεισαν.

186 5065 190 5069 -
263 5054 280 5088 ι
313 5038 488 5093 Πολλοὶ
536 5040 667 5110 γὰρ,
713 5042 870 5113 φησὶ,
910 5041 1117 5111 κλητοὶ,
1175 5039 1343 5107 ὀλίγοι
1375 5036 1432 5090 δὲ
1476 5035 1740 5088 ἐκλεκτοί.
1785 5056 1803 5088 ι

332 5219 478 5276 ³15³.
509 5233 662 5284 xxvr,
692 5218 784 5273 18.
857 5223 886 5253 ιι
918 5215 1079 5272 Joan.
1101 5229 1140 5282 ι,
1170 5211 1257 5268 18.
1334 5222 1363 5251 ν
1388 5212 1580 5267 Matth.
1602 5226 1695 5277 xx,
1721 5207 1810 5264 16.

1909 4591 2025 4630 mea
2074 4573 2211 4624 inter
2249 4567 2418 4636 ﬁlias.
2472 4561 2747 4627 Quantum
2800 4552 2974 4625 spinis
3012 4548 3184 4602 lilium
3237 4549 3480 4613 pragstat,

1907 4675 2123 4722 tantum
2169 4661 2344 4714 forma
2373 4663 2434 4710 tu
2475 4653 2691 4708 ﬁliabus
2727 4643 3034 4702 antecellis.
3081 4639 3349 4693 Dicuntur
3384 4650 3481 4688 au-

1911 4767 2020 4814 tem
2052 4755 2196 4818 ﬁlim,
2243 4749 2372 4820 quia
2414 4743 2707 4798 vocatione
2737 4739 2918 4809 dignae
2961 4741 3090 4790 sunt
3119 4731 3337 4786 habitae.
3373 4725 3481 4782 Sed

1913 4864 2026 4920 quo
2057 4845 2237 4899 minus
2267 4841 2454 4894 electa
2483 4835 2620 4899 sint,
2649 4823 2898 4902 ipsarum
2945 4827 3107 4895 culpa
3142 4822 3344 4877 factum
3375 4826 3480 4872 est.

1923 4909 1946 4993 ί
1981 4935 2134 4991 Multi
2167 4932 2335 4994 enim,
2368 4927 2571 4998 inquit,
2616 4931 2745 4981 sunt
2772 4919 2973 4984 vocati,
3017 4915 3177 4987 pauci
3205 4926 3332 4968 vero
3374 4909 3478 4964 ele-

1917 5032 1990 5087 cti
2022 5039 2071 5082 ν.
2111 5047 2128 5078 ι
2168 5023 2282 5078 Hoc
2320 5027 2501 5076 autem
2546 5017 2764 5074 nomine
2812 5023 3073 5083 sponsam
3114 5013 3273 5062 vocat
3319 5001 3481 5056 etiam

1529 5368 1765 5429 VARLE
1823 5363 2124 5424 LECTION
2134 5362 2238 5418 ES.

323 5513 362 5546 “
385 5514 624 5569 σὺσκιον.
663 5514 791 5571 Des.
823 5513 883 5570 h.
918 5516 954 5571 l.
993 5516 1048 5571 in
1074 5515 1200 5572 cod.
1234 5515 1427 5571 relicto
1459 5512 1656 5581 spatio,
1688 5509 1976 5581 utrdeinde
2004 5511 2129 5581 post
2157 5500 2342 5580 κλίνην
2376 5493 2552 5581 hil-GN;
2623 5492 2664 5522 ³⁸
2693 5490 2836 5581 63f”?-
2877 5487 2935 5581 ξη
2964 5485 3084 5581 90‘1-
3119 5482 3490 5581 εςαιιῑιξιξζοκ-

260 5587 438 5684 positio
474 5585 644 5684 triul'n
683 5586 939 5684 Patt'rum.
1014 5587 1058 5618 ³⁸
1096 5586 1258 5668 ἄνθος
1295 5585 1387 5638 τοῦ
1421 5571 1830 5659 πεδίου.Ἠςίνν.
1884 5571 2022 5633 ιὀεεί
2047 5571 2295 5628 Samnis.

340 5671 534 5684 ,---....
626 5673 657 5684 η
688 5672 752 5684 ιη.
851 5665 1175 5684 mum-uno..-
1202 5657 1290 5684 .n-
1335 5653 1443 5684 1....2.
1481 5652 1638 5684 κυρω-
1669 5668 1762 5684 in...
1798 5649 1980 5684 ρ-ςιῒῖηη
2037 5644 2218 5684 vm'ww
2253 5655 2295 5684 τι

2374 5547 2668 5630 3'7}on.
2708 5547 3046 5630 iiec._lccti0
3077 5563 3165 5630 est
3199 5547 3487 5626 κοιλάδων.

329 5616 438 5639 δΙΙΙυ
475 5616 644 5639 ιηυιιι
683 5616 806 5640 που
825 5616 939 5642 ιΙιΙΙ.
1021 5616 1053 5618 “’
1096 5616 1254 5648 ανυυι,
1295 5616 1387 5638 ἰυυ
1421 5616 1625 5636 ἰιιυιυυο
1667 5616 1830 5634 ιιουιο
1887 5616 2009 5633 Ιυῦυι
2049 5616 2294 5628 υυιν”·““’“
2611 5616 2622 5630 I

329 5655 560 5727 ἐπραγμ.
596 5654 659 5710 1η
685 5655 814 5712 cod.
851 5665 1175 5727 repetuntur
1201 5653 1444 5727 ἱ11σ,ὲγῲ
1479 5652 1638 5714 ἄνθος
1669 5649 1762 5702 τοῦ
1798 5649 2005 5710 πεδίου,
2037 5644 2218 5721 κρίνον
2253 5633 2676 5727 τιξινιξοιλάδιυνη
2704 5616 3492 5727 Dcindclsem“'.‘,',_l,'wexIt):0

1589 5725 1595 5727 Α
1737 5720 1749 5727 .
1941 5720 1979 5727 .-
2347 5722 2366 5727 -
2422 5721 2498 5727 η---
2530 5717 2760 5727 ---,..-..
2825 5713 2910 5727 ,ηπ
2979 5709 3131 5727 Mm.
3485 5726 3490 5727 ,

329 5685 560 5725 ιηρξιῐμι
596 5685 659 5710 ιιι
685 5685 814 5712 CUI].
852 5685 1175 5727 lcpculluur
1202 5685 1444 5721 Ιιηινιιω
1479 5685 1635 5714 τινυυξ,
1679 5685 1762 5702 νυν
1805 5685 2005 5710 uult-vv,
2041 5685 2213 5712 ’νιν-*-
2264 5685 2307 5689 νν
2343 5685 2349 5687 ν
2436 5685 2467 5686 η
2518 5685 2523 5686 ν
3017 5685 3031 5692 -
3106 5690 3128 5699 ..
3297 5685 3305 5686 ί

261 5723 412 5797 trium
436 5724 680 5797 Patrum.
740 5729 787 5761 ³³
828 5730 890 5782 ἐν
929 5728 1097 5797 μέσῳ.
1131 5728 1260 5783 Rec.
1284 5725 1446 5781 lectio
1476 5720 1868 5790 ρδιὰναμὲσον,
1940 5720 1981 5751 ³ο
2011 5713 2248 5768 τοσοῦτο.
2291 5705 2499 5759 Mallem
2528 5699 2781 5768 τοσούτῳ.
2823 5697 2946 5750 cod.
2979 5705 3246 5746 τοσοντον.
3299 5689 3339 5718 ⁸⁸
3372 5685 3493 5757 μέν..

260 5793 412 5850 Abest
442 5811 469 5850 a
495 5795 615 5851 cod.

1937 5797 1990 5818 Ov

1919 5829 1939 5839 μ
1973 5819 1996 5836 νδ
