3940 6200
454 354 525 418 87
1480 350 1967 410 THEODORETI
1998 349 2036 408 E

2140 347 2337 407 SCOPI
2362 345 2728 408 CYRENSIS
3650 336 3726 400 88

456 466 624 521 lsaias
638 465 959 536 propheta:
996 483 1017 517 ι
1055 464 1286 528 Laetare,
1326 461 1608 532 inquiens,
1640 463 1920 518 desertum
1954 460 2029 516 si-

2140 460 2323 530 Τούτῳ
2348 458 2404 513 δὲ
2438 458 2481 489 δ’
2509 458 2736 527 ὀνόματι
2765 453 2859 507 καὶ
2885 454 2913 505 ὁ
2938 453 3222 522 προφήτης
3258 448 3487 512 Ἡσαΐας
3518 449 3717 522 ὀνομά-

456 561 600 614 tiens
633 571 647 610 :
682 557 920 613 exsultet
949 556 1216 619 solitudo,
1250 560 1306 609 et
1334 554 1529 609 ﬂoreat
1551 554 1708 624 quasi
1736 553 1912 608 lilium
1939 566 2020 607 ι.»

457 649 684 705 Deserta
735 650 904 712 enim,
953 658 1007 703 et
1055 646 1319 711 solitaria,
1374 653 1540 715 atque
1572 644 1934 709 infructuosa,
1975 651 2030 699 et

454 740 609 796 arida
636 749 756 797 erat
796 756 919 811 quae
951 740 1253 810 appellatur
1279 753 1507 808 sponsa,
1538 753 1643 794 nec
1677 738 1879 794 lectum
1916 751 2029 792 um-

455 832 680 887 brosum
709 831 964 895 habebat,
997 830 1092 886 sed
1126 829 1353 884 ardebat
1385 829 1476 885 siti
1503 828 1696 900 sponsi
1725 828 1834 893 sui,
1866 835 2035 896 atque

453 924 580 980 ideo
629 923 936 986 clamabat,
973 939 992 971 ι
1020 919 1317 976 Osculetur
1348 937 1435 979 me
1465 921 1677 978 osculis
1709 923 1824 977 oris
1858 921 1966 976 sui.
2005 940 2024 972 ι

452 1013 613 1080 Quod
652 1011 871 1084 quidem
920 1011 1115 1067 videns
1155 1012 1425 1084 propheta
1453 1053 1467 1076 ,
1513 1022 1634 1069 erat
1677 1013 1822 1068 enim
1863 1012 2030 1081 spiri-

457 1106 641 1169 tualis,
684 1119 708 1158 ι
747 1102 978 1172 Laetare,
1027 1105 1244 1176 inquit,
1294 1106 1499 1161 sterilis
1538 1104 1754 1171 sitiens,
1791 1104 2032 1161 exsultet

453 1197 715 1264 solitudo,
740 1208 795 1252 et
827 1197 1021 1253 ﬂoreat
1044 1199 1187 1254 sicut
1217 1200 1414 1254 lilium.
1451 1218 1469 1251 ι
1511 1197 1594 1255 0b
1627 1198 1679 1253 id
1710 1207 1765 1254 et
1793 1212 2032 1268 sponsus

454 1287 525 1343 ad
556 1304 676 1345 eam
709 1289 846 1345 dicit
875 1309 889 1346 :
937 1309 957 1343 ι
993 1289 1154 1345 Sicut
1183 1291 1358 1346 lilium
1389 1292 1534 1347 inter
1564 1291 1775 1361 spinas,
1803 1290 1886 1345 sic
1908 1303 2035 1361 pro»

452 1379 661 1449 pinqua
702 1396 823 1437 mea
852 1381 997 1437 inter
1030 1382 1191 1437 ﬁlias.
1236 1402 1254 1434 ι
1290 1381 1525 1437 Videtur
1551 1391 1732 1437 autem
1779 1382 1881 1436 hoc
1912 1382 2034 1436 loco

456 1469 845 1526 baretieorum
894 1472 1164 1527 ecclesias
1184 1514 1200 1539 ,
1232 1483 1460 1543 propter
1484 1471 1830 1526 vocationem
1859 1471 2032 1536 illius,

455 1576 567 1617 non
603 1572 829 1634 propter
873 1563 1196 1620 electionem
1229 1562 1499 1634 ipsarum,
1541 1565 1684 1619 ﬁlias
1715 1564 2032 1635 appellare;

457 1662 624 1723 atque
656 1653 782 1710 illas
810 1655 1032 1725 quidem
1062 1655 1262 1724 spinis,
1289 1670 1552 1726 sponsam
1584 1663 1768 1711 autem
1803 1654 2036 1711 odorato

456 1744 573 1800 lilio
605 1753 913 1817 comparat.
947 1745 1148 1801 Lilium
1184 1748 1332 1802 enim
1376 1757 1493 1803 tum
1535 1749 1799 1804 exteriori
1838 1749 2038 1806 decore

456 1837 729 1907 splendet,
767 1846 884 1894 tum
939 1854 1168 1894 aureum
1223 1840 1372 1897 intus
1425 1838 1714 1895 ﬂosculum
1765 1836 2033 1896 continet.
2069 1813 2110 1869 Β

456 1927 613 1987 Talis
643 1938 731 1987 est
775 1932 957 1986 anima
990 1931 1217 2001 iustitiae
1255 1931 1550 2001 splendore
1577 1932 1946 1998 circumdata,
1985 1941 2040 1988 et

459 2021 749 2091 spiritual‘e
778 2022 1067 2092 sapientiae
1109 2023 1468 2094 scientiaque
1498 2024 1703 2078 donum
1744 2025 1797 2078 in
1827 2024 2039 2081 intimis

461 2112 839 2181 penetralibus
873 2112 1260 2169 absconditum
1296 2110 1787 2185 gestaus.‘éponso
1810 2131 2037 2186 respon-

460 2203 553 2260 det
584 2218 809 2275 sponsa,
846 2213 901 2259 et
939 2207 1012 2260 ait
1043 2226 1057 2261 :

2135 554 2217 617 ζει
2246 554 2347 622 τὴν
2369 549 2587 620 νύμφην
2603 548 2799 616 λέγων·
2825 566 2843 598 ι
2873 543 3242 616 Εὐφράνθητι,
3262 543 3465 614 ἔρημος
3486 543 3717 614 διψῶσα·
3766 592 3769 595 .

2132 642 2496 713 εὐφρανθήτω
2523 640 2750 711 ἔρημος,
2782 638 2876 692 καὶ
2913 636 3145 692 ἀνθείτω
3185 635 3260 699 ὡς
3286 635 3491 708 κρίνον·
3535 655 3552 687 ι
3586 635 3714 707 ἕρη-

2136 750 2235 803 μος
2258 729 2369 802 γὰρ
2412 726 2479 800 ἦν
2530 729 2815 799 πρότερον,
2840 726 2935 780 καὶ
2966 725 3232 796 ἄκαρπος,
3276 722 3372 776 καὶ
3425 721 3656 793 ἄνυδρος
3689 723 3720 788 '1;

2131 823 2320 893 νύμφη
2343 818 2884 894 προσαγορευομένη,
2918 817 3015 871 καὶ
3044 815 3232 886 κλίνην
3257 813 3358 868 οὐκ
3399 812 3600 884 ἔχουσα
3626 810 3721 864 σύ-

2134 928 2305 967 σκιον·
2328 910 2490 979 [eatea
2522 909 2581 964 δὲ
2612 909 2705 962 τὸν
2735 908 2986 977 νυμφίον·
3018 905 3098 958 διὸ
3118 904 3210 957 καὶ
3241 901 3369 974 βοᾷ’
3394 921 3413 954 ι
3436 900 3726 981 Φιλησάτω

2137 1023 2205 1077 με
2237 1004 2345 1060 ἀπὸ
2375 1001 2697 1073 φιλημάτων
2743 1001 3006 1071 στόματος
3051 994 3239 1053 αὑτοῦ.
3289 1014 3310 1048 ι
3363 994 3474 1049 Kal.
3502 993 3666 1048 τοῦτο
3698 995 3728 1045 ὁ

2135 1102 2423 1170 προφήτης
2457 1092 2635 1159 εἰδὼς,
2676 1091 3046 1161 πνευματικὸς
3072 1089 3184 1160 γὰρ
3202 1084 3292 1159 ἦν,
3319 1086 3526 1155 ἔλεγεν
3560 1104 3579 1136 ι
3617 1084 3728 1139 Εὑ-

2136 1189 2428 1262 φράνθητι,
2459 1186 2667 1258 ἔρημος
2717 1182 2949 1253 διψῶσα,
2981 1179 3340 1252 εύφρανθήτω
3369 1178 3598 1250 ἔρημος,
3630 1177 3731 1230 καὶ

2133 1282 2369 1338 ἀνθείτω
2405 1281 2482 1343 ὡς
2506 1278 2711 1348 κρίνον.
2749 1296 2767 1328 ι
2812 1275 2912 1330 Διὰ
2948 1274 3107 1329 τοῦτο
3133 1273 3229 1329 καὶ
3265 1275 3294 1327 ὁ
3328 1269 3559 1343 νυμφίος
3589 1262 3727 1339 φησὶ

2135 1375 2274 1447 πρὸς
2298 1374 2490 1443 αὐτήν·
2519 1391 2537 1423 ι
2579 1371 2670 1434 Ὦς
2694 1368 2879 1443 κρίνον
2903 1370 2961 1422 ὲν
2990 1367 3140 1439 μέσῳ
3165 1365 3272 1419 τῶν
3303 1362 3557 1418 ἀκανθῶν
3578 1403 3594 1427 ,
3631 1359 3731 1416 οὔ·

2135 1482 2243 1528 τως
2274 1467 2309 1535 ἡ
2371 1461 2599 1533 πλησίον
2662 1476 2764 1531 μου
2807 1457 3081 1527 ἀναμέσον
3133 1454 3244 1509 τῶν
3301 1452 3639 1523 θυγατέρων.
3705 1468 3725 1501 ι

2139 1558 2252 1612 Καὶ
2280 1557 2454 1610 ἔοικεν
2508 1552 2740 1608 ἐνταῦθα
2786 1551 2886 1614 τὰς
2936 1549 3045 1602 τῶν
3096 1545 3389 1618 αἱρετικῶν
3425 1542 3733 1613 ἐκκλησίας

2142 1649 2451 1720 θυγατέρας
2493 1646 2698 1708 καλεῖν,
2741 1644 2830 1699 διὰ
2858 1633 2955 1714 τὴν
2989 1638 3155 1695 αὑτοῦ
3180 1640 3395 1708 κλῆσιν,
3428 1635 3522 1690 καὶ
3547 1634 3612 1688 οὐ
3640 1633 3734 1686 διὰ

2138 1745 2241 1816 τὴν
2273 1743 2501 1797 ἐκείνων
2537 1740 2878 1811 προαίρεσιν.
2917 1735 3190 1798 Κάκείνας
3229 1733 3328 1806 μὲν
3356 1726 3647 1793 ἀπεικάζει
3684 1726 3734 1759 ⁸³

2140 1835 2425 1898 ἀκάνθαις,
2473 1832 2674 1902 ταύτην
2694 1830 2752 1884 δὲ
2800 1830 2974 1901 κρίνῳ
3017 1826 3229 1890 εὐώδει,
3263 1824 3342 1896 τῷ
3400 1823 3495 1877 καὶ
3524 1819 3734 1886 ἔξωθεν

2140 1928 2503 1998 λαμπρότητα
2536 1924 2731 1994 ἔχοντι,
2765 1922 2861 1975 καὶ
2888 1921 2949 1973 τὸ
2968 1918 3279 1991 χρυσοειδές
3294 1915 3452 1978 ἄνθος
3482 1915 3541 1968 ὲν
3577 1913 3734 1983 μέσῳ

2139 2019 2530 2092 περικειμένῳ.
2557 2015 2792 2083 Τοιαύτη
2810 2012 2867 2068 δέ
2894 2015 3042 2066 ἐστιν
3064 2014 3098 2083 ἡ
3125 2012 3224 2082 τὴν
3245 2009 3345 2079 τῆς
3373 2004 3731 2074 δικαιοσύνης

2139 2098 2498 2182 λαμπρότητα
2515 2105 2873 2179 περικειμένη
2890 2103 3058 2173 ψυχὴ,
3106 2101 3201 2156 καὶ
3241 2100 3303 2154 τὸ
3357 2095 3733 2168 πνευματικὸν

2138 2205 2237 2274 τῆς
2264 2202 2457 2271 σοφίας
2507 2200 2601 2255 καὶ
2626 2197 2728 2267 τῆς
2776 2194 3032 2264 γνώσεως
3054 2193 3301 2264 χάρισμα
3346 2190 3493 2243 ἔνδον
3519 2191 3578 2243 ἐν
3612 2189 3735 2249 τοῖς

2024 2300 2029 2305 ’
2137 2294 2387 2367 ταμείοις
2431 2291 2809 2363 κρυπτόμενον
2853 2286 3227 2359 περιφέρουσα
3276 2282 3344 2337 ⁸⁸.
3411 2279 3733 2353 Ἀμείϐεται

539 2475 705 2531 Vens.
754 2477 807 2531 5.
853 2476 1005 2532 Sicut
1035 2494 1249 2547 pomum
1278 2480 1413 2534 inter
1435 2480 1580 2550 ligna
1613 2482 1780 2544 sitm,
1826 2480 1932 2551 55
1959 2483 2036 2535 ita

463 2584 622 2637 nepos
649 2584 792 2623 meus
823 2569 960 2623 inter
1000 2568 1162 2637 ﬁlios.
1199 2568 1265 2624 In
1308 2571 1499 2625 umbra
1531 2572 1677 2628 illius
1708 2572 2033 2638 desideravi,

462 2668 514 2713 et
542 2658 657 2714 aedi
685 2674 704 2714 :
730 2670 779 2714 et
818 2660 1025 2729 fructus
1061 2662 1177 2730 ejus
1203 2662 1379 2717 dulcia
1425 2666 1630 2733 gutturi
1672 2682 1807 2719 meo.
1843 2665 2037 2735 Magna

462 2757 550 2805 est
578 2748 726 2804 inter
758 2764 981 2819 pomum
1035 2758 1090 2804 et
1132 2750 1308 2806 lilium
1368 2751 1698 2809 differentia.
1737 2753 1853 2809 Hoc
1892 2756 2036 2810 enim

463 2840 656 2896 oculos
687 2847 900 2895 tantum
936 2848 991 2896 et
1031 2840 1324 2897 odoratum
1363 2843 1636 2900 oblectat:
1684 2859 1908 2915 pomum
1942 2859 2037 2900 au-

465 2942 574 2987 tem
615 2938 671 2986 et
696 2931 1009 3001 spectandi,
1039 2940 1094 2988 et
1125 2932 1417 3000 odorandi,
1460 2944 1515 2992 et
1545 2937 1804 3008 gustandi
1843 2952 2039 2995 sensus

464 3020 633 3077 allicit
672 3023 970 3093 voluptate.
1023 3022 1152 3079 Esui
1205 3025 1354 3080 enim
1407 3034 1778 3097 opportunum
1830 3035 1935 3095 est,
1984 3037 2039 3085 et

2138 2391 2229 2445 τὸν
2248 2387 2480 2459 νυμφίον
2506 2388 2540 2455 ἡ
2573 2384 2782 2453 νύμφη,
2804 2380 2897 2436 καί
2924 2395 3056 2449 φησι
3090 2376 3225 2448 πρὸς
3257 2373 3439 2429 αὐτόν·

2208 2486 2278 2549 γ’.
2314 2480 2410 2542 Ὡς
2442 2474 2649 2545 μῆλον
2686 2473 2758 2526 ἐν
2796 2471 2918 2535 τοῖς
2958 2469 3165 2533 ξύλοις
3193 2465 3299 2520 τοῦ
3327 2462 3579 2533 δρυμοῦ,
3624 2460 3733 2514 οὔ·

2139 2590 2253 2637 τως
2305 2565 2683 2637 ἀδελφιδοῦς.
2724 2581 2843 2633 μου
2886 2560 3197 2643 ἀναμέσων
3244 2554 3365 2610 τῶν
3414 2553 3595 2610 vlér'

2138 2665 2213 2734 τῇ
2237 2662 2382 2731 σκιᾷ
2407 2661 2594 2717 αὑτοῦ
2621 2659 2977 2727 ἐπεθύμησα
3004 2653 3101 2708 καὶ
3142 2652 3417 2714 ἐκάθισα,
3442 2648 3541 2702 καί
3578 2662 3729 2721 καρ-

2139 2754 2254 2821 πὸς
2307 2752 2494 2808 αὐτοῦ
2544 2748 2775 2821 γλυκὺς
2814 2748 2883 2801 ἑν
2911 2743 3166 2814 λάρυγγί
3202 2759 3344 2812 μου.
3374 2738 3554 2807 Πολλὴ
3602 2737 3661 2790 δὲ
3693 2737 3730 2806 ἡ

2139 2845 2372 2917 διαφορὰ
2400 2844 2495 2898 τοῦ
2526 2843 2696 2915 μήλου
2726 2841 2863 2910 πρὸς
2909 2839 2971 2892 τὸ
3028 2837 3230 2909 κρίνον·
3264 2835 3324 2889 τὺ
3361 2834 3459 2905 μὲν
3485 2832 3593 2903 γὰρ
3630 2831 3734 2901 p.6-

2138 2959 2236 3015 νην
2267 2940 2367 3010 τὴν
2397 2938 2542 3008 ὄψιν,
2594 2936 2690 2988 καὶ
2734 2935 2834 3004 τὴν
2892 2932 3161 3009 ὄσφρησιν
3213 2923 3637 3015 εύφραίνει.ῗτδ

2142 3032 2311 3106 μῆλον
2331 3030 2469 3103 πρὸς
2493 3032 2558 3101 τῇ
2589 3027 2731 3099 ὄψει,
2754 3026 2848 3079 καὶ
2878 3028 2944 3097 τῇ
2970 3022 3233 3093 ὀσφρήσει
3262 3019 3358 3074 καὶ
3380 3020 3447 3089 τῇ
3469 3014 3655 3085 γεύσει
3682 3014 3731 3046 ⁸⁸

463 3110 666 3174 editur.
707 3111 944 3171 Proinde
974 3129 1176 3186 sponsa
1206 3117 1428 3188 quidem
1459 3118 1632 3174 lilium
1662 3127 2036 3191 nuncupatur,

2140 3126 2334 3198 ἡδονὴν
2358 3126 2471 3188 τοῖς
2500 3121 2843 3194 βουλομένοις
2873 3117 3124 3189 παρέχει.
3142 3113 3432 3220 Ἐδὼδιμον
3450 3110 3558 3220 γάρ
3584 3110 3729 3220 ἐστὶι,

463 3218 710 3272 sponsus
733 3212 916 3259 autem
952 3220 1198 3280 pomum.
1237 3206 1340 3263 Hic
1374 3210 1519 3264 enim
1545 3209 1750 3279 editur,
1789 3218 1845 3267 et
1874 3225 2040 3281 spon-

464 3308 540 3351 sae
565 3293 625 3354 tit
653 3294 833 3350 cibus.
863 3293 1076 3365 Sponsa
1104 3311 1234 3355 vero
1264 3312 1372 3352 non
1407 3298 1740 3368 eomeditur,
1772 3301 1867 3355 sed
1904 3300 2041 3356 odo-

462 3381 551 3441 ris
576 3382 843 3441 duntaxat
872 3384 1036 3441 habet
1059 3388 1408 3443 suavitatem.
1436 3387 1647 3444 Idcirco
1669 3389 1747 3444 ait
1778 3409 1792 3445 :
1824 3409 1844 3441 ι
1886 3389 2041 3446 Sicut

463 3487 688 3543 pomum
729 3473 873 3528 inter
905 3472 1053 3543 ligna
1078 3474 1249 3537 silvae,
1279 3476 1353 3527 ita
1396 3488 1569 3545 nepos
1616 3489 1772 3530 meus
1801 3474 1948 3530 inter
1972 3476 2038 3530 ti-

462 3565 589 3621 lios.
629 3584 649 3618 )
680 3563 852 3619 Filios
883 3564 990 3627 hic,
1022 3572 1082 3618 ut
1112 3570 1274 3618 antea
1306 3564 1469 3629 tilias,
1506 3565 1759 3620 nominat
1789 3581 1909 3631 eos,
1938 3567 2037 3637 qui

463 3664 591 3705 cum
622 3648 757 3704 facti
788 3651 900 3704 sint
937 3650 1229 3707 vocatione
1263 3651 1439 3723 digni,
1480 3668 1540 3709 se
1583 3654 1735 3724 ipsos
1773 3655 2042 3712 electione

462 3740 722 3811 indignos
756 3740 1154 3817 praestiterunt.
1196 3740 1308 3799 Hos
1349 3758 1551 3814 sponsa
1587 3745 1751 3816 lignis
1780 3746 1931 3802 silvae
1960 3748 2039 3803 si-

464 3832 624 3889 miles
658 3830 814 3896 dicit,
842 3839 898 3889 et
932 3832 1229 3890 arboribus
1261 3834 1641 3893 infructuosis.
1674 3838 1743 3893 At
1774 3853 2040 3910 sponsum

465 3925 703 3997 appellat
730 3940 978 3997 pomum,
1025 3926 1169 3999 quod
1215 3926 1436 3997 quidem
1467 3936 1521 3984 et
1548 3935 1702 3985 tactu
1733 3930 1900 3986 molle
1924 3939 2038 3995 est,

463 4025 521 4072 et
553 4025 715 4087 gustu
753 4016 937 4080 dulce,
979 4026 1034 4071 et
1084 4016 1317 4072 odoratu
1359 4032 1549 4086 suave,
1584 4027 1639 4074 et
1673 4029 1904 4090 aspectu
1949 4021 2043 4091 ju-

463 4108 865 4167 cundissimum
902 4124 967 4168 ac
1002 4110 1482 4175 venustissimum,
1514 4121 1568 4165 et
1600 4112 1792 4167 auditu
1828 4115 2040 4169 amabi-

465 4200 762 4260 lissimum.
814 4198 993 4255 Simul
1029 4201 1174 4256 enim
1220 4200 1494 4258 audiendo
1525 4215 1762 4260 cunctos
1801 4207 2041 4263 orationi

468 4307 664 4349 sensus
693 4292 1204 4349 accommodamus.
1238 4293 1389 4351 Talis
1431 4306 1613 4351 autem
1648 4306 1733 4354 est
1774 4298 2041 4357 Dominus

464 4392 674 4450 noster,
705 4391 760 4440 et
788 4383 1065 4449 Salvator,
1109 4392 1164 4440 et
1195 4400 1455 4455 sponsus,
1503 4390 1595 4457 qui
1638 4392 1895 4447 convivio
1936 4408 2041 4448 suo

2141 3219 2237 3272 xui.
2284 3216 2544 3270 ἐσθίεται·
2583 3213 2672 3267 διὰ
2703 3211 2861 3265 τοῦτο
2904 3211 2938 3281 ἠ
2977 3209 3076 3280 μὲν
3103 3207 3291 3278 νύμφη
3320 3203 3502 3275 κρίνον
3528 3199 3732 3271 ὀνομά-

2141 3308 2314 3374 ζεται,
2339 3309 2368 3360 ὁ
2394 3306 2451 3360 δὲ
2483 3303 2717 3376 νυμφίος
2753 3301 2943 3373 μῆλον.
2990 3300 3049 3352 '0
3081 3298 3178 3368 μὲν
3216 3296 3327 3367 γὰρ
3349 3291 3592 3347 ἐσθίεται
3625 3291 3729 3344 καὶ

2141 3397 2353 3465 γίνεται
2401 3395 2576 3466 τροφὴ
2625 3394 2692 3462 τῇ
2725 3390 2932 3462 νύμφῃ·
2970 3390 3086 3462 ἡδὲ
3139 3390 3239 3441 οὐκ
3278 3385 3540 3449 ἐσθίεται,
3591 3381 3735 3437 ἀλλὰ

2146 3489 2315 3559 μόνην
2353 3486 2466 3557 ἔχει
2489 3485 2587 3555 τὴν
2619 3485 2900 3554 εὐοσμίαν’
2937 3481 3025 3536 διὰ
3057 3480 3216 3535 τοῦτὸ
3242 3492 3428 3549 φησιν·
3459 3494 3477 3527 ι
3499 3476 3590 3538 Ὧς
3618 3474 3734 3546 μῆ-

2140 3579 2232 3635 λον
2259 3582 2317 3633 ὲν
2344 3581 2458 3642 τοῖς
2478 3577 2654 3643 ξύλοις
2682 3574 2778 3629 τοῦ
2804 3574 3032 3646 δρυμοῦ,
3073 3572 3244 3636 οὕτως
3273 3568 3590 3639 ἀδελφιδοῦς
3622 3585 3733 3638 μου

2141 3671 2414 3742 ἀναμέσον
2440 3668 2549 3723 τῶν
2570 3668 2724 3724 υίῶν.
2764 3687 2783 3718 ι
2816 3666 2981 3730 Υίοὺς
3003 3666 3061 3719 δὲ
3091 3662 3512 3736 προσαγορεύει,
3537 3660 3734 3730 ὥσπερ

2142 3765 2262 3818 ἐκεῖ
2298 3760 2628 3831 θυγατέρας,
2662 3759 2790 3822 τοὺς
2823 3758 2923 3829 τῆς
2961 3756 3059 3828 μὲν
3094 3756 3341 3826 κλήσεως
3370 3753 3730 3818 ἀξιωθέντας,

2142 3853 2397 3922 ἀναξίους
2426 3853 2484 3908 δὲ
2537 3852 2678 3920 σφᾶς
2715 3851 2912 3913 αὐτοὺς
2963 3850 3410 3918 καταστήσαντας
3452 3845 3555 3915 τῆς
3577 3845 3735 3898 ἐκλο-

2142 3948 2269 4018 γῆς·
2293 3946 2387 4010 οὓς
2429 3946 2665 3999 ἐοικέναι
2700 3943 2876 4009 ξύλοις
2908 3940 3135 4014 δρυμοῦ,
3167 3941 3256 3994 καὶ
3284 3940 3521 4011 δένδροις
3559 3938 3735 4009 ἀκάρ-

2142 4039 2267 4103 ποις
2293 4042 2326 4110 ή
2349 4039 2536 4109 νύμφη
2566 4037 2749 4108 φησίν.
2784 4035 2888 4089 Τὸν
2909 4034 2964 4088 δὲ
2986 4023 3217 4104 νυμφίον
3246 4032 3502 4103 ὀνομάζει
3533 4031 3731 4102 μῆλον,

2142 4130 2171 4184 δ
2199 4130 2291 4184 καὶ
2312 4132 2378 4201 τῇ
2434 4130 2543 4200 ἀφῇ
2574 4126 2735 4192 λεῖον,
2765 4126 2861 4179 καὶ
2884 4129 2951 4196 τῇ
2976 4124 3162 4194 γεύσει
3210 4124 3329 4196 ἡδὺ,
3361 4122 3455 4176 καὶ
3485 4123 3553 4192 τῇ
3579 4121 3732 4192 ὀσμῇ

2142 4217 2360 4281 εὐῶδες,
2397 4216 2492 4270 καὶ
2525 4218 2593 4287 τῇ
2631 4214 2754 4285 ὄψει
2782 4214 3153 4286 τερπνότατον
3207 4212 3303 4266 καὶ
3337 4206 3729 4283 χαριέστατον.

2142 4311 2236 4364 καὶ
2275 4313 2342 4381 τῇ
2372 4311 2508 4381 ἀκοῇ
2537 4308 2772 4379 ἥδιστον·
2798 4307 2917 4379 ἅμα
2946 4305 3057 4379 γὰρ
3077 4305 3154 4378 τῷ
3183 4305 3412 4359 ἀκοῦσαι
3440 4304 3622 4368 πάσας
3647 4302 3732 4373 τῷ

2142 4398 2286 4468 λόγῳ
2321 4397 2419 4461 τὰς
2446 4398 2728 4469 αἰσθήσεις
2752 4397 3154 4468 προσφέρομεν.
3197 4395 3449 4459 Τοιοῦτος
3491 4394 3549 4447 δὲ
3584 4395 3735 4447 6A:-

466 4490 664 4531 sensus
692 4491 888 4533 omnes
925 4484 1150 4532 nostros
1180 4479 1364 4548 explet
1399 4480 1692 4537 suavitate.
1723 4481 1839 4539 Sub
1876 4485 2036 4555 hujus

2147 4491 2354 4560 σπότης
2377 4490 2556 4560 ἡμῶν,
2590 4489 2683 4543 καὶ
2714 4489 2927 4560 Σωτὴρ,
2964 4489 3054 4542 καὶ
3079 4487 3332 4558 νυμφίος,
3364 4485 3545 4548 πάσας
3568 4483 3733 4555 ἡμῶν

468 4565 660 4619 umbra
717 4566 911 4625 sedere
952 4580 1011 4621 se
1059 4581 1263 4637 sponsa
1328 4567 1462 4623 dicit
1520 4574 1929 4643 concupivisse,
1988 4587 2036 4633 et

2145 4580 2340 4634 ἑστιῶν
2381 4580 2479 4644 τὰς
2504 4581 2787 4652 αἰσθήσεις
2828 4580 3104 4650 τυγχάνει.
3145 4580 3234 4631 Ἐν
3272 4580 3339 4648 τῇ
3370 4577 3556 4632 τούτου
3599 4578 3734 4648 σκιᾷ

466 4656 829 4715 consedisse:
880 4672 946 4712 ac
995 4673 1118 4712 mox
1175 4659 1413 4714 fructum
1469 4661 1637 4717 etiam
1692 4665 1812 4735 ejus
1857 4668 2036 4723 decer-

2144 4674 2293 4743 λέγει
2328 4674 2360 4743 ἡ
2399 4672 2584 4744 νύμφη
2633 4670 2971 4741 ἐπιθυμῆσαι
2998 4668 3239 4734 καθίσαι,
3286 4668 3380 4721 καὶ
3418 4667 3577 4721 τοῦτο
3623 4682 3732 4720 πε·-

468 4747 664 4815 psisse,
699 4763 937 4816 eumque
987 4752 1195 4819 gutturi
1248 4766 1352 4807 suo
1403 4751 1577 4809 fuisse
1631 4755 2036 4814 dulcissimum.

2144 4766 2454 4836 ποιηκέναι·
2492 4764 2631 4837 μετὰ
2654 4766 2710 4819 δὲ
2731 4763 2905 4819 ταῦτά
2956 4781 3089 4834 φησι
3119 4762 3214 4816 καὶ
3250 4762 3343 4814 τοῦ
3376 4760 3591 4832 καρποῦ
3629 4778 3736 4831 με·

465 4836 738 4891 Ardentes
764 4835 911 4889 enim
942 4837 1163 4893 malitiae
1193 4840 1378 4897 radios
1412 4845 1585 4898 vitare
1609 4847 1813 4913 studet,
1841 4864 1909 4903 ne
1937 4850 2036 4905 ite-

2141 4858 2420 4923 ταλαϐεἶν,
2459 4858 2552 4911 καὶ
2577 4857 2912 4926 γλυκύτατον
2947 4856 3136 4909 τοῦτον
3158 4857 3216 4908 ἐν
3240 4854 3318 4925 τῷ
3341 4854 3576 4924 λάρυγγι
3617 4869 3735 4921 φα-

466 4941 586 4981 rum
626 4926 780 4995 nigra
813 4925 927 4980 ﬁat.
957 4926 1164 4983 Umbra
1199 4939 1380 4986 autem
1414 4936 1603 5004 sponsi
1635 4948 1769 4993 sunt
1809 4956 1894 5007 ea,
1921 4958 2036 5013 quae

2148 4952 2322 5021 νῆναι·
2359 4949 2604 5021 βούλεται
2634 4950 2742 5018 γὰρ
2774 4949 2968 5016 φυγεῖν
3017 4947 3117 5011 τὰς
3140 4946 3240 5015 τῆς
3278 4945 3476 5008 κακίας
3499 4944 3736 5009 ἀκτῖνας

466 5033 635 5081 nunc.
667 5026 726 5073 ut
756 5019 952 5074 beatus
975 5018 1181 5076 Paulus
1207 5023 1306 5088 ait,
1335 5024 1388 5077 in
1425 5029 1647 5096 speculo
1671 5040 1725 5085 et
1745 5021 2036 5105 aenigmate

2149 5018 2432 5109 συγκαίειν
2476 5038 2866 5107 ἐπισταμένας,
2909 5037 2997 5090 ἵνα
3045 5036 3120 5106 μὴ
3167 5032 3330 5087 πάλιν
3372 5032 3596 5100 γένηται
3630 5031 3739 5101 μέ-

466 5108 928 5179 eonspiciuntur:
974 5128 992 5162 ι
1029 5108 1202 5166 Video
1245 5112 1413 5178 enim,
1463 5116 1663 5186 inquit,
1720 5138 1869 5179 nunc
1919 5135 2036 5181 tan-

2148 5133 2325 5186 λαινα·
2371 5132 2498 5183 σκιὰ
2538 5130 2594 5182 δὲ
2624 5129 2716 5182 τοῦ
2752 5127 2983 5198 νυμφίου
3022 5126 3089 5178 τὰ
3116 5125 3211 5179 νῦν
3258 5127 3315 5178 ἐν
3349 5124 3601 5195 ἐσόπτρῳ
3634 5126 3736 5178 καὶ

466 5216 631 5273 quam
674 5201 730 5256 in
778 5201 1024 5267 speculo,
1054 5211 1109 5257 et
1163 5212 1422 5275 tanquam
1467 5207 1575 5279 56
1620 5211 1673 5264 in
1708 5214 2036 5285 :euigmatc:

2147 5223 2461 5291 αἰνίγματι,
2499 5219 2640 5273 κατὰ
2678 5223 2768 5272 τὸν
2809 5218 3075 5287 μακάριον
3119 5216 3355 5278 Παῦλον,
3391 5215 3735 5285 φαινόμεναο

467 5306 598 5350 tunc
647 5303 831 5350 autem
870 5292 1011 5349 faeie
1060 5296 1130 5351 ad
1180 5297 1396 5353 faciem.
1460 5299 1613 5357 Nunc
1648 5319 1923 5376 cognosco
1972 5328 2035 5367 cx

2153 5315 2345 5385 ι”Λρτι
2370 5313 2468 5382 μὲν
2492 5313 2619 5382 γὰρ,
2646 5311 2829 5381 φησὶν,
2856 5309 3034 5379 βλέπω
3054 5309 3128 5373 ὼς
3159 5313 3216 5363 ὲν
3245 5308 3514 5378 ἐσόπτρῳ,
3540 5308 3737 5371 καὶὼς

543 5468 570 5496 ι
600 5455 707 5511 lsa.
741 5471 907 5523 xxxv,
940 5460 990 5513 l.

1742 5558 1978 5616 VAlliIE
2024 5562 2428 5619 LECTlONlSS.

555 5709 697 5791 ξ’δὲ.
731 5711 855 5791 cod.
888 5708 989 5791 τῷ.
1031 5783 1042 5791 .
1097 5713 1141 5743 ⁸³
1169 5714 1474 5791 ἀπεικάζει.
1529 5717 1584 5791 l_u
1623 5719 1745 5774 eod.
1773 5723 1994 5791 ponitur
2031 5738 2036 5790 1

2140 5729 2148 5774 ι
2186 5718 2463 5780 ἀκάνθαις.
2546 5722 2590 5753 ιδ
2636 5734 2819 5787 περιφ.
2859 5718 2913 5772 lu
2950 5719 3071 5777 cod.
3103 5734 3218 5790 seq.
3244 5719 3518 5791 expositio
3548 5720 3726 5776 trium

470 5774 714 5834 Patrum.
778 5784 825 5814 ⁸⁸
852 5785 916 5855 τῇ
942 5774 1151 5850 γεύσει.
1192 5786 1314 5840 cod.
1346 5774 1441 5857 τῆν
1465 5788 1676 5855 γεῦσιν.
