3940 6200
371 328 436 396 91
1396 329 1883 393 THEODORETI
1910 329 2250 391 EPISCOPI
2269 327 2638 390 CYBENSIS
3568 325 3646 391 92

380 466 398 500 ι
440 445 785 518 Longitudo,
811 445 1023 517 inquit,
1054 446 1199 508 vita,
1235 454 1290 500 et
1317 444 1448 499 anni
1482 444 1611 498 vitae
1639 443 1696 497 in
1727 441 1953 498 dextera

2070 440 2198 512 μῶν,
2231 442 2314 494 ὅτι
2354 459 2371 491 ι
2398 441 2587 510 Μῆκος
2632 437 2769 510 βίου,
2808 438 2903 493 καὶ
2945 436 3039 509 ἔτη
3082 439 3247 510 ζωῆς,
3286 438 3346 493 ἓν
3375 439 3440 510 τῇ
3489 439 3640 512 δεξιᾷ

307 563 312 603 ί
373 538 497 608 ejus
528 556 541 592 :
573 538 629 592 in
660 539 886 594 sinistra
918 545 1100 591 autem
1134 535 1279 590 illius
1313 532 1520 588 divitiae
1541 542 1594 588 et
1611 532 1788 604 gloria
1824 530 1896 586 δ’.
1928 551 1946 584 ι

2070 533 2225 602 ista;
2245 549 2258 562 ·
2306 535 2364 586 ἐν
2389 531 2446 584 δὲ
2468 534 2533 602 τῇ
2562 531 2825 600 ἀριστερᾷ
2858 531 3026 600 αὐτῆς
3051 529 3281 593 πλοῦτος
3317 531 3411 584 καὶ
3443 529 3592 594 δόξα.
3615 549 3634 582 ι

378 630 452 684 Ει
484 630 554 685 de
595 631 856 701 amplexu
921 630 978 684 in
1041 625 1358 683 Proverbiis
1416 625 1626 680 dictum
1658 633 1743 680 est
1778 624 1951 679 illud:

2070 623 2169 677 Καὶ
2194 623 2321 692 περὶ
2350 623 2448 693 τῆς
2475 621 2822 692 περιλήψεως
2851 620 3011 673 πάλιν
3038 617 3186 672 ἔστιν
3221 620 3403 690 εὑρεῖν
3430 620 3488 672 ὲν
3517 621 3642 684 ταῖς

381 740 400 772 ι
455 720 628 792 Dilige
672 736 830 788 eam,
881 729 936 774 et
971 716 1327 774 conservabit
1381 723 1484 772 te:
1527 715 1813 771 circumda
1848 715 1960 786 58

2070 715 2388 786 Παροιμίαις
2439 713 2728 785 εἰρημένον
2773 711 2835 765 τὸ
2859 710 2928 776 ⁵⁵,
2984 709 3274 782 Ἐράσθητι
3306 710 3501 781 αὐτῆς,
3546 712 3644 766 καὶ

377 817 555 881 illam,
589 825 646 871 et
700 815 964 871 exaltabit
1006 820 1101 880 te;
1150 812 1366 867 honora
1408 809 1585 876 illam,
1620 816 1681 864 ut
1719 817 1772 864 te
1803 824 1957 864 com-

2070 810 2287 880 τηρήσει
2320 824 2403 860 σε·
2439 805 2894 878 περιχαρὰκωσον
2923 803 3117 875 αὐτὴν,
3157 804 3251 857 καὶ
3288 803 3495 874 ὑψώσει
3539 821 3600 858 σε
3625 819 3640 836 ·

378 908 653 977 plectatur
691 918 738 961 ο.
779 926 798 958 ›
838 904 916 958 Ex
947 903 1035 961 liis
1064 919 1197 971 ergo
1241 903 1381 958 locis
1440 902 1731 958 discamus
1787 901 1956 956 etiam

2070 902 2289 972 τίμησον
2318 899 2509 971 αὐτὴν,
2544 899 2631 952 ἵνα
2662 916 2722 951 σε
2754 897 3044 971 περιλάϐῃ.
3075 916 3094 950 ι
3144 896 3426 951 Ἐντεῦθεν
3461 897 3647 952 τοίνυν
3731 913 3738 919 ·

377 1001 470 1055 illa
505 1000 678 1070 magis
707 996 1013 1052 secundum
1046 995 1302 1067 spiritum
1329 993 1657 1064 intelligere,
1679 999 1736 1046 ut
1753 991 1959 1061 ample-

2070 993 2157 1056 τάς
2207 991 2463 1062 ἀφορμὰς
2508 990 2795 1056 λαϐόντες,
2843 988 3366 1060 πνευματικώτερον
3414 990 3648 1043 κάκεῖνα

377 1107 510 1144 xum
563 1090 740 1145 divini
790 1085 1048 1163 Verbi‘et
1098 1087 1201 1158 piae
1255 1085 1456 1141 animae
1504 1083 1958 1155 conjunctionem

2070 1085 2364 1155 νοήσωμεν,
2404 1080 2500 1136 τοῦ
2529 1081 2675 1136 θείου
2709 1081 2869 1151 λόγου
2895 1083 2992 1136 καὶ
3023 1081 3123 1152 τῆς
3168 1081 3428 1145 εὐσεϐοῦς
3463 1081 3651 1152 ψυχῆς

377 1200 502 1238 esse
559 1182 882 1239 credamus.
947 1181 1168 1236 Lamum
1222 1188 1406 1234 autem
1447 1185 1502 1232 et
1545 1177 1800 1233 dextrum
1839 1185 1956 1231 uta

2070 1172 2200 1230 εἶναι
2231 1175 2516 1229 κοινωνίαν
2559 1174 2912 1239 πιστεύοντες
2949 1175 3050 1246 τὴν
3099 1175 3444 1246 καλουμένην
3486 1175 3651 1246 περί-

377 1275 546 1329 nobis
589 1281 870 1344 sumptum
909 1272 1146 1343 intelligi
1196 1270 1380 1327 debet.
1424 1269 1582 1335 Quod
1625 1267 1845 1338 quidem
1893 1281 1964 1322 ne

2070 1267 2223 1338 ληψιν
2246 1282 2261 1297 ⁶
2309 1266 2406 1322 καὶ
2437 1267 2498 1320 τὸ
2527 1267 2805 1338 εὐώνυμον
2825 1268 2882 1320 δὲ
2907 1269 3002 1322 καὶ
3033 1267 3230 1334 δεξιὸν,
3257 1266 3334 1333 ὡς
3365 1269 3459 1338 ἀφ’
3489 1267 3652 1340 ἡμῶν

379 1366 502 1421 sine
548 1365 1024 1436 contemplatione
1067 1371 1487 1434 praetereamus,
1518 1359 1963 1415 animadverten-

378 1459 509 1513 dum
537 1468 642 1523 est,
682 1456 853 1513 Deum
894 1457 982 1512 vel
1014 1453 1286 1510 beneﬁcia
1318 1450 1608 1515 conferre,
1636 1449 1721 1504 vel
1748 1448 1964 1520 suppli-

378 1549 484 1603 ciis
509 1547 746 1612 allicere,
776 1563 877 1618 pro
906 1547 1178 1617 cujusque
1203 1543 1442 1599 meritis.
1467 1542 1574 1597 Pro
1605 1540 1829 1595 dextera
1861 1538 1964 1611 igi-

379 1651 471 1694 tur
523 1639 964 1705 benelicentiam,
999 1653 1096 1708 pro
1147 1637 1374 1692 sinistra
1423 1632 1762 1704 supplicium
1813 1631 1963 1688 acci-

2061 1360 2286 1431 ληφθὲν,
2315 1359 2554 1430 νοητέον.
2582 1360 2701 1414 Ἵνα
2726 1359 2786 1413 δὲ
2814 1360 2888 1432 μὴ
2920 1359 3234 1432 ἀθεώρητον
3263 1359 3654 1421 αύτδκαταλί-

2066 1471 2274 1525 πωμεν,
2297 1453 2499 1507 οὑτωσὶ
2524 1452 2826 1525 νοήσωμεν.
2861 1455 3188 1524 Εὑεργετεῖν
3217 1452 3323 1509 οἶδε
3352 1454 3446 1521 καὶ
3485 1455 3653 1509 κολά-

2066 1546 2180 1610 ζειν
2217 1548 2245 1600 ό
2283 1546 2436 1611 Θεὸς,
2482 1549 2595 1611 τοῖς
2627 1546 2800 1610 ἀξίοις
2846 1547 3137 1617 ἀπονέμων
3185 1548 3493 1619 ἀμφότερα.
3538 1547 3654 1618 Τὴν

2067 1639 2425 1710 εῦεργετικὴν
2456 1639 2637 1692 τοίνυν
2658 1639 2821 1711 χάριν
2847 1639 2938 1692 ἐπὶ
2977 1639 3078 1710 τῆς
3116 1639 3297 1705 δεξιᾶς
3331 1640 3651 1711 νοήσαντες,

381 1733 630 1801 pientes,
683 1746 946 1801 sponsam
1005 1728 1300 1784 audiamus
1361 1743 1480 1798 quae
1529 1725 1698 1780 dicit:
1745 1745 1762 1777 ι
1803 1724 1962 1780 Laeva

2070 1731 2168 1801 τὴν
2188 1731 2243 1784 δὲ
2272 1731 2604 1802 κολαστικὴν
2635 1732 2728 1786 ἐπὶ
2751 1732 2850 1802 τῆς
2873 1731 3175 1804 εὐωνύμου,
3199 1730 3523 1803 ἀκούσωμεν
3555 1733 3655 1804 τῆς

378 1823 502 1890 ejus
532 1823 635 1877 sub
665 1820 848 1891 capite
887 1834 1050 1886 meo;
1092 1838 1110 1871 ι
1149 1819 1256 1873 hoc
1287 1827 1411 1882 est,
1450 1815 1744 1887 suppliciis
1797 1815 1966 1880 altior

2070 1818 2284 1890 νύμφης
2338 1819 2643 1892 λεγούσηςο
2718 1841 2737 1874 ι
2770 1803 3066 1895 Εὐώνυμος
3121 1823 3288 1879 αὐτοῦ
3337 1825 3432 1877 ἐπὶ
3465 1826 3512 1857 ⁵⁸
3553 1803 3656 1895 την

381 1933 530 1980 sum,
559 1932 741 1987 neque
769 1915 880 1970 illis
921 1913 1214 1984 subjicior,
1262 1911 1390 1982 quia
1423 1926 1550 1965 cum
1582 1925 1790 1981 sponso
1827 1926 1964 1966 con-

376 2009 570 2079 juncta
600 2022 745 2068 sum.
773 2013 947 2075 atque
982 2004 1137 2058 illum
1185 2003 1433 2058 studiose
1473 2001 1731 2058 observo.
1777 2018 1795 2051 ι
1835 2000 1968 2056 Dex-

381 2111 501 2154 tera
551 2098 701 2151 illius
758 2094 1175 2166 amplexabitur
1208 2110 1338 2149 me:
1388 2113 1407 2144 ι
1445 2092 1498 2147 id
1540 2100 1644 2157 est,
1681 2091 1967 2148 beneﬁciis

380 2194 501 2248 suis
539 2209 623 2247 me
654 2190 973 2252 exornabit,
1021 2205 1083 2244 ac
1120 2189 1289 2246 veluti
1320 2189 1688 2258 amplectens,
1722 2196 1780 2243 et
1811 2203 1968 2244 eom-

381 2285 754 2359 prehendens,
803 2294 859 2340 et
915 2282 1266 2339 desiderium
1314 2296 1500 2336 meum
1539 2279 1816 2351 expiens,
1879 2295 1969 2335 me

383 2382 494 2437 illis
519 2378 850 2436 cumulabit.
885 2376 997 2433 lloc
1029 2386 1216 2432 autem
1239 2385 1295 2431 et
1319 2375 1518 2431 beatus
1545 2374 1753 2430 Paulus
1783 2380 1968 2430 osten-

382 2473 543 2540 dens,
577 2489 596 2524 ι
630 2470 745 2536 Sic,
776 2470 875 2535 ait,
922 2481 1143 2537 semper
1176 2481 1302 2521 cum
1331 2464 1569 2521 Domino
1594 2465 1805 2520 erimus
1849 2463 1893 2519 ί.
1945 2481 1963 2516 ›

383 2565 560 2633 Atque
591 2564 801 2618 utinam
836 2577 938 2618 nos
973 2574 1198 2630 quoque
1227 2558 1482 2614 ultricem
1513 2557 1636 2628 ejus
1665 2556 1969 2626 potentiam

383 2654 612 2710 minime
653 2652 1033 2723 experiamur,
1088 2663 1194 2704 nec
1245 2646 1548 2716 supplicia,
1585 2660 1709 2716 quae
1739 2643 1974 2700 commi-

384 2756 573 2811 natur,
598 2745 994 2818 degustemus:
1030 2740 1126 2797 sed
1157 2739 1323 2795 donis
1360 2745 1417 2792 et
1455 2736 1809 2803 muneribus,
1847 2749 1971 2806 quae

384 2838 672 2910 pollicitus
711 2845 819 2903 est,
868 2833 1245 2906 perfruamur,
1279 2847 1378 2902 per
1402 2830 1639 2901 gratiam
1677 2837 1844 2900 atque
1873 2831 1972 2884 be-

383 2931 715 3002 nignitatem
763 2928 942 2999 ipsius
991 2926 1184 2998 sponsi
1234 2921 1443 2979 Christi
1495 2919 1713 2976 Domini
1766 2919 1968 2985 nostri,

2067 1912 2313 1982 κεφαλήν
2336 1929 2436 1982 μου
2465 1929 2477 1943 ⁸
2509 1932 2527 1964 ι
2563 1914 2860 1978 τουτέστιν,
2893 1917 3040 1969 Ἀνω
3072 1915 3188 1988 είμ)⁵
3218 1916 3327 1970 τῶν
3351 1916 3653 1983 κολάσεων,

2069 2004 2169 2073 οὑχ
2201 2003 2502 2075 ύπόκειμαι
2536 2004 2784 2069 ταύταις,
2834 2004 2924 2060 διὰ
2950 2007 3012 2060 τδ
3035 2007 3115 2078 τῷ
3158 2008 3378 2079 νυμφίῳ
3419 2009 3659 2079 πλησιάο

2072 2111 2184 2157 σαι,
2222 2095 2314 2148 καὶ
2343 2095 2444 2165 τῆς
2473 2096 2767 2167 θεραπείας
2797 2097 2963 2152 αὐτοῦ
2989 2099 3294 2170 φροντίσαι.
3351 2119 3368 2152 ι
3411 2101 3474 2153 Ἢ
3505 2099 3657 2165 δεξιά

2070 2186 2235 2241 αὑτοῦ
2270 2187 2625 2258 περιλήψεταί
2667 2207 2735 2260 με
2776 2190 2844 2255 ⁸⁸,
2871 2210 2890 2243 ι
2929 2191 3050 2245 ἀντὶ
3078 2191 3206 2257 τοῦ,
3254 2193 3387 2257 Ταῖς
3431 2194 3658 2264 εὐεργε-

2067 2280 2217 2343 σίαις
2243 2279 2409 2334 αὐτοῦ
2453 2284 2867 2353 κατακοσμήσει
2900 2302 2987 2356 με,
3025 2289 3119 2340 καὶ
3151 2285 3356 2339 τούτων
3384 2287 3657 2356 ἐμπλήσει

2074 2389 2165 2442 με,
2212 2372 2376 2426 οἱονεὶ
2404 2375 2908 2447 περιπτυσσόμενος
2939 2377 3033 2439 καὶ
3077 2377 3520 2450 περιλαμϐάνων,
3559 2377 3660 2432 καὶ

2070 2462 2169 2534 τὴν
2197 2463 2334 2534 ἐμὴν
2365 2465 2663 2536 ἐπιθυμίαν
2706 2467 2952 2539 πληρῶν.
2993 2468 3165 2522 Τοῦτο
3199 2470 3256 2522 δὲ
3290 2471 3384 2523 καὶ
3412 2471 3439 2524 ό
3476 2471 3662 2540 μακά·-

2076 2572 2192 2628 ριος
2220 2557 2432 2620 Παῦλος
2457 2558 2786 2630 παραδηλῶν
2817 2560 3020 2630 ἔλεγεν,
3052 2562 3135 2616 ὅτι
3169 2582 3186 2613 ι
3212 2563 3398 2626 Οῦτως
3424 2564 3659 2617 πάντοτε

2074 2647 2171 2700 σὺν
2226 2647 2418 2720 Κυρίῳ
2467 2649 2728 2721 ἐσόμεθα.
2761 2670 2780 2703 ι
2845 2652 3064 2706 Γένοιτο
3113 2653 3207 2707 καὶ
3260 2655 3408 2725 ἡμᾶς
3459 2657 3662 2724 πεῖραν

2077 2738 2175 2810 μὲν
2197 2740 2242 2771 ⁵⁷
2294 2743 2393 2812 τῆς
2425 2741 2757 2813 κολαστικῆς
2801 2742 2967 2798 αὐτοῦ
3004 2744 3285 2816 δυνάμεως
3325 2746 3400 2815 μὴ
3444 2745 3659 2811 λαϐεῖν,

2076 2831 2214 2903 μηδὲ
2244 2832 2542 2901 γεύσασθαι
2571 2833 2682 2888 τῶν
2713 2836 2910 2906 ἠπειλη
2923 2837 3100 2908 μένων
3129 2839 3434 2908 τιμωριῶν,
3466 2839 3576 2891 τῶν
3603 2839 3662 2891 δὲ

2073 2923 2500 2994 ἐπηγγελμένων
2551 2925 2857 2981 ἀπολαῦσαι
2909 2927 3148 2999 δωρεῶν,
3199 2929 3383 3000 χάριτι
3415 2930 3511 2983 καὶ
3541 2930 3658 2999 φιλ-

383 3023 474 3078 eui
529 3022 708 3093 gloria
757 3029 815 3078 et
861 3019 1158 3091 imperium
1217 3017 1274 3072 in
1333 3012 1539 3070 szecuia
1609 3012 1965 3069 saeculorum.

382 3117 576 3173 Anien.
1645 3120 1652 3126 ’

2074 3012 2360 3086 ανθρωπίᾳ
2383 3014 2477 3068 τοῦ
2503 3017 2740 3088 νυμφίου
2771 3019 3008 3089 Χριστοῦ
3047 3017 3142 3072 τοῦ
3170 3019 3374 3092 Κυρίου
3405 3019 3580 3091 ἡμῶν,
3618 3014 3666 3088 ᾧ

2076 3105 2110 3174 ἡ
2144 3102 2271 3171 δόξα
2321 3107 2418 3159 καὶ
2467 3106 2529 3160 τὸ
2574 3107 2775 3180 κράτος
2798 3110 2846 3142 ⁸⁸
2887 3112 2969 3175 εἰς
3013 3111 3140 3176 τοὺς
3183 3110 3386 3176 αἰῶνας
3430 3111 3541 3165 τῶν
3580 3114 3664 3166 αἱ-

2076 3195 2247 3255 ώνων.
2296 3197 2491 3270 Ἀμήν.

344 3425 353 3460 ᾖ
459 3367 801 3434 ⁶·Ρι·ον.ιιι,
846 3365 931 3422 16.
1015 3379 1038 3406 θ
1084 3363 1248 3420 Prov.
1279 3378 1356 3428 IV,
1390 3362 1444 3415 6.
1530 3360 1548 3398 τ
1588 3356 1836 3414 ιΤΙιοεε.
1873 3373 1950 3421 ιν,
1981 3357 2069 3412 17.

1699 3516 1938 3573 νΑΒιΕ
1975 3509 2276 3571 LECTION
2284 3511 2387 3568 ES.

485 3644 625 3697 ³⁵τό.
669 3642 839 3697 Abest
866 3655 894 3692 a
931 3637 1056 3694 cod.
1133 3637 1181 3670 "
1220 3635 1334 3688 ὲπί.
1371 3632 1498 3689 cod.
1528 3631 1652 3702 ὑπό.
1719 3630 1766 3662 ⁸⁸
1805 3629 1896 3702 μέ.
1926 3628 2086 3684 abest
2113 3641 2146 3681 a
2183 3623 2306 3681 eod.
2357 3626 2403 3659 ⁵⁷
2441 3627 2564 3698 μέν.
2599 3629 2757 3686 abest
2795 3643 2825 3684 a
2859 3630 2984 3686 cod.
3037 3628 3497 3702 1⁵’τοῦ-κράτος.
3535 3631 3668 3690 cod.

393 3715 511 3788 μεθ’
540 3709 600 3770 οῦ
626 3715 702 3787 τῷ
732 3709 905 3782 ῐῐατρὶ
933 3711 968 3780 ἡ
997 3709 1126 3777 δόξα
1150 3706 1248 3761 σὺν
1273 3703 1414 3775 ἁγίῳ
1448 3700 1747 3773 Πνεύματι.

395 3903 2967 3937 ____——-.———-_-—_-_———-'——_

1260 4048 1369 4122 59
1461 4057 1904 4152 ΛΟΓΟΣ
2055 4043 2774 4153 ΔΕΥΤΕΡΟΣ.

1488 4423 1848 4518 LIBER
1901 4424 2566 4518 SECUNDUS.

375 4832 378 4835 Α
470 4769 632 4826 Vens.
669 4773 725 4826 7.
771 4771 1031 4842 Adjuraoi
1087 4791 1212 4841 vos,
1244 4776 1374 4846 ﬁlim
1429 4773 1839 4848 Hierosolyma’,
1877 4791 1970 4846 per
1997 4793 2045 4858 ο
2145 4775 2212 4843 ζ’.
2260 4776 2517 4843 Ὠρκισα
2564 4775 2740 4846 ὑμᾶς.
2791 4777 3110 4848 θυγατέρες
3163 4781 3563 4852 Ἰερουσαλὴμ
3594 4786 3664 4851 δ’,

395 4871 659 4941 potentias
694 4876 742 4922 et
776 4868 910 4922 vires
941 4868 1096 4938 agri,
1135 4869 1183 4922 si
1229 4871 1617 4925 suscitaveritis
1649 4881 1700 4925 et
1731 4869 1972 4926 exsusci-
2073 4871 2144 4926 ἐν
2186 4869 2480 4941 δυνάμεσι
2529 4869 2625 4924 καὶ
2682 4871 2969 4940 ἰσχύσεσι
3016 4871 3124 4927 τοῦ
3178 4874 3402 4944 ἀγροῦ,
3465 4877 3576 4930 ἐὰν
3619 4879 3665 4908 ⁶⁶

397 4962 632 5018 tavcritis
664 4958 1006 5024 charitatem,
1037 4957 1200 5010 donec
1245 4960 1488 5013 voluerit.
1530 4959 1636 5027 Qui
1671 4975 1972 5032 corporum
2074 4963 2339 5035 ἐγείρητε
2359 4964 2403 4996 ⁸⁸
2457 4964 2555 5018 καί
2606 4963 2940 5033 ἐξεγείρητε
2986 4964 3103 5033 τὴν
3150 4967 3414 5038 ἀγάπην,
3478 4968 3590 5036 ἕως
3617 4969 3665 5000 ⁶¹

395 5069 582 5110 amore
602 5053 748 5124 capti
791 5060 946 5116 sunt,
977 5058 1036 5106 ut
1071 5050 1182 5106 illis
1215 5066 1339 5122 qua:
1377 5060 1574 5123 optant
1610 5053 1716 5125 ipsi
1753 5054 1975 5125 potian-
2076 5054 2334 5124 θελήσῃ.
2387 5057 2450 5109 Οἱ
2493 5055 2592 5127 μὲν
2625 5056 2894 5127 σωμάτων
2935 5056 3192 5130 ἐρῶντες,
3243 5059 3396 5131 μόνοι
3422 5061 3531 5115 τῶν
3561 5079 3656 5116 που

396 5156 486 5200 tur
521 5146 648 5210 soli,
692 5143 942 5200 studiose
970 5149 1191 5207 curant,
1226 5149 1396 5212 atque
1419 5142 1489 5197 ab
1525 5145 1726 5200 amatis
1744 5145 1976 5200 aemulos
2080 5147 2362 5220 θουμένων
2399 5148 2697 5204 ἀπολαύειν
2740 5149 3142 5217 σπουδάζουσι·
3189 5153 3316 5218 τοὺς
3355 5153 3413 5208 δὲ
3459 5171 3667 5226 πειρω-

397 5239 529 5294 totis
577 5236 790 5292 viribus
848 5241 1126 5290 conantur
1191 5248 1422 5300 arcere;
1483 5241 1538 5287 at
1589 5235 1685 5304 qui
1742 5235 1973 5306 spiritus
2083 5240 2281 5310 μένους
2322 5240 2604 5313 λῃστεύειν
2651 5243 2750 5307 τὰς
2803 5244 2985 5314 σφίσιν
3035 5246 3220 5310 αὐτοῖς
3273 5247 3665 5318 ἀνακειμένας,

395 5343 583 5383 amore
614 5334 744 5382 sunt
792 5325 1140 5390 inﬂammati,
1191 5324 1401 5396 Deique
1441 5332 1703 5381 tenentur
1748 5327 1972 5383 deside-
2082 5331 2223 5401 μετά
2267 5333 2472 5403 πολλῆς
2518 5333 2883 5390 ἀπελαύνουσι
2931 5335 3030 5406 τῆς
3079 5337 3462 5409 σφοδρότητος.
3508 5336 3573 5394 Οἱ
3604 5340 3667 5394 δὲ

397 5423 499 5484 rio,
552 5421 743 5476 eadem
801 5418 1016 5474 ﬂamma
1045 5435 1237 5474 omnes
1272 5427 1333 5474 ut
1369 5418 1624 5476 homines
1663 5419 1970 5475 incendan-
2077 5425 2466 5497 πνευματικῶς
2491 5426 2746 5498 ἐρῶντες,
2776 5428 2986 5481 καὶτὸν
3015 5428 3147 5482 Θεὸν
3176 5428 3490 5496 ποθοῦντες,
3525 5430 3668 5486 πάν-

1641 5536 1874 5594 VAle
1915 5537 2215 5598 LECTION
2223 5543 2328 5598 ES.

421 5635 475 5711 i"
508 5629 833 5714 ξεί-ἁχροξ.
863 5627 1020 5682 Hebr.
1067 5647 1419 5714 percepi-eas
1457 5639 1551 5714 aut
1567 5649 1665 5703 per
1683 5649 1877 5714 cervas
1900 5636 2039 5714 agri.
2101 5637 2278 5714 θξὲάν.
2320 5640 2480 5695 Ilebr.
2508 5642 2670 5714 DN_!I.
2703 5665 2737 5695 ι.
2760 5675 2796 5696 ..
2819 5656 2876 5711 q.
2908 5658 3259 5714 nequaquam,
3283 5652 3343 5698 ut
3372 5643 3424 5699 in
3453 5643 3664 5701 formu-

398 5702 468 5786 lis
509 5701 734 5786 iurandi
753 5701 1271 5786 'Ps.'t.xxx1x,li_’)t'i,
1295 5718 1419 5786 xci.
1455 5701 1788 5786 “texam,
1819 5707 1877 5786 5,
1913 5701 1976 5770 4⁷,
2019 5714 2072 5786 et
2113 5709 2426 5768 Graecorum
2476 5715 2545 5776 εξ,
2585 5711 2752 5767 Marc.
2792 5701 2909 5780 νιίι,
2947 5701 3030 5767 ίίέ.
3091 5701 3174 5746 ’⁵³
3202 5701 3321 5770 cod.
3381 5716 3667 5786 ἐγείρηται

403 5780 457 5826 cl
491 5771 687 5827 deinde
719 5770 1080 5842 ἐξεγεῖρηται.
1120 5759 1193 5803 ’θ’
1221 5759 1343 5839 ἕως.
1376 5759 1504 5830 Rec.
1531 5759 1715 5831 'leciio
1742 5759 2070 5839 (stiones.
2477 5759 2545 5776 ’⁷⁷
2585 5759 2752 5767 "mu
2803 5759 2909 5780 ””⁷
2952 5759 3030 5767 ”’
3205 5759 3321 5770 ww
3381 5759 3570 5788 ’⁵“’””⁸
