3940 6200
228 403 282 468 θθ
1305 413 1388 475 ΙΝ
1412 415 1795 477 CANTICUM

1896 419 2123 482 tNTIC.
2160 426 2303 486 LIB.
2332 427 2411 488 11.
3398 427 3466 490 94

225 534 304 579 τας
325 516 652 587 ἀνθρώπους
687 516 1017 593 κοινωνῆσαι
1049 525 1231 589 αὐτοῖς
1254 525 1346 579 τοῦ
1374 529 1596 599 φίλτρου
1621 545 1795 598 παρα-

1903 539 2013 599 tur,
2041 546 2326 606 exoptant.
2383 539 2750 606 Quamobrem
2791 549 2843 596 et
2877 541 2934 596 in
2961 536 3195 595 Cantico
3225 537 3465 592 cantico-

226 607 449 662 καλοῦσι.
502 610 601 664 Διὸ
648 613 746 665 καὶ
795 614 856 666 ἐν
902 613 980 685 τῷ
1025 615 1265 686 ’ᾼσματι
1309 617 1419 672 τῶν
1461 619 1721 690 ᾀσμάτων
1760 621 1793 690 ἡ

227 700 387 770 νύμφη
415 701 812 776 διηγησαμένη
843 705 942 777 τὴν
968 706 1062 759 τοῦ
1094 709 1330 778 νυμφίου
1365 710 1680 782 περίληψιν,
1711 712 1793 765 ὅτι

231 814 245 842 ι
266 792 550 864 Εὐώνυμος
580 795 752 849 αὐτοῦ
784 797 891 850 ὐπὸ
917 797 1015 870 τὴν
1041 800 1282 871 κεφαλήν
1309 819 1433 872 μου,
1464 821 1482 853 ι
1519 803 1616 856 καὶ
1642 804 1795 874 είρη-

227 889 356 947 κοῖα,
407 905 427 936 ι
460 887 564 941 καὶ
615 890 648 960 ἡ
697 889 848 955 δεξιά
894 889 1057 945 αὐτοῦ
1105 893 1465 965 περιλήψεταί
1500 911 1588 965 με,
1620 913 1638 948 ι
1694 895 1794 948 οὐκ

227 978 462 1046 ἀνέχεται
501 980 642 1051 μόνη
689 982 962 1054 ἐντρυφᾷν
1004 982 1081 1053 τῷ
1111 985 1348 1055 νυμφίῳ,
1399 986 1517 1040 οὐδὲ
1545 987 1793 1058 ἀποχρῇν

228 1070 420 1135 ἡγεῖται
454 1071 598 1144 μόνῃ
621 1073 729 1124 τῶν
758 1075 918 1145 ἱερῶν
939 1076 1164 1130 ἐκείνων
1195 1077 1489 1132 ἀπολαύειν
1511 1079 1790 1147 ἀγκαλῶν,

228 1161 343 1213 ἀλλὰ
374 1162 475 1214 καὶ
503 1162 609 1228 τὰς
635 1165 882 1230 νεάνιδας
920 1168 1268 1238 παρακαλεῖ·
1306 1170 1367 1222 οὐ
1402 1170 1709 1238 παρακαλεῖ
1736 1171 1794 1225 δὲ

233 1253 392 1321 μόνον,
430 1255 574 1310 ἀλλὰ
622 1258 716 1310 καὶ
749 1257 1014 1328 βιάζεται,
1048 1261 1143 1313 καὶ
1189 1262 1436 1331 ἀνάγκην
1485 1262 1793 1333 ἐπιτίθησιν

230 1344 393 1413 ὅρκου,
423 1346 515 1399 ἵνα
540 1349 797 1420 ἐγείρωσι
843 1352 941 1404 καὶ
960 1353 1275 1422 ἐξεγείρωσι
1301 1355 1398 1424 τὴν
1420 1355 1664 1426 ἀγάπην,
1687 1356 1792 1420 ἕως

231 1433 286 1486 ἂν
324 1437 350 1487 6
392 1438 632 1507 νυμφίος
680 1439 934 1513 ἐθελήσῃ.
981 1442 1296 1516 Θυγατέρας
1344 1445 1400 1498 δὲ
1442 1445 1793 1518 Ἰερουσαλὴμ

233 1527 454 1594 δηλονότι
485 1532 589 1602 τῆς
613 1533 938 1606 ἐπουρανίου
972 1537 1172 1600 ταύτας
1201 1538 1629 1610 προσαγορεύει·
1663 1540 1794 1611 περὶ

234 1614 291 1691 ἧς
315 1624 340 1673 6
370 1624 642 1695 μακάριος
674 1626 884 1691 Παῦλὸς
909 1645 1074 1698 φησιν
1097 1645 1110 1660 ⁸
1149 1650 1167 1682 ι
1205 1632 1268 1686 Ἡ
1293 1632 1349 1686 δὲ
1377 1633 1489 1686 ἀνω
1524 1632 1793 1703 Ἰερουσα-

234 1715 332 1784 λὴμ
350 1715 608 1786 ἐλευθέρα
636 1719 806 1781 ἐστὶν,
833 1721 953 1790 ἥτις
977 1722 1092 1776 ἐστὶ
1114 1724 1299 1795 μήτηρ
1326 1725 1541 1779 πάντων
1564 1723 1742 1796 ἡμῶν.
1768 1744 1786 1776 ι

1900 638 2020 676 rum
2048 639 2172 678 cum
2207 642 2408 696 sponsa
2457 630 2648 700 sponsi
2689 633 3040 702 complexum
3091 630 3466 699 exposuisset,

1903 733 1922 766 ι
1960 713 2138 778 Laeva,
2197 718 2478 789 inquiens,
2521 721 2642 791 ejus
2685 722 2788 777 sub
2824 723 3010 793 capite
3036 736 3181 787 meo,
3225 740 3243 772 ι
3280 720 3467 788 subje-

1896 807 2203 874 cissetque,
2242 825 2260 859 ι
2301 818 2354 864 et
2387 809 2614 864 dextera
2649 811 2800 866 illius
2833 810 3234 880 amplexabitur
3274 825 3404 864 me:
3442 825 3462 858 ι

1896 915 1957 955 se
1993 900 2048 954 in
2079 900 2273 970 sponsi
2305 901 2523 957 deliciis
2559 903 2734 957 solam
2787 903 2998 958 versari
3047 917 3153 956 non
3206 901 3464 963 sustinet,

1895 991 2258 1059 neque-satis
2303 1006 2427 1047 esse
2477 1000 2654 1062 putat,
2707 993 2754 1047 si
2798 993 2916 1064 ipsa
2959 993 3076 1047 sola
3126 991 3306 1047 sacris
3355 991 3466 1045 illis

1895 1081 2278 1151 complexibus
2333 1081 2653 1152 perfruatur
2686 1101 2700 1138 :
2732 1084 2824 1138 sed
2865 1098 3059 1139 omnes
3103 1083 3303 1138 invitat
3335 1082 3466 1135 ado-

1895 1173 2252 1240 lescentulas,
2296 1191 2478 1245 neque
2527 1183 2740 1230 tantum
2769 1177 2988 1242 invitat,
3038 1175 3132 1232 sed
3180 1175 3349 1244 cogit,
3401 1189 3468 1228 ac

1889 1266 2254 1337 jurisjurandi
2305 1268 2604 1339 obstringit
2662 1269 3017 1330 necessitate,
3064 1278 3122 1322 ut
3194 1266 3468 1322 suscitent

1895 1367 2061 1428 atque
2090 1361 2440 1416 exsuscitent
2473 1360 2822 1425 charitatem,
2859 1359 3048 1429 quoad
3081 1374 3320 1428 sponsus
3351 1359 3469 1427 ipse

1895 1447 2319 1510 voluerit.‘Has
2353 1461 2538 1507 autem
2574 1451 2816 1522 appellat
2873 1449 3014 1505 tilias
3052 1447 3466 1518 Hierosolyma.

1895 1541 2144 1597 cmlestis
2188 1541 2339 1597 illius
2389 1541 2675 1604 nimirum,
2710 1540 2778 1596 de
2823 1554 2932 1610 qua
2982 1539 3176 1594 beatus
3216 1535 3464 1590 Paulus:

1903 1652 1920 1685 ι
1961 1633 2093 1700 Qzue
2141 1641 2325 1688 autem
2371 1648 2592 1690 sursum
2643 1641 2751 1697 est,
2811 1631 3012 1700 inquit,
3063 1627 3464 1698 Hierosolyma,

1896 1726 2070 1782 libera
2112 1737 2219 1793 est,
2267 1742 2389 1797 qua:
2436 1734 2523 1782 est
2572 1734 2749 1781 mater
2781 1725 3024 1780 omnium
3064 1731 3318 1778 nostrum
3352 1723 3398 1776 ε.
3441 1738 3462 1772 ι

249 1805 423 1878 Ἀγρὸν
467 1809 524 1862 δὲ
569 1809 662 1864 τὸν
696 1812 900 1883 κόσμον
935 1814 1224 1886 ὀνομάξειο
1280 1817 1423 1872 οὕτω
1467 1819 1575 1889 γὰρ
1620 1818 1714 1871 καὶ
1765 1819 1794 1870 6

1896 1820 2100 1888 Agrum
2134 1831 2265 1872 vero
2296 1816 2562 1871 mundum
2587 1824 2770 1870 vocat.
2789 1814 2881 1870 Sic
2909 1814 3057 1868 euim
3092 1821 3148 1868 et
3171 1811 3464 1872 Dominus,

239 1897 422 1967 Κύριος
467 1901 524 1952 ἐν
567 1905 681 1963 τοῖς
731 1866 896 1975 ἱεροῖς
940 1866 1304 1974 Εὐάγγελίοις⁷
1318 1866 1436 1976 ’ἦν

1896 1866 2157 1964 ἰουεοετίε
2177 1866 3161 1979 espnnens
3195 1923 3209 1958 :
3252 1921 3270 1954 ι
3299 1866 3466 1972 Ager,

242 1989 534 2060 ἑρμηνεύων
583 1993 768 2061 φησὶν,
818 1995 900 2048 ὅτι
957 2014 975 2047 ι
1016 1996 1208 2069 ’Δγρός
1256 1998 1405 2051 ἐστιν
1443 2000 1472 2052 6
1509 1998 1732 2068 κόσμος.
1767 2016 1785 2049 ι

1896 2001 2116 2072 inquit,
2163 2009 2249 2055 est
2301 1999 2540 2054 mundus
2569 1999 2621 2052 ιι.
2663 2017 2682 2050 ι
2717 1998 2787 2051 At
2815 1997 3094 2066 potentias
3134 2003 3188 2050 et
3242 1993 3469 2048 fortitu-

246 2083 485 2152 Δυνάμεις
531 2083 589 2137 δὲ
617 2085 712 2138 καὶ
745 2086 934 2156 ίσχύας
963 2089 1134 2160 ἀγροῦ
1166 2089 1265 2154 τὰς
1293 2091 1590 2159 ἀγγελικάς
1633 2091 1794 2145 δυνά-

1896 2095 2053 2150 dines
2089 2093 2234 2164 agri,
2263 2092 2547 2162 angelicas
2573 2090 2826 2144 nominat
2862 2094 3190 2159 potestates,
3223 2099 3342 2149 quze
3374 2079 3468 2136 Dei

249 2192 352 2243 μεις
390 2178 538 2245 φησὶ,
581 2177 683 2241 τὰς
723 2178 815 2231 τὸν
857 2181 1062 2248 κόσμον
1109 2181 1505 2252 περιπολούσας
1545 2181 1688 2235 κατά
1732 2181 1793 2235 τὸ

1896 2187 2050 2258 jussu
2085 2185 2354 2240 mundum
2386 2184 2592 2238 obeunt
2625 2201 2638 2236 :
2687 2187 2781 2236 aut
2831 2186 3056 2235 sanctos
3088 2176 3200 2248 ϐο
3231 2173 3470 2246 prophe-

247 2266 363 2320 Θεοῦ
392 2269 598 2340 θέλημα
627 2287 640 2300 ο
686 2269 719 2340 ἢ
748 2272 874 2334 τοὺς
905 2272 1092 2341 ἁγίους
1117 2274 1402 2346 προφήτας
1442 2275 1538 2328 καὶ
1563 2273 1794 2327 ἀποστό-

1896 2289 2001 2345 tas,
2027 2287 2082 2333 et
2110 2277 2398 2348 apostolos
2418 2318 2434 2343 ,
2465 2275 2563 2346 qui
2600 2273 2815 2336 ,divino
2866 2269 3062 2340 repleti
3095 2267 3333 2337 Spiritu,
3370 2279 3468 2334 per

247 2359 370 2423 λους,
412 2362 458 2413 οἳ
489 2361 630 2416 θείου
663 2363 980 2433 Πνεύματος
1019 2364 1418 2436 πληρωθέντες,
1456 2366 1550 2418 καὶ
1580 2365 1679 2435 τὴν
1711 2367 1793 2418 oi-

1896 2372 2218 2426 universum
2249 2373 2514 2438 vagantes
2550 2363 2741 2420 orbem
2789 2370 3092 2425 terrarum,
3139 2355 3234 2412 Dei
3265 2355 3466 2409 adver-

251 2453 496 2524 κουμένην
532 2459 1043 2526 περινοστήσαντες,
1086 2458 1212 2520 τοὺς
1244 2458 1519 2522 ἀντιθέους
1556 2458 1649 2511 καὶ
1677 2458 1795 2510 Oso-

1896 2465 2074 2521 sarios
2105 2470 2272 2531 atque
2293 2461 2491 2516 hostes
2519 2458 2798 2514 daemones
2821 2453 3174 2522 expulerunt,
3222 2440 3496 2520 pietatis?

1894 2574 2002 2627 quc
2065 2557 2325 2614 surculos
2376 2555 2432 2610 in
2474 2551 2678 2608 animis
2735 2550 3022 2606 hominum
3077 2547 3464 2602 inseruerunt.

1893 2652 2031 2706 Cum
2065 2650 2230 2720 igitur
2259 2662 2466 2719 sponsa
2519 2659 2732 2717 sponso
2777 2642 3079 2703 frueretur,
3117 2637 3470 2708 experimen-

1895 2757 2064 2813 toque
2107 2741 2342 2797 delicias
2373 2740 2496 2809 ejus
2543 2736 2856 2793 ineffabiles
2908 2733 3251 2802 degustaret,
3281 2728 3471 2783 excla-

1894 2848 2093 2889 mans:
2128 2851 2147 2884 ι
2177 2831 2441 2898 Adjuravi
2472 2844 2596 2890 vos,
2633 2828 2851 2896 inquit,
2895 2824 3019 2877 lilia:
3048 2819 3468 2891 Hierosolyma,

1894 2939 1996 2994 per
2025 2923 2302 2994 potentias
2340 2930 2396 2976 et
2423 2921 2570 2975 vires
2599 2919 2742 2988 agri,
2769 2917 2816 2972 si
2865 2911 3278 2971 suscitaveritis
3305 2917 3472 2978 atque

1895 3014 2379 3072 exsuscitaveritis
2410 3012 2767 3073 cbaritatem,
2798 3009 2975 3063 donec
3003 3002 3276 3066 voluerit;
3317 3019 3335 3052 ι
3366 2999 3472 3054 hoc

1893 3114 2002 3171 est,
2036 3120 2108 3160 ne
2147 3104 2474 3159 charitatem
2524 3115 2658 3170 erga
2701 3098 2873 3153 Deum
2921 3097 2977 3150 in
3023 3093 3181 3148 vobis
3222 3088 3473 3145 dormire

1895 3197 2209 3268 patiamini,
2244 3196 2339 3250 sed
2369 3208 2489 3248 eam
2521 3190 2806 3247 suscitetis
2843 3195 3008 3258 atque
3035 3179 3380 3243 accendatis,
3416 3185 3476 3232 et

1895 3289 2223 3345 memoriam
2285 3283 2684 3341 beneﬁciorum
2745 3281 2896 3334 illius
2964 3285 3224 3346 tanquam
3287 3270 3470 3325 oleum

1897 3378 2409 3453 supereﬂ’undatis,
2461 3390 2533 3430 ne
2585 3373 2653 3429 de
2702 3371 2859 3427 vobis
2902 3383 3130 3440 quoque
3179 3365 3399 3419 dicatur
3451 3377 3470 3413 :

1902 3493 1920 3526 ε
1948 3473 2304 3530 Dormieruut
2325 3484 2582 3526 somnum
2602 3479 2786 3529 suum,
2807 3473 2860 3518 et
2876 3461 3010 3517 nihil
3030 3460 3364 3514 invenerunt
3386 3453 3430 3506 ί.
3447 3468 3466 3501 ι

1897 3567 2013 3624 Nisi
2051 3567 2198 3623 enim
2234 3561 2630 3620 nuntiaveritis
2682 3558 2750 3614 de
2797 3556 2887 3612 die
2930 3555 2987 3610 in
3035 3552 3180 3608 diem
3230 3547 3473 3602 salutare

1896 3660 2040 3731 eius,
2076 3669 2132 3715 et
2167 3655 2533 3713 memineritis
2559 3651 2898 3709 mirabilium
2938 3647 3136 3720 ipsius,
3166 3657 3287 3715 quae
3317 3637 3471 3731 fecit,

1898 3729 2290 3824 crstinguetur
2317 3747 2589 3812 charitas,
2622 3752 2679 3801 et
2715 3737 3126 3815 quodammodo
3153 3729 3469 3824 intercidet.

1897 3823 2127 3916 Oportet
2174 3849 2361 3897 autem
2414 3854 2513 3896 vos
2567 3838 2717 3892 illam
2753 3834 3105 3916 continenter
3141 3823 3470 3886 accendere,

1901 3913 2065 4004 atqite
2095 3932 2369 3998 excitare,
2417 3938 2471 3986 et
2499 3927 2777 3983 ﬂammam
2821 3913 2947 3994 ejus.
2995 3922 3051 3976 in
3094 3919 3269 3974 altum
3310 3913 3470 3985 quasi

1899 4025 2191 4087 extollere,
2224 4038 2290 4078 ac
2314 4020 2538 4076 modum
2571 4020 2750 4090 ipsius
2775 4014 3018 4070 dimetiri
3049 4009 3238 4083 sponsi
3267 4007 3470 4062 volun-

1901 4124 2034 4173 tate.
2083 4114 2162 4170 Ne
2220 4114 2377 4184 prius
2423 4125 2559 4183 ergo
2611 4110 2755 4164 hanc
2805 4109 3050 4163 excitare
3085 4109 3253 4172 atque
3290 4099 3470 4168 ignem

1901 4209 2054 4264 illius
2106 4205 2402 4262 incendere
2447 4201 2772 4263 desistatis,
2810 4201 2986 4254 donec
3021 4207 3260 4266 sponsus
3293 4187 3473 4269 ipsius

1903 4298 2125 4354 modum
2162 4293 2633 4351 determinaverit.
2684 4289 2784 4346 His
2814 4287 3022 4345 similia
3080 4283 3338 4337 videntur
3383 4289 3471 4337 ea,

254 2547 408 2611 μισεῖς
438 2545 703 2616 ἐξήλασαν
736 2547 1016 2617 δαίμονας,
1046 2549 1140 2602 καὶ
1160 2549 1260 2620 τὴν
1286 2549 1566 2604 εὐσέϐειαν
1593 2550 1651 2602 ὲν
1673 2552 1794 2614 ταῖς

241 2634 342 2690 ,τῶν
363 2637 652 2705 ἀνθρώπων
683 2639 882 2709 ψυχαῖς
911 2639 1338 2709 κατεφύτευσαν.
1376 2643 1463 2696 Ἐν
1495 2640 1794 2695 ἀπολαύσει

250 2731 408 2782 τοίνυν
448 2733 480 2802 ἠ
527 2731 714 2804 νύμφη
748 2733 841 2787 τοῦ
876 2735 1112 2804 νυμφίου
1143 2737 1436 2808 γενομένη,
1484 2737 1579 2791 καὶ
1626 2737 1794 2808 πείρᾳ

256 2818 470 2885 μαθοῦσα
487 2822 582 2890 τὴν
608 2823 844 2893 ἄρρητον
863 2825 1078 2896 ἐκείνην
1100 2825 1330 2898 τρυφὴν,
1363 2826 1460 2896 βοᾷ
1491 2828 1583 2882 καὶ
1611 2827 1758 2896 λέγει
1777 2842 1790 2857 ‘

259 2910 491 2979 ιὨρκισα
511 2914 673 2982 ὑμᾶς,
699 2913 996 2985 θυγατέρες
1022 2917 1398 2988 Ἰερουσαλὴμ,
1420 2918 1476 2970 ἐν
1491 2919 1610 2981 ταῖς
1636 2917 1797 2972 δυνά·

257 3019 364 3070 μεσι
390 3005 475 3057 καὶ
513 3005 753 3075 ἰσχύσεσι
792 3007 888 3060 τοῦ
922 3007 1113 3078 ἀγροῦ,
1158 3008 1254 3062 ἐὰν
1297 3009 1544 3082 ἐγείρητε
1577 3009 1672 3064 καὶ
1702 3008 1792 3076 ἐξ-

255 3096 473 3166 εγείρητε
510 3096 604 3168 τὴν
635 3098 892 3169 ἀγάπην,
943 3099 1048 3164 ἕως
1084 3095 1144 3155 οὗ
1181 3099 1384 3174 θελήσῃ
1408 3122 1420 3135 ·
1457 3121 1476 3152 ι
1521 3103 1789 3165 τουτέστι,

255 3157 332 3256 hii;
356 3157 574 3258 ’ἐάσητέ
606 3191 664 3244 ἐν
683 3157 838 3260 ’ὑμῖν
877 3157 984 3264 τὴν
1025 3157 1153 3264 περὶ
1199 3157 1308 3248 τὸν.
1331 3157 1464 3248 ὁεύν
1500 3194 1722 3265 ἀγάπην
1747 3157 1793 3227 ⁶ί
1818 3157 1862 3217 c

256 3277 549 3350 ηθευδῆσαι
567 3298 580 3310 ·
611 3283 748 3336 ἀλλά
769 3283 1072 3356 διεγείρατε
1097 3285 1285 3357 αὐτὴν,
1310 3286 1406 3342 καὶ
1428 3286 1792 3357 πυρσεύσατε,

256 3370 335 3423 καὶ
376 3374 680 3428 ἐπιϐάλλετε
732 3376 896 3429 οἱονεὶ
943 3375 1117 3430 ἔλαιον
1161 3377 1271 3432 τῶν
1321 3379 1652 3449 εὐεργεσιῶν
1695 3377 1794 3450 τὴν

257 3463 449 3532 μνήμην
471 3481 484 3494 ·
532 3463 619 3516 ἵνα
655 3465 731 3535 μὴ
765 3466 862 3519 καὶ
887 3467 1015 3538 περὶ
1047 3467 1204 3537 ἡμῶν
1235 3467 1374 3539 ῥηθῇ
1402 3485 1415 3498 ·
1457 3488 1474 3521 ι
1497 3469 1794 3524 ’Υπνωσαν

257 3553 401 3609 ὕπνον
427 3557 617 3623 αὐτῶν,
645 3560 743 3613 καὶ
761 3560 806 3592 ⁸⁸
834 3561 932 3630 οὐχ
964 3553 1120 3631 εὗρον
1143 3561 1318 3616 οὐδέν.
1350 3581 1369 3614 ι
1418 3562 1544 3616 Ἐἀν
1571 3562 1678 3634 γὰρ
1716 3562 1792 3634 μὴ

257 3648 587 3720 ἀπαγγείλητε
617 3652 834 3724 ἡμέραν
861 3652 920 3719 ἐξ
963 3653 1174 3723 ἡμέρας
1219 3653 1280 3707 τὸ
1309 3655 1572 3726 σωτήριον
1605 3654 1791 3720 αὐτοῦ,

257 3740 335 3792 καὶ
365 3740 432 3812 μὴ
462 3742 731 3813 μνησθῆτε
760 3744 870 3798 τῶν
920 3742 1239 3816 θαυμασίων
1277 3745 1442 3800 αὐτοῦ
1474 3740 1547 3799 ὧν
1597 3745 1791 3810 ἐποίει,

253 3829 355 3882 ἀλλ’
374 3831 685 3902 ἐπιλάθησθε
712 3832 820 3887 τῶν
840 3834 1165 3905 εὐεργεσιῶν
1189 3835 1356 3889 αὐτοῦ
1381 3851 1395 3868 ο
1433 3835 1795 3908 σϐεσθήσεται

255 3922 283 3990 ή
321 3923 509 3990 ἀγάπη,
539 3925 634 3977 καὶ
676 3925 842 3979 οἱονεὶ
875 3927 1297 3998 νεκρωθήσεται.
1338 3927 1457 3998 Χρὴ
1498 3927 1554 3982 δὲ
1592 3927 1793 3998 ὐμᾶς⁶³

253 4012 486 4083 διηνεκῶς
534 4014 787 4080 ἐξάπτειν
833 4016 1022 4089 αὐτὴν,
1073 4018 1171 4071 καὶ
1213 4018 1520 4092 διεγείρειν,
1571 4020 1666 4072 καὶ
1715 4021 1795 4084 είς

258 4105 374 4174 Bias;
412 4108 570 4180 αὐτὴν
611 4110 788 4180 αῐρειν
818 4108 916 4178 τὴν
945 4109 1139 4179 φλόγα.
1176 4110 1394 4182 Μέτρον
1433 4111 1490 4164 δὲ
1523 4112 1796 4166 ποιεῖσθαι

254 4199 340 4267 τῆς
365 4200 591 4270 ἀγάπης,
623 4199 720 4254 τοῦ
746 4199 981 4270 νυμφίου
1010 4201 1072 4254 τὸ
1102 4200 1367 4271 βούλημα.
1405 4203 1497 4272 Μὴ
1532 4203 1796 4274 πρότερον

255 4287 335 4344 οὖν
364 4294 629 4364 παύσησθε
660 4291 866 4363 ταύτην
911 4292 1286 4366 διεγείροντες,
1333 4294 1428 4348 καὶ
1469 4292 1569 4365 τὴν
1616 4295 1796 4365 πυράν

256 4387 409 4456 αὐτῆς
453 4388 794 4454 ἐξάπτοντες,
838 4387 945 4451 ἕως
985 4386 1051 4440 ἂν
1103 4389 1133 4441 6
1179 4388 1412 4458 νυμφίος
1455 4387 1600 4459 ἔχειν
1628 4389 1795 4461 αὐτὴν

1903 4406 2026 4459 ηοω
2076 4405 2106 4444 a
2156 4389 2321 4444 beato
2368 4387 2537 4441 Paulo
2569 4382 2910 4444 Corinthiis,
2942 4387 2996 4435 et
3022 4392 3120 4446 per
3149 4365 3474 4461 Corinthios

259 4478 368 4548 εἴπῃ
406 4479 461 4532 τὸ
503 4481 717 4550 μέτρον.
752 4479 976 4542 Τούτοις
1004 4478 1147 4534 ἔοικε
1175 4457 1375 4533 τάὐπὸ
1404 4457 1795 4552 τοῦήμακαρίου

1902 4457 2066 4538 nobis
2095 4478 2356 4534 omnibus
2389 4476 2600 4544 scripta
2651 4481 2822 4529 sunt:
2863 4489 2880 4521 ι
2919 4467 3191 4538 Vigilate,
3240 4469 3384 4516 state
3416 4457 3474 4511 in

260 4569 446 4623 Παύλου
489 4571 795 4642 Κορινθίοις
839 4572 1160 4641 γραφέντα,
1218 4572 1311 4625 καὶ
1359 4571 1451 4625 διὰ
1496 4572 1795 4644 Κορινθίων

1901 4573 2030 4635 ﬁde,
2059 4570 2298 4626 viriliter
2333 4569 2498 4638 agite,
2525 4573 2580 4620 et
2611 4558 3006 4619 confortemini
3040 4554 3264 4644 ziomnia
3291 4557 3474 4644 vestra

259 4663 402 4715 πᾶσιν
425 4665 549 4734 ἡμῖν
571 4637 588 4696 λ
628 4683 648 4716 ‹
673 4637 1024 4734 Γρηγορεῖτε,
1044 4666 1273 4733 στήκετε
1299 4667 1356 4719 ὲν
1381 4668 1447 4738 τῇ
1474 4637 1674 4729 πίστει,
1704 4667 1795 4720 ἀν-

1899 4665 1957 4718 in
1993 4660 2265 4716 cbaritate
2308 4637 2444 4711 fiant
2477 4665 2523 4710 ι.
2564 4672 2582 4705 ι
2621 4654 2802 4721 Atque
2833 4651 2886 4703 in
2913 4647 3020 4702 ﬁne
3049 4642 3326 4715 Epistola,
3361 4657 3379 4691 ι
3412 4637 3474 4693 Si

256 4751 508 4820 ὁρίζεσθε,
558 4753 967 4827 κραταιοῦσθε·
1035 4755 1214 4808 πάντα
1274 4736 1444 4826 ὑμῶν
1494 4756 1552 4809 ἐν
1607 4756 1795 4827 ἀγάπῃ

1900 4754 2026 4825 quis
2058 4766 2172 4806 non
2205 4755 2373 4813 amat,
2416 4747 2619 4817 inquit,
2651 4742 2946 4800 Dominum
2977 4738 3191 4798 Jesum.
3227 4736 3299 4791 sit
3337 4746 3473 4788 ana-
3503 4788 3514 4804 η

258 4844 482 4908 γινέσθω.
515 4865 533 4898 ι
570 4847 679 4900 Καὶ
707 4847 764 4898 ἐν
783 4844 862 4916 τῷ
885 4845 1026 4898 τέλει
1050 4845 1107 4898 δὲ
1127 4846 1226 4916 τῆς
1259 4845 1577 4915 Ἐπιστολῆς
1599 4863 1762 4916 φησιν
1782 4862 1795 4876 °

1901 4847 2081 4900 thema
2124 4843 2174 4895 ι.
2215 4859 2233 4892 ι
2282 4840 2361 4894 Ita
2396 4839 2501 4910 61
2556 4846 2780 4899 amant,
2833 4833 2927 4903 qui
2981 4832 3240 4887 ardenter
3287 4831 3476 4881 amant

265 4952 280 4982 ι
301 4934 360 4987 Εἴ
373 4954 447 5000 τις
470 4937 527 4990 οὐ
551 4939 695 5006 φιλεῖ
717 4937 810 4990 τὸν
840 4937 1045 5008 Κύριον
1079 4936 1305 5008 Ἰησοῦν,
1333 4938 1446 5007 ήτω
1477 4938 1748 5008 ἀνάθεμα.
1775 4956 1792 4989 ι

1906 4937 2103 4994 salutis
2136 4941 2441 4995 auctorem,
2472 4941 2528 4986 ut
2556 4930 2808 4986 nolentes
2839 4941 3028 4982 amare
3062 4939 3186 4980 eum
3211 4929 3473 4990 tanquam

263 5026 422 5092 Οὕτως
439 5031 717 5099 ἀγαπῶσιν
737 5032 787 5083 οἱ
811 5029 1030 5102 θερμῶς
1052 5029 1371 5096 ἀγαπῶντες
1390 5029 1481 5082 τὸν
1501 5031 1795 5096 σεσωκότα,

1908 5026 2126 5097 putrida
2156 5039 2221 5079 ac
2252 5022 2443 5078 faetida
2471 5034 2705 5089 corpora
2736 5018 3103 5073 detestentur.
3128 5010 3269 5064 Idem
3303 5007 3472 5063 etiam

263 5115 326 5178 ὡς
349 5121 460 5185 τούς
487 5097 702 5193 ἀγαπᾷν
727 5097 895 5177 αὐτὸν
919 5097 1022 5175 οὐκ
1050 5121 1330 5185 ἐθέλοντας
1356 5122 1432 5184 ὠς
1452 5122 1682 5175 ὀδωδότα
1705 5123 1795 5175 καὶ

1907 5118 2101 5172 beatus
2124 5114 2290 5169 David
2337 5112 2612 5184 signiﬁcat
2638 5128 2652 5165 :
2695 5127 2712 5161 ι
2738 5108 2951 5170 Nonne,
2989 5103 3266 5174 inquiens,
3289 5097 3478 5153 odien-

267 5212 504 5280 σεσηπότα
535 5212 914 5284 βδελύττεσθαι
948 5211 1194 5284 σώματα.
1225 5211 1396 5265 Τοῦτο
1422 5213 1676 5285 σημαίνει
1710 5212 1795 5265 λέ-

1907 5219 1990 5264 tes
2029 5217 2105 5274 te,
2157 5205 2409 5272 Domine,
2443 5205 2692 5268 oderam,
2745 5212 2799 5258 et
2842 5216 3012 5272 super
3042 5195 3308 5254 inimicos
3347 5201 3474 5248 tuos

327 5408 350 5446 ‘
383 5407 539 5464 Galat.
581 5426 651 5479 tv,
693 5411 787 5467 26.
869 5410 898 5450 δ
925 5409 1116 5464 Matth.
1158 5427 1280 5477 xui,
1313 5412 1400 5468 58.
1484 5415 1498 5454 ί
1536 5413 1682 5469 Psal.
1722 5430 1880 5477 Lxxv,
1913 5412 1966 5469 6.
2046 5411 2059 5461 i
2096 5412 2115 5466 1
2149 5412 2273 5466 (lor.
2319 5425 2430 5475 xvr,
2461 5409 2547 5473 i3,
2583 5408 2667 5462 M.
2748 5405 2774 5445 ¹ι
2808 5404 2943 5461 Ibid.
2976 5403 3070 5459 2-2.

1522 5616 1752 5672 VARI/{‘3
1780 5615 2184 5672 LECTIONES.

327 5817 787 5893 ⁶²έως-ἀγόπῃν.
841 5817 964 5874 dcs.
998 5819 1052 5873 in
1083 5817 1201 5874 cod.
1300 5815 1345 5848 "
1393 5815 1500 5869 καί.
1546 5816 1696 5873 abest
1731 5834 1756 5869 a
1798 5816 1917 5872 cod.
1999 5818 2039 5848 εδ
2074 5815 2234 5883 ὑμᾶς.
2293 5810 2474 5867 Editio
2511 5811 2658 5879 prior
2689 5809 2920 5865 habebat
2961 5807 3122 5878 ἡμᾶς.

225 5909 363 5950 ἵε,
