3940 6200
370 318 444 382 95
542 298 547 304 ’
1360 321 1841 381 THEODORETI
1874 320 2212 382 EPISCOPI
2241 320 2604 383 CYRENSIS
3551 319 3631 382 ss

373 429 769 486 tabescebant?
822 429 1072 486 Perfecto
1107 429 1233 486 odio
1263 429 1486 484 oderam
1523 430 1682 495 illos,
1733 441 1789 486 et
1832 431 1933 484 iui-

2067 445 2153 481 ’ων
2184 431 2277 484 καὶ
2309 431 2336 483 6
2374 432 2642 501 μακάριος
2686 427 2847 481 Aetii-I6
2876 441 2886 455 '
2947 445 2964 478 ι
2994 425 3128 497 Οὐχὶ
3167 427 3296 492 τοὺς
3327 414 3623 498 μισοῦντάς

376 524 504 578 mici
547 523 678 577 facti
728 532 857 577 sunt
906 523 1040 577 milii
1088 521 1128 576 ι.
1172 540 1191 573 ι
1230 521 1295 574 At
1338 521 1406 575 de
1454 520 1561 575 illis
1619 521 1713 591 qui
1760 523 1940 593 ipsum

378 617 622 684 diligunt
654 633 668 668 :
711 633 730 666 ι
777 615 934 685 Apud
964 629 1070 677 me,
1096 613 1294 682 inquit,
1329 613 1491 667 valde
1522 612 1779 668 honorati
1813 623 1943 670 sunt

381 710 547 763 amici
585 709 686 772 tui,
718 723 751 762 0
782 706 947 770 Deus,
983 705 1141 759 valde
1175 703 1475 759 confortati
1505 715 1638 760 sunt
1667 707 1948 778 principa-

381 809 471 852 tus
495 812 684 853 eorum
710 806 771 853 ".
808 816 827 848 ι
865 799 1042 864 Atque
1065 796 1167 848 hac
1196 794 1414 865 quidem
1433 789 1690 853 'ratione
1739 799 1949 854 amicos

380 888 450 942 ab
479 889 676 943 amicis
711 890 974 941 amandos
1008 902 1137 942 esse
1174 888 1352 943 sancti
1411 888 1512 942 viri
1568 889 1889 945 didicerunt
1919 904 1949 944 a

380 992 568 1031 rerum
623 976 869 1032 omnium
904 975 1038 1041 Deo,
1090 978 1188 1047 qui
1236 977 1447 1047 primus
1496 976 1731 1034 Abrahae
1765 979 1947 1036 dixit:

387 1088 405 1118 ι
452 1068 772 1122 Benedicam
827 1069 1292 1125 benedicentihus
1327 1070 1464 1133 tibi,
1514 1081 1570 1126 et
1620 1071 1946 1127 maledicam

381 1157 839 1215 maledicentibus
874 1161 970 1216 tibi
1002 1170 1052 1215 ιι.
1092 1180 1111 1213 t
1144 1160 1334 1217 lsraeli
1361 1178 1582 1231 quoque
1608 1164 1770 1218 dicit:
1795 1184 1812 1215 ι
1839 1163 1955 1219 lni-

2048 538 2128 585 σε,
2166 522 2357 592 Κύριε,
2389 522 2647 593 ἐμίσησα,
2683 520 2776 573 καὶ
2805 517 2898 572 ἐπὶ
2925 518 3049 583 τοὺς
3075 518 3302 591 ἐχθρούς
3328 537 3423 573 σου
3449 521 3628 590 ἐξετη-

2047 613 2258 683 κόμηνς
2316 612 2532 666 Τέλειον
2564 616 2719 682 μῖσος
2764 613 2987 682 ἐμίσουν
3027 614 3244 679 αὐτοὺς,
3287 614 3365 676 είς
3396 613 3627 683 ἐχθροὺς

2048 704 2295 772 ἐγένοντό
2324 721 2432 773 μοι.
2465 722 2483 753 t
2528 704 2661 774 Περὶ
2691 704 2747 756 δὲ
2776 704 2884 758 τῶν
2916 703 3211 775 φιλούντων
3237 705 3399 760 αὐτόν
3425 721 3592 773 φησιν
3611 720 3626 735 ’

2055 813 2072 845 ι
2097 794 2251 864 Ἐμοὶ
2273 793 2329 847 δὲ
2359 794 2478 846 λίαν
2514 778 2849 865 ἐτιμήθησαν
2879 797 2927 848 οἰ
2952 793 3094 864 φίλοι
3127 812 3242 862 σου,
3267 796 3295 847 6
3323 793 3475 858 Θεὸς,
3510 793 3632 847 λίαν

2050 883 2496 956 ὲκραταιώθησαν
2535 887 2589 939 αἰ
2633 887 2798 956 ἀρχαὶ
2832 885 3031 940 αὐτῶν.
3078 905 3097 937 ι
3148 885 3305 939 Οὖτω
3351 883 3408 938 δὲ
3454 883 3634 954 φιλεῖν

2050 975 2175 1038 τοὺς
2201 974 2489 1044 φιλοῦντας
2529 976 2654 1040 τοὺς
2698 976 2883 1044 φίλους
2915 977 2964 1029 οί
2998 976 3259 1048 μακάριοι
3299 976 3488 1048 ἄνδρες
3526 974 3634 1029 ὑπὸ

2050 1065 2145 1118 τοῦ
2175 1063 2310 1118 Θεοῦ
2339 1065 2446 1118 τῶν
2473 1065 2610 1119 ὅλων
2648 1064 3020 1136 ἐδιδάχθησαν.
3066 1065 3240 1127 Αὐτὸς
3271 1064 3381 1136 γὰρ
3414 1064 3635 1135 πρῶτος

2053 1157 2158 1227 ἔφη
2185 1156 2263 1229 τῷ
2299 1158 2551 1228 Ἀϐραάμ
2574 1175 2587 1190 ο
2637 1176 2655 1209 ι
2681 1157 2977 1228 Εὑλογήσω
3003 1160 3129 1224 τοὺς
3155 1157 3512 1227 εὖλογοῦντάς
3548 1174 3631 1223 σε,

381 1248 564 1304 micus
590 1265 686 1305 ero
717 1250 960 1306 inimicis
994 1253 1125 1317 tuis,
1159 1261 1214 1307 et
1241 1252 1582 1309 adversabor
1613 1255 1953 1312 adversariis

2067 1251 2146 1305 καὶ
2174 1252 2301 1315 τοὺς
2328 1252 2748 1322 καταρωμένους
2778 1269 2837 1305 σε
2872 1253 3271 1325 καταράσομαι.
3310 1273 3329 1305 ι
3380 1253 3544 1320 Λέγει
3573 1251 3635 1305 δὲ

382 1339 493 1394 tuis
526 1346 573 1395 ο.
613 1359 632 1391 ι
675 1340 753 1396 Ex
796 1343 890 1398 bis
935 1344 1073 1399 locis
1104 1343 1294 1398 didicit
1336 1342 1505 1397 David
1540 1345 1632 1399 illa
1662 1345 1871 1409 dicere,
1902 1357 1955 1401 et

2067 1343 2149 1396 καὶ
2174 1342 2251 1413 τῷ
2291 1343 2507 1414 Ἰσραήλ
2533 1361 2544 1372 ·
2584 1363 2601 1395 ι
2634 1343 2944 1415 Ἐχθρεύσω
2971 1346 3097 1408 τοὺς
3126 1344 3350 1416 ἐχθρούς
3388 1361 3502 1406 σου,
3539 1343 3638 1397 καὶ

382 1430 585 1487 beatus
618 1431 845 1500 Paulus,
871 1451 967 1491 eos
995 1437 1092 1505 qui
1123 1451 1232 1490 non
1276 1443 1463 1490 amant
1488 1423 1800 1501 Dominum,
1829 1452 1955 1491 ana-

2067 1435 2430 1506 Ξιντικεὶσομαι
2457 1437 2569 1498 τοῖς
2594 1435 2987 1506 ἀντικειμένοις
3014 1453 3117 1491 σοι.
3150 1455 3167 1486 ι
3218 1434 3496 1489 Ἐντεῦθεν
3525 1436 3638 1488 ἐδι-

386 1522 634 1579 themate
649 1525 941 1581 detestari.
961 1526 1311 1597 Quapropter
1337 1535 1391 1581 ct
1419 1543 1624 1597 sponsa
1658 1528 1800 1583 ﬁlias
1828 1529 1955 1586 Hie-

2067 1524 2225 1595 Ξάχθη
2250 1524 2343 1578 καὶ
2362 1525 2390 1576 6
2413 1523 2576 1578 Aa6i6
2596 1526 2776 1579 ἐκεῖνα
2796 1528 2989 1590 εἰπεῖν,
3020 1526 3111 1579 καὶ
3137 1527 3164 1579 ὁ
3187 1526 3456 1597 μακάριος
3483 1526 3642 1580 Παῦο

385 1612 680 1681 rosolytnte
728 1603 1041 1669 obtestatur
1092 1626 1153 1670 ut
1224 1630 1354 1686 erga
1412 1631 1709 1686 sponsum,
1773 1618 1956 1688 quoad

2067 1617 2148 1679 λος
2169 1615 2420 1687 ἀνάθεμα
2443 1617 2665 1688 ποιῆσαι
2706 1619 2832 1681 τοὺς
2862 1618 2935 1688 μὴ
2964 1616 3254 1688 φιλοῦντας
3281 1619 3373 1672 τὸν
3406 1618 3633 1689 ιίιύριον⁸

388 1702 493 1772 ipsi
525 1703 782 1771 libuerit,
811 1707 1084 1763 suscitent
1132 1716 1297 1778 atque
1336 1710 1674 1764 exsuscitent
1706 1710 1956 1765 Charita-

2067 1707 2146 1762 5ιά
2220 1706 2380 1761 τοῦτο
2439 1711 2532 1763 καὶ
2582 1711 2615 1781 ἡ
2672 1710 2857 1780 νύμφη
2926 1710 3134 1781 ὁρκίζει
3178 1710 3278 1775 τὰς
3330 1710 3641 1781 θυγατέρας

387 1800 521 1847 tem.
556 1793 691 1848 Dum
724 1795 839 1852 haec
858 1812 981 1851 cum
1018 1798 1449 1854 adolescentulis
1483 1815 1684 1870 sponsa
1707 1802 1956 1867 disserit,

2074 1799 2446 1871 Ἰερουσαλὴμ,
2464 1769 2673 1870 ἐγεῖραι
2700 1769 2807 1854 καὶ.
2824 1769 3093 1872 ἐξεγεῖραι
3113 1802 3211 1872 τὴν
3240 1769 3367 1873 περὶ
3386 1769 3475 1855 τὸν
3501 1769 3642 1872 νυμλ

386 1898 594 1954 easque
626 1886 691 1940 ad
725 1887 1052 1943 charitatcm
1104 1891 1342 1946 similem
1390 1891 1750 1962 cohortatur,
1793 1910 1959 1965 spon-

2067 1891 2183 1960 φίον
2214 1891 2453 1962 ἀγάπην,
2503 1892 2609 1956 ἕως
2640 1894 2705 1947 ἂν
2734 1893 2896 1956 αὐτὸς
2938 1894 3252 1966 ἐθελήσῃ⁶⁶.
3302 1893 3485 1947 Ταῦτα
3516 1897 3642 1959 ταῖς

395 1990 520 2029 sum
555 1978 728 2035 sentit
759 1982 1179 2046 adventantem,
1219 1991 1271 2036 et
1302 1982 1377 2037 ait
1406 2001 1421 2036 :

2067 1984 2263 2036 νεάνισι
2282 1983 2661 2053 διαλεγομένη,
2683 1983 2776 2036 καὶ
2796 1984 2875 2046 εἰς
2898 1984 2995 2052 τὴν
3015 1983 3207 2054 ὁμοίαν
3230 1984 3396 2047 αὐτὰς
3418 1984 3644 2054 ἀγάπην

1697 2196 1710 2225 ι

467 2249 640 2306 Vsus.
674 2251 726 2306 8.
777 2251 890 2307 Vox
918 2256 1122 2323 nepotis
1168 2257 1290 2310 moi.
1347 2255 1569 2314 Sanctis
1616 2259 1761 2315 enim
1810 2260 1961 2316 illius

395 2341 750 2399 sermonibus
818 2345 1167 2411 assuefacta,
1238 2361 1428 2403 vocem
1501 2350 1621 2418 ejus
1683 2352 1961 2421 agnoscit.

395 2431 868 2495 Quemadmodum
913 2442 969 2489 et
1010 2434 1274 2491 Dominus
1296 2439 1351 2491 in
1384 2439 1562 2494 sacris
1596 2438 1912 2510 Evangeliis
1946 2462 1958 2498 :

402 2540 420 2573 ι
460 2521 606 2580 Oves
648 2538 817 2589 mea).
868 2526 1084 2596 inquit,
1122 2542 1312 2583 vocem
1361 2543 1535 2584 meam
1583 2530 1817 2585 audiunt
1848 2543 1894 2587 Ρ.
1939 2552 1957 2585 ι

396 2612 650 2669 Alienum
682 2622 863 2671 autem
892 2633 1002 2673 non
1025 2627 1352 2689 sequentur,
1378 2621 1504 2691 quia
1546 2637 1655 2677 non
1685 2632 1963 2679 noverunt

396 2720 585 2762 vocem
638 2707 943 2763 alienorum
975 2720 1023 2764 (ι.
1063 2729 1082 2763 ι
1135 2710 1296 2766 Novit
1338 2728 1472 2782 ergo
1521 2729 1724 2783 sponsa
1772 2730 1963 2772 vocem

396 2797 631 2866 sponsi:
663 2800 816 2855 novit
868 2800 999 2870 quid
1048 2801 1193 2858 inter
1238 2801 1556 2858 adulterum
1593 2812 1649 2858 et
1699 2822 1963 2877 sponsum

400 2887 663 2946 intersit:
707 2897 875 2961 atque
926 2892 1301 2947 adulterorum
1341 2893 1450 2964 62
1494 2896 1745 2964 quidem,
1790 2906 1846 2953 et
1880 2898 1968 2952 lu-

396 2994 632 3047 porum,
689 2992 746 3037 ct
812 2984 1285 3039 mercenariorum
1371 2999 1561 3040 vocem
1638 2998 1963 3056 aversatur,

2062 2073 2501 2145 προτρεπομένη,
2536 2075 2594 2127 ἐν
2627 2072 2875 2144 αἰσθήσει
2902 2073 3110 2141 γίνεται
3143 2072 3239 2142 τῆς
3272 2070 3366 2125 τοῦ
3400 2072 3643 2142 νυμφίου

2063 2165 2382 2235 παρουσίας,
2417 2164 2512 2218 καί
2543 2182 2674 2236 φησι
2701 2181 2719 2195 ν

2132 2262 2200 2327 η’.
2219 2256 2391 2324 Φωνὴ
2420 2256 2528 2310 τοῦ
2555 2255 2881 2325 ἀδελφιδοῦ
2897 2272 3036 2325 μου.
3056 2254 3213 2317 Ἐθάς
3239 2255 3347 2326 γὰρ
3370 2254 3646 2325 γενομένη

2063 2344 2171 2398 τῶν
2206 2345 2366 2416 ἱερῶν
2388 2345 2551 2399 αὑτοῦ
2582 2345 2774 2414 λόγων,
2806 2345 3161 2414 ἐπιγινώσκει
3188 2345 3354 2399 αὑτοῦ
3384 2346 3483 2415 τὴν
3528 2362 3646 2413 φω-

2063 2437 2195 2507 νήνο
2239 2437 2316 2500 ὡς
2342 2437 2438 2490 καὶ
2485 2439 2513 2490 6
2562 2436 2763 2506 Κύριος
2810 2440 2868 2491 ἐν
2920 2439 3032 2501 τοῖς
3075 2439 3236 2507 ἱεροῖς
3285 2436 3646 2505 Εὐαγγελίοις

2066 2528 2233 2598 φησί’
2274 2548 2293 2579 ι
2332 2529 2412 2581 Τὰ
2438 2528 2684 2600 πρόϐατα
2712 2528 2780 2580 τά
2802 2529 2908 2599 ὲμά
2936 2530 3033 2599 τῆς
3056 2529 3241 2597 φωνῆς
3264 2546 3363 2598 μου
3392 2528 3639 2586 ἀκούει.»

2077 2618 2368 2690 Ἀλλοτρίῳ
2410 2619 2467 2671 δὲ
2507 2618 2580 2690 μὴ
2604 2621 2647 2652 ⁵⁷
2695 2619 3169 2688 ἀκολουθήσουσιν,
3216 2620 3296 2672 ὅτι
3334 2619 3431 2673 οὐκ
3466 2618 3645 2673 οἴδασι

2064 2710 2171 2765 τῶν
2194 2710 2489 2782 ἀλλοτρίων
2505 2710 2603 2782 τὴν
2629 2712 2833 2781 φωνήν.
2864 2709 2984 2765 Οἵδε
3005 2713 3050 2743 ⁵⁸
3070 2710 3359 2782 τοιγαροῦν
3387 2712 3419 2781 ἡ
3450 2710 3645 2782 νύμφη

2064 2800 2163 2870 τὴν
2214 2798 2307 2853 τοῦ
2362 2799 2596 2871 νυμφίου
2657 2801 2841 2871 φωνήν
2875 2816 2888 2830 ο
2944 2796 3054 2854 οἶδε
3121 2798 3385 2871 διαφορὰν
3450 2799 3646 2871 μοιχοῦ

2066 2890 2159 2944 καὶ
2210 2892 2468 2960 νυμφίου.
2517 2892 2627 2943 Καὶ
2681 2890 2790 2943 τῶν
2847 2891 2944 2961 μὲν
2995 2890 3216 2961 μοιχῶν,
3284 2890 3378 2943 καὶ
3437 2888 3646 2949 λύκων.

2068 2982 2162 3035 καὶ
2196 2980 2482 3053 μισθωτῶν
2522 2981 2864 3052 βδελύττεται
2895 2980 2993 3045 τάς
3027 2981 3210 3051 φωνάς
3230 2997 3244 3009 '
3291 2980 3384 3033 τοῦ
3416 2979 3473 3032 δὲ
3501 2996 3649 3049 νυμ-

397 3070 587 3139 sponsi
634 3080 818 3128 autem
855 3081 913 3129 et
963 3076 1204 3145 pastoris
1238 3091 1524 3134 sermones
1557 3087 1727 3134 amat.
1779 3081 1959 3151 Itaque

2070 3073 2192 3142 φίου
2222 3073 2315 3126 καὶ
2341 3072 2596 3143 ποιμένος
2618 3075 2743 3136 τοὺς
2771 3073 2960 3141 λόγους
2993 3071 3168 3127 ποθεῖ.
3201 3070 3401 3142 Διόπερ
3440 3071 3651 3124 αὐτίκα.

399 3163 561 3216 simul
595 3179 660 3217 ac
699 3164 992 3221 adventum
1011 3168 1134 3238 ejus
1161 3169 1471 3239 praesensit,
1502 3171 1772 3237 clamans,
1805 3190 1824 3225 ι
1844 3173 1959 3229 Vox

2068 3165 2126 3217 ὲν
2169 3164 2420 3235 αἰσθήσει
2449 3166 2859 3237 γενομένηντῆς
2904 3164 3113 3219 ἐκείνου
3167 3162 3469 3235 παρουσίας
3504 3161 3608 3233 βοᾷ
3634 3180 3649 3193 ·

401 3252 605 3321 inquit.
635 3255 852 3323 nepotis
879 3258 1005 3313 mei.
1046 3278 1066 3310 ι
1111 3258 1176 3314 Ει
1199 3259 1440 3330 quietem
1468 3262 1671 3329 nullam
1705 3264 1810 3319 sibi
1838 3280 1966 3334 per-

403 3343 633 3400 mittens
663 3348 931 3419 exsurgit,
962 3357 1128 3421 atque
1167 3351 1444 3417 observat,
1476 3359 1531 3407 et
1562 3354 1964 3427 circumspicit,

401 3441 568 3504 atque
604 3436 780 3506 ipsum
816 3440 1097 3510 aspiciens
1128 3442 1330 3497 clamat
1364 3461 1381 3496 :

474 3523 607 3581 Ecce
634 3529 719 3582 hic
754 3532 911 3595 venit,
931 3534 1130 3587 saliens
1153 3548 1314 3601 super
1346 3534 1637 3601 montibus,
1656 3535 1966 3591 transiliens

401 3613 582 3669 colles.
618 3614 804 3688 (Vens.
831 3619 913 3691 9.)
941 3620 1152 3676 Similis
1186 3632 1264 3677 est
1295 3638 1453 3692 nepos
1479 3640 1625 3679 meus
1657 3640 1884 3693 capreaz,
1916 3638 1967 3681 et

401 3707 621 3761 Izinuulo
652 3725 922 3764 cervorum
963 3712 1020 3767 in
1055 3713 1319 3767 montibus
1361 3713 1567 3769 Bethel.
1603 3712 1797 3785 Operae
1839 3733 1966 3788 pre-

400 3797 541 3852 tium
587 3809 671 3855 est
711 3818 961 3871 quaerere
1014 3820 1116 3859 cur
1158 3820 1283 3859 eum
1335 3820 1549 3875 caprea:
1621 3807 1970 3881 ltinnuloque

401 3905 689 3947 cervorum
738 3895 976 3950 similem
1021 3890 1216 3951 dicat:
1258 3905 1313 3952 et
1344 3898 1569 3967 quinam
1608 3899 1720 3954 sint
1751 3915 1967 3960 montes

401 3977 613 4045 Betltel,
644 3984 774 4053 quid
810 3984 997 4045 salire.
1024 3984 1157 4054 quid
1183 3986 1465 4041 transilire
1500 3987 1795 4058 signiticet,
1835 3993 1965 4059 quid

401 4072 573 4127 colles
602 4081 659 4128 et
684 4081 921 4140 montes,
942 4075 997 4128 in
1028 4074 1233 4143 quibus
1255 4075 1370 4130 haec
1391 4086 1678 4149 geruntur.
1696 4080 1965 4153 Capream

400 4179 468 4216 ex
499 4165 720 4220 videndi
759 4165 1016 4220 acumine
1053 4165 1312 4224 dorcadis
1348 4169 1571 4225 nomine
1603 4179 1853 4228 vocatam
1886 4173 1968 4231 fe~

402 4244 764 4319 runtfcernit
783 4259 926 4311 enim
942 4272 1106 4326 quam
1132 4259 1473 4315 acutissime.
1504 4262 1678 4317 Aiunt
1702 4275 1756 4319 et
1772 4279 1969 4322 cervos

402 4345 641 4401 ferarum
674 4345 1013 4415 serpentium
1058 4349 1298 4403 naturali
1328 4350 1571 4421 quodam
1604 4353 1734 4409 odio
1766 4356 1964 4422 teneri,

2074 3274 2092 3307 ι
2141 3257 2297 3329 Φωνὴ
2354 3257 2450 3311 τοῦ
2502 3256 2783 3327 ἀδελφιδοῦ
2829 3275 2959 3329 μουο
3017 3276 3036 3308 ι
3101 3258 3194 3310 καὶ
3248 3256 3348 3309 οὐκ
3392 3255 3652 3324 ἀνέχεται

2068 3349 2342 3420 καθῆσθαι
2367 3351 2434 3414 ⁸³,
2460 3351 2575 3404 ἀλλ’
2598 3351 2898 3411 ἀνίσταται,
2918 3352 3012 3404 καὶ
3037 3350 3351 3422 καραδοκεί,
3369 3348 3461 3402 καὶ
3482 3365 3614 3420 περι
3629 3378 3649 3388 -

2070 3437 2284 3499 σκοπεῖ,
2315 3438 2409 3489 καὶ
2430 3436 2615 3508 ὁρῶσα
2647 3438 2810 3492 αὑτὸν
2844 3438 2967 3510 βοᾷ·

2149 3528 2305 3583 Ἰδοὺ
2339 3524 2518 3596 οὗτος
2574 3528 2705 3597 ἣκει
2751 3530 2958 3598 πηδῶν
2975 3529 3072 3583 ἐπὶ
3111 3530 3183 3585 τὰ
3221 3530 3346 3598 ὄρη,
3396 3527 3650 3584 διαλλά-

2062 3635 2246 3689 μενος
2267 3619 2366 3673 ἐπὶ
2393 3619 2536 3685 τοὺς
2554 3619 2843 3687 βουνούς.
2874 3621 3191 3690 θ’.”ομοιός
3214 3620 3386 3675 ἐστιν
3411 3623 3443 3674 ό
3462 3619 3647 3674 ἀδελ-

2068 3709 2281 3781 φιδοῦς
2305 3726 2426 3778 μου
2448 3709 2523 3778 τῇ
2540 3709 2787 3779 δορκάδι
2817 3711 2916 3764 καὶ
2932 3712 2979 3744 ⁷⁸
3005 3712 3192 3779 νεϐρῷ
3214 3710 3457 3779 ἐλάφων
3480 3709 3581 3764 ἐπὶ
3597 3711 3647 3741 τι

2069 3802 2142 3856 τὰ
2160 3800 2266 3870 ὄρη
2295 3800 2544 3870 Βαιθήλ.
2591 3802 2775 3865 ’Ἄξιον
2811 3802 2869 3854 δὲ
2895 3800 3148 3872 ζητῆσαι,
3184 3802 3236 3853 τί
3260 3799 3457 3871 δήποτε
3480 3800 3649 3853 αὑτὸν

2068 3893 2288 3965 δορκάδι
2335 3892 2429 3946 καὶ
2462 3890 2640 3965 νεϐρῷ
2686 3891 2902 3963 ἐλάφων
2935 3891 3246 3956 ἀπεικάζει,
3292 3892 3387 3945 καὶ
3418 3892 3539 3944 τίνα
3576 3891 3650 3945 τὰ

2069 3985 2170 4056 ὅρη
2206 3983 2427 4055 Βαιθὴλ,
2474 3984 2569 4038 καὶ
2620 3984 2742 4039 τίνα
2792 3983 2864 4037 τά
2914 3983 3234 4054 πηδήματα,
3283 3983 3376 4035 καὶ
3416 3981 3538 4035 τίνα
3573 3982 3647 4034 τά

2070 4075 2308 4148 ἅλματα,
2330 4075 2475 4139 τίνες
2507 4076 2564 4129 δὲ
2593 4076 2644 4129 οἰ
2670 4075 2847 4145 βουνοὶ
2875 4074 2969 4128 καὶ
2990 4073 3058 4127 τὰ
3089 4074 3213 4144 ὅρη,
3249 4074 3333 4141 ἐφ’
3363 4068 3446 4136 οἷς
3470 4071 3647 4125 ταῦτα

2069 4167 2448 4236 γίνεται.Φασὶ
2471 4167 2569 4238 τὴν
2602 4165 2834 4237 δορκάδα
2857 4163 3144 4234 ἐπώνυμον
3170 4159 3420 4232 εἶναιτῆς
3435 4162 3649 4226 οἰκείας

2069 4257 2404 4328 ὀξυδορκίας,
2436 4256 2530 4309 καὶ
2568 4254 2657 4309 διὰ
2683 4254 2745 4308 τὸ
2774 4253 2942 4320 ὀξέως
2966 4255 3098 4324 δρᾷν
3125 4253 3330 4321 ταύτην
3361 4251 3647 4322 εἰληφέναι

2069 4350 2167 4419 τὴν
2217 4346 2612 4420 προσηγορίαν.
2670 4345 2807 4398 Φασί
2856 4345 2913 4398 δὲ
2969 4347 3066 4399 καὶ
3109 4344 3208 4407 τὰς
3254 4344 3486 4411 ἐλάφους
3531 4344 3651 4397 τῶν

402 4435 540 4492 adeo
566 4446 625 4490 ut
653 4451 882 4506 angues,
941 4445 996 4494 et
1038 4440 1279 4510 viperas,
1315 4451 1368 4497 et
1391 4443 1527 4498 alias
1558 4443 1834 4513 ejusmodi
1872 4448 1959 4502 be-

2071 4441 2419 4513 ἐρπυστικῶν
2471 4439 2677 4509 θηρίων
2731 4438 3085 4509 ἀναιρετικάς
3134 4433 3310 4502 εἶναι,
3367 4435 3463 4489 καὶ
3513 4436 3652 4499 τοὺς

402 4526 538 4580 stias
564 4541 673 4580 non
707 4528 869 4584 aliter
893 4538 1062 4601 atque
1091 4532 1294 4588 herbas
1323 4534 1610 4600 devorent,
1644 4550 1768 4590 cum
1800 4553 1867 4593 ex
1901 4554 1959 4595 eo

2070 4536 2246 4604 ὄφεις,
2276 4532 2369 4586 καὶ
2395 4532 2519 4593 τοὺς
2550 4531 2713 4601 ἔχεις,
2744 4532 2840 4585 καὶ
2868 4530 2936 4584 τὰ
2966 4530 3100 4583 ἀλλα
3128 4529 3228 4582 ὅσα
3259 4525 3502 4593 τοιαῦτα,
3533 4528 3651 4600 πόᾳ

402 4613 526 4670 cibo
575 4617 727 4673 nullo
769 4619 1074 4678 adiciantur
1120 4623 1494 4680 incommodo.
1550 4624 1790 4684 Proinde
1839 4644 1959 4684 cum

2072 4623 2467 4697 παραπλησίως
2509 4622 2730 4688 ἐσθίειν,
2761 4620 2857 4675 καὶ
2907 4621 3179 4692 μηδεμίαν
3212 4619 3461 4674 ἐντεῦθεν
3499 4620 3649 4672 ἀπο-

403 4704 666 4764 Domiuus
712 4710 988 4777 Christus,
1034 4723 1307 4785 quatenus
1339 4716 1523 4781 homo,
1562 4719 1635 4772 sit
1693 4719 1790 4773 illa
1817 4720 1959 4791 virga

2072 4716 2329 4787 φέρεσθαι
2362 4715 2588 4786 βλάϐην.
2629 4714 2847 4785 Ἐπειδὴ
2866 4713 3044 4766 τοίνυν
3064 4715 3091 4764 6
3108 4712 3384 4781 Δεσπότης
3411 4711 3653 4780 Χριστὸς

403 4814 525 4868 quae
556 4817 782 4870 egressa
830 4813 917 4858 est
960 4805 1026 4860 de
1051 4807 1238 4863 radice
1272 4806 1450 4875 Jesse,
1481 4824 1652 4880 super
1689 4826 1851 4880 quem
1883 4828 1959 4867 rc-

2076 4809 2268 4879 ῥάϐδος
2295 4809 2414 4861 ἐστὶ
2442 4807 2582 4862 κατά
2616 4807 2678 4860 τὸ
2709 4804 3045 4875 ἀνθρώπινον
3076 4801 3365 4867 ἐξελθοῦσα
3399 4802 3461 4853 ὲκ
3489 4799 3654 4871 ῥίζης

401 4892 611 4961 quievit
643 4893 883 4963 Spiritus
910 4896 1030 4960 Dei,
1063 4897 1307 4967 Spiritus
1350 4901 1635 4970 sapientia:
1663 4911 1719 4959 et
1747 4903 1959 4960 intelle-

2086 4900 2317 4963 Ἰεσσαὶ,
2367 4899 2463 4953 καὶ
2504 4897 2921 4952 ἑπανεπαύσατο
2951 4898 3039 4950 ἐπ’
3068 4897 3231 4949 αὐτὸν
3276 4893 3498 4963 Πνεῦμα
3548 4893 3652 4946 τοῦ

404 4991 550 5051 ctus,
604 4985 847 5057 Spiritus
899 4989 1124 5044 consilii
1176 4997 1230 5044 et
1298 4988 1959 5065 fortitudinis,‘Spit-itus

2074 4990 2232 5053 Θεοῦ,
2254 4989 2469 5060 πνεῦμα
2504 4988 2693 5058 σοφίας
2742 4988 2835 5041 καὶ
2869 4988 3152 5051 συνέσεως,
3182 4986 3398 5056 πνεῦμα
3451 4982 3655 5053 βουλῆς

406 5079 650 5135 scientia:
676 5088 732 5136 et
773 5081 1019 5151 pietatis,
1049 5090 1104 5137 et
1129 5097 1290 5153 quem
1341 5085 1651 5153 repleturus
1679 5097 1800 5141 erat
1826 5087 1959 5156 Spi—

2077 5084 2173 5136 xai.
2214 5082 2415 5152 ἰσχύος,
2452 5080 2669 5151 πνεῦμα
2694 5078 2952 5148 γνώσεως
2982 5079 3078 5133 καὶ
3111 5078 3392 5142 εὐσεϐείας
3411 5117 3425 5142 ,
3477 5076 3576 5130 καὶ
3600 5077 3653 5109 ⁷⁸

481 5234 500 5276 1
534 5234 681 5293 Psal.
706 5251 970 5304 cxxxvm,
996 5236 1091 5307 2!,
1120 5235 1213 5292 9.2.
1293 5248 1328 5270 ἰι
1357 5240 1496 5298 Ibid.
1529 5244 1614 5300 Π.
1693 5251 1719 5280 ³
1749 5240 1885 5299 Gen.
1922 5259 1956 5298 ι

2067 5247 2104 5301 5.
2178 5252 2201 5276 ⁸
2240 5242 2417 5299 Exod.
2456 5256 2611 5310 χχιιι,
2647 5236 2737 5298 22.
2813 5250 2839 5289 p
2867 5238 3025 5293 Joan.
3067 5255 3120 5302 κ,
3156 5239 3248 5293 27.
3326 5247 3356 5289 ιι
3387 5234 3530 5291 lbra.
3574 5235 3635 5293 5.

1680 5417 1920 5474 νΑιιιΑ]
1946 5417 2353 5473 LECTIONES.

478 5509 523 5541 "
554 5505 805 5584 ἐθελήσῃ.
830 5508 885 5561 in
908 5509 1060 5584 A_cod.
1087 5511 1360 5584 sequitur,
1395 5513 1429 5579 ἡ
1453 5511 1770 5584 διδάσκαλος
1798 5511 1944 5584 ψυχὴ
1986 5510 2123 5580 πρὸς
2155 5505 2930 5584 ᾳτάς-μαθητευομᾴναςᾫηιῖί-
2962 5501 3085 5584 "33?
3133 5500 3335 5584 eieil)".
3373 5499 3650 5584 “PRSMO

408 5579 574 5652 trium
593 5568 838 5652 l’atrtti'u.
897 5580 939 5610 "
971 5579 1044 5648 μὴ
1076 5568 1227 5633 ἀκολ.
1261 5568 1395 5652 cod.
1416 5568 1479 5652 ὸο
1522 5583 1597 5651 μὴ
1623 5568 2195 5652 ἀκολουθήῖσωσινςλθδ
2221 5568 2345 5652 ,οἶδε
2378 5568 2443 5618 -ί
2485 5568 2692 5652 φωνήν.
2732 5568 2851 5629 des.
2874 5572 3115 5652 iit-coda
3157 5572 3201 5602 θ’
3238 5568 3358 5625 cod.
3388 5568 3643 5652 κξοίσαι.

408 5646 456 5677 ’⁸
483 5647 741 5719 καί-ξςυιι.
778 5640 983 5719 ἦ,(ιιιξυ
1016 5640 1102 5701 cst
1129 5664 1239 5702 rcc.
1281 5651 1438 5705 lectio
1473 5640 1535 5703 1ιῖ
1569 5640 1600 5705 Ιῖ
1697 5655 1734 5683 "
1764 5640 1925 5705 ὲττὶὶ-
1955 5649 2175 5719 Βαιθήλ.
2213 5648 2338 5707 Ιίιιξρ
2381 5640 2652 5707 dcsutttin
2685 5652 2833 5701 textu
2872 5644 3033 5699 llcbr.
3069 5649 3173 5698 ctc
3205 5654 3345 5695 vers.
3388 5640 3445 5695 l7
3474 5640 3647 5709 petita

409 5731 531 5770 esse
568 5717 836 5773 videntur.
914 5720 958 5750 ⁷⁸
996 5719 1107 5771 καί.
1144 5720 1293 5774 abest
1319 5737 1344 5773 tt
1375 5721 1497 5775 cod.
