3940 6200
236 341 291 404 97
1282 345 1362 402 IV
1386 345 1769 404 CANTICUM

1903 346 2089 405 NTIC.
2122 345 2262 404 LIB.
2298 346 2377 404 II.
3383 342 3457 405 93

236 446 433 516 πνεῦμα
485 446 651 516 φόϐου
697 445 837 499 6503
882 448 1145 517 ἐμπλήσει
1177 450 1356 513 αὑτὸν,
1390 450 1797 519 aquaam-31m

1903 452 2044 505 ritus
2076 453 2291 506 timoris
2330 450 2421 503 Dei
2458 460 2478 487 τ
2506 469 2520 516 ;
2553 466 2675 505 cum
2706 467 2931 523 sponsa,
2959 464 3184 527 propter
3206 459 3463 515 eximiam

237 541 460 609 ήνὺμφη
490 539 806 602 ἀπεικάζει,
834 539 924 591 διὰ
951 539 1009 591 τὸ
1038 539 1323 610 ὀξυδερκὲς
1346 542 1439 592 καὶ
1467 541 1792 610 διορατικόν.

238 629 312 680 καὶ
353 627 461 680 τῶν
508 628 815 698 μελλόντων
869 630 1295 700 προγνωστικόν.
1330 629 1525 699 Νεδρῷ
1554 630 1608 681 δὲ
1638 630 1797 682 πάλιν

235 718 372 771 αὐτὸν
404 718 627 788 ἐλάφων
677 718 917 772 ἐοικέναι
954 719 1137 791 φησιν,
1182 719 1257 780 ὡς
1306 721 1671 792 συντρίψαντα
1699 721 1797 785 τὰς

236 809 457 878 κεφαλὰς
490 811 601 863 τῶν
624 810 940 879 δρακόντων
969 811 1060 864 ἐπὶ
1084 810 1178 863 τοῦ
1204 809 1415 873 ὕδατος,
1448 814 1541 864 καὶ
1572 812 1798 866 συνθλά-

238 917 383 955 σαντα
428 901 532 964 τὰς
583 902 828 969 κεφαλάς
879 902 974 955 τοῦ
1024 903 1339 971 δράκοντος,
1394 904 1490 956 καὶ
1551 904 1797 974 μαχαίρᾳ

238 990 623 1061 παραπλησίως
668 991 793 1060 ὅφιν
832 993 926 1044 τὸν
961 992 1171 1045 σκολιὸν
1206 994 1303 1045 καὶ
1337 993 1595 1046 ἀνελόντα
1638 994 1729 1045 τὸν
1751 994 1796 1024 ⁷³

237 1082 486 1151 δράκοντα
513 1081 609 1134 τὸν
627 1085 684 1134 ἐν
706 1085 771 1153 τῇ
801 1082 1065 1152 θαλάσσῃο
1097 1084 1190 1137 καὶ
1217 1084 1488 1138 δεδωκότα
1520 1087 1632 1149 τοῖς
1665 1087 1795 1137 ἐαυ-

237 1172 313 1225 τοῦ
365 1173 643 1244 μαθηταῖς
693 1173 945 1236 ἐξουσίαν
994 1176 1183 1228 πατεῖν
1246 1176 1429 1229 ἐπάνω
1476 1176 1652 1245 ὄφεων
1703 1179 1798 1229 καὶ

240 1265 515 1336 σκορπίων,
551 1266 645 1317 καὶ
693 1266 786 1319 ἐπὶ
821 1269 1005 1320 πᾶσαν
1034 1266 1132 1338 τὴν
1173 1266 1400 1338 δύναμιν
1440 1267 1534 1320 τοῦ
1565 1267 1792 1339 ἐχθροῖν

240 1354 316 1408 καὶ
366 1355 647 1424 ἁμαρτίαν
704 1354 805 1423 μὲν
854 1354 930 1426 μὴ
979 1357 1300 1425 ποιήσαντα,
1348 1356 1557 1426 ἄραντα
1598 1356 1656 1408 δὲ
1699 1356 1795 1409 τοῦ

241 1446 425 1515 κόσμου
454 1448 556 1508 τὰς
583 1447 884 1517 ἁμαρτιας,
918 1446 1015 1500 καὶ
1045 1441 1157 1500 οἷόν
1185 1464 1337 1512 τινας
1372 1448 1526 1516 δφεις
1552 1447 1794 1502 καταδα-

240 1540 555 1607 πανήσαντα.
578 1537 690 1591 Νεϐ
698 1538 775 1608 ρῷ
789 1538 847 1590 δὲ
863 1538 1026 1592 αὐτὸν
1041 1539 1241 1608 ἐλάφου
1257 1539 1548 1604 ἀπεικάζει
1565 1558 1580 1574 ο
1608 1542 1705 1595 ἐπε
1713 1539 1796 1612 ιδὴ

239 1631 291 1683 οὐ
317 1630 470 1699 μόνον
496 1630 806 1701 ἄνθρωπος,
830 1630 969 1683 ἀλλὰ
1014 1632 1107 1685 καὶ
1136 1631 1263 1694 Υἱὸς
1290 1632 1579 1704 ἀνθρώπου
1622 1649 1796 1704 προσ-

242 1718 571 1788 αγορεύεται,
610 1719 702 1771 καὶ
732 1720 795 1771 οὐ
828 1719 990 1790 μόνον
1037 1720 1193 1788 λέων,
1244 1720 1381 1775 ἀλλὰ
1420 1722 1518 1775 καὶ
1551 1720 1795 1792 σκύμνος

244 1808 457 1872 iterm;-
514 1828 535 1860 ι
606 1807 922 1863 ’Δναπεσὼν
964 1812 1093 1883 γὰρ,
1148 1813 1331 1882 φησιν,
1395 1811 1664 1884 ἐκοιμήθη
1717 1813 1794 1876 ὡς
1828 1799 1870 1855 Β

246 1900 361 1954 λέων
383 1942 397 1963 ,
462 1902 554 1954 καὶ
615 1901 690 1964 ὡς
755 1901 1019 1973 σκύμνος.
1077 1922 1096 1954 ι
1148 1905 1310 1968 Εἰκὸς
1363 1904 1421 1958 δέ
1474 1904 1644 1976 αὐτὴν
1698 1907 1794 1959 καὶ

246 1994 574 2060 αἰνίττεσθαι,
601 1996 686 2048 ὃτι
726 1995 823 2048 καὶ
874 1996 955 2048 ἔτι
1002 1995 1257 2069 βραχεῖαν
1304 1996 1443 2067 ἔχων
1465 1996 1560 2069 τὴν
1610 2015 1795 2069 σωμα-

246 2084 381 2155 τικὴν
418 2084 647 2156 ἠλικίαν,
699 2085 945 2140 διαϐόλου
966 2088 1016 2120 ’³
1061 2089 1157 2160 τὴν
1204 2088 1436 2161 δύναμιν
1486 2085 1598 2145 οἶόν
1644 2109 1794 2155 τινας

247 2176 661 2249 κατεδαπάνησεν
688 2179 864 2249 ὄφεις,
899 2179 999 2232 καὶ
1021 2181 1149 2243 τοὺς
1172 2181 1400 2251 μάγους,
1431 2183 1527 2236 τοῦ
1547 2183 1791 2237 διαϐόλου

245 2274 356 2334 τοὺς
386 2272 681 2343 ὑποφήτας,
716 2273 881 2338 εὐθὺς
927 2274 1207 2344 γεννηθεὶς
1236 2274 1485 2329 εἵλκυσεν
1513 2278 1594 2340 εἰς
1621 2294 1792 2345 προσ-

244 2365 464 2437 κύησιν.
512 2368 669 2421 Κατὰ
689 2368 734 2399 ’⁸
766 2369 859 2421 τὸν
891 2368 1052 2438 νόμον
1102 2368 1159 2421 δὲ
1210 2369 1318 2423 τῶν
1373 2370 1629 2443 καθαρῶν
1678 2374 1793 2425 ἐστι

246 2459 403 2523 ζώων,
450 2461 540 2514 καὶ
581 2461 615 2530 ἡ
668 2460 889 2531 δορκὰς,
925 2461 1021 2514 καὶ
1068 2464 1102 2532 ἡ
1160 2461 1390 2531 ἔλαφος·
1432 2464 1794 2535 προτέτακται

244 2551 298 2604 δὲ
330 2552 566 2623 ἡδορκάς
597 2554 694 2624 τῆς
730 2553 953 2622 ἐλάφου,
996 2553 1071 2617 ὡς
1119 2553 1288 2607 τύπον
1345 2554 1544 2625 ἔχουσα
1582 2556 1669 2611 διὰ
1696 2557 1794 2627 τὴν

245 2642 531 2715 ὀξυδορκίαν
562 2646 661 2714 τῆς
692 2645 952 2709 πίστεως.
989 2644 1284 2699 Πιστεῦσαι
1313 2648 1424 2719 γὰρ
1469 2648 1532 2718 δὴ
1581 2649 1795 2719 πρῶτον

244 2736 328 2787 τὸν
350 2738 768 2809 προσερχόμενον
800 2738 879 2809 τῷ
913 2738 1032 2808 Θεῷ
1056 2740 1138 2793 ὅτι
1171 2739 1309 2805 ἐστι,
1337 2742 1432 2794 καὶ
1484 2744 1597 2804 τοῖς
1637 2742 1796 2810 ἐκζη-

246 2824 413 2878 τοῦσιν
442 2826 597 2880 αὑτὸν
647 2827 1052 2898 μισθαποδότης
1088 2831 1318 2897 γίνεται.
1374 2831 1485 2884 Καὶ
1514 2832 1640 2895 τοὺς
1669 2833 1795 2886 ἐλά-

247 2933 371 2982 φους
398 2917 508 2990 δὲὴ
553 2918 672 2972 θεία
716 2920 876 2974 καλεῖ
904 2920 1129 2992 Γραφή·
1169 2924 1264 2976 καὶ
1301 2923 1395 2976 νῦν
1431 2923 1530 2994 μέν
1560 2942 1723 2994 φησιν
1768 2928 1797 2979 ὁ

250 3007 497 3079 μακάριος
541 3010 703 3064 Δαὸὶδ
730 3012 790 3065 ἐν
819 3011 883 3075 ιζ’
912 3010 1112 3083 ψαλμῷ
1131 3029 1145 3042 ”
1184 3032 1204 3065 ι
1264 3015 1324 3067 '0
1369 3014 1501 3079 Θεὸς
1527 3017 1797 3087 περιζων-

1898 544 2184 597 oculorum
2224 546 2421 609 aciem,
2448 559 2512 597 ac
2548 546 2921 614 perspicacem
2955 548 3207 603 intuendi
3256 552 3387 614 vim,
3413 564 3467 607 et

1900 631 2212 686 futurorum
2259 635 2685 703 providentiam,
2736 650 2948 705 capreae
2976 638 3210 693 similem
3243 643 3465 696 asserit.

1896 724 2196 779 Cervorum
2230 735 2411 779 autem
2455 727 2685 782 hinnulo
2714 727 2889 797 ipsum
2915 739 3224 800 comparat,
3268 741 3326 786 ut
3371 734 3464 803 qui

1897 817 2076 885 capita
2130 817 2430 872 draconum
2477 820 2819 891 confregerit
2858 836 3025 891 super
3064 838 3226 893 aqua,
3257 824 3365 896 63
3414 835 3469 879 et

1896 909 1991 978 qui
2032 910 2212 975 capita
2245 912 2507 966 draconis
2554 913 2852 981 colliserit,
2881 923 2934 967 et
2963 922 3221 983 tanquam
3252 916 3468 986 gladius

1897 1002 2186 1055 sinuosum
2222 1018 2458 1074 anguem
2486 1043 2502 1068 ,
2535 1014 2588 1059 et
2619 1005 2994 1074 egredientem
3023 1006 3341 1067 draconem,
3370 1008 3465 1076 qui

1896 1099 2015 1146 erat
2063 1092 2119 1146 in
2169 1094 2331 1157 mari,
2388 1094 2679 1149 sustulerit
2717 1111 2730 1147 :
2781 1102 3222 1170 potestatemque
3255 1097 3468 1151 dederit

1895 1184 2185 1254 discipulis
2223 1185 2341 1241 suis
2388 1186 2635 1241 calcandi
2686 1201 2854 1255 super
2895 1196 3185 1258 serpentes
3225 1197 3279 1243 et
3315 1205 3469 1244 scor-

1897 1276 2112 1345 piones,
2144 1284 2199 1330 et
2242 1291 2410 1345 super
2451 1292 2668 1331 omnem
2706 1277 2963 1332 virtutem
3000 1280 3214 1333 inimici
3237 1287 3260 1314 ³
3297 1298 3310 1332 :
3343 1281 3469 1349 qui~

1895 1380 2005 1436 que
2037 1375 2325 1436 peccatum
2379 1382 2488 1422 non
2536 1366 2733 1422 fecerit
2771 1370 2810 1427 ι,
2860 1368 2957 1423 sed
3003 1369 3191 1423 tulerit
3241 1379 3467 1439 peccata

1896 1458 2125 1523 mundi,
2162 1473 2336 1529 eaque
2374 1468 2635 1530 tanquam
2685 1469 2976 1531 serpentes
3032 1458 3358 1532 proﬁigarit.
3400 1462 3470 1516 At

1897 1551 2131 1607 hinnulo
2185 1553 2333 1607 cervi
2382 1552 2535 1606 illum
2587 1553 2884 1615 assimilat,
2941 1554 3073 1624 quia
3127 1568 3238 1609 non
3289 1554 3468 1609 solum

1896 1644 2086 1710 homo,
2142 1644 2239 1699 sed
2286 1652 2340 1699 et
2377 1642 2556 1698 Filius
2605 1628 2852 1700 hominis
2901 1644 3105 1700 dicitur
3151 1664 3166 1702 :
3225 1662 3326 1701 nec
3385 1646 3469 1701 leo

1898 1743 2145 1803 tantum,
2198 1736 2292 1791 sed
2338 1734 2503 1791 etiam
2555 1736 2779 1791 catulus
2835 1737 3035 1792 leonis.
3091 1755 3109 1788 ι
3175 1736 3469 1792 Accubans

1896 1833 2039 1884 enim
2063 1869 2079 1892 ,
2134 1828 2346 1897 inquit,
2408 1826 2671 1881 dormivit
2718 1837 2779 1882 ut
2811 1828 2930 1893 leo,
2958 1835 3015 1882 et
3044 1828 3202 1898 quasi
3250 1829 3469 1883 catulus

1897 1920 2074 1975 leonis
2099 1932 2147 1973 υ.
2186 1939 2204 1971 ι
2242 1916 2357 1973 Nec
2387 1932 2521 1973 vero
2565 1917 2806 1973 alienum
2839 1927 2924 1974 est
2950 1961 2964 1982 ,
2991 1917 3057 1973 de
3092 1933 3299 1988 sponso
3335 1918 3468 1972 illud

1896 2010 2149 2082 intelligi,
2183 2008 2356 2079 quod,
2391 2023 2516 2063 cum
2548 2008 2777 2077 parvula
2812 2006 2994 2061 adhuc
3029 2016 3179 2062 esset
3215 2008 3470 2076 corporis

1896 2109 2133 2165 statura,
2184 2098 2392 2154 diaboli
2428 2098 2731 2169 potentiam
2775 2097 2943 2152 veluti
2978 2107 3268 2167 serpentes
3296 2111 3467 2167 quos-

1896 2192 2022 2247 dam
2054 2190 2356 2256 dcvorarit,
2382 2205 2507 2244 cum
2533 2184 2844 2258 magos‘qui
2884 2187 3091 2243 diaboli
3113 2198 3266 2242 vates
3287 2197 3468 2250 erant.

1897 2285 2188 2339 confestim
2209 2291 2267 2336 ut
2286 2289 2450 2337 natus
2473 2287 2581 2344 est,
2615 2279 2680 2334 ad
2713 2278 3086 2333 adorationem
3111 2279 3465 2348 protraxerit.

1896 2374 2069 2431 Porro
2101 2376 2246 2429 inter
2296 2371 2559 2426 animalia
2592 2386 2715 2440 qua:
2747 2369 2949 2423 munda
2986 2376 3143 2433 sunt,
3176 2382 3378 2439 caprea
3411 2378 3469 2423 et

1897 2484 2101 2524 cervus
2151 2473 2521 2522 numerantur
2553 2462 2612 2516 in
2643 2462 2763 2531 lege
2790 2468 2840 2516 ν.
2894 2459 3014 2515 Jam
3060 2474 3258 2530 caprea
3318 2461 3472 2529 prior

1903 2578 2069 2635 quam
2105 2576 2304 2617 cervus
2350 2557 2633 2613 nominata
2662 2561 2770 2618 est,
2815 2554 2945 2624 quia
2981 2553 3209 2623 ﬁguram
3259 2554 3469 2607 obtinet

1900 2653 2048 2718 ﬁdei,
2105 2659 2334 2722 propter
2387 2647 2746 2704 excellentem
2799 2644 2856 2697 in
2910 2643 3303 2713 prospiciendo
3361 2644 3470 2697 vim

1899 2747 2185 2801 oculorum
2210 2752 2257 2796 π.
2290 2742 2529 2797 Credere
2564 2739 2707 2793 enim
2762 2744 2985 2806 oportet
3032 2737 3271 2806 primum
3315 2751 3471 2791 acce-

1900 2840 2123 2895 dentem
2165 2836 2233 2891 ad
2282 2833 2473 2895 Deum,
2504 2830 2652 2903 quod
2686 2831 2803 2899 ipse
2833 2829 2927 2892 sit,
2964 2837 3021 2883 et
3054 2828 3164 2885 illis
3192 2829 3286 2899 qui
3316 2814 3470 2899 qu‘m-

1901 2939 2032 2986 runt
2060 2942 2185 2984 eum
2215 2933 2605 2981 remuneratur
2633 2922 2705 2975 sit
2747 2921 2984 2974 futurus.
3027 2921 3103 2974 Ac
3132 2934 3327 2975 cervos
3350 2920 3476 2990 qui-

1901 3024 2025 3078 dem
2072 3020 2326 3075 nominat
2365 3016 2555 3070 divina
2608 3013 2921 3083 Scriptura.
2965 3011 3030 3065 Et
3064 3027 3215 3066 nunc
3251 3012 3474 3081 quidem

248 3096 380 3152 νύων
398 3100 439 3131 ⁷⁸
466 3118 530 3170 με
551 3100 801 3173 δύναμιν,
829 3104 923 3155 καὶ
946 3103 1096 3157 ἔθετο
1126 3105 1356 3176 ἄμωμον
1390 3106 1487 3176 τὴν
1518 3106 1634 3159 ὁδόν
1658 3125 1759 3176 μου
1781 3124 1795 3137 ο

1907 3114 1981 3167 ait
2010 3112 2067 3165 in
2092 3124 2201 3165 xvtt
2226 3108 2460 3177 psalmo'
2484 3105 2679 3159 beatus
2712 3102 2881 3157 David
2916 3122 2929 3156 :
2975 3119 2994 3152 ι
3032 3101 3195 3163 Deus,
3221 3103 3314 3171 qui
3338 3117 3476 3171 pra:-

249 3192 679 3264 καταρτιζόμενος
698 3198 828 3260 τοὺς
854 3196 1024 3260 πόδας
1057 3214 1156 3267 μου
1185 3197 1320 3251 ὡσεὶ
1346 3199 1568 3267 ἐλάφου.
1604 3220 1622 3251 υ
1653 3198 1802 3268 Ἑγέ-

248 3298 363 3335 veto
388 3283 506 3355 γάρ,
536 3286 723 3356 φησιν,
753 3287 986 3358 ἄμωμος
1015 3289 1047 3359 ἡ
1079 3290 1195 3353 ὁδός
1227 3308 1350 3361 μου,
1380 3292 1567 3362 ἐπειδὴ
1602 3309 1804 3363 κατηρ-

248 3373 490 3445 τίσθησαν
513 3380 563 3430 οι
603 3379 763 3441 πόδες
801 3396 906 3450 μου
934 3380 1065 3432 ὡσεὶ
1102 3382 1322 3449 ἐλάφου.
1362 3384 1666 3454 Ἦδυνήοην
1696 3385 1805 3455 γάρ

252 3466 475 3538 πατῆσαι
499 3470 683 3525 ἐπάνω
707 3471 885 3542 ὄφεων
910 3473 1005 3526 καὶ
1041 3476 1337 3545 σκορπίων,
1375 3476 1469 3529 καὶ
1506 3477 1599 3530 ἐπὶ
1625 3480 1804 3532 πᾶσαν

249 3559 340 3630 τὴν
359 3562 571 3635 δύναμιν
590 3565 685 3620 τοῦ
715 3564 935 3638 ἐχθροῦ.
972 3567 1087 3620 Νῦν
1120 3568 1177 3622 δὲ
1214 3570 1271 3621 ἐν
1296 3575 1382 3640 κη’
1415 3569 1617 3641 ψαλμῷ
1639 3588 1801 3642 φησιο

258 3672 276 3703 ι
304 3655 447 3726 Φωνὴ
474 3659 674 3730 Κυρίου
701 3660 1140 3735 καταρτιζομὲνη
1174 3661 1426 3730 ἐλάφους,
1469 3663 1562 3715 καὶ
1593 3663 1803 3716 ἀποκα-

253 3740 398 3814 λύψει
425 3748 673 3821 δρυμούς.
715 3769 733 3800 ι
781 3751 1042 3819 Ἐλάφους
1068 3752 1125 3804 δὲ
1169 3752 1402 3806 ἐνταῦθα
1446 3754 1573 3817 τοὺς
1629 3756 1805 3824 ἱεροὺς

249 3836 555 3906 ἀποστόλους
587 3842 867 3913 ὀνομάζει,
894 3837 969 3896 ὧν
991 3845 1037 3896 οἱ
1064 3844 1222 3907 πόδες
1244 3844 1454 3915 ὡραῖοι,
1483 3846 1557 3908 ὡς
1579 3846 1806 3915 εὐαγγε-

252 3927 526 4001 λιζομένων
572 3934 775 4001 ἀγαθὰ,
819 3934 897 3999 ὡς
943 3936 1239 4001 πατοῦντες
1268 3939 1394 4002 τοὺς
1439 3938 1805 4003 θανατοῦντας

252 4019 412 4088 ὕφεις,
440 4026 528 4078 καὶ
552 4029 672 4091 ταῖς
717 4026 825 4079 τῶν
856 4027 1160 4096 ἀνθρώπων
1192 4030 1387 4100 ψυχαῖς
1427 4031 1806 4084 ἐπιϐουλεύον-

256 4128 343 4176 τας
363 4131 376 4144 ·
396 4113 455 4167 δι’
482 4109 555 4170 ὧν
576 4117 1042 4188 άπεκαλύφθησαν
1068 4122 1117 4172 οξ
1140 4120 1336 4191 δρυμοὶ
1354 4121 1615 4192 ἄκαρποι,
1636 4124 1669 4193 ἡ
1698 4121 1808 4175 τῶν

258 4204 466 4261 εἰδώλων
493 4210 699 4281 ἀπάτηο
727 4211 792 4264 δι’
824 4205 899 4265 ὧν
918 4213 961 4243 ⁷⁷
986 4213 1044 4263 ἐν
1071 4212 1147 4283 τῷ
1173 4213 1286 4284 ναῷ
1309 4213 1402 4267 τοῦ
1425 4214 1559 4267 Θεοῦ
1587 4217 1693 4279 πᾶς
1725 4233 1809 4278 τις

259 4293 389 4361 λέγει
420 4298 594 4363 δόξαν.
643 4301 883 4354 Τοιαῦτα
925 4300 1021 4355 καὶ
1050 4304 1078 4355 ό
1128 4304 1396 4375 μακάριος
1439 4305 1755 4376 Ἀδϐακοὺμ
1780 4308 1808 4358 ό

259 4391 515 4460 προφήτης
543 4391 708 4461 φησίν
726 4408 743 4422 ’
780 4410 799 4443 ι
828 4390 1033 4462 Κύριος
1065 4395 1095 4446 ό
1121 4393 1256 4456 Θεὸς
1289 4412 1391 4463 μου
1413 4394 1639 4465 δύναμίς
1682 4413 1804 4466 μου,

1907 3203 2082 3258 cinxit
2135 3215 2222 3254 me
2271 3197 2475 3250 virtute
2506 3233 2521 3258 ,
2576 3204 2631 3248 et
2674 3193 3084 3247 immaculatam
3146 3190 3281 3246 fecit
3331 3193 3474 3246 viam

1907 3308 2082 3348 meam
2109 3331 2125 3359 ,
2158 3292 2252 3361 qui
2281 3289 2495 3360 perﬁcit
2518 3286 2683 3355 pedes
2715 3299 2865 3339 meos
2902 3291 3162 3352 tanquam
3196 3284 3344 3338 cervi
3374 3292 3423 3339 γ.
3452 3302 3473 3335 ι

1905 3385 2261 3441 Immaculata
2309 3381 2457 3436 enim
2480 3421 2494 3445 ,
2540 3378 2738 3449 inquit,
2792 3377 2937 3430 facta
2975 3385 3060 3430 est
3095 3375 3180 3430 via
3211 3390 3349 3437 mea,
3380 3390 3481 3445 po-

1907 3490 2195 3548 steaquam
2230 3473 2460 3545 perfecti
2497 3477 2627 3526 sunt
2658 3468 2825 3539 pedes
2859 3468 2988 3532 mei,
3025 3477 3286 3537 tanquam
3309 3468 3477 3523 cervi.

1908 3570 2070 3624 l‘otui
2112 3569 2260 3622 enim
2294 3564 2512 3618 calcare
2546 3575 2715 3632 super
2750 3568 3036 3628 serpentes
3058 3568 3114 3612 et
3136 3558 3479 3627 scorpiones,

1906 3674 1958 3718 et
2020 3676 2188 3731 super
2243 3673 2462 3712 omnem
2512 3656 2773 3709 virtutem
2824 3652 3057 3706 inimici.
3109 3650 3263 3703 Nunc
3297 3657 3478 3704 autem

1905 3754 2015 3826 64
2074 3755 2128 3807 in
2178 3751 2391 3819 psalmo
2438 3763 2607 3802 xxvut
2649 3765 2663 3802 :
2726 3764 2743 3797 ι
2790 3743 2943 3809 Vox,
2997 3743 3213 3812 inquit,
3264 3740 3482 3795 Domini

1908 3857 2228 3913 praeparans
2261 3854 2496 3903 cervos,
2532 3846 2587 3891 et
2611 3835 2879 3891 revelabit
2919 3834 3087 3889 silvas
3130 3842 3178 3888 ².
3214 3852 3232 3885 ι
3275 3832 3483 3887 Cervos

1908 3935 1998 3988 hic
2036 3939 2196 3989 vocat
2250 3930 2443 3985 beatos
2496 3927 2813 3997 apostolos,
2858 3938 3091 3993 quorum
3143 3923 3307 3991 pedes
3360 3936 3486 3990 spe-

1909 4027 2070 4089 ciosi,
2108 4031 2299 4092 utpote
2354 4017 2853 4088 evangelizantium
2885 4016 3029 4069 bona
3059 4026 3085 4056 II
3115 4031 3128 4080 ;
3156 4014 3360 4083 quippe
3391 4016 3484 4082 qui

1910 4116 2242 4171 conculcant
2305 4118 2595 4182 serpentes
2661 4108 2753 4178 qui
2837 4106 3123 4159 hominum
3190 4104 3485 4157 animabus

1910 4208 2140 4263 insidias
2193 4211 2416 4261 struunt
2468 4212 2523 4256 et
2569 4211 2800 4254 mortem
2850 4195 3126 4263 afferunt;
3190 4210 3286 4265 per
3344 4209 3486 4264 quos

1908 4299 2154 4354 revelata
2194 4304 2326 4352 sunt
2356 4293 2638 4348 condensa
2675 4290 2937 4345 silvarum
2971 4287 3346 4351 infructuosa,
3374 4288 3485 4339 sei-

1911 4392 2036 4445 licet
2089 4389 2366 4444 idolorum
2428 4383 2693 4445 fraudes;
2732 4396 2829 4451 per
2862 4395 3002 4449 quos
3064 4380 3118 4430 in
3152 4378 3355 4444 templo
3394 4375 3487 4428 Dei

261 4478 345 4530 ml.
365 4479 502 4544 τάξει
532 4483 661 4546 τοὺς
708 4484 877 4548 πόδας
918 4501 1020 4555 μου
1067 4486 1200 4539 ὡσεὶ
1230 4486 1450 4557 ἐλάφου,
1494 4464 1587 4541 καὶ
1616 4464 1712 4542 ἐπὶ
1738 4491 1801 4543 τὰ

1913 4480 2301 4550 unusquisque
2360 4466 2803 4543 dicit‘gloriam.
2854 4469 2953 4523 llis
2998 4466 3142 4521 haud
3193 4464 3487 4519 dissimilia

267 4568 419 4638 ὑψηλὰ
446 4573 667 4645 ἐπιόιϐᾷ
698 4591 768 4644 με
782 4576 830 4606 ⁷⁸
860 4574 954 4628 τοῦ
989 4576 1207 4648 νικῆσαί
1237 4595 1305 4648 με
1339 4581 1396 4633 ἐν
1424 4578 1533 4650 ᾠδῇ
1562 4578 1747 4633 αὑτοῦ.
1780 4598 1801 4631 ι

277 4660 413 4716 Ἀλλὰ
446 4665 551 4735 γὰρ
581 4666 774 4738 καιρός
819 4667 915 4721 ἐπὶ
953 4672 1018 4721 τὸ
1062 4671 1423 4741 προκείμενον
1471 4672 1803 4728 ἐπανελθεῖν.

267 4771 283 4803 ι
324 4755 444 4809 Ἰδοὺ
483 4750 638 4821 οὗτος
672 4758 800 4828 ἥκει
836 4759 1026 4829 πηδῶν
1071 4761 1164 4813 ἐπὶ
1195 4760 1264 4814 τὰ
1307 4760 1429 4832 δρη,
1464 4760 1809 4832 διαλλόμενος

260 4846 339 4898 ἐπὶ
365 4850 480 4914 τοὺς
518 4851 758 4922 βουνούς.
800 4852 1025 4922 Ὅμοιός
1063 4855 1207 4905 ἐστιν
1241 4852 1554 4920 ἀδελφιδοῦς
1608 4869 1708 4922 μου
1744 4855 1807 4922 τῇ

258 4936 475 5008 δορκάδι,
496 4943 529 5012 ἢ
548 4942 726 5015 νεϐρῷ
756 4943 977 5013 ἐλάφων
1006 4943 1099 4996 ἐπὶ
1131 4946 1199 4998 τὰ
1232 4945 1335 5015 ὅρη
1357 4944 1580 5014 Βαιθήλ.
1607 4964 1623 4995 ι
1653 4944 1809 4997 Διδά-

258 5044 364 5082 σκει
394 5031 447 5085 δέ
468 5035 516 5066 ⁷⁸
553 5034 788 5089 ἐνταῦθα
817 5037 852 5106 ἡ
883 5033 1071 5105 νύμφη
1099 5034 1198 5105 τὴν
1229 5035 1339 5087 τῶν
1365 5034 1596 5088 εἰδώλων
1639 5033 1807 5085 κατά-

256 5122 522 5181 λυσινῦτὼ
568 5130 663 5183 τοῦ
714 5128 955 5199 νυμφίου
986 5126 1303 5197 γενομένην.
1359 5131 1501 5199 Ὅρη
1555 5127 1665 5196 γὰρ
1714 5124 1810 5177 καὶ

838 5297 859 5324 ⁸
890 5287 1026 5343 Luc.
1049 5288 1210 5352 ι,19.

317 5295 339 5325 ³
369 5287 467 5342 lsa.
502 5304 579 5353 ιι,
614 5289 663 5353 1,
696 5290 756 5345 2.
838 5297 859 5324 ³
890 5287 1026 5343 Luc.
1049 5288 1210 5352 1,19.
1293 5293 1311 5325 ί
1349 5287 1535 5341 chtr.
1582 5303 1639 5349 Il,
1664 5288 1751 5339 2'2.

255 5362 277 5403 1
305 5356 447 5412 Psal.
474 5373 607 5427 m1,
639 5361 731 5416 55.
798 5369 821 5397 ²
860 5357 1013 5415 Psal.
1044 5374 1239 5423 xxvttt,
1275 5358 1328 5413 9.
1407 5371 1432 5399 ει
1466 5360 1567 5413 Isa.
1613 5374 1707 5421 ι.ιι,
1749 5358 1776 5408 7

1903 5373 2013 5410 out.
2051 5374 2101 5417 ιι,
2144 5354 2232 5406 15.

1867 5297 1892 5322 υ
1931 5283 2092 5338 Νιιιιι.
2142 5297 2291 5345 XXIV,
2324 5282 2376 5335 9.

1914 4567 2239 4640 pronuntiat
2291 4566 2487 4619 beatus
2510 4560 2769 4616 llabacuc
2815 4562 3082 4627 propheta
3114 4574 3127 4610 :
3168 4573 3186 4606 ι
3221 4554 3489 4609 Dominus

1915 4660 2060 4717 Deus
2084 4702 2100 4726 ,
2147 4657 2417 4713 fortitudo
2467 4668 2586 4708 mea
2607 4691 2623 4717 ,
2660 4661 2716 4707 et
2752 4661 2920 4721 ponet
2948 4648 3116 4720 pedes
3147 4663 3301 4703 meos
3330 4649 3487 4717 quasi

1916 4755 2090 4818 cervi,
2139 4760 2192 4807 et
2224 4765 2391 4819 super
2430 4747 2650 4803 excelsa
2682 4743 2917 4799 deducet
2950 4757 3059 4809 me,
3095 4748 3153 4796 ut
3187 4740 3400 4794 vincam
3433 4739 3489 4794 in

1916 4848 2137 4901 cantico
2166 4842 2289 4911 ejus
2325 4841 2375 4895 δ.
2413 4859 2433 4892 ι
2498 4838 2605 4893 Sed
2649 4845 2871 4906 tempus
2907 4844 2992 4891 est
3044 4842 3105 4890 ut
3134 4833 3202 4888 ad
3235 4831 3490 4903 proposi-

1918 4949 2032 4993 tum
2090 4942 2452 4991 revertamur.
2494 4951 2513 4984 ι
2554 4932 2695 4985 Ecce
2743 4929 2833 4983 hic
2876 4928 3030 4983 venit
3076 4925 3282 4981 saliens
3323 4938 3491 4992 super

1929 5029 2261 5096 montibus,
2312 5026 2634 5081 transiliens
2684 5037 2851 5091 super
2902 5020 3097 5075 colles.
3151 5015 3365 5071 Similis
3407 5020 3492 5068 est

1920 5137 2092 5193 nepos
2148 5135 2303 5176 meus
2359 5133 2609 5189 capreae,
2661 5122 2758 5169 aut
2810 5113 3044 5168 binnulo
3094 5122 3380 5165 cervorum
3436 5105 3491 5158 in

2471 5291 2494 5316 ν
2534 5279 2689 5333 Deut.
2728 5290 2825 5334 xu.
2868 5275 2947 5328 l5.
3061 5279 3082 5305 π
3124 5268 3286 5322 Ilebr.
3331 5263 3484 5321 xt,6.

2314 5353 2339 5391 δ
2378 5351 2581 5405 Hahae.
2618 5365 2697 5410 ιιι,
2740 5347 2820 5401 19.

1560 5513 1646 5568 VA
1658 5512 1794 5567 RI/E
1836 5510 2239 5565 LECTIONES.

310 5609 352 5639 ⁷³
375 5608 569 5681 δφιν-
586 5612 858 5668 ἀνελόντα
884 5609 1007 5681 τόν.
1033 5606 1127 5681 des
1161 5608 1213 5661 in
1239 5609 1362 5662 cod.

246 5757 385 5807 abest
407 5769 435 5809 a
466 5758 583 5814 cod.

1456 5611 1472 5639 ⁷
1486 5608 1502 5639 ’⁵
1530 5608 1795 5660 διαϐόλου.
1826 5608 1947 5658 cod.

310 5609 352 5639 ⁷³
375 5608 858 5681 ὅφιν-ἀνελόντα
884 5609 1003 5663 τόν.
1033 5606 1127 5663 des
1161 5608 1213 5661 in
1239 5609 1362 5662 cod.
1456 5608 1502 5639 ⁷⁸⁸
1530 5607 1795 5661 διαϐόλου.
1826 5606 1947 5658 cod.
1986 5620 2173 5673 prtem.
2210 5606 2341 5683 τοῦ..
2404 5606 2447 5631 ⁷⁵
2484 5606 2644 5651 κατα.
2670 5606 2806 5677 _C0tl.
2853 5606 3036 5666 prmtp-
3081 5606 3192 5702 ³ξαῖ-

242 5680 393 5746 ζωνν.
422 5685 537 5740 eod.
570 5699 763 5756 praem.
809 5683 863 5734 ὁ.
902 5680 957 5753 ,⁷⁷
987 5679 1055 5732 δι’
1088 5671 1182 5732 ὧν.
1217 5681 1339 5736 cod.
1372 5679 1470 5732 διό.
1552 5677 1597 5708 τε
1629 5676 2035 5745 καὶ--ὲπιὸιόᾅ
2067 5691 2153 5745 με.
2182 5674 2299 5727 des.
2330 5688 2383 5725 in
2416 5670 2536 5725 cod.
2574 5679 2626 5723 et
2668 5683 2722 5719 in
2752 5670 2901 5720 textu
2932 5675 3039 5710 των
3063 5656 3103 5705 0
3172 5688 3185 5703 .
3214 5664 3263 5706 c.

3263 5579 3308 5608 τ’
3340 5590 3494 5645 περι-

2404 5602 2447 5631 ⁷⁸
2484 5598 2644 5651 κατὰ.
2685 5595 2806 5650 cod.
2853 5603 3036 5658 praem.
3081 5583 3192 5635 καί.
3263 5583 3308 5608 τ’
3340 5590 3461 5655 περι

2418 5670 2514 5697 ..ΑΛ
2576 5679 2620 5697 ,ιι
2668 5668 2721 5697 :n
2752 5670 2900 5697 lovIIl
2932 5658 3039 5697 τῶν
3063 5656 3115 5697 0'
3152 5653 3185 5697 Ι.
3214 5664 3263 5697 c-
3332 5648 3378 5678 7⁸
3414 5644 3468 5697 (δέ

1986 5620 2173 5673 prtem.
2210 5602 2324 5656 τοῦ.
