3940 6200
473 329 541 393 99
1450 315 1934 378 TIIEODORETI
1960 310 2299 374 EPISCOPI
2324 308 2689 369 CYRENSIS

3620 299 3718 375 100

474 437 757 497 montibus
810 433 1023 490 Bethel.
1075 451 1093 485 ι
1143 430 1312 486 Docet
1346 427 1436 481 hic
1468 439 1674 496 sponsa
1707 422 2043 477 internecio-

2162 417 2389 480 Βουνοὺς,
2419 416 2488 468 τὰ
2517 418 2575 468 ὲν
2599 416 2708 474 τοῖς
2728 411 2876 482 ὄρεσι
2907 408 3070 464 πάλαι
3091 409 3218 463 ἐντα
3243 408 3378 479 ἄλση
3403 409 3497 462 καὶ
3521 411 3720 482 τεμένη

477 546 598 586 nem
647 529 812 584 idolis
862 527 1072 580 illatam
1105 538 1134 576 a
1177 531 1382 590 sponso
1413 533 1535 572 suo.
1565 515 1776 571 Montes
1805 513 1951 569 enim
1989 521 2044 568 et

2162 512 2256 564 τῶν
2310 509 2582 579 δαιμόνων
2636 505 2888 574 ὠνόμασε
2915 544 2930 570 ,
2996 501 3120 556 καθ’
3155 496 3229 556 ὧν
3287 502 3580 572 ἁλλόμενος
3629 506 3722 558 καὶ

475 623 648 678 colles
680 626 841 675 vocat
867 619 1023 672 lucos
1061 622 1116 670 et
1143 611 1372 668 delubra
1409 609 1741 673 daemonum,
1791 609 1846 662 in
1884 622 2043 660 mon-

478 715 629 769 tibus
657 712 790 766 olim
823 710 930 765 sita
969 714 1025 763 et
1061 703 1326 760 aedificata
1357 719 1371 756 :
1401 715 1571 770 super
1610 699 1814 770 quibus
1849 698 2042 754 verbo-

481 819 603 859 rum
640 800 942 872 sapientia,
995 803 1050 851 et
1103 792 1498 847 miraculorum
1549 791 1779 851 virtute,
1841 788 2048 845 saliens

479 905 646 966 atque
676 891 1017 953 transiliens,
1045 885 1264 957 penitus
1300 884 1498 940 evertit
1529 899 1592 939 ea
1625 890 1793 953 atque
1823 881 2047 936 destru-

481 988 581 1042 xit.
619 983 792 1050 Quem
818 980 1038 1051 quidem
1067 992 1293 1034 sensum
1331 976 1694 1045 Symmachus
1723 974 1894 1044 magis
1929 987 2051 1042 per-

479 1077 728 1146 spicuum
786 1068 989 1133 reddit,
1044 1069 1423 1137 interpretans
1475 1065 1542 1120 ad
1594 1066 1744 1120 hunc
1797 1062 2046 1127 modum,

483 1187 502 1219 ι
545 1166 688 1219 Ecce
738 1162 830 1217 hic
871 1159 1024 1215 venit
1069 1159 1378 1216 ascendens
1414 1165 1607 1212 contra
1644 1161 1884 1221 montes,
1921 1167 2050 1224 pro-

479 1257 672 1312 sitiens
706 1254 975 1309 adversus
1022 1252 1216 1307 colles.
1253 1269 1271 1302 ι
1307 1249 1403 1305 His
1451 1263 1654 1320 sponsa
1685 1261 1885 1303 rursus
1916 1244 2049 1300 sub-

481 1348 599 1417 iicit
629 1366 643 1402 :
685 1366 703 1398 ι
743 1345 823 1399 Εη
856 1345 972 1414 ipse
1003 1351 1113 1400 stat
1139 1349 1262 1413 post
1293 1340 1556 1410 parietem
1581 1345 1858 1403 nostrum,
1881 1335 2052 1405 respi-

479 1440 635 1494 ciens
679 1452 776 1508 per
829 1435 1126 1499 fenestras,
1181 1433 1527 1503 prospiciens
1560 1444 1659 1500 per
1695 1427 1998 1484 cancellos.
2025 1444 2044 1477 ι

483 1531 651 1586 Docet
679 1537 863 1584 autem
895 1525 1355 1599 quemadmodum
1395 1535 1658 1592 sponsus,
1684 1519 1834 1574 omni
1865 1523 2051 1573 monte

481 1630 536 1677 et
567 1622 706 1678 colle
745 1618 1056 1682 humiliato,
1100 1615 1259 1686 juxta
1302 1612 1497 1668 Isaiam
1523 1610 1848 1681 prophetam
1897 1617 1947 1672 ο,
1981 1605 2052 1660 ad

482 1729 626 1779 eam,
658 1727 781 1783 quae
813 1711 1040 1765 humilis
1061 1706 1337 1778 quondam
1372 1711 1516 1770 erat,
1545 1701 1727 1774 et65
1754 1700 1882 1755 valli
1903 1714 2054 1754 com-

485 1774 811 1874 parabatur,
861 1774 1109 1862 accedat,
1169 1795 1506 1865 impleatque
1545 1808 1700 1857 eam,
1745 1801 1802 1846 et
1839 1789 2056 1861 redigat
2087 1774 2128 1826 Β

492 1908 663 1964 prava
691 1892 746 1947 in
775 1891 1010 1955 directa,
1039 1898 1094 1946 et
1130 1903 1330 1960 aspera
1357 1887 1412 1940 in
1439 1886 1562 1940 vias
1587 1885 1784 1955 planas
1816 1881 1868 1948 ἀ,
1892 1882 2056 1953 eique

483 1995 750 2055 tanquam
804 1982 1019 2038 civitati
1081 1997 1300 2036 murum
1355 1980 1788 2042 circumstruat,
1854 1991 1924 2031 ne
1989 1974 2058 2030 ab

483 2077 739 2131 hostibus
799 2073 1136 2144 diripiatur:
1185 2082 1239 2127 et
1286 2080 1552 2142 tanquam
1613 2071 1828 2132 vineae,
1890 2074 2056 2137 atque

484 2167 671 2234 horto,
708 2175 762 2220 et
788 2165 1072 2231 viridario,
1107 2164 1400 2220 maceriem
1445 2163 1854 2234 circumponat,
1884 2175 1955 2214 ne
1988 2157 2058 2213 ab

483 2259 744 2315 omnibus
785 2258 1247 2330 praetereuntibus
1296 2255 1441 2309 viam
1488 2254 1884 2317 vindemietur,
1919 2264 2059 2306 neve

487 2352 557 2406 ab
585 2365 720 2422 apro
755 2350 822 2406 de
841 2351 1006 2416 silva,
1042 2359 1097 2406 et
1131 2348 1250 2404 fera
1287 2347 1516 2420 agresti,
1549 2354 1608 2401 ut
1635 2345 1792 2416 prior
1823 2344 1915 2399 illa
1936 2357 2059 2414 quae

483 2459 554 2500 ex
580 2441 820 2514 Egypto
852 2442 1125 2498 translata
1157 2440 1358 2506 fuerat,
1392 2439 1694 2508 dissipetur
1717 2449 1764 2490 ε.
1800 2434 2060 2492 Ostendit

484 2550 620 2608 ergo
651 2534 1141 2606 quemadmodum,
1191 2533 1400 2589 eversis
1450 2532 1761 2587 daemonum
1811 2527 2058 2598 templis,

485 2637 545 2684 et
577 2642 791 2693 eorum,
825 2627 920 2695 qui
957 2623 1304 2681 vocabantur
1327 2625 1428 2689 dii,
1457 2623 1778 2680 nemoribus
1804 2629 1859 2675 et
1889 2619 2056 2683 fanis,

488 2720 568 2790 (id
615 2720 762 2775 enim
807 2735 904 2790 per
952 2717 1118 2773 verba
1170 2718 1278 2772 ista
1321 2734 1340 2767 ι
1389 2716 1446 2770 in
1489 2714 1771 2770 montibus
1805 2710 1996 2766 Bethel
2037 2727 2056 2761 ι

489 2809 741 2864 innuitur
771 2827 784 2864 :
821 2823 946 2863 nam
990 2807 1176 2862 Bethel
1211 2805 1488 2878 significat
1521 2804 1734 2859 domum
1783 2801 1876 2856 Dei
1914 2819 1927 2854 :
1961 2814 2058 2854 eo-

488 2902 612 2957 dem
636 2908 816 2956 autem
841 2900 1064 2956 nomine
1087 2915 1197 2971 quo
1223 2899 1388 2961 Deus,
1418 2897 1512 2968 qui
1543 2905 1628 2952 est
1659 2909 1825 2964 super
1848 2891 2058 2952 omnia,

490 2992 574 3048 illi
603 2992 699 3064 qui
732 2992 811 3048 dii
840 3007 951 3048 non
984 3000 1134 3056 sunt,
1170 2991 1246 3047 dii
1274 2991 1342 3044 ab
1375 2987 1561 3058 impiis
1594 2980 2061 3057 appellabantur,)

2149 601 2334 675 πηδῶν
2363 603 2428 672 τῇ
2459 617 2518 653 τε
2547 597 2708 668 σοφίᾳ
2751 597 2858 649 τῶν
2885 595 3077 662 λόγων,
3109 594 3203 648 καὶ
3247 597 3312 664 τῇ
3361 593 3588 664 δυνάμει
3618 595 3722 647 τῶν

2148 691 2463 764 θαυμάτων,
2492 687 2844 762 περιεγένετό
2878 703 2936 740 τε
2971 685 3065 740 καὶ
3109 683 3316 756 φροῦδα
3349 685 3489 738 αὐτὰ
3522 701 3725 738 παντε-

2147 785 2256 850 λῶς
2282 781 2604 852 πεποίηκεν.
2656 779 2872 851 Ἀμέλει
2923 777 3018 832 καὶ
3058 780 3087 832 ὁ
3117 777 3411 848 Σύμμαχος
3439 775 3599 830 τοῦτο
3631 793 3728 829 σα·-

2149 880 2412 947 φέστερον
2459 873 2774 945 ἑρμηνεύων
2826 872 3022 941 φησίν·
3059 889 3077 922 ι
3118 871 3249 924 Ἰδοὺ
3298 865 3452 934 οὗτος
3505 869 3728 940 ἔρχεται

2152 961 2347 1042 βαίνων
2365 967 2503 1021 κατὰ
2518 966 2625 1020 τῶν
2646 965 2836 1036 ὀρέων,
2868 961 3143 1034 διαπηδῶν
3164 962 3305 1016 κατὰ
3331 962 3439 1015 τῶν
3463 960 3689 1032 βουνῶν.
3704 981 3721 1012 ι

2151 1059 2374 1122 Τούτοις
2401 1057 2653 1127 ἐπιφέρει
2674 1055 2888 1127 πάλινὴ
2911 1053 3096 1124 νύμφη
3118 1068 3130 1081 ·
3165 1072 3185 1105 ι
3219 1053 3350 1106 Ἰδοὺ
3376 1045 3533 1116 οὗτος
3554 1052 3732 1105 ὀπίσω

2151 1152 2244 1206 τοῦ
2280 1151 2460 1221 τοίχου
2487 1149 2642 1221 ήμῶν
2673 1149 2892 1219 ἕστηκε,
2929 1146 3298 1219 παρακύπτων
3325 1145 3412 1200 διὰ
3440 1145 3550 1199 τῶν
3581 1144 3734 1217 θυρί-

2150 1244 2277 1309 δων,
2330 1243 2639 1298 είσκύπτων
2661 1243 2708 1274 ⁸⁰
2752 1241 2839 1296 διὰ
2867 1240 2974 1295 τῶν
3003 1240 3255 1295 δικτύων.
3300 1258 3318 1291 ι
3357 1239 3612 1292 Διδάσκει
3650 1237 3730 1299 δὲ,

2150 1335 2233 1388 ὅτι
2263 1336 2374 1388 πᾶν
2403 1334 2530 1405 ὅρος
2563 1332 2658 1388 καὶ
2689 1332 2878 1402 βουνὸν
2913 1330 3280 1394 ταπεινώσας,
3311 1330 3453 1384 κατὰ
3497 1330 3598 1399 τὴν
3634 1328 3732 1381 τοῦ

2164 1427 2383 1481 Ἡσαΐου
2439 1426 2795 1497 προφητείαν,
2845 1423 3206 1496 παραγίνεται
3249 1421 3387 1493 πρὸς
3429 1421 3602 1492 αὐτὴν
3633 1437 3733 1473 τα-

2153 1519 2348 1590 πεινὴν
2399 1513 2566 1572 οὖσαν
2615 1517 2804 1580 πάλαι,
2843 1517 2938 1570 καὶ
2989 1515 3235 1588 φάραγγι
3292 1515 3732 1585 ἀπεικασμένην,

2153 1611 2250 1666 καὶ
2283 1611 2483 1681 πληροῖ
2505 1608 2694 1680 αὐτὴν,
2719 1608 2815 1663 καὶ
2841 1607 3022 1679 τίθησι
3061 1607 3128 1660 τὰ
3161 1604 3352 1660 σκολιὰ
3379 1607 3458 1669 είς
3491 1605 3735 1669 εὐθεῖαν,
3765 1591 3770 1595 ’

2156 1701 2250 1754 καὶ
2272 1699 2530 1771 τραχείας
2567 1700 2648 1763 είς
2684 1697 2838 1761 ὁδοὺς
2867 1696 3016 1760 λείας
3037 1714 3052 1728 ο
3083 1695 3178 1750 καὶ
3220 1695 3562 1766 περιτίθησιν
3595 1695 3732 1764 αὐτῇ

2155 1793 2233 1856 ὡς
2276 1793 2373 1862 μὲν
2423 1791 2574 1845 πόλει
2618 1793 2814 1862 τεῖχος,
2866 1788 2953 1843 ἵνα
2988 1789 3063 1860 μὴ
3098 1788 3454 1859 πολιορκῆται
3489 1787 3592 1840 ὑπὸ
3623 1786 3735 1838 τῶν

2157 1885 2454 1957 πολεμίων,
2478 1885 2554 1949 ὡς
2575 1883 2630 1938 δὲ
2656 1884 2960 1955 ἀμπελῶνι,
2987 1884 3083 1938 καὶ
3105 1884 3286 1954 κήπῳ,
3308 1882 3403 1936 καὶ
3423 1881 3735 1952 παραδείσῳ

2154 1983 2355 2051 τοῖχον,
2389 1980 2478 2034 ἵνα
2513 1978 2588 2051 μὴ
2619 1977 2894 2050 τρυγῶσιν
2941 1977 3108 2048 αὐτὴν
3143 1976 3345 2038 πάντες
3390 1976 3441 2029 oi
3485 1990 3735 2045 παραπο›

2161 2073 2446 2145 ρευόμενοι
2482 2071 2583 2142 τὴν
2637 2071 2774 2133 όδὸν,
2818 2069 2949 2141 μηδὲ
3001 2069 3311 2140 λυμήνηται
3358 2064 3527 2137 αὐτὴν
3576 2059 3638 2128 ὗς
3671 2066 3736 2116 ἐκ

2155 2162 2384 2235 δρυμοῦ,
2416 2163 2512 2216 καὶ
2541 2161 2722 2233 μονιδς
2746 2160 2936 2232 ἄγριος
2969 2159 3415 2229 κατανεμήσηται
3442 2155 3634 2228 αὐτὴν,
3659 2153 3738 2217 ὡς

2155 2256 2258 2328 τὴν
2281 2253 2553 2326 προτέραν
2581 2253 2796 2324 ἐκείνην
2816 2253 2914 2325 τὴν
2943 2251 3001 2318 ἐξ
3021 2250 3294 2319 Αἰγύπτου
3322 2247 3734 2320 μετατεθεῖσαν.

2161 2347 2421 2419 Σημαίνει
2463 2346 2640 2401 τοίνυν
2666 2389 2681 2412 ,
2737 2347 2820 2399 ὅτι
2865 2344 3176 2410 καταλύσας
3220 2345 3288 2398 τὰ
3334 2343 3442 2398 τῶν
3467 2342 3736 2412 δαιμόνων

2158 2441 2385 2511 τεμένη,
2436 2439 2530 2493 καὶ
2561 2439 2669 2493 τῶν
2703 2437 3010 2508 λεγομένων
3042 2436 3179 2492 θεῶν
3208 2435 3278 2490 τὰ
3307 2435 3446 2506 ἄλση
3489 2435 3586 2488 καὶ
3611 2433 3739 2496 τοὺς

2161 2534 2296 2598 νεὼς
2324 2532 2502 2604 (τοῦτο
2535 2531 2642 2604 γὰρ
2675 2531 2761 2584 διὰ
2795 2530 2888 2585 τοῦ
2928 2551 2945 2582 ι
2973 2531 3065 2584 ἐπὶ
3093 2529 3162 2584 τὰ
3189 2528 3288 2600 ὅρη
3316 2526 3520 2596 Βαιθὴλ
3561 2545 3579 2578 ι
3615 2527 3739 2596 ᾐνί-

2163 2629 2324 2694 ξατο·
2365 2627 2427 2680 τὺ
2470 2625 2599 2694 γὰρ,
2632 2624 2854 2694 Βαιθὴλ,
2886 2617 3034 2679 οἷκον
3065 2621 3360 2695 ἑρμηνεύει
3387 2620 3522 2674 Θεοῦ
3541 2635 3557 2652 ·
3588 2619 3743 2690 ὀμω-

2162 2721 2347 2792 νύμως
2378 2719 2435 2772 δὲ
2474 2717 2552 2788 τῷ
2585 2717 2677 2770 ἐπὶ
2716 2716 2935 2769 πάντων
2966 2713 3085 2784 Θεῷ
3119 2713 3213 2768 καὶ
3240 2715 3289 2767 oi
3323 2712 3399 2783 μὴ
3448 2712 3602 2774 ὄντες
3634 2710 3742 2763 ὑπὸ

2162 2814 2271 2867 τῶν
2318 2810 2593 2866 δυσσεϐῶν
2625 2807 2970 2879 ὠνομάζοντο
3000 2805 3141 2875 θεοί)
3165 2822 3179 2836 ·
3217 2805 3558 2876 παραγέγονε
3601 2803 3742 2874 πρὸς

2163 2905 2356 2976 αὐτήν.
2409 2902 2518 2956 Καὶ
2578 2903 2659 2965 εἰς
2717 2899 2818 2971 μὲν
2864 2897 2954 2951 τὸν
3010 2897 3250 2967 θάλαμον
3298 2894 3468 2965 αὐτῆς
3527 2892 3744 2946 οὐδέπω

2164 2995 2508 3061 εἰσελήλυθεν
2526 3011 2540 3026 ο
2569 2992 2674 3058 ἔξω
2701 2993 2757 3047 δὲ
2779 2992 2873 3046 τοῦ
2905 2991 3085 3064 τοίχου
3112 2988 3358 3063 έστηκὼς
3387 2987 3745 3059 παρακύπτει

452 3141 456 3145 ,
489 3083 560 3139 ad
585 3099 707 3140 eam
741 3085 971 3142 venerit.
1023 3083 1104 3139 Ac
1145 3080 1389 3146 nondum
1423 3077 1648 3149 quidem
1680 3077 1734 3130 in
1759 3075 2059 3129 thalamum

2165 3086 2251 3140 διὰ
2291 3084 2402 3138 τῶν
2453 3084 2716 3154 θυρίδων’
2767 3081 2936 3154 θύρας
2988 3081 3047 3136 δὲ
3096 3081 3198 3144 τὰς
3235 3079 3516 3150 αἰσθήσεις
3563 3078 3746 3131 καλεῖ.

489 3179 665 3250 ipsius
701 3177 989 3248 ingressus
1031 3182 1116 3230 est
1146 3192 1160 3230 :
1192 3171 1287 3229 sed
1329 3177 1485 3230 stans
1514 3176 1638 3240 post
1677 3169 1940 3239 parietem
1975 3179 2060 3220 re-

491 3269 659 3342 spicit
687 3285 784 3340 per
835 3267 1126 3323 fenestras.
1159 3262 1458 3320 Fenestras
1509 3269 1695 3316 autem
1728 3272 1928 3314 sensus
1970 3270 2066 3310 vo-

489 3375 600 3420 cat.
631 3362 737 3418 Per
766 3376 967 3418 sensus
993 3359 1141 3416 enim
1162 3396 1176 3420 ,
1219 3364 1484 3428 tanquam
1521 3369 1618 3425 per
1655 3353 1952 3412 fenestras,
2007 3349 2064 3402 in

489 3455 735 3508 animam
787 3451 1045 3514 influunt,
1095 3457 1260 3519 atque
1303 3463 1372 3503 ex
1415 3445 1529 3501 illis
1561 3443 1808 3499 vicissim
1834 3440 2066 3497 eflluunt

491 3556 608 3603 tum
663 3561 728 3600 ea
787 3562 912 3616 quae
961 3545 1104 3599 bona
1151 3548 1320 3606 sunt,
1369 3547 1486 3593 tum
1535 3537 1706 3593 etiam
1757 3532 2062 3590 contraria.

491 3638 866 3707 Quamobrem
923 3632 1195 3688 Jeremias
1256 3629 1526 3700 propheta
1580 3627 1774 3681 dicit:
1834 3641 1853 3674 ι
1916 3621 2065 3678 Mors

492 3728 741 3784 ascendit
773 3741 870 3796 per
905 3720 1348 3779 fenestrashim
1364 3718 1500 3772 Nam
1532 3715 1666 3782 «Qui
1705 3713 1840 3768 vidit
1863 3712 2065 3768 mulie-

495 3835 611 3877 rem
643 3820 711 3874 ad
743 3813 1244 3887 concupiscendum
1290 3825 1410 3866 eam
1435 3851 1450 3877 ,
1489 3808 1602 3878 jam
1633 3805 1946 3861 moechatus
1983 3811 2067 3859 est

495 3928 622 3968 cum
655 3927 718 3967 ea
757 3909 812 3963 in
855 3907 1022 3962 corde
1051 3919 1154 3961 suo
1189 3905 1236 3958 ε.
1275 3922 1293 3956 ι
1332 3904 1512 3970 Atque
1541 3901 1617 3954 ita
1661 3913 1811 3953 mors
1840 3895 2066 3968 per‘fe-

497 4014 714 4062 nestras
745 4000 1076 4074 ingreditur.
1125 3996 1192 4052 Et
1240 3995 1337 4067 qui
1361 4009 1561 4048 vanam
1595 3990 1938 4046 auditionem
1969 4003 2064 4042 su-

496 4097 681 4168 scipit,
719 4097 764 4148 is
787 4109 883 4164 per
913 4091 1185 4148 fenestras
1208 4093 1443 4143 mortem
1470 4084 1732 4140 admittit.
1767 4081 1836 4136 At
1858 4095 2066 4151 sponsa

495 4202 645 4245 nunc
690 4185 892 4242 decore
952 4183 1146 4255 sponsi
1192 4197 1293 4252 per
1344 4179 1624 4236 fenestras
1671 4175 1897 4232 fruitur.
1958 4171 2066 4226 Sed

457 4276 850 4352 quaerendum
896 4283 979 4333 est
1018 4273 1296 4346 quomodo
1340 4285 1584 4343 sponsus
1626 4282 1724 4338 per
1765 4265 2066 4328 fenestras,

493 4375 600 4430 hoc
629 4377 752 4439 est,
798 4383 898 4439 per
952 4383 1150 4426 sensus
1193 4375 1420 4422 nostros
1469 4359 1797 4435 prospiciat.
1844 4357 1980 4412 Cum
2012 4357 2067 4410 in

2171 3180 2384 3248 Ὥσπερ
2415 3175 2524 3248 γὰρ
2567 3175 2657 3230 διὰ
2692 3174 2981 3246 θυρίδων⁸¹
3012 3173 3120 3227 τῶν
3157 3173 3463 3242 αἰσθήσεων
3503 3171 3679 3240 εἰσρεῖ
3699 3171 3746 3200 ⁸¹

2164 3273 2231 3342 τῇ
2261 3270 2407 3342 ψυχῇ
2441 3270 2509 3324 τά
2537 3286 2596 3322 τε
2629 3267 2810 3337 ἀγαθὰ
2843 3268 2940 3322 καὶ
2962 3266 3241 3330 τάναντία,
3272 3266 3366 3319 καὶ
3396 3263 3557 3318 πάλιν
3595 3264 3749 3315 ἐκεῖ.

2166 3361 2258 3414 θεν
2295 3363 2465 3432 ἐκρεῖ.
2496 3359 2588 3412 Διὸ
2621 3360 2715 3414 καὶ
2755 3361 2785 3412 ό
2817 3358 3102 3429 προφήτης
3138 3356 3302 3426 φησὶν
3338 3353 3627 3424 Ἱερεμίας.
3660 3354 3748 3406 ὅτι

2173 3472 2190 3504 ι
2217 3453 2457 3515 Θάνατος
2491 3449 2657 3519 ἀνέϐη
2689 3449 2777 3504 διὰ
2803 3449 2909 3503 τῶν
2948 3448 3197 3519 θυρίδων.
3222 3466 3239 3498 ι
3265 3474 3334 3486 --
3373 3462 3393 3498 ι
3414 3445 3473 3498 '0
3497 3444 3608 3515 γάρ
3640 3447 3750 3512 ἐμ-

2166 3542 2369 3610 ϐλέψας
2419 3543 2657 3612 γυναῖκα
2711 3539 2847 3611 πρὸς
2908 3538 2969 3592 τὸ
3021 3537 3359 3609 ἐπιθυμῆσαι
3417 3535 3590 3606 αὐτῆς
3639 3534 3750 3604 ἥδη

2165 3633 2486 3704 ἐμοίχευσεν
2519 3631 2689 3704 αὐτὴν
2733 3634 2790 3685 ὲν
2820 3633 2884 3702 τῇ
2919 3629 3119 3701 καρδίᾳ
3151 3626 3339 3693 αὐτοῦ,
3371 3645 3390 3678 ι
3445 3626 3540 3680 καὶ
3567 3625 3755 3694 εἰσέρ-

2165 3739 2319 3792 χεται
2357 3721 2583 3784 θάνατος
2615 3721 2703 3774 διὰ
2734 3718 2843 3774 τῶν
2875 3719 3124 3791 θυρίδων.
3158 3720 3267 3774 Kal
3297 3719 3325 3772 ὁ
3357 3716 3754 3787 παραδεξάμε-

2167 3831 2256 3878 νος
2288 3814 2457 3884 ἀκοὴν
2486 3813 2742 3885 ματαίαν,
2763 3811 2978 3883 δέχεται
3005 3811 3233 3866 θάνατον
3247 3809 3336 3865 διὰ
3361 3809 3470 3863 τῶν
3489 3807 3753 3877 θυρίδων.

2180 3908 2318 3962 Ἀλλ’
2339 3911 2372 3979 ἡ
2404 3907 2590 3978 νύμφη
2613 3907 2709 3962 νῦν
2735 3908 2833 3978 τῆς
2855 3908 2900 3940 ⁸³
2933 3907 3080 3978 ὥρας
3111 3906 3206 3961 τοῦ
3230 3905 3465 3976 νυμφίου
3501 3903 3591 3957 διὰ
3637 3901 3757 3955 τῶν

2169 4001 2398 4074 θυρίδων
2454 4001 2738 4056 ἀπολαύει.
2790 4001 2900 4053 Kal
2954 3999 3217 4070 ζητητέον
3271 3998 3391 4066 πῶς
3435 3997 3464 4049 ό
3511 3995 3757 4066 νυμφίος

2169 4092 2516 4167 παρακύπτει
2563 4092 2652 4147 διὰ
2712 4091 2823 4146 τῶν
2879 4091 3133 4163 θυρίδων,
3185 4090 3434 4144 τουτέστι
3491 4087 3579 4142 διὰ
3637 4087 3758 4140 τῶν

2168 4188 2470 4258 αἰσθήσεων
2519 4185 2628 4240 τῶν
2676 4184 2980 4256 ἡμετέρων.
3017 4183 3192 4236 Ὅταν
3241 4184 3302 4235 ἐν
3343 4182 3494 4252 νόμῳ
3537 4179 3758 4250 Κυρίου

2173 4280 2504 4351 μελετῶντες
2535 4279 2747 4351 ἡμέρας
2776 4278 2870 4331 καὶ
2908 4275 3103 4340 νυκτὸς
3136 4277 3248 4339 τοῖς
3269 4273 3436 4337 θείοις
3461 4271 3757 4342 ἐντρυφῶ-

2175 4390 2273 4443 μεν
2295 4371 2498 4440 λόγοις,
2525 4371 2620 4424 καὶ
2651 4369 2791 4440 μετὰ
2817 4366 3163 4433 κατανύξεως
3186 4366 3280 4420 καὶ
3306 4358 3560 4434 γνώσεως
3585 4379 3763 4433 προσ-

495 4469 615 4539 lege
655 4465 872 4521 Domini
915 4462 1248 4519 meditantes
1273 4459 1363 4515 die
1404 4473 1470 4514 ac
1514 4463 1678 4513 nocte
1708 4451 1916 4509 divinis
1948 4463 2059 4506 ser-

2175 4465 2390 4534 έχωμεν
2447 4464 2560 4526 τοῖς
2617 4460 3047 4534 γεγραμμένοις,
3083 4456 3424 4528 διανοίγομεν
3457 4453 3618 4526 ἡμῶν
3650 4454 3764 4517 τὰς

493 4563 749 4620 monibus
789 4561 902 4634 66
949 4559 1318 4620 oblectamur,
1357 4559 1414 4610 et
1445 4567 1572 4608 cum
1599 4547 1768 4604 animi
1798 4559 2068 4614 compun-

494 4676 700 4738 etione,
758 4682 814 4730 et
859 4671 1117 4738 scientia,
1172 4683 1298 4741 qua:
1349 4666 1560 4735 scripta
1612 4667 1742 4717 sunt
1771 4659 2070 4728 diligenter

495 4767 956 4829 consideramus,
1025 4764 1300 4820 fenestras
1363 4767 1584 4815 nostras
1635 4753 1959 4825 aperimus,
2016 4758 2072 4803 et

495 4859 684 4934 sponsi
735 4871 1026 4928 personam
1059 4854 1426 4925 suscipimus.
1467 4850 1721 4918 Cumque
1747 4845 1890 4899 alios
1922 4840 2070 4896 divi-

469 4967 597 5009 -nas
643 4948 968 5018 Scripturas
992 4945 1314 5008 recitantes,
1340 4953 1435 4998 aut
1455 4940 1526 4997 de
1558 4938 1672 4994 Deo
1703 4937 2068 4994 disserentes,

495 5042 747 5102 studiose
774 5037 1056 5100 audimus,
1088 5048 1188 5106 per
1211 5034 1351 5088 alias
1373 5045 1573 5087 rursus
1605 5028 1879 5084 fenestras
1905 5035 2070 5092 spon-

491 5151 588 5194 sus
615 5132 908 5206 prospicit,
937 5136 992 5186 et
1028 5125 1309 5198 propriam
1343 5122 1508 5177 nobis
1541 5118 1783 5175 ostendit
1811 5113 2066 5187 pulchri-

488 5204 756 5285 tudinem.
792 5221 912 5280 Non
947 5223 1130 5278 solum
1172 5227 1366 5272 autem
1391 5229 1488 5287 per
1529 5211 1806 5267 fenestras
1842 5204 2059 5277 prospi-

562 5396 586 5426 ε
618 5384 722 5440 lsa.
761 5398 849 5447 ιι,
887 5381 940 5435 4.
1014 5378 1040 5417 ά
1074 5376 1205 5431 Luc.
1240 5390 1321 5437 ιιι,
1355 5373 1407 5426 5.

2173 4555 2416 4627 θυρίδας,
2443 4555 2538 4608 καὶ
2557 4552 2929 4624 ὑποδεκόμεθα
2954 4551 3049 4606 τοῦ
3083 4549 3315 4621 νυμφίου
3341 4548 3402 4602 τὸ
3433 4547 3764 4616 πρόσωπον.

2174 4648 2285 4702 Kal.
2316 4646 2443 4701 ὅταν
2489 4648 2692 4717 ἑτέρων
2723 4644 3203 4714 ἀναγινωσκόντων
3243 4642 3313 4697 τὰ
3331 4641 3378 4674 ⁸⁸
3412 4641 3540 4694 θεῖα
3570 4635 3768 4707 λόγια,

2174 4738 2209 4811 ἢ
2259 4738 2388 4811 περὶ
2434 4737 2568 4792 Θεοῦ
2599 4735 3033 4807 διαλεγομένων,
3089 4733 3396 4796 σπουδαίως
3440 4730 3770 4801 uariatum

2177 4831 2341 4886 πάλιν
2369 4830 2458 4885 διὰ
2481 4829 2590 4884 τῶν
2617 4827 2794 4884 ἄλλων
2819 4826 3054 4898 θυρίδων
3076 4827 3107 4879 ὁ
3129 4823 3360 4898 νυμφίος
3378 4821 3773 4894 παρακύπτει,

2177 4925 2273 4979 καὶ
2294 4924 2340 4956 ⁸⁵
2372 4923 2434 4976 τὸ
2460 4923 2659 4976 οἰκεῖον
2689 4922 2824 4991 ἡμῖν
2855 4918 3201 4973 ὑποδείκνυσι
3234 4917 3446 4979 κάλλος.
3487 4915 3565 4968 Oti
3597 4913 3778 4984 μόνον

2172 5017 2230 5071 δὲ
2262 5016 2354 5070 διὰ
2381 5014 2490 5068 τῶν
2519 5012 2754 5084 θυρίδων
2786 5009 3158 5081 παρακύπτει,
3205 5008 3340 5062 ἀλλὰ
3365 5011 3460 5061 καὶ
3501 5003 3615 5060 ἀπὸ
3649 5004 3782 5059 τῶν

2173 5107 2409 5164 δικτύων
2436 5104 2699 5159 ἐκκόπτει
2721 5119 2735 5133 ·
2767 5099 2832 5156 οὗ
2868 5101 3267 5173 καταλιμπάνει
3302 5099 3412 5170 γὰρ
3445 5095 3616 5151 αὑτοῦ
3663 5097 3782 5168 τὴν

2173 5200 2393 5271 νύμφην
2427 5195 2798 5270 θηρευομένην
2842 5194 2948 5249 ὑπὸ
2979 5195 3087 5249 τῶν
3131 5192 3431 5248 ἐπιϐούλων
3458 5190 3782 5262 δαιμόνων,

1496 5374 1520 5402 °
1550 5367 1692 5425 Psal.
1736 5381 1922 5430 um,
1954 5361 2113 5418 8-H.
2197 5359 2216 5398 τ
2250 5356 2455 5422 Jerem,
2498 5369 2575 5422 rx,
2607 5355 2698 5410 2|.
2781 5355 2807 5395 ⁸
2843 5351 3035 5408 Matth.
3086 5368 3139 5416 v,
3173 5350 3266 5406 28.

1787 5500 2021 5558 νΑῆιῶ
2061 5491 2366 5553 LECTION
2380 5491 2484 5549 ES.

558 5681 606 5711 "
637 5677 768 5732 nec.
810 5671 969 5728 lectio
991 5681 1076 5727 est
1101 5669 1406 5724 ὲκκύπτων.
1489 5665 1652 5720 Hebr.
1680 5663 1925 5719 emicans
1951 5659 2186 5732 s._quas_i
2224 5655 2594 5732 efflorescenti.
2673 5650 2716 5732 ξι
2750 5651 3007 5732 θυρίδωνἱ
3030 5649 3154 5704 cod.
3180 5662 3366 5718 praem.
3398 5643 3526 5703 τῶν.
3553 5645 3600 5680 ⁸⁸
3627 5645 3781 5707 cod.

495 5751 594 5815 ῥεῖ.
679 5748 726 5780 ⁸⁸
757 5744 852 5801 νῦν
874 5743 988 5814 τῆς.
1022 5741 1146 5800 cod.
1179 5738 1362 5810 αὐτῆς.

1451 5737 1496 5770 ⁸⁸
1537 5737 1623 5790 τά.
1661 5734 1786 5790 cod.
1826 5731 1940 5786 καί.
2008 5720 2058 5762 ’ί
2092 5729 2185 5781 καὶ
2223 5757 2291 5766 -
2329 5725 2612 5780 ὲκκύπτει.
2656 5722 2771 5778 des.
2818 5720 2873 5776 in
2907 5720 3031 5776 cod.
