3940 6200
253 330 334 396 101
1312 339 1390 398 IN
1421 337 1805 404 CANTICUM
1830 339 2119 399 CANTIC.
2149 339 2294 399 LIB.
2321 339 2404 399 Ιῐ.

3400 351 3502 418 102

248 452 326 504 χαί
369 449 620 512 δικτύοις
668 453 1158 524 περιϐαλλομένην,
1208 453 1394 507 ἀλλάί
1439 453 1626 524 ῥύεται
1653 453 1808 523 αύτὴε

1927 454 2026 515 cit,
2071 454 2163 508 sed
2213 455 2381 508 etiam
2430 467 2498 508 ex
2548 453 2816 510 cancellis
2855 463 2909 510 et
2950 455 3165 513 retibus
3210 465 3501 530 prospicit.

245 543 299 594 ὲκ
325 541 553 610 παγίδος
601 541 912 614 θηρευτῶν,
958 544 1053 596 καὶ
1081 542 1187 596 ἀπὺ
1213 543 1372 612 λόγου
1402 542 1764 614 ταραχώδους.
1799 563 1817 594 ι

246 633 339 685 Καὶ
382 635 440 684 ὲν
471 634 666 696 αὐτοῖς
697 634 754 687 δὲ
779 638 894 697 τοῖς
920 637 1244 706 πειρασμοῖς
1276 635 1540 688 ὲκκύπτει
1584 635 1672 688 διὰ
1715 634 1826 689 τῶν

247 721 486 786 δικτύων,
520 722 623 775 καὶ
652 724 978 794 ψυχαγωγεῖ
1000 725 1167 796 αὐτὴν
1220 726 1706 799 πολιορκουμένην,
1730 727 1824 780 καὶ

243 813 297 864 τὸ
327 814 592 883 φρόνημα
637 815 813 885 αὐτῆς
842 815 1078 886 ἀνορθοῖ.
1116 817 1226 871 Καὶ
1255 816 1413 870 τοῦτο
1459 818 1607 872 ἐστιν
1644 819 1824 888 εὑρεῖν

245 904 294 956 έν
314 922 368 957 τε
391 908 459 976 τῇ
487 907 708 978 Παλαιᾷ
733 908 828 961 καὶ
848 911 912 980 τῇ
939 909 1052 980 Νέᾳ
1075 909 1286 982 Γραφῇ,
1313 908 1418 963 ὑπὸ
1443 909 1538 965 τοῦ
1559 910 1693 964 Θεοῦ
1715 911 1824 964 τῶν

245 995 369 1049 ὅλων
402 1000 803 1069 γεγενημένον,
843 1003 938 1054 καὶ
976 1003 1102 1066 τοὺς
1147 1002 1391 1066 εὐσεϐεῖς
1431 1002 1610 1074 πάσης
1638 1018 1819 1073 παρα-

244 1084 408 1154 ψυχῆς
435 1085 570 1158 ,ὑπὸ
616 1085 713 1140 τοῦ
763 1087 899 1141 Θεοῦ
928 1089 1036 1142 τῶν
1071 1090 1209 1143 ὅλων
1266 1091 1654 1161 τετυχηκότας.
1693 1093 1820 1143 Συνο

247 1177 482 1246 εχὼρησε
512 1177 616 1246 μὲν
664 1177 774 1248 γὰρ
824 1179 1140 1250 ἁρπαγῆναι
1188 1181 1288 1252 τὴν
1319 1182 1537 1253 Σάρραν
1587 1181 1691 1235 ὑπὸ
1722 1181 1816 1235 τοῦ

247 1267 462 1336 Φαραὼ’
502 1270 792 1340 παρέκυψε
830 1271 888 1325 δὲ
928 1272 1017 1326 διὰ
1046 1272 1154 1326 τῶν
1195 1272 1451 1340 δικτύων,
1495 1273 1590 1328 καὶ
1619 1273 1710 1327 τόν
1756 1290 1817 1326 τε

249 1358 580 1429 πατριάρχην
627 1361 882 1432 Ἀϐραὰμ
911 1362 1325 1436 ἐψυχαγώγησε,
1373 1365 1468 1418 καὶ
1512 1365 1578 1419 τὰ
1624 1365 1816 1418 δίκτυα

249 1449 541 1513 διασπάσας
591 1451 729 1505 σῶον
773 1453 922 1524 αύτῴ
962 1454 1023 1508 τὸ
1057 1454 1344 1526 θήραμα⁸⁶
1376 1459 1470 1510 καὶ
1515 1456 1664 1524 ὑγιὲς
1712 1457 1818 1510 ἀπ-

251 1541 458 1596 έδωκεν.
513 1543 790 1614 Ἥγρεύθη
857 1546 1019 1599 πάλιν
1069 1547 1172 1600 ὑπὸ
1231 1546 1322 1601 τοῦ
1367 1548 1674 1620 Ἀϐιμέλεχ,
1721 1550 1816 1602 καὶ

254 1632 401 1685 πάλιν
432 1634 784 1704 παρακύπτει
813 1636 900 1690 διὰ
932 1636 1038 1692 τῶν
1066 1638 1319 1706 δικτύων,
1353 1640 1447 1693 καὶ
1471 1641 1532 1693 ού
1569 1641 1727 1711 μόνον
1755 1640 1816 1693 τὸ

255 1721 460 1790 θήραμα
497 1723 724 1788 ἔσωσεν,
757 1725 894 1780 ἀλλὰ
922 1728 1013 1780 καὶ
1047 1729 1136 1780 τὸν
1164 1728 1435 1800 Θηρευτὴν
1461 1729 1811 1800 εὐεργέτησε.

1927 543 2117 613 Neque
2146 545 2292 599 enim
2328 558 2588 613 sponsam
2618 559 2776 600 suam
2808 546 3118 602 da'monum
3147 549 3368 606 insidiis
3405 569 3500 623 pc-

1925 635 2106 697 titam,
2135 642 2189 688 et
2210 634 2422 689 retibus
2442 635 2902 703 comprehensam
2928 637 3153 701 deserit,
3183 637 3278 692 scd
3304 639 3502 693 liberat

1923 740 2043 780 eam
2081 739 2110 778 a
2143 725 2340 795 laqueo
2389 727 2733 790 venantium,
2782 733 2836 782 et
2864 741 2894 780 a
2925 728 3095 782 verbo
3125 743 3326 796 aspero
3355 729 3404 783 ιι.
3437 729 3502 784 Ει

1926 820 1981 872 in
2023 817 2158 888 ipsis
2206 817 2615 875 tentationibus
2661 820 2928 890 prospicit
2970 835 3068 891 per
3101 821 3405 886 cancellos,
3438 837 3502 876 ac

1925 925 2183 981 sponsam
2233 918 2449 964 recreat
2497 920 2893 980 oppugnatam,
2934 922 2987 966 et
3021 912 3267 966 animum
3320 912 3498 981 ipsius

1923 1003 2108 1072 erigit.
2157 1000 2328 1071 idque
2372 1009 2482 1055 tam
2539 1003 2591 1055 iu
2625 999 2836 1066 Veteri,
2873 1017 3037 1072 quam
3066 1003 3119 1056 in
3154 1002 3305 1057 Nova
3346 1003 3499 1058 Scri-

1919 1100 2106 1162 ptura,
2155 1092 2228 1146 ab
2273 1092 2664 1147 universorum
2698 1091 2809 1146 Deo
2856 1093 3061 1147 factum
3091 1110 3212 1149 esse
3249 1095 3378 1149 licet
3413 1097 3498 1150 in.

1919 1185 2135 1250 venire,
2171 1193 2231 1238 ut
2264 1185 2332 1239 ab
2359 1186 2481 1254 ipso
2512 1184 2764 1240 homines
2797 1186 2872 1254 pii
2901 1200 3119 1242 onmem
3154 1188 3495 1243 consolatio-

1918 1291 2042 1330 nem
2090 1277 2430 1348 acceperint.
2479 1275 2618 1330 Cum
2659 1278 2806 1331 enim
2859 1279 3210 1346 permisisset
3245 1287 3306 1333 ut
3361 1278 3497 1334 Sara

1919 1375 2214 1438 raperetur
2243 1383 2275 1422 a
2307 1367 2597 1423 Pharaone
2622 1406 2637 1430 ,
2673 1370 2958 1438 prospexit
3001 1385 3100 1438 per
3127 1371 3406 1426 cancellos
3443 1380 3499 1425 et

1920 1460 2080 1524 retia,
2135 1468 2188 1515 et
2238 1459 2612 1514 Abrahamum
2662 1459 3042 1530 patriarcham
3075 1463 3374 1524 recreavit,
3411 1476 3500 1516 re-

1918 1550 2176 1620 tibusqne
2214 1549 2465 1619 disjectis
2489 1549 2730 1620 praedam
2771 1549 2877 1620 ipsi
2916 1550 3126 1606 salvam
3160 1561 3326 1622 atque
3356 1552 3498 1606 inte-

1915 1657 2070 1708 gram
2100 1642 2340 1698 reddidit
2375 1641 2418 1698 ί.
2443 1642 2618 1714 Capta
2649 1643 2852 1698 iterum
2881 1643 2986 1698 fuit
3009 1643 3080 1698 ab
3102 1644 3490 1699 Abimelecho:

1915 1739 1971 1786 et
2005 1747 2198 1788 rursus
2229 1748 2328 1802 per
2364 1733 2498 1789 retia
2545 1736 2870 1805 prospexit,
2903 1742 2961 1790 et
2988 1751 3100 1791 non
3133 1737 3312 1791 solum
3349 1753 3493 1808 pra“:-

255 1809 408 1862 Τοῦτο
453 1813 545 1864 καὶ
601 1813 696 1866 ἐπὶ
743 1813 838 1868 τοῦ
894 1815 1077 1870 Ἰσαὰκ
1120 1819 1420 1888 πεποίηκε·
1456 1818 1675 1872 τοιαῦτα
1705 1820 1808 1889 γὰρ

1915 1823 2040 1877 dam
2076 1825 2342 1888 servavit,
2394 1839 2586 1879 verum
2641 1827 2812 1880 etiam
2867 1825 3142 1883 beneﬁcio
3173 1839 3492 1885 venatorem

257 1902 336 1953 ἐπὶ
374 1905 436 1972 τῇ
457 1902 502 1933 ⁸⁷
543 1904 809 1978 Ῥεϐέκκα
859 1908 1145 1973 πέπονθεν,
1192 1905 1280 1963 οἷα
1319 1910 1410 1963 ἐπὶ
1445 1913 1510 1982 τῇ
1547 1911 1731 1983 Σάρρᾳ
1785 1913 1814 1965 δ

206 2011 214 2019 ·
259 1994 441 2065 πατήρ.
490 1994 660 2050 Τοῦτο
702 1999 796 2050 καὶ
843 2000 937 2052 ἐπὶ
964 1999 1057 2052 τοῦ
1099 2000 1295 2055 Ἰακὼϐ
1342 2004 1674 2073 εἰργάσατο·
1714 2003 1811 2058 τοῦ

259 2085 353 2156 γὰρ
399 2087 656 2156 κηδεστοῦ
707 2089 1032 2145 καταλαϐεῖν
1073 2092 1235 2145 αὑτὸν
1285 2093 1673 2157 σπουδάζοντος
1719 2095 1813 2148 καὶ

260 2176 443 2230 ἀνελεῖν
488 2178 965 2252 προθυμουμένου,
1016 2183 1362 2253 ἐπιφαίνεται
1399 2185 1560 2239 πάλιν
1591 2185 1676 2240 διὰ
1703 2185 1811 2239 τῶν

259 2268 483 2333 δικτύων,
519 2269 614 2322 καὶ
643 2271 734 2324 τὸν
767 2273 867 2342 μὲν
921 2273 1116 2327 Ἰακὼϐ
1153 2276 1584 2348 παραθαρρύνει,
1618 2279 1709 2331 τὸν
1753 2276 1810 2330 δὲ

258 2359 417 2412 Λαϐαν
465 2357 782 2416 δεδίττεται.
831 2363 943 2416 Καὶ
978 2363 1137 2435 ἡνίκα
1177 2366 1234 2419 δὲ
1285 2367 1446 2419 πάλιν
1494 2368 1663 2420 ἔδεισε
1712 2367 1811 2440 τὴν

257 2448 335 2502 τοῦ
365 2451 581 2518 ἀδελφοῦ
609 2455 936 2525 παρουσίαν,
969 2456 1218 2524 φαίνεται
1243 2457 1415 2510 καὶτὸ
1435 2459 1549 2522 δέος
1572 2459 1807 2525 ἐλαύνει,

256 2541 336 2594 καὶ
375 2541 564 2613 θάρσος
595 2544 856 2615 ἐντίθησι.
903 2547 1012 2599 Καὶ
1043 2547 1120 2617 τῷ
1156 2547 1356 2618 Ἰωσὴφ
1388 2549 1443 2602 δὲ
1486 2551 1811 2621 ἐξανδραπο-

251 2631 458 2685 δισθέντι
511 2635 605 2686 καὶ
660 2635 834 2706 δούλῳ
870 2640 1182 2710 γενομένῳ,
1238 2642 1340 2693 κὰν
1392 2643 1458 2712 τῇ
1514 2642 1806 2715 δεσποτικῇ

251 2723 400 2794 συνῆν
427 2725 592 2797 οἰκία,
625 2728 726 2780 κάν
751 2727 829 2798 τῷ
849 2729 1211 2802 δεσμωτηρίῳ
1246 2733 1446 2803 παρῆν,
1481 2735 1576 2786 καὶ
1603 2751 1807 2790 πανταο

248 2813 331 2883 χοῦ
365 2816 446 2868 διὰ
476 2818 582 2870 τῶν
618 2818 850 2872 δικτύων
874 2820 1248 2890 παρακύπτων
1279 2824 1624 2894 ψυχαγωγῶν
1644 2827 1806 2881 αὐτὸν

245 2903 464 2960 διετέλει.
511 2909 619 2961 Καὶ
656 2909 743 2964 ίνα
793 2912 924 2974 τοὺς
973 2915 1031 2964 ὲν
1085 2913 1237 2984 μέσῳ
1273 2917 1557 2971 καταλίπω
1594 2918 1804 2987 ἁγίους,

247 2995 441 3065 φεύγων
489 3000 586 3053 τοῦ
636 3001 796 3070 λόγου
835 3003 896 3055 τὸ
928 3003 1135 3074 μῆκος,
1186 3005 1330 3060 οὕτω
1376 3008 1466 3062 τὸν
1495 3010 1806 3078 σοφώτατον

242 3088 413 3158 Δανιὴλ
464 3089 865 3164 ἐψυχαγώγησε
906 3095 1278 3166 παραδοθέντα
1311 3101 1422 3163 τοῖς
1469 3099 1668 3166 λέουσι,
1709 3104 1806 3157 καὶ

241 3178 299 3231 ἐκ
321 3180 421 3232 τῶν
446 3181 677 3237 δικτύων
707 3186 1085 3256 παρακύπτων
1119 3188 1344 3262 θαρρεῖν
1368 3194 1803 3264 παρεσκεύαζεν

241 3267 367 3324 οὕτω
389 3276 491 3338 τοῖς
531 3277 828 3347 μακαρίοις
849 3279 1080 3344 ἐκείνοις
1106 3283 1295 3336 παισὶν
1331 3286 1412 3347 εἰς
1440 3284 1540 3356 τὴν
1567 3285 1805 3357 φοϐερὰν

239 3363 434 3436 ἐκείνην
465 3369 793 3441 συνελήλυθε
838 3371 1106 3442 κάμινον·
1142 3374 1284 3429 οὕτω
1325 3379 1438 3440 τοῖς
1460 3377 1637 3446 ἁγίοις
1671 3379 1807 3435 ἀπο-

237 3456 422 3521 στόλοις
448 3462 528 3524 εἰς
549 3461 614 3515 τὸ
639 3463 1012 3536 δεσμωτήριον
1028 3466 1382 3540 έμϐληθεῖσιν
1401 3469 1508 3524 ὑπὸ
1537 3470 1804 3525 Ἰουδαίων

236 3548 434 3622 θαρρεῖν
460 3555 889 3626 παρεκελεύετο,
927 3558 1023 3611 καὶ
1057 3559 1196 3630 μετὰ
1241 3562 1560 3632 παρρησίας
1601 3562 1804 3633 κηρύτ-

233 3657 337 3694 τειν
387 3645 485 3715 τῆς
536 3646 827 3711 εὐσεϐείας
879 3648 973 3701 τὸν
1021 3648 1205 3717 λόγον·
1256 3649 1399 3703 οὕτω
1439 3650 1579 3721 μετὰ
1627 3650 1802 3706 ταῦτα

232 3737 589 3806 κατειρχθέντι
630 3739 690 3790 ὲν
737 3739 1134 3811 Ἰεροσολύμοις
1160 3741 1240 3812 τῷ
1276 3744 1536 3814 μακαρίῳ
1581 3744 1799 3816 Παύλῳ,

229 3825 315 3878 καὶ
341 3827 427 3879 τὸν
442 3827 671 3882 θάνατον
690 3831 1083 3901 προσδοκῶντι,
1109 3831 1308 3904 θάρσος
1330 3835 1570 3906 ἐντίθησι
1590 3836 1764 3904 λέγων
1779 3876 1795 3901 ,

235 3916 492 3989 «Θάῥρει,
529 3921 716 3974 Παῦλε
738 3938 751 3951 ·
784 3922 863 3986 ὡς
911 3924 1020 3994 γὰρ
1049 3926 1344 3997 ὲμαρτύρω
1391 3927 1457 3981 τὰ
1493 3928 1620 3998 περὶ
1662 3927 1796 3998 ἐμοῦ

227 4007 280 4058 ἐν
321 4010 730 4082 Ἰεροσολύμοις,
770 4011 916 4067 οὕτω
961 4031 1019 4067 σε
1045 4015 1127 4069 δεῖ
1164 4017 1258 4069 καὶ
1285 4018 1365 4080 εἰς
1405 4018 1622 4090 Ῥώμην
1656 4037 1801 4090 μαρ-

226 4100 466 4171 τυρῆσαι.
506 4121 526 4156 ι
567 4103 743 4158 Τοῦτο
808 4107 908 4159 καὶ
965 4108 998 4178 ἡ
1057 4107 1242 4180 νύμφη
1297 4112 1643 4183 αἰνιττομένη
1699 4130 1802 4184 φη·-

231 4190 389 4248 civ“.

293 4478 337 4526 ι’.
379 4472 789 4541 Ἀποκρίνεται
824 4477 859 4527 o'
907 4474 1271 4546 ἀδελφιδοῦς
1315 4497 1462 4549 μου,
1492 4482 1589 4535 καί
1635 4481 1797 4553 λέγει

225 4579 310 4629 μοι
332 4578 344 4590 '
383 4563 669 4628 Ἀνάστα,
692 4565 832 4619 ἐλθὲ
851 4566 921 4631 ⁸⁸,
946 4568 986 4636 ἠ
1021 4571 1288 4636 πλησίον
1310 4573 1623 4640 μου,κα.ῑή
1651 4593 1794 4644 μου,

226 4657 529 4724 περιστερὰ
547 4674 671 4725 μου
699 4657 768 4709 ’⁸.
789 4659 1078 4730 Μαρτυρεῖ
1095 4661 1172 4731 τῷ
1194 4662 1380 4716 κάλλει
1399 4664 1498 4733 τῆς
1528 4665 1746 4737 νύμφης
1767 4669 1797 4723 ὁ

224 4747 462 4816 νυμφίοςο
490 4748 590 4801 καὶ
612 4749 711 4818 οΰχ
741 4748 930 4812 ἁπλῶς
960 4750 1129 4821 αὐτὴν
1155 4751 1321 4824 καλὴν
1339 4753 1405 4816 ⁹¹,
1432 4754 1565 4808 ἀλλὰ
1592 4757 1795 4828 «καλήν

226 4841 376 4910 μουί⁹³
397 4859 416 4892 ι
447 4841 636 4922 καλεῖ
657 4840 927 4894 διδάσκων
950 4843 1033 4896 ὅτι
1070 4843 1189 4896 λίαν
1213 4844 1362 4916 αὐτῷ
1388 4846 1448 4899 τὸ
1473 4847 1668 4911 κάλλος
1696 4850 1796 4903 αὑ-

223 4928 308 4998 τῆς
327 4931 568 5000 ἀρέσκει.
608 4931 1016 5002 Προσαγορεύει
1039 4932 1094 4987 δὲ
1121 4935 1289 5006 αὐτὴν
1323 4937 1418 4990 καὶ
1447 4940 1793 5009 περιστερὰν,

224 5019 309 5092 τὴν
334 5021 708 5093 πνευματικὴν
748 5022 911 5094 χάριν
943 5023 1030 5078 διὰ
1059 5025 1247 5079 τούτου
1294 5027 1387 5082 τοῦ
1418 5029 1683 5099 ὀνόματος
1713 5033 1796 5084 αἰ-

1913 1912 2099 1967 all‘eeit
2134 1917 2181 1968 t.
2213 1912 2360 1969 Idem
2392 1924 2448 1970 et
2479 1914 2670 1971 lsaaco
2708 1918 2990 1986 praestitit,
3029 1934 3156 1976 cum
3188 1921 3383 1976 eadem
3413 1922 3493 1976 illi

1912 2019 2036 2059 cum
2075 2004 2349 2070 llehecca,
2386 2023 2507 2078 qua:
2535 2009 2679 2078 patri
2712 2025 2838 2064 cum
2868 2010 3026 2075 Sara,
3051 2014 3489 2083 contigissent".

1910 2094 2056 2153 Idem
2087 2101 2348 2170 prmstitit
2378 2111 2433 2155 et
2459 2099 2690 2156 Iacobo.
2723 2101 2860 2158 Cum
2894 2106 3040 2159 enim
3073 2120 3232 2160 socer
3252 2106 3397 2175 ejus,
3435 2117 3494 2160 ut

1911 2189 2091 2260 ipsmn
2147 2192 2648 2262 comprehenderet
2703 2204 2869 2264 atque
2926 2196 3231 2265 spoliaret,
3273 2196 3488 2252 ardenti

1911 2283 2097 2337 animo
2125 2293 2574 2354 persequeretur,
2607 2302 2705 2356 per
2733 2287 3014 2342 cancellos
3043 2297 3098 2344 et
3125 2289 3264 2343 retia
3295 2304 3354 2344 se
3377 2290 3494 2345 illis

1911 2375 2346 2444 prospicientem
2376 2377 2484 2448 67
2521 2377 2795 2443 exhibuit,
2849 2393 2912 2432 ac
2945 2377 3212 2434 Jacobum
3265 2382 3491 2452 quidem

1911 2465 2057 2520 bono
2118 2465 2360 2536 fortique
2419 2468 2605 2524 animo
2653 2469 2823 2539 jussit
2854 2485 2994 2534 esse,
3036 2470 3314 2527 Labanem
3360 2489 3493 2528 vero

1909 2557 2180 2613 deterruit
2210 2559 2251 2612 1.
2302 2561 2555 2632 Cumque
2588 2577 2782 2634 rursus
2821 2564 3012 2619 l‘ratris
3044 2566 3340 2620 adventum
3376 2567 3489 2622 ior-

1911 2649 2166 2716 midaret,
2205 2654 2468 2722 apparuit
2495 2655 2569 2719 ei,
2602 2663 2810 2710 metum
2837 2655 3125 2719 abstersit,
3169 2659 3491 2714 audaciam-

1909 2757 2016 2812 que
2062 2744 2339 2814 snggessit
2389 2751 2449 2799 ".
2504 2744 2616 2801 Nec
2668 2762 2777 2801 non
2827 2756 2880 2801 et
2933 2743 3176 2818 Josepho
3240 2751 3488 2815 vendito,

1908 2845 2075 2906 atque
2125 2837 2180 2890 in
2230 2837 2553 2893 servitutem
2605 2838 2867 2905 abducto,
2930 2849 3046 2896 tum
3098 2843 3154 2896 in
3198 2829 3491 2901 domo‘ubi

1907 2927 2207 2990 serviebat,
2250 2935 2366 2982 ttun
2401 2930 2568 2983 etiam
2623 2929 2677 2984 in
2732 2946 2957 2986 carcere
3013 2943 3216 3002 praesto
3269 2934 3404 2999 fuit,
3436 2943 3492 2989 et

1907 3016 2112 3086 ubique
2168 3033 2266 3087 per
2315 3020 2599 3075 cancellos
2655 3022 3004 3091 prospiciens
3059 3038 3279 3092 semper
3333 3024 3489 3078 illum

1908 3106 2235 3161 consolatus
2267 3114 2422 3163 est".
2475 3108 2678 3177 Atque,
2724 3118 2782 3164 ut
2824 3111 2975 3165 viros
3005 3120 3252 3176 sanctos,
3298 3113 3392 3181 qui
3432 3112 3488 3168 in

1908 3196 2088 3252 medio
2119 3197 2286 3266 positi
2317 3206 2468 3262 sunt,
2499 3198 2721 3254 silentio
2749 3198 3130 3270 praeteream,‘
3153 3218 3219 3257 ne
3273 3203 3491 3274 longior

1905 3280 2034 3349 sim,
2074 3281 2271 3336 eodem
2298 3283 2463 3338 modo
2496 3297 2562 3337 ex
2584 3287 2851 3341 cancellis
2882 3287 3233 3358 prospiciens
3261 3291 3488 3360 sapien-

1904 3378 2187 3433 tissimum
2213 3377 2540 3434 consolatus
2567 3386 2653 3434 est
2692 3388 2746 3434 et
2783 3379 2929 3435 bono
2951 3382 3137 3436 animo
3158 3398 3282 3438 esse
3315 3384 3490 3454 jussit

1905 3467 2213 3534 Danielem,
2261 3485 2389 3525 cum
2429 3471 2687 3527 leonibus
2717 3472 2785 3528 ad
2819 3473 3198 3528 devorandum
3236 3475 3488 3544 objectus

1905 3569 2057 3618 esset
2079 3569 2130 3617 ο.
2173 3561 2380 3618 Eodem
2435 3563 2600 3620 modo
2637 3579 2784 3620 cum'
2813 3565 2991 3621 beatis
3052 3567 3160 3623 illis
3207 3569 3395 3638 pueris
3430 3569 3488 3624 in

1905 3650 2235 3706 horrendam
2272 3652 2422 3706 illam
2463 3651 2742 3709 fornacem
2772 3655 3044 3725 conjectis
3095 3655 3261 3710 simul
3292 3657 3488 3712 obam-

1903 3742 2114 3798 bulavit
2147 3754 2194 3798 Ρ.
2229 3742 2436 3799 Eodem
2477 3746 2640 3800 modo
2672 3731 2884 3801 sanctis
2927 3747 3200 3817 apostolis
3227 3765 3256 3802 a
3286 3747 3490 3804 Jndzeis

1903 3834 1958 3889 in
1976 3837 2282 3890 custodiam
2302 3837 2546 3892 detrusis
2575 3838 2830 3893 ﬁduciam
2862 3840 3265 3909 suppeditavit,
3290 3841 3492 3910 jussit-

1901 3943 2008 3999 que
2046 3937 2104 3982 ut
2136 3929 2359 3997 pietatis
2407 3928 2636 3984 verbum
2677 3930 2940 3984 audacter
2987 3933 3406 4003 promulgarent
3435 3943 3488 3986 ιι.

1910 4019 2115 4075 Eodem
2158 4020 2321 4075 modo
2373 4028 2569 4092 postea
2597 4021 2818 4076 beatum
2855 4020 3084 4077 Paulum
3118 4024 3488 4094 comprehen-

1911 4128 2032 4166 sum
2066 4121 2119 4167 et
2157 4120 2390 4167 mortem
2421 4119 2836 4182 exspectantem
2875 4113 3246 4178 conﬁrmavit,
3288 4134 3305 4166 ι
3342 4115 3489 4170 Con-

1909 4205 2037 4269 ﬁde,
2089 4205 2371 4275 inquiens,
2429 4203 3129 4274 Paule:quemadmodum
3166 4206 3311 4259 enim
3356 4203 3487 4260 Hie-

1908 4294 2202 4365 rosolymis
2249 4294 2316 4348 de
2367 4308 2453 4348 me
2495 4293 2824 4349 testiﬁcatus
2858 4310 2918 4350 es
2942 4333 2957 4359 ,
2991 4297 3072 4350 sic
3102 4303 3154 4348 te
3185 4302 3403 4363 oportet
3433 4303 3490 4349 et

1905 4385 2092 4441 Romae
2122 4386 2412 4441 testiﬁcari
2456 4396 2500 4440 τ.
2534 4405 2551 4436 ι
2606 4384 2720 4439 Hoc
2751 4393 2804 4439 et
2831 4401 3034 4454 sponsa
3069 4385 3329 4446 innitens,
3371 4384 3482 4438 ait:

1975 4477 2144 4535 Vens.
2190 4479 2279 4532 10.
2319 4477 2611 4547 Respondet
2651 4493 2807 4545 nepos
2849 4492 3018 4541 meus,
3049 4485 3100 4528 et
3141 4476 3269 4527 dicit
3306 4474 3485 4530 mihi:

1905 4569 2098 4642 Surge,
2133 4572 2272 4635 veni,
2303 4571 2598 4640 propinqua
2632 4586 2773 4633 mea,
2804 4569 3043 4637 formosa
3079 4583 3215 4632 mea,
3245 4565 3487 4622 columba

1903 4681 2039 4720 mea.
2075 4663 2418 4718 Testimonio
2447 4678 2548 4718 suo
2580 4675 2796 4730 sponsa?
2827 4659 3290 4730 pulchritudinem
3319 4676 3486 4731 spon-

1903 4774 1998 4814 sus
2028 4756 2374 4812 commendat
2407 4773 2418 4808 :
2453 4769 2554 4808 nec
2590 4753 2825 4807 formosa
2856 4752 3176 4822 simpliciter
3201 4751 3353 4818 dicit,
3388 4753 3483 4808 sed

1865 4863 1868 4867 '
1910 4869 1929 4901 ι
1963 4847 2202 4901 formosa
2239 4860 2400 4898 mea:
2440 4863 2458 4895 ι
2499 4851 2558 4897 ιιι
2588 4842 2783 4898 doceat
2829 4843 2949 4914 ejus
2993 4841 3223 4897 formam
3256 4843 3358 4898 sibi
3388 4843 3484 4897 ad-

1904 4938 2126 4993 modum
2160 4937 2399 5008 placere.
2443 4935 2692 5007 Appellat
2743 4946 2922 4989 autem
2966 4935 3138 5005 ipsam
3185 4942 3239 4989 et
3270 4934 3482 4988 colum-

1903 5032 2050 5098 bam,
2088 5031 2197 5084 hoc
2245 5028 2468 5082 nomine
2520 5027 2749 5099 spiritus
2804 5027 3037 5099 gratiam
3083 5026 3196 5097 68
3225 5026 3478 5084 innitens.

285 5133 491 5216 :PsaI.
529 5135 707 5216 xm}.
792 5136 810 5177 ί
844 5135 1126 5216 Gemnxn,
1155 5140 1222 5196 15
1257 5156 1414 5212 seqq.
1494 5141 1507 5192 i
1551 5141 1817 5216 Gentxx,
1849 5147 1885 5200 2
1931 5162 2086 5216 seqq.
2165 5144 2189 5183 κ
2226 5143 2362 5216 Gen:
2385 5142 2579 5207 xxiv,l
2616 5157 2772 5216 seqq.
2855 5140 2872 5180 ι
2901 5139 3039 5216 Gen.
3078 5155 3230 5205 xxxi,
3258 5142 3286 5216 _l
3319 5157 3477 5212 seqq.

223 5208 257 5238 ¹¹
283 5201 410 5277 Gen.
439 5221 613 5261 xxxu.
636 5206 670 5261 9
697 5221 856 5277 seqq.
945 5215 973 5246 ³
992 5201 1131 5268 Gen.
1151 5201 1564 5266 xxxvii-ium.

223 5279 242 5305 τ
269 5275 380 5328 Act.
423 5291 586 5339 xxtu,
615 5277 677 5331 ﬂ

1644 5224 1664 5244 °
1692 5215 1807 5270 Dan

1920 5211 2196 5286 ,liseqq.
2275 5224 2303 5264 P
2329 5211 2464 5268 Dan.
2509 5228 2599 5278 ιιι,
2631 5215 2653 5267 l
2694 5211 2850 5284 seqq.
2925 5223 2952 5262 ιι
2982 5214 3103 5267 Aet.
3142 5226 3216 5277 tv,
3252 5211 3276 5264 1
3322 5227 3478 5283 seqq.

1526 5392 1762 5448 VARIAS
1804 5393 2217 5451 LbCTlONES.

277 5510 318 5542 ⁸⁸
348 5508 468 5564 cod.
483 5509 729 5582 εἰήρημτιἐ

818 5505 1024 5588 ".cod.
1058 5505 1182 5588 tﬁg.
1243 5503 1287 5535 ⁸⁸
1317 5507 1807 5588 cpn_ci~l._cod.naddi

1911 5511 1995 5564 δοῦ
2017 5509 2189 5572 οὕτως
2221 5508 2441 5588 εἴρηκεν
2473 5506 2955 5588 ὀπίσω-δικτύων
2984 5507 3129 5588 (quae
3149 5512 3284 5588 sunt
3308 5505 3478 5557 verba

229 5587 390 5636 textus
414 5575 568 5637 vers:
592 5575 668 5647 9i.
699 5577 916 5636 Deinde
949 5585 1262 5646 sequuntur
1297 5579 1489 5641 multa,
1510 5578 1697 5650 ἐπειδὴ
1727 5598 1808 5633 πει

1911 5598 2089 5635 ασι-
2107 5575 2408 5640 αὑτοῦύἰὺς
2437 5580 2531 5630 καὶ
2561 5578 2736 5644 λόγος.
2779 5577 2900 5650 Haec
2925 5575 3198 5645 pertinent
3222 5575 3284 5626 ad
3316 5590 3478 5641 expo-

228 5663 454 5750 sitioqem
469 5645 636 5720 trium
657 5663 1005 5726 Patrum,ut
1030 5645 1097 5715 ex
1120 5660 1360 5714 editione
1387 5659 1505 5714 Zini
1529 5645 1698 5729 patet.
1764 5645 1965 5718 "eos.
1997 5665 2151 5719 abest
2191 5679 2220 5716 a
2253 5669 2403 5750 textu
2431 5660 2600 5750 llebt'.
2638 5660 2743 5716 Pro
2891 5663 2937 5712 ot
2969 5664 3022 5712 0'
3056 5656 3255 5730 legisse
3287 5658 3476 5712 viden-

229 5753 307 5801 tur
486 5745 531 5781 ⁹⁰
553 5745 865 5824 περιπερά
897 5761 1025 5815 μου.
1059 5742 1224 5800 Hebr.
1263 5753 1317 5800 et
1350 5746 1424 5802 ito
1453 5746 1621 5820 (tibi).
1697 5749 1739 5783 9'
1764 5765 1808 5804 Ct

1920 5748 2094 5802 καλεῖ.
2121 5749 2167 5780 ³⁸
2194 5746 2317 5801 cod.
2357 5744 2496 5815 καλή
