3940 6200
388 300 391 303 ’
450 320 558 385 103

1402 307 1887 376 TiIEODOBETI
1918 300 2255 363 EPISCOPI
2286 293 2655 357 CYRENSIS

3601 280 3705 344 104

444 445 578 498 Nam
609 440 713 496 sub
742 436 1006 492 columbae
1040 431 1219 501 specie
1246 426 1528 483 descendit
1561 436 1724 491 super
1753 433 1875 473 eum
1905 413 2021 483 Spi-
2050 460 2054 471 λ

2158 409 2429 477 ιττόμενος
2451 421 2463 432 ”
2500 407 2555 455 ἐν
2592 401 2720 453 εἴδει
2746 399 2852 468 γὰρ
2886 397 3209 467 περιστερᾶς
3248 396 3334 446 ἐπ’
3363 392 3525 446 αὑτὸν
3552 395 3705 462 ἐφοί-

447 539 586 589 ritus
612 539 862 588 sanctus.
897 526 1003 581 Eos
1036 539 1219 595 porro,
1252 520 1344 590 qui
1389 515 1616 588 perfecti
1666 518 1815 573 sunt,
1860 506 2022 576 spiri-

448 628 624 680 tuales
650 637 844 677 vocare
868 620 1063 675 solitus
1083 625 1163 670 est
1189 615 1380 668 beatus
1409 607 1632 661 Paulus.
1657 599 2022 670 Quamobrem

447 718 513 770 ad
549 712 900 784 imperfectos
931 708 1106 763 adhuc
1150 702 1401 758 scribens
1435 716 1447 753 :
1494 716 1512 750 ι
1548 695 1613 750 Et
1651 709 1787 764 ego,
1817 689 2021 758 inquit,

2124 516 2255 570 τησε
2291 497 2349 550 τὸ
2374 496 2600 564 Πνεῦμα
2625 493 2685 545 τὸ
2724 490 2893 558 ἅγιον.
2927 490 3065 551 Τοὺς
3104 487 3159 540 δὲ
3190 485 3430 549 τελείους
3461 503 3708 556 πνευμα-

2125 592 2309 653 τικοὺς
2351 584 2492 642 οἶδεν
2549 586 2576 638 6
2635 583 2902 654 μακάριος
2950 580 3163 642 Παῦλος
3218 578 3425 632 καλεῖν.
3465 577 3559 630 Διὸ
3594 578 3709 640 τοῖς

2126 683 2372 737 ἀτελέσιν
2422 678 2501 731 ξτι
2555 677 2782 746 γράφων
2819 673 2983 743 φησίν
3005 690 3019 702 ·
3057 688 3076 722 ι
3111 668 3306 738 Κάγὼ,
3335 668 3578 737 ἀδελφοὶ,
3609 668 3709 721 οὐκ

450 761 666 869 fratres,
702 819 810 856 non
842 799 986 869 potui
1020 796 1305 850 vobiscum
1341 790 1489 860 loqui
1525 795 1583 842 ut
1613 800 1736 842 cum
1764 782 2026 852 Spirilna-

2150 773 2396 846 ;5uvﬁ6qv
2455 772 2584 839 ὑμῖν
2622 767 2854 836 λαλῆσαι
2896 766 2971 827 ὡς
3018 764 3429 834 πνευματικοῖς,
3466 761 3583 815 ἀλλ’
3635 761 3710 825 ὡς

2359 864 2382 869 _
2481 863 2493 869 -
2683 858 2695 869 .
2809 859 2821 869 .
2895 856 2938 869 -.
3079 853 3106 866 ..
3243 853 3286 869 η.
3317 855 3339 869 .
3399 852 3441 869 ..ι
3543 853 3561 869 ς
3614 853 3626 869 .

448 899 612 959 libus,
648 894 742 950 sed
793 903 851 946 ut
897 904 1019 943 cum
1054 884 1416 941 carnalibus:
1471 891 1728 950 tanquam
1783 872 2027 945 parvulis

451 992 502 1041 in
541 986 762 1040 Christo
794 990 842 1034 ⁸.
881 1001 900 1032 ι
936 979 1205 1034 Perfectis
1231 983 1411 1030 autem
1444 972 1638 1028 scribit
1672 989 1685 1024 :
1733 989 1752 1021 ι
1790 967 1899 1021 Vos
1928 979 2027 1017 an-

451 1088 559 1132 tem
601 1077 655 1128 in
709 1087 878 1126 carne
926 1085 1037 1123 non
1074 1069 1230 1132 estis,
1272 1065 1368 1121 sed
1407 1064 1463 1117 in
1499 1061 1717 1132 spiritu,
1769 1059 1816 1114 si
1849 1066 2027 1111 tamen

452 1167 703 1238 Spiritus
756 1162 850 1217 Dei
884 1162 1092 1215 habitat
1148 1160 1203 1212 in
1262 1157 1416 1211 vobis
1452 1157 1495 1209 ί.
1534 1173 1552 1205 ι
1605 1151 1797 1207 Merito
1850 1150 2032 1219 itaque

447 1260 688 1315 animam
731 1256 786 1309 in
832 1253 1032 1306 virtute
1087 1248 1383 1320 perfectam
1431 1259 1668 1315 sponsus
1718 1240 2030 1296 columbam

448 1348 708 1421 appellat,
741 1345 794 1400 id
826 1351 910 1399 est
948 1340 1295 1413 spiritualem
1324 1347 1377 1393 et
1400 1336 1613 1407 Spiritu
1639 1341 1830 1390 sancto
1856 1331 2032 1399 reple-

450 1449 582 1493 tam.
612 1433 827 1491 Etenim
863 1431 1036 1486 lsaias
1076 1428 1343 1499 propheta
1364 1466 1379 1489 ,
1413 1425 1528 1479 haec
1559 1424 1718 1493 longe
1749 1430 1876 1474 ante
1908 1432 2034 1488 pro-

450 1529 719 1601 spiciens,
756 1518 822 1580 "et
872 1531 1095 1578 sanctos
1145 1518 1442 1589 apostolos,
1491 1524 1751 1585 tanquam
1801 1511 2036 1579 aligeras

451 1618 718 1692 quosdam
753 1616 1073 1669 universum
1122 1611 1313 1666 orbem
1349 1617 1622 1663 terrarum
1671 1603 2033 1672 pervolantcs,

452 1688 756 1777 eorumque
813 1703 1121 1773 discipulos
1180 1708 1235 1754 et
1288 1697 1588 1758 auditores,
1643 1693 1799 1763 quasi
1856 1688 2036 1761 pullos

453 1798 720 1874 quosdam
747 1812 845 1851 eos
881 1802 1203 1864 sequentes,
1238 1788 1644 1858 contemplans,
1680 1799 1879 1857 magna
1907 1797 2040 1839 voce
2073 1770 2113 1824 Β

455 1898 656 1951 clamat
684 1891 745 1953 in
782 1890 931 1943 hunc
973 1885 1239 1941 modum:
1276 1901 1294 1934 ι
1337 1881 1444 1947 Qui
1491 1885 1622 1935 sunt
1664 1877 1792 1941 isti,
1840 1874 1933 1945 qui
1982 1880 2042 1927 ut

457 1988 633 2043 nubes
675 1985 886 2043 volant,
914 1988 970 2036 et
998 1977 1157 2048 quasi
1184 1973 1449 2028 columba:
1475 1987 1598 2025 cum
1623 1969 1782 2040 pullis
1804 1967 1919 2022 suis
1942 1975 1966 2001 υ
1984 1964 2036 2019 7»

460 2077 660 2132 Eodem
700 2072 863 2128 modo
903 2084 1142 2140 sponsus
1181 2067 1272 2121 hic
1321 2063 1621 2118 Ecclesiam
1655 2075 1809 2117 suam
1844 2059 1898 2112 in
1928 2067 2043 2113 ten-

463 2167 765 2223 rationibus
818 2165 1161 2219 laborantem
1211 2173 1468 2214 recreans
1514 2165 1677 2226 atque
1727 2154 2040 2215 consolans,

463 2267 517 2313 et
547 2273 615 2313 ex
650 2254 909 2311 fenestris
944 2252 1246 2322 aspiciens,
1277 2257 1330 2305 et
1360 2264 1424 2304 ex
1457 2246 1721 2303 cancellis
1768 2252 2040 2313 spectans,

464 2351 719 2404 hortatur
747 2357 807 2402 ut
836 2353 1027 2416 surgat
1061 2352 1115 2399 et
1156 2342 1224 2397 ad
1270 2357 1328 2397 se
1361 2339 1594 2395 advolet.
1625 2336 1783 2393 Dedit
1817 2336 1960 2390 enim
1992 2335 2042 2388 ei

464 2440 732 2497 columba:
760 2440 907 2495 illius
938 2451 1167 2508 pennas,
1211 2437 1279 2490 de
1309 2449 1419 2506 qua
1452 2433 1649 2487 beatus
1674 2425 1843 2484 David
1883 2446 1895 2481 :
1937 2447 1955 2480 ι
1985 2424 2043 2480 Si

465 2532 776 2596 dormiatis,
814 2530 1015 2601 inquit,
1063 2528 1210 2582 inter
1250 2526 1459 2581 medias
1492 2533 1691 2585 sortes,
1742 2523 1816 2578 ibi
1853 2535 2045 2592 penna:

466 2622 737 2679 columba:
789 2618 1279 2691 deargentatae,‘et
1321 2625 1598 2684 postrema
1642 2613 1791 2669 dorsi
1832 2613 1950 2681 ejus
1988 2612 2044 2665 in

469 2714 675 2783 pallore
710 2711 830 2766 auri
863 2720 913 2766 ν.
953 2729 975 2764 ι
1013 2708 1201 2765 Sortes
1233 2708 1468 2778 appellat
1512 2706 1620 2761 duo
1659 2703 2040 2766 Testamenta;

470 2804 780 2860 columbam
813 2810 994 2857 autem
1027 2799 1268 2870 Spiritus
1318 2799 1499 2853 sancti
1533 2796 1786 2867 gratiam,
1836 2807 2045 2864 pennas

472 2896 764 2949 habentem
797 2892 1207 2962 deargentatas,
1245 2888 1514 2943 orationis
1545 2885 1755 2941 scilicet
1785 2882 2053 2953 splendo-,

474 3001 610 3039 rem.
659 2983 943 3037 Postrema
993 2996 1127 3036 vero
1176 2978 1327 3033 dorsi
1377 2978 1432 3032 in
1483 2975 1686 3047 pallore
1715 2974 1872 3034 auri,
1914 2971 2047 3026 dicit

2131 864 2432 935 σαρκικοῖς,
2465 863 2540 924 ὡς
2563 858 2777 930 νηπίοις
2806 859 2863 910 ἐν
2894 853 3135 927 Χριστῷ.
3178 872 3196 905 ι
3243 853 3367 916 Τοῖς
3395 852 3453 906 δέ
3478 853 3709 914 τελείοις

2130 956 2360 1030 γράφει·
2417 975 2435 1004 ι
2484 952 2673 1022 Ὑμεῖς
2721 949 2776 1001 δὲ
2829 949 2887 1001 ἐν
2939 938 3103 1019 σαρκί
3151 946 3251 999 οὐκ
3302 944 3460 1009 ἐστὲ,
3503 944 3620 998 ἀλλ’
3653 948 3711 997 ἐν

2131 1047 2419 1119 πνεύματι,
2443 1044 2600 1115 εἴπερ
2620 1040 2845 1112 Πνεῦμα
2860 1038 2995 1092 Θεοῦ
3011 1040 3148 1092 οἰκεῖ
3170 1039 3229 1092 ἐν
3253 1038 3399 1108 ὑμῖν.
3423 1058 3440 1088 ι
3473 1037 3708 1100 Εἰκότως

2133 1140 2310 1195 τοίνυν
2340 1138 2436 1208 τὴν
2470 1139 2525 1190 ἐν
2577 1135 2744 1206 ἀρετῇ
2792 1130 3217 1200 τετελειωμένην
3255 1128 3431 1199 ψυχὴν
3452 1129 3497 1161 ³³
3520 1130 3549 1181 ὁ
3575 1146 3711 1200 νυμ-

2135 1233 2254 1303 φίος
2312 1227 2641 1302 περιστερὰν
2685 1226 2939 1297 ὀνομάζει
2971 1222 3256 1277 ’τουτέστι
3310 1221 3711 1291 πνευματικὴν,

2136 1327 2231 1379 καὶ
2277 1323 2594 1393 Πνεῦματος
2642 1321 2799 1389 ἁγίου
2857 1316 3315 1388 πεπληρωμένην.
3364 1314 3479 1369 Καὶ
3528 1314 3638 1384 γὰρ
3685 1313 3714 1364 6

2137 1419 2420 1489 προφήτης
2480 1415 2707 1477 Ἡσαΐας
2772 1411 3051 1484 πόῤῥωθεν
3108 1408 3280 1462 ταῦτα
3318 1405 3587 1478 προορῶν,
3622 1405 3716 1458 καὶ

2136 1512 2263 1574 τοὺς
2299 1510 2488 1577 ἁγίους
2537 1505 2868 1568 ἀποστόλους
2898 1498 3011 1557 οἷόν
3043 1519 3197 1565 τινας
3236 1500 3578 1570 ὑποπτέρους
3611 1498 3719 1551 πᾶ·

2141 1619 2238 1654 σαν
2271 1601 2370 1671 τὴν
2412 1597 2747 1668 οἰκουμένην¹
2776 1592 3241 1665 περιῖπταμένους
3285 1589 3584 1660 θεώμενος,
3623 1586 3720 1641 καὶ

2138 1694 2263 1756 τοὺς
2292 1692 2516 1746 ἐκείνων
2568 1691 2829 1760 φοιτητὰς
2874 1687 2968 1740 καὶ
3001 1684 3297 1756 ἀκροατὰς,
3327 1683 3518 1755 ὥσπερ
3562 1680 3721 1743 τινὰς

2142 1785 2410 1847 νεοττοὺς,
2440 1784 2739 1852 ἑπομένους
2789 1780 2990 1842 αὐτοῖς,
3021 1777 3120 1851 βοᾷ
3152 1776 3249 1831 καὶ
3285 1775 3465 1843 λέγει’
3507 1792 3526 1825 ι
3561 1772 3721 1835 Τίνες

2140 1875 2249 1929 οἵδε
2298 1872 2488 1926 cbo-si"
2521 1872 2745 1941 νεφέλαι
2784 1869 3071 1931 πέτανται,
3102 1868 3197 1921 καλ⁵
3225 1865 3358 1919 ὡσεὶ
3394 1865 3723 1934 περιστεραὶ

2143 1967 2242 2020 σὺν
2271 1965 2514 2026 νεοσσοῖς
2541 1961 2752 2026 αὐτῶν;
2791 1979 2808 2011 ι
2833 1958 2987 2012 Οὕτω
3025 1958 3119 2011 καὶ
3147 1958 3175 2009 6
3205 1955 3438 2026 νυμφίος
3483 1953 3725 2009 ἐνταῦθα

2142 2057 2240 2128 τὴν
2266 2054 2594 2124 Ἐκκλησίαν
2630 2049 2796 2106 αὑτοῦ
2830 2051 3140 2121 κάμνουσαν
3166 2051 3225 2102 ἐν
3253 2051 3365 2111 τοῖς
3394 2047 3726 2118 πειρασμοῖς

2142 2144 2487 2219 ψυχαγωγῶν
2519 2145 2614 2198 καί⁵
2648 2141 3143 2217 παραμυθούμενος
3163 2183 3179 2206 ,
3210 2141 3305 2194 καὶ
3332 2141 3396 2193 ἐκ
3427 2140 3536 2192 τῶν
3567 2138 3726 2209 Θυρί-

2141 2241 2248 2295 δων
2278 2237 2653 2310 παρακύπτων
2673 2275 2688 2300 ,
2719 2237 2813 2290 κα)⁸
2850 2235 2958 2289 ἀπὸ
3003 2234 3110 2288 τῶν
3138 2232 3371 2287 δικτύων
3405 2231 3723 2293 ἐκκόπτων,

2144 2332 2453 2403 παρακαλεῖ
2475 2329 2641 2399 αὐτὴν
2663 2328 2984 2398 ἀναστῆναι,
3001 2326 3097 2380 καὶ
3125 2324 3262 2395 πρὸς
3283 2324 3443 2379 αὑτὸν
3473 2322 3726 2393 ἀναπτῆ-

2146 2442 2254 2477 ναι.
2289 2422 2499 2476 Ἔδωκε
2551 2422 2659 2493 γὰρ
2706 2420 2839 2489 αὐτῇ
2891 2419 2987 2488 τῆς
3023 2417 3354 2489 περιστερᾶς
3406 2414 3624 2482 ἐκείνης
3656 2414 3729 2466 τὰ

2146 2515 2342 2587 πτερὰ,
2376 2516 2502 2585 περὶ
2531 2510 2596 2585 ἧς
2620 2515 2648 2565 ὁ
2676 2512 2943 2583 μακάριος
2976 2509 3140 2564 Δαϐὶδ
3168 2509 3350 2577 λέγει·
3384 2527 3404 2561 ι
3452 2507 3580 2562 Ἐὰν
3607 2524 3726 2561 κοι-

2149 2607 2356 2678 μηθῆτε
2378 2604 2649 2674 ἀναμέσον
2675 2603 2781 2655 τῶν
2812 2602 3048 2673 κλήρων,
3065 2602 3180 2654 ἐκεῖ
3198 2601 3244 2633 9⁵
3266 2599 3535 2672 πτέρυγες
3568 2616 3732 2669 περιρ

2148 2700 2344 2770 στερᾶς
2390 2696 2942 2768 περιηργυρωμέναι,
2976 2696 3071 2749 καὶ
3113 2694 3183 2749 τὰ
3222 2694 3534 2766 μετάφρενα
3556 2692 3733 2763 αὐτῆς

2145 2792 2203 2844 ἐν
2235 2789 2537 2863 χλωρότητι
2565 2793 2788 2864 χρυσίου
2818 2807 2832 2822 ο
2866 2810 2885 2842 ι
2922 2789 3158 2859 κλήρους
3189 2786 3286 2851 τὰς
3324 2785 3417 2839 δύο
3447 2783 3733 2857 Διαθῆκας

2146 2880 2445 2952 ὀνομάζων,
2482 2880 2809 2952 περιστερὰν
2843 2879 2897 2933 δὲ
2930 2879 3028 2949 τὴν
3066 2878 3161 2932 τοῦ
3199 2876 3513 2946 Πνεύματος
3542 2877 3734 2945 χάριν,

2146 2971 2323 3045 πτερὰ
2350 2972 2575 3043 ἔχουσαν
2608 2970 3120 3043 περιηργυρωμὲνα,
3160 2969 3258 3040 τὴν
3281 2968 3375 3021 τοῦ
3402 2967 3557 3035 λόγου
3586 2966 3737 3037 λαμ-

471 3075 815 3130 occultornm
840 3072 952 3145 69
982 3072 1369 3145 mysteriorum
1395 3068 1839 3124 illustrationem.
1876 3062 2043 3131 Quasi

2152 3064 2428 3137 πρότητα·
2467 3064 2775 3134 μετάφρενα
2813 3063 2869 3116 δὲ
2916 3064 2973 3116 ἐν
3018 3061 3317 3133 χλωρότητι
3345 3059 3594 3131 χρυσίου,
3623 3057 3741 3111 τῶν

473 3165 706 3232 dicat,Si
732 3165 784 3219 in
817 3165 998 3219 medio
1028 3164 1263 3219 duorum
1287 3164 1762 3218 Testamentorum
1786 3159 2048 3229 conquie-

475 3260 685 3322 veritis,
726 3270 777 3314 et
814 3276 881 3313 ex
909 3267 1146 3328 utraque
1176 3256 1537 3328 perceperitis
1561 3255 1873 3316 utilitatem,
1900 3249 2051 3305 varia

476 3350 551 3403 ihi
591 3348 829 3419 Spiritus
871 3350 1046 3404 sancti
1078 3350 1223 3404 dona
1269 3347 1577 3417 reperietis.
1633 3345 1845 3414 Sponsa
1886 3342 2054 3413 igitur

476 3441 814 3510 spiritualem
846 3442 1120 3511 accipiens
1160 3438 1610 3500 admonitionem,
1641 3436 1770 3489 dum
1798 3435 1850 3487 in
1876 3432 2055 3486 medio

476 3534 707 3588 sortium
749 3534 1068 3605 requiescit,
1099 3531 1215 3591 alas
1256 3527 1464 3583 invenit
1506 3532 1735 3596 argento
1764 3523 2052 3587 obductas,

475 3627 674 3697 quibus
696 3627 920 3698 iubetur
950 3624 1017 3679 ad
1059 3637 1321 3692 sponsum
1355 3619 1628 3674 advolare.

550 3895 716 3952 Vens.
766 3893 953 3946 ιι-ιε».
1002 3888 1135 3943 Ecce
1154 3888 1323 3953 enim,
1352 3886 1549 3957 inquit,
1590 3886 1752 3938 hiems
1797 3882 2052 3937 transiit:

480 3988 643 4041 imber
683 3986 848 4045 abiit,
889 3981 1099 4033 recessit
1137 3977 1259 4032 sibi.
1310 3976 1494 4031 Floras
1534 3978 1795 4042 conspecti
1835 3983 1957 4027 sunt
1999 3974 2054 4026 in

481 4089 624 4132 terra
662 4088 679 4125 :
715 4085 917 4140 tempus
945 4071 1191 4125 sectionis
1222 4070 1461 4135 advenit;
1492 4084 1587 4122 rox
1615 4067 1838 4120 tm‘turis
1869 4065 2055 4119 audita

479 4176 558 4221 est
595 4167 650 4218 in
687 4173 826 4219 terra
866 4171 1066 4217 nostra.
1114 4160 1277 4214 Ficus
1317 4160 1542 4230 protulit
1575 4160 1851 4228 grossulos
1886 4174 2009 4211 suos
2035 4172 2054 4210 :

483 4259 641 4311 vinea:
672 4255 903 4324 ﬂorent,
944 4252 1199 4307 dederunt
1240 4256 1474 4306 odorem.
1520 4249 1616 4305 "is
1654 4250 1957 4314 addamus,
2000 4249 2050 4303 si

483 4347 694 4419 placet,
729 4355 784 4402 et
815 4345 979 4401 verba
1014 4344 1265 4408 Domini,
1306 4358 1429 4412 qua:
1464 4349 1593 4395 sunt
1630 4342 1685 4395 in
1724 4339 2039 4410 Evangelio.

2154 3156 2549 3227 κεκρυμμένων
2578 3155 2894 3226 μυστηρίων
2920 3154 2980 3207 τὸ
3009 3153 3368 3224 περίϐλεπτον
3389 3168 3403 3184 ο
3444 3150 3572 3203 Ἐὰν
3601 3149 3739 3221 γὰρ,

2156 3249 2412 3319 φησὶνμὲν
2445 3250 2595 3318 μέσῳ
2624 3246 2731 3302 τῶν
2749 3246 2919 3326 οσιδύο
2941 3244 3225 3318 Διαθηκῶν
3260 3241 3734 3313 διαναπαύσησθε,

2156 3341 2251 3392 καὶ
2302 3339 2637 3411 ἑκατέρωθεν
2682 3338 2779 3410 τὴν
2822 3338 3090 3407 ὠφέλειαν
3133 3338 3438 3408 ἐλκύσητε,
3468 3337 3740 3408 εὑρήσετε

2157 3432 2274 3481 ἐκεῖ
2320 3428 2388 3482 τὰ
2450 3429 2668 3483 ποικίλα
2726 3429 2822 3482 τοῦ
2870 3430 3185 3500 [Ινεύματος
3219 3429 3389 3499 δῶρα.
3433 3431 3500 3483 Ἠ
3547 3429 3741 3499 νύμφη

2159 3517 2446 3589 τοιγαροῦν
2498 3518 2596 3589 τὴν
2652 3520 3027 3590 πνευματικὴν
3061 3518 3328 3590 δεξαμένη
3385 3519 3741 3589 παραίνεσιν,

2163 3612 2258 3665 καὶ
2313 3612 2638 3685 κοιμηθεῖσα
2693 3612 2968 3682 ὰναμὲσον
3021 3612 3130 3665 τῶν
3190 3611 3428 3682 κλήρων,
3461 3604 3589 3680 εὗρε
3640 3610 3744 3674 τὰς

2162 3705 2686 3777 περιηργυρωμένας
2720 3705 3019 3775 πτέρυγας,
3054 3696 3147 3757 δι”
3168 3697 3245 3760 ὧν
3293 3703 3431 3773 πρὸς
3472 3703 3566 3756 τὸν
3599 3720 3743 3773 νυμ-

2160 3799 2279 3867 φίον
2305 3798 2610 3868 ἀναπτῆναι
2643 3795 3076 3867 παρακελεύεται
3094 3797 3160 3850 9".

2231 3895 2424 3957 ια’-ιγ’.
2486 3887 2629 3943 Ἰδοὺ
2669 3887 2798 3959 γὰρ,
2821 3887 3007 3956 φησὶν,
3038 3890 3070 3941 ὀ
3088 3887 3311 3955 χειμὼν
3340 3886 3679 3954 παρῆλθεν,
3712 3889 3747 3939 ό

2158 3979 2330 4045 ὑετὸς
2363 3977 2655 4047 ἀπῆλθεν,
2687 3979 2980 4046 ἐπορεύθη
3013 3977 3224 4043 ἐαυτῷ.
3268 3978 3342 4031 Τὰ
3386 3977 3540 4043 ἄνθη
3573 3977 3745 4045 ὤφθη

2163 4072 2232 4125 ἐν
2288 4069 2362 4138 τῇ
2418 4069 2496 4140 γῇ
2519 4088 2530 4100 ·
2566 4070 2769 4137 καιρὸς
2798 4068 2909 4138 τῆς
2966 4069 3154 4139 τομῆς
3184 4069 3228 4101 ⁸⁸
3254 4068 3485 4139 ἔφθασε
3517 4085 3529 4096 ’
3568 4070 3746 4137 φωνὴ

2164 4165 2274 4235 τῆς
2332 4165 2622 4234 τρυγόνος
2682 4164 2956 4231 ἠκούσθη
3017 4162 3088 4214 ἐν
3138 4160 3214 4232 τῇ
3268 4160 3346 4231 τῇ
3414 4161 3606 4229 ἡμῶν.
3677 4161 3752 4217 '11

2165 4256 2327 4326 συκῆ
2397 4254 2683 4323 ἐξήνεγκε
2723 4254 2768 4286 ν’
2820 4254 2961 4320 τοὺς
3036 4255 3334 4319 ὀλύνθους
3400 4251 3595 4321 αὐτῆς
3626 4290 3642 4315 ,
3683 4256 3746 4306 al

2165 4347 2422 4416 ἄμπελοι
2458 4343 2849 4413 κυπρίζουσιν
2875 4385 2891 4411 ,
2923 4344 3148 4398 ἔδωκαν
3191 4343 3410 4412 ὀσμήν.
3473 4342 3749 4412 Παραθῶ-

482 4439 616 4493 Cum
651 4438 798 4493 enim
830 4435 1047 4490 turbam
1080 4436 1306 4489 multam
1349 4432 1593 4502 undique
1632 4432 1700 4486 ad
1738 4446 1797 4486 se
1829 4428 2051 4484 conﬂu-

2169 4415 2265 4510 μεν
2321 4441 2550 4504 τούτοις,
2578 4440 2627 4491 εί
2659 4439 2674 4468 ³
2701 4439 2885 4503 δοκεῖ,
2937 4438 3031 4491 καὶ
3068 4437 3169 4498 τὰς
3227 4435 3592 4504 εὐαγγελικὰς
3644 4436 3748 4488 τοῦ

481 4540 664 4585 entem
687 4528 1090 4599 conspexisset,
1113 4525 1179 4579 ad
1208 4535 1435 4581 sanctos
1457 4524 1771 4594 apostolos:
1802 4520 2050 4584 ιΜεεείε,

484 4622 683 4692 inquit,
722 4621 915 4685 multa,
958 4618 1197 4688 Operarii
1230 4625 1412 4671 autem
1448 4615 1606 4686 pauci
1640 4622 1687 4667 ι.
1724 4633 1741 4665 ι
1774 4611 1838 4666 Et
1874 4613 2005 4666 alibi
2042 4631 2052 4664 :

489 4731 506 4763 ι
544 4709 663 4766 Jam
685 4750 700 4775 ,
736 4712 948 4780 inquit,
983 4719 1038 4765 et
1068 4710 1161 4779 qui
1196 4710 1352 4764 metit
1392 4706 1698 4762 mercedem
1728 4704 1931 4774 accipit
1958 4743 1972 4767 ,
2003 4713 2058 4758 et

484 4812 780 4876 congregat
803 4802 1045 4857 fructum
1072 4802 1136 4857 ad
1158 4801 1324 4856 vitam
1349 4808 1675 4856 mternamY.
1692 4798 1786 4852 »Ει
1814 4814 2013 4853 rursus
2040 4813 2053 4850 :

493 4918 510 4950 I
534 4896 689 4951 Alius
709 4938 724 4961 ,
749 4894 961 4965 inquit,
990 4902 1074 4949 est
1099 4894 1193 4964 qui
1215 4895 1466 4958 seminat,
1488 4901 1541 4947 et
1570 4893 1712 4948 alius
1737 4892 1831 4962 qui
1863 4892 2054 4946 inetit:

485 5001 587 5057 ego
618 4986 740 5040 misi
764 5000 859 5040 vos
896 4994 1156 5039 metere.»
1186 4981 1325 5037 Hine
1360 4998 1494 5054 ergo
1520 4984 1679 5039 nobis
1702 4983 2052 5053 perspicuum

487 5079 560 5132 sit
600 5076 766 5143 illud,
792 5093 811 5127 ι
839 5075 985 5130 Ecce
1020 5073 1198 5129 hiems
1244 5072 1490 5129 transiit.
1544 5093 1562 5126 ι
1601 5071 1846 5144 Tempus
1902 5072 2051 5127 enim

486 5168 631 5239 quod
655 5168 938 5240 pmcessit
959 5164 1253 5221 adventum
1286 5165 1428 5235 ejus,
1449 5164 1681 5219 hiemem
1705 5171 1867 5217 vocat
1904 5181 1918 5215 :
1953 5178 2050 5217 ver

489 5335 510 5365 '
544 5327 565 5380 l
596 5325 723 5382 Cor.
769 5341 858 5390 ιιι,
909 5326 958 5379 1.

1045 5328 1059 5362 ι
1094 5326 1253 5381 Rom.
1292 5342 1387 5382 vm
1415 5366 1430 5390 ,
1470 5326 1522 5378 9.
1603 5334 1630 5359 ιι
1668 5324 1771 5379 Isa.
1802 5343 1905 5393 ut,
1934 5326 1986 5381 8.
2063 5336 2090 5363 τ
2118 5326 2260 5379 Psal.
2289 5341 2456 5390 vau,
2489 5328 2571 5381 Μ.

2168 4532 2374 4603 Κυρίου
2404 4532 2605 4600 φωνάς.
2638 4531 2849 4599 Πλῆθος
2884 4530 2995 4601 γὰρ
3044 4529 3179 4584 πολὺ
3227 4527 3562 4599 θεασάμενος
3606 4546 3750 4580 παν-

2166 4623 2390 4693 ταχόθεν
2445 4621 2750 4694 συρῤεὖσαν
2803 4622 2937 4693 πρὸς
2988 4621 3184 4685 αὐτὸν,
3231 4621 3360 4691 φησι
3420 4619 3558 4689 πρὸς
3611 4621 3748 4683 τοὺς

2170 4718 2345 4788 ἱεροὺς
2388 4716 2751 4778 ἁποστόλους’
2788 4734 2806 4766 ι
2854 4714 2911 4768 Ὀ
2943 4714 3041 4783 μὲν
3071 4713 3330 4785 Θερισμὸς
3384 4710 3571 4776 πολὺς,
3599 4712 3649 4762 οἱ
3688 4711 3751 4764 δέ

2166 4803 2395 4876 ἐργάται
2427 4804 2654 4872 ὀλίγοι.»
2681 4804 2789 4856 Καὶ⁸
2818 4803 3049 4873 ἀλλαχοῦ
3081 4803 3171 4858 δέο
3215 4823 3233 4854 ι
3265 4802 3427 4872 Ἤδη,
3461 4801 3618 4872 φησὶ,
3650 4802 3753 4855 καὶ

2165 4898 2193 4949 ὁ
2218 4895 2446 4965 θερίζων
2478 4893 2667 4966 μισθὸν
2701 4894 2967 4965 λαμϐάνει
2987 4937 3002 4961 ,
3035 4895 3127 4949 καὶ⁸
3162 4894 3384 4963 συνάγει
3426 4893 3638 4965 καρπὸν
3667 4894 3753 4956 είς

2166 4985 2310 5055 ζωὴν
2336 4984 2572 5037 αἰώνιον.
2624 5002 2639 5034 ι
2676 4984 2786 5038 Καὶ
2821 4984 2982 5037 πάλιν
3016 4999 3029 5013 ·
3071 5002 3088 5035 ι
3131 4982 3323 5047 ’Ἄλλος
3370 4984 3507 5046 ἐστὶ,
3551 4982 3751 5051 φησὶν,

2163 5078 2190 5130 6
2216 5075 2476 5145 σπείρων,
2507 5075 2598 5127 καὶ
2625 5075 2780 5139 ἄλλος
2809 5078 2837 5129 6
2880 5075 3113 5147 Θερίζων
3143 5091 3155 5102 ·
3198 5077 3341 5145 ὑμᾶς
3370 5073 3607 5145 θερίζειν
3638 5074 3746 5127 ἀπο

2164 5165 2418 5219 ἐσταλκα.
2436 5184 2454 5215 ι
2490 5165 2766 5221 Ἐντεῦθεν
2792 5169 2968 5220 τοίνυν
2998 5170 3275 5239 νοήσωμεν
3295 5165 3403 5230 τδ,ι
3427 5166 3557 5221 Ἰδοὺ
3580 5169 3611 5221 6
3632 5182 3755 5237 xst-

2655 5337 2681 5363 ι
2713 5327 2901 5382 Matth.
2937 5345 3010 5393 ix,
3041 5328 3127 5382 57.
3208 5338 3238 5377 1
3268 5328 3519 5392 .Ioan.tv,
3543 5328 3635 5389 '56,

1767 5484 1999 5539 VAIUE
2053 5486 2458 5542 LECTIONES.

561 5578 785 5651 "_t'h9_-
805 5578 999 5651 ψυχήν.
1033 5579 1156 5651 cod.
1181 5581 1279 5643 τὰς
1307 5581 1364 5651 ἐν
1386 5579 1554 5651 ἀρετῇ
1572 5578 1997 5651 τετελειωμέναις
2017 5580 2211 5650 ψυχάς.
2254 5583 2303 5651 9‘
2329 5583 2482 5636 ὡσεί.
2508 5583 2663 5638 abest
2687 5596 2716 5636 a
2739 5582 2862 5637 eod.
2937 5582 2982 5615 "
3008 5584 3141 5637 ἐκεῖ.
3169 5582 3323 5637 abest
3352 5589 3385 5634 t.
3411 5584 3457 5647 1,
3494 5598 3547 5650 p.
3580 5582 3754 5640 {062.

492 5649 537 5681 "
563 5648 691 5702 τῶν.
717 5649 875 5704 abest
916 5648 947 5703 ιι
990 5649 1115 5704 cod.

495 5732 659 5773 succo
684 5719 944 5787 implevit,
977 5717 1013 5777 ί.
1049 5719 1310 5773 condivit.
1358 5719 1373 5749 ¹
1407 5719 1474 5771 εί.
1509 5719 1662 5773 abest
1690 5734 1721 5773 ξι
1751 5717 1873 5774 cod.

1188 5649 1387 5723 f'_cod_.
1426 5647 1727 5723 κελεύεται.
1799 5650 1848 5723 ’ἦ
1867 5652 1965 5719 τῆς
1995 5647 2186 5722 τομῆς.
2227 5650 2390 5707 Hebr.
2432 5654 2801 5709 cantilationis
2841 5653 3090 5723 (avium).
3167 5654 3213 5686 ⁹⁹
3250 5647 3531 5723 ἐξήνεγκε.
3575 5656 3747 5708 Hebr.
