3940 6200
329 383 424 447 1θύ

1373 387 1451 447 1N
1473 388 1856 449 CANTICUM
1883 392 2170 451 CANTIC.
2200 392 2345 451 LIB.
2382 393 2460 452 Ιῐ.

3490 395 3591 461 ῙῙθ

326 497 428 550 τών
475 494 784 548 ἀλωπέκων
841 495 964 559 τοὺς
1019 500 1140 558 ταῖς
1191 496 1665 567 ἐκκλησιαστικαῖς
1713 499 1906 569 ψυχαῖς

2018 502 2112 570 qui
2157 502 2368 556 animas
2399 508 2717 571 oppugnant
2752 500 3198 567 ecclesiasticas,
3246 512 3299 557 et
3343 502 3486 560 dolis
3528 523 3593 562 ac

329 586 695 656 πολεμοῦντας
741 588 1072 657 αίρετικοὺς,
1108 588 1203 642 καὶ
1253 590 1500 653 ὑπούλως
1540 591 1633 643 καὶ
1678 590 1912 662 δολερῶς

329 678 687 731 ὑποκλέπτειν
732 686 1109 750 πειρωμένους
1152 682 1275 745 τοὺς
1323 682 1547 755 μηδέπω
1587 682 1814 751 παγίους
1843 687 1909 756 τῇ

329 772 503 824 πίστει
527 772 960 843 γεγενημένους.
997 768 1157 827 Οὗτοι
1192 774 1300 842 γὰρ
1331 776 1396 846 τῇ
1439 775 1757 843 πιθανότητι
1800 776 1911 830 τῶν

328 861 514 929 λόγων,
545 862 642 915 καὶ
670 864 789 926 ταῖς
816 862 925 917 τῶν
949 863 1324 935 συλλογισμῶν
1352 867 1544 935 παγίσι
1575 883 1635 919 τε
1663 869 1754 920 καὶ
1783 867 1913 920 πλο-

327 956 464 1021 καῖς,
516 956 645 1019 τοὺς
694 955 1060 1028 ἁπλούστερον
1101 957 1477 1027 διακειμένους
1530 957 1911 1022 ἐξαπατῶντες

328 1047 673 1117 λυμαίνονται
698 1049 819 1109 ταῖς
847 1047 1133 1118 ἀμπέλοις.
1164 1046 1264 1099 Διά
1294 1046 1451 1100 τοῦτο
1475 1048 1908 1119 παρακελεύεται

326 1142 432 1201 eoi;
487 1138 550 1191 τὸ
608 1138 988 1192 διδασκαλικὸν
1038 1138 1284 1208 εἰληφόσι
1330 1140 1597 1211 χάρισμα,
1651 1140 1907 1212 ἀγρεύειν

327 1232 541 1295 τούτους
572 1232 667 1284 καὶ
692 1230 949 1301 θηρεύειν
978 1233 1087 1295 τοῖς
1113 1232 1214 1302 τῆς
1245 1231 1499 1302 ἀληθείας
1522 1232 1785 1303 ἐλέγχοις,
1816 1233 1908 1286 καὶ¹

328 1324 419 1386 τὰς
449 1322 825 1393 κυπριξούσας
858 1322 1135 1393 ἀμπέλους
1172 1323 1271 1393 τῆς
1301 1323 1508 1376 τούτων
1531 1322 1735 1393 βλάϐης
1762 1322 1910 1376 ἐλευ-

328 1415 528 1484 θεροῦν
553 1417 622 1469 ³⁸.
656 1414 879 1468 Τούτων
920 1416 954 1486 ἡ
1006 1414 1189 1485 νύμφη
1238 1415 1348 1467 τῶν
1409 1414 1582 1483 λόγων
1630 1414 1907 1468 ἀκούσασα

328 1509 481 1573 εὐθύς
511 1526 701 1578 φησιν’

393 1608 485 1665 ις’.
520 1600 1033 1672 Ἀδελφιδοῦςμου
1056 1602 1206 1672 ἐμοὶ,
1238 1603 1397 1671 κάγὼ
1424 1599 1585 1666 αὐτῷ
1602 1604 1666 1655 ’³.
1700 1602 1907 1671 ’Ὠσπερ

325 1688 428 1758 γὰρ
455 1689 621 1752 αὐτὸς
652 1690 872 1743 πάντων
905 1707 972 1761 με
1004 1690 1389 1764 προετίμησεν,
1415 1689 1586 1754 οὕτως
1612 1691 1773 1744 αὑτὸν
1796 1690 1907 1759 ἐγὼ

326 1780 536 1832 πάντων
570 1779 890 1849 προτίθημι,
935 1781 1029 1833 καὶ⁵
1079 1778 1250 1850 ἑτέρῳ
1308 1780 1642 1851 συναφθῆναι
1683 1781 1784 1833 οὐκ
1812 1781 1908 1833 ἀν-

2017 590 2307 647 fraudibus
2358 608 2453 648 cos
2507 592 2761 663 decipere
2829 602 3138 659 conantur,
3196 594 3288 664 qui
3348 596 3591 651 nondum

2016 685 2071 737 in
2103 683 2206 738 ﬁde
2234 694 2364 739 sunt
2394 685 2732 741 contlrmati.
2777 684 2871 741 lsti
2906 687 3052 742 enim
3094 688 3368 743 orationis
3403 691 3589 744 suavi-

2017 784 2160 836 tate.
2202 786 2257 831 et
2303 776 2517 846 laqueis
2548 792 2611 831 ac
2645 777 2861 834 retibus
2891 792 3344 849 argumentorum
3381 781 3593 852 simpli-

2014 870 2193 924 ciores
2223 869 2587 939 decipientes,
2612 871 2752 926 vites
2782 871 3180 928 demetiuntur.
3211 871 3590 939 Quamobrem

2014 960 2262 1031 pratcipit
2306 961 2373 1016 iis
2423 962 2515 1031 qui
2548 961 2784 1017 docendi
2829 965 3065 1035 gratiam
3102 972 3156 1019 et
3200 981 3399 1022 munus
3463 973 3595 1022 sunt.

2010 1054 2339 1120 consecuti,
2396 1063 2453 1108 ιιι
2498 1053 2789 1111 haereticos
2828 1066 3232 1131 persequantur
3279 1051 3418 1122 ι,ἰι
3446 1057 3592 1113 veri-

2013 1144 2144 1200 tatis
2186 1146 2530 1216 argumentis
2575 1147 2950 1214 convincant,
2998 1159 3164 1220 atque
3211 1150 3285 1204 ita
3320 1152 3460 1205 vites
3495 1147 3594 1203 ﬂo-

2012 1248 2300 1295 rescentes
2339 1240 2406 1294 ab
2431 1242 2678 1310 ipsorum
2711 1249 2866 1311 peste
2897 1248 3048 1297 tutas
3073 1242 3434 1313 integrasque
3457 1256 3593 1297 con-

2012 1339 2252 1385 servent.
2292 1330 2388 1386 llis
2414 1332 2618 1386 auditis
2650 1346 2856 1402 Sponsa
2887 1334 3078 1389 statim
3110 1333 3252 1388 dicit
3283 1353 3297 1389 :

2083 1589 2247 1644 Vens.
2289 1589 2367 1643 l6.
2431 1587 2602 1659 Nepos
2639 1606 2783 1644 metu
2816 1591 2987 1657 milii,
3040 1602 3089 1647 et
3143 1608 3234 1663 ego
3283 1591 3386 1647 illi.
3438 1590 3595 1647 Sicut

2010 1682 2154 1737 enim
2204 1681 2323 1751 ipse
2365 1696 2449 1736 me
2493 1684 2755 1737 onmihus
2798 1684 3083 1753 praetulit,
3129 1686 3210 1739 sic
3258 1685 3440 1755 ipsum
3492 1696 3596 1754 ego

2010 1774 2268 1829 omnibus
2299 1784 2576 1844 antepono
2598 1814 2612 1838 ,
2649 1786 2703 1830 et
2732 1791 2858 1830 cum
2909 1776 3018 1832 alio
3056 1775 3319 1849 conjungi
3362 1790 3473 1831 non
3499 1789 3595 1846 pa-

325 1871 534 1942 ἔχομαι.
568 1870 709 1935 Τοὺς
754 1872 1055 1926 ἀλωπέκων
1103 1872 1474 1944 προσηγορίαν
1506 1873 1640 1943 ὁμοῦ
1679 1873 1770 1925 καὶ
1806 1889 1906 1927 κα-

2014 1866 2140 1920 tior.
2176 1864 2262 1921 Ab
2291 1868 2438 1931 istis,
2470 1869 2562 1938 qui
2594 1869 2791 1940 vulpes
2822 1877 2877 1924 et
2906 1869 3249 1927 fraudulenti
3283 1877 3555 1925 vocantur
3575 1909 3591 1933 ,

325 1963 583 2034 κουργίαν
617 1964 1035 2035 περικειμένους
1062 1963 1413 2035 βδελύττομαι
1439 1965 1502 2019 ’³.
1543 1965 1777 2018 Ἀτοπον
1798 1965 1906 2037 γὰρ

323 2056 720 2125 ἁγαπηθεῖσαν,
748 2056 841 2109 καὶ
863 2053 1131 2109 τοσούτων
1158 2053 1502 2120 ἀξιωθεῖσαν,
1529 2056 1603 2127 μὴ
1627 2059 1739 2119 τοῖς
1772 2056 1906 2120 ῐσοις

323 2148 455 2201 κατὰ
483 2147 553 2199 τὸ
577 2146 803 2199 δυνατὸν
831 2145 1164 2217 ἀμείψασθαι
1208 2147 1299 2200 τὸν
1342 2148 1726 2217 ἀγαπήσαντα.
1767 2146 1904 2200 Τού-

322 2255 425 2302 τοις
471 2237 618 2290 ἕοικε
662 2236 723 2290 τὸ
762 2237 870 2290 ὑπὸ
911 2235 1005 2289 τοῦ
1040 2237 1311 2307 μακαρίου
1346 2236 1558 2292 Παύλου
1600 2237 1907 2309 Κορινθίοις

322 2330 524 2400 γραφέν
546 2346 560 2360 ο
593 2347 613 2380 ι
653 2330 727 2382 Τὸ
755 2329 813 2381 δὲ
848 2328 1005 2398 σῶμα
1038 2328 1100 2382 ού
1135 2332 1201 2400 τῇ
1232 2328 1480 2401 πορνείᾳ,
1511 2330 1646 2384 ἀλλά
1678 2330 1756 2400 τῷ
1790 2332 1905 2383 Ku-

324 2423 433 2493 ρίῳ,
458 2422 554 2475 καὶ
602 2422 631 2474 ὁ
670 2421 878 2492 Κύριος
922 2419 998 2490 τῷ
1042 2420 1276 2491 σώματι.
1325 2441 1344 2473 ι
1370 2421 1623 2476 Τοιοῦτον
1655 2424 1816 2476 πάλιν
1848 2422 1908 2476 τὸ

322 2514 405 2566 ὑπ’
431 2512 600 2568 αὐτοῦ
643 2513 962 2583 εἰρημένονο
1005 2530 1024 2564 ι
1073 2512 1213 2566 Ἀλλ’
1266 2514 1425 2567 ἅτινά
1475 2530 1563 2584 μοι
1607 2510 1673 2585 ἦν
1716 2514 1903 2586 κέρδη,

322 2604 485 2659 ταῦτα
532 2606 752 2675 ἥγημαι
791 2604 880 2659 διὰ
931 2604 1164 2676 Χριστὸν
1195 2602 1419 2676 ζημίαν.
1462 2605 1621 2659 Ἀλλὰ
1668 2608 1765 2677 μὲν
1812 2602 1905 2659 οὗν

321 2713 381 2765 γε
422 2698 514 2750 καὶ
560 2696 803 2767 ἡγοῦμαι
847 2695 1025 2749 πάντα
1074 2696 1319 2749 σκύϐαλα
1366 2695 1523 2763 εἶναι,
1555 2699 1639 2750 ἵνα
1672 2699 1905 2769 Χριστὸν

322 2790 585 2859 κερδήσω.
627 2788 930 2842 »Τοιοῦτόν
981 2789 1097 2842 ἐστι
1155 2788 1249 2842 καὶ
1306 2788 1401 2841 τύ·
1441 2809 1459 2840 ι
1504 2790 1725 2859 Χριστῷ
1776 2806 1905 2841 συν-

320 2881 671 2952 εσταύρωμαι
692 2897 705 2909 ·
738 2880 818 2945 ζῶ
854 2881 912 2934 δὲ
939 2881 1038 2934 οὐκ
1068 2879 1148 2933 ἔτι
1192 2879 1321 2949 ἐγὼ,
1354 2880 1420 2952 ζῇ
1450 2879 1506 2933 δὲ
1536 2883 1593 2933 ὲν
1620 2881 1742 2950 ἐμοὶ
1770 2882 1903 2951 Χρι-

320 2972 457 3037 στός.
500 2993 519 3026 ι
558 2971 816 3027 Τοιοῦτόν
864 2973 980 3026 ἐστι
1018 2972 1111 3026 τόο
1147 2991 1166 3025 ι
1203 2974 1300 3037 Τίς
1342 2973 1491 3045 ἡμᾶς
1534 2973 1757 3045 χωρίσει
1798 2974 1906 3027 ἀπὸ

317 3069 415 3136 τῆς
442 3068 665 3135 ἀγάπης
711 3064 807 3118 τοῦ
841 3064 1112 3136 Χριστοῢ;
1161 3065 1373 3136 θλίψιςς
1406 3067 1440 3139 ἢ
1471 3066 1837 3137 στενοχωρία;
1872 3066 1905 3137 ἢ

319 3156 505 3227 λιμός;
537 3156 571 3228 ἦ
612 3156 890 3226 διωγμόςς
923 3156 958 3228 ἢ
1002 3157 1319 3229 γυμνότης;
1355 3157 1388 3230 ἢ
1418 3158 1697 3222 κίνδυνοςς
1734 3157 1768 3228 ἢ
1802 3157 1903 3228 μά·
1932 3207 1976 3265 C

316 3265 521 3321 χαιρας
558 3268 578 3301 ι
611 3249 708 3303 καὶ
732 3249 804 3304 τὰ
839 3249 986 3320 ἑξῆς.
1013 3250 1262 3305 Τοιοῦτόν
1292 3253 1408 3305 ἐστι
1434 3252 1528 3306 καὶ
1558 3253 1619 3306 τό
1638 3268 1651 3282 ·
1688 3272 1709 3305 ‹
1752 3254 1904 3323 Ἐμοὶ

314 3342 372 3396 δὲ
397 3342 475 3415 μὴ
502 3343 714 3411 γένοιτο
754 3343 1084 3414 καυχᾶσθαι,
1118 3347 1168 3398 εἰ
1202 3345 1277 3417 μὴ
1301 3347 1358 3398 ὲν
1393 3345 1613 3419 σταυρῷ
1646 3346 1738 3400 τοῦ
1768 3348 1904 3418 Χρι-

316 3435 464 3501 στοῦ,
496 3434 567 3488 δι’
602 3428 664 3489 οὗ
706 3435 833 3506 ἐμοὶ
878 3436 1082 3507 κόσμος
1119 3436 1480 3509 ἐσταύρωται,
1509 3438 1663 3508 κάγὼ
1705 3438 1782 3509 τῷ
1813 3441 1905 3491 κό-

317 3539 459 3595 σμῳ.
501 3544 520 3575 ι
546 3524 774 3588 Τούτοις
802 3524 946 3578 ἔοικε
974 3525 1033 3579 τὸ
1065 3526 1168 3580 ὑπὸ
1199 3526 1297 3595 τῆς
1330 3527 1548 3599 νύμφης
1577 3529 1869 3599 λεγόμενον
1891 3546 1903 3558 ·

294 3633 342 3675 .I
387 3616 733 3688 ’Δδελφιδοῦς
779 3633 882 3689 μου
916 3618 1061 3688 ἐμοὶ,
1097 3617 1252 3687 κάγὼ
1287 3619 1453 3689 αὐτῷ.
1496 3638 1514 3671 ι
1552 3619 1810 3691 Σημαίνει
1849 3620 1905 3673 δὲ

310 3711 405 3765 καὶ
438 3711 527 3774 τίς
553 3704 730 3775 οὗτος,
773 3710 868 3763 καὶ
916 3710 969 3762 τί
1014 3711 1181 3766 ποιῶν
1235 3711 1485 3780 διατελεῖ,
1514 3712 1606 3766 καὶ
1654 3713 1778 3779 πού,
1813 3712 1906 3766 καὶ

310 3803 470 3870 πότε,
507 3803 598 3858 καί
628 3803 738 3866 ἕως
766 3800 920 3857 πότε.

388 3978 448 4035 Ὀ
472 3981 817 4052 ποιμαίνων
838 3981 969 4055 γὰρ,
1001 3985 1186 4055 φησιν,
1221 3985 1292 4038 ἐν
1322 3985 1446 4051 τοῖς
1479 3986 1727 4054 κρίνοις.
1771 3983 1903 4054 (ιζ’.)

308 4068 461 4140 Ἕως
504 4069 582 4130 οὗ
617 4072 959 4145 διαπνεύσῃ
1004 4077 1044 4146 ἡ
1092 4077 1302 4147 ἡμέρα,
1344 4077 1440 4132 καὶ
1491 4077 1819 4146 κινηθῶσιν
1858 4076 1907 4108 ’⁵

306 4164 366 4217 αι
392 4166 591 4219 σκιαί.
637 4167 997 4238 Προσεκτέον,
1028 4169 1110 4222 ὅτι
1154 4170 1369 4241 πρῶτον
1416 4170 1513 4239 μὲν
1547 4169 1738 4222 ἑαυτὸν
1771 4168 1906 4222 ὠνό-

308 4274 448 4326 μασε
473 4257 664 4329 κρίνον
690 4260 719 4311 ὁ
746 4260 998 4331 νυμφίος,
1020 4261 1163 4315 κατὰ
1182 4261 1243 4313 τὸ
1266 4261 1604 4331 ἀνθρώπινον
1633 4262 1806 4328 λέγων
1835 4263 1902 4327 ’⁵,

304 4349 387 4402 ὅτι
421 4369 442 4402 ι
490 4350 641 4420 Ἐγὼ
670 4351 832 4416 ἄνθος
876 4352 971 4406 τοῦ
1004 4353 1206 4417 πεδίου,
1259 4353 1439 4424 κρίνον
1481 4354 1588 4405 τῶν
1634 4353 1905 4423 κοιλωμά-

302 4442 449 4496 των.Δ
476 4460 499 4493 ι
530 4442 801 4515 Δεύτερον
832 4443 890 4497 δὲ
928 4445 1099 4515 αὐτὴν
1127 4445 1229 4517 τὴν
1263 4445 1479 4515 νύμφην
1498 4461 1511 4473 ·
1552 4466 1570 4497 ι
1606 4446 1693 4510 Ὠς
1723 4447 1905 4518 κρίνον

2007 1957 2299 2013 abhorreo.
2335 1958 2653 2015 Absurdum
2682 1962 2831 2015 enim
2865 1972 2953 2017 est
2983 1978 3070 2018 me
3102 2002 3118 2027 ,
3152 1978 3275 2035 quae
3303 1972 3593 2032 tantopere

2009 2049 2204 2104 dilecta
2243 2059 2411 2122 atque
2456 2060 2652 2107 ornata
2690 2069 2851 2121 sum,
2892 2054 3102 2109 amanti
3148 2054 3205 2108 in
3256 2068 3446 2110 amore
3494 2070 3595 2124 pro

2011 2142 2225 2197 viribus
2256 2157 2364 2197 non
2402 2143 2756 2214 respondere.
2782 2144 2881 2201 His
2905 2146 3087 2202 simile
3110 2146 3328 2202 videtur
3359 2146 3413 2202 id
3444 2147 3592 2218 quod

2009 2249 2037 2287 a
2090 2235 2249 2290 beato
2289 2234 2397 2309 74,
2431 2236 2600 2292 Paulo
2654 2238 2721 2294 ad
2774 2237 3093 2295 Corinthios
3146 2241 3412 2311 scriptum
3455 2249 3543 2296 cst
3578 2259 3590 2270 υ

2015 2344 2032 2376 ι
2070 2327 2287 2398 Corptts
2319 2341 2498 2384 autem
2535 2346 2643 2383 non
2680 2329 3062 2392 fornicationi,
3096 2330 3191 2386 sed
3233 2329 3463 2387 Domino
3492 2349 3506 2385 :
3540 2342 3598 2386 et.

2011 2415 2278 2473 Dominus
2308 2421 2529 2489 corpori
2567 2419 2613 2474 ιι.
2651 2443 2666 2469 ι
2707 2420 2899 2475 Simile
2923 2438 3121 2478 rursus
3147 2433 3231 2477 est
3257 2423 3413 2487 illud,
3445 2425 3594 2493 quod

2011 2509 2082 2563 ab
2128 2510 2320 2565 eodem
2369 2513 2576 2567 dictum
2621 2521 2741 2567 cst:
2800 2532 2819 2565 ι
2862 2512 2968 2569 Sed
3005 2530 3126 2586 qua:
3179 2515 3314 2570 mihi
3369 2514 3595 2571 fuerunt

2011 2600 2187 2664 lui-ra,
2214 2601 2326 2655 haze
2359 2604 2665 2659 arbitratus
2699 2620 2819 2659 smn
2851 2612 3079 2677 propter
3108 2606 3389 2661 Christum
3418 2606 3594 2663 detri-

2010 2701 2216 2747 menta.
2266 2694 2408 2759 Quin
2442 2696 2608 2749 etiam
2640 2696 2829 2751 omnia
2861 2698 3164 2754 arbitratus
3197 2714 3319 2755 sum
3356 2708 3415 2754 ιιι
3450 2708 3595 2757 ster-

2010 2800 2140 2840 cora
2164 2827 2178 2851 ,
2213 2794 2272 2839 ut
2304 2787 2586 2842 Christum
2623 2789 2971 2846 lucrifaciam
3005 2790 3042 2846 ¹.
3080 2812 3098 2844 ι
3138 2791 3396 2864 Ejusdem
3427 2810 3594 2866 gene-

2010 2877 2087 2931 ris
2114 2887 2197 2933 est
2222 2882 2385 2933 etiam
2424 2879 2557 2933 illud
2587 2902 2601 2936 :
2640 2900 2657 2931 ι
2695 2882 2831 2935 Cum
2861 2880 3084 2939 Chrism
3118 2884 3417 2941 cruciﬁxus
3448 2902 3593 2941 sum.

2012 2965 2148 3021 Vivo
2189 2976 2371 3022 autem
2412 2984 2522 3022 non
2559 2971 2802 3039 amplius
2842 2987 2943 3042 ego
2982 2990 2996 3026 :
3048 2974 3184 3027 vivit
3222 2989 3365 3029 vero
3401 2975 3455 3028 in
3508 2990 3596 3029 me

2009 3057 2264 3114 Christus
2294 3072 2355 3112 ιη.
2398 3080 2417 3113 ιι
2453 3058 2588 3115 Tale
2620 3062 2672 3115 id
2706 3078 2926 3133 quoque
2962 3081 2975 3115 :
3016 3084 3036 3117 ι
3073 3065 3208 3131 Quis
3237 3082 3339 3122 nos
3371 3083 3596 3139 separa-

2012 3149 2097 3203 bit
2140 3164 2170 3202 a
2222 3149 2497 3204 charitate
2545 3149 2796 3207 Christi?
2833 3154 3156 3224 tribulatio,
3203 3172 3271 3212 an
3304 3161 3593 3231 angustia,

2010 3257 2078 3297 an
2113 3241 2320 3310 fames,
2358 3258 2426 3297 an
2470 3247 2782 3314 persecutio
2808 3286 2822 3311 ,
2860 3260 2929 3301 an
2960 3246 3182 3304 nuditas
3210 3289 3225 3315 ,
3278 3266 3346 3304 an
3378 3253 3598 3323 pericu-

2011 3333 2163 3400 lum,
2200 3348 2268 3387 an
2299 3334 2518 3404 gladius
2543 3336 2609 3388 tl?
2638 3355 2655 3387 ι
2692 3344 2746 3390 cl
2786 3353 2908 3408 qua:
2941 3351 3269 3409 sequuntur.
3302 3341 3595 3413 Ejusmodi

2008 3434 2060 3480 et
2085 3425 2221 3479 illud
2253 3432 2339 3479 est
2368 3446 2380 3479 :
2429 3444 2447 3477 ι
2485 3428 2521 3479 Α
2559 3443 2644 3482 me
2683 3437 2867 3483 autem
2910 3430 3055 3484 absit
3084 3430 3311 3501 gloriari
3340 3473 3354 3497 ,
3388 3435 3497 3489 nisi
3527 3436 3597 3491 de

2008 3532 2173 3572 cruce
2203 3516 2451 3584 Christi,
2497 3533 2594 3589 per
2637 3534 2796 3589 quem
2834 3521 2969 3575 mihi
3020 3523 3266 3580 mundus
3295 3525 3599 3580 cruciﬁxus

2007 3619 2129 3671 est,
2190 3618 2245 3665 et
2291 3626 2391 3682 ego
2435 3610 2639 3666 mundo
2672 3612 2727 3665 οἵ
2764 3631 2781 3664 ι
2838 3611 2934 3669 liis
2988 3631 3294 3687 congruere
3338 3618 3599 3674 videntur

2008 3718 2071 3757 ea
2112 3719 2235 3772 qua:
2296 3704 2560 3759 dicuntur
2591 3723 2619 3758 a
2647 3720 2887 3776 sponsa:
2922 3726 2938 3758 ι
2974 3705 3157 3779 Nepos
3211 3726 3368 3768 meus
3418 3712 3548 3767 mihi
3579 3754 3595 3774 .

2008 3802 2062 3849 et
2090 3810 2193 3865 ego
2227 3795 2328 3849 illi.
2370 3815 2389 3848 ι
2441 3796 2578 3862 Quis
2614 3807 2800 3854 autem
2839 3798 2886 3854 is
2928 3800 3038 3864 sit,
3088 3808 3143 3856 et
3188 3803 3326 3873 quid
3375 3820 3599 3877 semper

2010 3895 2158 3959 agat,
2187 3895 2242 3942 et
2266 3888 2380 3949 ubi,
2411 3898 2465 3943 et
2493 3890 2756 3959 quando,
2787 3899 2842 3945 et
2870 3892 3141 3961 quandiu,
3181 3895 3449 3950 declarat.

2078 3980 2185 4048 Qui
2217 3981 2361 4036 enim
2392 3982 2598 4051 pascit,
2646 3983 2860 4055 inquit,
2895 3985 3033 4039 inter
3057 3986 3195 4041 lilia.
3236 3985 3437 4054 (Vens.
3468 3988 3596 4059 17.;

2008 4071 2187 4127 Donec
2217 4073 2413 4141 aspiret
2442 4071 2577 4140 dies,
2609 4084 2658 4127 et
2685 4084 2843 4130 mota:
2866 4075 3065 4147 fuerint
3091 4078 3310 4133 umbrce.
3337 4080 3599 4134 Animad-

2008 4166 2337 4222 vertendum
2387 4172 2476 4222 est
2530 4182 2799 4237 sponsum
2852 4170 3030 4240 primo
3064 4186 3127 4225 se
3160 4170 3377 4240 ipsum,
3420 4190 3597 4243 quat.-

2008 4266 2124 4314 tum
2166 4258 2234 4315 ad
2282 4257 2683 4315 humanitatem
2726 4263 3006 4330 pertinet,
3039 4262 3216 4315 lilium
3256 4264 3593 4333 appellasse.

2014 4369 2032 4402 ι
2077 4348 2189 4420 Ego
2216 4389 2231 4414 ,
2281 4348 2504 4420 inquit,
2548 4348 2649 4405 ﬂos
2684 4351 2863 4422 campi
2900 4367 2914 4402 :
2969 4352 3145 4405 lilium
3178 4351 3533 4406 convallium.
3572 4372 3591 4403 ι

2010 4440 2215 4496 Deinde
2251 4441 2425 4511 ipsam
2463 4456 2725 4512 sponsam
2755 4461 2767 4495 :
2814 4461 2831 4492 ι
2866 4440 3024 4495 Sicut
3067 4442 3244 4495 lilium
3277 4442 3424 4497 cnim
3453 4482 3467 4506 ,
3507 4445 3597 4498 in-

300 4531 430 4603 γάρ,
465 4535 662 4605 φησιν,
695 4536 754 4590 ὲν
795 4538 948 4608 μέσῳ
994 4537 1103 4591 τῶν
1153 4537 1424 4605 ἀκανθῶν,
1476 4539 1647 4602 οὕτως
1685 4541 1717 4609 ἡ
1771 4540 1902 4607 πλη-

2014 4535 2150 4605 quit,
2178 4535 2320 4588 inter
2348 4534 2564 4604 spinas,
2592 4534 2671 4589 sic
2707 4534 3021 4603 propinqua
3051 4550 3170 4588 mea
3202 4536 3345 4591 inter
3377 4536 3539 4594 ﬁlias.
3572 4561 3591 4590 ι

301 4626 415 4678 σίον
469 4643 585 4695 μου
635 4627 909 4698 ἀναμέσον
953 4630 1063 4683 τῶν
1105 4630 1436 4704 θυγατέρων.
1479 4654 1495 4684 ι
1543 4633 1804 4686 Ἐνταῦοα
1848 4633 1905 4686 δὲ

299 4716 395 4769 καὶ
426 4717 614 4788 αὐτὴν
639 4717 739 4788 τὴν
765 4719 812 4751 ⁸⁸
848 4719 987 4775 πόαν
1014 4721 1264 4792 ὠνόμασε
1306 4724 1495 4793 κρίναο
1527 4742 1545 4774 ι
1588 4725 1647 4778 '0
1680 4724 1903 4794 ποιμαία

299 4822 405 4858 νων
438 4806 581 4877 γὰρ,
633 4809 839 4879 φησὶν,
891 4811 950 4862 ὲν
1009 4814 1121 4875 τοῖς
1164 4813 1388 4883 κρίνοις.
1434 4832 1450 4865 ι
1484 4814 1724 4876 Εύωδίας
1774 4814 1903 4884 γὰρ,

300 4897 458 4967 φησὶ,
502 4899 726 4971 πλήρης
773 4903 868 4955 καὶ
904 4903 937 4972 ή
989 4906 1407 4977 προσφερομένη
1460 4908 1570 4968 τοῖς
1614 4906 1907 4976 προϐάτοις

299 4989 500 5061 τροφή.
566 4992 678 5044 Καὶ
732 4992 891 5046 τοῦτο
956 4995 1055 5066 μὲν
1116 4998 1257 5051 κατὰ
1311 5000 1436 5061 τοὺς
1503 4997 1907 5067 Ἐὅδομήκοντα

302 5083 564 5149 κητέων
597 5085 629 5138 ὀ
688 5083 747 5139 δὲ
785 5085 1083 5158 Σύμμαχός
1134 5106 1329 5160 φησιν’
1364 5109 1382 5141 ι
1417 5091 1480 5142 Οἱ
1531 5090 1908 5161 ποιμαίνοντες

303 5169 438 5244 ἄνθη
465 5174 512 5206 ⁸⁷
534 5191 550 5205 ·
582 5175 657 5239 ὡς
687 5172 829 5231 εἶναι
856 5178 1103 5251 δηλονότι
1128 5182 1326 5247 αὐτοὺς
1356 5184 1482 5247 τοὺς
1516 5185 1904 5254 ποιμαίνοντας

2012 4627 2112 4683 llic
2151 4641 2282 4681 vero
2312 4634 2366 4681 et
2390 4626 2615 4681 herbam
2640 4626 2816 4695 ipsam
2841 4626 2952 4679 lilia
2987 4635 3165 4681 vocat.
3214 4646 3232 4681 ‹
3265 4628 3366 4694 Qui
3397 4632 3593 4701 pascit,

2011 4719 2237 4788 inquit,
2283 4718 2429 4772 inter
2477 4717 2615 4772 lilia.
2655 4736 2673 4765 ι
2733 4717 2904 4785 Quasi
2957 4720 3147 4785 dicat,
3200 4721 3323 4793 Ipse
3378 4740 3597 4796 quoque

2013 4818 2239 4883 pastus,
2283 4811 2377 4880 qui
2415 4810 2617 4866 oribus
2652 4812 3040 4883 suppeditatur
3066 4852 3082 4876 ,
3121 4814 3318 4883 plenus
3352 4826 3433 4872 est
3468 4833 3598 4873 sna-

2013 4903 2203 4957 vitate.
2241 4900 2308 4953 Et
2341 4901 2446 4956 hoc
2471 4901 2695 4971 quidem
2733 4902 2896 4958 modo
2925 4903 3347 4975 intelligendum
3382 4916 3466 4963 est
3507 4924 3597 4964 sc-

2014 4993 2255 5049 cundum
2290 4989 2670 5062 Septuaginta.
2712 4992 3077 5065 Symmachus
3118 5013 3250 5053 vero
3306 4999 3388 5053 sic
3426 4999 3597 5056 inter-

2020 5093 2277 5157 pretatur
2306 5103 2319 5139 :
2355 5102 2373 5136 ι
2408 5084 2513 5150 Qui
2542 5094 2779 5155 pascunt
2804 5086 2965 5144 ﬂores
3001 5108 3013 5144 :
3045 5107 3065 5142 ι
3097 5098 3156 5143 ιιι
3188 5091 3294 5161 ipsi
3326 5092 3589 5148 videlicet

2015 5178 2122 5250 75
2154 5177 2245 5248 qui
2282 5183 2537 5248 pascunt,
2570 5178 2681 5233 sint
2707 5179 2893 5247 ﬂores,
2926 5197 3065 5252 quos
3096 5182 3209 5238 lilia
3235 5187 3594 5254 nuncupavit.

375 5313 390 5364 i
428 5313 753 5395 Ii'l‘imoth.
795 5336 857 5387 ιι,
889 5320 945 5375 4.
1024 5321 1051 5359 ι
1090 5323 1111 5376 ι
1143 5321 1271 5378 Cor.
1297 5340 1370 5390 νι,
1396 5326 1481 5379 15.
1564 5325 1578 5363 ι
1617 5325 1856 5395 Philipp.
1889 5340 1905 5378 ι

2014 5324 2060 5388 7,
2087 5322 2141 5376 8.
2219 5329 2260 5351 ’⁸
2287 5320 2471 5376 Galat.
2505 5336 2568 5390 ιι,
2607 5322 2698 5376 20.
2775 5331 2801 5358 η
2835 5322 3001 5381 Rom.
3036 5341 3155 5394 vui,
3195 5328 3284 5382 55.
3360 5338 3380 5357 ο
3414 5328 3594 5382 Galat.

306 5399 383 5451 Vt,
426 5386 527 5440 14.

1606 5511 1841 5566 VARI/13
1886 5514 2296 5568 LECTIONES.

371 5644 415 5676 ¹¹
446 5642 657 5731 Iusti).
681 5646 845 5731 Abest
876 5649 1202 5731 aAcod-.,_ubi
1235 5660 1359 5731 post
1378 5651 1581 5731 βλάϐης
1606 5652 1856 5731 sequitur
1879 5649 2344 5731 espositiotriu‘m
2369 5648 2616 5731 Patrum.
2646 5653 2690 5683 "
2711 5652 2834 5731 cod.
2863 5654 3109 5731 ἐξα-αύτῷ.
3149 5654 3193 5683 ³³
3224 5651 3599 5731 admissuros;

308 5727 337 5767 a
359 5715 489 5791 eod.
530 5715 632 5791 ﬂ“
665 5720 753 5791 καὶ
785 5721 968 5791 κινηθ.
1000 5720 1166 5776 Hebr.
1210 5715 1262 5776 et
1313 5715 1570 5791 fugeriut'.

1652 5723 1696 5753 ³⁸
1743 5724 1864 5774 (ξιιιι.
1916 5724 2079 5788 λέγω.

2160 5722 2205 5750 ’δ
2245 5721 2364 5793 τήνζ
2412 5722 2596 5793 Abest
2624 5737 2651 5771 a
2686 5724 2808 5773 cmi.
2851 5790 2858 5793 _
2889 5725 2930 5752 ’⁷
2973 5721 3129 5793 ἄνθη.
3168 5725 3289 5776 cod.
3324 5724 3473 5776 :ttitili
3506 5728 3599 5776 καὶ

307 5785 487 5866 κρίνα,
528 5784 726 5843 Monii.
754 5793 807 5844 iu
839 5784 1069 5861 Héxapl.
1110 5792 1176 5846 ad
1203 5793 1257 5846 h.
1292 5795 1327 5845 l.
1359 5784 1688 5863 Symumeho
1716 5794 1910 5845 tribuit
1954 5784 2238 5846 lectionem
2274 5784 2367 5840 τοῦ
2404 5790 2783 5859 ποιμαίνοντος
2809 5790 2875 5843 τὰ
2910 5793 3065 5864 ἄνθη,
3098 5784 3221 5863 qum
3255 5797 3431 5866 aptior
3475 5815 3599 5851 esse

308 5856 559 5911 videtur.
