3940 6200
342 393 450 460 111

1352 391 1839 452 THEODORETI
1867 393 2203 458 EPISCOPI
2238 400 2603 461 CYRENSlS

3526 404 3630 471 1'1'2

357 504 600 558 (Dorico
644 501 849 573 aspirct
896 499 1012 554 dics
1040 541 1052 564 ,
1102 505 1154 552 ct
1200 504 1357 550 mota:
1392 495 1602 550 l‘uerint
1633 494 1861 550 umbra}.
1905 514 1924 547 ι

2041 504 2192 576 ἄνθη,
2218 505 2253 558 ἆ
2280 505 2506 559 ἐκάλεσε
2540 504 2698 576 κρίνα
2717 504 2781 560 ’⁸.
2805 523 2823 557 ι
2851 505 2994 568 Ἕως
3020 497 3080 559 οὗ
3104 504 3402 580 διαπνεύσῃ
3426 510 3460 579 ἡ
3489 512 3628 581 ἡμέ-

353 596 590 653 Umbras
620 603 804 649 autem
836 601 997 647 vocat
1030 605 1116 645 res
1148 580 1702 653 humanas."_Quare
1729 587 1929 643 beatus

350 691 517 744 etiam
556 685 772 741 David:
815 703 833 736 ι
855 682 1029 738 ‘Sicut
1056 681 1248 736 umbra
1278 719 1293 744 ,
1346 678 1570 748 inquit,
1604 694 1731 733 cum
1762 678 1931 733 decli-

352 792 480 847 nat,
509 782 727 836 ablatus
760 793 881 835 sum
913 786 959 831 P.
993 795 1011 828 ι
1058 775 1125 829 Et
1159 786 1357 827 rursus
1384 789 1397 826 :
1442 790 1459 823 ι
1491 768 1620 827 Dies
1651 772 1755 824 mei
1787 771 1933 826 sicut

352 874 549 929 umbra
582 879 942 927 transeunte.
983 887 1002 919 ι
1042 865 1107 920 Ει
1137 873 1401 921 strenuus
1426 861 1638 918 Jobus:
1673 881 1690 914 ι
1725 860 1931 916 Umbra

348 966 495 1021 enim
520 975 624 1028 est,
654 963 853 1034 inquit,
882 960 995 1014 vita
1019 957 1262 1013 hominis
1292 970 1457 1025 super
1487 965 1630 1011 terra
1658 965 1702 1009 τ.
1731 974 1750 1006 ι
1783 953 1933 1008 Nihil

348 1058 494 1111 enim
528 1057 742 1110 lirmum
772 1093 787 1118 ,
837 1051 979 1107 nihil
1006 1051 1207 1107 stabile
1233 1091 1248 1116 ,
1293 1048 1432 1102 nihil
1464 1056 1755 1111 constans,
1796 1047 1933 1101 nihil

347 1156 669 1217 perpetuum
706 1158 770 1199 ac
813 1158 946 1198 vere
983 1141 1263 1197 exsistens
1329 1138 1535 1193 habent
1575 1153 1641 1192 ea
1688 1136 1933 1207 quaaju-

347 1237 527 1291 cunda
558 1235 814 1290 videntur
848 1235 905 1289 in
941 1235 1047 1290 hac
1078 1236 1194 1287 vita
1225 1248 1240 1299 ;
1273 1248 1381 1287 non
1418 1231 1641 1295 divitiae,
1677 1246 1785 1284 non
1817 1231 1935 1298 glo-

346 1328 431 1383 ria
455 1367 470 1394 ,
522 1341 633 1382 non
668 1327 964 1398 imperium
991 1366 1006 1391 ,
1054 1323 1469 1393 non'corporis
1498 1322 1782 1387 valetudo,
1824 1336 1933 1376 non

350 1418 554 1486 forma,
592 1434 703 1474 non
735 1416 975 1488 denique
1004 1415 1155 1471 aliud
1201 1415 1500 1485 quidquam
1538 1432 1551 1468 :
1609 1413 1704 1469 sed
1746 1414 1933 1467 inania

348 1519 513 1576 sunt,
555 1518 611 1566 et
656 1519 923 1581 tanquam
974 1507 1183 1563 umbra:
1216 1506 1616 1562 dissolvuntur.
1684 1503 1933 1573 Sponsus

346 1618 478 1674 ergo
510 1617 613 1658 nos
645 1603 865 1673 pascit,
919 1600 1098 1655 donec
1139 1597 1308 1653 ardor
1345 1596 1454 1651 diei
1489 1599 1830 1666 ipraelereat,
1882 1603 1936 1649 et

348 1710 442 1751 ros
463 1694 663 1751 salutis
688 1693 914 1764 aspiret,
941 1699 996 1746 et
1024 1696 1351 1746 moveantur
1381 1688 1606 1753 umbrae,
1630 1695 1686 1743 et
1716 1687 1931 1754 futura,

349 1805 472 1859 qua:
494 1786 754 1845 stabilem
780 1799 846 1840 ac
874 1792 1194 1856 perpetuam
1225 1788 1484 1836 naturam
1515 1779 1744 1844 habent,
1766 1794 1936 1849 appa-

2034 615 2123 668 ρα,
2153 598 2248 651 καὶ
2294 597 2583 668 κινηθῶσιν
2610 599 2667 652 αἱ
2698 598 2865 652 σκιαί.
2903 618 2921 650 ι
2960 598 3126 663 Σκιάς
3155 601 3212 653 δὲ
3243 601 3398 655 καλεῖ
3428 603 3498 656 τά
3526 605 3626 656 ἀν-

2033 688 2280 760 θρώπινα
2313 692 2357 723 ¹⁹
2398 691 2720 761 πράγματα.
2777 691 2867 744 Διὸ
2924 691 3017 745 καὶ
3076 693 3105 745 ὁ
3157 694 3426 766 μακάριος
3474 694 3626 763 λέγει

2031 781 2213 834 Δαϐίδ·
2245 801 2262 834 ι
2286 782 2375 845 Ὠς
2404 781 2531 835 σκιὰ
2546 784 2601 835 ὲν
2625 781 2702 853 τῷ
2725 782 2968 843 ἐκκλῖναι
2985 782 3158 854 αὐτὴν
3178 784 3573 857 άντανῃρέθην.
3605 804 3622 836 ι

2034 874 2143 926 Kal
2170 873 2351 927 πάλιν*
2377 892 2393 923 ι
2415 875 2482 927 Αἱ
2512 873 2714 945 ἡμέραι
2747 891 2848 944 μου
2879 874 3012 928 ὡσεὶ
3038 874 3168 929 σκιὰ
3195 877 3583 947 παράγουσικ.
3602 896 3623 927 ι

2034 966 2143 1019 Καὶ
2169 969 2194 1018 ὁ
2217 970 2464 1035 γενναῖος
2507 966 2625 1019 Ἰώϐ
2645 984 2660 998 ο
2695 985 2712 1018 ι
2746 966 2881 1021 Σκιὰ
2906 968 3015 1039 γάρ
3046 969 3194 1022 ἐστιν
3223 969 3386 1040 όβίος
3412 969 3629 1038 ἀνθρὼ-

2036 1075 2138 1110 που
2166 1059 2260 1111 ἐπὶ
2287 1059 2386 1128 τῆς
2412 1058 2535 1128 γῆς.
2577 1078 2595 1111 ι
2628 1057 2793 1112 Οὐδὲν
2820 1058 2928 1130 γὰρ
2960 1061 3207 1131 μόνιμον,
3240 1061 3361 1115 οὐδὲ
3384 1062 3629 1132 βέϐαιον,

2034 1151 2154 1203 οὐδὲ
2181 1152 2472 1221 σταθηρδν,
2492 1151 2847 1222 καὶδιαρκὲς,
2867 1154 2960 1206 καὶ
2980 1153 3143 1206 οἱονεὶ
3164 1154 3442 1219 οὐσιῶδες,
3459 1154 3557 1208 τοῦ
3585 1156 3629 1187 ³⁸

2036 1259 2111 1293 πα
2119 1240 2435 1311 ρόντοςιβίου
2452 1241 2517 1294 τὰ
2533 1241 2791 1295 δοκοῦντα
2812 1244 3040 1314 τερπνά·
3057 1245 3119 1297 οὑ
3139 1243 3392 1311 πλοῦτος,
3421 1247 3483 1299 οὐ
3500 1246 3634 1313 δόξα

2035 1333 2095 1384 οὑ
2126 1325 2429 1395 δυναστεία,
2455 1333 2551 1402 οὐχ
2577 1332 2733 1400 ὑγεία
2751 1333 3040 1403 σωμάτων,
3064 1335 3164 1388 οὐκ
3189 1336 3484 1407 εὐμορφία,
3521 1338 3625 1391 οὐκ

2035 1423 2162 1476 ἄλλο
2185 1422 2294 1476 τῶν
2308 1423 2571 1477 τοιούτων
2593 1425 2743 1477 οὐδέν
2767 1441 2780 1454 ’
2805 1424 2942 1479 ἀλλὰ
2972 1427 3173 1499 σκιώδη
3197 1428 3477 1500 τυγχάνει,
3500 1432 3628 1494 ταῖς

2039 1516 2218 1576 σκιαῖς
2273 1514 2669 1586 παραπλησίως
2714 1515 3062 1587 διαλυόμενα.
3119 1518 3403 1588 Ποίμαίνει
3444 1520 3630 1574 τοίνυν

2036 1603 2186 1674 ἡμᾶς
2217 1602 2245 1653 ὁ
2278 1602 2529 1674 νυμφίος,
2570 1604 2673 1667 ἕως
2709 1603 2774 1658 ἂν
2806 1603 2866 1656 τὸ
2898 1604 3164 1673 φλογῶδες
3192 1607 3291 1679 τῆς
3331 1609 3543 1678 ἡμέρας
3583 1610 3627 1641 ιιι

2037 1693 2283 1765 παρέλθῃ
2314 1695 2409 1747 καὶ
2445 1694 2741 1766 διαπνεύσῃ
2781 1696 2881 1766 τῆς
2922 1698 3194 1770 σωτηρίας
3230 1702 3263 1769 ἡ
3292 1698 3504 1770 δρόσος,
3532 1702 3628 1754 καὶ

2038 1785 2302 1858 κινηθῶσι
2329 1787 2427 1857 μὲν
2452 1789 2508 1839 αί
2536 1787 2705 1852 σκιαὶ,
2734 1792 2871 1860 φανῇ
2902 1790 2959 1842 δὲ
2987 1789 3053 1842 τὰ
3076 1790 3335 1860 μέλλοντα
3365 1791 3412 1822 ³³
3430 1791 3631 1862 διαρκῆ

350 1875 748 1938 ι’θιιιιιζνθωηι
776 1877 909 1948 quia
932 1883 1195 1946 tanquam
1223 1888 1332 1927 una
1362 1872 1642 1927 habentur
1669 1886 1699 1923 a
1732 1883 1934 1941 sponso

2041 1879 2135 1932 καὶ
2191 1878 2418 1949 μόνιμον
2450 1878 2548 1950 τὴν
2596 1876 2827 1950 ὕπαρξιν
2870 1879 3080 1950 ἔχοντα.
3124 1881 3275 1933 Ἐπεὶ
3318 1881 3374 1934 δὲ
3424 1880 3500 1946 ὡς
3532 1883 3633 1952 μία

349 1974 545 2029 animae
577 1967 835 2044 perfectae
865 1976 919 2023 et
949 1966 1176 2023 Christo
1207 1966 1587 2035 desponsatze,
1629 1961 1932 2032 singulari-

350 2076 433 2121 ter
453 2064 559 2136 ipsi
591 2060 1011 2132 respondentes,
1041 2057 1236 2112 dicunt
1264 2072 1282 2110 :
1328 2075 1347 2108 ι
1376 2054 1557 2125 Nepos
1586 2069 1741 2109 meus
1768 2053 1929 2121 mihi,

350 2168 403 2212 et
441 2171 541 2227 ego
574 2153 678 2209 illi.
718 2171 737 2204 ι
782 2150 908 2208 Hoc
946 2158 1033 2206 est
1052 2191 1077 2218 .,
1115 2149 1349 2205 dilectus
1384 2163 1540 2204 meus
1572 2147 1706 2202 mihi
1740 2162 1938 2202 secun-

350 2250 478 2303 dum
504 2245 802 2318 imaginem
826 2243 1098 2308 cernitur,
1120 2250 1180 2297 et
1203 2256 1307 2311 ego
1334 2240 1414 2294 illi
1446 2240 1591 2303 viro,
1617 2255 1726 2294 non
1752 2246 1935 2292 autem

350 2337 525 2402 mihi,
568 2344 626 2391 ut
667 2351 894 2407 magnus
934 2336 1011 2387 ait
1040 2331 1341 2402 Apostolus
1370 2341 1419 2383 ε.
1464 2349 1482 2383 ι
1523 2328 1630 2396 Qui
1668 2330 1844 2400 pascit
1880 2330 1936 2383 in

353 2431 524 2497 liliis;
559 2448 578 2481 ι
630 2429 736 2483 huc
762 2437 877 2494 est,
910 2425 1004 2496 qui
1048 2440 1144 2495 per
1177 2435 1367 2480 sancta
1400 2437 1500 2477 sua
1529 2428 1800 2492 prazcepta
1828 2459 1843 2485 ,
1881 2421 1938 2474 in

353 2523 649 2579 animabus
675 2520 788 2575 illis
813 2559 830 2587 ,
861 2533 985 2590 quae
1014 2517 1294 2589 magistra:
1328 2524 1459 2571 sunt
1481 2553 1496 2578 ,
1527 2529 1635 2568 nec
1666 2514 1939 2568 sollicitu-

352 2616 574 2672 dinibus
612 2614 776 2670 istius
803 2613 926 2667 vitae
948 2608 1292 2666 suli'ocantur
1319 2610 1363 2674 ι,
1393 2621 1525 2662 oves
1551 2606 1764 2661 ratione
1791 2620 1935 2676 prae-

353 2711 498 2765 ditas
525 2707 699 2777 regit,
754 2720 850 2761 eos
885 2703 1145 2758 nimirum
1195 2701 1288 2772 qui
1322 2715 1421 2771 per
1450 2700 1601 2769 ipsas
1632 2699 1937 2753 instituun-

354 2814 465 2857 tur.
521 2819 540 2852 ι
579 2799 762 2855 Donec
798 2796 1010 2868 aspiret
1059 2794 1215 2861 dies,
1261 2802 1318 2848 et
1368 2799 1527 2846 motae
1575 2790 1780 2846 fuerint
1820 2807 1939 2845 um-

354 2896 486 2948 brae.
518 2910 538 2943 ι
575 2890 761 2946 Donec
783 2884 1373 2959 uempelucidissimus
1407 2883 1500 2939 ille
1528 2882 1824 2952 aliquando
1856 2880 1941 2936 lu-

355 2998 512 3041 turus
537 2983 658 3040 dies
686 2983 759 3038 ab
794 2982 948 3036 omni
981 2978 1178 3034 umbra
1211 2976 1618 3032 remotissimus
1653 2975 1803 3031 adsit
1832 2994 1845 3030 :
1886 2983 1941 3031 et

352 3094 544 3135 omnes
574 3093 665 3133 res
702 3082 1036 3146 praesentes,
1085 3087 1209 3143 quae
1269 3086 1454 3126 rerum
1490 3071 1600 3142 76
1629 3070 1938 3126 futurarum

2036 1970 2142 2023 εἰσὶ
2185 1968 2263 2041 τῷ
2310 1969 2527 2041 νυμφίῳ
2573 1971 2963 2041 νυμφευθεῖσαι
3013 1971 3162 2043 αὐτῷ
3208 1972 3633 2043 τετελειωμέναι

2034 2063 2224 2132 ψυχαὶ.
2265 2061 2457 2126 ἑνικῶς
2499 2061 2635 2133 πρὸς
2680 2062 2844 2117 αὑτὸν
2888 2064 3318 2135 ἀποκρινόμεναι
3349 2081 3515 2133 φασιν
3549 2064 3629 2097 ³⁸·

2041 2169 2060 2203 ι
2106 2151 2409 2220 Ἀδελφιδός
2440 2168 2543 2221 μου
2566 2151 2709 2221 ἐμοὶ,
2740 2151 2898 2220 κάγὼ
2923 2151 3072 2222 αὐτῷ
3095 2168 3109 2183 ο
3140 2170 3160 2204 ι
3186 2152 3373 2222 ἤγουν,
3409 2151 3467 2204 '0
3496 2152 3632 2220 ἀγα·

2037 2244 2210 2315 πητός
2247 2261 2348 2313 μου
2382 2244 2503 2314 ἐμοὶ
2542 2244 2663 2297 κατ’
2690 2244 2873 2296 εἰκόνα
2916 2244 3128 2313 ὁρᾶται,
3159 2241 3313 2310 κάγὼ
3344 2242 3492 2311 αὐτῷ
3526 2242 3625 2305 ζῶ,

2037 2335 2130 2387 καὶ
2156 2334 2258 2386 οὐκ
2303 2335 2534 2405 ἐμαυτῇ,
2568 2332 2709 2386 κατὰ
2753 2333 2844 2386 τὸν
2898 2334 3071 2403 μέγαν
3110 2334 3459 2387 Ἀπόστολον’
3501 2353 3520 2385 ι
3569 2336 3627 2385 ὐ

2036 2425 2339 2495 ποιμαίνων
2380 2426 2437 2478 ἐν
2471 2427 2584 2488 τοῖς
2624 2425 2828 2496 κρίνοις
2852 2441 2864 2456 ο
2905 2426 3108 2495 ἤγουν,
3146 2445 3163 2476 ι
3210 2425 3267 2478 '0
3297 2425 3499 2478 διέπων
3534 2426 3628 2478 διὰ

2036 2514 2144 2569 τῶν
2172 2515 2343 2581 ἁγίων
2376 2514 2538 2568 αὑτοῦ
2593 2516 2844 2580 ἐντολῶν,
2885 2519 2942 2568 ὲν
2971 2519 3091 2580 ταῖς
3131 2517 3208 2587 μὴ
3251 2521 3629 2591 συμπνιγομέ-

2037 2625 2155 2671 ναις
2177 2605 2316 2662 κατὰ
2336 2608 2435 2671 τὰς
2459 2607 2716 2678 βιωτικὰς
2740 2609 3021 2680 φροντίδας
3043 2609 3384 2676 διδασκάλοις
3405 2613 3630 2684 ψυχαῖς,

2036 2698 2103 2752 τὰ
2129 2698 2322 2768 λογικὰ
2350 2699 2619 2768 πρόϐατα,
2660 2700 2802 2772 ἆπερ
2844 2700 2983 2754 εἰσὶν
3022 2703 3071 2754 οί
3112 2703 3242 2773 παρ’
3267 2703 3447 2756 αὐτῶν
3474 2703 3626 2759 διδα-

2040 2791 2313 2862 σκόμενοι.
2344 2809 2365 2843 ι
2395 2792 2537 2855 Ἕως
2573 2784 2633 2844 οὗ
2666 2792 2963 2863 διαπνεύσῃ
2989 2794 3020 2862 ἡ
3047 2793 3249 2865 ἡμέρα,
3284 2794 3377 2847 καὶ
3397 2794 3635 2865 κινηθῶ-

2041 2901 2126 2937 σιν
2154 2885 2209 2936 αί
2239 2883 2425 2936 σκιαί·
2459 2902 2477 2935 ι
2507 2883 2726 2955 δηλαδὴ,
2757 2885 2950 2956 μέχρις
2979 2885 3045 2940 ἂν
3072 2887 3270 2959 ἐπιστῇ
3302 2890 3334 2959 ή
3366 2889 3508 2943 κατὰ
3536 2890 3632 2944 τὸν

2043 2974 2305 3045 μέλλοντα
2329 2974 2638 3047 ὁλολαμπὴς
2664 2977 2842 3047 ἡμέρα
2869 2978 2964 3030 καὶ
3001 2977 3210 3044 ἄσκιος,
3233 2980 3330 3034 καὶ
3360 2980 3538 3035 πάντα
3563 2982 3636 3036 τὰ

2042 3067 2304 3138 παρόντα,
2341 3068 2483 3139 ειπερ
2506 3067 2643 3121 είσὶν
2672 3069 2727 3121 αἱ
2765 3068 2915 3122 σκιαὶ
2947 3068 3053 3124 τῶν
3089 3070 3408 3140 μελλόντων,
3438 3072 3637 3144 παρέλ-

355 3180 488 3227 sunt
517 3168 744 3233 umbras,
770 3171 1185 3236 pertranseant.
1215 3161 1336 3229 Quo
1361 3162 1585 3233 quidem
1610 3162 1700 3217 die
1718 3177 1934 3233 gregem

2044 3158 2178 3212 θωσι
2199 3175 2213 3190 ο
2242 3158 2364 3213 καθ’
2386 3159 2453 3231 ἢν
2470 3159 2685 3231 ἡμέραν
2708 3159 2805 3232 τὴν
2829 3160 3022 3213 ἑαυτοῦ
3058 3162 3292 3233 ποίμνην
3316 3162 3349 3215 ό
3378 3164 3584 3236 ποιμὴν
3605 3165 3637 3217 ὁ

354 3248 516 3318 suum
577 3265 765 3331 pastor
832 3257 925 3313 ille
981 3259 1161 3311 bonus
1216 3254 1273 3309 in
1331 3263 1662 3309 aeternarum
1720 3254 1933 3308 sedium

354 3356 537 3427 quiete
565 3349 887 3407 collocabit.
938 3367 956 3402 ι
994 3347 1294 3405 Revertere
1316 3387 1332 3414 ,
1368 3345 1701 3410 assimilare,
1733 3353 1791 3398 tu
1840 3358 1936 3399 ne»

355 3464 455 3520 pos
487 3445 583 3511 mi,
612 3458 844 3515 capreae,
875 3449 970 3496 aut
998 3440 1230 3495 hinnulo
1250 3452 1545 3495 cervorum
1574 3451 1744 3506 super
1774 3450 1935 3490 nion-

352 3541 505 3597 tibus
535 3536 890 3594 convallium.
928 3550 947 3584 ›
976 3531 1083 3587 Hic
1127 3542 1312 3585 autem
1352 3542 1623 3598 sponsum
1657 3526 1932 3590 hortatur,

354 3640 415 3688 ut
461 3629 799 3687 animalibus
845 3632 1010 3680 antea
1063 3623 1234 3680 dictis
1292 3621 1535 3688 similis,
1600 3618 1935 3675 conscendat

354 3731 573 3781 montes
620 3723 677 3778 in
721 3719 962 3775 vallibus
1011 3717 1150 3771 sitos
1179 3752 1196 3781 ,
1246 3712 1478 3782 cupiens
1512 3726 1705 3766 omnes
1755 3710 1935 3782 ipsius

354 3816 649 3891 praesentia
691 3813 821 3869 frtri.
869 3830 888 3863 ι
916 3808 1133 3865 Montes
1176 3813 1358 3861 autem
1409 3803 1743 3859 convallium
1775 3823 1794 3854 ι
1848 3803 1936 3859 hic

354 3916 514 3966 vocat
545 3923 640 3964 eos
662 3946 676 3971 ,
705 3905 800 3976 qui
835 3905 892 3957 in
926 3899 1108 3956 medio
1136 3896 1514 3966 subjectorum
1552 3904 1719 3966 atque
1756 3894 1936 3948 humi-

353 4002 488 4057 lium
537 3996 902 4070 quorumdam
955 3999 1139 4046 mente
1195 3995 1325 4044 sunt
1379 3988 1562 4054 elata,
1612 3998 1666 4044 et
1710 3987 1935 4043 sublimi

356 4108 522 4149 sensu
552 4097 807 4146 utuntur.
841 4083 906 4139 Et
932 4091 1076 4147 orat,
1110 4089 1171 4137 ut
1202 4081 1307 4154 ipsi
1336 4095 1562 4152 quoque
1587 4082 1773 4151 sponsi
1788 4094 1936 4151 pm.

356 4182 532 4239 sentia
564 4178 941 4250 perfruantur.
976 4172 1135 4239 Quod
1160 4172 1382 4243 quidem
1412 4187 1650 4242 sponsus
1677 4172 1937 4242 precibus

356 4287 576 4346 sponsa:
631 4260 837 4324 auditis
895 4266 1045 4321 fecit.
1093 4264 1310 4336 Sponsa
1363 4264 1533 4338 igitur
1579 4264 1698 4326 sola
1746 4264 1937 4346 relicta

358 4343 580 4435 angitur
622 4369 678 4416 et
722 4360 1033 4423 cruciatur,
1069 4367 1123 4413 et
1152 4356 1584 4413 sollicitudinem
1615 4343 1771 4412 suam
1802 4357 1937 4411 ado-

360 4455 675 4511 lescentulis
702 4462 921 4518 narrat,
960 4467 1022 4507 ac
1056 4450 1194 4506 dicit
1222 4468 1237 4506 :

992 4627 1148 4685 CAP.
1210 4625 1303 4681 111.

433 4771 595 4826 Vens.
639 4772 662 4825 1
698 4812 712 4834 ,
747 4770 803 4824 2.
840 4767 907 4822 1η
946 4766 1139 4821 lectulo
1187 4781 1299 4819 meo
1337 4762 1551 4834 quwsivi
1584 4776 1677 4831 per
1715 4769 1891 4813 noctes
1921 4795 1935 4819 ,

357 4880 508 4935 quem
530 4862 706 4932 diligit
728 4861 907 4912 anima
932 4874 1050 4911 utea
1074 4873 1092 4909 :
1117 4855 1335 4926 quasivi
1358 4869 1499 4920 curri,
1527 4863 1577 4907 et
1605 4868 1710 4907 non
1736 4848 1933 4904 inveni.

375 4954 562 5009 νινεαυὶ
590 4970 707 5008 eum
730 4992 744 5017 ,
794 4961 842 5005 et
875 4966 976 5004 non
1006 4947 1207 5001 audivit
1240 4944 1369 5000 me.‘
1402 4944 1630 5016 Surgam
1680 4943 1801 5013 jam
1834 4983 1849 5008 ,
1882 4950 1934 4995 et

1972 4578 2020 4637 Β

2048 3250 2210 3314 καλὸς
2236 3252 2316 3315 είς
2341 3251 2439 3315 τὰς
2467 3251 2713 3316 αἰωνίους
2739 3252 3041 3307 ἀναπαύσει
3061 3253 3255 3322 μονάς.
3289 3271 3308 3305 ι
3349 3254 3639 3328 Ἀπόστρε-

2044 3343 2165 3414 ψον,
2195 3343 2493 3414 ὁμοιώθητι
2549 3346 2647 3405 σὺ,
2706 3345 2955 3415 ἀδελφιδέ
3003 3362 3127 3415 μου,
3183 3345 3262 3417 τῷ
3309 3346 3561 3417 δόρκωνι,
3600 3348 3636 3417 ἢ

2046 3435 2224 3507 νεϐρῷ
2267 3435 2479 3505 ἐλάφων
2512 3436 2604 3488 ἐπὶ
2634 3434 2703 3489 τὰ
2735 3435 2836 3506 ὅρη
2869 3436 3244 3507 κοιλωμάτων.
3269 3438 3313 3470 ⁸⁵
3352 3456 3370 3490 ι
3403 3439 3641 3512 Προτρέ-

2046 3545 2139 3580 πει
2166 3528 2223 3580 δὲ
2254 3527 2344 3580 τὸν
2378 3526 2608 3598 νυμφίον
2641 3527 2876 3581 ἐνταῦθα
2908 3531 3018 3593 τοῖς
3063 3530 3489 3602 προειρημένοις
3522 3533 3638 3584 ὲοι-

2047 3621 2178 3675 κότα
2200 3618 2357 3685 ζώοις
2389 3619 2643 3690 ἐπιϐῆναι
2682 3619 2790 3672 τῶν
2831 3620 2888 3672 ἐν
2918 3623 3030 3685 τοῖς
3076 3620 3415 3693 κοιλώμασιν
3463 3622 3634 3694 ὀρῶν,

2045 3711 2344 3784 βουλομένη
2394 3711 2600 3774 πάντας
2642 3711 2810 3764 αὐτοῦ
2846 3712 2944 3782 τῆς
2997 3712 3279 3777 συνουσίας
3313 3713 3634 3768 ἀπολαύειν.

2052 3823 2069 3856 ι
2110 3806 2251 3877 Ὄρη
2281 3804 2338 3858 δὲ
2369 3803 2723 3874 κοιλωμάτων
2760 3822 2778 3854 ι
2805 3804 3039 3857 ἐνταῦθα
3079 3806 3474 3878 προσαγορεύει
3506 3788 3635 3873 τοὺς

2046 3898 2104 3952 ἐν
2134 3899 2282 3969 μέσῳ
2321 3896 2516 3951 κοίλων
2562 3895 2725 3950 τινῶν
2772 3897 2868 3950 καὶ
2927 3898 3198 3951 ταπεινῶν
3248 3898 3347 3970 τὴν
3393 3900 3638 3954 διάνοιαν

2046 3987 2575 4059 ὑπερανεστηκότας,
2626 3988 2720 4041 καὶ
2758 3986 2946 4059 ὑψηλῷ
2998 3989 3303 4059 φρονήματι
3355 3991 3637 4061 κεχρημέ-

2046 4096 2195 4143 νους·
2227 4079 2322 4133 καὶ
2348 4080 2658 4151 παρακαλεῖ
2696 4079 2792 4133 καὶ
2820 4079 3041 4142 τούτους
3080 4079 3383 4133 ἀπολαῦσαι
3408 4081 3508 4152 τῆς
3538 4080 3637 4135 τοῦ

2046 4172 2277 4244 νυμφίου
2306 4172 2607 4245 παρουσίας
2627 4188 2640 4202 ·
2670 4171 2698 4224 ὂ
2726 4173 2821 4225 καὶ
2852 4175 3121 4243 πεποίηκε
3149 4170 3257 4225 τῶν
3289 4172 3386 4243 τῆς
3408 4172 3633 4243 νύμφης

2048 4265 2287 4328 ἀκούσας
2322 4262 2566 4318 ίκετειῶν
2597 4263 2661 4318 ³⁸.
2692 4262 3010 4316 Μονωθεῖσα
3042 4258 3134 4316 οὖν
3160 4264 3193 4334 ἡ
3221 4261 3407 4334 νύμφη
3436 4262 3636 4333 δυσχε-

2048 4354 2221 4427 ραίνει
2247 4354 2340 4407 καὶ
2366 4354 2602 4416 ἀνιᾶται,
2635 4352 2729 4405 καὶ
2757 4351 3017 4420 διηγεῖται
3059 4354 3178 4415 ταῖς
3203 4352 3409 4406 νεάνισι
3433 4350 3495 4405 τὸ
3524 4353 3637 4409 πά-

2050 4446 2160 4511 θος,
2194 4445 2285 4499 καί
2315 4461 2478 4514 φησιν
2501 4459 2513 4471 ·

2643 4617 2892 4670 ΚΕΦΑΛ.
2956 4616 3024 4669 Γ.

2118 4752 2264 4822 Στίχ.
2292 4759 2360 4808 α’.
2386 4752 2515 4807 Ἐπὶ
2547 4753 2755 4820 κοίτην
2781 4770 2901 4822 μου
2938 4753 3009 4805 ἐν
3048 4751 3227 4817 νυξὶν
3252 4752 3513 4824 ἐζήτησα
3559 4757 3637 4810 ὃν

2041 4841 2359 4912 ἠγάπησεν
2386 4844 2423 4909 ἡ
2449 4842 2619 4912 ψυχή
2647 4860 2784 4912 μου.
2828 4841 3113 4910 Ἐζήτησα
3143 4845 3350 4908 αὐτὸν,
3383 4847 3481 4900 καὶ
3515 4849 3633 4917 οὐχ

2041 4932 2221 5004 εὗρον
2235 4937 2441 4990 αὐτόν.
2458 4935 2828 4989 Ἐπεκάλεσα
2842 4935 3048 5000 αὑτὸν,
3063 4937 3158 4990 καὶ
3178 4939 3291 5007 οὐχ
3312 4938 3635 5008 ὑπήκουσέ

426 5190 453 5227 r
487 5175 636 5233 Psal.
666 5192 838 5257 cvm,
878 5174 971 5232 25.
1047 5184 1076 5225 ιι
1117 5171 1266 5228 Psal.
1295 5185 1369 5237 et,
1396 5171 1481 5225 12.
1562 5180 1583 5207 τ
1620 5167 1727 5224 Job
1762 5184 1870 5233 vn,
1932 5191 1934 5199 ι

2041 5180 2155 5232 VIII,
2178 5165 2232 5220 9.
2313 5172 2335 5201 ⁸
2368 5160 2411 5216 ll
2433 5163 2559 5218 Cor.
2586 5178 2638 5227 ν,
2668 5161 2754 5215 15.
2834 5164 2850 5197 ι
2885 5161 3081 5217 Matth.
3106 5180 3225 5230 rut,
3247 5163 3339 5218 2‘3.

1635 5379 1869 5436 VARIE
1912 5377 2313 5436 LECTIONES.

428 5590 474 5623 ⁸⁸
521 5590 597 5654 ὡς
636 5619 707 5631 -
733 5587 890 5654 κρίνα
950 5585 1073 5641 Des.
1120 5585 1176 5638 in
1213 5583 1335 5639 cod.

359 5674 402 5716 t.
460 5661 501 5721 Ι,
536 5676 587 5729 p.
663 5654 821 5715 1518.
929 5654 1127 5729 ³⁸ᾼτοῦ.
1161 5654 1283 5729 cod.
1334 5669 1518 5724 praem.
1559 5656 1692 5726 ἔχει.

1446 5585 1490 5616 ²⁹
1529 5586 1651 5657 cod.
1687 5585 1784 5639 ἀνθ
1791 5604 1869 5657 ρω
1878 5588 2019 5657 πεῖα.

1796 5649 1839 5688 ιι
1874 5656 1997 5711 cod.
2060 5649 2373 5723 ,τιμε-τέραςἈ
2425 5649 2472 5681 ³³
2514 5649 2801 5723 μέλλοντα.
2862 5650 2984 5723 cod.

2130 5583 2173 5614 ³⁸
2216 5580 2547 5650 παράγουσι.
2603 5578 2749 5635 Luco
2803 5580 2899 5634 cit.
2957 5580 3062 5649 leg.
3121 5578 3436 5649 ἐκλίθησαν.
3505 5580 3625 5641 νεα.

2130 5651 2355 5703 ιετέοας.
2425 5649 2472 5681 ³⁸
2515 5649 2801 5703 μέλλοντα.
2862 5650 2984 5703 cod.
3046 5649 3295 5703 μένοντα.
3394 5649 3441 5681 ³⁸
3501 5652 3625 5703 cod.

3043 5666 3317 5733 μενοντα..
3340 5718 3355 5733 ⁸
3394 5666 3441 5681 ⁶’
3500 5666 3627 5733 £90:

359 5718 551 5800 enat}.
594 5729 639 5800 ξ’
678 5730 773 5783 ἐπὶ
800 5757 869 5800 -τ
894 5727 1121 5800 κοιλωμ.
1179 5718 1351 5800 Περι-ξ
1384 5740 1551 5797 super
1589 5718 2204 5800 montibusnsectionisz
2239 5718 2599 5800 s._:3h_rnptis..
2668 5720 2773 5800 Pro
2815 5718 3173 5800 κοιλωμάτων
3226 5718 3451 5800 quidam
3499 5720 3631 5800 libri

359 5787 575 5870 veteres
608 5798 808 5854 habent
838 5787 1076 5870 Βηθὴλ,
1118 5811 1216 5867 pro
1252 5787 1538 5870 βάθηρ,ἰιι
1576 5798 1812 5855 videtur.
1860 5794 1979 5852 Vill.
2033 5810 2067 5864 p
2139 5791 2229 5847 62.
2309 5791 2355 5823 '°
2397 5787 2534 5844 ἱκετ.
2568 5787 2628 5845 in
2667 5791 2790 5845 cod.
2846 5792 3097 5861 sequitur
3135 5791 3424 5862 expositio.
3458 5793 3631 5848 trium

360 5869 610 5925 Patrum.
