3940 6200
307 354 393 419 113
1356 369 1433 430 IN
1461 369 1844 433 CANTICUM
1868 364 2327 442 CANTICI'LIB.
2360 370 2439 442 II‘.
3402 380 3557 459 ιιι·

295 486 394 538 μου
418 468 497 522 ³⁵⁸.
530 466 645 539 (β’.)
687 469 1125 544 Ἀναστήσομαι
1153 474 1217 529 δὲ
1247 477 1314 542 ³³⁷,
1341 480 1437 532 καί
1463 480 1755 535 κυκλώσω
1785 481 1838 535 ἐν

1959 488 2192 542 rircuibo
2225 490 2278 544 in
2312 492 2521 547 civitate
2557 508 2647 562 per
2676 493 2814 549 vicos
2852 502 2900 550 et
2930 495 3139 567 plateas
3160 537 3175 562 ,
3211 506 3261 552 et
3295 516 3532 564 qua-ram

293 556 357 623 τῇ
387 558 545 611 πόλει
572 558 647 611 ἐν
676 560 810 626 ταῖς
836 563 1077 632 ἀγοραῖς
1101 565 1197 619 καί
1239 567 1308 620 ἐν
1353 568 1483 636 ταῖς
1518 571 1849 640 πλατείαις,

294 646 374 701 καὶ
403 646 631 715 ζητήσω
661 649 736 705 δν
761 652 1081 722 ἠγάπησεν
1118 656 1155 723 ἠ
1198 658 1369 728 ψυχή
1407 678 1527 729 μου
1548 677 1562 690 ·
1594 660 1854 732 ἐζήτησα

292 736 470 803 αὐτὸν,
498 740 597 793 καὶ
628 744 743 812 οὐχ
770 740 980 812 εὗρον·
1005 746 1350 803 ἐπεκάλεσιι
1378 752 1582 813 αὑτὸν.
1616 754 1714 809 καί
1738 757 1851 825 οὐχ

290 826 581 895 ὑπήκουσέ
616 850 739 901 μου
777 834 842 890 ³³.
889 837 1183 909 Γυμνάζων
1230 842 1487 909 πολλάκις
1518 847 1545 899 6
1583 847 1689 902 τῶν
1717 848 1853 903 ὅλων

291 918 404 982 Θεὸς
422 919 529 974 τῶν
558 923 803 978 εὐσεϐῶν
830 927 932 991 τὰς
966 929 1164 1000 ψυχὰς,
1217 938 1538 1006 πειρασμοῖς
1590 939 1853 1004 ποικίλοις

292 1012 543 1080 συγχωρεῖ
572 1014 947 1083 περιπίπτειν,
977 1021 1070 1072 καὶ
1113 1022 1242 1076 ποτὲ
1279 1023 1375 1093 μὲν
1405 1025 1723 1098 ἀπαλλαγὴν
1764 1031 1849 1082 αἱ·

289 1100 549 1170 τουμένοις
602 1103 808 1172 δίδωσι,
862 1111 992 1163 ποτὲ
1036 1111 1091 1164 δὲ
1150 1115 1509 1171 ἀναϐάλλεται
1554 1118 1653 1189 τὴν
1683 1119 1848 1185 δόσιν,

288 1191 603 1261 πανταχόθεν
627 1195 897 1265 ὠφέλειαν
925 1202 1036 1263 τοῖς
1087 1199 1380 1269 θιασώταις
1421 1208 1811 1281 μηχανώμενος
1834 1230 1848 1244 ·

288 1281 500 1335 τοιοῦτόν
529 1285 651 1339 ἐστι
680 1289 771 1340 καὶ
799 1289 859 1343 τὸ
887 1291 1037 1363 παρά
1064 1292 1141 1364 τῷ
1168 1295 1335 1349 Δαϐίδ
1357 1299 1853 1371 είρημὲνον·ιἜως

288 1372 418 1434 πότε,
441 1373 644 1445 Κύριε,
669 1377 908 1451 ἐπιλήσῃ
928 1397 1026 1452 μου
1058 1384 1137 1447 είς
1168 1385 1343 1450 τέλος,
1371 1404 1387 1453 ;
1417 1388 1523 1453 ἕως
1557 1391 1688 1444 πότε
1715 1392 1850 1447 ἀπο-

290 1464 521 1533 στρέφεις
552 1467 615 1521 τὺ
643 1469 937 1538 πρόσωπόν
968 1490 1060 1526 σου
1089 1477 1186 1530 ἀπ’
1220 1477 1355 1549 ἐμοῦ
1381 1496 1397 1542 ς
1444 1480 1549 1545 ἔως
1575 1482 1721 1548 τίνος
1750 1484 1849 1557 θή-

286 1571 427 1647 σομαι
462 1555 665 1625 βουλάς
688 1562 748 1613 ἐν
783 1560 930 1635 ψυχῇ
977 1581 1118 1634 μους
1175 1566 1368 1634 ὀδύνας
1414 1573 1472 1625 ὲν
1513 1574 1711 1647 καρδίᾳ
1748 1555 1850 1645 μου

284 1644 478 1740 ἡμέρας
517 1648 617 1701 καὶ
649 1652 883 1717 νυκτόςς
924 1654 1026 1719 ἕως
1052 1657 1178 1711 πότε
1227 1660 1573 1731 ὑψωθήσεται
1596 1667 1625 1718 6
1657 1644 1852 1740 ἐχθρός

286 1751 371 1801 μου
400 1736 482 1788 ἐπ’
529 1740 666 1808 sps;
701 1759 720 1792 ›
749 1743 1015 1811 Πολλάκις
1054 1747 1183 1821 γὰρ,
1218 1751 1295 1815 ὡς
1344 1754 1511 1821 εἰκὸς,
1544 1736 1846 1825 ἱκετεύσας,

283 1826 362 1878 καὶ
388 1828 707 1902 ἀπαλλαγὴν
732 1833 841 1887 τῶν
866 1835 1123 1909 λυπηρῶν
1151 1843 1401 1914 αἰτήσας,
1432 1848 1531 1900 οὐκ
1569 1848 1724 1920 ἔτυχε
1750 1851 1849 1922 τῆς
1879 1828 1922 1886 Β

279 1918 490 1990 δεήσεως
518 1941 532 1952 ·
572 1924 654 1977 διὸ
705 1925 884 1982 ἀλύων
918 1930 993 1995 ὡς
1039 1932 1374 2006 διαμαρτὼν.
1420 1941 1514 1993 καὶ
1565 1918 1847 2012 ἀδημονῶν

279 2018 376 2075 τοις
400 2016 665 2082 τοιούτοις
695 2020 962 2093 κέχρηται
1002 2025 1198 2096 λόγοις.
1246 2030 1356 2082 Καὶ
1406 2031 1434 2082 ὁ
1479 2033 1749 2105 μακάριος
1789 2035 1846 2089 δὲ

279 2106 464 2173 Παῦλός
493 2128 667 2181 φησιν
687 2132 702 2145 ο
746 2134 764 2167 ι
794 2117 872 2188 Τῇ
905 2118 1175 2193 ὑπερϐολῇ
1206 2123 1313 2176 τῶν
1338 2124 1732 2197 ἀποκαλύψεων
1758 2128 1846 2181 ἵνα

279 2199 341 2269 μὴ
368 2200 777 2274 ὑπεραίρωμαι,
812 2208 966 2281 ἐδόθη
1004 2229 1092 2281 μοι
1141 2214 1340 2285 σκόλοψ
1368 2219 1431 2288 τῇ
1465 2218 1650 2290 σαρκὶ,
1682 2219 1845 2288 ἄγγε-

272 2289 349 2355 io;
375 2293 569 2361 Σατᾶν,
597 2297 688 2351 ἵνα
736 2316 803 2371 με
852 2302 1139 2378 κολαφίζῃ,
1185 2306 1273 2360 ἵνα
1309 2306 1383 2379 μὴ
1418 2289 1842 2383 ὑπεραίρωμαι·

273 2385 352 2473 καὶ
391 2387 527 2459 ὑπὲρ
574 2390 770 2443 τούτου
818 2394 938 2464 τρὶς
977 2396 1067 2449 τὸν
1106 2397 1308 2470 Κύριον
1348 2402 1719 2473 παρεκάλεσα,
1747 2408 1843 2460 καὶ

271 2472 374 2530 εἶπέ
432 2496 555 2545 μοι·
600 2482 788 2552 Ἀρκεῖ
818 2501 898 2537 σοι
942 2487 974 2556 ή
1022 2487 1183 2559 χάρις
1219 2506 1341 2560 μου,
1384 2472 1437 2563 ήγ
1463 2493 1571 2564 γὰρ
1615 2494 1842 2567 δύναμίς

273 2585 362 2636 μου
387 2570 440 2622 ἐν
466 2572 729 2646 ἀσθενείᾳ
774 2575 1092 2633 τελειοῦται.
1134 2600 1152 2631 ι
1186 2583 1292 2636 Καὶ
1338 2586 1649 2654 παρακαλεῖ
1694 2588 1841 2642 Παϋ-

270 2658 364 2723 λος,
393 2662 479 2714 καὶ
509 2664 577 2716 οὐ
606 2666 897 2736 τυγχάνει·
924 2668 986 2722 τὸ
1013 2670 1121 2743 γὰρ
1149 2672 1226 2744 μὴ
1266 2674 1449 2729 λαϐεῖν
1487 2676 1584 2748 τὴν
1623 2681 1840 2750 αἴτησιν

270 2750 672 2827 ὡσελιμώτερον
715 2752 804 2828 ἦν.
840 2760 932 2813 Διὸ
977 2761 1363 2835 διδασκόμενος
1406 2766 1434 2819 ὃ
1475 2769 1677 2838 ἠγνόει,
1719 2771 1838 2841 μεθ’

269 2841 435 2913 ἡδονῆς
461 2845 525 2898 τὸ
564 2848 638 2918 μὴ
670 2848 855 2903 λαϐεῖν
875 2850 910 2904 ἃ
930 2852 1099 2925 ᾔτηκε
1126 2854 1367 2925 δέχεται·
1396 2859 1489 2911 καὶ
1517 2859 1613 2932 βοᾷ
1635 2861 1834 2931 λέγων·

273 2952 288 2982 ι
315 2933 535 2988 Ἥδιστα
568 2934 663 2990 οὖν
695 2940 894 3009 μᾶλλον
928 2945 1269 3015 καυχήσομαι
1305 2948 1362 3000 ὲν
1382 2952 1504 3013 ταῖς
1529 2950 1837 3016 ἀσθενείαις

271 3030 377 3092 μου,
400 3027 484 3080 ἵνα
505 3030 865 3104 ἐπισκηνώσῃ
882 3034 968 3085 ἐπ’
988 3034 1088 3104 ἐμὲ
1112 3036 1144 3105 ἡ
1163 3035 1392 3107 δύναμις
1417 3038 1508 3091 τοῦ
1540 3042 1793 3112 Χριστοῦ.
1810 3062 1828 3093 ι

268 3116 362 3168 Καὶ
390 3117 579 3183 Ἠλίας
614 3119 674 3173 δὲ
712 3122 742 3174 6
789 3123 930 3176 πάνυ
984 3124 1259 3190 δειλιάσας
1296 3127 1395 3197 τῆς
1454 3129 1689 3193 Ἰεζάϐελ
1734 3132 1835 3195 τὰς

269 3209 493 3275 ἀπειλὰς,
528 3212 917 3285 ἀποδιδράσκει
958 3216 1057 3286 μὲν
1093 3219 1173 3281 είς
1205 3218 1302 3290 τὴν
1330 3219 1553 3290 ἔρημον,
1596 3219 1749 3291 ζητεῖ
1779 3221 1835 3276 δὲ

267 3300 344 3352 τὸν
372 3302 695 3374 ἐπίκουρον·
742 3306 835 3359 καὶ
886 3307 1199 3362 καταλιπὼν
1255 3310 1415 3365 αὑτὸν
1470 3312 1607 3383 πρὸς
1654 3312 1832 3382 ὀλίγον

268 3393 698 3466 ὲγγυμνασθῆναι
738 3396 817 3469 τῷ
855 3397 1004 3469 φόϐῳ
1044 3401 1073 3452 6
1106 3400 1267 3470 σοφὸς
1296 3400 1406 3455 τῶν
1439 3402 1679 3458 εὐσεϐῶν
1707 3421 1831 3458 παιι

265 3483 495 3559 δοτρίϐης
532 3504 593 3540 τε
633 3489 730 3542 καὶ
776 3490 1134 3564 ἀγωνοθέτης,
1164 3494 1505 3562 ἐπιφαίνεται
1541 3495 1709 3567 αὐτῷ,
1738 3498 1831 3550 καὶ

267 3573 331 3636 ὡς
366 3578 577 3647 ἀγνοῶν
621 3580 950 3636 πυνθάνεται
989 3584 1088 3653 τῆς
1117 3584 1306 3657 εφυγῆς
1347 3587 1444 3659 τὴν
1492 3587 1693 3651 αἰτίαν,
1732 3588 1832 3642 οὑκ

267 3667 601 3735 ἐπιτωθάζων
635 3673 806 3743 αύτῷ,
847 3674 982 3729 ἀλλὰ
1008 3676 1272 3732 διδάσκων
1300 3679 1401 3749 τῆς
1430 3680 1611 3751 φυγῆς
1639 3681 1703 3713 ³⁸⁸
1735 3682 1831 3753 τὴν

265 3761 578 3833 οἰκονομίαν,
616 3766 711 3818 καὶ
742 3766 1009 3822 παιδεύων
1046 3764 1186 3823 εἶναι
1207 3769 1586 3841 συγγνώμονα,
1622 3774 1830 3846 ἀνθρώ-ν

266 3852 405 3907 πείαν
430 3856 593 3924 φύσιν
619 3859 1020 3930 περικείμενον,
1039 3861 1132 3915 καὶ
1158 3862 1261 3915 ὑπὸ
1286 3863 1393 3917 τῶν
1415 3864 1615 3935 ταύτης
1645 3866 1831 3920 παθῶν

266 3944 674 4019 πολεμούμενον.
718 3951 857 4004 Ἀλλ’
886 3953 980 4006 ἐπὶ
1009 3953 1070 4006 τὸ
1109 3956 1464 4026 προκείμενον
1502 3958 1832 4030 ἀναδραμεῖν

265 4038 730 4109 καιρός.Ἑνταῦθα
746 4044 901 4117 γὰρὴ
923 4045 984 4099 νύ
992 4046 1228 4118 μφη,τοῦ
1245 4050 1481 4119 νυμφίου
1503 4050 1639 4121 πρὸς
1658 4050 1829 4121 βραχὺ

263 4134 890 4209 χωρισθέντος,ἐπιζητεῖ
909 4139 1008 4210 μὲν
1032 4140 1193 4194 αὐτὸν
1210 4142 1268 4194 ὲν
1286 4144 1349 4213 τῇ
1375 4143 1551 4216 κοίτῃ,
1564 4145 1831 4198 καὶτοῦτο

263 4222 313 4274 οὐ
340 4226 453 4293 μεθ’
482 4229 722 4300 ἡμέραν,
751 4230 887 4285 ἀλλά
917 4233 1160 4305 νύκτωρ·
1194 4236 1291 4305 οὐχ
1318 4237 1560 4307 εὑρίσκει
1588 4237 1641 4290 δὲ
1670 4238 1831 4291 αὑτὸν

262 4315 660 4389 ἀναπαυόμενον
689 4323 756 4377 ³⁸.
787 4324 896 4376 Καὶ
924 4324 1095 4379 ταῦτα
1121 4326 1181 4378 ού
1220 4326 1377 4396 μόνον
1405 4326 1663 4396 ζητοῦσα,
1694 4329 1829 4382 ἀλλά

262 4407 341 4460 καὶ
372 4410 630 4465 καλοῦσα.
674 4414 984 4469 ’Λνίσταται
1017 4417 1094 4479 δὲ,
1142 4421 1237 4472 καὶ
1270 4421 1576 4489 περινοστεῖ
1602 4420 1699 4490 τὴν
1732 4421 1830 4474 πό-

1956 595 2108 648 quem
2128 582 2304 653 diligit
2325 585 2506 639 anima
2526 601 2660 640 mea.
2680 585 2913 654 Qua'sivi
2930 590 3105 655 illum,
3126 598 3174 644 et
3196 607 3299 645 non
3325 591 3527 650 inveni:

1956 673 2135 725 vocavi
2160 689 2299 737 eum,
2330 687 2378 729 et
2405 692 2509 730 non
2539 679 2738 733 audivit
2768 696 2867 736 me.
2898 680 3287 753 Saepenumero
3308 684 3528 754 piorum

1953 763 2166 819 animas
2196 780 2462 824 exercens
2494 768 2639 828 Deus
2672 772 3081 839 universorum,
3135 776 3400 844 permittit
3464 785 3556 831 ut.

1953 856 2007 909 in
2052 855 2241 913 varias
2278 862 2609 918 tentationes
2644 862 2935 929 incidant,
2977 874 3030 920 et
3059 863 3440 936 ﬂagitantibus
3469 876 3552 923 ut.

1954 947 2253 1004 liberentur
2280 988 2295 1012 ,
2346 952 2511 1008 modo
2551 952 2751 1021 aﬂert,
2792 955 2951 1012 modo
2980 954 3160 1012 dill‘ert
3215 958 3482 1013 auxilium
3509 999 3525 1025 ,

1954 1041 2242 1097 utilitatem
2284 1041 2503 1099 dilectis
2556 1048 2680 1102 suis
2725 1046 2969 1118 undique
3022 1049 3129 1121 77
3174 1063 3525 1120 comparans.

1954 1129 2083 1187 Tale
2111 1139 2165 1188 et
2194 1133 2327 1189 illud
2356 1144 2460 1202 est,
2487 1137 2634 1207 quod
2664 1138 2867 1194 cecinit
2889 1137 3059 1194 David
3091 1159 3105 1194 :
3155 1159 3172 1192 ι
3207 1138 3526 1211 Quousque,

1954 1222 2205 1292 Domine,
2237 1227 2586 1285 Oblivisceris
2617 1230 2725 1286 mei
2756 1230 2821 1285 in
2844 1230 3041 1284 linem?
3064 1247 3351 1301 quousque
3382 1247 3527 1287 aver-

1952 1316 2022 1371 tis
2060 1317 2253 1372 faciem
2292 1329 2441 1375 tuam
2474 1335 2504 1374 a
2538 1321 2660 1375 me?
2693 1323 2933 1394 quandiu
2966 1339 3163 1393 ponam
3199 1324 3431 1380 consilia
3472 1322 3551 1377 in.

1952 1408 2137 1463 anima
2190 1425 2308 1465 mea
2334 1451 2352 1476 ,
2404 1410 2628 1468 dolores
2681 1413 2735 1468 in
2785 1415 2952 1469 corde
2996 1429 3117 1468 meo
3154 1429 3249 1485 per
3283 1413 3428 1468 diem
3472 1419 3525 1466 et

1952 1508 2166 1554 noctem
2186 1501 2209 1554 2
2227 1517 2513 1575 quousque
2532 1505 2864 1561 exaltabitur
2893 1505 3152 1562 inimicus
3180 1520 3333 1561 meus
3360 1518 3547 1575 super.

1953 1605 2040 1646 me
2075 1591 2137 1645 u?
2172 1611 2191 1643 ι
2242 1592 2396 1663 Saepe
2438 1596 2615 1662 enim,
2666 1605 2725 1652 ut
2773 1612 2869 1667 par
2911 1607 3019 1663 est,
3058 1597 3418 1668 supplicans,
3470 1606 3525 1651 et

1953 1683 2328 1739 molestiarum
2382 1686 2541 1743 linem
2588 1689 2874 1759 postulans
2902 1729 2917 1753 ,
2971 1704 3079 1743 non
3112 1689 3349 1744 obtinuit
3376 1687 3522 1759 quod

1953 1772 2175 1839 petebat
2208 1792 2219 1827 :
2264 1777 2622 1844 quamobrem
2654 1792 2910 1848 gemens,
2936 1786 2990 1833 et
3023 1778 3168 1850 quod
3198 1777 3306 1833 sibi
3335 1786 3521 1847 Optata

1951 1876 2059 1914 non
2094 1865 2426 1934 contigerint
2471 1867 2701 1934 dolens,
2753 1868 3069 1940 bnjusmodi
3107 1870 3291 1926 verbis
3323 1870 3517 1924 utitur.

1950 1952 2149 2011 Beatus
2176 1956 2305 2011 item
2332 1956 2539 2014 Paulus
2568 1978 2584 2014 :
2619 1980 2636 2013 ι
2667 1960 2734 2015 Et
2783 1978 2851 2017 ne
2894 1960 3212 2033 magnitudo
3243 2000 3257 2022 ,
3315 1960 3518 2030 inquit,

1948 2048 2349 2103 revelationum
2378 2052 2607 2106 extollat
2639 2068 2723 2108 me
2745 2092 2760 2118 ,
2789 2054 2952 2109 datus
2982 2062 3067 2108 est
3094 2052 3227 2105 mihi
3261 2050 3519 2104 stimulus

1947 2139 2155 2204 carnis,
2188 2142 2420 2211 angelus
2449 2141 2688 2208 Satanas,
2717 2150 2777 2197 ut
2806 2143 3056 2213 colaphis
3087 2157 3171 2197 me
3206 2141 3379 2195 caulat
3403 2180 3418 2203 ,
3451 2155 3519 2193 ne

1946 2246 2036 2285 me
2061 2232 2341 2287 extollam.
2371 2232 2665 2304 PrOpterea
2711 2241 2796 2289 ter
2840 2233 3130 2288 Dominum
3184 2229 3414 2299 rogavi,
3465 2238 3519 2283 et

1945 2323 2086 2378 dixit
2126 2324 2261 2379 mihi
2302 2343 2314 2378 :
2352 2324 2561 2380 Sufficit
2606 2326 2707 2381 tibi
2751 2327 2929 2397 gratia
2966 2338 3108 2378 mea.
3158 2320 3291 2375 Nam
3339 2322 3517 2375 virtus

1944 2429 2065 2470 mea
2104 2415 2157 2470 in
2193 2415 2510 2471 infirmitate
2537 2416 2821 2487 perficitur
2852 2427 2898 2472 '.
2933 2435 2951 2469 ι
2992 2416 3170 2487 Rogat
3198 2412 3423 2475 Paulus.
3461 2422 3515 2467 et

1944 2521 2054 2561 non
2094 2507 2367 2577 impetrat.
2406 2506 2495 2563 Sic
2525 2509 2670 2564 enim
2708 2508 2788 2563 illi
2821 2508 2993 2580 magis
3027 2506 3370 2578 expediebat.
3404 2503 3515 2558 Ita--

1943 2613 2049 2669 que
2084 2598 2302 2655 discens
2334 2599 2481 2669 quod
2512 2601 2825 2665 nesciebat,
2865 2600 3083 2655 laetatur
3150 2615 3210 2655 se
3266 2597 3321 2652 id
3368 2596 3513 2667 quod

1942 2690 2174 2760 petierat
2205 2705 2313 2745 non
2347 2690 2630 2762 accepisse
2651 2732 2664 2757 ,
2697 2701 2753 2747 et
2787 2693 2938 2746 clara
2974 2706 3142 2747 voce:
3182 2710 3200 2743 ι
3234 2689 3540 2754 Libenter,“

1941 2781 2154 2853 inquit,
2191 2784 2471 2855 gloriabor
2510 2785 2565 2838 in
2604 2784 3018 2839 inﬁrmitatibus
3050 2783 3226 2849 meis,
3264 2791 3324 2838 ιιι
3360 2781 3515 2837 inha-

1937 2874 2075 2930 bitet
2114 2876 2169 2932 in
2202 2892 2286 2932 me
2321 2877 2497 2933 virtus
2529 2877 2736 2933 Christi
2765 2884 2832 2942 ι..
2870 2895 2889 2928 ι
2924 2876 3075 2932 Elias
3117 2889 3356 2946 quoque,
3387 2887 3512 2927 cum

1937 2966 2207 3023 Jezabelis
2266 2969 2445 3023 minas
2505 2984 2730 3040 magnas
2792 2968 3155 3029 formidaret,
3209 2969 3263 3019 in
3316 2965 3515 3020 solitu-

1938 3061 2125 3116 dinem
2178 3062 2429 3131 aufugit,
2484 3077 2740 3132 quaerens
2794 3062 3127 3132 adiutorem.
3172 3059 3240 3112 At
3291 3057 3513 3126 sapiens

1861 3160 1905 3219 α
1938 3153 2154 3222 piorum
2210 3154 2472 3224 magister
2520 3162 2573 3207 et
2624 3160 3005 3208 remunerator
3038 3191 3053 3212 ,
3103 3156 3393 3220 postquam
3443 3145 3510 3199 ad

1941 3244 2107 3297 breve
2138 3251 2355 3313 tempus
2390 3244 2542 3297 illum
2568 3285 2582 3309 ,
2631 3253 2690 3298 ut
2739 3244 2935 3297 timore
2976 3247 3351 3305 exerceretur,
3387 3238 3513 3293 reli-

1940 3340 2174 3403 querat,
2230 3340 2459 3402 apparet
2508 3334 2599 3396 ei,
2637 3340 2691 3386 et
2734 3338 2994 3400 tanquam
3044 3330 3270 3400 ignarus
3300 3369 3314 3395 ,
3369 3326 3512 3398 fuga:

1938 3439 2163 3480 causam
2190 3423 2466 3493 exquirit,
2500 3439 2608 3478 non
2640 3422 2881 3479 illudens
2906 3461 2922 3486 ,
2972 3422 3066 3477 sed
3102 3421 3307 3476 docens
3340 3436 3463 3475 eum
3491 3460 3509 3486 ,

1939 3532 2039 3571 cur
2066 3516 2245 3586 ipsum
2275 3514 2461 3585 fugere
2490 3514 2859 3585 permisisset,
2887 3528 3227 3583 monensque
3248 3521 3343 3577 ut,
3382 3528 3508 3567 cum

1940 3611 2100 3663 homo
2131 3615 2312 3670 esset,
2355 3615 2407 3661 et
2437 3607 2694 3662 humanis
2736 3605 3119 3662 affectionibus
3157 3612 3506 3676 tangeretur,

1934 3700 2334 3755 humanitatem
2364 3708 2418 3754 et
2446 3699 2794 3754 clementiam
2834 3698 3043 3753 coleret
3064 3706 3115 3753 Υ.
3146 3696 3251 3752 Sed
3291 3706 3508 3767 tempus

1933 3801 2038 3856 est,
2066 3800 2127 3846 ut
2154 3791 2222 3846 ad
2254 3792 2596 3862 propositum
2628 3801 2995 3847 revertamur.
3029 3788 3127 3845 Hic
3153 3788 3298 3844 enim
3337 3804 3504 3857 spon-

1934 3900 2016 3946 sa,
2043 3885 2152 3955 78
2185 3900 2389 3954 sponso
2420 3884 2701 3955 paulisper
2734 3885 2979 3949 absente,
3015 3883 3360 3954 quaeriteum
3386 3881 3507 3951 qui—

1934 3976 2056 4032 dem
2088 3977 2143 4030 in
2174 3976 2398 4040 lectulo,
2431 3976 2594 4047 idque
2623 3991 2736 4031 non
2764 3976 2854 4031 die
2879 4016 2893 4041 ,
2942 3976 3037 4030 sed
3074 3984 3240 4029 nocte
3270 3988 3285 4026 :
3312 3987 3505 4027 verum

1933 4082 2041 4121 non
2078 4067 2284 4122 invenit
2313 4068 2688 4138 quiescentem
2713 4108 2727 4130 ,
2777 4067 3031 4137 quamvis
3066 4065 3243 4135 ipsum
3275 4079 3383 4123 non
3413 4078 3506 4119 so-

1932 4158 2044 4212 lum
2081 4168 2329 4228 quaerat,
2384 4158 2480 4214 sed
2512 4159 2677 4215 etiam
2708 4169 2886 4214 vocet.
2942 4157 3134 4237 Surgit
3177 4165 3359 4209 autem
3387 4194 3402 4215 ,
3454 4161 3507 4206 et

1932 4247 2133 4303 circuit
2167 4249 2449 4303 civitatem
2470 4286 2486 4313 ,
2524 4247 2639 4302 fora
2666 4286 2681 4310 ,
2717 4247 2948 4318 plateas.
2984 4245 3324 4313 Desiderium
3357 4242 3503 4298 enim

1933 4335 2209 4405 urgebat,
2263 4351 2363 4391 nec
2407 4351 2631 4391 manere
2670 4335 2819 4389 domi
2870 4335 3087 4391 sinebat
3136 4350 3256 4388 eam
3301 4332 3506 4384 amoris

1933 4425 2172 4482 ﬂamma.
2206 4426 2403 4482 Incidit
2432 4435 2614 4483 autem
2651 4428 2706 4481 in
2750 4443 2848 4482 eos
2877 4426 2969 4495 qui
3001 4425 3281 4480 civitatem
3318 4430 3507 4476 custo-

261 4496 350 4565 λιν,
376 4502 469 4566 τὰς
501 4505 733 4573 ἀγορὰς,
773 4507 872 4571 τὰς
909 4509 1199 4574 πλατείας·
1247 4513 1275 4563 6
1315 4510 1421 4582 γὰρ
1471 4510 1632 4575 πόθος
1662 4513 1826 4582 ἠνάγ-

1944 4516 2092 4571 diunt
2113 4557 2127 4581 ,
2159 4526 2321 4587 atque
2348 4518 2474 4573 illos
2505 4523 2854 4586 percontatur
2879 4556 2894 4580 ,
2930 4515 3120 4568 dicens
3148 4533 3159 4566 :

263 4589 398 4658 καζε,
434 4597 527 4649 καὶ
580 4597 761 4666 μένειν
806 4600 942 4652 οίκοι
978 4602 1010 4671 ή
1058 4600 1158 4672 τῆς
1185 4602 1404 4673 ἀγάπης
1434 4603 1492 4656 οὐ
1526 4602 1821 4677 συνεχώρει
1860 4606 2021 4676 φλόξ·
2057 4610 2441 4681 περιτυγχάνει
2478 4609 2533 4661 δὲ
2566 4608 2659 4661 καὶ
2708 4609 2818 4671 τοῖς
2869 4605 2968 4674 τῆς
3042 4604 3245 4667 πόλεωεὶ⁵
3312 4600 3505 4672 φύλαξι

262 4684 344 4735 καὶ
367 4686 696 4741 πυνθάνεται
726 4688 927 4755 αὐτῶν,
953 4689 1184 4760 λέγουσα
1204 4706 1218 4721 ·

320 4774 384 4842 γ’,
413 4778 475 4831 δ’.
503 4779 785 4846 Εὗροσάν
814 4798 891 4850 με
925 4785 978 4835 οἱ
1006 4783 1345 4849 τηροῦντες,
1375 4785 1430 4835 οἱ
1460 4782 1828 4850 κυκλοῦντες

261 4864 400 4935 ἐντῇ
427 4869 621 4923 πόλει.
653 4871 749 4939 Μὴ
782 4871 855 4924 ὃν
885 4871 1199 4940 ἠγάπησεν
1230 4875 1268 4941 ἠ
1298 4874 1466 4942 ψυχή
1492 4890 1611 4942 μου
1633 4873 1826 4939 ίδετε;

270 4956 354 5025 Ὠς
390 4960 608 5029 μικρὸν
652 4963 752 5017 ὅτε
803 4963 1118 5033 παρῆλθον
1152 4966 1251 5019 ἀπ’
1308 4963 1526 5028 αὐτῶν,
1584 4963 1691 5031 ἕως
1751 4960 1824 5020 οὗ

260 5046 425 5116 εὗρον
460 5052 535 5106 ὃν
564 5055 881 5124 ἠγάπησεν
916 5056 955 5123 vi
978 5057 1147 5126 ψυχή
1202 5075 1343 5125 μου.
1391 5055 1566 5109 Αὑτοῦ
1607 5057 1666 5110 τὸ
1706 5057 1823 5110 κατ’

264 5140 530 5212 ἐνέργειαν
559 5146 923 5217 εὐεργετικὸν,
960 5148 1054 5201 καὶ
1082 5148 1145 5201 τὸ
1170 5149 1286 5201 κατ’
1317 5148 1503 5201 οὐσίαν
1533 5148 1819 5218 ἄτρεπτον.

2015 4789 2173 4835 VERS.
2208 4779 2262 4844 5,
2296 4772 2707 4833 4.⁶Ιηυεηενιιηι
2744 4792 2824 4830 me
2858 4774 3246 4839 custodientes,
3302 4786 3371 4829 et
3395 4777 3501 4829 cir-

1932 4881 2231 4925 cumeuntes
2268 4870 2322 4922 in
2344 4869 2571 4922 civitate.
2619 4866 2902 4921 Vidistisne
2922 4883 3071 4938 quem
3100 4867 3275 4936 diligit
3324 4869 3503 4920 anima

1933 4979 2049 5015 mea
2068 4963 2093 5015 ἔ)
2126 4960 2413 5013 Paululum
2441 4959 2756 5026 pertransivi
2782 4974 2870 5012 eos
2894 4998 2908 5021 ,
2938 4957 3100 5011 donec
3148 4957 3320 5011 inveni
3349 4973 3499 5026 quem

1931 5054 2107 5124 diligit
2138 5054 2317 5109 anima
2349 5068 2483 5105 mea.
2512 5051 2693 5122 Ipsius
2717 5050 2897 5120 quoad
2929 5052 3199 5104 actionem
3228 5059 3314 5103 est
3337 5049 3500 5102 bene-

1934 5146 2190 5210 licentia,
2250 5156 2301 5199 et
2340 5144 2517 5213 quoad
2559 5144 2861 5199 essentiam
2907 5140 3344 5196 immutabilitas.
3387 5138 3497 5191 Cur

326 5322 516 5379 “Psal.
558 5340 654 5393 xu,
687 5326 740 5394 1,
774 5326 828 5381 5.
903 5334 932 5362 ν
958 5324 1004 5380 ιι
1039 5324 1170 5382 Cor.
1220 5343 1317 5396 xu,
1355 5330 1474 5384 7-9.
1550 5337 1574 5363 κ
1608 5327 1744 5382 ibid.
1778 5328 1830 5382 9.
1897 5335 1927 5377 1
1950 5328 2016 5383 Ill
2048 5327 2179 5399 Reg.
2224 5344 2335 5391 vix.
2379 5328 2410 5380 4
2444 5343 2598 5396 seqq.

1516 5481 1750 5537 VARUE
1769 5480 2167 5537 LECTIONES.

348 5631 413 5711 _'"
450 5633 870 5711 ὲῃεκάλεσαΑ-Α
910 5639 1189 5711 ὑπήκουσέ
1244 5659 1367 5711 μου.
1432 5638 1557 5694 Ιιτοο
1618 5638 1731 5711 des.
1788 5640 1842 5694 in
1886 5648 2035 5695 textu
2091 5637 2244 5711 heb_r_.

2347 5637 2389 5666 ³⁷
2420 5636 2493 5689 δέ.
2543 5635 2663 5689 cod.
2707 5635 2790 5703 δὴ,
2838 5648 2959 5701 quae
3010 5639 3091 5703 est
3136 5641 3244 5680 rec.
3306 5626 3485 5703 lectio.

269 5698 309 5727 ³³
340 5703 733 5759 ὲπεκάλεσα-
766 5698 1049 5777 ὑπήκουσὲ
1112 5698 1256 5780 μου.’
1286 5712 1406 5765 Des.
1450 5712 1612 5763 etiam
1669 5710 1720 5762 h.
1756 5712 1812 5780 Al.
1876 5714 1927 5763 in
1983 5717 2128 5780 textu
2193 5707 2354 5761 llebr.
2396 5705 2502 5780 Ρη)
2550 5698 2869 5759 semesa
2910 5703 2963 5754 h.
3031 5701 3064 5751 Ι.
3126 5705 3182 5750 ιιι
3222 5707 3377 5750 antea
3436 5698 3515 5755 in.

267 5773 378 5827 (Μ’
412 5775 522 5843 lcg’
553 5776 796 5834 ἐκάλεσα·
865 5773 931 5812 δ”
959 5781 1055 5851 τὴν
1090 5773 1152 5822 έ-
1191 5782 1385 5850 φυγῆςο
1426 5781 1547 5835 DCS-
1585 5782 1638 5833 in
1670 5778 1791 5835 CUd,
1852 5782 1891 5811 ³⁸
1933 5779 2054 5834 cod.
2094 5776 2496 5845 ἀναπαυομένη.

3872 2758 3886 2907 Ἴ

3874 2910 3886 2999 l
