3940 6200
345 304 441 371 115

1338 303 1823 365 THEODORETI
1858 304 2191 364 EPISCOPI
2221 306 2582 365 Ci'iiENSIS

3495 302 3597 365 liti

339 427 545 479 autem.
582 432 705 472 cum
736 431 932 472 natura
966 418 1243 473 beneﬁcus
1273 416 1343 469 sit
1370 455 1384 478 ,
1418 422 1471 468 et
1504 412 1864 467 immutabilis
1888 452 1903 477 ,

2023 416 2075 467 Γί
2122 416 2179 469 δὲ
2232 412 2382 480 οὗτος
2429 416 2494 469 ἂν
2543 418 2641 485 τὴν
2695 414 2881 467 οὐσίαν
2932 412 3274 483 εὐεργετικός
3327 415 3464 478 ἐστι,
3500 415 3597 467 καὶ

338 521 464 561 eum
517 505 767 563 invenire
815 521 925 562 non
982 504 1189 577 potui?
1235 501 1598 569 Quantumvis
1629 502 1772 556 enim
1809 501 1911 556 bo-

339 610 470 652 num
504 605 558 652 et
591 597 877 652 veritatem
909 602 1194 667 propterea
1226 591 1533 647 vocaverim
1566 591 1767 661 ipsum,
1803 606 1910 647 non

341 685 550 742 audivit
580 703 668 744 me
696 703 711 741 :
745 687 1004 760 quoniam
1041 686 1256 741 excellit
1282 683 1530 755 profecto
1571 700 1738 755 super
1771 684 1907 739 ha‘c.

342 780 476 836 Nam
528 780 649 851 ejus
706 795 902 837 nomen
932 789 1014 835 est
1054 793 1221 848 super
1262 791 1427 832 omne
1466 794 1686 832 nomen.
1739 779 1913 844 Atque

343 872 462 943 ipsa
512 872 730 943 quidem
766 871 1025 925 dilectum
1077 885 1295 934 meum,
1344 878 1400 922 ut
1447 868 1560 923 dixi
1589 910 1603 930 .
1669 868 1913 922 invenire

342 965 582 1020 nondum
614 965 781 1033 potui.
811 962 878 1017 At
905 962 1083 1018 sancti
1118 961 1296 1033 angeli
1326 963 1653 1017 invenerunt
1686 976 1792 1027 me,
1816 977 1912 1013 cu-

340 1056 667 1124 stodientes,
693 1065 747 1111 et
775 1056 1187 1110 circumeuntes
1217 1055 1271 1110 in
1304 1055 1547 1109 civitate.
1584 1053 1913 1109 invenerunt

340 1157 521 1203 autem
554 1162 662 1213 me,
696 1146 824 1202 dum
855 1161 950 1217 per
979 1147 1252 1203 actionem
1286 1154 1541 1218 purgant,
1571 1154 1625 1199 et
1653 1160 1748 1215 per
1777 1158 1913 1199 con-

339 1237 754 1309 templationem
810 1238 1093 1293 illustrant
1147 1232 1273 1303 me,
1325 1253 1447 1309 quae
1497 1235 1707 1290 malitia
1750 1243 1915 1306 atque

340 1331 652 1403 ignorantia
684 1332 1047 1402 perieram,et
1078 1332 1369 1402 spirituum
1404 1329 1775 1400 improbitatis
1828 1327 1914 1382 di-

341 1422 553 1492 scipula
598 1423 879 1494 quondam
926 1424 1247 1479 exstiteram
1273 1463 1287 1487 ,
1337 1430 1500 1492 atque
1536 1422 1659 1476 ideo
1690 1435 1718 1474 a
1755 1420 1913 1475 bonis

340 1512 428 1570 his
454 1514 689 1585 angelis,
718 1522 775 1568 ut
803 1514 1074 1581 erudirer,
1102 1529 1209 1568 non
1237 1513 1583 1577 inveniebar;
1607 1513 1697 1582 qui
1725 1510 1916 1566 obser-

341 1613 501 1670 vant,
536 1613 598 1659 ut
631 1604 854 1660 laudent
881 1604 965 1660 vel
997 1611 1301 1675 coarguant
1341 1605 1395 1657 in
1434 1602 1793 1658 formiduloso
1826 1602 1915 1658 die

340 1695 538 1766 judicii
561 1736 577 1761 ,
610 1705 720 1750 tam
754 1695 1075 1750 manifestas
1102 1736 1116 1760 ,
1163 1710 1324 1766 quam
1368 1695 1618 1749 occultas
1644 1694 1917 1749 motiones

2014 506 2302 579 ἄτρεπτος,
2332 508 2432 561 ούκ
2447 506 2718 577 ἠδυνήθην
2744 506 2958 575 εύρείν;
2987 503 3104 558 Κᾶν
3134 504 3241 576 γὰρ
3270 504 3472 572 ἀγαθὸν
3501 507 3598 558 καὶ

2014 596 2271 668 ἀλήθειαν
2285 597 2533 651 ἐντεῦθεν
2556 596 2789 651 ἐκάλεσα
2801 595 2983 661 αὐτὸν,
3001 596 3098 665 οὐχ
3114 596 3390 665 ὑπήκουσέ
3404 595 3450 625 ⁸⁰
3467 612 3591 665 μου,

2014 687 2199 758 ἐπειδὴ
2244 688 2339 741 καί⁵
2386 668 2526 758 ὑπὲρ
2562 685 2734 740 ταῦτά
2775 688 2953 739 ἐστιν’
2996 686 3078 738 ὅτι
3120 685 3180 739 τὸ
3216 685 3385 755 ὄνομα
3430 686 3597 739 αὐτοῦ

2018 779 2159 851 ὑπὲρ
2197 781 2305 832 πᾶν
2336 781 2479 831 ἐστιν
2496 778 2695 847 ὄνομα·
2726 778 2820 832 καὶ
2840 777 2978 848 αὕτη
2994 778 3035 809 ⁴¹
3070 778 3169 847 μὲν
3198 778 3289 831 τὸν
3311 778 3597 849 ἀγαπητόν

2018 888 2141 939 μου,
2175 871 2250 930 ὡς
2279 869 2497 939 εἴρηκα,
2526 867 2678 921 οῦπω
2714 868 2986 939 ἠδυνήθην
3016 869 3227 939 εὑρεῖν·
3263 870 3312 922 οἰ
3358 868 3414 922 δὲ
3449 868 3600 937 ἇγιοι

2015 961 2234 1030 ἄγγελοι
2264 959 2495 1032 εὖροσάν
2524 976 2615 1031 με,
2650 960 2701 1013 οἰ
2742 959 3053 1032 τηροῦντες,
3090 961 3140 1014 οί
3180 958 3506 1023 κυκλοῦντες
3537 961 3599 1012 ἐν

2015 1056 2081 1124 τῇ
2116 1053 2268 1106 πόλει
2302 1069 2315 1084 ο
2343 1052 2570 1119 εὖροσαν
2590 1051 2647 1105 δέ
2672 1068 2739 1123 με
2762 1053 2821 1106 ἐν
2847 1051 2924 1122 τῷ
2944 1050 3225 1122 καθαίρειν
3252 1068 3320 1122 με
3341 1049 3431 1105 διά
3463 1050 3600 1122 πρά-

2016 1145 2170 1211 ξεως,
2196 1146 2290 1199 καὶ
2326 1144 2581 1213 φωτίζειν
2610 1145 2697 1201 διά
2731 1144 2982 1217 θεωρίας,
3007 1145 3106 1216 τὴν
3139 1144 3225 1198 διά
3256 1143 3456 1199 κακίαν
3502 1143 3602 1197 καὶ

2015 1242 2236 1312 ἄγνοιαν
2268 1241 2629 1307 ἀπολωλυῖαν,
2663 1242 2758 1297 καὶ
2793 1240 3101 1313 μαθήτριαν
3132 1238 3241 1292 τῶν
3271 1236 3602 1308 πνευμάτων

2015 1339 2114 1408 τῆς
2140 1336 2403 1407 πονηρίας
2455 1334 2825 1407 γεγενημένην
2870 1332 3023 1395 ποτὲ,
3057 1332 3150 1386 καὶ
3172 1330 3259 1385 διὰ
3302 1329 3462 1384 τοῦτο
3487 1330 3602 1392 τοῖς

2017 1428 2241 1496 ἀγαθοῖς
2274 1427 2486 1489 τούτοις
2508 1427 2759 1497 ἀγγέλοις
2789 1425 2864 1498 μὴ
2887 1424 3080 1494 πρὸς¹⁵⁹
3118 1421 3418 1495 μαθητείαν
3451 1421 3603 1490 εὑρι-

2020 1520 2320 1590 σκομένηψ
2365 1520 2413 1572 οἳ
2463 1518 2688 1590 τηροῦσι
2727 1516 2861 1588 πρὸς
2911 1516 3130 1570 ἔπαινον
3185 1513 3219 1584 ἢ
3259 1512 3480 1582 ἔλεγχον
3540 1510 3600 1562 ἐν

2017 1614 2082 1681 τῇ
2129 1611 2334 1681 φοδερᾷ
2378 1609 2563 1680 ἡμέρα
2608 1611 2705 1679 τῆς
2751 1604 3095 1675 διαγνώσεως
3132 1603 3203 1657 τά
3253 1620 3315 1655 τε
3364 1598 3597 1672 φανερὰ,

2020 1703 2113 1757 καὶ
2156 1702 2336 1771 ἀφανῆ
2378 1719 2477 1772 μου
2521 1701 2828 1771 κινήματα,
2867 1698 2961 1752 καὶ
3015 1697 3123 1751 πᾶν
3170 1694 3352 1766 νόημά
3398 1711 3458 1747 τε
3507 1694 3602 1746 καὶ

345 1803 516 1853 meas,
553 1795 608 1842 et
634 1803 826 1843 omnes
861 1786 1247 1857 c0gitationes,
1282 1796 1335 1840 et
1364 1801 1550 1856 opera.
1580 1785 1656 1840 Ac
1683 1800 1751 1840 ne
1782 1784 1915 1856 quid

2023 1794 2225 1861 ποίημα
2251 1808 2264 1821 ο
2322 1788 2614 1845 κάντεῦθεν
2671 1790 2729 1842 ἐν
2783 1788 2863 1859 τῷ
2922 1789 2996 1859 μή
3046 1804 3102 1841 τι
3152 1784 3357 1839 τούτων
3423 1800 3598 1838 κατα-

346 1881 541 1935 horum
591 1881 907 1949 relinquant
948 1879 1346 1949 inexploratum
1372 1922 1385 1944 ,
1422 1879 1762 1933 circumeunt
1799 1892 1915 1943 me,

346 1985 504 2024 suum
552 1971 606 2025 in
632 1985 740 2034 me,
774 1978 1036 2040 tanquam
1078 1970 1133 2023 in
1168 1970 1349 2038 aliqua
1381 1970 1609 2024 civitate
1634 2012 1648 2036 ,
1681 1970 1918 2023 circum-

351 2061 587 2134 vagandi
619 2079 818 2118 munus
853 2073 1243 2133 exsequentes.
1294 2060 1404 2133 79
1452 2061 1528 2115 Ad
1587 2062 1688 2117 hos
1750 2061 1918 2134 igitur

346 2167 449 2222 ego
471 2195 486 2216 ,
529 2167 651 2207 cum
682 2153 1019 2209 invenissent
1047 2169 1170 2207 me:
1209 2172 1225 2203 ‹
1254 2151 1392 2207 Num
1424 2196 1437 2219 ,
1470 2153 1723 2223 inquam,
1754 2167 1918 2224 quem

347 2243 529 2313 diligit
557 2243 737 2298 anima
772 2260 910 2311 mea,
940 2244 1354 2314 conspexistis?
1387 2264 1403 2294 ι
1447 2243 1559 2299 Hoc
1592 2252 1698 2309 est,
1739 2244 1920 2298 illum-

349 2349 436 2397 ne,
469 2333 628 2403 cujus
672 2349 772 2404 ego
804 2333 1301 2403 coxuprehcmieudi
1352 2342 1539 2387 teneor
1587 2331 1867 2388 desiderio
1891 2373 1907 2398 ,

350 2437 448 2475 nec
484 2430 666 2476 tamen
700 2422 1080 2506 eum.asscqui
1119 2424 1301 2486 valeo,
1353 2439 1485 2489 vos,
1519 2424 1611 2493 qui
1650 2424 1832 2478 choris
1866 2430 1921 2477 et

349 2514 604 2585 tripudiis
648 2514 842 2569 vestris
885 2515 1035 2568 illum
1064 2555 1077 2577 ,
1118 2523 1176 2568 ut
1220 2514 1452 2583 spiritus
1493 2514 1611 2584 ejus
1641 2513 1918 2580 ministri,

348 2605 721 2674 comitamini,
754 2608 1140 2677 perspexistis,
1186 2605 1461 2676 quomodo
1496 2613 1689 2657 natura
1728 2620 1787 2659 se
1825 2605 1921 2658 ha-

350 2700 509 2764 beat,
540 2706 599 2754 ut
635 2716 752 2753 eam
787 2715 872 2754 me
901 2714 1122 2769 quoque
1152 2697 1434 2752 doceatis?
1479 2698 1743 2751 C:rterum
1789 2694 1920 2765 quia

349 2806 421 2846 ne
446 2807 473 2845 τι
501 2791 707 2847 sanctis
726 2790 943 2861 quidem
970 2789 1175 2858 angelis
1192 2803 1428 2859 sponsus
1452 2796 1644 2841 natura
1669 2801 1921 2855 compre-

350 2883 517 2938 hendi
572 2892 785 2953 potest,
826 2890 992 2952 atque
1038 2881 1162 2935 ideo
1204 2880 1472 2950 quaarenti
1517 2879 1648 2932 mihi
1695 2878 1922 2932 minime

353 2973 773 3043 responderunt,
807 2974 1175 3044 silentio'ipso
1201 2972 1569 3036 declarantes,
1602 2989 1726 3026 eum
1758 2986 1825 3025 ne
1852 2970 1921 3025 ab

350 3058 437 3123 his
469 3066 720 3136 quidem,
757 3076 815 3121 ut
858 3067 1185 3132 inerealum,
1228 3080 1257 3119 a
1304 3065 1505 3120 creatis
1529 3060 1919 3134 comprehendi

354 3172 517 3220 posse
551 3175 564 3211 :
599 3164 888 3227 propterea
915 3158 982 3211 ab
1012 3155 1123 3211 illis
1152 3154 1410 3218 discessi,
1440 3171 1601 3225 quem
1631 3153 1921 3209 desidera-

356 3248 476 3300 bam
536 3247 848 3317 inquirens.
882 3247 946 3301 Et
974 3248 1060 3301 vix
1093 3248 1162 3303 ab
1192 3248 1331 3320 ipsis
1362 3248 1727 3301 discesseram
1749 3285 1762 3308 ,
1797 3262 1922 3299 cum

353 3339 650 3407 reperirem
734 3354 892 3408 quem
953 3338 1133 3409 diligit
1192 3340 1377 3392 anima
1427 3353 1546 3391 mea
1596 3355 1608 3391 :
1687 3355 1705 3385 ι
1748 3335 1921 3390 Tenui

353 3446 499 3486 eum.
526 3450 545 3483 ι
580 3430 867 3485 Paululum
900 3446 1284 3486 concesseram
1313 3446 1343 3484 a
1377 3431 1541 3485 rebus
1582 3431 1885 3499 procreatis
1906 3467 1922 3492 ,

353 3530 535 3578 mente
565 3525 940 3594 pertransieus
968 3525 1143 3593 ipsam
1172 3537 1392 3593 quoque
1426 3530 1679 3575 naturam
1718 3520 1918 3592 angeli-

351 3628 474 3670 cam
503 3656 518 3681 ,
553 3624 612 3669 ut
650 3615 957 3670 iucreatum
989 3615 1252 3670 dilectum
1287 3629 1467 3667 meum
1505 3614 1685 3667 deme
1720 3613 1924 3681 optime

352 3707 609 3762 meritum
644 3707 983 3773 invenirem,
1024 3720 1150 3761 eum
1187 3705 1341 3759 illum
1388 3703 1492 3757 [ide
1527 3702 1642 3757 sola
1671 3716 1924 3771 compre-

355 3799 543 3862 hendi,
573 3812 699 3854 cum
727 3813 814 3854 res
839 3812 1034 3852 omnes
1065 3793 1486 3867 percurrissem,
1519 3800 1574 3846 et
1604 3791 1720 3861 ipsa
1746 3805 1926 3845 essem

353 3891 689 3962 experientia
721 3890 1066 3952 conﬁrmata,
1107 3901 1255 3949 eum,
1311 3882 1405 3953 qui
1447 3879 1664 3937 rerum“
1687 3890 1772 3937 est
1807 3896 1926 3936 om-

351 3984 503 4038 nium
532 3996 727 4045 causa,
764 3981 928 4035 rebus
957 3976 1214 4032 omnibus
1247 3975 1578 4029 antecellere
1607 3992 1621 4029 :
1661 3990 1838 4044 neque
1868 3973 1923 4027 in

353 4075 465 4131 ulla
495 4085 689 4130 natura
711 4073 794 4127 vel
821 4069 1091 4133 sensibili,
1118 4068 1204 4123 vel
1229 4058 1580 4139 intelligibili,
1609 4082 1707 4137 per
1732 4080 1927 4121 essen-

351 4167 486 4223 tiam
533 4162 768 4236 perspici
821 4176 1027 4232 posse,
1073 4174 1198 4212 cum
1243 4157 1795 4228 supersubstantialis
1830 4157 1924 4212 sit.

354 4258 448 4314 Sic
478 4257 645 4328 igitur
673 4253 858 4307 omnia
902 4265 1025 4321 quae
1059 4258 1188 4305 sunt
1211 4250 1432 4313 transii,
1467 4248 1696 4305 studens
1738 4249 1792 4303 in
1832 4249 1929 4303 do-

352 4366 504 4406 mum
530 4361 704 4403 meam
736 4344 1142 4416 optatissimum
1191 4343 1328 4398 mihi
1374 4358 1635 4414 sponsum
1680 4341 1929 4397 introdu-

2018 1883 2307 1953 λιμπάνειν
2344 1880 2825 1943 ἀνεπισκόπευτον,
2863 1876 3250 1950 περικυκλοῦσί
3296 1892 3387 1947 με,
3412 1872 3600 1928 ποιού-

2022 1993 2171 2046 μενοι
2221 1977 2278 2028 ev
2330 1976 2474 2045 ἐμοὶ,
2519 1972 2594 2036 ὡς
2644 1971 2701 2025 ἐν
2738 1989 2842 2025 τινι
2890 1970 3043 2026 πόλει
3099 1969 3199 2033 τὰς
3228 1966 3598 2036 ἀναστροφὰς.

2021 2066 2175 2121 Οὕτω
2207 2066 2262 2119 δὲ
2305 2065 2510 2119 τούτων
2559 2061 2960 2135 περιτυχόντων
3003 2077 3092 2131 με,
3139 2060 3283 2129 φημὶ
3328 2056 3465 2129 πρὸς
3503 2056 3603 2109 αύ-

2018 2162 2164 2225 τούς·
2199 2180 2216 2211 ι
2239 2160 2329 2229 Μὴ
2356 2159 2415 2213 ὃν
2445 2158 2729 2227 ἠγάπησεν
2754 2156 2787 2225 ή
2816 2154 2960 2223 ψυχή
2986 2169 3086 2223 μου
3118 2151 3286 2216 ίδετε;
3317 2168 3335 2201 ι
3369 2150 3599 2216 Ἥγουν,

2019 2252 2113 2323 Μὴ
2143 2250 2202 2304 ὃν
2228 2248 2553 2313 καταλαϐεῖν
2576 2247 2672 2319 μὲν
2694 2243 2959 2314 ἐπόθησα,
2986 2243 3085 2295 οὐκ
3102 2239 3371 2311 ἠδυνήθην
3395 2237 3471 2298 δέ.
3496 2236 3600 2291 κᾶν

2022 2342 2209 2403 αὐτοὶ,
2258 2340 2307 2391 οἱ
2356 2336 2544 2390 τοῦτον
2610 2330 3058 2403 περιχορεύοντες
3113 2328 3189 2392 ὼς
3248 2323 3603 2397 λειτουργικὰ

2022 2432 2327 2501 πνεύματα,
2377 2424 2674 2482 ἐθεάσασθε
2720 2425 2868 2485 ὅπως
2912 2421 3125 2491 φύσεως
3156 2417 3289 2488 ἔχει,
3322 2416 3410 2469 ἵνα
3451 2413 3601 2484 κάμὲ

2019 2526 2223 2596 ταύτην
2253 2521 2635 2590 ἀναδιῧάξητε;
2685 2516 2837 2571 Ἐπεὶ
2870 2514 2926 2566 δὲ
2955 2513 3047 2566 καὶ
3084 2514 3195 2575 τοῖς
3228 2509 3401 2577 ἁγίοις
3430 2504 3601 2596 ἀγγέξ

2020 2618 2131 2680 λοις
2160 2594 2541 2682 ἀκατάληπτος
2563 2610 2599 2661 '6
2622 2606 2853 2678 νυμφίος
2880 2603 2977 2675 τὴν
3005 2602 3193 2654 οὐσίαν
3222 2598 3359 2660 ἐστὶ,
3388 2596 3482 2651 καὶ
3509 2594 3602 2649 διὰ

2020 2708 2177 2763 τοῦτό
2209 2723 2298 2776 μοι
2332 2704 2618 2772 ἀπόκρισιν
2667 2699 2759 2753 ἐπὶ
2801 2696 2894 2751 τοῦ
2940 2695 3288 2767 ἐρωτήματος
3332 2690 3392 2743 ού
3432 2686 3600 2741 δεδώ-

2022 2817 2171 2861 κασι,
2211 2799 2386 2867 σιωπῇ
2436 2811 2500 2865 με
2548 2791 2856 2857 διδάξαντες
2888 2787 2949 2841 τὸ
2997 2785 3131 2856 μηδὲ
3180 2783 3385 2846 τούτοις
3436 2779 3601 2834 αὐτὸν

2023 2887 2161 2945 εἶναι
2195 2884 2558 2954 καταληπτὸν,
2585 2883 2818 2944 κτιστοϊς
2838 2875 2956 2932 οὖσι
2980 2877 3071 2929 τὸν
3092 2875 3364 2934 ἀκτιστον,
3387 2887 3461 2922 πα
3471 2868 3603 2940 ρῆλ-

2023 2985 2113 3039 θον
2149 2981 2242 3037 καὶ
2271 2981 2364 3037 ἀπ’
2398 2978 2599 3039 αὐτῶν.
2631 2975 2724 3029 τὸν
2753 2972 3084 3042 ποθούμενόν
3118 2987 3206 3041 μοι
3231 2966 3599 3035 ἁναζητοῦσα.

2024 3075 2136 3129 Kal.
2185 3072 2261 3136 ὡς
2317 3069 2510 3142 μικρὸν
2565 3070 2653 3123 ὅτε
2700 3064 2977 3136 παρῆλοον
3027 3062 3122 3117 ἀπ’
3157 3059 3354 3122 αὐτῶν,
3389 3058 3493 3120 ἕως
3538 3048 3604 3110 οὗ

2024 3160 2181 3238 εὖρον
2203 3164 2262 3219 ὃν
2290 3162 2575 3233 ἠγάπησεν
2600 3161 2633 3231 ή
2657 3158 2802 3230 ψυχή
2837 3172 2961 3230 μου·
3000 3175 3019 3208 ι
3042 3153 3350 3224 Ἐκράτησα
3380 3147 3596 3203 αὐτόν.»

2030 3261 2187 3314 Ἤτοι
2215 3257 2291 3321 ὼς
2327 3256 2521 3330 βραχὺ,
2562 3253 2650 3309 διὰ
2682 3253 2840 3325 μόνον
2875 3250 2938 3304 τὸ
2970 3247 3186 3303 κτιστδν
3215 3244 3291 3316 νῷ
3312 3244 3355 3276 ⁸³
3382 3240 3474 3297 καὶ
3505 3240 3606 3294 αὺ-

2024 3350 2123 3417 τὴν
2173 3348 2271 3417 τὴν
2307 3345 2601 3416 ἀγγελικὴν
2648 3344 2809 3415 φύσιν
2843 3340 3048 3411 διέϐην,
3098 3338 3185 3391 ἵνα
3231 3335 3320 3389 τὸν
3347 3334 3605 3387 ἀκτιστον

2025 3438 2173 3512 εὕρω
2199 3439 2289 3493 τὸν
2323 3436 2603 3507 ἀγαπητόν
2626 3453 2726 3507 μου
2744 3435 2811 3499 ιδ,
2838 3434 2912 3498 ὡς
2938 3430 3233 3503 εὐεργέτην
3265 3445 3389 3499 μου,
3415 3425 3605 3478 πίστει

2029 3533 2167 3605 μόνῃ
2202 3529 2468 3601 κατέσχον
2499 3527 2663 3583 αὐτόν
2686 3544 2699 3558 ⁸
2739 3526 2919 3582 πάντα
2965 3524 3035 3578 τὰ
3071 3521 3199 3576 ὄντα
3235 3515 3601 3583 διεξελθοῦσα,

2026 3623 2121 3676 καί⁵
2144 3623 2237 3677 ἀπ’
2267 3620 2435 3693 αὐτῆς
2465 3617 2822 3690 βεδαιωθεῖσα
2850 3617 2948 3686 τῆς
2975 3614 3192 3684 πείρας,
3216 3611 3299 3665 ὅτι
3325 3610 3354 3663 ὁ
3382 3608 3604 3661 πάντων

2026 3713 2217 3780 αἴτιος,
2270 3711 2411 3783 ὑπὲρ
2445 3710 2622 3765 πάντα
2666 3708 2735 3762 τά
2780 3708 2909 3763 ὄντα
2941 3705 3086 3768 ἐστὶ,
3134 3702 3230 3757 καὶ
3277 3702 3334 3753 ἐν
3377 3697 3606 3768 οὐδεμιᾷ

2027 3806 2208 3875 φύσει,
2243 3804 2354 3859 εἴτε
2384 3803 2639 3873 αἰσθητῇ,
2667 3800 2777 3855 εἴτε
2805 3801 2991 3870 νοητῇ,
3024 3794 3147 3851 καθ’
3173 3792 3364 3848 οὐσίαν
3385 3791 3607 3863 ὁρᾶται,

2027 3896 2350 3969 ύπερούσιος
2369 3894 2464 3950 ὢν.
2496 3892 2683 3957 Ούτως
2706 3886 2798 3945 οῦν
2832 3891 3009 3943 πάντα
3032 3887 3100 3941 τὰ
3120 3885 3247 3941 ὄντα
3280 3880 3604 3952 διεπέρασα,

2028 3987 2268 4061 ζητοῦσα
2330 3987 2422 4042 τὸν
2476 3986 2602 4057 ἐμοὶ
2656 3981 3033 4039 ποθεινότατον
3091 3976 3322 4050 νυμφίον
3376 3972 3606 4029 εἰσοικί-

2030 4080 2247 4135 σασθαι.
2305 4098 2323 4131 ι
2351 4078 2463 4133 Καὶ
2504 4078 2605 4131 οὐκ
2637 4075 2825 4145 ἀφῆκα
2858 4073 3040 4138 αὑτὸν,
3076 4070 3181 4133 ἕως
3213 4062 3274 4122 οῦ
3308 4067 3607 4136 εἰσήγαγον

2028 4172 2190 4227 αὑτὸν
2216 4173 2295 4234 εἰς
2324 4165 2470 4224 οἷκον
2515 4167 2720 4240 μητρός
2754 4183 2875 4238 μου,
2908 4163 3004 4217 καὶ
3029 4163 3110 4224 είς
3137 4159 3200 4214 τὸ
3228 4158 3473 4229 ταμιεῖον
3500 4153 3608 4223 τῆς

2032 4263 2401 4332 συλλαϐούσης
2428 4277 2518 4332 με.
2552 4278 2571 4311 ι
2609 4260 2815 4327 Ἤγουν
2838 4256 2937 4309 οὐκ
2965 4250 3290 4322 ἐπαυσάμην
3314 4247 3495 4335 ζητεῖν
3512 4244 3608 4299 τὸν

2032 4357 2163 4429 ἐμὸν
2194 4353 2449 4425 ἐραστὴν,
2498 4353 2603 4416 ἐως
2642 4345 2703 4405 οῦ
2734 4346 3108 4420 είσῳκισάμην
3151 4342 3313 4398 αὑτὸν
3346 4342 3425 4402 εἰς
3460 4337 3606 4429 νοῦν,

352 4456 501 4497 cere.
551 4456 570 4490 ι
604 4435 670 4493 Et
699 4452 811 4491 non
849 4435 1033 4490 dimisi
1071 4451 1195 4490 eum
1217 4474 1231 4500 ,
1265 4434 1443 4489 donec
1485 4434 1767 4489 introduxi
1797 4448 1920 4488 eum

2031 4426 2090 4509 ὃς
2132 4439 2280 4507 οἶκος
2316 4442 2415 4512 μὲν
2443 4443 2542 4511 τῆς
2572 4439 2728 4511 δίκην
2765 4435 2971 4509 μητρὸς
2998 4435 3176 4496 αἰτίας
3216 4432 3434 4486 πάντων
3470 4426 3610 4481 Θεοῦ

354 4534 412 4589 in
455 4530 680 4587 domum
714 4527 906 4585 matris
936 4543 1070 4583 mea:
1093 4569 1107 4591 ,
1148 4534 1203 4582 et
1230 4527 1284 4582 in
1312 4526 1626 4580 cubiculum
1654 4525 1774 4595 ejus
1806 4541 1929 4594 qua:

353 4623 607 4693 concepit
641 4637 749 4679 me.
783 4639 803 4672 ι
841 4620 953 4691 Ego
992 4637 1099 4675 non
1129 4617 1317 4675 destiti
1348 4632 1597 4688 quaerere
1624 4624 1925 4671 amatorem

355 4728 562 4778 meum,
592 4713 769 4769 donec
796 4712 950 4767 illum
986 4711 1271 4769 introduxi
1305 4711 1361 4765 in
1388 4717 1649 4776 mentem,
1681 4724 1804 4778 qua:
1832 4708 1929 4763 do-

353 4822 479 4861 mus
511 4804 731 4877 quidem
779 4812 898 4870 est,
935 4810 1196 4873 tanquam
1233 4803 1426 4858 matris
1460 4817 1643 4858 rerum
1678 4801 1925 4855 omnium

353 4912 554 4963 causae,
594 4895 686 4950 Dei
718 4895 1037 4966 sapientiae;
1071 4910 1224 4951 mens
1258 4895 1405 4951 enim
1446 4894 1613 4965 hujus
1646 4894 1928 4964 sapientize

354 5007 522 5063 capax
550 5029 565 5055 ,
623 4997 708 5046 est
752 4988 919 5043 veluti
966 4987 1305 5042 domicilium
1345 4994 1568 5057 propter
1606 4984 1927 5040 similitudi—

356 5099 482 5138 nem
514 5100 528 5136 :
570 5091 624 5137 et
650 5081 962 5136 cubiculum
999 5093 1192 5132 rursus
1226 5077 1431 5148 ipsius,
1460 5079 1589 5146 quia
1625 5075 1737 5145 80
1766 5090 1927 5128 arca-

358 5187 458 5228 nos
486 5172 605 5241 ejus
629 5171 920 5226 thesauros
953 5178 1175 5239 propter
1214 5167 1507 5238 imaginem
1540 5168 1593 5220 in
1631 5182 1690 5221 se
1731 5184 1925 5220 tecon-

357 5263 505 5317 ditos
538 5273 744 5318 servat.
785 5261 908 5317 llaec
950 5277 1037 5314 me
1081 5257 1355 5329 sapientia
1395 5258 1690 5327 concepit,
1729 5258 1931 5327 quippe

358 5371 480 5424 qua:
506 5363 633 5408 ante
669 5352 858 5407 mundi
892 5350 1346 5406 constitutionem
1380 5362 1542 5416 quam
1576 5349 1837 5416 optimam
1876 5349 1931 5402 in

2032 4535 2223 4604 σοφίας
2257 4534 2424 4597 ἐστὶν,
2449 4532 2525 4596 ὡς
2551 4532 2754 4600 ταύτης
2785 4529 2872 4582 διά
2910 4527 2971 4580 τὸ
2999 4524 3120 4580 καθ’
3146 4522 3405 4596 ὁμοίωσιν
3427 4537 3613 4591 χωρη-

2029 4625 2178 4689 τικός
2202 4643 2215 4655 ·
2249 4626 2496 4695 ταμιεῖον
2522 4623 2579 4676 δὲ
2608 4621 2768 4676 πάλιν
2794 4618 2984 4688 αὐτῆς,
3009 4616 3085 4680 ὡς
3102 4616 3229 4679 τοὺς
3256 4610 3612 4683 ἀποκρύφους

2032 4716 2233 4788 ταύτης
2259 4714 2567 4787 θησαυροὺς
2591 4712 2678 4767 διὰ
2706 4712 2767 4765 τὸ
2804 4710 2922 4765 κατ’
2953 4708 3135 4763 εἰκόνα
3163 4706 3284 4778 ἔχον
3310 4701 3612 4763 ἀποθέτους

2031 4811 2087 4861 ἐν
2116 4806 2291 4877 ἐαυτῷ
2312 4824 2327 4838 ·
2372 4806 2496 4877 ἥτις
2542 4822 2610 4876 με
2649 4802 2809 4873 σοφία
2842 4799 3155 4866 συνέλαϐεν,
3198 4797 3273 4861 ὡς
3306 4794 3412 4865 πρὸ
3440 4809 3613 4847 κατα-

2035 4899 2196 4970 ϐολῆς
2244 4898 2450 4969 κόσμου
2497 4897 2596 4968 τὴν
2642 4892 2988 4967 ὑπεράγαθον
3031 4888 3162 4962 περὶ
3210 4888 3310 4960 ἐμὲ
3355 4884 3612 4958 βούλησιν

2033 4992 2270 5062 ἔχουταο
2324 4989 2404 5042 διὸ
2451 4987 2545 5043 καὶ
2594 4988 2662 5042 δι’
2710 4986 2810 5057 ἐμὲ
2856 4985 2955 5056 τὴν
3004 4979 3345 5053 ἀνθρωπείαν
3389 4976 3613 5037 πάντως

2034 5087 2215 5155 φύσιν,
2251 5084 2311 5137 τό
2340 5100 2399 5136 τε
2442 5083 2497 5137 δέ
2531 5081 2592 5134 τὸ
2620 5081 2749 5144 πᾶν,
2789 5076 3134 5147 ὑπεστήσατο
3158 5090 3171 5104 ’
3219 5091 3237 5123 ι
3277 5066 3397 5122 Ἑπί
3422 5066 3613 5135 κοίτην

2035 5194 2134 5247 μου
2185 5178 2240 5228 ἐν
2285 5173 2433 5237 νυξὶν
2480 5173 2719 5242 ἐζήτησα
2765 5169 2824 5222 δν
2859 5164 3206 5236 ἠγάπησενή
3259 5159 3405 5231 ψυχή
3459 5171 3607 5247 μου·

2033 5270 2270 5339 ἐζήτησα
2299 5264 2480 5330 αὑτὸν,
2531 5264 2625 5316 καὶ
2661 5263 2758 5331 ούχ
2801 5254 2956 5331 εὗρον
2988 5256 3167 5311 αύτόν.
3200 5273 3217 5303 ι
3277 5250 3386 5303 Καὶ
3414 5246 3611 5339 μικρὸν

2031 5337 2255 5419 τούτους
2284 5352 2680 5426 διαδραμοῦσα,
2708 5351 2857 5418 λέγει
2882 5347 3045 5403 αὑτὸν
3068 5343 3376 5415 εὑρηκέναι,
3413 5338 3505 5391 καὶ
3534 5337 3612 5408 μὴ

1586 5483 1817 5539 νΑΒιΑ]
1854 5486 2260 5546 LECTIONES.

429 5634 472 5667 ⁸ο
505 5636 625 5688 cod.
664 5636 955 5704 ἐπήκουσε.
1036 5625 1078 5658 ¹⁵¹
1118 5627 1255 5704 cod._
1291 5626 1446 5696 αύτή.

359 5699 513 5760 Prior
543 5705 708 5758 editio
742 5696 971 5757 llabcbat
1009 5715 1118 5768 μοι,
1160 5696 1277 5752 cod.
1319 5705 1494 5751 autem
1530 5697 1629 5767 leg.
1666 5714 1789 5766 μου.

1537 5627 1581 5658 ³³
1637 5629 1787 5696 πρός.
1821 5633 1984 5690 Abcst
2023 5652 2049 5687 a
2091 5634 2210 5690 cod.

2308 5634 2352 5666 ’⁸³
2391 5633 2485 5704 Vit"-
2525 5632 2648 5690 Dcs.
2681 5634 2735 5688 in
2763 5631 2883 5688 cod.
2923 5629 3114 5686 relicto
3143 5624 3339 5698 spatio.
3416 5616 3465 5652 “
3502 5631 3610 5685 μου
