  <div class='ocr_page' id='page_1' title='image "/cluster/home/n/w/nwhite01/storage/ocr_20150623/81/mdp.39015078384339/067.png"; bbox 0 0 3940 6200; ppageno 0'>
   <div class='ocr_carea' id='block_1_1' title="bbox 342 266 3584 340">
    <p class='ocr_par' dir='ltr' id='par_1_1' title="bbox 342 266 3584 340">
     <span class='ocr_line' id='line_1_1' title="bbox 342 266 3584 340; baseline 0.003 -9"><span class='ocrx_word' id='word_1_1' title='bbox 342 266 447 334; x_wconf 61' lang='grc'><strong>119⁷</strong></span> <span class='ocrx_word' id='word_1_2' title='bbox 1331 273 1430 331; x_wconf 89' lang='grc' dir='ltr'>ΤΗ</span> <span class='ocrx_word' id='word_1_3' title='bbox 1438 270 1813 330; x_wconf 84' lang='lat' dir='ltr'><strong>EODORETI</strong></span> <span class='ocrx_word' id='word_1_4' title='bbox 1853 271 2190 334; x_wconf 84' lang='lat' dir='ltr'><strong>EPISCOPI</strong></span> <span class='ocrx_word' id='word_1_5' title='bbox 2222 276 2584 338; x_wconf 79' lang='lat' dir='ltr'><strong>CYRENSIS</strong></span> <span class='ocrx_word' id='word_1_6' title='bbox 3483 278 3584 340; x_wconf 70' lang='lat'><strong>120</strong></span> 
     </span>
    </p>
   </div>
   <div class='ocr_carea' id='block_1_2' title="bbox 338 371 1892 466">
    <p class='ocr_par' dir='ltr' id='par_1_2' title="bbox 338 371 1892 438">
     <span class='ocr_line' id='line_1_2' title="bbox 338 371 1892 438; baseline -0.003 -6"><span class='ocrx_word' id='word_1_7' title='bbox 338 383 668 434; x_wconf 76' lang='lat' dir='ltr'><strong>contuentes</strong></span> <span class='ocrx_word' id='word_1_8' title='bbox 697 372 1011 431; x_wconf 84' lang='lat' dir='ltr'><strong>exclamant</strong></span> <span class='ocrx_word' id='word_1_9' title='bbox 1035 393 1048 428; x_wconf 93' lang='lat'><strong>:</strong></span> <span class='ocrx_word' id='word_1_10' title='bbox 1087 371 1192 429; x_wconf 88' lang='lat' dir='ltr'><strong>Iste</strong></span> <span class='ocrx_word' id='word_1_11' title='bbox 1215 372 1492 429; x_wconf 81' lang='lat' dir='ltr'><strong>formosus</strong></span> <span class='ocrx_word' id='word_1_12' title='bbox 1515 373 1569 427; x_wconf 94' lang='lat' dir='ltr'><strong>in</strong></span> <span class='ocrx_word' id='word_1_13' title='bbox 1594 374 1760 438; x_wconf 93' lang='lat' dir='ltr'><strong>stola,</strong></span> <span class='ocrx_word' id='word_1_14' title='bbox 1785 374 1892 427; x_wconf 47' lang='lat' dir='ltr'><strong>vio‘</strong></span> 
     </span>
    </p>
   </div>
   <div class='ocr_carea' id='block_1_3' title="bbox 1999 371 3585 466">
    <p class='ocr_par' dir='ltr' id='par_1_3' title="bbox 2007 378 3585 466">
     <span class='ocr_line' id='line_1_3' title="bbox 2007 378 3585 466; baseline 0.011 -36"><span class='ocrx_word' id='word_1_15' title='bbox 2007 378 2270 450; x_wconf 83' lang='grc' dir='ltr'>Σημαίνει</span> <span class='ocrx_word' id='word_1_16' title='bbox 2292 383 2349 437; x_wconf 81' lang='grc' dir='ltr'>δὲ</span> <span class='ocrx_word' id='word_1_17' title='bbox 2382 384 2443 439; x_wconf 82' lang='grc' dir='ltr'>τὸ</span> <span class='ocrx_word' id='word_1_18' title='bbox 2472 386 2569 454; x_wconf 83' lang='grc' dir='ltr'><strong>μὲν</strong></span> <span class='ocrx_word' id='word_1_19' title='bbox 2609 384 2786 457; x_wconf 88' lang='grc' dir='ltr'>Ἐδὼμ</span> <span class='ocrx_word' id='word_1_20' title='bbox 2813 384 2909 456; x_wconf 78' lang='grc' dir='ltr'>τὴν</span> <span class='ocrx_word' id='word_1_21' title='bbox 2940 387 3062 458; x_wconf 81' lang='grc' dir='ltr'>γῆν,</span> <span class='ocrx_word' id='word_1_22' title='bbox 3107 387 3167 442; x_wconf 87' lang='grc' dir='ltr'>τὺ</span> <span class='ocrx_word' id='word_1_23' title='bbox 3189 388 3245 442; x_wconf 78' lang='grc' dir='ltr'><strong>δὲ</strong></span> <span class='ocrx_word' id='word_1_24' title='bbox 3286 389 3456 463; x_wconf 74' lang='grc' dir='ltr'>Βοσὸρ</span> <span class='ocrx_word' id='word_1_25' title='bbox 3485 396 3585 466; x_wconf 78' lang='grc' dir='ltr'>τὴν</span> 
     </span>
    </p>
   </div>
   <div class='ocr_carea' id='block_1_4' title="bbox 342 464 1892 550">
    <p class='ocr_par' dir='ltr' id='par_1_4' title="bbox 342 464 1892 532">
     <span class='ocr_line' id='line_1_4' title="bbox 342 464 1892 532; baseline -0.006 -5"><span class='ocrx_word' id='word_1_26' title='bbox 342 470 508 527; x_wconf 91' lang='lat' dir='ltr'><strong>lentia</strong></span> <span class='ocrx_word' id='word_1_27' title='bbox 556 482 680 522; x_wconf 90' lang='lat' dir='ltr'><strong>cum</strong></span> <span class='ocrx_word' id='word_1_28' title='bbox 733 465 1077 521; x_wconf 77' lang='lat' dir='ltr'><strong>fortitudine.</strong></span> <span class='ocrx_word' id='word_1_29' title='bbox 1127 464 1308 532; x_wconf 84' lang='lat' dir='ltr'><strong>Quare</strong></span> <span class='ocrx_word' id='word_1_30' title='bbox 1354 464 1521 518; x_wconf 84' lang='lat' dir='ltr'><strong>rubra</strong></span> <span class='ocrx_word' id='word_1_31' title='bbox 1566 472 1701 520; x_wconf 88' lang='lat' dir='ltr'><strong>sunt</strong></span> <span class='ocrx_word' id='word_1_32' title='bbox 1736 465 1892 521; x_wconf 86' lang='lat' dir='ltr'><strong>vesti-</strong></span> 
     </span>
    </p>
   </div>
   <div class='ocr_carea' id='block_1_5' title="bbox 1999 464 3577 550">
    <p class='ocr_par' dir='ltr' id='par_1_5' title="bbox 2006 464 3577 550">
     <span class='ocr_line' id='line_1_5' title="bbox 2006 464 3577 550; baseline 0.008 -24"><span class='ocrx_word' id='word_1_33' title='bbox 2006 472 2203 543; x_wconf 84' lang='grc' dir='ltr'>σάρκα.</span> <span class='ocrx_word' id='word_1_34' title='bbox 2240 474 2350 529; x_wconf 72' lang='grc' dir='ltr'><strong>Καὶ</strong></span> <span class='ocrx_word' id='word_1_35' title='bbox 2383 472 2810 548; x_wconf 68' lang='grc' dir='ltr'>ἐκπληττόμενοι</span> <span class='ocrx_word' id='word_1_36' title='bbox 2835 478 2999 532; x_wconf 83' lang='grc' dir='ltr'>αὐτοῦ</span> <span class='ocrx_word' id='word_1_37' title='bbox 3028 478 3089 532; x_wconf 81' lang='grc' dir='ltr'><strong>τὸ</strong></span> <span class='ocrx_word' id='word_1_38' title='bbox 3109 480 3301 546; x_wconf 88' lang='grc' dir='ltr'>κάλλος</span> <span class='ocrx_word' id='word_1_39' title='bbox 3335 464 3577 550; x_wconf 73' lang='grc' dir='ltr'>βοῶσιν·</span> 
     </span>
    </p>
   </div>
   <div class='ocr_carea' id='block_1_6' title="bbox 339 554 1892 641">
    <p class='ocr_par' dir='ltr' id='par_1_6' title="bbox 339 554 1892 629">
     <span class='ocr_line' id='line_1_6' title="bbox 339 554 1892 629; baseline -0.004 -16"><span class='ocrx_word' id='word_1_40' title='bbox 339 569 523 616; x_wconf 88' lang='lat' dir='ltr'><strong>menta</strong></span> <span class='ocrx_word' id='word_1_41' title='bbox 572 569 664 615; x_wconf 90' lang='lat' dir='ltr'><strong>tua</strong></span> <span class='ocrx_word' id='word_1_42' title='bbox 720 570 981 629; x_wconf 90' lang='lat' dir='ltr'><strong>tanquam</strong></span> <span class='ocrx_word' id='word_1_43' title='bbox 1025 572 1089 612; x_wconf 78' lang='lat' dir='ltr'><strong>ex</strong></span> <span class='ocrx_word' id='word_1_44' title='bbox 1152 554 1418 611; x_wconf 89' lang='lat' dir='ltr'><strong>toreulari</strong></span> <span class='ocrx_word' id='word_1_45' title='bbox 1454 554 1614 625; x_wconf 86' lang='lat' dir='ltr'><strong>pleno</strong></span> <span class='ocrx_word' id='word_1_46' title='bbox 1645 554 1892 611; x_wconf 73' lang='lat' dir='ltr'><strong>calcato!</strong></span> 
     </span>
    </p>
   </div>
   <div class='ocr_carea' id='block_1_7' title="bbox 1999 554 3581 641">
    <p class='ocr_par' dir='ltr' id='par_1_7' title="bbox 2004 558 3581 641">
     <span class='ocr_line' id='line_1_7' title="bbox 2004 558 3581 641; baseline 0.008 -23"><span class='ocrx_word' id='word_1_47' title='bbox 2004 558 2170 629; x_wconf 81' lang='grc' dir='ltr'>Οὗτος</span> <span class='ocrx_word' id='word_1_48' title='bbox 2199 565 2399 637; x_wconf 83' lang='grc' dir='ltr'>ὡραῖος</span> <span class='ocrx_word' id='word_1_49' title='bbox 2443 568 2501 620; x_wconf 81' lang='grc' dir='ltr'>ὲν</span> <span class='ocrx_word' id='word_1_50' title='bbox 2532 568 2713 639; x_wconf 80' lang='grc' dir='ltr'>στολῇ,</span> <span class='ocrx_word' id='word_1_51' title='bbox 2748 568 2838 638; x_wconf 86' lang='grc' dir='ltr'>βία</span> <span class='ocrx_word' id='word_1_52' title='bbox 2870 568 3009 639; x_wconf 89' lang='grc' dir='ltr'><strong>μετά</strong></span> <span class='ocrx_word' id='word_1_53' title='bbox 3041 570 3242 641; x_wconf 75' lang='grc' dir='ltr'>ἰσχύος.</span> <span class='ocrx_word' id='word_1_54' title='bbox 3290 573 3451 627; x_wconf 81' lang='grc' dir='ltr'>ἰνατί</span> <span class='ocrx_word' id='word_1_55' title='bbox 3485 594 3581 629; x_wconf 88' lang='grc' dir='ltr'><strong>σου</strong></span> 
     </span>
    </p>
   </div>
   <div class='ocr_carea' id='block_1_8' title="bbox 340 644 1892 737">
    <p class='ocr_par' dir='ltr' id='par_1_8' title="bbox 340 644 1892 716">
     <span class='ocr_line' id='line_1_8' title="bbox 340 644 1892 716; baseline 0 -15"><span class='ocrx_word' id='word_1_56' title='bbox 340 647 407 701; x_wconf 85' lang='lat' dir='ltr'><strong>Et</strong></span> <span class='ocrx_word' id='word_1_57' title='bbox 433 648 648 711; x_wconf 89' lang='lat' dir='ltr'><strong>dicunt,</strong></span> <span class='ocrx_word' id='word_1_58' title='bbox 684 666 703 699; x_wconf 86' lang='grc'><em>‹</em></span> <span class='ocrx_word' id='word_1_59' title='bbox 747 645 805 701; x_wconf 91' lang='lat' dir='ltr'><strong>ln</strong></span> <span class='ocrx_word' id='word_1_60' title='bbox 840 659 1070 716; x_wconf 88' lang='lat' dir='ltr'><strong>corpore</strong></span> <span class='ocrx_word' id='word_1_61' title='bbox 1095 644 1369 699; x_wconf 80' lang='lat' dir='ltr'><strong>exsistens</strong></span> <span class='ocrx_word' id='word_1_62' title='bbox 1415 644 1681 713; x_wconf 80' lang='lat' dir='ltr'><strong>splendet.</strong></span> <span class='ocrx_word' id='word_1_63' title='bbox 1721 664 1740 698; x_wconf 82' lang='grc'>›</span> <span class='ocrx_word' id='word_1_64' title='bbox 1779 645 1892 701; x_wconf 84' lang='grc' dir='ltr'><strong>8ιο-</strong></span> 
     </span>
    </p>
   </div>
   <div class='ocr_carea' id='block_1_9' title="bbox 1999 644 3582 737">
    <p class='ocr_par' dir='ltr' id='par_1_9' title="bbox 2004 656 3582 737">
     <span class='ocr_line' id='line_1_9' title="bbox 2004 656 3582 737; baseline 0.008 -29"><span class='ocrx_word' id='word_1_65' title='bbox 2004 656 2211 728; x_wconf 79' lang='grc' dir='ltr'>ὲρυθρά</span> <span class='ocrx_word' id='word_1_66' title='bbox 2241 656 2308 710; x_wconf 84' lang='grc' dir='ltr'>τὰ</span> <span class='ocrx_word' id='word_1_67' title='bbox 2357 657 2567 727; x_wconf 79' lang='grc' dir='ltr'>ἱμάτια,</span> <span class='ocrx_word' id='word_1_68' title='bbox 2604 659 2679 722; x_wconf 83' lang='grc' dir='ltr'>ὡς</span> <span class='ocrx_word' id='word_1_69' title='bbox 2724 659 2831 713; x_wconf 82' lang='grc' dir='ltr'><strong>ἀπὸ</strong></span> <span class='ocrx_word' id='word_1_70' title='bbox 2873 660 3114 732; x_wconf 88' lang='grc' dir='ltr'>πατητοῦ</span> <span class='ocrx_word' id='word_1_71' title='bbox 3144 661 3304 732; x_wconf 80' lang='grc' dir='ltr'>ληνοῦ</span> <span class='ocrx_word' id='word_1_72' title='bbox 3337 664 3582 737; x_wconf 81' lang='grc' dir='ltr'>πλήρους</span> 
     </span>
    </p>
   </div>
   <div class='ocr_carea' id='block_1_10' title="bbox 341 734 1892 827">
    <p class='ocr_par' dir='ltr' id='par_1_10' title="bbox 341 734 1892 810">
     <span class='ocr_line' id='line_1_10' title="bbox 341 734 1892 810; baseline -0.002 -18"><span class='ocrx_word' id='word_1_73' title='bbox 341 738 447 794; x_wconf 89' lang='lat' dir='ltr'><strong>lam</strong></span> <span class='ocrx_word' id='word_1_74' title='bbox 478 754 680 810; x_wconf 87' lang='lat' dir='ltr'><strong>corpus</strong></span> <span class='ocrx_word' id='word_1_75' title='bbox 734 738 855 809; x_wconf 86' lang='lat' dir='ltr'><strong>ejus</strong></span> <span class='ocrx_word' id='word_1_76' title='bbox 905 735 1268 807; x_wconf 73' lang='lat' dir='ltr'><strong>appellarunt,</strong></span> <span class='ocrx_word' id='word_1_77' title='bbox 1316 741 1370 788; x_wconf 92' lang='lat' dir='ltr'><strong>et</strong></span> <span class='ocrx_word' id='word_1_78' title='bbox 1401 734 1698 790; x_wconf 82' lang='lat' dir='ltr'><strong>violentam</strong></span> <span class='ocrx_word' id='word_1_79' title='bbox 1740 736 1892 792; x_wconf 86' lang='lat' dir='ltr'><strong>habet</strong></span> 
     </span>
    </p>
   </div>
   <div class='ocr_carea' id='block_1_11' title="bbox 1999 734 3581 827">
    <p class='ocr_par' dir='ltr' id='par_1_11' title="bbox 2003 742 3581 827">
     <span class='ocr_line' id='line_1_11' title="bbox 2003 742 3581 827; baseline 0.008 -27"><span class='ocrx_word' id='word_1_80' title='bbox 2003 751 2570 821; x_wconf 82' lang='grc' dir='ltr'>καταπεπατημένης;</span> <span class='ocrx_word' id='word_1_81' title='bbox 2621 751 2732 804; x_wconf 81' lang='grc' dir='ltr'>Καί</span> <span class='ocrx_word' id='word_1_82' title='bbox 2766 768 2950 820; x_wconf 75' lang='grc' dir='ltr'>φασιν·</span> <span class='ocrx_word' id='word_1_83' title='bbox 3012 770 3030 804; x_wconf 79' lang='grc' dir='ltr'><strong>ι</strong></span> <span class='ocrx_word' id='word_1_84' title='bbox 3071 752 3157 806; x_wconf 85' lang='grc' dir='ltr'>Ἐν</span> <span class='ocrx_word' id='word_1_85' title='bbox 3186 742 3231 786; x_wconf 58' lang='grc' dir='ltr'><strong>δέ</strong></span> <span class='ocrx_word' id='word_1_86' title='bbox 3262 754 3475 827; x_wconf 83' lang='grc' dir='ltr'>σώματι</span> <span class='ocrx_word' id='word_1_87' title='bbox 3504 757 3581 812; x_wconf 80' lang='grc' dir='ltr'>ὢν</span> 
     </span>
    </p>
   </div>
   <div class='ocr_carea' id='block_1_12' title="bbox 341 825 1892 919">
    <p class='ocr_par' dir='ltr' id='par_1_12' title="bbox 341 825 1892 900">
     <span class='ocr_line' id='line_1_12' title="bbox 341 825 1892 900; baseline -0.002 -15"><span class='ocrx_word' id='word_1_88' title='bbox 341 831 830 900; x_wconf 84' lang='lat' dir='ltr'><strong>pulchritudinem,</strong></span> <span class='ocrx_word' id='word_1_89' title='bbox 882 843 1000 897; x_wconf 73' lang='lat' dir='ltr'><strong>qua:</strong></span> <span class='ocrx_word' id='word_1_90' title='bbox 1049 825 1341 880; x_wconf 89' lang='lat' dir='ltr'><strong>universos</strong></span> <span class='ocrx_word' id='word_1_91' title='bbox 1398 825 1549 896; x_wconf 84' lang='lat' dir='ltr'><strong>cogit</strong></span> <span class='ocrx_word' id='word_1_92' title='bbox 1602 827 1892 882; x_wconf 87' lang='lat' dir='ltr'><strong>intuentes.</strong></span> 
     </span>
    </p>
   </div>
   <div class='ocr_carea' id='block_1_13' title="bbox 1999 825 3577 919">
    <p class='ocr_par' dir='ltr' id='par_1_13' title="bbox 2003 825 3577 919">
     <span class='ocr_line' id='line_1_13' title="bbox 2003 825 3577 919; baseline 0.006 -26"><span class='ocrx_word' id='word_1_93' title='bbox 2003 840 2228 910; x_wconf 84' lang='grc' dir='ltr'>λάμπει.</span> <span class='ocrx_word' id='word_1_94' title='bbox 2264 859 2281 891; x_wconf 77' lang='grc' dir='ltr'><strong>ι</strong></span> <span class='ocrx_word' id='word_1_95' title='bbox 2320 843 2520 912; x_wconf 81' lang='grc' dir='ltr'>Στολὴν</span> <span class='ocrx_word' id='word_1_96' title='bbox 2546 841 2710 896; x_wconf 78' lang='grc' dir='ltr'>αὐτοῦ</span> <span class='ocrx_word' id='word_1_97' title='bbox 2736 843 2796 896; x_wconf 86' lang='grc' dir='ltr'>τὺ</span> <span class='ocrx_word' id='word_1_98' title='bbox 2828 842 2984 913; x_wconf 87' lang='grc' dir='ltr'>σῶμα</span> <span class='ocrx_word' id='word_1_99' title='bbox 3000 843 3045 875; x_wconf 83' lang='grc'><strong>⁸³</strong></span> <span class='ocrx_word' id='word_1_100' title='bbox 3069 825 3546 919; x_wconf 84' lang='grc' dir='ltr'>προσηγορεύκασι</span> <span class='ocrx_word' id='word_1_101' title='bbox 3564 866 3577 879; x_wconf 79' lang='grc'><strong><em>⁸</em></strong></span> 
     </span>
    </p>
   </div>
   <div class='ocr_carea' id='block_1_14' title="bbox 339 919 1892 1008">
    <p class='ocr_par' dir='ltr' id='par_1_14' title="bbox 339 919 1892 989">
     <span class='ocr_line' id='line_1_14' title="bbox 339 919 1892 989; baseline -0.001 -14"><span class='ocrx_word' id='word_1_102' title='bbox 339 922 415 977; x_wconf 86' lang='lat' dir='ltr'><strong>Ita</strong></span> <span class='ocrx_word' id='word_1_103' title='bbox 450 924 725 978; x_wconf 82' lang='lat' dir='ltr'><strong>mirantur</strong></span> <span class='ocrx_word' id='word_1_104' title='bbox 755 922 860 975; x_wconf 88' lang='lat' dir='ltr'><strong>hoc</strong></span> <span class='ocrx_word' id='word_1_105' title='bbox 897 921 1017 975; x_wconf 88' lang='lat' dir='ltr'><strong>loco</strong></span> <span class='ocrx_word' id='word_1_106' title='bbox 1039 960 1055 985; x_wconf 92' lang='lat'><strong>,</strong></span> <span class='ocrx_word' id='word_1_107' title='bbox 1088 934 1201 974; x_wconf 91' lang='lat' dir='ltr'><strong>non</strong></span> <span class='ocrx_word' id='word_1_108' title='bbox 1249 920 1428 975; x_wconf 88' lang='lat' dir='ltr'><strong>solum</strong></span> <span class='ocrx_word' id='word_1_109' title='bbox 1477 919 1623 989; x_wconf 91' lang='lat' dir='ltr'><strong>quod</strong></span> <span class='ocrx_word' id='word_1_110' title='bbox 1674 919 1892 989; x_wconf 81' lang='lat' dir='ltr'><strong>pulchra</strong></span> 
     </span>
    </p>
   </div>
   <div class='ocr_carea' id='block_1_15' title="bbox 1999 919 3581 1008">
    <p class='ocr_par' dir='ltr' id='par_1_15' title="bbox 2004 932 3581 1008">
     <span class='ocr_line' id='line_1_15' title="bbox 2004 932 3581 1008; baseline 0.005 -23"><span class='ocrx_word' id='word_1_111' title='bbox 2004 933 2101 985; x_wconf 75' lang='grc' dir='ltr'><strong>καὶ</strong></span> <span class='ocrx_word' id='word_1_112' title='bbox 2151 932 2322 1003; x_wconf 88' lang='grc' dir='ltr'>βίαιον</span> <span class='ocrx_word' id='word_1_113' title='bbox 2370 934 2481 1005; x_wconf 76' lang='grc' dir='ltr'>ἔχει</span> <span class='ocrx_word' id='word_1_114' title='bbox 2530 934 2592 987; x_wconf 82' lang='grc' dir='ltr'>τὸ</span> <span class='ocrx_word' id='word_1_115' title='bbox 2643 933 2858 999; x_wconf 84' lang='grc' dir='ltr'>κάλλος,</span> <span class='ocrx_word' id='word_1_116' title='bbox 2894 934 3138 1000; x_wconf 73' lang='grc' dir='ltr'>ἅπαντας</span> <span class='ocrx_word' id='word_1_117' title='bbox 3167 936 3294 1000; x_wconf 79' lang='grc' dir='ltr'>τοὺς</span> <span class='ocrx_word' id='word_1_118' title='bbox 3335 938 3581 1008; x_wconf 76' lang='grc' dir='ltr'>ὁρῶντας</span> 
     </span>
    </p>
   </div>
   <div class='ocr_carea' id='block_1_16' title="bbox 339 1011 1892 1099">
    <p class='ocr_par' dir='ltr' id='par_1_16' title="bbox 339 1011 1892 1086">
     <span class='ocr_line' id='line_1_16' title="bbox 339 1011 1892 1086; baseline -0.006 -15"><span class='ocrx_word' id='word_1_119' title='bbox 339 1017 411 1072; x_wconf 83' lang='lat' dir='ltr'><strong>sit</strong></span> <span class='ocrx_word' id='word_1_120' title='bbox 441 1029 664 1086; x_wconf 89' lang='lat' dir='ltr'><strong>sponsa,</strong></span> <span class='ocrx_word' id='word_1_121' title='bbox 698 1027 885 1068; x_wconf 88' lang='lat' dir='ltr'><strong>verum</strong></span> <span class='ocrx_word' id='word_1_122' title='bbox 941 1012 1107 1066; x_wconf 86' lang='lat' dir='ltr'><strong>etiam</strong></span> <span class='ocrx_word' id='word_1_123' title='bbox 1139 1011 1286 1082; x_wconf 88' lang='lat' dir='ltr'><strong>quod</strong></span> <span class='ocrx_word' id='word_1_124' title='bbox 1317 1012 1581 1068; x_wconf 83' lang='lat' dir='ltr'><strong>ascendat</strong></span> <span class='ocrx_word' id='word_1_125' title='bbox 1604 1027 1635 1066; x_wconf 92' lang='lat' dir='ltr'><strong>e</strong></span> <span class='ocrx_word' id='word_1_126' title='bbox 1658 1012 1892 1074; x_wconf 76' lang='lat' dir='ltr'><strong>deserto,</strong></span> 
     </span>
    </p>
   </div>
   <div class='ocr_carea' id='block_1_17' title="bbox 1999 1011 3581 1099">
    <p class='ocr_par' dir='ltr' id='par_1_17' title="bbox 2005 1020 3581 1099">
     <span class='ocr_line' id='line_1_17' title="bbox 2005 1020 3581 1099; baseline 0.004 -23"><span class='ocrx_word' id='word_1_127' title='bbox 2005 1020 2345 1094; x_wconf 79' lang='grc' dir='ltr'>βιαζόμενον.</span> <span class='ocrx_word' id='word_1_128' title='bbox 2399 1021 2553 1077; x_wconf 79' lang='grc' dir='ltr'>Οὕτω</span> <span class='ocrx_word' id='word_1_129' title='bbox 2598 1023 2830 1077; x_wconf 76' lang='grc' dir='ltr'>ἐνταῦθα</span> <span class='ocrx_word' id='word_1_130' title='bbox 2864 1025 3275 1096; x_wconf 72' lang='grc' dir='ltr'>ἐκπλήττονται,</span> <span class='ocrx_word' id='word_1_131' title='bbox 3313 1029 3374 1081; x_wconf 85' lang='grc' dir='ltr'><strong>ού</strong></span> <span class='ocrx_word' id='word_1_132' title='bbox 3417 1029 3581 1099; x_wconf 76' lang='grc' dir='ltr'>μόνον</span> 
     </span>
    </p>
   </div>
   <div class='ocr_carea' id='block_1_18' title="bbox 337 1102 1892 1190">
    <p class='ocr_par' dir='ltr' id='par_1_18' title="bbox 337 1102 1892 1176">
     <span class='ocr_line' id='line_1_18' title="bbox 337 1102 1892 1176; baseline -0.004 -13"><span class='ocrx_word' id='word_1_133' title='bbox 337 1109 390 1163; x_wconf 89' lang='lat' dir='ltr'><strong>id</strong></span> <span class='ocrx_word' id='word_1_134' title='bbox 422 1116 528 1171; x_wconf 87' lang='lat' dir='ltr'><strong>est,</strong></span> <span class='ocrx_word' id='word_1_135' title='bbox 563 1121 628 1161; x_wconf 81' lang='lat' dir='ltr'><strong>ex</strong></span> <span class='ocrx_word' id='word_1_136' title='bbox 666 1103 942 1176; x_wconf 83' lang='lat' dir='ltr'><strong>profundo</strong></span> <span class='ocrx_word' id='word_1_137' title='bbox 979 1104 1034 1158; x_wconf 92' lang='lat' dir='ltr'><strong>in</strong></span> <span class='ocrx_word' id='word_1_138' title='bbox 1068 1104 1297 1160; x_wconf 83' lang='lat' dir='ltr'><strong>sublime</strong></span> <span class='ocrx_word' id='word_1_139' title='bbox 1340 1102 1650 1174; x_wconf 84' lang='lat' dir='ltr'><strong>gradiatur,</strong></span> <span class='ocrx_word' id='word_1_140' title='bbox 1697 1118 1760 1158; x_wconf 75' lang='lat' dir='ltr'><strong>ex</strong></span> <span class='ocrx_word' id='word_1_141' title='bbox 1796 1103 1892 1157; x_wconf 90' lang='lat' dir='ltr'><strong>hu-</strong></span> 
     </span>
    </p>
   </div>
   <div class='ocr_carea' id='block_1_19' title="bbox 1999 1102 3578 1190">
    <p class='ocr_par' dir='ltr' id='par_1_19' title="bbox 2003 1113 3578 1190">
     <span class='ocr_line' id='line_1_19' title="bbox 2003 1113 3578 1190; baseline 0.004 -25"><span class='ocrx_word' id='word_1_142' title='bbox 2003 1113 2083 1166; x_wconf 81' lang='grc' dir='ltr'>ὅτι</span> <span class='ocrx_word' id='word_1_143' title='bbox 2132 1113 2271 1184; x_wconf 78' lang='grc' dir='ltr'>καλὴ</span> <span class='ocrx_word' id='word_1_144' title='bbox 2317 1115 2350 1185; x_wconf 77' lang='grc' dir='ltr'>ἡ</span> <span class='ocrx_word' id='word_1_145' title='bbox 2395 1113 2604 1185; x_wconf 79' lang='grc' dir='ltr'>νύμφη,</span> <span class='ocrx_word' id='word_1_146' title='bbox 2654 1113 2769 1167; x_wconf 86' lang='grc' dir='ltr'>ἀλλ’</span> <span class='ocrx_word' id='word_1_147' title='bbox 2815 1116 2895 1168; x_wconf 80' lang='grc' dir='ltr'>ὅτι</span> <span class='ocrx_word' id='word_1_148' title='bbox 2943 1116 3038 1170; x_wconf 79' lang='grc' dir='ltr'>καὶ</span> <span class='ocrx_word' id='word_1_149' title='bbox 3085 1117 3193 1170; x_wconf 82' lang='grc' dir='ltr'><strong>ἀπὸ</strong></span> <span class='ocrx_word' id='word_1_150' title='bbox 3218 1118 3316 1187; x_wconf 87' lang='grc' dir='ltr'>τῆς</span> <span class='ocrx_word' id='word_1_151' title='bbox 3364 1120 3578 1190; x_wconf 72' lang='grc' dir='ltr'>ἐρήμου</span> 
     </span>
    </p>
   </div>
   <div class='ocr_carea' id='block_1_20' title="bbox 334 1195 1892 1279">
    <p class='ocr_par' dir='ltr' id='par_1_20' title="bbox 334 1195 1892 1265">
     <span class='ocr_line' id='line_1_20' title="bbox 334 1195 1892 1265; baseline -0.003 -11"><span class='ocrx_word' id='word_1_152' title='bbox 334 1199 559 1254; x_wconf 90' lang='lat' dir='ltr'><strong>milibus</strong></span> <span class='ocrx_word' id='word_1_153' title='bbox 598 1198 664 1253; x_wconf 89' lang='lat' dir='ltr'><strong>ad</strong></span> <span class='ocrx_word' id='word_1_154' title='bbox 719 1197 938 1252; x_wconf 82' lang='lat' dir='ltr'><strong>excelsa</strong></span> <span class='ocrx_word' id='word_1_155' title='bbox 985 1195 1224 1252; x_wconf 88' lang='lat' dir='ltr'><strong>incedat.</strong></span> <span class='ocrx_word' id='word_1_156' title='bbox 1274 1214 1293 1247; x_wconf 76' lang='grc' dir='ltr'><strong>ι</strong></span> <span class='ocrx_word' id='word_1_157' title='bbox 1342 1195 1408 1250; x_wconf 88' lang='lat' dir='ltr'><strong>Et</strong></span> <span class='ocrx_word' id='word_1_158' title='bbox 1450 1195 1668 1259; x_wconf 83' lang='lat' dir='ltr'><strong>similis,</strong></span> <span class='ocrx_word' id='word_1_159' title='bbox 1704 1195 1892 1265; x_wconf 78' lang='lat' dir='ltr'><strong>inquit,</strong></span> 
     </span>
    </p>
   </div>
   <div class='ocr_carea' id='block_1_21' title="bbox 1999 1195 3579 1279">
    <p class='ocr_par' dir='ltr' id='par_1_21' title="bbox 2002 1201 3579 1279">
     <span class='ocr_line' id='line_1_21' title="bbox 2002 1201 3579 1279; baseline 0.004 -24"><span class='ocrx_word' id='word_1_160' title='bbox 2002 1201 2386 1268; x_wconf 73' lang='grc' dir='ltr'>ἀναϐαίνουσα,</span> <span class='ocrx_word' id='word_1_161' title='bbox 2418 1202 2696 1257; x_wconf 84' lang='grc' dir='ltr'>τουτέστιν</span> <span class='ocrx_word' id='word_1_162' title='bbox 2726 1204 2833 1258; x_wconf 82' lang='grc' dir='ltr'><strong>ἀπὸ</strong></span> <span class='ocrx_word' id='word_1_163' title='bbox 2861 1203 3057 1279; x_wconf 75' lang='grc' dir='ltr'>βάθους</span> <span class='ocrx_word' id='word_1_164' title='bbox 3086 1207 3166 1271; x_wconf 87' lang='grc' dir='ltr'><strong>είς</strong></span> <span class='ocrx_word' id='word_1_165' title='bbox 3196 1205 3327 1277; x_wconf 73' lang='grc' dir='ltr'>ὕψος</span> <span class='ocrx_word' id='word_1_166' title='bbox 3352 1209 3579 1279; x_wconf 85' lang='grc' dir='ltr'>ἀνερχο-</span> 
     </span>
    </p>
   </div>
   <div class='ocr_carea' id='block_1_22' title="bbox 332 1285 1892 1370">
    <p class='ocr_par' dir='ltr' id='par_1_22' title="bbox 332 1285 1892 1359">
     <span class='ocr_line' id='line_1_22' title="bbox 332 1285 1892 1359; baseline 0.001 -18"><span class='ocrx_word' id='word_1_167' title='bbox 332 1290 554 1344; x_wconf 84' lang='lat' dir='ltr'><strong>videtur</strong></span> <span class='ocrx_word' id='word_1_168' title='bbox 602 1289 829 1359; x_wconf 70' lang='lat' dir='ltr'><strong>virgula:</strong></span> <span class='ocrx_word' id='word_1_169' title='bbox 877 1287 1012 1343; x_wconf 82' lang='lat' dir='ltr'><strong>fumi</strong></span> <span class='ocrx_word' id='word_1_170' title='bbox 1072 1287 1336 1342; x_wconf 67' lang='lat' dir='ltr'><strong>ineensaa.</strong></span> <span class='ocrx_word' id='word_1_171' title='bbox 1391 1303 1410 1338; x_wconf 71' lang='grc' dir='ltr'><strong>ι</strong></span> <span class='ocrx_word' id='word_1_172' title='bbox 1466 1285 1714 1343; x_wconf 88' lang='lat' dir='ltr'><strong>Obscura</strong></span> <span class='ocrx_word' id='word_1_173' title='bbox 1770 1302 1892 1343; x_wconf 75' lang='lat' dir='ltr'><strong>sane</strong></span> 
     </span>
    </p>
   </div>
   <div class='ocr_carea' id='block_1_23' title="bbox 1999 1285 3580 1370">
    <p class='ocr_par' dir='ltr' id='par_1_23' title="bbox 2007 1292 3580 1370">
     <span class='ocr_line' id='line_1_23' title="bbox 2007 1292 3580 1370; baseline 0.004 -24"><span class='ocrx_word' id='word_1_174' title='bbox 2007 1296 2165 1364; x_wconf 87' lang='grc' dir='ltr'>μένη,</span> <span class='ocrx_word' id='word_1_175' title='bbox 2205 1292 2298 1348; x_wconf 80' lang='grc' dir='ltr'><strong>καὶ</strong></span> <span class='ocrx_word' id='word_1_176' title='bbox 2324 1292 2433 1347; x_wconf 85' lang='grc' dir='ltr'>άπὸ</span> <span class='ocrx_word' id='word_1_177' title='bbox 2459 1294 2568 1348; x_wconf 89' lang='grc' dir='ltr'><strong>τῶν</strong></span> <span class='ocrx_word' id='word_1_178' title='bbox 2603 1295 2875 1349; x_wconf 81' lang='grc' dir='ltr'>ταπεινῶν</span> <span class='ocrx_word' id='word_1_179' title='bbox 2921 1296 3013 1350; x_wconf 72' lang='grc' dir='ltr'><strong>ἐπὶ</strong></span> <span class='ocrx_word' id='word_1_180' title='bbox 3050 1297 3118 1351; x_wconf 86' lang='grc' dir='ltr'><strong>τά</strong></span> <span class='ocrx_word' id='word_1_181' title='bbox 3149 1298 3400 1370; x_wconf 87' lang='grc' dir='ltr'>μετέωρα</span> <span class='ocrx_word' id='word_1_182' title='bbox 3432 1300 3580 1370; x_wconf 83' lang='grc' dir='ltr'>βαδί-</span> 
     </span>
    </p>
   </div>
   <div class='ocr_carea' id='block_1_24' title="bbox 334 1376 1892 1459">
    <p class='ocr_par' dir='ltr' id='par_1_24' title="bbox 334 1376 1892 1451">
     <span class='ocr_line' id='line_1_24' title="bbox 334 1376 1892 1451; baseline -0.003 -17"><span class='ocrx_word' id='word_1_183' title='bbox 334 1381 686 1451; x_wconf 81' lang='lat' dir='ltr'><strong>compositio.</strong></span> <span class='ocrx_word' id='word_1_184' title='bbox 738 1379 875 1434; x_wconf 87' lang='lat' dir='ltr'><strong>Dum</strong></span> <span class='ocrx_word' id='word_1_185' title='bbox 920 1378 1065 1435; x_wconf 87' lang='lat' dir='ltr'><strong>enim</strong></span> <span class='ocrx_word' id='word_1_186' title='bbox 1105 1376 1450 1433; x_wconf 66' lang='lat' dir='ltr'><strong>Hebraeorum</strong></span> <span class='ocrx_word' id='word_1_187' title='bbox 1488 1376 1687 1447; x_wconf 69' lang='lat' dir='ltr'><strong>linguae</strong></span> <span class='ocrx_word' id='word_1_188' title='bbox 1716 1376 1892 1431; x_wconf 87' lang='lat' dir='ltr'><strong>deser-</strong></span> 
     </span>
    </p>
   </div>
   <div class='ocr_carea' id='block_1_25' title="bbox 1999 1376 3578 1459">
    <p class='ocr_par' dir='ltr' id='par_1_25' title="bbox 2004 1383 3578 1459">
     <span class='ocr_line' id='line_1_25' title="bbox 2004 1383 3578 1459; baseline 0.005 -23"><span class='ocrx_word' id='word_1_189' title='bbox 2004 1383 2188 1447; x_wconf 85' lang='grc' dir='ltr'>ζουσα.</span> <span class='ocrx_word' id='word_1_190' title='bbox 2240 1402 2257 1434; x_wconf 82' lang='grc' dir='ltr'><strong>ι</strong></span> <span class='ocrx_word' id='word_1_191' title='bbox 2287 1384 2397 1437; x_wconf 76' lang='grc' dir='ltr'><strong>Καὶ</strong></span> <span class='ocrx_word' id='word_1_192' title='bbox 2429 1383 2593 1449; x_wconf 79' lang='grc' dir='ltr'>ἔοικε,</span> <span class='ocrx_word' id='word_1_193' title='bbox 2621 1387 2775 1457; x_wconf 60' lang='grc' dir='ltr'>φησι,</span> <span class='ocrx_word' id='word_1_194' title='bbox 2821 1385 3046 1459; x_wconf 74' lang='grc' dir='ltr'>στελέχη</span> <span class='ocrx_word' id='word_1_195' title='bbox 3076 1389 3282 1443; x_wconf 81' lang='grc' dir='ltr'>καπνοῦ</span> <span class='ocrx_word' id='word_1_196' title='bbox 3316 1390 3578 1459; x_wconf 85' lang='grc' dir='ltr'>τεθυμια-</span> 
     </span>
    </p>
   </div>
   <div class='ocr_carea' id='block_1_26' title="bbox 333 1468 1892 1551">
    <p class='ocr_par' dir='ltr' id='par_1_26' title="bbox 333 1468 1892 1544">
     <span class='ocr_line' id='line_1_26' title="bbox 333 1468 1892 1544; baseline -0.003 -20"><span class='ocrx_word' id='word_1_197' title='bbox 333 1475 490 1529; x_wconf 82' lang='lat' dir='ltr'><strong>viunt</strong></span> <span class='ocrx_word' id='word_1_198' title='bbox 543 1470 906 1544; x_wconf 80' lang='lat' dir='ltr'><strong>Septuaginta</strong></span> <span class='ocrx_word' id='word_1_199' title='bbox 966 1471 1340 1541; x_wconf 88' lang='lat' dir='ltr'><strong>lnterpretes,</strong></span> <span class='ocrx_word' id='word_1_200' title='bbox 1406 1468 1731 1523; x_wconf 88' lang='lat' dir='ltr'><strong>sententiam</strong></span> <span class='ocrx_word' id='word_1_201' title='bbox 1789 1482 1892 1522; x_wconf 86' lang='lat' dir='ltr'><strong>non</strong></span> 
     </span>
    </p>
   </div>
   <div class='ocr_carea' id='block_1_27' title="bbox 1999 1468 3579 1551">
    <p class='ocr_par' dir='ltr' id='par_1_27' title="bbox 2006 1474 3579 1551">
     <span class='ocr_line' id='line_1_27' title="bbox 2006 1474 3579 1551; baseline 0.006 -25"><span class='ocrx_word' id='word_1_202' title='bbox 2006 1474 2163 1545; x_wconf 85' lang='grc' dir='ltr'>μένῃ.</span> <span class='ocrx_word' id='word_1_203' title='bbox 2196 1494 2214 1526; x_wconf 75' lang='grc' dir='ltr'><strong>ι</strong></span> <span class='ocrx_word' id='word_1_204' title='bbox 2266 1474 2502 1545; x_wconf 83' lang='grc' dir='ltr'>’Λσαφὴς</span> <span class='ocrx_word' id='word_1_205' title='bbox 2535 1475 2632 1546; x_wconf 86' lang='grc' dir='ltr'><strong>μὲν</strong></span> <span class='ocrx_word' id='word_1_206' title='bbox 2661 1478 2694 1547; x_wconf 83' lang='grc' dir='ltr'><strong>ή</strong></span> <span class='ocrx_word' id='word_1_207' title='bbox 2732 1475 2971 1548; x_wconf 83' lang='grc' dir='ltr'>συνθήκη</span> <span class='ocrx_word' id='word_1_208' title='bbox 2998 1492 3013 1508; x_wconf 82' lang='grc'><em>’</em></span> <span class='ocrx_word' id='word_1_209' title='bbox 3059 1480 3124 1550; x_wconf 84' lang='grc' dir='ltr'>τῇ</span> <span class='ocrx_word' id='word_1_210' title='bbox 3156 1479 3265 1551; x_wconf 84' lang='grc' dir='ltr'><strong>γὰρ</strong></span> <span class='ocrx_word' id='word_1_211' title='bbox 3309 1480 3579 1551; x_wconf 80' lang='grc' dir='ltr'>Ἐϐραίων</span> 
     </span>
    </p>
   </div>
   <div class='ocr_carea' id='block_1_28' title="bbox 329 1555 1892 1641">
    <p class='ocr_par' dir='ltr' id='par_1_28' title="bbox 329 1555 1892 1633">
     <span class='ocr_line' id='line_1_28' title="bbox 329 1555 1892 1633; baseline -0.006 -15"><span class='ocrx_word' id='word_1_212' title='bbox 329 1562 701 1633; x_wconf 77' lang='lat' dir='ltr'><strong>explicarunt.</strong></span> <span class='ocrx_word' id='word_1_213' title='bbox 769 1563 840 1614; x_wconf 89' lang='lat' dir='ltr'><strong>At</strong></span> <span class='ocrx_word' id='word_1_214' title='bbox 895 1559 1093 1630; x_wconf 84' lang='lat' dir='ltr'><strong>Aquila</strong></span> <span class='ocrx_word' id='word_1_215' title='bbox 1149 1565 1203 1614; x_wconf 90' lang='lat' dir='ltr'><strong>et</strong></span> <span class='ocrx_word' id='word_1_216' title='bbox 1254 1555 1617 1629; x_wconf 85' lang='lat' dir='ltr'><strong>Symmachus</strong></span> <span class='ocrx_word' id='word_1_217' title='bbox 1677 1570 1892 1612; x_wconf 87' lang='lat' dir='ltr'><strong>sensum</strong></span> 
     </span>
    </p>
   </div>
   <div class='ocr_carea' id='block_1_29' title="bbox 1999 1555 3579 1641">
    <p class='ocr_par' dir='ltr' id='par_1_29' title="bbox 2001 1565 3579 1641">
     <span class='ocr_line' id='line_1_29' title="bbox 2001 1565 3579 1641; baseline 0.005 -23"><span class='ocrx_word' id='word_1_218' title='bbox 2001 1565 2215 1640; x_wconf 82' lang='grc' dir='ltr'>γλώττῃ</span> <span class='ocrx_word' id='word_1_219' title='bbox 2255 1566 2639 1632; x_wconf 81' lang='grc' dir='ltr'>δουλεύσαντες</span> <span class='ocrx_word' id='word_1_220' title='bbox 2679 1570 2727 1622; x_wconf 81' lang='grc' dir='ltr'><strong>οἱ</strong></span> <span class='ocrx_word' id='word_1_221' title='bbox 2782 1568 3182 1641; x_wconf 80' lang='grc' dir='ltr'>Ἐὅδομήκοντα</span> <span class='ocrx_word' id='word_1_222' title='bbox 3204 1571 3251 1604; x_wconf 69' lang='grc'>⁸⁸</span> <span class='ocrx_word' id='word_1_223' title='bbox 3306 1573 3407 1626; x_wconf 80' lang='grc' dir='ltr'><strong>οὐκ</strong></span> <span class='ocrx_word' id='word_1_224' title='bbox 3449 1575 3579 1625; x_wconf 83' lang='grc' dir='ltr'>ὲσα-</span> 
     </span>
    </p>
   </div>
   <div class='ocr_carea' id='block_1_30' title="bbox 330 1647 1892 1736">
    <p class='ocr_par' dir='ltr' id='par_1_30' title="bbox 330 1647 1892 1725">
     <span class='ocr_line' id='line_1_30' title="bbox 330 1647 1892 1725; baseline -0.004 -17"><span class='ocrx_word' id='word_1_225' title='bbox 330 1655 490 1711; x_wconf 79' lang='lat' dir='ltr'><strong>nobis</strong></span> <span class='ocrx_word' id='word_1_226' title='bbox 537 1653 887 1725; x_wconf 90' lang='lat' dir='ltr'><strong>perspicuum</strong></span> <span class='ocrx_word' id='word_1_227' title='bbox 938 1648 1324 1717; x_wconf 90' lang='lat' dir='ltr'><strong>reddiderunt,</strong></span> <span class='ocrx_word' id='word_1_228' title='bbox 1367 1649 1651 1713; x_wconf 87' lang='lat' dir='ltr'><strong>dicentes,</strong></span> <span class='ocrx_word' id='word_1_229' title='bbox 1687 1668 1706 1701; x_wconf 86' lang='grc'><strong>‹</strong></span> <span class='ocrx_word' id='word_1_230' title='bbox 1745 1647 1892 1704; x_wconf 90' lang='lat' dir='ltr'><strong>Sicul</strong></span> 
     </span>
    </p>
   </div>
   <div class='ocr_carea' id='block_1_31' title="bbox 1999 1647 3575 1736">
    <p class='ocr_par' dir='ltr' id='par_1_31' title="bbox 2003 1657 3575 1736">
     <span class='ocr_line' id='line_1_31' title="bbox 2003 1657 3575 1736; baseline 0.006 -26"><span class='ocrx_word' id='word_1_231' title='bbox 2003 1657 2234 1728; x_wconf 87' lang='grc' dir='ltr'>φήνισαν</span> <span class='ocrx_word' id='word_1_232' title='bbox 2273 1659 2371 1726; x_wconf 83' lang='grc' dir='ltr'>τὴν</span> <span class='ocrx_word' id='word_1_233' title='bbox 2414 1658 2650 1713; x_wconf 88' lang='grc' dir='ltr'>διάνοιαν</span> <span class='ocrx_word' id='word_1_234' title='bbox 2676 1676 2689 1690; x_wconf 73' lang='grc' dir='ltr'><strong>ο</strong></span> <span class='ocrx_word' id='word_1_235' title='bbox 2734 1660 2762 1711; x_wconf 97' lang='lat'><strong>6</strong></span> <span class='ocrx_word' id='word_1_236' title='bbox 2789 1660 2845 1712; x_wconf 86' lang='grc' dir='ltr'>δὲ</span> <span class='ocrx_word' id='word_1_237' title='bbox 2886 1661 3118 1727; x_wconf 86' lang='grc' dir='ltr'>Ἀκύλας</span> <span class='ocrx_word' id='word_1_238' title='bbox 3168 1664 3263 1717; x_wconf 73' lang='grc' dir='ltr'><strong>καὶ</strong></span> <span class='ocrx_word' id='word_1_239' title='bbox 3291 1666 3318 1718; x_wconf 89' lang='grc' dir='ltr'>ὁ</span> <span class='ocrx_word' id='word_1_240' title='bbox 3346 1664 3575 1736; x_wconf 70' lang='grc' dir='ltr'>Σύμμαι</span> 
     </span>
    </p>
   </div>
   <div class='ocr_carea' id='block_1_32' title="bbox 330 1719 1892 1826">
    <p class='ocr_par' dir='ltr' id='par_1_32' title="bbox 330 1740 1892 1800">
     <span class='ocr_line' id='line_1_32' title="bbox 330 1740 1892 1800; baseline -0.003 -1"><span class='ocrx_word' id='word_1_241' title='bbox 330 1743 637 1800; x_wconf 86' lang='lat' dir='ltr'><strong>similitudo</strong></span> <span class='ocrx_word' id='word_1_242' title='bbox 673 1743 804 1797; x_wconf 81' lang='lat' dir='ltr'><strong>fumi</strong></span> <span class='ocrx_word' id='word_1_243' title='bbox 834 1757 899 1798; x_wconf 85' lang='lat' dir='ltr'><strong>ex</strong></span> <span class='ocrx_word' id='word_1_244' title='bbox 932 1740 1263 1798; x_wconf 77' lang='lat' dir='ltr'><strong>sullimento.</strong></span> <span class='ocrx_word' id='word_1_245' title='bbox 1302 1760 1320 1792; x_wconf 70' lang='grc' dir='ltr'><strong>ι</strong></span> <span class='ocrx_word' id='word_1_246' title='bbox 1352 1740 1606 1795; x_wconf 86' lang='lat' dir='ltr'><strong>Imitatur</strong></span> <span class='ocrx_word' id='word_1_247' title='bbox 1635 1748 1817 1796; x_wconf 87' lang='lat' dir='ltr'><strong>autem</strong></span> <span class='ocrx_word' id='word_1_248' title='bbox 1847 1749 1892 1795; x_wconf 85' lang='lat' dir='ltr'><strong>et</strong></span> 
     </span>
    </p>
   </div>
   <div class='ocr_carea' id='block_1_33' title="bbox 1999 1719 3575 1826">
    <p class='ocr_par' dir='ltr' id='par_1_33' title="bbox 2003 1719 3575 1826">
     <span class='ocr_line' id='line_1_33' title="bbox 2003 1719 3575 1826; baseline 0.005 -25"><span class='ocrx_word' id='word_1_249' title='bbox 2003 1719 2096 1818; x_wconf 72' lang='grc' dir='ltr'><strong>χος</strong></span> <span class='ocrx_word' id='word_1_250' title='bbox 2113 1749 2161 1781; x_wconf 84' lang='grc'>⁸⁸</span> <span class='ocrx_word' id='word_1_251' title='bbox 2185 1750 2282 1820; x_wconf 82' lang='grc' dir='ltr'>τὴν</span> <span class='ocrx_word' id='word_1_252' title='bbox 2308 1719 2518 1806; x_wconf 70' lang='grc' dir='ltr'>έννοιαν</span> <span class='ocrx_word' id='word_1_253' title='bbox 2537 1754 2671 1822; x_wconf 86' lang='grc' dir='ltr'>ήμῖν</span> <span class='ocrx_word' id='word_1_254' title='bbox 2692 1752 3079 1826; x_wconf 80' lang='grc' dir='ltr'>παρεδήλωσαν</span> <span class='ocrx_word' id='word_1_255' title='bbox 3098 1719 3408 1826; x_wconf 73' lang='grc' dir='ltr'>εἰρηκότες,</span> <span class='ocrx_word' id='word_1_256' title='bbox 3425 1719 3575 1821; x_wconf 42' lang='lat'><strong>&#39;39;</strong></span> 
     </span>
    </p>
   </div>
   <div class='ocr_carea' id='block_1_34' title="bbox 333 1833 1892 1917">
    <p class='ocr_par' dir='ltr' id='par_1_34' title="bbox 333 1833 1892 1906">
     <span class='ocr_line' id='line_1_34' title="bbox 333 1833 1892 1906; baseline -0.002 -16"><span class='ocrx_word' id='word_1_257' title='bbox 333 1836 598 1906; x_wconf 81' lang='lat' dir='ltr'><strong>virgulam</strong></span> <span class='ocrx_word' id='word_1_258' title='bbox 646 1848 791 1904; x_wconf 63' lang='lat' dir='ltr'><strong>saepe</strong></span> <span class='ocrx_word' id='word_1_259' title='bbox 841 1833 1139 1890; x_wconf 80' lang='lat' dir='ltr'><strong>sullimenti</strong></span> <span class='ocrx_word' id='word_1_260' title='bbox 1195 1833 1379 1889; x_wconf 82' lang='lat' dir='ltr'><strong>fumus</strong></span> <span class='ocrx_word' id='word_1_261' title='bbox 1429 1835 1483 1888; x_wconf 92' lang='lat' dir='ltr'><strong>in</strong></span> <span class='ocrx_word' id='word_1_262' title='bbox 1558 1849 1684 1889; x_wconf 89' lang='lat' dir='ltr'><strong>aere</strong></span> <span class='ocrx_word' id='word_1_263' title='bbox 1732 1834 1892 1888; x_wconf 72' lang='lat' dir='ltr'><strong>veluti</strong></span> 
     </span>
    </p>
   </div>
   <div class='ocr_carea' id='block_1_35' title="bbox 1999 1833 3576 1917">
    <p class='ocr_par' dir='ltr' id='par_1_35' title="bbox 2000 1841 3576 1917">
     <span class='ocr_line' id='line_1_35' title="bbox 2000 1841 3576 1917; baseline 0.003 -23"><span class='ocrx_word' id='word_1_264' title='bbox 2000 1841 2256 1912; x_wconf 79' lang='grc' dir='ltr'>ὁμοίωσις</span> <span class='ocrx_word' id='word_1_265' title='bbox 2284 1842 2492 1896; x_wconf 78' lang='grc' dir='ltr'>καπνοῦ</span> <span class='ocrx_word' id='word_1_266' title='bbox 2527 1842 2635 1898; x_wconf 75' lang='grc' dir='ltr'>ἀπὸ</span> <span class='ocrx_word' id='word_1_267' title='bbox 2660 1842 3017 1917; x_wconf 86' lang='grc' dir='ltr'>θυμιάματος.</span> <span class='ocrx_word' id='word_1_268' title='bbox 3050 1865 3069 1898; x_wconf 75' lang='grc' dir='ltr'><strong>ι</strong></span> <span class='ocrx_word' id='word_1_269' title='bbox 3098 1848 3362 1917; x_wconf 84' lang='grc' dir='ltr'>Μιμεῖται</span> <span class='ocrx_word' id='word_1_270' title='bbox 3393 1848 3448 1901; x_wconf 80' lang='grc' dir='ltr'><strong>δὲ</strong></span> <span class='ocrx_word' id='word_1_271' title='bbox 3483 1849 3576 1901; x_wconf 70' lang='grc' dir='ltr'><strong>καὶ</strong></span> 
     </span>
    </p>
   </div>
   <div class='ocr_carea' id='block_1_36' title="bbox 329 1921 1897 1995">
    <p class='ocr_par' dir='ltr' id='par_1_36' title="bbox 329 1921 1897 1995">
     <span class='ocr_line' id='line_1_36' title="bbox 329 1921 1897 1995; baseline -0.001 -16"><span class='ocrx_word' id='word_1_272' title='bbox 329 1938 643 1995; x_wconf 75' lang='lat' dir='ltr'><strong>expressus.</strong></span> <span class='ocrx_word' id='word_1_273' title='bbox 691 1921 801 1978; x_wconf 89' lang='lat' dir='ltr'><strong>Nec</strong></span> <span class='ocrx_word' id='word_1_274' title='bbox 858 1923 1138 1978; x_wconf 90' lang='lat' dir='ltr'><strong>immerito</strong></span> <span class='ocrx_word' id='word_1_275' title='bbox 1186 1924 1360 1995; x_wconf 86' lang='lat' dir='ltr'><strong>ipsam</strong></span> <span class='ocrx_word' id='word_1_276' title='bbox 1413 1923 1564 1979; x_wconf 84' lang='lat' dir='ltr'><strong>fumo</strong></span> <span class='ocrx_word' id='word_1_277' title='bbox 1599 1922 1897 1980; x_wconf 80' lang='lat' dir='ltr'><strong>sullimenti</strong></span> 
     </span>
    </p>
   </div>
   <div class='ocr_carea' id='block_1_37' title="bbox 329 2013 1898 2083">
    <p class='ocr_par' dir='ltr' id='par_1_37' title="bbox 329 2013 1898 2083">
     <span class='ocr_line' id='line_1_37' title="bbox 329 2013 1898 2083; baseline -0.001 -14"><span class='ocrx_word' id='word_1_278' title='bbox 329 2015 567 2069; x_wconf 88' lang='lat' dir='ltr'><strong>similem</strong></span> <span class='ocrx_word' id='word_1_279' title='bbox 609 2013 818 2077; x_wconf 87' lang='lat' dir='ltr'><strong>dicunt,</strong></span> <span class='ocrx_word' id='word_1_280' title='bbox 845 2027 988 2083; x_wconf 64' lang='lat' dir='ltr'><strong>qua),</strong></span> <span class='ocrx_word' id='word_1_281' title='bbox 1010 2021 1071 2066; x_wconf 91' lang='lat' dir='ltr'><strong>ut</strong></span> <span class='ocrx_word' id='word_1_282' title='bbox 1103 2013 1297 2069; x_wconf 84' lang='lat' dir='ltr'><strong>beatus</strong></span> <span class='ocrx_word' id='word_1_283' title='bbox 1319 2013 1394 2067; x_wconf 89' lang='lat' dir='ltr'><strong>ait</strong></span> <span class='ocrx_word' id='word_1_284' title='bbox 1423 2013 1627 2069; x_wconf 87' lang='lat' dir='ltr'><strong>Paulus</strong></span> <span class='ocrx_word' id='word_1_285' title='bbox 1653 2013 1702 2080; x_wconf 75' lang='grc' dir='ltr'>ἀ,</span> <span class='ocrx_word' id='word_1_286' title='bbox 1730 2029 1898 2069; x_wconf 85' lang='lat' dir='ltr'><strong>mem-</strong></span> 
     </span>
    </p>
   </div>
   <div class='ocr_carea' id='block_1_38' title="bbox 330 2103 1899 2170">
    <p class='ocr_par' dir='ltr' id='par_1_38' title="bbox 330 2103 1899 2170">
     <span class='ocr_line' id='line_1_38' title="bbox 330 2103 1899 2170; baseline 0.001 -12"><span class='ocrx_word' id='word_1_287' title='bbox 330 2107 428 2158; x_wconf 88' lang='lat' dir='ltr'><strong>hra</strong></span> <span class='ocrx_word' id='word_1_288' title='bbox 462 2119 561 2159; x_wconf 91' lang='lat' dir='ltr'><strong>sua</strong></span> <span class='ocrx_word' id='word_1_289' title='bbox 591 2103 815 2158; x_wconf 78' lang='lat' dir='ltr'><strong>exhibet</strong></span> <span class='ocrx_word' id='word_1_290' title='bbox 846 2103 1081 2158; x_wconf 88' lang='lat' dir='ltr'><strong>hostiam</strong></span> <span class='ocrx_word' id='word_1_291' title='bbox 1115 2104 1414 2170; x_wconf 73' lang='lat' dir='ltr'><strong>viventem,</strong></span> <span class='ocrx_word' id='word_1_292' title='bbox 1464 2115 1736 2168; x_wconf 87' lang='lat' dir='ltr'><strong>sanctam,</strong></span> <span class='ocrx_word' id='word_1_293' title='bbox 1782 2105 1899 2161; x_wconf 86' lang='lat' dir='ltr'><strong>Deo</strong></span> 
     </span>
    </p>
   </div>
   <div class='ocr_carea' id='block_1_39' title="bbox 330 2194 1897 2265">
    <p class='ocr_par' dir='ltr' id='par_1_39' title="bbox 330 2194 1897 2265">
     <span class='ocr_line' id='line_1_39' title="bbox 330 2194 1897 2265; baseline 0.003 -16"><span class='ocrx_word' id='word_1_294' title='bbox 330 2196 659 2265; x_wconf 85' lang='lat' dir='ltr'><strong>placentem,</strong></span> <span class='ocrx_word' id='word_1_295' title='bbox 715 2209 947 2265; x_wconf 71' lang='lat' dir='ltr'><strong>quaeque</strong></span> <span class='ocrx_word' id='word_1_296' title='bbox 1003 2194 1277 2251; x_wconf 81' lang='lat' dir='ltr'><strong>sacriﬁcat</strong></span> <span class='ocrx_word' id='word_1_297' title='bbox 1325 2196 1547 2252; x_wconf 83' lang='lat' dir='ltr'><strong>assidue</strong></span> <span class='ocrx_word' id='word_1_298' title='bbox 1589 2197 1769 2252; x_wconf 89' lang='lat' dir='ltr'><strong>laudis</strong></span> <span class='ocrx_word' id='word_1_299' title='bbox 1797 2198 1897 2254; x_wconf 92' lang='lat' dir='ltr'><strong>ho-</strong></span> 
     </span>
    </p>
   </div>
   <div class='ocr_carea' id='block_1_40' title="bbox 332 2283 1895 2354">
    <p class='ocr_par' dir='ltr' id='par_1_40' title="bbox 332 2283 1895 2354">
     <span class='ocr_line' id='line_1_40' title="bbox 332 2283 1895 2354; baseline 0 -15"><span class='ocrx_word' id='word_1_300' title='bbox 332 2286 517 2347; x_wconf 86' lang='lat' dir='ltr'><strong>stiam,</strong></span> <span class='ocrx_word' id='word_1_301' title='bbox 568 2292 623 2339; x_wconf 87' lang='lat' dir='ltr'><strong>et</strong></span> <span class='ocrx_word' id='word_1_302' title='bbox 677 2283 924 2339; x_wconf 87' lang='lat' dir='ltr'><strong>membra</strong></span> <span class='ocrx_word' id='word_1_303' title='bbox 970 2298 1102 2347; x_wconf 89' lang='lat' dir='ltr'><strong>sua,</strong></span> <span class='ocrx_word' id='word_1_304' title='bbox 1152 2298 1275 2354; x_wconf 61' lang='lat' dir='ltr'><strong>quae</strong></span> <span class='ocrx_word' id='word_1_305' title='bbox 1318 2291 1446 2338; x_wconf 92' lang='lat' dir='ltr'><strong>sunt</strong></span> <span class='ocrx_word' id='word_1_306' title='bbox 1476 2299 1640 2354; x_wconf 86' lang='lat' dir='ltr'><strong>super</strong></span> <span class='ocrx_word' id='word_1_307' title='bbox 1672 2293 1895 2350; x_wconf 88' lang='lat' dir='ltr'><strong>terram,</strong></span> 
     </span>
    </p>
   </div>
   <div class='ocr_carea' id='block_1_41' title="bbox 333 2373 1899 2444">
    <p class='ocr_par' dir='ltr' id='par_1_41' title="bbox 333 2373 1899 2444">
     <span class='ocr_line' id='line_1_41' title="bbox 333 2373 1899 2444; baseline 0.002 -16"><span class='ocrx_word' id='word_1_308' title='bbox 333 2374 648 2440; x_wconf 82' lang='lat' dir='ltr'><strong>mortiﬁcat,</strong></span> <span class='ocrx_word' id='word_1_309' title='bbox 701 2381 755 2428; x_wconf 90' lang='lat' dir='ltr'><strong>et</strong></span> <span class='ocrx_word' id='word_1_310' title='bbox 801 2373 1024 2430; x_wconf 87' lang='lat' dir='ltr'><strong>Christo</strong></span> <span class='ocrx_word' id='word_1_311' title='bbox 1068 2375 1391 2444; x_wconf 86' lang='lat' dir='ltr'><strong>consepulta</strong></span> <span class='ocrx_word' id='word_1_312' title='bbox 1426 2382 1531 2440; x_wconf 89' lang='lat' dir='ltr'><strong>est,</strong></span> <span class='ocrx_word' id='word_1_313' title='bbox 1561 2383 1615 2431; x_wconf 92' lang='lat' dir='ltr'><strong>et</strong></span> <span class='ocrx_word' id='word_1_314' title='bbox 1647 2375 1807 2432; x_wconf 79' lang='lat' dir='ltr'><strong>oﬂ’ert</strong></span> <span class='ocrx_word' id='word_1_315' title='bbox 1839 2392 1899 2431; x_wconf 91' lang='lat' dir='ltr'><strong>se</strong></span> 
     </span>
    </p>
   </div>
   <div class='ocr_carea' id='block_1_42' title="bbox 332 2463 1898 2535">
    <p class='ocr_par' dir='ltr' id='par_1_42' title="bbox 332 2463 1898 2535">
     <span class='ocr_line' id='line_1_42' title="bbox 332 2463 1898 2535; baseline 0.001 -15"><span class='ocrx_word' id='word_1_316' title='bbox 332 2466 506 2535; x_wconf 86' lang='lat' dir='ltr'><strong>ipsam</strong></span> <span class='ocrx_word' id='word_1_317' title='bbox 564 2464 945 2521; x_wconf 89' lang='lat' dir='ltr'><strong>holocaustum</strong></span> <span class='ocrx_word' id='word_1_318' title='bbox 1011 2463 1139 2521; x_wconf 92' lang='lat' dir='ltr'><strong>Deo.</strong></span> <span class='ocrx_word' id='word_1_319' title='bbox 1191 2463 1487 2521; x_wconf 88' lang='lat' dir='ltr'><strong>Declarant</strong></span> <span class='ocrx_word' id='word_1_320' title='bbox 1543 2474 1766 2533; x_wconf 85' lang='lat' dir='ltr'><strong>autem,</strong></span> <span class='ocrx_word' id='word_1_321' title='bbox 1807 2468 1898 2521; x_wconf 91' lang='lat' dir='ltr'><strong>cui</strong></span> 
     </span>
    </p>
   </div>
   <div class='ocr_carea' id='block_1_43' title="bbox 332 2556 1896 2630">
    <p class='ocr_par' dir='ltr' id='par_1_43' title="bbox 332 2556 1896 2630">
     <span class='ocr_line' id='line_1_43' title="bbox 332 2556 1896 2630; baseline 0.001 -18"><span class='ocrx_word' id='word_1_322' title='bbox 332 2557 627 2613; x_wconf 78' lang='lat' dir='ltr'><strong>sutilmenti</strong></span> <span class='ocrx_word' id='word_1_323' title='bbox 653 2556 801 2612; x_wconf 82' lang='lat' dir='ltr'><strong>fumo</strong></span> <span class='ocrx_word' id='word_1_324' title='bbox 827 2557 1005 2626; x_wconf 86' lang='lat' dir='ltr'><strong>ipsam</strong></span> <span class='ocrx_word' id='word_1_325' title='bbox 1025 2557 1398 2627; x_wconf 88' lang='lat' dir='ltr'><strong>compararint</strong></span> <span class='ocrx_word' id='word_1_326' title='bbox 1420 2575 1433 2611; x_wconf 95' lang='lat'><strong>:</strong></span> <span class='ocrx_word' id='word_1_327' title='bbox 1455 2558 1731 2630; x_wconf 81' lang='lat' dir='ltr'><strong>myrrham</strong></span> <span class='ocrx_word' id='word_1_328' title='bbox 1749 2558 1896 2613; x_wconf 88' lang='lat' dir='ltr'><strong>enim</strong></span> 
     </span>
    </p>
   </div>
   <div class='ocr_carea' id='block_1_44' title="bbox 330 2647 1897 2718">
    <p class='ocr_par' dir='ltr' id='par_1_44' title="bbox 330 2647 1897 2718">
     <span class='ocr_line' id='line_1_44' title="bbox 330 2647 1897 2718; baseline -0.001 -15"><span class='ocrx_word' id='word_1_329' title='bbox 330 2650 525 2704; x_wconf 88' lang='lat' dir='ltr'><strong>dicunt</strong></span> <span class='ocrx_word' id='word_1_330' title='bbox 552 2655 607 2703; x_wconf 91' lang='lat' dir='ltr'><strong>et</strong></span> <span class='ocrx_word' id='word_1_331' title='bbox 641 2648 768 2703; x_wconf 89' lang='lat' dir='ltr'><strong>thus</strong></span> <span class='ocrx_word' id='word_1_332' title='bbox 810 2662 878 2703; x_wconf 80' lang='lat' dir='ltr'><strong>ex</strong></span> <span class='ocrx_word' id='word_1_333' title='bbox 923 2647 1202 2704; x_wconf 88' lang='lat' dir='ltr'><strong>universis</strong></span> <span class='ocrx_word' id='word_1_334' title='bbox 1232 2648 1557 2718; x_wconf 87' lang='lat' dir='ltr'><strong>pulveribus</strong></span> <span class='ocrx_word' id='word_1_335' title='bbox 1588 2655 1897 2718; x_wconf 85' lang='lat' dir='ltr'><strong>unguenta-</strong></span> 
     </span>
    </p>
   </div>
   <div class='ocr_carea' id='block_1_45' title="bbox 331 2738 1896 2809">
    <p class='ocr_par' dir='ltr' id='par_1_45' title="bbox 331 2738 1896 2809">
     <span class='ocr_line' id='line_1_45' title="bbox 331 2738 1896 2809; baseline -0.003 -14"><span class='ocrx_word' id='word_1_336' title='bbox 331 2742 422 2799; x_wconf 88' lang='lat' dir='ltr'><strong>rii.</strong></span> <span class='ocrx_word' id='word_1_337' title='bbox 451 2739 604 2797; x_wconf 88' lang='lat' dir='ltr'><strong>Thus</strong></span> <span class='ocrx_word' id='word_1_338' title='bbox 634 2739 743 2794; x_wconf 89' lang='lat' dir='ltr'><strong>Deo</strong></span> <span class='ocrx_word' id='word_1_339' title='bbox 773 2739 939 2795; x_wconf 86' lang='lat' dir='ltr'><strong>tribui</strong></span> <span class='ocrx_word' id='word_1_340' title='bbox 970 2754 1037 2795; x_wconf 84' lang='lat' dir='ltr'><strong>ex</strong></span> <span class='ocrx_word' id='word_1_341' title='bbox 1062 2738 1180 2809; x_wconf 86' lang='lat' dir='ltr'><strong>lege</strong></span> <span class='ocrx_word' id='word_1_342' title='bbox 1212 2738 1452 2796; x_wconf 78' lang='lat' dir='ltr'><strong>Mosaica</strong></span> <span class='ocrx_word' id='word_1_343' title='bbox 1494 2738 1657 2794; x_wconf 81' lang='lat' dir='ltr'><strong>facile</strong></span> <span class='ocrx_word' id='word_1_344' title='bbox 1692 2738 1896 2793; x_wconf 86' lang='lat' dir='ltr'><strong>intelli-</strong></span> 
     </span>
    </p>
   </div>
   <div class='ocr_carea' id='block_1_46' title="bbox 274 2829 1892 2905">
    <p class='ocr_par' dir='ltr' id='par_1_46' title="bbox 274 2829 1892 2905">
     <span class='ocr_line' id='line_1_46' title="bbox 274 2829 1892 2905; baseline -0.004 -17"><span class='ocrx_word' id='word_1_345' title='bbox 274 2877 285 2888; x_wconf 93' lang='lat'><strong>.</strong></span> <span class='ocrx_word' id='word_1_346' title='bbox 331 2835 478 2904; x_wconf 80' lang='lat' dir='ltr'><strong>gitur</strong></span> <span class='ocrx_word' id='word_1_347' title='bbox 504 2852 531 2905; x_wconf 73' lang='grc' dir='ltr'><strong>ε⁸</strong></span> <span class='ocrx_word' id='word_1_348' title='bbox 552 2832 773 2903; x_wconf 81' lang='lat' dir='ltr'><strong>myrrha</strong></span> <span class='ocrx_word' id='word_1_349' title='bbox 826 2838 1009 2887; x_wconf 91' lang='lat' dir='ltr'><strong>autem</strong></span> <span class='ocrx_word' id='word_1_350' title='bbox 1057 2830 1398 2886; x_wconf 88' lang='lat' dir='ltr'><strong>condiuntur</strong></span> <span class='ocrx_word' id='word_1_351' title='bbox 1431 2845 1662 2900; x_wconf 88' lang='lat' dir='ltr'><strong>corpora</strong></span> <span class='ocrx_word' id='word_1_352' title='bbox 1693 2829 1892 2885; x_wconf 79' lang='lat' dir='ltr'><strong>defun-</strong></span> 
     </span>
    </p>
   </div>
   <div class='ocr_carea' id='block_1_47' title="bbox 330 2918 1894 2994">
    <p class='ocr_par' dir='ltr' id='par_1_47' title="bbox 330 2918 1894 2994">
     <span class='ocr_line' id='line_1_47' title="bbox 330 2918 1894 2994; baseline -0.003 -17"><span class='ocrx_word' id='word_1_353' title='bbox 330 2933 567 2980; x_wconf 80' lang='lat' dir='ltr'><strong>ctorum.</strong></span> <span class='ocrx_word' id='word_1_354' title='bbox 618 2924 727 2994; x_wconf 74' lang='lat'><strong>33</strong></span> <span class='ocrx_word' id='word_1_355' title='bbox 759 2921 1127 2989; x_wconf 80' lang='lat' dir='ltr'><strong>Quamobrem</strong></span> <span class='ocrx_word' id='word_1_356' title='bbox 1159 2923 1252 2991; x_wconf 88' lang='lat' dir='ltr'><strong>qui</strong></span> <span class='ocrx_word' id='word_1_357' title='bbox 1278 2935 1496 2991; x_wconf 78' lang='lat' dir='ltr'><strong>sponsae</strong></span> <span class='ocrx_word' id='word_1_358' title='bbox 1524 2918 1894 2989; x_wconf 80' lang='lat' dir='ltr'><strong>pulchritudi-</strong></span> 
     </span>
    </p>
   </div>
   <div class='ocr_carea' id='block_1_48' title="bbox 2003 1932 3575 2008">
    <p class='ocr_par' dir='ltr' id='par_1_48' title="bbox 2003 1932 3575 2008">
     <span class='ocr_line' id='line_1_48' title="bbox 2003 1932 3575 2008; baseline 0.004 -24"><span class='ocrx_word' id='word_1_359' title='bbox 2003 1932 2260 2003; x_wconf 83' lang='grc' dir='ltr'>στελέχην</span> <span class='ocrx_word' id='word_1_360' title='bbox 2300 1933 2555 1998; x_wconf 86' lang='grc' dir='ltr'>πολλάκις</span> <span class='ocrx_word' id='word_1_361' title='bbox 2604 1935 2946 2007; x_wconf 78' lang='grc' dir='ltr'>θυμιάματος</span> <span class='ocrx_word' id='word_1_362' title='bbox 2990 1937 3196 2002; x_wconf 79' lang='grc' dir='ltr'>καπνὸς</span> <span class='ocrx_word' id='word_1_363' title='bbox 3228 1939 3286 1990; x_wconf 84' lang='grc' dir='ltr'>ὲν</span> <span class='ocrx_word' id='word_1_364' title='bbox 3326 1938 3403 2007; x_wconf 83' lang='grc' dir='ltr'><strong>τῷ</strong></span> <span class='ocrx_word' id='word_1_365' title='bbox 3448 1938 3575 2008; x_wconf 88' lang='grc' dir='ltr'>ἀέρι</span> 
     </span>
    </p>
   </div>
   <div class='ocr_carea' id='block_1_49' title="bbox 2000 2023 3578 2098">
    <p class='ocr_par' dir='ltr' id='par_1_49' title="bbox 2000 2023 3578 2098">
     <span class='ocr_line' id='line_1_49' title="bbox 2000 2023 3578 2098; baseline 0.003 -22"><span class='ocrx_word' id='word_1_366' title='bbox 2000 2024 2163 2076; x_wconf 69' lang='grc' dir='ltr'>οἱονεὶ</span> <span class='ocrx_word' id='word_1_367' title='bbox 2190 2023 2547 2094; x_wconf 82' lang='grc' dir='ltr'>τυπούμενος,</span> <span class='ocrx_word' id='word_1_368' title='bbox 2579 2026 2688 2078; x_wconf 70' lang='grc' dir='ltr'><strong>Καὶ</strong></span> <span class='ocrx_word' id='word_1_369' title='bbox 2720 2026 2944 2091; x_wconf 75' lang='grc' dir='ltr'>εἰκότως</span> <span class='ocrx_word' id='word_1_370' title='bbox 2971 2027 3140 2098; x_wconf 81' lang='grc' dir='ltr'>αὐτὴν</span> <span class='ocrx_word' id='word_1_371' title='bbox 3166 2027 3357 2097; x_wconf 81' lang='grc' dir='ltr'>καπνῷ</span> <span class='ocrx_word' id='word_1_372' title='bbox 3383 2027 3578 2096; x_wconf 79' lang='grc' dir='ltr'>θυμιά-</span> 
     </span>
    </p>
   </div>
   <div class='ocr_carea' id='block_1_50' title="bbox 2004 2115 3574 2190">
    <p class='ocr_par' dir='ltr' id='par_1_50' title="bbox 2004 2115 3574 2190">
     <span class='ocr_line' id='line_1_50' title="bbox 2004 2115 3574 2190; baseline 0.001 -22"><span class='ocrx_word' id='word_1_373' title='bbox 2004 2132 2171 2186; x_wconf 83' lang='grc' dir='ltr'>ματος</span> <span class='ocrx_word' id='word_1_374' title='bbox 2196 2115 2429 2169; x_wconf 76' lang='grc' dir='ltr'>ἐοικέναι</span> <span class='ocrx_word' id='word_1_375' title='bbox 2462 2117 2613 2184; x_wconf 80' lang='grc' dir='ltr'>φασὶ,</span> <span class='ocrx_word' id='word_1_376' title='bbox 2644 2117 2742 2187; x_wconf 82' lang='grc' dir='ltr'><strong>τὴν</strong></span> <span class='ocrx_word' id='word_1_377' title='bbox 2774 2118 2915 2172; x_wconf 85' lang='grc' dir='ltr'><strong>κατά</strong></span> <span class='ocrx_word' id='word_1_378' title='bbox 2936 2117 3027 2172; x_wconf 84' lang='grc' dir='ltr'><strong>τδν</strong></span> <span class='ocrx_word' id='word_1_379' title='bbox 3058 2118 3329 2190; x_wconf 88' lang='grc' dir='ltr'>μακάριον</span> <span class='ocrx_word' id='word_1_380' title='bbox 3362 2117 3574 2171; x_wconf 81' lang='grc' dir='ltr'>Παῦλον</span> 
     </span>
    </p>
   </div>
   <div class='ocr_carea' id='block_1_51' title="bbox 1998 2206 3569 2279">
    <p class='ocr_par' dir='ltr' id='par_1_51' title="bbox 1998 2206 3569 2279">
     <span class='ocr_line' id='line_1_51' title="bbox 1998 2206 3569 2279; baseline 0.001 -20"><span class='ocrx_word' id='word_1_381' title='bbox 1998 2207 2425 2277; x_wconf 85' lang='grc' dir='ltr'>παραστήσασαν</span> <span class='ocrx_word' id='word_1_382' title='bbox 2455 2207 2523 2261; x_wconf 82' lang='grc' dir='ltr'>τὰ</span> <span class='ocrx_word' id='word_1_383' title='bbox 2556 2206 2691 2276; x_wconf 88' lang='grc' dir='ltr'>μέλη</span> <span class='ocrx_word' id='word_1_384' title='bbox 2731 2208 2900 2279; x_wconf 78' lang='grc' dir='ltr'>αὐτῆς</span> <span class='ocrx_word' id='word_1_385' title='bbox 2932 2207 3121 2262; x_wconf 85' lang='grc' dir='ltr'>θυσίαν</span> <span class='ocrx_word' id='word_1_386' title='bbox 3154 2208 3354 2274; x_wconf 84' lang='grc' dir='ltr'>ζῶσαν,</span> <span class='ocrx_word' id='word_1_387' title='bbox 3387 2208 3569 2277; x_wconf 76' lang='grc' dir='ltr'>ἁγίαν,</span> 
     </span>
    </p>
   </div>
   <div class='ocr_carea' id='block_1_52' title="bbox 1999 2297 3574 2370">
    <p class='ocr_par' dir='ltr' id='par_1_52' title="bbox 1999 2297 3574 2370">
     <span class='ocr_line' id='line_1_52' title="bbox 1999 2297 3574 2370; baseline 0 -19"><span class='ocrx_word' id='word_1_388' title='bbox 1999 2298 2291 2368; x_wconf 82' lang='grc' dir='ltr'>εὐάρεστον</span> <span class='ocrx_word' id='word_1_389' title='bbox 2316 2297 2394 2367; x_wconf 89' lang='grc' dir='ltr'><strong>τῷ</strong></span> <span class='ocrx_word' id='word_1_390' title='bbox 2435 2297 2575 2367; x_wconf 83' lang='grc' dir='ltr'>Θεῷ,</span> <span class='ocrx_word' id='word_1_391' title='bbox 2612 2299 2708 2351; x_wconf 78' lang='grc' dir='ltr'>καὶ</span> <span class='ocrx_word' id='word_1_392' title='bbox 2738 2300 3152 2369; x_wconf 71' lang='grc' dir='ltr'>προσφέρουσαι)</span> <span class='ocrx_word' id='word_1_393' title='bbox 3178 2299 3442 2368; x_wconf 82' lang='grc' dir='ltr'>διηνεκῶς</span> <span class='ocrx_word' id='word_1_394' title='bbox 3471 2299 3574 2370; x_wconf 80' lang='grc' dir='ltr'><strong>τὴν</strong></span> 
     </span>
    </p>
   </div>
   <div class='ocr_carea' id='block_1_53' title="bbox 1997 2380 3575 2459">
    <p class='ocr_par' dir='ltr' id='par_1_53' title="bbox 1997 2380 3575 2459">
     <span class='ocr_line' id='line_1_53' title="bbox 1997 2380 3575 2459; baseline 0.001 -19"><span class='ocrx_word' id='word_1_395' title='bbox 1997 2386 2099 2456; x_wconf 84' lang='grc' dir='ltr'>τῆς</span> <span class='ocrx_word' id='word_1_396' title='bbox 2126 2386 2383 2451; x_wconf 86' lang='grc' dir='ltr'>αἰνέσεως</span> <span class='ocrx_word' id='word_1_397' title='bbox 2409 2387 2620 2453; x_wconf 86' lang='grc' dir='ltr'>θυσίαν,</span> <span class='ocrx_word' id='word_1_398' title='bbox 2669 2390 2765 2441; x_wconf 75' lang='grc' dir='ltr'><strong>καὶ</strong></span> <span class='ocrx_word' id='word_1_399' title='bbox 2792 2389 2860 2442; x_wconf 84' lang='grc' dir='ltr'>τὰ</span> <span class='ocrx_word' id='word_1_400' title='bbox 2893 2380 3029 2459; x_wconf 83' lang='grc' dir='ltr'>μέλη</span> <span class='ocrx_word' id='word_1_401' title='bbox 3056 2389 3227 2458; x_wconf 84' lang='grc' dir='ltr'>αὐτῆς</span> <span class='ocrx_word' id='word_1_402' title='bbox 3254 2388 3323 2442; x_wconf 87' lang='grc' dir='ltr'><strong>τά</strong></span> <span class='ocrx_word' id='word_1_403' title='bbox 3352 2388 3445 2441; x_wconf 76' lang='grc' dir='ltr'><strong>ἐπὶ</strong></span> <span class='ocrx_word' id='word_1_404' title='bbox 3472 2390 3575 2459; x_wconf 79' lang='grc' dir='ltr'><strong>τῆς</strong></span> 
     </span>
    </p>
   </div>
   <div class='ocr_carea' id='block_1_54' title="bbox 1997 2476 3572 2550">
    <p class='ocr_par' dir='ltr' id='par_1_54' title="bbox 1997 2476 3572 2550">
     <span class='ocr_line' id='line_1_54' title="bbox 1997 2476 3572 2550; baseline -0.012 -2"><span class='ocrx_word' id='word_1_405' title='bbox 1997 2478 2100 2547; x_wconf 86' lang='grc' dir='ltr'><strong>γῆς</strong></span> <span class='ocrx_word' id='word_1_406' title='bbox 2119 2477 2165 2509; x_wconf 80' lang='grc'><strong>⁸⁸</strong></span> <span class='ocrx_word' id='word_1_407' title='bbox 2193 2476 2542 2546; x_wconf 83' lang='grc' dir='ltr'>νεκρὼσασαν</span> <span class='ocrx_word' id='word_1_408' title='bbox 2561 2521 2575 2545; x_wconf 93' lang='grc'><strong>,</strong></span> <span class='ocrx_word' id='word_1_409' title='bbox 2620 2479 2714 2532; x_wconf 71' lang='grc' dir='ltr'><strong>καὶ</strong></span> <span class='ocrx_word' id='word_1_410' title='bbox 2741 2477 2819 2549; x_wconf 90' lang='grc' dir='ltr'><strong>τῷ</strong></span> <span class='ocrx_word' id='word_1_411' title='bbox 2851 2479 3072 2550; x_wconf 86' lang='grc' dir='ltr'>Χριστῷ</span> <span class='ocrx_word' id='word_1_412' title='bbox 3117 2481 3478 2548; x_wconf 85' lang='grc' dir='ltr'>συνταφεῖσαν</span> <span class='ocrx_word' id='word_1_413' title='bbox 3500 2481 3572 2540; x_wconf 83' lang='grc'><strong>⁸⁷,</strong></span> 
     </span>
    </p>
   </div>
   <div class='ocr_carea' id='block_1_55' title="bbox 1997 2568 3570 2641">
    <p class='ocr_par' dir='ltr' id='par_1_55' title="bbox 1997 2568 3570 2641">
     <span class='ocr_line' id='line_1_55' title="bbox 1997 2568 3570 2641; baseline 0.003 -20"><span class='ocrx_word' id='word_1_414' title='bbox 1997 2570 2091 2622; x_wconf 77' lang='grc' dir='ltr'><strong>καὶ</strong></span> <span class='ocrx_word' id='word_1_415' title='bbox 2138 2568 2500 2623; x_wconf 84' lang='grc' dir='ltr'>ὁλοκαύτωσιν</span> <span class='ocrx_word' id='word_1_416' title='bbox 2550 2568 2746 2641; x_wconf 76' lang='grc' dir='ltr'>ἑαυτήν</span> <span class='ocrx_word' id='word_1_417' title='bbox 2802 2568 2880 2640; x_wconf 86' lang='grc' dir='ltr'><strong>τῷ</strong></span> <span class='ocrx_word' id='word_1_418' title='bbox 2927 2568 3046 2640; x_wconf 85' lang='grc' dir='ltr'>Θεῷ</span> <span class='ocrx_word' id='word_1_419' title='bbox 3098 2569 3570 2641; x_wconf 87' lang='grc' dir='ltr'>προσκομίσασαν.</span> 
     </span>
    </p>
   </div>
   <div class='ocr_carea' id='block_1_56' title="bbox 1996 2660 3575 2733">
    <p class='ocr_par' dir='ltr' id='par_1_56' title="bbox 1996 2660 3575 2733">
     <span class='ocr_line' id='line_1_56' title="bbox 1996 2660 3575 2733; baseline 0.001 -21"><span class='ocrx_word' id='word_1_420' title='bbox 1996 2660 2315 2715; x_wconf 88' lang='grc' dir='ltr'>Διδάσκουσι</span> <span class='ocrx_word' id='word_1_421' title='bbox 2355 2661 2411 2715; x_wconf 88' lang='grc' dir='ltr'>δὲ</span> <span class='ocrx_word' id='word_1_422' title='bbox 2462 2664 2557 2715; x_wconf 79' lang='grc' dir='ltr'><strong>καὶ</strong></span> <span class='ocrx_word' id='word_1_423' title='bbox 2604 2661 2740 2732; x_wconf 86' lang='grc' dir='ltr'>ποίῳ</span> <span class='ocrx_word' id='word_1_424' title='bbox 2780 2660 2947 2733; x_wconf 83' lang='grc' dir='ltr'>αὐτὴν</span> <span class='ocrx_word' id='word_1_425' title='bbox 2992 2661 3185 2732; x_wconf 86' lang='grc' dir='ltr'>καπνῷ</span> <span class='ocrx_word' id='word_1_426' title='bbox 3227 2661 3575 2733; x_wconf 82' lang='grc' dir='ltr'>θυμιάματος</span> 
     </span>
    </p>
   </div>
   <div class='ocr_carea' id='block_1_57' title="bbox 1996 2750 3574 2823">
    <p class='ocr_par' dir='ltr' id='par_1_57' title="bbox 1996 2750 3574 2823">
     <span class='ocr_line' id='line_1_57' title="bbox 1996 2750 3574 2823; baseline 0.001 -20"><span class='ocrx_word' id='word_1_427' title='bbox 1996 2750 2301 2805; x_wconf 82' lang='grc' dir='ltr'>ἀπείκασαν</span> <span class='ocrx_word' id='word_1_428' title='bbox 2327 2767 2341 2781; x_wconf 92' lang='grc'><strong>·</strong></span> <span class='ocrx_word' id='word_1_429' title='bbox 2392 2751 2638 2823; x_wconf 87' lang='grc' dir='ltr'>σμύρναν</span> <span class='ocrx_word' id='word_1_430' title='bbox 2690 2753 2798 2822; x_wconf 84' lang='grc' dir='ltr'><strong>γάρ</strong></span> <span class='ocrx_word' id='word_1_431' title='bbox 2839 2769 2972 2821; x_wconf 90' lang='grc' dir='ltr'>φασι</span> <span class='ocrx_word' id='word_1_432' title='bbox 2993 2753 3037 2784; x_wconf 82' lang='grc'><strong>³⁸</strong></span> <span class='ocrx_word' id='word_1_433' title='bbox 3081 2753 3175 2806; x_wconf 77' lang='grc' dir='ltr'><strong>καὶ</strong></span> <span class='ocrx_word' id='word_1_434' title='bbox 3210 2751 3425 2805; x_wconf 76' lang='grc' dir='ltr'>λίϐανον</span> <span class='ocrx_word' id='word_1_435' title='bbox 3461 2751 3574 2806; x_wconf 72' lang='grc' dir='ltr'>ἀπὸ</span> 
     </span>
    </p>
   </div>
   <div class='ocr_carea' id='block_1_58' title="bbox 1997 2843 3576 2915">
    <p class='ocr_par' dir='ltr' id='par_1_58' title="bbox 1997 2843 3576 2915">
     <span class='ocr_line' id='line_1_58' title="bbox 1997 2843 3576 2915; baseline -0.001 -18"><span class='ocrx_word' id='word_1_436' title='bbox 1997 2844 2213 2897; x_wconf 88' lang='grc' dir='ltr'>πάντων</span> <span class='ocrx_word' id='word_1_437' title='bbox 2263 2844 2579 2915; x_wconf 79' lang='grc' dir='ltr'>κονιορτῶν’</span> <span class='ocrx_word' id='word_1_438' title='bbox 2607 2844 2870 2915; x_wconf 77' lang='grc' dir='ltr'>μυρεψοῦ.</span> <span class='ocrx_word' id='word_1_439' title='bbox 2918 2843 3083 2913; x_wconf 81' lang='grc' dir='ltr'>Δῆλον</span> <span class='ocrx_word' id='word_1_440' title='bbox 3129 2844 3184 2897; x_wconf 82' lang='grc' dir='ltr'>δὲ</span> <span class='ocrx_word' id='word_1_441' title='bbox 3228 2845 3309 2898; x_wconf 85' lang='grc' dir='ltr'>ὅτι</span> <span class='ocrx_word' id='word_1_442' title='bbox 3354 2844 3576 2904; x_wconf 75' lang='grc' dir='ltr'>λίϐανος</span> 
     </span>
    </p>
   </div>
   <div class='ocr_carea' id='block_1_59' title="bbox 1996 2931 3569 3004">
    <p class='ocr_par' dir='ltr' id='par_1_59' title="bbox 1996 2931 3569 3004">
     <span class='ocr_line' id='line_1_59' title="bbox 1996 2931 3569 3004; baseline -0.003 -18"><span class='ocrx_word' id='word_1_443' title='bbox 1996 2933 2098 3003; x_wconf 79' lang='grc' dir='ltr'><strong>μὲν</strong></span> <span class='ocrx_word' id='word_1_444' title='bbox 2136 2931 2255 3003; x_wconf 86' lang='grc' dir='ltr'>Θεῷ</span> <span class='ocrx_word' id='word_1_445' title='bbox 2286 2932 2428 2985; x_wconf 87' lang='grc' dir='ltr'><strong>κατά</strong></span> <span class='ocrx_word' id='word_1_446' title='bbox 2456 2933 2545 2985; x_wconf 80' lang='grc' dir='ltr'><strong>τὸν</strong></span> <span class='ocrx_word' id='word_1_447' title='bbox 2587 2932 2880 2987; x_wconf 66' lang='grc' dir='ltr'>Βίωσαῖκὸν</span> <span class='ocrx_word' id='word_1_448' title='bbox 2917 2932 3318 3004; x_wconf 84' lang='grc' dir='ltr'>ἀπονενέμηται</span> <span class='ocrx_word' id='word_1_449' title='bbox 3358 2933 3524 3002; x_wconf 86' lang='grc' dir='ltr'>νόμον</span> <span class='ocrx_word' id='word_1_450' title='bbox 3554 2950 3569 2963; x_wconf 68' lang='grc' dir='ltr'><strong>υ</strong></span> 
     </span>
    </p>
   </div>
   <div class='ocr_carea' id='block_1_60' title="bbox 330 3008 1892 3123">
    <p class='ocr_par' dir='ltr' id='par_1_60' title="bbox 330 3008 1892 3123">
     <span class='ocr_line' id='line_1_60' title="bbox 330 3008 1892 3078; baseline -0.004 -9"><span class='ocrx_word' id='word_1_451' title='bbox 330 3029 454 3070; x_wconf 90' lang='lat' dir='ltr'><strong>nem</strong></span> <span class='ocrx_word' id='word_1_452' title='bbox 495 3015 880 3078; x_wconf 90' lang='lat' dir='ltr'><strong>admirantur,</strong></span> <span class='ocrx_word' id='word_1_453' title='bbox 931 3027 1053 3069; x_wconf 89' lang='lat' dir='ltr'><strong>eam</strong></span> <span class='ocrx_word' id='word_1_454' title='bbox 1091 3012 1181 3068; x_wconf 88' lang='lat' dir='ltr'><strong>his</strong></span> <span class='ocrx_word' id='word_1_455' title='bbox 1209 3010 1526 3067; x_wconf 87' lang='lat' dir='ltr'><strong>nominibus</strong></span> <span class='ocrx_word' id='word_1_456' title='bbox 1553 3009 1673 3066; x_wconf 89' lang='lat' dir='ltr'><strong>ideo</strong></span> <span class='ocrx_word' id='word_1_457' title='bbox 1703 3008 1892 3065; x_wconf 86' lang='lat' dir='ltr'><strong>odoris</strong></span> 
     </span>
     <span class='ocr_line' id='line_1_61' title="bbox 408 3101 1885 3123; baseline -0.004 3"><span class='ocrx_word' id='word_1_458' title='bbox 408 3121 420 3123; x_wconf 90' lang='lat'>_</span> <span class='ocrx_word' id='word_1_459' title='bbox 1036 3103 1292 3123; x_wconf 71' lang='lat'><strong>_.___-_.</strong></span> <span class='ocrx_word' id='word_1_460' title='bbox 1330 3101 1616 3123; x_wconf 34' lang='grc' dir='ltr'><strong>---ωψως</strong></span> <span class='ocrx_word' id='word_1_461' title='bbox 1653 3102 1885 3123; x_wconf 51' lang='grc' dir='ltr'>,εμειω</span> 
     </span>
    </p>
   </div>
   <div class='ocr_carea' id='block_1_61' title="bbox 1999 3008 3566 3123">
    <p class='ocr_par' dir='ltr' id='par_1_61' title="bbox 1999 3025 3566 3098">
     <span class='ocr_line' id='line_1_62' title="bbox 1999 3025 3566 3098; baseline -0.001 -18"><span class='ocrx_word' id='word_1_462' title='bbox 1999 3025 2113 3098; x_wconf 76' lang='grc' dir='ltr'><strong>ἠδὲ</strong></span> <span class='ocrx_word' id='word_1_463' title='bbox 2152 3025 2363 3098; x_wconf 86' lang='grc' dir='ltr'>σμύρνα</span> <span class='ocrx_word' id='word_1_464' title='bbox 2398 3025 2604 3098; x_wconf 85' lang='grc' dir='ltr'>νεκρῶν</span> <span class='ocrx_word' id='word_1_465' title='bbox 2632 3026 2747 3080; x_wconf 74' lang='grc' dir='ltr'>ἐστι</span> <span class='ocrx_word' id='word_1_466' title='bbox 2790 3028 3055 3097; x_wconf 88' lang='grc' dir='ltr'>σωμάτων</span> <span class='ocrx_word' id='word_1_467' title='bbox 3089 3027 3307 3098; x_wconf 88' lang='grc' dir='ltr'>ἀλοιφή.</span> <span class='ocrx_word' id='word_1_468' title='bbox 3359 3027 3566 3098; x_wconf 82' lang='grc' dir='ltr'>Σημαί-</span> 
     </span>
    </p>
   </div>
   <div class='ocr_carea' id='block_1_62' title="bbox 328 3101 1889 3177">
    <p class='ocr_par' dir='ltr' id='par_1_62' title="bbox 328 3101 1889 3177">
     <span class='ocr_line' id='line_1_63' title="bbox 328 3101 1889 3177; baseline -0.004 -16"><span class='ocrx_word' id='word_1_469' title='bbox 328 3107 604 3162; x_wconf 84' lang='lat' dir='ltr'><strong>suavitate</strong></span> <span class='ocrx_word' id='word_1_470' title='bbox 654 3107 986 3177; x_wconf 80' lang='lat' dir='ltr'><strong>fragrantem</strong></span> <span class='ocrx_word' id='word_1_471' title='bbox 1027 3112 1081 3160; x_wconf 91' lang='lat' dir='ltr'><strong>et</strong></span> <span class='ocrx_word' id='word_1_472' title='bbox 1102 3103 1296 3174; x_wconf 86' lang='lat' dir='ltr'><strong>vapori</strong></span> <span class='ocrx_word' id='word_1_473' title='bbox 1328 3101 1619 3158; x_wconf 77' lang='lat' dir='ltr'><strong>suﬁlmenti</strong></span> <span class='ocrx_word' id='word_1_474' title='bbox 1651 3102 1889 3157; x_wconf 89' lang='lat' dir='ltr'><strong>similem</strong></span> 
     </span>
    </p>
   </div>
   <div class='ocr_carea' id='block_1_63' title="bbox 328 3193 1890 3269">
    <p class='ocr_par' dir='ltr' id='par_1_63' title="bbox 328 3193 1890 3269">
     <span class='ocr_line' id='line_1_64' title="bbox 328 3193 1890 3269; baseline -0.003 -16"><span class='ocrx_word' id='word_1_475' title='bbox 328 3215 451 3256; x_wconf 87' lang='lat' dir='ltr'><strong>esse</strong></span> <span class='ocrx_word' id='word_1_476' title='bbox 474 3198 739 3266; x_wconf 89' lang='lat' dir='ltr'><strong>indicant,</strong></span> <span class='ocrx_word' id='word_1_477' title='bbox 772 3198 902 3269; x_wconf 83' lang='lat' dir='ltr'><strong>quia</strong></span> <span class='ocrx_word' id='word_1_478' title='bbox 943 3204 998 3253; x_wconf 91' lang='lat' dir='ltr'><strong>et</strong></span> <span class='ocrx_word' id='word_1_479' title='bbox 1023 3196 1423 3252; x_wconf 88' lang='lat' dir='ltr'><strong>humanitatem</strong></span> <span class='ocrx_word' id='word_1_480' title='bbox 1457 3202 1512 3249; x_wconf 92' lang='lat' dir='ltr'><strong>et</strong></span> <span class='ocrx_word' id='word_1_481' title='bbox 1544 3193 1890 3249; x_wconf 86' lang='lat' dir='ltr'><strong>divinitatem</strong></span> 
     </span>
    </p>
   </div>
   <div class='ocr_carea' id='block_1_64' title="bbox 329 3285 1892 3359">
    <p class='ocr_par' dir='ltr' id='par_1_64' title="bbox 329 3285 1892 3359">
     <span class='ocr_line' id='line_1_65' title="bbox 329 3285 1892 3359; baseline -0.003 -17"><span class='ocrx_word' id='word_1_482' title='bbox 329 3289 544 3354; x_wconf 89' lang='lat' dir='ltr'><strong>adorat,</strong></span> <span class='ocrx_word' id='word_1_483' title='bbox 574 3289 880 3359; x_wconf 87' lang='lat' dir='ltr'><strong>sponsique</strong></span> <span class='ocrx_word' id='word_1_484' title='bbox 912 3294 1030 3341; x_wconf 93' lang='lat' dir='ltr'><strong>tum</strong></span> <span class='ocrx_word' id='word_1_485' title='bbox 1060 3294 1292 3342; x_wconf 90' lang='lat' dir='ltr'><strong>mortem</strong></span> <span class='ocrx_word' id='word_1_486' title='bbox 1324 3285 1523 3352; x_wconf 89' lang='lat' dir='ltr'><strong>credit,</strong></span> <span class='ocrx_word' id='word_1_487' title='bbox 1558 3293 1672 3339; x_wconf 91' lang='lat' dir='ltr'><strong>tum</strong></span> <span class='ocrx_word' id='word_1_488' title='bbox 1701 3300 1892 3341; x_wconf 90' lang='lat' dir='ltr'><strong>essen-</strong></span> 
     </span>
    </p>
   </div>
   <div class='ocr_carea' id='block_1_65' title="bbox 326 3374 1893 3450">
    <p class='ocr_par' dir='ltr' id='par_1_65' title="bbox 326 3374 1893 3450">
     <span class='ocr_line' id='line_1_66' title="bbox 326 3374 1893 3450; baseline -0.002 -17"><span class='ocrx_word' id='word_1_489' title='bbox 326 3381 463 3435; x_wconf 88' lang='lat' dir='ltr'><strong>tiam</strong></span> <span class='ocrx_word' id='word_1_490' title='bbox 503 3380 896 3450; x_wconf 88' lang='lat' dir='ltr'><strong>sempiternam</strong></span> <span class='ocrx_word' id='word_1_491' title='bbox 939 3378 1253 3434; x_wconf 85' lang='lat' dir='ltr'><strong>conlitetur.</strong></span> <span class='ocrx_word' id='word_1_492' title='bbox 1291 3376 1485 3446; x_wconf 87' lang='lat' dir='ltr'><strong>Itaque</strong></span> <span class='ocrx_word' id='word_1_493' title='bbox 1528 3374 1893 3445; x_wconf 82' lang='lat' dir='ltr'><strong>exuniversis</strong></span> 
     </span>
    </p>
   </div>
   <div class='ocr_carea' id='block_1_66' title="bbox 326 3464 1892 3540">
    <p class='ocr_par' dir='ltr' id='par_1_66' title="bbox 326 3464 1892 3540">
     <span class='ocr_line' id='line_1_67' title="bbox 326 3464 1892 3540; baseline -0.007 -15"><span class='ocrx_word' id='word_1_494' title='bbox 326 3471 640 3538; x_wconf 85' lang='lat' dir='ltr'><strong>pulveribus</strong></span> <span class='ocrx_word' id='word_1_495' title='bbox 690 3469 1041 3540; x_wconf 89' lang='lat' dir='ltr'><strong>unguentarii</strong></span> <span class='ocrx_word' id='word_1_496' title='bbox 1081 3468 1358 3539; x_wconf 87' lang='lat' dir='ltr'><strong>myrrham</strong></span> <span class='ocrx_word' id='word_1_497' title='bbox 1414 3465 1612 3536; x_wconf 86' lang='lat' dir='ltr'><strong>ipsius,</strong></span> <span class='ocrx_word' id='word_1_498' title='bbox 1667 3474 1721 3520; x_wconf 89' lang='lat' dir='ltr'><strong>et</strong></span> <span class='ocrx_word' id='word_1_499' title='bbox 1762 3464 1892 3516; x_wconf 87' lang='lat' dir='ltr'><strong>thus</strong></span> 
     </span>
    </p>
   </div>
   <div class='ocr_carea' id='block_1_67' title="bbox 328 3555 1891 3627">
    <p class='ocr_par' dir='ltr' id='par_1_67' title="bbox 328 3555 1891 3627">
     <span class='ocr_line' id='line_1_68' title="bbox 328 3555 1891 3627; baseline -0.004 -12"><span class='ocrx_word' id='word_1_500' title='bbox 328 3561 575 3617; x_wconf 85' lang='lat' dir='ltr'><strong>laudant.</strong></span> <span class='ocrx_word' id='word_1_501' title='bbox 620 3561 796 3617; x_wconf 86' lang='lat' dir='ltr'><strong>Habet</strong></span> <span class='ocrx_word' id='word_1_502' title='bbox 838 3561 985 3616; x_wconf 90' lang='lat' dir='ltr'><strong>enim</strong></span> <span class='ocrx_word' id='word_1_503' title='bbox 1029 3558 1171 3613; x_wconf 88' lang='lat' dir='ltr'><strong>alias</strong></span> <span class='ocrx_word' id='word_1_504' title='bbox 1202 3571 1424 3627; x_wconf 90' lang='lat' dir='ltr'><strong>quoque</strong></span> <span class='ocrx_word' id='word_1_505' title='bbox 1453 3556 1688 3611; x_wconf 79' lang='lat' dir='ltr'><strong>virtutes</strong></span> <span class='ocrx_word' id='word_1_506' title='bbox 1718 3571 1781 3609; x_wconf 79' lang='lat' dir='ltr'><strong>es</strong></span> <span class='ocrx_word' id='word_1_507' title='bbox 1807 3555 1891 3610; x_wconf 85' lang='lat' dir='ltr'><strong>di-</strong></span> 
     </span>
    </p>
   </div>
   <div class='ocr_carea' id='block_1_68' title="bbox 324 3645 1888 3723">
    <p class='ocr_par' dir='ltr' id='par_1_68' title="bbox 324 3645 1888 3723">
     <span class='ocr_line' id='line_1_69' title="bbox 324 3645 1888 3723; baseline -0.004 -18"><span class='ocrx_word' id='word_1_508' title='bbox 324 3654 453 3707; x_wconf 88' lang='lat' dir='ltr'><strong>vina</strong></span> <span class='ocrx_word' id='word_1_509' title='bbox 488 3652 793 3723; x_wconf 91' lang='lat' dir='ltr'><strong>Scriptura,</strong></span> <span class='ocrx_word' id='word_1_510' title='bbox 813 3665 909 3707; x_wconf 90' lang='lat' dir='ltr'><strong>eas</strong></span> <span class='ocrx_word' id='word_1_511' title='bbox 938 3658 1197 3719; x_wconf 89' lang='lat' dir='ltr'><strong>tanquam</strong></span> <span class='ocrx_word' id='word_1_512' title='bbox 1226 3662 1291 3701; x_wconf 82' lang='lat' dir='ltr'><strong>ex</strong></span> <span class='ocrx_word' id='word_1_513' title='bbox 1321 3646 1642 3700; x_wconf 87' lang='lat' dir='ltr'><strong>aromatarii</strong></span> <span class='ocrx_word' id='word_1_514' title='bbox 1675 3645 1888 3700; x_wconf 86' lang='lat' dir='ltr'><strong>ollicina</strong></span> 
     </span>
    </p>
   </div>
   <div class='ocr_carea' id='block_1_69' title="bbox 326 3737 1884 3815">
    <p class='ocr_par' dir='ltr' id='par_1_69' title="bbox 326 3737 1884 3815">
     <span class='ocr_line' id='line_1_70' title="bbox 326 3737 1884 3815; baseline -0.006 -16"><span class='ocrx_word' id='word_1_515' title='bbox 326 3745 677 3815; x_wconf 89' lang='lat' dir='ltr'><strong>depromens.</strong></span> <span class='ocrx_word' id='word_1_516' title='bbox 714 3742 821 3796; x_wconf 86' lang='lat' dir='ltr'><strong>Sed</strong></span> <span class='ocrx_word' id='word_1_517' title='bbox 875 3742 929 3794; x_wconf 92' lang='lat' dir='ltr'><strong>in</strong></span> <span class='ocrx_word' id='word_1_518' title='bbox 979 3753 1043 3794; x_wconf 89' lang='lat' dir='ltr'><strong>ea</strong></span> <span class='ocrx_word' id='word_1_519' title='bbox 1094 3738 1314 3792; x_wconf 81' lang='lat' dir='ltr'><strong>excellit</strong></span> <span class='ocrx_word' id='word_1_520' title='bbox 1348 3737 1567 3808; x_wconf 80' lang='lat' dir='ltr'><strong>myrrha</strong></span> <span class='ocrx_word' id='word_1_521' title='bbox 1620 3746 1672 3792; x_wconf 92' lang='lat' dir='ltr'><strong>et</strong></span> <span class='ocrx_word' id='word_1_522' title='bbox 1732 3740 1884 3799; x_wconf 88' lang='lat' dir='ltr'><strong>thus,</strong></span> 
     </span>
    </p>
   </div>
   <div class='ocr_carea' id='block_1_70' title="bbox 329 3829 1890 3904">
    <p class='ocr_par' dir='ltr' id='par_1_70' title="bbox 329 3829 1890 3904">
     <span class='ocr_line' id='line_1_71' title="bbox 329 3829 1890 3904; baseline -0.005 -16"><span class='ocrx_word' id='word_1_523' title='bbox 329 3838 431 3891; x_wconf 92' lang='lat' dir='ltr'><strong>hoc</strong></span> <span class='ocrx_word' id='word_1_524' title='bbox 460 3844 565 3899; x_wconf 91' lang='lat' dir='ltr'><strong>est,</strong></span> <span class='ocrx_word' id='word_1_525' title='bbox 603 3836 793 3904; x_wconf 85' lang='lat' dir='ltr'><strong>sponsi</strong></span> <span class='ocrx_word' id='word_1_526' title='bbox 844 3831 1149 3887; x_wconf 85' lang='lat' dir='ltr'><strong>divinitatis</strong></span> <span class='ocrx_word' id='word_1_527' title='bbox 1184 3829 1657 3899; x_wconf 84' lang='lat' dir='ltr'><strong>lmmanitatisque</strong></span> <span class='ocrx_word' id='word_1_528' title='bbox 1699 3829 1890 3899; x_wconf 81' lang='lat' dir='ltr'><strong>cogni-</strong></span> 
     </span>
    </p>
   </div>
   <div class='ocr_carea' id='block_1_71' title="bbox 326 3921 1890 3991">
    <p class='ocr_par' dir='ltr' id='par_1_71' title="bbox 326 3921 1890 3991">
     <span class='ocr_line' id='line_1_72' title="bbox 326 3921 1890 3991; baseline -0.004 -11"><span class='ocrx_word' id='word_1_529' title='bbox 326 3930 424 3983; x_wconf 87' lang='lat' dir='ltr'><strong>tio.</strong></span> <span class='ocrx_word' id='word_1_530' title='bbox 465 3929 543 3982; x_wconf 74' lang='lat' dir='ltr'><strong>Ad</strong></span> <span class='ocrx_word' id='word_1_531' title='bbox 587 3928 733 3981; x_wconf 85' lang='lat' dir='ltr'><strong>hunc</strong></span> <span class='ocrx_word' id='word_1_532' title='bbox 768 3924 987 3978; x_wconf 87' lang='lat' dir='ltr'><strong>modum</strong></span> <span class='ocrx_word' id='word_1_533' title='bbox 1027 3936 1243 3991; x_wconf 72' lang='lat' dir='ltr'><strong>sponsa:</strong></span> <span class='ocrx_word' id='word_1_534' title='bbox 1280 3921 1745 3991; x_wconf 86' lang='lat' dir='ltr'><strong>pulchritudinem</strong></span> <span class='ocrx_word' id='word_1_535' title='bbox 1795 3921 1890 3973; x_wconf 81' lang='lat' dir='ltr'><strong>ad-</strong></span> 
     </span>
    </p>
   </div>
   <div class='ocr_carea' id='block_1_72' title="bbox 324 4014 1778 4088">
    <p class='ocr_par' dir='ltr' id='par_1_72' title="bbox 324 4014 1778 4088">
     <span class='ocr_line' id='line_1_73' title="bbox 324 4014 1778 4088; baseline -0.006 -14"><span class='ocrx_word' id='word_1_536' title='bbox 324 4023 531 4084; x_wconf 88' lang='lat' dir='ltr'><strong>mirati,</strong></span> <span class='ocrx_word' id='word_1_537' title='bbox 563 4018 754 4088; x_wconf 91' lang='lat' dir='ltr'><strong>sponsi</strong></span> <span class='ocrx_word' id='word_1_538' title='bbox 793 4017 1017 4071; x_wconf 86' lang='lat' dir='ltr'><strong>divitias</strong></span> <span class='ocrx_word' id='word_1_539' title='bbox 1054 4016 1131 4069; x_wconf 83' lang='lat' dir='ltr'><strong>illi</strong></span> <span class='ocrx_word' id='word_1_540' title='bbox 1161 4015 1442 4069; x_wconf 89' lang='lat' dir='ltr'><strong>declarant</strong></span> <span class='ocrx_word' id='word_1_541' title='bbox 1468 4023 1519 4069; x_wconf 91' lang='lat' dir='ltr'><strong>ct</strong></span> <span class='ocrx_word' id='word_1_542' title='bbox 1548 4014 1739 4068; x_wconf 90' lang='lat' dir='ltr'><strong>dicunt</strong></span> <span class='ocrx_word' id='word_1_543' title='bbox 1768 4033 1778 4067; x_wconf 91' lang='lat'>:</span> 
     </span>
    </p>
   </div>
   <div class='ocr_carea' id='block_1_73' title="bbox 393 4303 1889 4371">
    <p class='ocr_par' dir='ltr' id='par_1_73' title="bbox 393 4303 1889 4371">
     <span class='ocr_line' id='line_1_74' title="bbox 393 4303 1889 4371; baseline -0.005 -10"><span class='ocrx_word' id='word_1_544' title='bbox 393 4307 562 4363; x_wconf 70' lang='lat' dir='ltr'><strong>Vsus.</strong></span> <span class='ocrx_word' id='word_1_545' title='bbox 600 4306 742 4371; x_wconf 88' lang='lat'><strong>7,8.</strong></span> <span class='ocrx_word' id='word_1_546' title='bbox 803 4303 885 4358; x_wconf 85' lang='lat' dir='ltr'><strong>En</strong></span> <span class='ocrx_word' id='word_1_547' title='bbox 946 4304 1167 4359; x_wconf 78' lang='lat' dir='ltr'><strong>lectulus</strong></span> <span class='ocrx_word' id='word_1_548' title='bbox 1228 4303 1555 4365; x_wconf 84' lang='lat' dir='ltr'><strong>Salomonis,</strong></span> <span class='ocrx_word' id='word_1_549' title='bbox 1612 4303 1889 4371; x_wconf 75' lang='lat' dir='ltr'><strong>sexaginta</strong></span> 
     </span>
    </p>
   </div>
   <div class='ocr_carea' id='block_1_74' title="bbox 1996 3118 3573 3189">
    <p class='ocr_par' dir='ltr' id='par_1_74' title="bbox 1996 3118 3573 3189">
     <span class='ocr_line' id='line_1_75' title="bbox 1996 3118 3573 3189; baseline -0.002 -14"><span class='ocrx_word' id='word_1_550' title='bbox 1996 3138 2144 3176; x_wconf 88' lang='grc' dir='ltr'>νουσι</span> <span class='ocrx_word' id='word_1_551' title='bbox 2172 3121 2352 3175; x_wconf 90' lang='grc' dir='ltr'>τοίνυν</span> <span class='ocrx_word' id='word_1_552' title='bbox 2376 3120 2462 3174; x_wconf 82' lang='grc' dir='ltr'>διὰ</span> <span class='ocrx_word' id='word_1_553' title='bbox 2492 3120 2698 3173; x_wconf 83' lang='grc' dir='ltr'>τούτων</span> <span class='ocrx_word' id='word_1_554' title='bbox 2727 3118 2833 3171; x_wconf 87' lang='grc' dir='ltr'><strong>τῶν</strong></span> <span class='ocrx_word' id='word_1_555' title='bbox 2864 3118 3141 3188; x_wconf 84' lang='grc' dir='ltr'>ὀνομάτων</span> <span class='ocrx_word' id='word_1_556' title='bbox 3161 3120 3210 3171; x_wconf 76' lang='lat' dir='ltr'><strong>oi</strong></span> <span class='ocrx_word' id='word_1_557' title='bbox 3230 3118 3328 3189; x_wconf 80' lang='grc' dir='ltr'><strong>τῆς</strong></span> <span class='ocrx_word' id='word_1_558' title='bbox 3351 3118 3573 3189; x_wconf 81' lang='grc' dir='ltr'>νύμφης</span> 
     </span>
    </p>
   </div>
   <div class='ocr_carea' id='block_1_75' title="bbox 1996 3208 3571 3283">
    <p class='ocr_par' dir='ltr' id='par_1_75' title="bbox 1996 3208 3571 3283">
     <span class='ocr_line' id='line_1_76' title="bbox 1996 3208 3571 3283; baseline -0.001 -17"><span class='ocrx_word' id='word_1_559' title='bbox 1996 3214 2056 3267; x_wconf 80' lang='grc' dir='ltr'>τὸ</span> <span class='ocrx_word' id='word_1_560' title='bbox 2085 3212 2280 3276; x_wconf 89' lang='grc' dir='ltr'>κάλλος</span> <span class='ocrx_word' id='word_1_561' title='bbox 2321 3212 2711 3283; x_wconf 78' lang='grc' dir='ltr'>θαυμάζοντες,</span> <span class='ocrx_word' id='word_1_562' title='bbox 2756 3211 2836 3264; x_wconf 85' lang='grc' dir='ltr'><strong>ὅτι</strong></span> <span class='ocrx_word' id='word_1_563' title='bbox 2867 3210 2955 3263; x_wconf 88' lang='grc' dir='ltr'>διὰ</span> <span class='ocrx_word' id='word_1_564' title='bbox 2983 3209 3139 3263; x_wconf 84' lang='grc' dir='ltr'>τοῦτό</span> <span class='ocrx_word' id='word_1_565' title='bbox 3166 3210 3312 3263; x_wconf 75' lang='grc' dir='ltr'>ἐστιν</span> <span class='ocrx_word' id='word_1_566' title='bbox 3339 3208 3571 3281; x_wconf 82' lang='grc' dir='ltr'>εὐώδης,</span> 
     </span>
    </p>
   </div>
   <div class='ocr_carea' id='block_1_76' title="bbox 1998 3302 3574 3377">
    <p class='ocr_par' dir='ltr' id='par_1_76' title="bbox 1998 3302 3574 3377">
     <span class='ocr_line' id='line_1_77' title="bbox 1998 3302 3574 3377; baseline -0.006 -17"><span class='ocrx_word' id='word_1_567' title='bbox 1998 3308 2092 3360; x_wconf 64' lang='grc' dir='ltr'><strong>καὶ⁵</strong></span> <span class='ocrx_word' id='word_1_568' title='bbox 2135 3306 2295 3377; x_wconf 83' lang='grc' dir='ltr'>ἀτμῷ</span> <span class='ocrx_word' id='word_1_569' title='bbox 2353 3306 2699 3376; x_wconf 84' lang='grc' dir='ltr'>θυμιάματος</span> <span class='ocrx_word' id='word_1_570' title='bbox 2751 3303 3152 3375; x_wconf 85' lang='grc' dir='ltr'>ἀπεικασμένη,</span> <span class='ocrx_word' id='word_1_571' title='bbox 3200 3303 3283 3356; x_wconf 84' lang='grc' dir='ltr'><strong>ὅτι</strong></span> <span class='ocrx_word' id='word_1_572' title='bbox 3342 3303 3437 3356; x_wconf 59' lang='grc' dir='ltr'><strong>καλ⁵</strong></span> <span class='ocrx_word' id='word_1_573' title='bbox 3471 3302 3574 3372; x_wconf 80' lang='grc' dir='ltr'>τὴν</span> 
     </span>
    </p>
   </div>
   <div class='ocr_carea' id='block_1_77' title="bbox 1998 3378 3574 3468">
    <p class='ocr_par' dir='ltr' id='par_1_77' title="bbox 1998 3378 3574 3468">
     <span class='ocr_line' id='line_1_78' title="bbox 1998 3378 3574 3468; baseline -0.005 -18"><span class='ocrx_word' id='word_1_574' title='bbox 1998 3396 2387 3468; x_wconf 85' lang='grc' dir='ltr'>ἀνθρωπότητα</span> <span class='ocrx_word' id='word_1_575' title='bbox 2416 3396 2508 3448; x_wconf 74' lang='grc' dir='ltr'><strong>καὶ</strong></span> <span class='ocrx_word' id='word_1_576' title='bbox 2530 3396 2576 3427; x_wconf 75' lang='grc'><strong>⁸⁸</strong></span> <span class='ocrx_word' id='word_1_577' title='bbox 2619 3395 2717 3465; x_wconf 84' lang='grc' dir='ltr'>τὴν</span> <span class='ocrx_word' id='word_1_578' title='bbox 2747 3393 2977 3464; x_wconf 87' lang='grc' dir='ltr'>θεότητα</span> <span class='ocrx_word' id='word_1_579' title='bbox 3008 3378 3323 3463; x_wconf 83' lang='grc' dir='ltr'>προσκυνεῖ,</span> <span class='ocrx_word' id='word_1_580' title='bbox 3369 3390 3466 3445; x_wconf 75' lang='grc' dir='ltr'>καὶ</span> <span class='ocrx_word' id='word_1_581' title='bbox 3493 3390 3574 3460; x_wconf 79' lang='grc' dir='ltr'><strong>τῷ</strong></span> 
     </span>
    </p>
   </div>
   <div class='ocr_carea' id='block_1_78' title="bbox 1998 3481 3572 3559">
    <p class='ocr_par' dir='ltr' id='par_1_78' title="bbox 1998 3481 3572 3559">
     <span class='ocr_line' id='line_1_79' title="bbox 1998 3481 3572 3559; baseline -0.004 -18"><span class='ocrx_word' id='word_1_582' title='bbox 1998 3488 2210 3559; x_wconf 83' lang='grc' dir='ltr'>θανάτῳ</span> <span class='ocrx_word' id='word_1_583' title='bbox 2230 3486 2582 3551; x_wconf 81' lang='grc' dir='ltr'>πιστεύουσα,</span> <span class='ocrx_word' id='word_1_584' title='bbox 2610 3485 2706 3540; x_wconf 79' lang='grc' dir='ltr'>καὶ</span> <span class='ocrx_word' id='word_1_585' title='bbox 2724 3485 2822 3558; x_wconf 80' lang='grc' dir='ltr'>τὴν</span> <span class='ocrx_word' id='word_1_586' title='bbox 2846 3487 2953 3557; x_wconf 82' lang='grc' dir='ltr'><strong>πρὸ</strong></span> <span class='ocrx_word' id='word_1_587' title='bbox 2973 3485 3081 3539; x_wconf 89' lang='grc' dir='ltr'><strong>τῶν</strong></span> <span class='ocrx_word' id='word_1_588' title='bbox 3103 3482 3312 3538; x_wconf 81' lang='grc' dir='ltr'>αἰώνων</span> <span class='ocrx_word' id='word_1_589' title='bbox 3335 3481 3572 3552; x_wconf 77' lang='grc' dir='ltr'>ὓπαρξιν</span> 
     </span>
    </p>
   </div>
   <div class='ocr_carea' id='block_1_79' title="bbox 1995 3573 3570 3650">
    <p class='ocr_par' dir='ltr' id='par_1_79' title="bbox 1995 3573 3570 3650">
     <span class='ocr_line' id='line_1_80' title="bbox 1995 3573 3570 3650; baseline -0.004 -18"><span class='ocrx_word' id='word_1_590' title='bbox 1995 3579 2262 3650; x_wconf 86' lang='grc' dir='ltr'>ὁμολογεῖ.</span> <span class='ocrx_word' id='word_1_591' title='bbox 2316 3578 2447 3631; x_wconf 78' lang='grc' dir='ltr'><strong>Ἀπὸ</strong></span> <span class='ocrx_word' id='word_1_592' title='bbox 2497 3578 2711 3632; x_wconf 91' lang='grc' dir='ltr'>πάντων</span> <span class='ocrx_word' id='word_1_593' title='bbox 2764 3577 2941 3631; x_wconf 84' lang='grc' dir='ltr'>τοίνυν</span> <span class='ocrx_word' id='word_1_594' title='bbox 2983 3577 3092 3631; x_wconf 89' lang='grc' dir='ltr'><strong>τῶν</strong></span> <span class='ocrx_word' id='word_1_595' title='bbox 3138 3574 3430 3646; x_wconf 87' lang='grc' dir='ltr'>κονιορτῶν</span> <span class='ocrx_word' id='word_1_596' title='bbox 3474 3573 3570 3627; x_wconf 87' lang='grc' dir='ltr'><strong>τοῦ</strong></span> 
     </span>
    </p>
   </div>
   <div class='ocr_carea' id='block_1_80' title="bbox 2000 3665 3573 3741">
    <p class='ocr_par' dir='ltr' id='par_1_80' title="bbox 2000 3665 3573 3741">
     <span class='ocr_line' id='line_1_81' title="bbox 2000 3665 3573 3741; baseline -0.004 -19"><span class='ocrx_word' id='word_1_597' title='bbox 2000 3667 2241 3741; x_wconf 79' lang='grc' dir='ltr'>μυρεψοῦ</span> <span class='ocrx_word' id='word_1_598' title='bbox 2271 3668 2642 3739; x_wconf 81' lang='grc' dir='ltr'>θαυμάζουσιν</span> <span class='ocrx_word' id='word_1_599' title='bbox 2689 3668 2860 3738; x_wconf 79' lang='grc' dir='ltr'>αὐτῆς</span> <span class='ocrx_word' id='word_1_600' title='bbox 2912 3667 3008 3739; x_wconf 79' lang='grc' dir='ltr'>τὴν</span> <span class='ocrx_word' id='word_1_601' title='bbox 3040 3667 3303 3738; x_wconf 88' lang='grc' dir='ltr'>σμύρναν,</span> <span class='ocrx_word' id='word_1_602' title='bbox 3354 3665 3573 3719; x_wconf 75' lang='grc' dir='ltr'>καὶτὸν</span> 
     </span>
    </p>
   </div>
   <div class='ocr_carea' id='block_1_81' title="bbox 1995 3752 3573 3832">
    <p class='ocr_par' dir='ltr' id='par_1_81' title="bbox 1995 3752 3573 3832">
     <span class='ocr_line' id='line_1_82' title="bbox 1995 3752 3573 3832; baseline -0.004 -17"><span class='ocrx_word' id='word_1_603' title='bbox 1995 3762 2232 3817; x_wconf 78' lang='grc' dir='ltr'>λίϐανον.</span> <span class='ocrx_word' id='word_1_604' title='bbox 2270 3761 2419 3831; x_wconf 84' lang='grc' dir='ltr'>Ἔχει</span> <span class='ocrx_word' id='word_1_605' title='bbox 2454 3761 2552 3831; x_wconf 81' lang='grc' dir='ltr'><strong>μὲν</strong></span> <span class='ocrx_word' id='word_1_606' title='bbox 2581 3762 2688 3832; x_wconf 78' lang='grc' dir='ltr'>γὰρ</span> <span class='ocrx_word' id='word_1_607' title='bbox 2736 3762 2829 3813; x_wconf 73' lang='grc' dir='ltr'><strong>καὶ</strong></span> <span class='ocrx_word' id='word_1_608' title='bbox 2875 3759 2974 3823; x_wconf 79' lang='grc' dir='ltr'>τὰς</span> <span class='ocrx_word' id='word_1_609' title='bbox 3017 3759 3183 3823; x_wconf 80' lang='grc' dir='ltr'>ἄλλας</span> <span class='ocrx_word' id='word_1_610' title='bbox 3229 3757 3430 3829; x_wconf 81' lang='grc' dir='ltr'>ἀρετάς</span> <span class='ocrx_word' id='word_1_611' title='bbox 3458 3752 3573 3810; x_wconf 73' lang='grc' dir='ltr'>οἷον</span> 
     </span>
    </p>
   </div>
   <div class='ocr_carea' id='block_1_82' title="bbox 1995 3848 3569 3924">
    <p class='ocr_par' dir='ltr' id='par_1_82' title="bbox 1995 3848 3569 3924">
     <span class='ocr_line' id='line_1_83' title="bbox 1995 3848 3569 3924; baseline -0.005 -17"><span class='ocrx_word' id='word_1_612' title='bbox 1995 3856 2102 3908; x_wconf 87' lang='grc' dir='ltr'>ἀπό</span> <span class='ocrx_word' id='word_1_613' title='bbox 2133 3871 2276 3917; x_wconf 88' lang='grc' dir='ltr'>τινος</span> <span class='ocrx_word' id='word_1_614' title='bbox 2309 3853 2552 3924; x_wconf 66' lang='grc' dir='ltr'>μυρεψοῦ</span> <span class='ocrx_word' id='word_1_615' title='bbox 2581 3854 2681 3923; x_wconf 80' lang='grc' dir='ltr'><strong>τῆς</strong></span> <span class='ocrx_word' id='word_1_616' title='bbox 2708 3854 2855 3917; x_wconf 88' lang='grc' dir='ltr'>θείας</span> <span class='ocrx_word' id='word_1_617' title='bbox 2890 3853 3112 3924; x_wconf 83' lang='grc' dir='ltr'>Γραφῆς</span> <span class='ocrx_word' id='word_1_618' title='bbox 3145 3851 3345 3913; x_wconf 85' lang='grc' dir='ltr'>ταύτας</span> <span class='ocrx_word' id='word_1_619' title='bbox 3379 3848 3569 3901; x_wconf 79' lang='grc' dir='ltr'><strong>συ).λέ-</strong></span> 
     </span>
    </p>
   </div>
   <div class='ocr_carea' id='block_1_83' title="bbox 1995 3941 3569 4017">
    <p class='ocr_par' dir='ltr' id='par_1_83' title="bbox 1995 3941 3569 4017">
     <span class='ocr_line' id='line_1_84' title="bbox 1995 3941 3569 4017; baseline -0.004 -17"><span class='ocrx_word' id='word_1_620' title='bbox 1995 3965 2166 4016; x_wconf 87' lang='grc' dir='ltr'>γουσα</span> <span class='ocrx_word' id='word_1_621' title='bbox 2189 3960 2204 3975; x_wconf 85' lang='lat'><strong><em>°</em></strong></span> <span class='ocrx_word' id='word_1_622' title='bbox 2252 3945 2504 4017; x_wconf 75' lang='grc' dir='ltr'>ἐξαίρετα</span> <span class='ocrx_word' id='word_1_623' title='bbox 2544 3945 2599 3998; x_wconf 82' lang='grc' dir='ltr'>δὲ</span> <span class='ocrx_word' id='word_1_624' title='bbox 2625 3946 2793 4017; x_wconf 80' lang='grc' dir='ltr'>αὐτῆς</span> <span class='ocrx_word' id='word_1_625' title='bbox 2822 3948 2855 4015; x_wconf 85' lang='grc' dir='ltr'>ἡ</span> <span class='ocrx_word' id='word_1_626' title='bbox 2887 3944 3099 4016; x_wconf 85' lang='grc' dir='ltr'>σμύρνα</span> <span class='ocrx_word' id='word_1_627' title='bbox 3137 3944 3230 3995; x_wconf 73' lang='grc' dir='ltr'><strong>καὶ</strong></span> <span class='ocrx_word' id='word_1_628' title='bbox 3272 3945 3301 3995; x_wconf 92' lang='lat'><strong>6</strong></span> <span class='ocrx_word' id='word_1_629' title='bbox 3331 3941 3569 4003; x_wconf 81' lang='grc' dir='ltr'>λίόανος,</span> 
     </span>
    </p>
   </div>
   <div class='ocr_carea' id='block_1_84' title="bbox 1996 4033 3572 4109">
    <p class='ocr_par' dir='ltr' id='par_1_84' title="bbox 1996 4033 3572 4109">
     <span class='ocr_line' id='line_1_85' title="bbox 1996 4033 3572 4109; baseline -0.005 -16"><span class='ocrx_word' id='word_1_630' title='bbox 1996 4040 2271 4093; x_wconf 83' lang='grc' dir='ltr'>τουτέστιν</span> <span class='ocrx_word' id='word_1_631' title='bbox 2308 4040 2341 4109; x_wconf 78' lang='grc' dir='ltr'>ἡ</span> <span class='ocrx_word' id='word_1_632' title='bbox 2374 4038 2620 4105; x_wconf 88' lang='grc' dir='ltr'>θεολογία</span> <span class='ocrx_word' id='word_1_633' title='bbox 2652 4055 2711 4090; x_wconf 83' lang='grc' dir='ltr'><strong>τε</strong></span> <span class='ocrx_word' id='word_1_634' title='bbox 2756 4038 2847 4091; x_wconf 76' lang='grc' dir='ltr'><strong>καὶ</strong></span> <span class='ocrx_word' id='word_1_635' title='bbox 2879 4035 3158 4105; x_wconf 86' lang='grc' dir='ltr'>οἰκονομία</span> <span class='ocrx_word' id='word_1_636' title='bbox 3178 4036 3244 4088; x_wconf 69' lang='grc' dir='ltr'><strong>⁸ο.</strong></span> <span class='ocrx_word' id='word_1_637' title='bbox 3282 4034 3437 4087; x_wconf 79' lang='grc' dir='ltr'>Οῦτω</span> <span class='ocrx_word' id='word_1_638' title='bbox 3470 4033 3572 4102; x_wconf 76' lang='grc' dir='ltr'><strong>τῆς</strong></span> 
     </span>
    </p>
   </div>
   <div class='ocr_carea' id='block_1_85' title="bbox 1998 4123 3571 4200">
    <p class='ocr_par' dir='ltr' id='par_1_85' title="bbox 1998 4123 3571 4200">
     <span class='ocr_line' id='line_1_86' title="bbox 1998 4123 3571 4200; baseline -0.003 -19"><span class='ocrx_word' id='word_1_639' title='bbox 1998 4130 2213 4200; x_wconf 82' lang='grc' dir='ltr'>νύμφης</span> <span class='ocrx_word' id='word_1_640' title='bbox 2240 4129 2300 4182; x_wconf 81' lang='grc' dir='ltr'><strong>τὸ</strong></span> <span class='ocrx_word' id='word_1_641' title='bbox 2328 4127 2520 4191; x_wconf 85' lang='grc' dir='ltr'>κάλλος</span> <span class='ocrx_word' id='word_1_642' title='bbox 2536 4127 2936 4197; x_wconf 67' lang='grc' dir='ltr'>θαυμάσαντες,</span> <span class='ocrx_word' id='word_1_643' title='bbox 2967 4125 3274 4197; x_wconf 88' lang='grc' dir='ltr'>διηγοῦνται</span> <span class='ocrx_word' id='word_1_644' title='bbox 3304 4126 3441 4194; x_wconf 77' lang='grc' dir='ltr'>αὐτῇ</span> <span class='ocrx_word' id='word_1_645' title='bbox 3472 4123 3571 4176; x_wconf 86' lang='grc' dir='ltr'><strong>τοῦ</strong></span> 
     </span>
    </p>
   </div>
   <div class='ocr_carea' id='block_1_86' title="bbox 1995 4220 2967 4293">
    <p class='ocr_par' dir='ltr' id='par_1_86' title="bbox 1995 4220 2967 4293">
     <span class='ocr_line' id='line_1_87' title="bbox 1995 4220 2967 4293; baseline -0.007 -15"><span class='ocrx_word' id='word_1_646' title='bbox 1995 4220 2226 4293; x_wconf 79' lang='grc' dir='ltr'>νυμφίου</span> <span class='ocrx_word' id='word_1_647' title='bbox 2259 4222 2348 4274; x_wconf 83' lang='grc' dir='ltr'><strong>τὸν</strong></span> <span class='ocrx_word' id='word_1_648' title='bbox 2374 4220 2621 4281; x_wconf 88' lang='grc' dir='ltr'>πλοῦτον,</span> <span class='ocrx_word' id='word_1_649' title='bbox 2655 4220 2746 4272; x_wconf 85' lang='grc' dir='ltr'><strong>καί</strong></span> <span class='ocrx_word' id='word_1_650' title='bbox 2783 4237 2967 4289; x_wconf 73' lang='grc' dir='ltr'>φασινο</span> 
     </span>
    </p>
   </div>
   <div class='ocr_carea' id='block_1_87' title="bbox 2066 4308 3571 4381">
    <p class='ocr_par' dir='ltr' id='par_1_87' title="bbox 2066 4308 3571 4381">
     <span class='ocr_line' id='line_1_88' title="bbox 2066 4308 3571 4381; baseline -0.003 -17"><span class='ocrx_word' id='word_1_651' title='bbox 2066 4312 2129 4377; x_wconf 69' lang='grc' dir='ltr'><strong>ζ’,</strong></span> <span class='ocrx_word' id='word_1_652' title='bbox 2149 4318 2217 4381; x_wconf 84' lang='grc' dir='ltr'><strong>η’.</strong></span> <span class='ocrx_word' id='word_1_653' title='bbox 2270 4311 2414 4364; x_wconf 80' lang='grc' dir='ltr'>Ἰδοὺ</span> <span class='ocrx_word' id='word_1_654' title='bbox 2443 4313 2480 4378; x_wconf 77' lang='grc' dir='ltr'><em>ἠ</em></span> <span class='ocrx_word' id='word_1_655' title='bbox 2523 4312 2700 4376; x_wconf 70' lang='grc' dir='ltr'>κλίνη</span> <span class='ocrx_word' id='word_1_656' title='bbox 2729 4310 2837 4363; x_wconf 82' lang='grc' dir='ltr'><strong>τοῦ</strong></span> <span class='ocrx_word' id='word_1_657' title='bbox 2871 4309 3150 4378; x_wconf 75' lang='grc' dir='ltr'>Σολομὼν</span> <span class='ocrx_word' id='word_1_658' title='bbox 3169 4309 3234 4374; x_wconf 63' lang='grc' dir='ltr'>εί,</span> <span class='ocrx_word' id='word_1_659' title='bbox 3269 4308 3571 4374; x_wconf 77' lang='grc' dir='ltr'>ἐξήκοντα</span> 
     </span>
    </p>
   </div>
   <div class='ocr_carea' id='block_1_88' title="bbox 320 4393 1892 4471">
    <p class='ocr_par' dir='ltr' id='par_1_88' title="bbox 320 4393 1886 4469">
     <span class='ocr_line' id='line_1_89' title="bbox 320 4393 1886 4469; baseline -0.006 -12"><span class='ocrx_word' id='word_1_660' title='bbox 320 4409 557 4469; x_wconf 82' lang='lat' dir='ltr'><strong>potentes</strong></span> <span class='ocrx_word' id='word_1_661' title='bbox 621 4399 674 4453; x_wconf 86' lang='lat' dir='ltr'><strong>in</strong></span> <span class='ocrx_word' id='word_1_662' title='bbox 736 4398 967 4452; x_wconf 78' lang='lat' dir='ltr'><strong>circuitu</strong></span> <span class='ocrx_word' id='word_1_663' title='bbox 1019 4397 1176 4466; x_wconf 88' lang='lat' dir='ltr'><strong>ejus,</strong></span> <span class='ocrx_word' id='word_1_664' title='bbox 1227 4410 1293 4449; x_wconf 74' lang='lat' dir='ltr'><strong>ea:</strong></span> <span class='ocrx_word' id='word_1_665' title='bbox 1335 4395 1630 4463; x_wconf 84' lang='lat' dir='ltr'><strong>potentibus</strong></span> <span class='ocrx_word' id='word_1_666' title='bbox 1692 4393 1886 4449; x_wconf 82' lang='lat' dir='ltr'><strong>Israel.</strong></span> 
     </span>
    </p>
   </div>
   <div class='ocr_carea' id='block_1_89' title="bbox 1999 4393 3567 4471">
    <p class='ocr_par' dir='ltr' id='par_1_89' title="bbox 1999 4398 3567 4467">
     <span class='ocr_line' id='line_1_90' title="bbox 1999 4398 3567 4467; baseline -0.002 -12"><span class='ocrx_word' id='word_1_667' title='bbox 1999 4402 2237 4457; x_wconf 75' lang='grc' dir='ltr'>δυνατοὶ</span> <span class='ocrx_word' id='word_1_668' title='bbox 2287 4403 2489 4464; x_wconf 80' lang='grc' dir='ltr'>κύκλῳ</span> <span class='ocrx_word' id='word_1_669' title='bbox 2545 4400 2764 4466; x_wconf 82' lang='grc' dir='ltr'>αὐτῆς,</span> <span class='ocrx_word' id='word_1_670' title='bbox 2820 4400 2939 4455; x_wconf 82' lang='grc' dir='ltr'><strong>ἀπὸ</strong></span> <span class='ocrx_word' id='word_1_671' title='bbox 2980 4398 3253 4454; x_wconf 78' lang='grc' dir='ltr'>δυνατῶν</span> <span class='ocrx_word' id='word_1_672' title='bbox 3296 4398 3567 4467; x_wconf 74' lang='grc' dir='ltr'>Ἰσραήλ.</span> 
     </span>
    </p>
   </div>
   <div class='ocr_carea' id='block_1_90' title="bbox 324 4485 1885 4560">
    <p class='ocr_par' dir='ltr' id='par_1_90' title="bbox 324 4485 1885 4560">
     <span class='ocr_line' id='line_1_91' title="bbox 324 4485 1885 4560; baseline -0.006 -15"><span class='ocrx_word' id='word_1_673' title='bbox 324 4508 503 4546; x_wconf 82' lang='lat' dir='ltr'><strong>omnes</strong></span> <span class='ocrx_word' id='word_1_674' title='bbox 559 4500 793 4547; x_wconf 86' lang='lat' dir='ltr'><strong>tenentes</strong></span> <span class='ocrx_word' id='word_1_675' title='bbox 842 4488 1086 4560; x_wconf 76' lang='lat' dir='ltr'><strong>gladios,</strong></span> <span class='ocrx_word' id='word_1_676' title='bbox 1137 4499 1186 4542; x_wconf 85' lang='lat' dir='ltr'><strong>et</strong></span> <span class='ocrx_word' id='word_1_677' title='bbox 1238 4487 1306 4540; x_wconf 84' lang='lat' dir='ltr'><strong>ad</strong></span> <span class='ocrx_word' id='word_1_678' title='bbox 1384 4486 1522 4540; x_wconf 77' lang='lat' dir='ltr'><strong>bella</strong></span> <span class='ocrx_word' id='word_1_679' title='bbox 1572 4485 1885 4539; x_wconf 78' lang='lat' dir='ltr'><strong>doctissimi.</strong></span> 
     </span>
    </p>
   </div>
   <div class='ocr_carea' id='block_1_91' title="bbox 329 4576 1890 4653">
    <p class='ocr_par' dir='ltr' id='par_1_91' title="bbox 329 4576 1890 4653">
     <span class='ocr_line' id='line_1_92' title="bbox 329 4576 1890 4653; baseline -0.006 -17"><span class='ocrx_word' id='word_1_680' title='bbox 329 4582 756 4653; x_wconf 82' lang='lat' dir='ltr'><strong>Uniuscujusque</strong></span> <span class='ocrx_word' id='word_1_681' title='bbox 797 4582 939 4635; x_wconf 86' lang='lat' dir='ltr'><strong>ensis</strong></span> <span class='ocrx_word' id='word_1_682' title='bbox 980 4595 1137 4648; x_wconf 87' lang='lat' dir='ltr'><strong>super</strong></span> <span class='ocrx_word' id='word_1_683' title='bbox 1179 4578 1354 4647; x_wconf 84' lang='lat' dir='ltr'><strong>femur</strong></span> <span class='ocrx_word' id='word_1_684' title='bbox 1378 4577 1513 4646; x_wconf 80' lang='lat' dir='ltr'><strong>ejus,</strong></span> <span class='ocrx_word' id='word_1_685' title='bbox 1556 4592 1587 4630; x_wconf 93' lang='lat' dir='ltr'><strong>a</strong></span> <span class='ocrx_word' id='word_1_686' title='bbox 1620 4577 1806 4628; x_wconf 83' lang='lat' dir='ltr'><strong>timore</strong></span> <span class='ocrx_word' id='word_1_687' title='bbox 1838 4576 1890 4627; x_wconf 86' lang='lat' dir='ltr'><strong>in</strong></span> 
     </span>
    </p>
   </div>
   <div class='ocr_carea' id='block_1_92' title="bbox 323 4665 1891 4743">
    <p class='ocr_par' dir='ltr' id='par_1_92' title="bbox 323 4665 1891 4743">
     <span class='ocr_line' id='line_1_93' title="bbox 323 4665 1891 4743; baseline -0.005 -16"><span class='ocrx_word' id='word_1_688' title='bbox 323 4675 588 4729; x_wconf 81' lang='lat' dir='ltr'><strong>noctibus.</strong></span> <span class='ocrx_word' id='word_1_689' title='bbox 640 4673 894 4743; x_wconf 88' lang='lat' dir='ltr'><strong>Inprimis</strong></span> <span class='ocrx_word' id='word_1_690' title='bbox 949 4670 1303 4742; x_wconf 61' lang='lat' dir='ltr'><strong>quaerendum</strong></span> <span class='ocrx_word' id='word_1_691' title='bbox 1350 4677 1475 4733; x_wconf 89' lang='lat' dir='ltr'><strong>est,</strong></span> <span class='ocrx_word' id='word_1_692' title='bbox 1512 4685 1610 4724; x_wconf 88' lang='lat' dir='ltr'><strong>cur</strong></span> <span class='ocrx_word' id='word_1_693' title='bbox 1639 4665 1891 4721; x_wconf 89' lang='lat' dir='ltr'><strong>Salomo-</strong></span> 
     </span>
    </p>
   </div>
   <div class='ocr_carea' id='block_1_93' title="bbox 323 4761 1887 4836">
    <p class='ocr_par' dir='ltr' id='par_1_93' title="bbox 323 4761 1887 4836">
     <span class='ocr_line' id='line_1_94' title="bbox 323 4761 1887 4836; baseline -0.006 -16"><span class='ocrx_word' id='word_1_694' title='bbox 323 4782 448 4822; x_wconf 89' lang='lat' dir='ltr'><strong>nem</strong></span> <span class='ocrx_word' id='word_1_695' title='bbox 483 4780 748 4836; x_wconf 88' lang='lat' dir='ltr'><strong>sponsum</strong></span> <span class='ocrx_word' id='word_1_696' title='bbox 774 4765 1072 4834; x_wconf 88' lang='lat' dir='ltr'><strong>appellent.</strong></span> <span class='ocrx_word' id='word_1_697' title='bbox 1106 4762 1332 4818; x_wconf 72' lang='lat' dir='ltr'><strong>Salonio</strong></span> <span class='ocrx_word' id='word_1_698' title='bbox 1370 4761 1650 4831; x_wconf 75' lang='lat' dir='ltr'><strong>pacificum</strong></span> <span class='ocrx_word' id='word_1_699' title='bbox 1678 4765 1840 4814; x_wconf 88' lang='lat' dir='ltr'><strong>sonat</strong></span> <span class='ocrx_word' id='word_1_700' title='bbox 1874 4776 1887 4811; x_wconf 89' lang='lat'><strong>:</strong></span> 
     </span>
    </p>
   </div>
   <div class='ocr_carea' id='block_1_94' title="bbox 321 4850 1889 4929">
    <p class='ocr_par' dir='ltr' id='par_1_94' title="bbox 321 4850 1889 4929">
     <span class='ocr_line' id='line_1_95' title="bbox 321 4850 1889 4929; baseline -0.007 -16"><span class='ocrx_word' id='word_1_701' title='bbox 321 4859 487 4929; x_wconf 89' lang='lat' dir='ltr'><strong>idque</strong></span> <span class='ocrx_word' id='word_1_702' title='bbox 509 4860 564 4913; x_wconf 90' lang='lat' dir='ltr'><strong>in</strong></span> <span class='ocrx_word' id='word_1_703' title='bbox 598 4856 1053 4925; x_wconf 83' lang='lat' dir='ltr'><strong>Paralipomenon</strong></span> <span class='ocrx_word' id='word_1_704' title='bbox 1083 4855 1245 4910; x_wconf 88' lang='lat' dir='ltr'><strong>libris</strong></span> <span class='ocrx_word' id='word_1_705' title='bbox 1287 4855 1418 4909; x_wconf 91' lang='lat' dir='ltr'><strong>licet</strong></span> <span class='ocrx_word' id='word_1_706' title='bbox 1450 4852 1717 4907; x_wconf 82' lang='lat' dir='ltr'><strong>invenire.</strong></span> <span class='ocrx_word' id='word_1_707' title='bbox 1748 4850 1889 4902; x_wconf 85' lang='lat' dir='ltr'><strong>Deus</strong></span> 
     </span>
    </p>
   </div>
   <div class='ocr_carea' id='block_1_95' title="bbox 320 4946 1885 5017">
    <p class='ocr_par' dir='ltr' id='par_1_95' title="bbox 320 4946 1885 5017">
     <span class='ocr_line' id='line_1_96' title="bbox 320 4946 1885 5017; baseline -0.007 -8"><span class='ocrx_word' id='word_1_708' title='bbox 320 4954 468 5009; x_wconf 88' lang='lat' dir='ltr'><strong>enim</strong></span> <span class='ocrx_word' id='word_1_709' title='bbox 523 4950 750 5012; x_wconf 86' lang='lat' dir='ltr'><strong>Davidi,</strong></span> <span class='ocrx_word' id='word_1_710' title='bbox 825 4965 950 5002; x_wconf 88' lang='lat' dir='ltr'><strong>eum</strong></span> <span class='ocrx_word' id='word_1_711' title='bbox 1012 4948 1173 5002; x_wconf 87' lang='lat' dir='ltr'><strong>vellet</strong></span> <span class='ocrx_word' id='word_1_712' title='bbox 1241 4949 1507 5017; x_wconf 89' lang='lat' dir='ltr'><strong>templum</strong></span> <span class='ocrx_word' id='word_1_713' title='bbox 1565 4946 1885 5000; x_wconf 78' lang='lat' dir='ltr'><strong>aediﬁcare:</strong></span> 
     </span>
    </p>
   </div>
   <div class='ocr_carea' id='block_1_96' title="bbox 326 5040 1890 5116">
    <p class='ocr_par' dir='ltr' id='par_1_96' title="bbox 326 5040 1890 5116">
     <span class='ocr_line' id='line_1_97' title="bbox 326 5040 1890 5116; baseline -0.004 -16"><span class='ocrx_word' id='word_1_714' title='bbox 326 5069 343 5100; x_wconf 76' lang='grc' dir='ltr'><strong>ι</strong></span> <span class='ocrx_word' id='word_1_715' title='bbox 389 5047 553 5114; x_wconf 86' lang='lat' dir='ltr'><strong>Ecce,</strong></span> <span class='ocrx_word' id='word_1_716' title='bbox 595 5045 792 5116; x_wconf 90' lang='lat' dir='ltr'><strong>inquit,</strong></span> <span class='ocrx_word' id='word_1_717' title='bbox 830 5044 974 5098; x_wconf 86' lang='lat' dir='ltr'><strong>lilius</strong></span> <span class='ocrx_word' id='word_1_718' title='bbox 1023 5050 1283 5098; x_wconf 86' lang='lat' dir='ltr'><strong>nascetur</strong></span> <span class='ocrx_word' id='word_1_719' title='bbox 1341 5042 1464 5095; x_wconf 89' lang='lat' dir='ltr'><strong>tibi.</strong></span> <span class='ocrx_word' id='word_1_720' title='bbox 1516 5040 1612 5093; x_wconf 84' lang='lat' dir='ltr'><strong>llic</strong></span> <span class='ocrx_word' id='word_1_721' title='bbox 1656 5041 1760 5095; x_wconf 86' lang='lat' dir='ltr'><strong>erit</strong></span> <span class='ocrx_word' id='word_1_722' title='bbox 1809 5041 1890 5093; x_wconf 79' lang='lat' dir='ltr'><strong>vir</strong></span> 
     </span>
    </p>
   </div>
   <div class='ocr_carea' id='block_1_97' title="bbox 387 5218 1494 5285">
    <p class='ocr_par' dir='ltr' id='par_1_97' title="bbox 387 5218 1494 5285">
     <span class='ocr_line' id='line_1_98' title="bbox 387 5218 1494 5285; baseline -0.005 -9"><span class='ocrx_word' id='word_1_723' title='bbox 387 5222 414 5262; x_wconf 75' lang='grc' dir='ltr'><strong><em>ἀ</em></strong></span> <span class='ocrx_word' id='word_1_724' title='bbox 461 5221 617 5276; x_wconf 79' lang='lat' dir='ltr'><strong>Rom.</strong></span> <span class='ocrx_word' id='word_1_725' title='bbox 662 5236 773 5281; x_wconf 58' lang='grc' dir='ltr'>κη,</span> <span class='ocrx_word' id='word_1_726' title='bbox 826 5221 885 5285; x_wconf 89' lang='lat' dir='ltr'>I;</span> <span class='ocrx_word' id='word_1_727' title='bbox 930 5218 1494 5283; x_wconf 74' lang='lat' dir='ltr'><strong>coll.llebr.xm,15.</strong></span> 
     </span>
    </p>
   </div>
   <div class='ocr_carea' id='block_1_98' title="bbox 1994 4489 3567 4561">
    <p class='ocr_par' dir='ltr' id='par_1_98' title="bbox 1994 4489 3567 4561">
     <span class='ocr_line' id='line_1_99' title="bbox 1994 4489 3567 4561; baseline -0.004 -13"><span class='ocrx_word' id='word_1_728' title='bbox 1994 4492 2222 4558; x_wconf 81' lang='grc' dir='ltr'>Πάντες</span> <span class='ocrx_word' id='word_1_729' title='bbox 2266 4491 2618 4560; x_wconf 81' lang='grc' dir='ltr'>κατέχοντες</span> <span class='ocrx_word' id='word_1_730' title='bbox 2656 4491 2978 4561; x_wconf 61' lang='grc' dir='ltr'>ῥομφαίας,</span> <span class='ocrx_word' id='word_1_731' title='bbox 3018 4489 3421 4560; x_wconf 79' lang='grc' dir='ltr'>δεδιδαγμένοι</span> <span class='ocrx_word' id='word_1_732' title='bbox 3455 4490 3567 4542; x_wconf 81' lang='grc' dir='ltr'><strong>πό-</strong></span> 
     </span>
    </p>
   </div>
   <div class='ocr_carea' id='block_1_99' title="bbox 1993 4581 3571 4652">
    <p class='ocr_par' dir='ltr' id='par_1_99' title="bbox 1993 4581 3571 4652">
     <span class='ocr_line' id='line_1_100' title="bbox 1993 4581 3571 4652; baseline -0.003 -14"><span class='ocrx_word' id='word_1_733' title='bbox 1993 4588 2181 4652; x_wconf 76' lang='grc' dir='ltr'>λεμον</span> <span class='ocrx_word' id='word_1_734' title='bbox 2203 4598 2215 4610; x_wconf 83' lang='grc'><strong>’</strong></span> <span class='ocrx_word' id='word_1_735' title='bbox 2269 4582 2423 4649; x_wconf 82' lang='grc' dir='ltr'>ἀνὴρ</span> <span class='ocrx_word' id='word_1_736' title='bbox 2458 4583 2724 4651; x_wconf 58' lang='grc' dir='ltr'>ῥομφαιά</span> <span class='ocrx_word' id='word_1_737' title='bbox 2750 4581 2936 4637; x_wconf 84' lang='grc' dir='ltr'>αὑτοῦ</span> <span class='ocrx_word' id='word_1_738' title='bbox 2971 4582 3067 4636; x_wconf 75' lang='grc' dir='ltr'><strong>ἐπὶ</strong></span> <span class='ocrx_word' id='word_1_739' title='bbox 3101 4582 3209 4637; x_wconf 80' lang='grc' dir='ltr'>τὸν</span> <span class='ocrx_word' id='word_1_740' title='bbox 3244 4582 3440 4650; x_wconf 82' lang='grc' dir='ltr'>μηρὸν</span> <span class='ocrx_word' id='word_1_741' title='bbox 3463 4582 3571 4634; x_wconf 84' lang='grc' dir='ltr'><strong>αὐ-</strong></span> 
     </span>
    </p>
   </div>
   <div class='ocr_carea' id='block_1_100' title="bbox 1994 4672 3569 4745">
    <p class='ocr_par' dir='ltr' id='par_1_100' title="bbox 1994 4672 3569 4745">
     <span class='ocr_line' id='line_1_101' title="bbox 1994 4672 3569 4745; baseline -0.002 -17"><span class='ocrx_word' id='word_1_742' title='bbox 1994 4674 2120 4738; x_wconf 86' lang='grc' dir='ltr'>τοῦ,</span> <span class='ocrx_word' id='word_1_743' title='bbox 2150 4673 2266 4728; x_wconf 77' lang='grc' dir='ltr'><strong>ἀπὸ</strong></span> <span class='ocrx_word' id='word_1_744' title='bbox 2297 4673 2556 4742; x_wconf 78' lang='grc' dir='ltr'>θάμϐους</span> <span class='ocrx_word' id='word_1_745' title='bbox 2576 4674 2645 4726; x_wconf 77' lang='grc' dir='ltr'>ὲν</span> <span class='ocrx_word' id='word_1_746' title='bbox 2665 4673 2862 4737; x_wconf 80' lang='grc' dir='ltr'>νυξίν.</span> <span class='ocrx_word' id='word_1_747' title='bbox 2896 4674 3166 4744; x_wconf 82' lang='grc' dir='ltr'>Ζητητέον</span> <span class='ocrx_word' id='word_1_748' title='bbox 3197 4673 3254 4726; x_wconf 78' lang='grc' dir='ltr'>δὲ</span> <span class='ocrx_word' id='word_1_749' title='bbox 3288 4673 3393 4745; x_wconf 80' lang='grc' dir='ltr'><strong>πρὸ</strong></span> <span class='ocrx_word' id='word_1_750' title='bbox 3428 4672 3569 4726; x_wconf 83' lang='grc' dir='ltr'>πάν-</span> 
     </span>
    </p>
   </div>
   <div class='ocr_carea' id='block_1_101' title="bbox 1994 4764 3571 4835">
    <p class='ocr_par' dir='ltr' id='par_1_101' title="bbox 1994 4764 3571 4835">
     <span class='ocr_line' id='line_1_102' title="bbox 1994 4764 3571 4835; baseline -0.001 -16"><span class='ocrx_word' id='word_1_751' title='bbox 1994 4782 2121 4826; x_wconf 85' lang='grc' dir='ltr'>των,</span> <span class='ocrx_word' id='word_1_752' title='bbox 2172 4764 2223 4818; x_wconf 89' lang='grc' dir='ltr'><strong>τί</strong></span> <span class='ocrx_word' id='word_1_753' title='bbox 2269 4764 2468 4835; x_wconf 87' lang='grc' dir='ltr'>δήποτε</span> <span class='ocrx_word' id='word_1_754' title='bbox 2514 4764 2833 4834; x_wconf 86' lang='grc' dir='ltr'>Σολομῶντα</span> <span class='ocrx_word' id='word_1_755' title='bbox 2881 4766 2971 4819; x_wconf 80' lang='grc' dir='ltr'><strong>τὸν</strong></span> <span class='ocrx_word' id='word_1_756' title='bbox 3018 4765 3251 4835; x_wconf 87' lang='grc' dir='ltr'>νυμφίον</span> <span class='ocrx_word' id='word_1_757' title='bbox 3299 4782 3571 4835; x_wconf 85' lang='grc' dir='ltr'>προσαγο-</span> 
     </span>
    </p>
   </div>
   <div class='ocr_carea' id='block_1_102' title="bbox 2002 4855 3562 4929">
    <p class='ocr_par' dir='ltr' id='par_1_102' title="bbox 2002 4855 3562 4929">
     <span class='ocr_line' id='line_1_103' title="bbox 2002 4855 3562 4929; baseline -0.002 -18"><span class='ocrx_word' id='word_1_758' title='bbox 2002 4857 2214 4929; x_wconf 86' lang='grc' dir='ltr'>ρεύουσι</span> <span class='ocrx_word' id='word_1_759' title='bbox 2240 4874 2253 4887; x_wconf 88' lang='grc'><strong>·</strong></span> <span class='ocrx_word' id='word_1_760' title='bbox 2283 4856 2364 4923; x_wconf 74' lang='grc' dir='ltr'>τὸ,</span> <span class='ocrx_word' id='word_1_761' title='bbox 2398 4855 2669 4926; x_wconf 89' lang='grc' dir='ltr'>Σολομῶν,</span> <span class='ocrx_word' id='word_1_762' title='bbox 2702 4859 3002 4924; x_wconf 71' lang='grc' dir='ltr'>εἰρηνικὸς</span> <span class='ocrx_word' id='word_1_763' title='bbox 3053 4856 3520 4928; x_wconf 83' lang='grc' dir='ltr'>προσαγορεύεται</span> <span class='ocrx_word' id='word_1_764' title='bbox 3547 4873 3562 4885; x_wconf 92' lang='grc'><strong>·</strong></span> 
     </span>
    </p>
   </div>
   <div class='ocr_carea' id='block_1_103' title="bbox 1998 4948 3564 5020">
    <p class='ocr_par' dir='ltr' id='par_1_103' title="bbox 1998 4948 3564 5020">
     <span class='ocr_line' id='line_1_104' title="bbox 1998 4948 3564 5020; baseline -0.003 -17"><span class='ocrx_word' id='word_1_765' title='bbox 1998 4948 2275 5003; x_wconf 70' lang='grc' dir='ltr'>καὶτοῦτο</span> <span class='ocrx_word' id='word_1_766' title='bbox 2312 4949 2369 5000; x_wconf 78' lang='grc' dir='ltr'>ὲν</span> <span class='ocrx_word' id='word_1_767' title='bbox 2422 4949 2542 5010; x_wconf 88' lang='grc' dir='ltr'>ταῖς</span> <span class='ocrx_word' id='word_1_768' title='bbox 2586 4948 3088 5019; x_wconf 85' lang='grc' dir='ltr'>Παραλειπομέναις</span> <span class='ocrx_word' id='word_1_769' title='bbox 3145 4948 3291 5001; x_wconf 80' lang='grc' dir='ltr'>ἔστιν</span> <span class='ocrx_word' id='word_1_770' title='bbox 3342 4949 3522 5020; x_wconf 84' lang='grc' dir='ltr'>εὑρεῖν</span> <span class='ocrx_word' id='word_1_771' title='bbox 3550 4964 3564 4978; x_wconf 73' lang='grc' dir='ltr'><strong>ο</strong></span> 
     </span>
    </p>
   </div>
   <div class='ocr_carea' id='block_1_104' title="bbox 1998 5037 3567 5112">
    <p class='ocr_par' dir='ltr' id='par_1_104' title="bbox 1998 5037 3567 5112">
     <span class='ocr_line' id='line_1_105' title="bbox 1998 5037 3567 5112; baseline -0.001 -17"><span class='ocrx_word' id='word_1_772' title='bbox 1998 5041 2130 5112; x_wconf 69' lang='grc' dir='ltr'>φησὶ</span> <span class='ocrx_word' id='word_1_773' title='bbox 2150 5040 2256 5112; x_wconf 81' lang='grc' dir='ltr'><strong>γὰρ</strong></span> <span class='ocrx_word' id='word_1_774' title='bbox 2282 5041 2309 5093; x_wconf 86' lang='lat'><strong>6</strong></span> <span class='ocrx_word' id='word_1_775' title='bbox 2333 5038 2463 5101; x_wconf 79' lang='grc' dir='ltr'>Θεὸς</span> <span class='ocrx_word' id='word_1_776' title='bbox 2494 5037 2628 5108; x_wconf 82' lang='grc' dir='ltr'>πρὸς</span> <span class='ocrx_word' id='word_1_777' title='bbox 2651 5038 2977 5110; x_wconf 80' lang='grc' dir='ltr'>βουληθέντα</span> <span class='ocrx_word' id='word_1_778' title='bbox 3004 5040 3094 5095; x_wconf 77' lang='grc' dir='ltr'><strong>τὸν</strong></span> <span class='ocrx_word' id='word_1_779' title='bbox 3124 5040 3288 5096; x_wconf 79' lang='grc' dir='ltr'><strong>Δαὸὶδ</strong></span> <span class='ocrx_word' id='word_1_780' title='bbox 3318 5041 3407 5096; x_wconf 81' lang='grc' dir='ltr'><strong>τὸν</strong></span> <span class='ocrx_word' id='word_1_781' title='bbox 3430 5038 3567 5093; x_wconf 84' lang='grc' dir='ltr'>νεὼν</span> 
     </span>
    </p>
   </div>
   <div class='ocr_carea' id='block_1_105' title="bbox 1566 5374 2232 5430">
    <p class='ocr_par' dir='ltr' id='par_1_105' title="bbox 1566 5374 2232 5430">
     <span class='ocr_line' id='line_1_106' title="bbox 1566 5374 2232 5430; baseline 0.002 -3"><span class='ocrx_word' id='word_1_782' title='bbox 1566 5374 1790 5429; x_wconf 68' lang='lat' dir='ltr'><strong>VARUS</strong></span> <span class='ocrx_word' id='word_1_783' title='bbox 1831 5374 2232 5430; x_wconf 78' lang='lat' dir='ltr'><strong>LECTIONES.</strong></span> 
     </span>
    </p>
   </div>
   <div class='ocr_carea' id='block_1_106' title="bbox 392 5464 3560 5540">
    <p class='ocr_par' dir='ltr' id='par_1_106' title="bbox 392 5464 3560 5540">
     <span class='ocr_line' id='line_1_107' title="bbox 392 5464 3560 5540; baseline -0.002 -16"><span class='ocrx_word' id='word_1_784' title='bbox 392 5472 533 5525; x_wconf 58' lang='lat' dir='ltr'><strong>&quot;tv.</strong></span> <span class='ocrx_word' id='word_1_785' title='bbox 571 5471 692 5525; x_wconf 80' lang='lat' dir='ltr'><strong>cod.</strong></span> <span class='ocrx_word' id='word_1_786' title='bbox 722 5485 909 5539; x_wconf 73' lang='lat' dir='ltr'><strong>praem.</strong></span> <span class='ocrx_word' id='word_1_787' title='bbox 946 5470 1056 5522; x_wconf 87' lang='grc' dir='ltr'>καί.</span> <span class='ocrx_word' id='word_1_788' title='bbox 1112 5470 1314 5540; x_wconf 15' lang='lat' dir='ltr'><strong>i&#39;lcod.</strong></span> <span class='ocrx_word' id='word_1_789' title='bbox 1354 5471 1542 5540; x_wconf 79' lang='grc' dir='ltr'>στόμα.</span> <span class='ocrx_word' id='word_1_790' title='bbox 1569 5468 1666 5540; x_wconf 77' lang='lat'><strong>__“</strong></span> <span class='ocrx_word' id='word_1_791' title='bbox 1703 5469 1768 5540; x_wconf 65' lang='lat' dir='ltr'><strong>oi</strong></span> <span class='ocrx_word' id='word_1_792' title='bbox 1794 5468 2211 5540; x_wconf 67' lang='grc' dir='ltr'>Ἐθδομήκοντα.</span> <span class='ocrx_word' id='word_1_793' title='bbox 2239 5467 2363 5521; x_wconf 82' lang='lat' dir='ltr'><strong>Des.</strong></span> <span class='ocrx_word' id='word_1_794' title='bbox 2398 5467 2449 5540; x_wconf 80' lang='lat' dir='ltr'><strong>i_t_t</strong></span> <span class='ocrx_word' id='word_1_795' title='bbox 2483 5466 2604 5540; x_wconf 69' lang='lat' dir='ltr'><strong>cod.</strong></span> <span class='ocrx_word' id='word_1_796' title='bbox 2682 5466 2727 5497; x_wconf 80' lang='grc'>⁸⁸</span> <span class='ocrx_word' id='word_1_797' title='bbox 2762 5467 2854 5540; x_wconf 72' lang='grc' dir='ltr'><strong>καὶ</strong></span> <span class='ocrx_word' id='word_1_798' title='bbox 2878 5466 3244 5540; x_wconf 29' lang='grc' dir='ltr'>ὀ-ξύμμαχος.</span> <span class='ocrx_word' id='word_1_799' title='bbox 3284 5464 3370 5540; x_wconf 71' lang='lat' dir='ltr'><strong>De</strong></span> <span class='ocrx_word' id='word_1_800' title='bbox 3398 5466 3560 5540; x_wconf 76' lang='lat' dir='ltr'><strong>hujus</strong></span> 
     </span>
    </p>
   </div>
   <div class='ocr_carea' id='block_1_107' title="bbox 321 5537 2095 5679">
    <p class='ocr_par' dir='ltr' id='par_1_107' title="bbox 321 5537 2095 5679">
     <span class='ocr_line' id='line_1_108' title="bbox 321 5537 2095 5608; baseline -0.002 -13"><span class='ocrx_word' id='word_1_801' title='bbox 321 5543 551 5598; x_wconf 75' lang='lat' dir='ltr'><strong>lectione</strong></span> <span class='ocrx_word' id='word_1_802' title='bbox 579 5537 816 5596; x_wconf 76' lang='lat' dir='ltr'><strong>dubitari</strong></span> <span class='ocrx_word' id='word_1_803' title='bbox 846 5548 1045 5608; x_wconf 87' lang='lat' dir='ltr'><strong>potest.</strong></span> <span class='ocrx_word' id='word_1_804' title='bbox 1081 5539 1203 5593; x_wconf 85' lang='lat' dir='ltr'><strong>Vid.</strong></span> <span class='ocrx_word' id='word_1_805' title='bbox 1236 5538 1428 5594; x_wconf 84' lang='lat' dir='ltr'><strong>Montf.</strong></span> <span class='ocrx_word' id='word_1_806' title='bbox 1451 5537 1460 5540; x_wconf 73' lang='grc'>’</span> <span class='ocrx_word' id='word_1_807' title='bbox 1481 5540 1535 5594; x_wconf 90' lang='lat' dir='ltr'><strong>in</strong></span> <span class='ocrx_word' id='word_1_808' title='bbox 1568 5537 1794 5608; x_wconf 75' lang='lat' dir='ltr'><strong>llexapl.</strong></span> <span class='ocrx_word' id='word_1_809' title='bbox 1828 5539 1894 5593; x_wconf 88' lang='lat' dir='ltr'><strong>ad</strong></span> <span class='ocrx_word' id='word_1_810' title='bbox 1938 5537 2021 5593; x_wconf 34' lang='lat' dir='ltr'><strong>li.‘</strong></span> <span class='ocrx_word' id='word_1_811' title='bbox 2059 5540 2095 5591; x_wconf 95' lang='lat' dir='ltr'><strong>l.</strong></span> 
     </span>
     <span class='ocr_line' id='line_1_109' title="bbox 321 5608 2090 5679; baseline -0.002 -14"><span class='ocrx_word' id='word_1_812' title='bbox 321 5611 528 5679; x_wconf 74' lang='lat' dir='ltr'><strong>&quot;cod.</strong></span> <span class='ocrx_word' id='word_1_813' title='bbox 580 5612 735 5679; x_wconf 84' lang='grc' dir='ltr'>φησί.</span> <span class='ocrx_word' id='word_1_814' title='bbox 810 5612 856 5644; x_wconf 76' lang='grc'><strong><em>⁵⁸</em></strong></span> <span class='ocrx_word' id='word_1_815' title='bbox 889 5611 1001 5664; x_wconf 80' lang='grc' dir='ltr'>καί.</span> <span class='ocrx_word' id='word_1_816' title='bbox 1054 5609 1222 5665; x_wconf 81' lang='lat' dir='ltr'><strong>Abest</strong></span> <span class='ocrx_word' id='word_1_817' title='bbox 1268 5625 1297 5663; x_wconf 74' lang='grc' dir='ltr'><strong>τι</strong></span> <span class='ocrx_word' id='word_1_818' title='bbox 1351 5610 1470 5665; x_wconf 87' lang='lat' dir='ltr'><strong>cod.</strong></span> <span class='ocrx_word' id='word_1_819' title='bbox 1577 5609 1622 5640; x_wconf 78' lang='grc'><strong>⁶⁰</strong></span> <span class='ocrx_word' id='word_1_820' title='bbox 1667 5609 1968 5679; x_wconf 62' lang='grc' dir='ltr'>οἰκονομία.</span> <span class='ocrx_word' id='word_1_821' title='bbox 2073 5608 2090 5661; x_wconf 98' lang='lat' dir='ltr'><strong>l</strong></span> 
     </span>
    </p>
   </div>
   <div class='ocr_carea' id='block_1_108' title="bbox 1675 5626 1968 5664">
    <p class='ocr_par' dir='ltr' id='par_1_108' title="bbox 1675 5626 1968 5664">
     <span class='ocr_line' id='line_1_110' title="bbox 1675 5626 1968 5664; baseline 0.007 -2"><span class='ocrx_word' id='word_1_822' title='bbox 1675 5626 1968 5664; x_wconf 62' lang='grc' dir='ltr'>οικονομια.</span> 
     </span>
    </p>
   </div>
   <div class='ocr_carea' id='block_1_109' title="bbox 320 5609 1470 5690">
    <p class='ocr_par' dir='ltr' id='par_1_109' title="bbox 320 5609 1470 5690">
     <span class='ocr_line' id='line_1_111' title="bbox 320 5609 1470 5690; baseline -0.003 -23"><span class='ocrx_word' id='word_1_823' title='bbox 391 5612 531 5690; x_wconf 42' lang='grc' dir='ltr'><strong>βοά.ἶ</strong></span> <span class='ocrx_word' id='word_1_824' title='bbox 580 5612 780 5690; x_wconf 61' lang='grc' dir='ltr'>φησί.-</span> <span class='ocrx_word' id='word_1_825' title='bbox 810 5612 856 5644; x_wconf 77' lang='grc'><strong><em>⁵⁸</em></strong></span> <span class='ocrx_word' id='word_1_826' title='bbox 889 5611 1001 5690; x_wconf 73' lang='grc' dir='ltr'>καί.</span> <span class='ocrx_word' id='word_1_827' title='bbox 1041 5609 1222 5690; x_wconf 67' lang='grc' dir='ltr'><strong>⁵Μιρει</strong></span> <span class='ocrx_word' id='word_1_828' title='bbox 1252 5625 1297 5690; x_wconf 47' lang='grc' dir='ltr'><strong>’ξι</strong></span> <span class='ocrx_word' id='word_1_829' title='bbox 1330 5610 1470 5690; x_wconf 82' lang='lat' dir='ltr'><strong>_cod.</strong></span> 
     </span>
    </p>
   </div>
   <div class='ocr_carea' id='block_1_110' title="bbox 281 5680 1545 5780">
    <p class='ocr_par' dir='ltr' id='par_1_110' title="bbox 281 5680 1545 5780">
     <span class='ocr_line' id='line_1_112' title="bbox 281 5680 1545 5780; baseline 0.002 -47"><span class='ocrx_word' id='word_1_830' title='bbox 281 5680 683 5780; x_wconf 53' lang='lat' dir='ltr'><strong>.Ioiopi‘bvtoc.</strong></span> <span class='ocrx_word' id='word_1_831' title='bbox 743 5683 873 5738; x_wconf 81' lang='lat' dir='ltr'><strong>Rcc.</strong></span> <span class='ocrx_word' id='word_1_832' title='bbox 930 5680 1097 5737; x_wconf 85' lang='lat' dir='ltr'><strong>lectio</strong></span> <span class='ocrx_word' id='word_1_833' title='bbox 1137 5690 1220 5736; x_wconf 90' lang='lat' dir='ltr'><strong>est</strong></span> <span class='ocrx_word' id='word_1_834' title='bbox 1252 5681 1545 5749; x_wconf 82' lang='grc' dir='ltr'>Σαλωμών.</span> 
     </span>
    </p>
   </div>
   <div class='ocr_carea' id='block_1_111' title="bbox 2919 5535 3556 5605">
    <p class='ocr_par' dir='ltr' id='par_1_111' title="bbox 2919 5535 3556 5605">
     <span class='ocr_line' id='line_1_113' title="bbox 2919 5535 3556 5605; baseline 0 -15"><span class='ocrx_word' id='word_1_835' title='bbox 2919 5537 2962 5567; x_wconf 81' lang='grc'><strong>⁵⁷</strong></span> <span class='ocrx_word' id='word_1_836' title='bbox 3005 5535 3128 5591; x_wconf 83' lang='lat' dir='ltr'><strong>cod.</strong></span> <span class='ocrx_word' id='word_1_837' title='bbox 3175 5553 3299 5588; x_wconf 85' lang='grc' dir='ltr'>συνα</span> <span class='ocrx_word' id='word_1_838' title='bbox 3311 5536 3556 5605; x_wconf 82' lang='grc' dir='ltr'>φθεῖσαν.</span> 
     </span>
    </p>
   </div>
   <div class='ocr_carea' id='block_1_112' title="bbox 2153 5535 3531 5658">
    <p class='ocr_par' dir='ltr' id='par_1_112' title="bbox 2153 5535 3531 5658">
     <span class='ocr_line' id='line_1_114' title="bbox 2153 5535 3531 5605; baseline -0.001 -17"><span class='ocrx_word' id='word_1_839' title='bbox 2153 5539 2349 5605; x_wconf 69' lang='grc' dir='ltr'><strong>Μτῆς.</strong></span> <span class='ocrx_word' id='word_1_840' title='bbox 2406 5535 2527 5590; x_wconf 87' lang='lat' dir='ltr'><strong>Des.</strong></span> <span class='ocrx_word' id='word_1_841' title='bbox 2586 5535 2639 5588; x_wconf 88' lang='lat' dir='ltr'><strong>in</strong></span> <span class='ocrx_word' id='word_1_842' title='bbox 2699 5536 2823 5590; x_wconf 90' lang='lat' dir='ltr'><strong>cod.</strong></span> <span class='ocrx_word' id='word_1_843' title='bbox 2919 5537 2962 5567; x_wconf 81' lang='grc'><strong>⁵⁷</strong></span> <span class='ocrx_word' id='word_1_844' title='bbox 3005 5535 3128 5591; x_wconf 85' lang='lat' dir='ltr'><strong>cod.</strong></span> <span class='ocrx_word' id='word_1_845' title='bbox 3175 5536 3531 5605; x_wconf 81' lang='grc' dir='ltr'>συναφθεῖσαν</span> 
     </span>
     <span class='ocr_line' id='line_1_115' title="bbox 2188 5604 3531 5658; baseline 0 0"><span class='ocrx_word' id='word_1_846' title='bbox 2188 5608 2308 5658; x_wconf 86' lang='lat' dir='ltr'><strong>cod.</strong></span> <span class='ocrx_word' id='word_1_847' title='bbox 2360 5605 2609 5658; x_wconf 83' lang='lat' dir='ltr'><strong>sequitur</strong></span> <span class='ocrx_word' id='word_1_848' title='bbox 2640 5604 2800 5658; x_wconf 76' lang='lat' dir='ltr'><strong>Pselli</strong></span> <span class='ocrx_word' id='word_1_849' title='bbox 2853 5606 3250 5658; x_wconf 71' lang='lat' dir='ltr'><strong>ilttcrnretatio.</strong></span> <span class='ocrx_word' id='word_1_850' title='bbox 3346 5609 3386 5636; x_wconf 72' lang='grc' dir='ltr'>ει</span> <span class='ocrx_word' id='word_1_851' title='bbox 3431 5605 3531 5658; x_wconf 83' lang='lat' dir='ltr'><strong>cod</strong></span> 
     </span>
    </p>
   </div>
   <div class='ocr_carea' id='block_1_113' title="bbox 3346 5609 3555 5660">
    <p class='ocr_par' dir='ltr' id='par_1_113' title="bbox 3346 5609 3555 5660">
     <span class='ocr_line' id='line_1_116' title="bbox 3346 5609 3555 5660; baseline -0.019 0"><span class='ocrx_word' id='word_1_852' title='bbox 3346 5609 3386 5636; x_wconf 78' lang='grc'><strong>⁶¹</strong></span> <span class='ocrx_word' id='word_1_853' title='bbox 3431 5609 3555 5660; x_wconf 81' lang='lat' dir='ltr'><strong>cod.</strong></span> 
     </span>
    </p>
   </div>
   <div class='ocr_carea' id='block_1_114' title="bbox 2073 5604 3250 5677">
    <p class='ocr_par' dir='ltr' id='par_1_114' title="bbox 2073 5604 3250 5677">
     <span class='ocr_line' id='line_1_117' title="bbox 2073 5604 3250 5677; baseline -0.001 -16"><span class='ocrx_word' id='word_1_854' title='bbox 2073 5608 2129 5661; x_wconf 87' lang='lat' dir='ltr'><strong>lu</strong></span> <span class='ocrx_word' id='word_1_855' title='bbox 2188 5604 2308 5662; x_wconf 81' lang='lat' dir='ltr'><strong>cod.</strong></span> <span class='ocrx_word' id='word_1_856' title='bbox 2360 5605 2609 5677; x_wconf 85' lang='lat' dir='ltr'><strong>sequitur</strong></span> <span class='ocrx_word' id='word_1_857' title='bbox 2640 5604 2800 5661; x_wconf 76' lang='lat' dir='ltr'><strong>Pselli</strong></span> <span class='ocrx_word' id='word_1_858' title='bbox 2853 5606 3250 5674; x_wconf 74' lang='lat' dir='ltr'><strong>interpretatio.</strong></span> 
     </span>
    </p>
   </div>
  </div>
