3940 6200
208 280 313 347 121/

1246 281 1328 342 IN
1366 282 1751 354 CANTICUM
1795 281 2084 343 CANTIC.
2115 281 2260 342 LIB.
2292 280 2374 340 ΙΙ.

3327 274 3427 335 ῙἩ

205 386 512 457 οἰκοδομῆσαι
535 403 553 418 ⁸
606 405 627 440 σ
668 387 801 442 Ἰδοὺ
838 389 952 452 υίὸς
980 389 1221 443 τίκτεταί
1257 408 1340 444 σοι
1363 408 1376 423 ⁸
1412 386 1565 456 οὗτος
1594 391 1750 445 ἔσται

1859 393 2079 462 quietis,
2121 399 2176 447 et
2222 390 2418 444 faciam
2469 395 2526 442 ut
2579 387 2890 457 requiescet
2924 387 2994 441 ab
3022 385 3277 440 omnibus
3318 387 3427 438 ini-

206 481 309 553 ἀνὴρ
332 478 719 545 ἀναπαύσεως,
752 482 847 536 καὶ⁴
872 482 1170 536 ἀναπαύσω
1199 482 1363 536 αὐτὸν
1388 483 1498 536 ἀπὸ
1527 483 1746 537 πάντων

208 572 288 625 τῶν
324 571 528 643 ἐχθρῶν
583 572 756 627 αὐτοῦ
816 572 1096 641 κυκλόθεν,
1148 574 1232 628 ὅτι
1282 574 1533 645 Σολομῶν
1575 574 1746 645 δνομα

210 659 323 727 αὐτῷ
344 677 358 692 ⁸
403 661 498 715 καὶ
540 662 790 733 εἰρήνην,
823 663 916 716 καὶ
943 663 1171 733 ἡσυχίαν
1204 663 1361 717 δώσω
1401 665 1495 718 ἐπὶ
1533 664 1746 736 Ἰσραὴλ

211 756 254 806 ἐν
271 754 371 814 ταῖς
410 751 651 823 ἡμέραις
689 753 877 807 αὐτοῦ.
914 748 1081 816 Οὗτος
1104 754 1450 826 οἰκοδομήσει
1495 751 1641 809 οἷκον
1667 755 1748 825 τῷ

212 843 392 914 ὀνόματί
436 860 562 913 μου,
612 844 709 897 καὶ
747 838 901 907 οὗτος
929 845 1080 898 ἔσται
1112 863 1202 917 μοι
1237 848 1317 910 είς
1347 847 1482 911 υίὺν,
1514 847 1608 900 καὶ
1635 844 1749 914 ἐγὼ

213 935 366 1006 ἔσομαι
395 934 542 1005 αὑτῷ
577 936 661 999 είς
711 935 959 1007 πατέρα,
995 938 1089 990 καὶ
1132 937 1408 1009 ἑτοιμάσω
1436 939 1528 993 τὸν
1562 938 1748 1008 θρόνον

214 1028 287 1096 τῆς
301 1026 557 1096 βασιλείας
580 1025 747 1079 αὑτοῦ
775 1027 833 1078 ὲν
864 1026 1080 1098 Ἰσραὴλ
1098 1027 1202 1092 ἓως
1224 1027 1437 1092 αἰῶνος.
1463 1046 1483 1079 ι
1511 1028 1749 1099 Εὔδηλον

214 1120 257 1172 δὲ
274 1119 340 1172 ὅτι
369 1116 616 1187 Σολομὼν
642 1117 1027 1189 τετελεύτηκεν
1053 1118 1173 1173 οὐδὲ
1199 1120 1364 1174 πολὺν
1392 1119 1593 1190 βιώσας
1621 1121 1749 1190 χρό-

215 1225 301 1274 νον,
325 1208 410 1261 καὶ
439 1208 521 1261 ὃτι
544 1209 573 1261 6
600 1206 792 1276 θρόνος
814 1208 979 1262 αὑτοῦ
1009 1209 1162 1272 τέλος
1189 1210 1398 1264 ἐλαϐεν.
1430 1211 1748 1282 Σολομῶντα

215 1302 354 1355 τοίνυν
396 1301 790 1374 προσαγορεύει
853 1301 944 1355 τὸν
996 1302 1266 1373 εἰρηνικὸν
1317 1304 1475 1374 ἡμῶν
1522 1303 1745 1375 Κύριον,

217 1385 383 1463 περὶῶ
407 1409 568 1461 φησιν
598 1393 629 1445 6
662 1391 932 1462 μακάριος
957 1391 1170 1456 Παῦλος
1194 1408 1207 1423 ⁸
1242 1393 1445 1457 «Αὐτὸς
1471 1392 1580 1463 γάρ
1601 1395 1750 1446 ἐστιν

218 1483 425 1554 ἡείρήνη
455 1482 633 1553 ἡμῶν,
678 1485 707 1537 6
735 1485 966 1555 ποιήσας
1004 1484 1074 1537 τά
1114 1484 1403 1555 ἀμφότερα
1447 1484 1525 1551 ἓν,
1566 1482 1751 1538 καὶτὸ

218 1574 485 1645 μεσότοιχον
507 1572 604 1628 τοῦ
629 1575 885 1647 φραγμοῦ
914 1575 1102 1639 λύσας.
1135 1594 1156 1627 ›
1186 1576 1279 1630 Διὸ
1306 1577 1399 1631 καὶ
1422 1578 1452 1629 ό
1482 1576 1750 1647 μακάριος

215 1663 346 1717 una
360 1666 456 1731 Εἰς
472 1663 831 1733 Σο.2ομῶντα
864 1666 961 1735 μὲν
989 1665 1283 1737 ἐπιγράφει
1297 1667 1390 1719 τὸν
1408 1666 1488 1719 οα⁹
1513 1666 1746 1736 ψαλμὸν,

1854 485 2015 539 micis
2038 485 2157 539 suis
2182 499 2279 553 per
2302 482 2627 545 circuitum,
2654 480 2784 550 quia
2817 480 3039 533 Salomo
3068 493 3263 531 nomen
3283 478 3424 546 ejus.

1854 575 1921 630 Et
1952 590 2141 647 pacem
2175 582 2228 630 et
2261 554 2435 628 otium
2472 572 2617 628 dabo
2650 571 2703 626 in
2749 570 2951 626 lsraele
2987 569 3201 624 cunctis
3229 568 3428 623 diehus

1853 668 1997 737 ejus.
2031 660 2151 735 Ipse
2183 665 2479 720 aedificabit
2522 663 2746 717 domum
2790 662 3002 717 nomini
3033 677 3175 716 meo.
3212 659 3278 714 Et
3311 662 3429 727 ipse

1854 763 1961 817 erit
1989 758 2121 813 mihi
2170 772 2270 828 pro
2296 756 2409 811 lilio
2461 775 2475 812 :
2511 764 2566 811 et
2609 770 2711 825 ego
2749 770 2848 810 ero
2886 754 2966 809 illi
3012 762 3198 824 pater;
3238 752 3428 806 firma-

1852 853 2034 924 boque
2073 851 2273 907 solium
2327 849 2480 920 regni
2527 850 2648 918 ejus
2692 864 2860 918 super
2914 846 3115 902 lsraele
3171 847 3224 900 in
3272 855 3430 900 mter-

1855 958 1986 998 num
2027 953 2072 997 ε.
2105 960 2125 993 ι
2170 940 2404 995 Constat
2450 946 2654 1003 autem,
2700 937 3079 1003 Salomonem,
3128 952 3253 991 cum
3283 934 3429 988 haud

1855 1034 1968 1105 85
2020 1034 2096 1087 ita
2151 1033 2244 1087 diu
2294 1030 2555 1096 vixisset,
2592 1037 2873 1084 mortuum
2930 1043 3074 1093 esse,
3121 1037 3176 1082 et
3228 1026 3429 1080 solium

1857 1128 2010 1199 regni
2037 1127 2160 1194 ejus
2196 1124 2459 1179 habuisse
2492 1122 2677 1177 linem.
2728 1123 2915 1187 Quare
2946 1121 3302 1176 Salomonem
3334 1134 3432 1172 vo-

1855 1227 1942 1274 cat
1973 1218 2265 1289 paciticum
2317 1215 2608 1270 Dominum
2649 1222 2902 1269 nostrum
2932 1253 2948 1277 ,
2994 1212 3063 1267 de
3093 1226 3205 1282 quo
3234 1211 3432 1266 beatus

1854 1310 2064 1365 Paulus
2096 1329 2109 1363 :
2161 1328 2180 1361 ι
2219 1309 2342 1378 lpse
2367 1307 2517 1363 enim
2550 1314 2657 1372 est,
2697 1305 2899 1374 inquit,
2932 1320 3040 1375 pax
3089 1297 3433 1370 nostra,‘qui

1854 1398 1986 1454 fecit
2015 1406 2252 1466 utraque
2289 1411 2502 1451 unum:
2548 1403 2602 1450 et
2638 1394 2878 1450 medium
2929 1394 3200 1464 parietem
3251 1406 3434 1445 mace-

1854 1490 1953 1546 riae
1978 1488 2144 1545 solvit
2173 1486 2222 1543 ί.
2260 1507 2280 1541 ι
2320 1488 2600 1555 Quocirca
2633 1488 2829 1543 beatus
2865 1486 3032 1540 etiam
3080 1483 3251 1538 David
3285 1482 3436 1553 psal-

1855 1598 2005 1637 mum
2035 1580 2504 1652 septuagesimum
2554 1578 2790 1649 primum
2854 1576 2920 1631 In
2978 1575 3314 1631 Salomonem
3351 1574 3436 1627 in-

1857 1674 2077 1737 scribit,
2124 1682 2292 1743 atque
2328 1673 2384 1728 in
2416 1687 2481 1728 eo
2514 1671 2731 1741 psalmo
2762 1685 2853 1726 res
2882 1669 3155 1739 praeclare
3196 1674 3377 1737 gestas
3404 1679 3436 1717 a

222 1756 331 1809 τὰδὲ
356 1755 443 1808 τοῦ
475 1755 728 1825 Σωτῆρος
770 1755 930 1826 ἡμῶν
960 1758 1017 1809 ἐν
1057 1756 1205 1827 αὐτῷ
1243 1757 1510 1828 διηγεῖται
1552 1774 1749 1829 κατορ-

1859 1767 2144 1823 Salvatore
2198 1768 2393 1823 nos'tro
2456 1771 2702 1820 enarrat.
2744 1782 2763 1815 ‹
2793 1761 3079 1816 Judicabit
3130 1760 3299 1821 enim,
3348 1757 3435 1811 in-

215 1847 421 1917 θὼματα.
461 1849 685 1919 «Κρινεῖ
701 1848 831 1919 γὰρ,
858 1848 1014 1920 φησὶ,
1042 1849 1165 1912 τοὺς
1194 1850 1443 1919 πτωχοὺς
1473 1847 1565 1901 τοῦ
1595 1848 1747 1913 λαοῦ,

216 1940 293 1991 καὶ
314 1936 462 1992 σώσει
487 1940 615 2001 τοὺς
642 1940 795 2004 υἱοὺς
826 1941 936 1993 τῶν
985 1943 1252 2011 πενήτων,
1300 1942 1395 2001 καλ⁵
1423 1939 1750 1994 ταπεινώσει

217 2032 515 2101 συκοφάντην
541 2047 557 2060 ⁸
614 2033 709 2086 καὶ
744 2035 1167 2104 συμπαραμενεϊ
1201 2033 1279 2104 τῷ
1308 2033 1461 2105 ἡλίῳ,
1507 2033 1602 2087 καὶ
1644 2032 1751 2102 πρὸ

221 2122 295 2191 τῆς
338 2122 552 2194 σελήνης
577 2124 771 2193 γενεὰς
790 2124 835 2156 ⁸³
869 2125 1092 2194 γενεῶν;
1134 2143 1153 2177 ι
1204 2123 1342 2178 Οῦτε
1392 2124 1448 2177 δὲ
1496 2123 1573 2194 τῷ
1616 2123 1752 2194 ἡλίῳ

217 2216 721 2299 συμπαραμεμένηκε
768 2216 1040 2288 Σολομὼν,
1090 2216 1212 2270 οῦτε
1255 2218 1359 2286 πρὸ
1389 2217 1489 2287 τῆς
1524 2216 1752 2287 σελήνης

216 2306 429 2376 niveae“
449 2308 672 2377 γενεῶν.
711 2307 874 2362 Ἀλλά
906 2308 1080 2363 ταῦτα
1110 2309 1369 2380 ἁρμόττει
1400 2308 1478 2379 τῷ
1512 2309 1574 2361 ὲκ
1605 2307 1756 2361 Σολο-

218 2399 395 2471 μῶντος
419 2399 782 2470 βλαστήσαντι
827 2400 1005 2470 Ἰησοῦ
1037 2400 1259 2473 Χριστῷ
1292 2398 1434 2453 κατὰ
1458 2399 1517 2452 τὺ
1546 2397 1755 2471 ἀνθρώ-

216 2510 345 2547 tum
365 2509 380 2525 ⁸
429 2493 489 2557 ὃς
531 2493 639 2564 πρὸ
663 2492 774 2546 τῶν
816 2491 1029 2546 αἰώνων
1060 2492 1352 2564 ὑπάρχων,
1388 2511 1407 2544 ι
1435 2491 1657 2561 Κατέὸη
1680 2493 1756 2556 ὡς

214 2585 344 2647 ὑετὸς
376 2584 463 2637 ἐπὶ
492 2584 680 2649 πόκον,
723 2584 820 2638 καὶ
862 2583 996 2638 ὡσεὶ
1038 2582 1251 2654 σταγὼν
1283 2585 1317 2654 ἡ
1359 2582 1629 2648 στάζουσα
1661 2584 1756 2637 ἐπὶ

214 2671 296 2742 τὴν
322 2672 433 2742 γῆν.
470 2692 489 2725 ι
543 2674 718 2727 Πόκον
762 2674 821 2727 δὲ
858 2673 1090 2729 ἐνταῦθα
1136 2673 1234 2744 τὴν
1276 2674 1549 2745 Παρθένον
1586 2692 1753 2747 προσ-

214 2761 466 2834 ηγόρευσε.
495 2764 767 2836 Καθάπερ
790 2764 839 2797 “
865 2764 974 2837 γὰρ
1004 2764 1158 2829 ὑετὸς
1189 2765 1282 2818 ἐπὶ
1313 2765 1479 2819 πόκον
1519 2766 1757 2838 ἀψοφητὶ

213 2853 460 2923 κάτεισιν,
510 2855 685 2920 οὕτως
715 2859 747 2910 6
783 2859 1050 2928 σωτήριος
1091 2858 1299 2920 ἐκεῖνος
1337 2857 1495 2920 τόκος
1540 2858 1758 2911 πάντων

214 2945 483 3017 ἀνθρώπων
520 2948 863 3018 ἀγνοούντων
910 2949 1143 3017 ἐγένετο.
1194 2949 1418 3013 Τούτοις
1460 2947 1754 3021 ἐπιφέρει·

1857 1862 1996 1931 quit,
2038 1875 2313 1931 pauperes
2341 1858 2566 1929 populi,
2606 1865 2661 1912 et
2699 1855 2888 1911 salvos
2917 1852 3081 1907 faciet
3113 1851 3257 1905 filios
3296 1862 3434 1918 pau-

1856 1968 2076 2025 perum,
2137 1959 2191 2007 et
2236 1949 2553 2005 humiliabit
2600 1947 3081 2002 ealumniatorem.
3116 1942 3184 1996 Et
3218 1953 3437 2011 perma-

1857 2045 2010 2101 nebit
2041 2058 2167 2098 cum
2209 2043 2349 2106 sole,
2399 2051 2453 2096 et
2489 2050 2614 2094 ante
2646 2040 2833 2093 lunam
2857 2081 2871 2103 ,
2923 2050 3025 2106 per
3050 2032 3436 2105 generationes

1859 2135 2278 2207 generationum
2327 2134 2373 2187 ε.
2413 2151 2431 2184 ι
2467 2131 2632 2202 Atqui
2672 2130 2897 2184 Salomo
2938 2141 3117 2196 neque
3162 2138 3289 2178 cum
3321 2122 3438 2178 sole

1859 2228 2192 2299 permansit,
2226 2240 2406 2295 neque
2438 2224 2542 2279 fuit
2572 2230 2703 2277 ante
2753 2221 2943 2275 lunam
2991 2233 3091 2289 per
3124 2215 3439 2288 generatio-

1860 2332 1959 2373 nes
1994 2316 2434 2388 generationum.
2469 2312 2578 2369 Sed
2619 2312 2738 2367 haec
2783 2309 2913 2365 Jesu
2970 2307 3195 2363 Christo
3236 2319 3439 2360 conve-

1862 2413 2043 2477 niunt,
2092 2412 2187 2482 qui
2229 2425 2355 2465 cum
2402 2408 2476 2464 sit
2520 2417 2647 2463 ante
2695 2406 2936 2473 saecula,
2992 2418 3057 2459 ex
3117 2400 3438 2461 Salomone,

1861 2512 2129 2575 quantum
2171 2504 2237 2558 ad
2272 2500 2675 2556 humanitatem
2707 2499 2982 2571 pertinet,
3028 2494 3299 2565 originem
3333 2490 3441 2546 du-

1863 2613 2015 2661 cens,
2055 2614 2074 2647 ι
2113 2592 2412 2650 Descendit
2443 2592 2594 2648 sicut
2626 2590 2812 2663 pluvia
2844 2589 2899 2642 in
2950 2587 3156 2648 vellus,
3195 2591 3250 2639 et
3294 2583 3441 2638 sicut

1863 2694 2015 2750 stilla
2065 2691 2281 2748 stillans
2312 2704 2481 2759 super
2533 2697 2738 2743 terram
2772 2686 2825 2738 δ.
2860 2703 2878 2737 ι
2916 2682 3105 2738 Vellus
3132 2681 3223 2735 hic
3257 2678 3443 2748 Virgi—

1863 2801 1988 2842 nem
2032 2782 2361 2839 nominavit.
2413 2777 2891 2847 Quemadmodum
2943 2776 3092 2830 enim
3145 2771 3332 2844 pluvia
3384 2770 3439 2825 in

1863 2880 2039 2934 vellus
2081 2876 2203 2933 sine
2254 2873 2491 2943 strepitu
2542 2870 2836 2926 descendit
2881 2888 2896 2924 :
2948 2868 3024 2923 ita
3053 2865 3317 2923 salutaris
3352 2863 3443 2918 ille

1864 2979 2058 3041 partus
2102 2966 2364 3021 omnibus
2394 2963 2720 3019 hominibus
2756 2959 3147 3034 ignorantibus
3179 2946 3440 3024 contigit.

219 3057 237 3088 ι
268 3039 514 3094 ’Δνστελεί
546 3042 606 3096 ὲν
632 3043 756 3106 ταῖς
790 3040 1029 3113 ἡμέραις
1074 3040 1239 3095 αὐτοῦ
1283 3041 1616 3112 δικαιοσύνη,
1665 3042 1754 3094 καὶ

1868 3039 2074 3115 Deinde
2106 3056 2333 3125 subjicit
2361 3071 2376 3110 :
2422 3073 2441 3105 ι
2476 3052 2702 3108 Orietur
2727 3052 2781 3106 in
2811 3050 3007 3105 diebus
3048 3049 3175 3118 ejus
3199 3047 3441 3117 justitia,

214 3132 390 3201 πλῆθος
426 3135 684 3205 εἰρήνης·
733 3135 839 3198 ἕως
868 3129 928 3216 οῦ
958 3136 1003 3167 ⁸⁸
1047 3135 1407 3207 ἀνταναιρεθῇ
1455 3137 1489 3206 ἡ
1537 3135 1754 3205 σελήνη.

1864 3159 1917 3207 et
1949 3119 2291 3205 abundantia
2323 3145 2497 3216 pacis,
2534 3144 2713 3197 donec
2742 3142 3031 3195 auferatur
3066 3139 3221 3193 luna.
3262 3136 3327 3189 Et
3354 3135 3446 3189 do-

214 3224 309 3278 Kal.
334 3227 744 3297 κατακυριεύσει
774 3228 884 3281 ἀπὸ
912 3210 1186 3298 θαλάσσης
1217 3228 1320 3291 ἕως
1349 3227 1643 3297 θαλάσσης,
1668 3226 1762 3280 καὶ

214 3317 305 3370 ἀπὸ
330 3320 580 3389 ποταμῶν
622 3321 731 3383 ἕως
762 3321 1015 3391 περάτων
1058 3320 1158 3390 τῆς
1202 3321 1551 3389 οἰκουμένης,
1597 3337 1616 3369 ι
1667 3320 1762 3372 καὶ

213 3410 271 3460 τὰ
296 3410 411 3482 ἑξῆς
442 3413 656 3465 ἅπαντα
684 3413 785 3481 τῆς
810 3412 980 3482 αὐτῆς
1004 3411 1241 3476 διανοίας
1272 3411 1525 3481 ἐχόμενα·
1560 3410 1621 3462 οὐ
1655 3409 1763 3479 γὰρ

214 3499 296 3554 νῦν
345 3504 521 3574 καιρὸς
563 3506 657 3558 τὸν
699 3505 918 3576 ψαλμὸν
965 3504 1307 3579 ἑρμηνεύειν.
1357 3504 1500 3566 Ἕως
1550 3503 1607 3555 δὲ
1652 3501 1762 3555 τῶν

216 3596 439 3663 περάτων
462 3598 558 3666 τῆς
590 3599 918 3669 οἰκουμένης
946 3601 1043 3669 οὐχ
1078 3601 1106 3653 ό
1135 3597 1386 3667 Σολομὼν
1418 3598 1760 3667 ἐκυρίευσεν,

214 3685 315 3737 ἀλλ’
333 3690 359 3739 ὁ
380 3691 435 3740 ἐκ
458 3690 803 3759 Σολομῶντος
833 3690 1138 3761 βλαστήσας
1170 3690 1310 3744 κατᾶ
1342 3690 1399 3743 τὸ
1428 3687 1763 3760 ἀνθρώπειον

224 3778 406 3847 Ἰησοῦς
432 3782 679 3852 Χριστὸς,
704 3782 801 3835 καὶ
835 3781 1084 3853 Σολομὼν
1118 3780 1654 3853 προσαγορευόμενος
1677 3778 1764 3832 διὰ

212 3867 265 3919 τὺ
302 3872 559 3941 εἰρηνικὸν
599 3874 697 3927 καὶ
742 3875 955 3946 πρᾶον,
1007 3876 1102 3929 καὶ
1148 3875 1370 3945 εἰρήνης
1405 3872 1761 3944 παρεκτικόν.

222 3956 421 4032 Ἐπειδὴ
466 3962 647 4016 τοίνυν
691 3963 775 4028 τίς
807 3966 836 4016 6
870 3963 1120 4033 Σολομὼν
1160 3962 1581 4035 μεμαθήκαμεν,
1633 3961 1767 4032 φέρε

215 4052 302 4122 τῆς
337 4056 612 4126 ἑρμηνείας
656 4056 945 4127 ἁψώμεθα.
987 4076 1005 4109 ι
1039 4056 1167 4110 Ἰδοὺ
1210 4058 1244 4127 ἡ
1292 4055 1443 4128 κλίνη
1478 4055 1573 4109 τοῦ
1609 4054 1768 4107 Σολο-

1866 3242 2219 3297 minabitura
2251 3239 2390 3292 mari
2417 3251 2594 3306 usque
2618 3236 2684 3288 ad
2726 3248 2880 3287 mare
2915 3250 2928 3286 :
2963 3241 3018 3287 et
3049 3244 3079 3283 a
3119 3227 3443 3282 ﬂuminibus

1868 3347 2046 3401 usque
2091 3329 2159 3384 ad
2211 3327 2486 3382 terminos
2533 3325 2687 3379 orbis
2740 3332 3015 3378 terrarum
3058 3321 3101 3372 ί.
3152 3338 3173 3371 ι
3221 3316 3288 3370 Et
3322 3332 3445 3385 qua:

1866 3431 2180 3494 sequuntur
2252 3418 2440 3474 omnia
2500 3416 2749 3471 eamdem
2806 3413 3009 3467 habent
3063 3410 3441 3469 sententiam,

1867 3531 2045 3587 neque
2090 3514 2237 3570 enim
2289 3518 2455 3565 vacat
2503 3510 2557 3562 in
2614 3505 2912 3577 praesentia
2962 3503 3233 3573 psalmum
3268 3502 3443 3553 iuler-

1864 3606 2093 3678 pretari.
2144 3603 2371 3659 Salomo
2423 3599 2644 3669 quidem
2679 3612 2858 3666 usque
2895 3596 2961 3649 ad
2992 3593 3264 3649 terminos
3295 3588 3447 3644 orhis

1866 3708 2139 3753 terrarum
2173 3694 2400 3749 minime
2443 3691 2764 3746 dominatus
2816 3694 2920 3751 est,
2966 3682 3060 3739 sed
3102 3682 3197 3753 qui
3228 3698 3294 3735 ex
3344 3679 3446 3732 Sa-

1865 3790 2085 3844 lomone
2117 3784 2275 3841 duxit
2295 3781 2569 3853 originem
2600 3777 2965 3834 humanitatis
2985 3773 3148 3829 Jesus
3170 3769 3446 3829 Christus,

1867 3889 1921 3937 et
1954 3880 2179 3935 Salomo
2206 3877 2551 3940 nominatur,
2575 3874 2706 3944 quia
2736 3869 3008 3941 pacificus
3041 3874 3097 3921 et
3126 3871 3451 3921 mansuetus

1868 3974 1993 4038 fuit,
2027 3981 2081 4027 et
2118 3984 2314 4042 pacem
2360 3964 2760 4038 suppeditavit.
2797 3961 2907 4033 85
2942 3961 3244 4029 Postquam
3292 3968 3448 4015 vero,

1866 4068 1993 4137 quis
2018 4066 2091 4120 sit
2120 4065 2346 4119 Salomo
2380 4061 2711 4123 didicimus,
2740 4057 2807 4110 ad
2838 4049 3319 4123 interpretandum
3351 4062 3454 4100 nos

220 4144 386 4213 μών.»
450 4149 651 4218 κλίνην
695 4149 790 4202 τοῦ
844 4150 1077 4221 νυμφίου
1126 4149 1225 4212 τὰς
1281 4149 1432 4211 θείας
1484 4148 1754 4217 νοήσωμεν

1870 4159 2253 4226 accingamus.
2309 4174 2327 4205 ι
2384 4153 2524 4208 Ecce
2584 4151 2824 4205 lectulus
2890 4143 3224 4201 Salomonis.
3286 4160 3304 4193 ι
3353 4138 3454 4193 Per

218 4236 254 4287 Γ
261 4239 434 4306 patrati;
481 4238 570 4293 Ἐν
599 4241 839 4303 ἐκείναις
869 4240 978 4310 γὰρ
1004 4241 1166 4294 οἱονεὶ
1198 4239 1696 4309 συνανακλινομένη
1731 4240 1754 4307 ἦ

1870 4249 2058 4315 ειτοιιεὶ
2108 4247 2378 4301 lectulum
2423 4246 2646 4301 divinas
2696 4240 3073 4310 intelligamus
3106 4234 3451 4303 Scripturas.

220 4325 385 4396 νύμφη
404 4328 476 4398 τῷ
501 4330 740 4401 νυμφίῳ,
771 4331 867 4383 καὶ
895 4331 964 4382 τὰ
984 4332 1080 4402 τῆς
1105 4329 1452 4393 διδασκαλίας
1480 4330 1754 4399 σπέρματα

1871 4342 1925 4393 ln
1959 4340 2069 4394 illis
2099 4339 2247 4392 enim
2305 4337 2477 4392 veluti
2531 4335 2698 4391 cubat
2733 4346 2938 4403 sponsa
2979 4344 3102 4383 cum
3141 4338 3371 4392 sponso,
3403 4328 3457 4370 et

221 4416 476 4492 δεχομένη,
527 4422 912 4493 συλλαμϐάνει,
963 4425 1058 4477 καὶ
1092 4422 1234 4487 κύει,
1286 4423 1378 4476 καὶ
1424 4423 1621 4487 ώδίνει,
1676 4422 1754 4474 xui

1871 4429 2147 4485 doctrinae
2184 4427 2400 4481 semina
2440 4426 2780 4495 suscipiens,
2831 4418 3096 4487 concipit,
3137 4422 3306 4481 atque
3338 4418 3457 4462 ute-

224 4508 376 4562 τίκτει
396 4510 486 4581 τὴν
516 4512 890 4585 πνευματικὴν
918 4514 1208 4584 ὠφέλειαν,
1243 4515 1317 4579 ὡς
1345 4515 1474 4585 βοᾷν
1510 4515 1647 4585 μετὰ
1676 4514 1754 4567 τοῐ

1878 4537 1997 4574 rum
2030 4519 2195 4589 gerit.
2230 4528 2286 4573 et
2322 4517 2594 4587 parturit,
2630 4513 2891 4583 par-itque
2933 4504 3277 4576 spiritualem
3311 4500 3461 4553 utili-

228 4603 473 4673 προφήτου
496 4619 511 4634 ⁸
548 4623 566 4655 ι
595 4606 693 4658 Διὰ
719 4604 812 4658 τὸν
844 4605 1006 4673 φόσον
1019 4605 1064 4636 ⁸⁸
1094 4623 1211 4670 σου,
1257 4606 1451 4676 Κύριε,
1484 4608 1538 4659 ἐν
1572 4606 1754 4675 γαστρ¹

1876 4620 2065 4674 tatem,
2124 4611 2198 4663 ita
2254 4619 2312 4662 ut
2360 4609 2561 4662 clamet
2611 4620 2739 4658 cum
2801 4599 3067 4670 propheta
3109 4615 3121 4651 :
3164 4616 3181 4646 «
3224 4594 3458 4663 Propter

231 4690 480 4765 ἐλάϐομεν,
523 4696 617 4749 καὶ
664 4697 1028 4768 ὠδινήσαμεν,
1083 4700 1174 4751 καὶ
1221 4699 1480 4768 ὲτέκομεν
1506 4716 1519 4730 ⁸
1558 4690 1754 4768 πνεῦμε

1876 4706 2134 4757 timorem
2159 4710 2339 4762 tuum,
2369 4700 2620 4760 Domine,
2657 4696 2711 4747 in
2759 4699 2955 4747 ventre
2983 4688 3369 4758 concepimus,
3401 4693 3459 4738 et

235 4788 471 4855 σωτηρίας
528 4806 619 4842 σου
673 4790 1008 4861 ἐποιήσαμεν
1070 4790 1164 4842 ἐπὶ
1220 4791 1319 4860 τῆς
1370 4792 1474 4859 γῆς
1504 4789 1570 4844 ⁵⁷.
1620 4808 1637 4840 ι
1705 4819 1754 4829 -

1881 4791 2306 4863 parturivimus,
2331 4798 2386 4843 et
2427 4786 2781 4857 peperimus:
2813 4781 3071 4853 spiritum
3108 4779 3306 4834 salutis
3349 4787 3457 4830 tua!

241 4893 255 4921 ι
291 4875 572 4948 Ἑξήκοντα,
600 4883 758 4951 φησὶ,
790 4883 1006 4935 δυνατοὶ
1036 4881 1221 4953 κύκλῳ
1254 4882 1444 4951 αὐτῆς,
1477 4881 1584 4934 ἀπὸ
1612 4880 1742 4934 δυνα

1886 4885 2124 4938 fecimus
2156 4897 2322 4952 super
2363 4889 2572 4934 terram
2607 4877 2654 4932 ί.
2686 4895 2704 4928 ι
2746 4907 2816 4917 -
2852 4893 2869 4926 ι
2908 4871 3232 4941 Sexaginta,
3259 4868 3458 4933 inquit.

238 4966 329 5019 τῶν
374 4970 590 5042 Ἰσραήλ.
654 4974 865 5038 Πάντες
911 4977 1236 5046 κατέχοντες
1286 4973 1582 5044 ῥομφαίας,
1633 4972 1754 5025 δεδι·

1880 4983 2143 5045 potentes
2200 4975 2257 5027 in
2313 4974 2550 5029 circuitu
2605 4971 2732 5041 ejus
2777 4984 2843 5024 ex
2895 4963 3220 5036 potentibus
3272 4960 3461 5014 Israel.

239 5055 454 5130 δατμένοι
503 5066 778 5137 πόλεμον
838 5065 978 5137 ἀνὴρ
1018 5067 1261 5138 ῥομφαία
1316 5065 1482 5119 αὑτοῦ
1542 5065 1635 5118 ἐπὶ
1680 5065 1754 5117 τὸι

1879 5065 2085 5121 Omnes
2138 5073 2389 5121 tenentes
2441 5063 2693 5135 gladios,
2752 5071 2807 5117 et
2837 5059 2904 5114 ad
2935 5057 3080 5114 bella
3124 5052 3462 5110 doctissimi.

302 5247 779 5320 elParal.xxu,9,
804 5250 892 5307 10.
970 5250 990 5291 ί
1015 5250 1216 5321 Ephes.
1261 5270 1321 5318 ιι,
1374 5254 1462 5308 M.
1537 5264 1562 5300 ις
1597 5252 1746 5308 Psal.
1775 5253 1996 5319 Lxxi,4,
2028 5254 2080 5308 5.
2162 5252 2189 5292 ιι
2220 5250 2358 5306 Ibid.
2394 5251 2447 5304 6.
2535 5251 2548 5289 ὶ
2587 5247 2722 5302 Ibid.
2749 5246 2801 5311 7,
2829 5244 2883 5300 8.

1459 5396 1696 5453 VARUS
1722 5395 2131 5452 LECTIONES.

295 5511 331 5539 ¹¹
360 5513 553 5578 γενεάς.
602 5510 833 5579 Supra,
868 5509 1081 5576 γενεᾶς,
1122 5513 1164 5560 ι.
1198 5506 1239 5570 1,
1269 5523 1321 5579 p.
1358 5508 1508 5562 11111.
1588 5509 1632 5539 ⁸³
1671 5510 1793 5563 cod.
1836 5510 2050 5575 γενεᾶς,
2081 5508 2365 5579 praemisso
2400 5503 2538 5579 ἐστί.

237 5580 333 5652 vide
363 5562 396 5635 ί.
428 5581 467 5646 1,
581 5562 747 5637 ιιοῖ.
772 5562 913 5632 111ηό
968 5562 1542 5652 pateteumdemesse
1577 5562 1863 5652 utriusque
1887 5562 2387 5645 Iihrinscriptorem.
2468 5574 2519 5652 ξδ’
2543 5562 2623 5624 οὗ.
2658 5570 2829 5652 Abest
2871 5583 2898 5619 a
2930 5562 3053 5619 eod.

235 5651 387 5713 ῗδδθν·
451 5624 811 5719 ἲς’γὲτέκομίεν
839 5678 911 5719 έ-
937 5624 1060 5715 γ’ἦς.
1085 5647 1259 5719 Αίὶἒιῐη
1292 5649 1576 5703 lectionem
1606 5665 1666 5704 ac
1696 5624 2099 5705 disltinctiouclu
2476 5643 2671 5696 Noster
2699 5640 2754 5693 in
2781 5630 3204 5691 Commentariis
3229 5626 3300 5710 ad
3319 5624 3468 5683 Psal-

233 5702 744 5792 no..'co..r.i."t,]i.
787 5718 891 5772 πει
918 5702 1244 5788 015.1292.
1322 5702 1331 5703 ί
1432 5702 1512 5703 ίί
1651 5702 1661 5704 ‘
1766 5702 1799 5705 ’ί
2003 5702 2035 5705 ”
3291 5702 3300 5710 ’

2982 5254 2995 5292 ι
3038 5242 3144 5299 lsa.
3181 5261 3332 5308 xxvn,
3376 5242 3463 5296 l8.

2615 5501 2661 5532 ⁶⁸
2701 5497 2956 5565 καθάπερ
2985 5515 3037 5548 κ.
3073 5513 3121 5545 τ.
3152 5494 3201 5544 λ.
3266 5490 3465 5565 Eadem

3135 5564 3179 5589 ⁸⁵
3219 5560 3339 5612 cod.
3373 5560 3465 5604 τοῦ
