3940 6200
428 248 537 318 123

1442 259 1931 321 THEODORETI
1954 260 2295 321 EPISCOPI
2323 262 2686 322 CYRENSIS

3586 261 3689 323 12$

429 364 880 436 lluiuscujusque
909 364 1062 431 ensis
1090 379 1259 438 super
1295 364 1471 423 femur
1489 367 1635 439 ejus,
1661 382 1691 423 a
1716 368 1915 426 timore
1939 369 1994 425 in

2125 371 2275 441 ιηρὸν
2310 370 2493 431 αὑτοῦ,
2530 369 2637 422 ἀπὸ
2664 367 2905 438 θάμϐους
2936 369 2992 420 ὲν
3026 366 3189 430 νυξίν.
3232 387 3247 417 ι
3289 368 3391 421 Τὸν
3421 369 3691 440 ἐξήκοντα

429 460 710 516 noctibus.
749 477 769 511 ι
818 456 1114 532 Sexaginta
1178 474 1471 514 numerum
1506 459 1598 514 hic
1627 460 1868 531 positum
1892 461 2009 516 exi-

428 555 626 619 stimo,
662 566 772 606 non
807 559 870 605 ut
912 551 1054 605 hanc
1097 551 1369 620 exprimat
1398 550 1794 621 qhantitatem,
1828 551 1922 608 sed
1949 560 2010 607 ut

430 644 641 700 iudicet
668 644 813 698 viros
845 644 900 698 in
936 641 1118 697 Veteri
1148 642 1507 698 Testamento
1536 647 1838 700 sanctitate
1864 660 2009 715 prte-

430 742 665 790 stantes.
726 720 1241 789 Numerum’enim
1322 731 1619 787 denarium
1701 732 2009 804 perfectum

428 838 557 881 esse
589 824 933 879 contendunt
959 838 973 875 :
1005 820 1288 877 senarium
1319 831 1507 878 autem
1555 823 1669 880 illis
1698 806 2011 895 congruere

429 914 525 985 qui
580 921 740 969 erant
787 912 890 967 sub
925 911 1062 982 lege.
1115 931 1132 963 ι
1187 911 1297 968 Sex
1326 913 1499 980 enim,
1548 913 1755 986 inquit,
1807 915 2011 972 diebus

431 1006 605 1062 facies
635 1019 802 1076 opera
827 1014 919 1060 tua
945 1004 998 1061 ιι.
1037 1024 1055 1056 ι
1094 1003 1377 1061 Perfectos
1410 1006 1585 1078 igitur
1615 1006 1671 1063 in
1703 1008 1825 1077 lege
1858 1007 2011 1062 circa

429 1094 636 1150 lectum
669 1094 863 1150 dicunt
897 1106 1045 1151 stare
1070 1137 1086 1162 ,
1135 1111 1315 1167 genus
1363 1096 1630 1154 ducentes
1668 1113 1737 1154 ex
1768 1096 2010 1165 lsraele;

429 1195 485 1246 et
525 1188 621 1257 qui
655 1188 769 1244 sint
806 1188 1055 1244 omnium
1105 1192 1345 1248 maxime
1385 1191 1630 1259 strenui,
1670 1193 1901 1249 strictos
1928 1200 2011 1248 te-

429 1290 632 1335 nentes
664 1280 880 1352 gladios
904 1288 958 1336 et
981 1281 1038 1336 in
1068 1281 1214 1337 bello
1240 1283 1589 1354 peritissimi,
1612 1283 2014 1354 etquigladios

430 1373 571 1428 alios
606 1388 775 1444 super
827 1373 1041 1429 femora
1090 1384 1308 1446 gerant.
1342 1393 1362 1428 ι
1393 1373 1439 1428 Α
1468 1378 1691 1442 timore,
1719 1376 1921 1446 inquit,
1956 1376 2015 1433 in

429 1463 720 1518 noctibus.
777 1482 797 1516 ι
862 1462 1021 1530 Quod
1076 1463 1443 1536 Symmachus
1501 1465 1710 1521 clarius
1767 1465 2016 1525 reddidit

430 1551 839 1624 interpretans,
884 1573 903 1607 ι
940 1563 1172 1626 propter
1209 1557 1442 1612 timores
1487 1564 1816 1613 nocturnos.
1868 1576 1886 1610 ι
1919 1557 2011 1624 Hi,

431 1646 632 1716 inquit,
677 1645 893 1700 strenui
949 1646 1215 1701 lectulum
1258 1646 1438 1717 ipsius
1468 1647 1742 1714 ambiunt,
1786 1657 2016 1719 propter

2109 462 2343 534 ἀριθμὸν
2393 460 2624 517 ἐνταῦθα
2668 459 2880 513 κεῖσθαι
2928 459 3165 529 ἡγοῦμαι
3206 460 3306 513 ούκ
3358 461 3449 513 ἐπὶ
3482 462 3692 533 ταύτης

2107 556 2208 624 τῆς
2234 552 2551 624 ποσότητος,
2598 552 2734 605 ἀλλὰ
2766 553 2892 615 τοὺς
2922 551 2979 604 ὲν
3010 552 3075 622 τῇ
3113 551 3325 623 Παλαιᾷ
3350 551 3691 623 διαπρέψαν-

2107 659 2205 705 τας
2228 642 2416 711 ἁγίους
2440 640 2613 717 τούτῳ
2636 639 2925 711 δηλοῦσθαι
2952 639 3031 710 τῷ
3050 640 3292 709 ὀνόματι.
3327 640 3430 694 Τὸν
3455 642 3555 711 μὲν
3577 641 3691 713 γάρ

2082 733 2241 803 κδέκα
2266 733 2473 788 τέλειον
2499 729 2638 786 εἶναί
2665 748 2827 801 φασιν
2858 731 3092 803 ἀριθμόν
3118 749 3131 764 ·
3165 732 3260 784 τὸν
3280 731 3337 785 δὲ
3359 731 3419 797 ἓξ
3446 736 3561 796 τοῖς
3583 733 3694 787 ὑπὸ

2107 826 2272 897 νόμον
2297 826 2649 897 ἁρμόττοντα.
2687 842 2706 876 ι
2733 824 2832 889 Ἓξ
2852 823 2979 896 γὰρ,
3003 823 3188 893 φησὶν,
3215 823 3449 895 ἡμέραις
3476 824 3640 895 ὲργᾷ.
3672 845 3689 874 ι

2111 918 2249 982 Τοὺς
2285 916 2347 972 ὲν
2374 917 2524 989 νόμῳ
2548 916 2727 972 τοίνυν
2754 915 3135 980 τελειωθέντας
3164 914 3350 986 κύκλῳ
3379 917 3477 986 τῆς
3502 916 3697 986 κλίνης

2111 1010 2332 1065 ἑστάναι
2364 1010 2547 1079 φασὶν,
2580 1008 2687 1062 ἀπὸ
2715 1008 2815 1079 μὲν
2839 1007 2933 1062 τοῦ
2982 1006 3199 1079 Ἰσραὴλ
3244 1007 3307 1061 τὸ
3333 1007 3491 1076 γένος
3520 1008 3696 1063 κατά-

2111 1119 2325 1173 γοντας,
2372 1100 2628 1165 δυνατοὺς
2664 1099 2723 1153 δὲ
2755 1099 2912 1165 ὕντας
2944 1099 3085 1171 ὑπὲρ
3115 1099 3380 1164 ἃπαντας,
3412 1098 3509 1153 καὶ
3551 1101 3695 1170 pop.-

2114 1194 2282 1264 φαίαν
2310 1192 2659 1264 κατέχοντας,
2687 1192 2781 1245 καὶ
2804 1191 3106 1264 πολεμικὴν
3134 1191 3427 1263 ἐμπειρίαν
3458 1190 3695 1255 είδότας,

2114 1283 2209 1337 καὶ
2256 1282 2421 1347 ἄλλας
2473 1282 2747 1355 ῥομφαίας
2790 1283 2883 1335 ἐπὶ
2925 1281 3034 1336 τῶν
3082 1281 3274 1354 μηρῶν
3329 1282 3695 1354 φερομένους.

2121 1394 2141 1427 ι
2175 1375 2309 1429 Ἀπὸ
2339 1374 2604 1446 θάμϐους,
2631 1375 2817 1447 φησὶν,
2852 1376 2912 1430 ἐν
2940 1374 3105 1441 νυξίν.
3137 1393 3155 1427 ι
3212 1375 3553 1446 Σαφέστερον
3579 1375 3640 1428 δὲ
3671 1375 3701 1427 6

2115 1465 2410 1537 Σύμμαχος
2444 1465 2601 1520 τοῦτο
2648 1467 2944 1537 πεποίηκεν
2994 1467 3251 1537 εἰρηκὼς,
3308 1465 3441 1521 «διὰ
3495 1466 3702 1535 φόϐους

2116 1557 2483 1629 νυκτερινούς.
2515 1577 2535 1610 ι
2580 1551 2765 1624 Οὗτοι,
2794 1560 2978 1628 φησὶν,
3008 1560 3058 1612 οἱ
3088 1558 3305 1612 δυνατοὶ
3338 1558 3703 1628 περιέπουσιν

2116 1649 2280 1703 αὐτοῦ
2311 1649 2409 1722 τὴν
2442 1650 2649 1721 κλίνην,
2696 1650 2782 1705 διὰ
2827 1651 2927 1713 τὰς
2962 1650 3069 1703 τῶν
3110 1649 3362 1703 ἐναντίων
3395 1648 3705 1719 ἐπιδρομὰς

429 1735 677 1791 hostium
707 1738 969 1792 incursus
991 1751 1253 1806 sponsam
1280 1738 1690 1796 custodientes.
1714 1740 1887 1796 Binos
1916 1757 2014 1795 au-

2125 1742 2214 1812 τὴν
2245 1741 2463 1813 νύμφην
2505 1742 2885 1811 φυλάττοντες.
2938 1741 3040 1798 Δύο
3079 1742 3137 1795 δὲ
3186 1741 3459 1812 ῥομφαίας
3504 1741 3703 1808 ἐπιφέ-

433 1839 539 1883 lem
575 1836 794 1898 gestant
825 1828 1065 1900 gladios,
1114 1846 1287 1886 unum
1338 1847 1506 1902 super
1554 1831 1756 1900 femur,
1793 1833 1907 1904 36
1936 1834 2017 1887 al—

431 1928 612 1973 terum
659 1919 717 1975 in
770 1935 981 1987 manu;
1039 1937 1211 1976 unum
1257 1923 1731 1992 reprehensionis,
1778 1925 2021 1979 alterum

431 2010 714 2064 occultum
751 2019 807 2067 et
840 2011 1166 2082 mysticum;
1197 2012 1357 2067 illum
1381 2013 1435 2068 in
1470 2022 1731 2085 promptu
1760 2015 1829 2069 ad
1857 2030 2022 2070 coar-

432 2097 708 2167 guendum
736 2138 751 2161 ,
786 2098 938 2155 lmuc
968 2101 1291 2171 mysticum,
1344 2109 1401 2157 et
1448 2102 1605 2161 intus
1647 2112 1915 2174 tanquam
1960 2105 2019 2159 in

432 2190 629 2257 vagina
662 2206 757 2246 seu
797 2192 996 2247 cellula
1029 2193 1403 2251 reconditum.

504 2279 666 2335 Vens.
708 2281 758 2346 9,
802 2281 885 2337 10.
916 2280 1205 2339 Ferculum
1245 2284 1369 2351 fecit
1415 2284 1518 2339 sibi
1566 2299 1659 2338 rex
1693 2283 1914 2340 Saloma
1958 2286 2022 2340 de

435 2373 592 2437 lignis
619 2372 831 2428 Libani.
885 2372 1174 2431 Columnas
1216 2377 1331 2446 ejus
1359 2376 1484 2446 fecit
1517 2386 1817 2447 argentum,
1859 2388 1909 2432 et
1948 2395 2024 2434 re-

434 2465 780 2519 clinalorium
804 2466 920 2533 eius
951 2484 1144 2521 aurum
1180 2483 1198 2520 :
1250 2485 1499 2523 ascensus
1544 2469 1661 2538 ejus
1697 2485 2022 2538 purpureus,

434 2556 683 2609 intimum
719 2556 834 2625 ejus
872 2556 1140 2627 lapidibus
1165 2567 1517 2623 constratum,
1551 2559 1869 2615 charitatem
1902 2576 1933 2614 a
1958 2560 2026 2630 ﬁ-

436 2646 609 2701 liabus
655 2647 1059 2720 Hierosolyma.
1109 2649 1400 2706 Ferculum
1443 2650 1537 2707 hic
1570 2667 1765 2708 rursus
1802 2660 2026 2708 sanctos

436 2737 809 2810 intelligamus
846 2742 1145 2812 apostolos,
1172 2743 1265 2811 qui
1302 2756 1503 2799 nomen
1548 2741 1765 2798 Domini
1796 2744 1851 2798 in
1888 2758 2025 2798 con-

437 2842 629 2899 spectu
674 2833 945 2901 gentium,
966 2841 1019 2888 et
1043 2849 1251 2903 regum,
1287 2841 1341 2888 et
1372 2834 1612 2891 filiorum
1636 2835 1807 2889 Israel
1840 2842 2027 2903 porta-

436 2928 589 2975 runt.
640 2919 777 2976 Nam
808 2922 875 2978 de
906 2924 1066 2977 beato
1102 2923 1273 2977 Paulo
1306 2924 1560 2982 Christus
1598 2924 1664 2979 ad
1708 2925 1975 2981 Ananiam
2010 2945 2025 2984 :

441 3030 460 3062 ι
503 3011 669 3073 Vade.
693 3014 893 3084 inquit,
926 3016 1055 3086 quia
1087 3030 1184 3070 vas
1208 3016 1494 3073 electionis
1523 3025 1611 3077 est
1637 3017 1772 3071 mihi
1809 3017 1935 3084 iste,
1968 3028 2029 3074 ut

434 3110 613 3171 portet
636 3119 835 3158 nomen
866 3121 1044 3160 meum
1077 3121 1263 3160 coram
1291 3107 1571 3179 gentibus,
1598 3116 1651 3164 et
1694 3109 1940 3180 regibus,
1977 3119 2026 3165 et

434 3191 563 3248 ﬁliis
604 3191 771 3251 lsracl
807 3192 849 3246 ι.
894 3213 913 3245 ι
972 3193 1117 3260 Quin
1174 3197 1339 3251 etiam
1394 3195 1621 3254 divinus
1657 3198 1774 3269 ipse
1824 3198 2031 3257 Paulus

435 3284 589 3338 clara
621 3301 755 3340 voce
790 3303 804 3340 :
854 3304 872 3337 ι
908 3286 992 3339 An
1032 3289 1491 3356 experimentum,
1543 3289 1747 3360 inquit,
1784 3293 2031 3361 quieritis

436 3375 579 3445 ejus,
636 3377 730 3446 qui
765 3378 820 3431 in
870 3393 957 3433 me
989 3378 1254 3448 loquitur,
1289 3379 1497 3433 Christi
1525 3381 1608 3434 αἱ)
1647 3400 1665 3431 ι
1706 3380 1817 3436 llos
1860 3383 2031 3438 etiam

434 3480 609 3536 equos
657 3468 905 3522 nominat
953 3468 1149 3524 beatus
1200 3468 1457 3523 llabacuc
1489 3486 1503 3523 :
1541 3490 1559 3522 ι
1592 3471 1897 3536 Ascendes,
1943 3474 2029 3527 in—

434 3559 654 3627 quiens,
682 3575 849 3632 super
879 3576 1052 3630 equos
1079 3570 1225 3623 tuos,
1249 3566 1306 3613 et
1325 3560 1595 3630 equitatio
1619 3566 1711 3614 tua
1738 3562 1889 3619 salus
1917 3571 1964 3618 η.
2005 3583 2024 3616 ι

435 3649 508 3703 Et
531 3665 727 3707 rursus
762 3668 776 3704 :
822 3669 840 3701 ι
882 3647 1170 3704 Deduxisti
1227 3649 1281 3702 in
1338 3665 1488 3704 mare
1533 3664 1709 3721 equos
1748 3658 1873 3708 tuos
1915 3662 2033 3706 tur-

436 3743 633 3796 bantes
666 3755 839 3811 aquas
871 3740 1075 3794 multas
1099 3748 1147 3791 ο.
1181 3759 1199 3791 ι
1233 3740 1379 3795 Mare
1408 3748 1590 3796 autem
1624 3748 1789 3796 vocat
1817 3753 2028 3812 gentes,

433 3847 560 3900 qua:
592 3841 726 3888 tunc
760 3831 1025 3902 apostolis
1085 3831 1513 3901 praedicantibus
1550 3842 1843 3889 commotae
1878 3843 2025 3891 sunt.

432 3923 807 3992 Quamobrem
866 3932 922 3977 ct
984 3921 1258 3978 increduli
1313 3923 1570 3977 dicebant
1615 3923 1685 3980 de
1717 3925 1870 3980 illis:
1904 3945 1921 3977 ι
1963 3926 2029 3980 lli

432 4018 534 4089 qui
584 4019 774 4074 orbem
810 4015 1117 4078 concitant,
1158 4017 1324 4070 etiam
1375 4016 1481 4070 huc
1540 4027 1827 4083 venerunt,
1891 4035 2029 4089 quos

438 4109 681 4179 suscepit
723 4105 891 4163 Jason
934 4117 981 4162 Ρ.
1014 4126 1031 4158 ι
1071 4107 1223 4175 Quos
1262 4124 1394 4178 ergo
1422 4107 1686 4164 llabacuc
1714 4126 1886 4180 equos
1935 4129 2027 4181 ap-

434 4200 685 4268 pellavit,
732 4198 834 4253 hos
868 4197 1137 4253 ferculum
1182 4198 1235 4251 in
1276 4197 1503 4252 Cantico
1539 4198 1882 4254 canticorum
1937 4219 2029 4257 vo-

436 4289 553 4341 cari
585 4287 913 4358 reperimus.
946 4308 965 4341 ι
1008 4287 1158 4345 Fecit
1186 4290 1355 4360 igitur
1379 4290 1485 4345 sibi
1518 4289 1789 4345 ferculum
1820 4309 1915 4350 rer
1938 4293 2030 4348 Sa-

2121 1850 2325 1903 ρονται,
2374 1833 2473 1904 τὴν
2527 1833 2624 1904 μὲν
2671 1834 2728 1885 ὲν
2758 1832 2838 1903 τῷ
2876 1832 3058 1903 μηρῷ,
3108 1832 3209 1904 τὴν
3234 1833 3289 1886 δὲ
3330 1836 3388 1885 ὲν
3416 1836 3481 1904 τῇ
3512 1833 3704 1905 χειρί·

2118 1923 2210 1976 τὸν
2232 1925 2551 1993 ἐλεγκτικὸν
2590 1925 2768 1993 λόγον,
2799 1926 2892 1979 καί
2926 1925 3016 1977 τὸν
3051 1926 3434 1996 κεκρυμμένον
3462 1927 3556 1979 καὶ
3595 1944 3706 1995 μυ-

2122 2015 2305 2068 στικόν
2331 2032 2346 2047 ο
2392 2016 2487 2069 καὶ
2512 2015 2603 2069 τὸν
2642 2016 2740 2085 μὲν
2768 2016 3080 2084 ἐλεγκτικὸν
3108 2017 3166 2069 ὲν
3196 2017 3492 2088 προχείρῳ,
3523 2018 3615 2070 τὸν
3649 2015 3708 2068 δὲ

2124 2105 2401 2176 μυστικὸν,
2440 2106 2497 2159 ὲν
2524 2108 2755 2177 ταμιείῳ
2793 2106 2939 2159 ἔνδον
2970 2108 3028 2159 ὲν
3059 2106 3139 2176 τῷ
3163 2106 3335 2176 κολεῷ
3351 2106 3416 2159 ⁸⁸.

2195 2262 2260 2329 θ’,
2288 2270 2340 2317 ι’.
2357 2263 2603 2331 Φορεῖον
2614 2263 2658 2295 ⁸⁸
2682 2262 2973 2330 ἐποίησεν
2998 2260 3190 2327 ἐαυτῷ
3217 2265 3250 2321 ό
3271 2261 3579 2327 βασιλεὺς
3600 2265 3716 2317 Σο·

2122 2355 2328 2426 λομὼν
2352 2356 2468 2411 ἀπὸ
2495 2354 2759 2419 fatur"
2783 2354 2892 2409 τοῦ
2912 2352 3196 2409 Λιϐάνου.
3221 2354 3496 2421 Στύλους
3514 2352 3715 2409 αὐτοῦ

2123 2447 2416 2514 ἐποίησεν
2469 2446 2790 2515 ἀργύριον,
2846 2444 2949 2499 καί
2998 2444 3065 2499 τὸ
3121 2443 3452 2500 ἀνάκλιτον
3516 2444 3717 2501 αὐτοῦ

2126 2538 2385 2607 χρυσίον
2406 2539 2471 2570 τί·
2486 2538 2764 2603 ὲπίϐασις
2783 2538 2828 2569 ⁷³
2856 2536 3044 2592 αὐτοῦ
3072 2534 3369 2605 πορφυρᾶ*
3395 2535 3575 2602 ἐντὸς
3598 2539 3716 2591 αὐ-

2127 2629 2236 2683 τοῦ
2288 2630 2692 2698 λιθόστρωτον
2714 2646 2728 2660 ο
2780 2629 3024 2698 ἀγάπην
3067 2628 3188 2684 ἀπὸ
3229 2628 3571 2697 θυγατέρων
3615 2628 3720 2683 ἰε-

2122 2722 2448 2792 ροινσαλήμ
2466 2723 2535 2775 ⁷³.
2587 2722 2757 2776 Πάλιν
2797 2721 3033 2775 ἐνταῦθα
3085 2722 3307 2791 φορεῖον
3349 2722 3475 2784 τοὺς
3519 2721 3719 2789 ἁγίους

2130 2815 2413 2885 νοήσωμεν
2437 2814 2785 2876 ἀποστόλους,
2813 2812 3189 2883 βαστάσαντας
3214 2812 3276 2866 τὸ
3301 2812 3474 2883 ὄνομα
3501 2813 3718 2882 Κυρίου

2132 2905 2364 2959 ἐνώπιον
2398 2906 2567 2960 ὲθνῶν
2597 2905 2692 2959 καὶ
2726 2904 2991 2975 βασιλέων
3012 2945 3027 2968 ,
3060 2903 3193 2958 υἱῶν
3212 2920 3273 2956 τε
3322 2903 3543 2975 Ἰσραήλ
3565 2921 3579 2935 ’
3616 2905 3721 2957 καὶ

2133 2998 2242 3070 γὰρ
2283 2998 2412 3069 περὶ
2458 2996 2550 3051 τοῦ
2602 2996 2874 3068 μακαρίου
2908 2994 3123 3049 Παύλου
3160 2993 3319 3049 τοῦτο
3358 2994 3437 3064 τῷ
3493 2994 3723 3064 Ἀνανίᾳ

2134 3089 2301 3161 φησὶν
2330 3090 2359 3142 6
2388 3088 2618 3158 Χριστός
2644 3104 2658 3118 ο
2695 3105 2714 3139 ι
2751 3086 2995 3157 Πορεύου
3022 3087 3107 3139 ὃτι
3134 3086 3328 3149 σκεῦος
3353 3085 3586 3155 ἐκλογῆς
3620 3085 3720 3156 μοί

2132 3182 2279 3236 ἐστιν
2313 3174 2506 3244 οὗτος,
2554 3178 2649 3232 τοῦ
2683 3178 2953 3248 βαστάσαι
2999 3178 3060 3229 τὸ
3108 3176 3280 3245 ὄνομά
3325 3194 3425 3247 μου
3478 3175 3721 3230 ἐνώπιον

2132 3271 2302 3326 ἐθνῶν
2326 3314 2340 3336 ,
2372 3272 2465 3325 καὶ
2497 3270 2758 3341 βασιλέων
2785 3309 2799 3334 ,
2833 3267 2964 3322 υίῶν
2990 3284 3049 3320 τε
3089 3266 3323 3339 Ἰσραήλ.
3353 3287 3371 3319 ι
3410 3268 3524 3322 Καὶ
3550 3269 3723 3325 αὐτὸς

2132 3362 2190 3416 δὲ
2226 3364 2255 3416 6
2304 3362 2590 3424 θεσπέσιος
2635 3359 2848 3422 Παῦλος
2889 3358 3017 3430 βοᾷ·
3073 3378 3091 3410 ι
3136 3360 3199 3412 Εἰ
3236 3358 3465 3429 δοκιμὴν
3493 3358 3721 3431 ζητεῖτε

2131 3454 2226 3507 τοῦ
2256 3456 2313 3507 ὲν
2335 3454 2458 3523 ἐμοὶ
2485 3452 2775 3516 λαλοῦντος
2796 3452 3069 3523 Χριστοῦ;
3104 3471 3125 3503 ι
3154 3452 3393 3516 Τούτους
3413 3453 3468 3506 δὲ
3500 3456 3596 3506 καὶ
3622 3455 3723 3506 ἰπ-

2134 3559 2267 3606 πους
2302 3544 2330 3595 ὁ
2364 3542 2633 3613 μακάριος
2674 3541 2991 3613 Ἀδὸακοὺμ
3028 3542 3317 3614 ὀνομάζει·
3362 3560 3381 3592 ι
3440 3542 3722 3617 Ἐπεϐἡσῃ

2132 3640 2261 3709 γὰρ,
2292 3638 2477 3709 φησὶν,
2509 3638 2600 3691 ἐπὶ
2631 3640 2757 3700 τοὺς
2785 3637 2987 3699 ἵππους
3016 3654 3130 3700 σου,
3160 3637 3253 3690 καὶ
3279 3638 3311 3707 ἡ
3343 3637 3580 3691 ἱππασία
3619 3655 3721 3692 σου

2134 3730 2396 3801 σωτηρία.
2428 3748 2445 3780 ι
2482 3730 2591 3782 Καὶ
2621 3729 2783 3782 πάλιν
2805 3745 2817 3757 ·
2858 3747 2875 3780 ι
2926 3728 3293 3791 Ἐπεϐίῦασας
3321 3728 3401 3792 είς
3433 3727 3724 3782 θάλασσαν

2130 3825 2257 3886 τοὺς
2298 3824 2501 3886 ἵππους
2538 3839 2664 3887 σου,
2719 3821 3090 3893 ταράσσοντας
3122 3819 3290 3872 libata
3324 3818 3518 3871 πολλά.
3552 3837 3571 3870 ι
3607 3818 3729 3871 9d-

2131 3916 2336 3971 λασσαν
2377 3915 2433 3969 δὲ
2467 3913 2623 3968 καλεῖ
2673 3912 2742 3966 τὰ
2792 3913 2955 3982 ἔθνη,
3002 3911 3038 3966 ὃ.
3086 3911 3210 3963 τότε
3250 3910 3358 3964 τῶν
3400 3908 3726 3963 ἀποστάλων

2131 4008 2508 4080 κηρυττόντων
2547 4006 2926 4077 διεταράττετο
2948 4022 2960 4035 ο
3020 4004 3099 4056 διὸ
3130 4003 3224 4056 καὶ
3272 4005 3321 4057 oi
3354 4002 3723 4066 ἀπιστοῦντες

2132 4100 2261 4172 περὶ
2292 4098 2472 4151 αὐτῶν
2498 4097 2689 4165 ἔλεγον
2714 4115 2729 4130 ο
2762 4114 2780 4148 ι
2818 4097 2880 4148 Ol
2910 4096 3005 4163 τὴν
3039 4094 3365 4165 οἰκουμένην
3395 4093 3722 4146 ἀναστατώ-

2132 4211 2347 4257 σαντες,
2377 4187 2521 4247 οὗτοι
2550 4192 2643 4243 καὶ
2679 4189 2914 4244 ἐνταῦθα
2936 4190 3213 4259 πάρεισιν,
3248 4186 3341 4249 οὒς
3363 4186 3727 4240 ὑποδέδεκται

2142 4286 2354 4342 Ἰάσων.
2393 4303 2411 4337 ι
2445 4283 2552 4349 Οὓς
2591 4287 2619 4338 6
2655 4284 2969 4353 ’Λϐϐακοὺμ
2991 4283 3171 4335 τοίνυν
3201 4281 3400 4342 ἵππους
3437 4279 3725 4347 ὠνόμαςε,

434 4378 585 4432 lomo
609 4379 719 4450 87
741 4378 809 4434 de
841 4380 1009 4449 lignis
1033 4379 1253 4434 Libani.
1290 4400 1309 4433 ι
1348 4379 1618 4435 Libanum
1653 4397 2022 4453 saepenumero

2135 4377 2357 4440 τούτους
2390 4378 2605 4445 φορεῖον
2652 4376 2709 4427 ἐν
2735 4374 2812 4444 τῷ
2842 4371 3081 4444 ’ᾼσματι
3106 4372 3216 4425 τῶν
3250 4370 3514 4442 ᾀσμάτων
3545 4386 3693 4439 προς
3712 4402 3723 4409 -

438 4469 624 4523 divina
650 4468 934 4539 Scriptura
963 4473 1203 4544 appellat
1228 4471 1671 4544 Hierosolymam
1696 4485 1748 4528 et
1780 4475 2031 4528 multitu-

440 4562 623 4616 dinem
692 4562 1010 4620 Iudaeorum
1082 4566 1278 4636 :quod
1318 4566 1373 4620 in
1423 4565 1712 4635 proccmiis
1754 4569 2031 4621 sermonis

438 4667 504 4705 ex
531 4655 865 4723 prOpheticis
895 4658 1119 4727 scriptis
1147 4657 1534 4712 indicavimus.
1562 4654 1837 4721 Quoniam
1861 4657 2032 4727 igitur

436 4759 508 4798 ex
535 4744 642 4800 illis
665 4745 808 4799 beati
836 4747 1301 4817 Apostoli'geuus
1354 4747 1654 4811 duxerunt,
1689 4748 1899 4806 idcirco
1922 4750 2033 4806 fer-

436 4835 627 4890 culum
657 4834 727 4889 dc
791 4836 954 4906 lignis
1007 4838 1200 4893 Libani
1246 4846 1630 4895 constructum
1683 4841 1910 4896 dicitur.
1962 4842 2033 4896 At

445 4946 466 4978 ι
498 4927 785 4982 columnas
830 4927 986 4996 ejus,
1038 4930 1246 4999 inquit,
1290 4929 1417 4984 fecit
1469 4939 1776 5001 argentum.
1812 4955 1829 4985 ι
1876 4933 2031 5003 lpsos

434 5019 608 5075 etiam
642 5019 932 5077 columnas
964 5020 1269 5092 appellatos
1296 5021 1801 5091 invenimus..Nam
1839 5024 2033 5080 beatus

517 5190 543 5230 ι
588 5188 760 5244 Exod.
799 5206 955 5257 um,
994 5191 1081 5245 12.
1160 5189 1176 5228 ι
1231 5192 1356 5247 Act.
1407 5209 1478 5256 ιιι,
1524 5194 1608 5247 15.
1690 5205 1726 5231 ιη
1757 5195 1795 5249 ll
1827 5195 1955 5247 (lor.
1982 5208 2101 5256 xm,
2130 5195 2183 5248 3.

2132 4468 2567 4540 αγορευομένους
2596 4465 2947 4537 εὑρίσκομεν.
2980 4485 2996 4516 ι
3041 4462 3297 4532 Ἐποίησε
3334 4461 3513 4515 τοίνυν
3537 4462 3727 4530 ἑαυτῷ

2133 4560 2350 4630 φορεῖον
2387 4559 2415 4610 6
2455 4556 2709 4626 βασιλεὺς
2757 4552 3011 4624 Σολομὼν
3063 4552 3171 4607 ἀπὸ
3206 4552 3379 4617 ξύλων
3398 4550 3448 4585 ⁷⁸
3489 4551 3586 4604 τοῦ
3624 4554 3727 4603 Δις

2134 4649 2319 4705 ϐάνου.
2378 4668 2396 4700 ι
2434 4648 2666 4702 Λίϐανον
2721 4649 2821 4719 τὴν
2866 4644 3261 4717 Ἰερουσαλὴμ,
3307 4645 3404 4699 καὶ
3436 4643 3535 4713 τὴν
3586 4645 3725 4696 Ἰου-

2132 4742 2298 4795 δαίων
2322 4741 2550 4812 πληοὺν,
2578 4742 2611 4812 ἡ
2633 4741 2751 4793 θεία
2784 4740 3044 4802 πολλάκις
3075 4736 3473 4809 προσαγορεύει
3497 4738 3721 4808 Γραφὴο

2136 4833 2231 4887 καὶ
2256 4831 2414 4887 τοῦτο
2443 4834 2499 4886 ὲν
2531 4835 2641 4895 τοῖς
2670 4831 2974 4902 προοιμίοις
3015 4830 3110 4883 τοῦ
3151 4830 3311 4899 λόγου
3343 4830 3408 4883 ὲκ
3440 4845 3722 4899 προφητμ-

2139 4922 2249 4977 κῶν
2269 4925 2315 4956 ⁷⁵
2356 4922 2715 4992 ἀπεδείξαμεν
2752 4921 3224 4992 συγγραμμάτων.
3278 4917 3497 4987 Ἐπειδὴ
3535 4918 3726 4971 τοίνυν

2140 5019 2201 5085 ἐξ
2228 5018 2451 5073 ἐκείνων
2481 5015 2718 5085 κατῆγον
2750 5014 2811 5068 τὸ
2840 5014 2993 5083 γένος
3029 5014 3079 5067 οἱ
3116 5012 3376 5085 μακάριοι
3404 5008 3721 5074 ἀπόστολοι,

2266 5204 2291 5230 ι’
2325 5192 2527 5245 llabac.
2555 5209 2635 5255 ιιι,
2669 5195 2721 5246 8.
2801 5200 2825 5227 ο
2851 5190 2983 5246 Ibid.
3020 5190 3103 5245 15.
3178 5189 3344 5246 PAct.
3384 5204 3519 5254 xvu,
3553 5188 3609 5243 6.

1748 5348 1978 5402 VARle
2022 5348 2316 5404 LECTION
2326 5348 2427 5402 ES.

518 5435 564 5467 ⁸⁸
602 5434 915 5507 κολεῷηιιι
968 5440 1091 5492 cod.
1153 5438 1401 5505 sequitur
1464 5436 1625 5491 l‘sclli
1695 5438 2101 5506 interpretatio.

451 5508 706 5562 nonnulli
746 5505 777 5561 ιι
806 5505 999 5563 Crzeco

2203 5438 2246 5469 δ’
2284 5440 2523 5517 φορεῖον..
2574 5436 2975 5517 flebunm'jpn
3016 5452 3118 5491 vox
3142 5436 3721 5517 _percgri_na,_‘q_uam

1037 5513 1255 5579 φορεῖον
1274 5507 1558 5579 iderivaut.
1592 5516 1645 5562 et
1672 5507 1739 5562 de
1789 5505 1983 5563 lectica
2035 5505 2665 5579 gestatoria'eXpIicant.
2695 5575 2705 5579 _
2742 5505 2798 5537 ’θ’
2828 5506 3019 5579 ξύλων.
3055 5505 3188 5579 οοιΙξ
3233 5505 3411 5576 suppl.
3489 5505 3534 5536 '“
3580 5506 3719 5561 Rev.

449 5578 613 5632 lectio
641 5585 725 5633 est
756 5577 1003 5648 χρύσεον.
1051 5575 1433 5648 ﬂentem;
1494 5578 1649 5632 Hebr.
1686 5593 1900 5632 currus.
1981 5579 2025 5609 ⁷⁸
2056 5579 2286 5639 ἐντδςο-
2336 5577 2558 5645 Ἰερουσ.
2610 5575 2766 5629 Hebr.
2802 5577 3047 5648 medium
3090 5576 3209 5646 ejus
3242 5575 3585 5632 constratum
3635 5586 3724 5631 cst

450 5662 656 5714 arnore,
684 5647 904 5717 propter
939 5650 1077 5705 tilias
1107 5647 1512 5720 llim'osolymre.

1588 5649 1635 5681 ⁷⁵
1672 5650 1791 5703 θοαί.
1830 5648 2005 5712 ξοίλου.
2086 5648 2131 5680 ⁷⁵
2172 5663 2336 5712 προφ.
2374 5648 2492 5701 coal.
2532 5663 2715 5713 [ll‘il'llL
2756 5646 2882 5699 τῶν.
