3940 6200
400 235 498 301 127

1408 229 1895 295 THEODORETI
1926 227 2265 289 EPISCOPI
2298 230 2660 289 CYRENSIS

3567 223 3688 288 198

394 354 470 410 illi
517 350 695 408 invita
748 365 1013 406 coronam
1069 349 1350 419 imposuit.
1405 347 1590 417 Spiuis
1631 345 1778 401 enim
1816 344 1974 397 illum

2088 340 2268 396 τοῦτον
2302 342 2510 396 ἄκουσα
2538 343 2628 395 τὸν
2674 342 2938 409 στέφανον
2968 340 3216 395 δέδωκεν.
3247 341 3392 414 Αὕτη
3428 344 3526 412 μὲν
3561 344 3689 413 γάρ

393 453 746 514 contemptus
774 458 941 517 causa
964 442 1076 514 89
1097 442 1397 496 coronavit.
1428 439 1550 509 Ipse
1588 454 1718 493 vero
1744 452 1841 507 per
1861 436 1977 506 spi-

395 553 497 592 nas
521 535 771 605 suscepit
795 534 1046 604 diadema
1072 533 1381 587 Chai-italis.
1415 531 1624 601 Sponte
1645 531 1790 586 enim
1825 530 1981 600 igno-

397 628 622 683 miniam
668 626 918 696 pertulit,
956 633 1120 692 atque
1159 624 1303 677 ultro
1346 622 1413 676 ad
1466 624 1659 677 mortis
1699 621 1980 676 cruciatus

397 720 655 776 accessit.
707 718 1073 784 Quamobrem
1133 715 1586 785 desponsatiouis
1631 715 1772 768 diem
1825 714 1978 766 illum

396 814 638 875 vocavit,
672 822 726 866 et
758 811 901 864 diem
944 807 1146 862 laetitiae
1184 807 1372 861 cordis
1408 807 1546 876 ejus.
1586 805 1683 859 Illo
1710 806 1852 859 enim
1895 805 1982 858 die

397 903 713 972 nuptiarum
741 899 1058 955 communio
1086 897 1229 952 facta
1247 906 1353 953 est.
1387 917 1405 950 ι
1437 897 1566 951 Nam
1595 905 1717 966 post
1741 910 1977 958 caenam,

400 993 599 1062 inquit,
631 1005 756 1044 cum
790 991 1121 1059 sumpsisset
1158 1006 1375 1060 panem,
1410 999 1464 1045 et
1513 991 1721 1060 gratias
1757 988 1979 1058 egisset,

400 1084 582 1151 fregit,
606 1082 868 1153 deditque
913 1083 1211 1155 discipulis
1256 1083 1394 1146 suis,
1430 1082 1624 1136 dicens
1662 1100 1674 1135 :
1709 1080 1981 1150 Accipite,

397 1173 669 1227 comedite
701 1190 766 1227 ex
789 1190 855 1229 eo
875 1190 1067 1229 omnes
1094 1192 1106 1227 :
1133 1174 1235 1229 hoc
1256 1174 1402 1229 enim
1435 1182 1520 1228 est
1551 1187 1981 1239 corpus-meum,

398 1265 545 1333 quod
577 1280 677 1335 pro
710 1266 869 1321 vobis
909 1266 1185 1337 frangitur
1217 1267 1280 1320 ad
1313 1265 1690 1320 remissionem
1730 1273 1981 1334 peceato-

398 1373 544 1413 rum.
585 1357 697 1413 lloc
747 1359 907 1414 facite
939 1361 993 1413 in
1044 1375 1220 1414 meam
1254 1357 1833 1422 commemorationem
1868 1356 1918 1408 ι).
1961 1375 1981 1407 ι

398 1449 639 1507 Edentes
694 1452 862 1523 igitur
909 1452 1101 1521 sponsi
1158 1451 1427 1515 membra,
1470 1458 1523 1504 et
1558 1448 1810 1503 bibentes
1863 1446 1986 1515 ejus

400 1542 745 1613 sanguinem,
783 1543 1084 1612 nuptialem
1140 1542 1313 1610 ipsius
1347 1540 1789 1594 communionem
1831 1553 1987 1593 assc-

398 1642 667 1704 quuntur.
730 1634 941 1689 Idcirco
993 1635 1181 1704 sponsi
1227 1633 1465 1688 ministri
1521 1631 1665 1687 filias
1719 1630 1902 1686 Sionis
1930 1639 1985 1686 et

400 1727 798 1799 Hierosolyma:
849 1729 1234 1791 cohortantes,
1281 1726 1649 1797 Egredimini,
1694 1725 1981 1795 inquiunt,

399 1823 455 1869 et
486 1815 667 1870 videte
688 1816 978 1872 charitatis
991 1818 1113 1886 ejus
1137 1816 1410 1881 diadema,
1439 1816 1983 1884 quo-iecoraviteum

336 1966 351 1991 ι
401 1912 602 1974 praeter
624 1906 956 1961 sententiam
983 1922 1140 1961 suam
1175 1905 1388 1971 Judzea,
1420 1923 1541 1976 qua:
1571 1907 1724 1960 illum
1768 1907 1981 1976 genuit,

400 2005 455 2051 et
479 1998 767 2052 coronavit
794 1997 971 2062 illum,
1010 1998 1098 2053 die
1130 1999 1575 2067 desponsalieuis
1600 1999 1791 2069 ipsius.
1824 1997 1983 2052 Post-

402 2104 568 2158 quam
602 2089 717 2143 haec
750 2089 823 2142 ita
873 2101 1002 2144 sunt
1047 2090 1117 2145 ab
1163 2091 1270 2145 illis
1318 2091 1485 2155 dicta,
1521 2107 1760 2161 sponsus
1790 2106 1986 2146 rursus

405 2194 529 2234 cum
561 2194 767 2251 sponsa
794 2181 1117 2252 colloquens
1146 2183 1280 2237 dicit
1313 2202 1325 2236 :

1003 2401 1233 2459 CAPUT
1293 2404 1378 2462 IV.

470 2509 634 2566 Vens.
674 2512 723 2566 1.
777 2512 911 2570 Ecce
942 2517 1169 2584 pulchra
1200 2536 1277 2585 es,
1339 2522 1634 2591 propinqua
1680 2541 1838 2579 mea:
1870 2542 1986 2581 ecce

399 2604 623 2671 pulchra
658 2622 734 2659 es.
788 2605 945 2661 Oculi
995 2611 1075 2663 lui
1129 2611 1406 2672 columbae,
1475 2624 1670 2683 prmler
1712 2618 1983 2671 silentium

400 2706 572 2752 (imm.
623 2695 853 2767 Sponsa:
900 2699 1098 2756 iterum
1154 2703 1435 2760 admirans
1493 2708 1981 2776 pulchritudinem,

408 2806 427 2838 ι
462 2786 623 2855 Ecce,
650 2791 850 2861 inquit,
881 2793 1107 2862 pulchra
1130 2812 1211 2852 es.
1247 2817 1266 2849 ι
1306 2797 1443 2851 Tum
1476 2798 1709 2854 formam
1750 2803 1871 2872 ejus
1889 2818 1986 2871 per

398 2880 648 2951 singulas
673 2893 855 2951 partes
884 2884 1169 2941 describit.
1198 2888 1375 2959 Atque
1404 2893 1596 2948 oculos
1627 2894 1850 2964 quidem
1885 2910 1983 2965 ap-

2082 434 2244 488 αύτὺν
2292 435 2636 505 ἐστεφάνωσε
2671 436 2792 495 ταῖς
2827 432 3125 500 ἀκάνθαις,
3163 432 3239 498 ὡς
3281 434 3641 505 ἁτιμάζουσα
3664 451 3682 465 ο

2082 526 2243 590 αὐτὸς
2276 527 2332 580 δὲ
2365 527 2452 581 διὰ
2501 526 2609 580 τῶν
2661 525 2912 580 ἀκανθῶν
2940 527 3032 580 τὸν
3066 527 3167 597 τῆς
3196 527 3419 598 ἀγάπης
3453 528 3688 598 ἐδέχετο

2084 616 2366 685 στέφανον.
2426 616 2600 670 Ἐκὼν
2666 616 2775 687 γὰρ
2823 615 2921 686 τὴν
2970 616 3190 686 ἀτιμίαν
3239 617 3516 689 ύπέφερε,
3577 619 3687 671 καὶ

2082 706 2319 761 ἐθελοντὶ
2357 707 2435 778 τῷ
2466 707 2630 762 πάθει
2661 708 3001 778 προσήρχετο
3021 724 3035 738 ⁸
3071 707 3151 762 διὸ
3186 709 3277 761 καὶ
3307 710 3686 779 νυμφεύσεως

2084 800 2296 872 ἡμέραν
2336 800 2555 869 ἐκείνην
2598 800 2860 866 ἐκάλεσε,
2931 801 3024 855 καὶ
3070 802 3284 872 ἡμέραν
3324 803 3687 874 εὐφροσύνης

2084 892 2316 965 καρδίας
2354 894 2540 948 αὐτοῦ.
2571 891 2711 947 Κατ’
2742 893 2959 964 ἐκείνην
2999 894 3106 965 γὰρ
3141 895 3240 967 τὴν
3270 896 3487 966 ἡμέραν
3514 899 3547 966 ἡ
3574 895 3685 950 τοῦ

2084 988 2265 1057 γάμου
2318 987 2509 1055 γέγονε
2569 986 2844 1039 κοινωνία.
2907 1006 2926 1038 ι
2984 986 3143 1042 Μετά
3186 987 3296 1059 γὰρ
3345 988 3406 1041 τὸ
3451 989 3685 1042 δεῖπνον

2084 1077 2285 1143 λαϐὼν,
2316 1077 2501 1147 φησὶν,
2534 1077 2720 1148 ἄρτον,
2755 1076 2851 1130 καὶ
2884 1077 3308 1149 εὐχαριστήσας.
3339 1070 3539 1133 ἔκλασέ
3577 1079 3684 1134 καὶ

2086 1170 2254 1222 ἔδωκε
2286 1170 2396 1234 τοῖς
2436 1169 2705 1240 μαθηταῖς
2737 1170 2901 1224 αὐτοῦ
2936 1169 3111 1238 λέγων
3137 1187 3152 1203 ο
3196 1171 3426 1239 Λάϐετε,
3459 1173 3685 1242 φάγετε

2085 1262 2144 1326 ἐξ
2172 1259 2336 1316 αὐτοῦ
2367 1261 2568 1326 πάντες
2590 1277 2604 1292 ·
2635 1260 2793 1315 τοῦτο
2825 1261 2933 1333 γάρ
2976 1263 3093 1316 ἐστι
3130 1262 3191 1317 τὸ
3230 1262 3390 1334 σῶμά
3430 1282 3537 1334 μου
3560 1307 3577 1330 ,
3614 1264 3685 1317 τδ

2087 1355 2228 1425 ὑπὲρ
2275 1353 2428 1425 ὑμῶν
2476 1353 2754 1425 κλώμενον
2796 1356 2877 1419 εἰς
2906 1354 3103 1424 ἄφεσιν
3143 1357 3465 1428 ἁμαρτιῶνο
3507 1357 3688 1411 τοῦτο

2088 1450 2290 1501 ποιεῖτε
2320 1449 2400 1512 εἰς
2424 1447 2520 1520 τὴν
2543 1448 2682 1518 ἐμὴν
2710 1448 3068 1519 ἀνάμνησιν.»
3089 1448 3153 1501 Οἱ
3189 1448 3368 1502 τοίνυν
3397 1448 3687 1513 ἐσθίοντες

2087 1540 2180 1594 τοῦ
2213 1539 2447 1611 νυμφίου
2491 1539 2561 1593 τά
2594 1540 2726 1611 μέλη
2748 1580 2762 1605 ,
2795 1540 2888 1593 καὶ
2923 1540 3167 1603 πίνοντες
3204 1539 3369 1595 αὐτοῦ
3398 1542 3460 1595 τὸ
3506 1539 3682 1613 αἷμα,

2087 1635 2184 1705 τῆς
2208 1633 2455 1703 γαμικῆς
2489 1633 2655 1688 αὐτοῦ
2677 1633 3006 1705 τυγχάνουσι
3039 1634 3344 1698 κοινωνίας.
3374 1633 3475 1688 Διά
3506 1635 3680 1689 τοῦτο

2085 1727 2184 1789 τὰς
2211 1724 2516 1796 θυγατέρας
2554 1722 2692 1779 Σιὼν
2727 1725 2824 1779 καὶ
2868 1724 3226 1796 Ἰερουσαλὴμ
3262 1727 3680 1797 προτρέπουσιν

2086 1820 2133 1872 οἱ
2165 1818 2259 1872 τοῦ
2305 1818 2541 1888 νυμφίου
2593 1817 2859 1884 διάκονοι,
2896 1818 2979 1871 ὅτι
3026 1818 3333 1885 Ἐξέλθετε,
3384 1820 3480 1872 καὶ
3526 1819 3676 1873 ἴδετε

2085 1911 2178 1964 τὸν
2219 1910 2319 1981 τῆς
2360 1909 2582 1982 ἀγάπης
2624 1909 2789 1963 αὐτοῦ
2838 1910 3135 1980 στέφανον,
3166 1902 3211 1978 ᾧ
3250 1911 3678 1982 κατεκόσμησεν

2087 2003 2246 2057 αὑτὸν
2287 2003 2436 2072 παρά
2481 2001 2708 2072 γνώμην
2751 2003 2784 2071 ἡ
2816 2001 3050 2056 τεκοῦσα
3088 2001 3250 2055 αὐτὸν
3289 2001 3542 2063 Ἰουδαία,
3574 2004 3679 2057 καὶ

2086 2094 2463 2159 ἐστεφάνωσεν
2492 2093 2655 2147 αὑτὸν
2702 2094 2759 2145 ὲν
2809 2096 2876 2163 τῇ
2927 2094 3111 2164 ἡμέρᾳ
3160 2093 3261 2163 τῆς
3307 2094 3683 2163 νυμφεύσεως

2087 2182 2251 2238 αὐτοῦ
2274 2183 2337 2237 ⁸⁷.
2394 2183 2614 2236 Τούτων
2670 2182 2844 2246 οὓτως
2904 2183 2997 2237 ὑπ’
3062 2184 3287 2237 ἐκείνων
3336 2185 3676 2254 εἰρημένων,

2088 2275 2251 2330 πάλιν
2277 2276 2305 2327 ὁ
2339 2273 2568 2346 νυμφίος
2600 2277 2666 2346 τῇ
2701 2274 2885 2345 νύμφῃ
2910 2273 3289 2344 διαλεγόμενός
3323 2291 3491 2344 φησιν
3510 2292 3527 2306 ·

2684 2413 2937 2467 ΚΕΦΑΛ.
2979 2414 3053 2468 A'.

2160 2540 2226 2587 α’.
2284 2530 2441 2585 Ἰδοὺ
2494 2525 2554 2583 εἷ
2575 2527 2769 2595 καλὴ,
2828 2528 2867 2595 ὴ
2905 2526 3174 2595 πλησίον
3226 2543 3380 2595 μουι
3434 2524 3569 2580 ιδοὺ
3619 2522 3686 2581 εἴ

2087 2624 2246 2691 καλή
2271 2641 2284 2652 ⁸
2315 2620 2612 2692 ὀφθαλμοί
2641 2636 2757 2674 σου
2785 2618 3146 2689 περιστεραί.
3176 2618 3351 2685 ἐκτὸς
3387 2618 3500 2687 τῆς
3531 2634 3681 2673 σιω-

2086 2713 2329 2781 πιὶσεώς
2350 2729 2467 2767 σου
2488 2712 2555 2767 ⁸⁸.
2577 2711 2652 2764 Τὸ
2678 2710 2869 2774 κάλλος
2905 2709 3077 2779 αὐτῆς
3093 2709 3532 2782 ἐκπληττόμενος
3552 2711 3679 2765 δεύ-

2084 2822 2242 2876 τερον
2266 2802 2516 2873 λέγειτό·
2560 2822 2577 2853 ι
2630 2800 2761 2854 Ἰδοὺ
2798 2795 2852 2853 εἴ
2896 2799 3059 2870 καλή.
3100 2818 3120 2850 ι
3156 2795 3291 2855 Εἶτα
3319 2800 3462 2854 κατά
3500 2800 3677 2872 μέρος

2089 2897 2260 2967 αὐτῆς
2283 2894 2576 2967 διαγράφει
2602 2893 2698 2964 τὴν
2735 2893 2884 2965 ὥραν
2911 2908 2926 2921 ο
2952 2892 3045 2945 καὶ
3072 2892 3193 2955 τοὺς
3225 2892 3325 2962 μὲν
3354 2892 3680 2963 ὀφθαλμοὺς

398 2971 570 3038 pellat
606 2973 918 3039 columbas,
970 2978 1315 3048 spiritualem
1363 2996 1552 3037 eorum
1588 2986 1983 3042 commendans

2088 2985 2345 3058 ὀνομάζει
2376 2982 2727 3056 περιστερὰς,
2761 2983 2862 3052 τὴν
2888 2981 3262 3053 πνευματικὴν
3299 2981 3481 3035 αὐτῶν
3511 2984 3677 3037 ἐπαι-

398 3064 925 3132 routemplationem
965 3085 978 3122 :
1014 3070 1160 3138 quod
1205 3086 1315 3126 non
1366 3074 1611 3144 aspireut
1647 3076 1712 3130 ad
1760 3092 1822 3132 ea
1861 3092 1984 3147 quas

398 3154 656 3210 sensibus
686 3156 939 3225 subjecta
970 3168 1121 3223 sunt,
1153 3163 1246 3217 sed
1272 3179 1397 3233 quae
1428 3181 1649 3221 sursum
1676 3178 1805 3223 sunt
1836 3185 1984 3239 qua:-

397 3256 546 3310 raut,
574 3267 592 3300 ι
628 3249 718 3304 ubi
739 3250 995 3309 Christus
1017 3263 1122 3319 est,
1150 3263 1208 3309 ut
1234 3257 1411 3326 inquit
1437 3258 1659 3324 Paulus,
1688 3259 1740 3313 in
1763 3260 1983 3315 dextera

400 3337 495 3393 Dei
533 3340 732 3397 sedens
764 3354 812 3397 ε.
853 3361 871 3395 ι
903 3344 1015 3414 90
1044 3346 1368 3401 Admiratur
1403 3356 1665 3416 praeterea
1700 3351 1984 3405 silentium

398 3431 517 3500 ejus
552 3446 946 3503 opportunum,
985 3438 1128 3508 quod
1159 3439 1379 3507 quidem
1414 3441 1726 3495 invenimus
1763 3442 1926 3496 etiam
1955 3458 1985 3497 a

400 3524 605 3593 priscis
658 3529 1061 3583 commendari.
1122 3528 1489 3595 Quamobrem
1541 3541 1595 3586 et
1646 3532 1701 3585 in
1752 3532 1986 3590 Psalmis

401 3615 657 3673 audimus
684 3635 703 3673 :
744 3638 762 3671 ι
800 3621 1045 3690 Apposui
1073 3623 1386 3677 custodiam
1409 3624 1489 3677 ori
1521 3640 1665 3690 meo,
1692 3640 1815 3679 cum
1852 3642 1986 3681 eon-

401 3708 625 3765 sisteret
655 3722 916 3781 peccator
944 3712 1209 3770 adversus
1245 3730 1353 3769 me.
1391 3715 1455 3769 Et
1500 3718 1799 3785 pallentes
1844 3719 1982 3773 dici-

401 3817 525 3857 mus
549 3800 577 3840 ἀ
617 3821 631 3857 :
671 3821 689 3854 ι
730 3804 978 3874 Appone,
1007 3803 1258 3872 Domine,
1295 3809 1604 3863 custodiam
1633 3812 1713 3865 ori
1754 3827 1895 3875 meo,
1932 3822 1987 3866 et

401 3895 607 3948 ostium
635 3894 1071 3950 circumstantia:
1100 3896 1249 3951 circa
1292 3899 1434 3953 labia
1468 3915 1586 3955 mea
1615 3912 1659 3955 θ.
1700 3922 1719 3954 ι
1774 3902 1840 3956 Et
1879 3902 1986 3958 Do-

405 3986 616 4040 minum
649 3986 792 4054 apud
828 3986 1026 4041 Isaiam
1073 3986 1094 4025 ί
1136 3988 1447 4048 invenimus
1501 4008 1608 4048 non
1644 3996 1986 4065 aperientem

401 4092 467 4131 os
501 4091 662 4130 suum
689 4076 745 4129 in
779 4075 1077 4134 afflictione
1107 4094 1206 4134 sua
1235 4100 1247 4135 :
1278 4083 1482 4153 quippe
1513 4084 1632 4153 qui,
1670 4095 1730 4140 ut
1751 4102 1983 4158 evange-

404 4165 713 4221 lica‘etiam
746 4166 917 4224 refert
954 4171 1204 4240 historia,
1238 4190 1362 4229 eum
1407 4191 1436 4229 a
1468 4175 1642 4233 Pilato
1681 4179 1987 4250 interrega-

2087 3079 2194 3130 νῶν
2224 3074 2457 3145 θεωρίαν
2483 3089 2496 3104 ·
2533 3072 2629 3126 καὶ
2655 3073 2736 3125 ὅτι
2757 3071 2818 3124 οὐ
2852 3070 2980 3140 περὶ
3006 3070 3075 3122 τὰ
3094 3069 3332 3140 αἰσθητά
3352 3070 3675 3143 κεχήνασιν,

2086 3165 2223 3219 ἀλλά
2255 3164 2325 3218 τά
2359 3165 2471 3219 ἄνω
2503 3161 2781 3234 ζητοῦσιν,
2840 3179 2860 3212 ι
2897 3155 2958 3214 οὗ
2986 3160 3015 3212 ό
3052 3146 3290 3231 Χριστός
3331 3162 3482 3225 ἐστι,
3531 3161 3679 3215 κατά

2086 3259 2177 3311 τὸν
2206 3256 2439 3319 Παῦλον,
2474 3258 2532 3309 ὲν
2556 3255 2705 3326 δεξιᾷ
2736 3251 2831 3307 τοῦ
2860 3251 2995 3306 Θεοῦ
3024 3251 3352 3323 καθήμενος.
3388 3277 3407 3305 ο
3441 3252 3679 3324 Θαυμά-

2089 3349 2168 3415 {et
2190 3350 2248 3402 δὲ
2285 3349 2453 3418 αὐτῆς
2494 3350 2587 3401 καὶ
2618 3349 2716 3416 τὴν
2753 3344 3009 3418 εὔκαιρον
3058 3347 3289 3416 σιωπήν.
3327 3345 3680 3418 Εύρίσκομεν

2088 3440 2197 3509 γὰρ
2228 3438 2320 3491 καὶ
2354 3438 2505 3507 παρὰ
2544 3438 2658 3497 τοῖς
2707 3436 2955 3499 παλαιοῖς
2999 3434 3224 3506 ἀνδράσι
3267 3435 3474 3507 ταύτην
3508 3439 3678 3491 ἐπαι-

2088 3529 2352 3599 νουμένην
2378 3543 2391 3556 θ
2419 3527 2499 3581 διὸ
2532 3527 2624 3580 καὶ
2661 3527 2716 3580 ἐν
2744 3526 2992 3597 Ψαλμοῖς
3020 3525 3291 3597 ἀκούομεν
3316 3541 3331 3556 ·
3363 3546 3381 3579 ι
3437 3528 3679 3600 Ἐθέμην

2090 3622 2336 3691 φυλακὴν
2368 3619 2446 3691 τῷ
2481 3619 2713 3690 στόματί
2740 3636 2840 3690 μου
2869 3620 2927 3672 ὲν
2956 3619 3034 3690 τῷ
3075 3620 3335 3689 συστῆναι
3365 3621 3455 3674 τὸν
3490 3622 3679 3693 ἀμαρ-

2088 3715 2255 3768 τωλὸν
2283 3713 2526 3766 ἐναντίον
2560 3729 2681 3782 μου.
2710 3731 2727 3762 ι
2755 3712 2866 3765 Καὶ
2893 3710 3186 3780 ψάλλοντες
3211 3712 3460 3782 λέγομεν·
3496 3735 3514 3766 ι
3540 3716 3678 3779 Θοῦ,

2088 3803 2284 3875 Κύριε,
2314 3802 2561 3873 φυλακὴν
2585 3801 2662 3873 τῷ
2691 3801 2917 3872 στόματί
2942 3820 3065 3872 μου,
3100 3803 3194 3856 καὶ
3216 3803 3386 3875 θύραν
3408 3809 3683 3877 περιοχῆς

2090 3896 2218 3966 περὶ
2255 3894 2324 3948 τὰ
2359 3894 2511 3965 χείλη
2558 3910 2679 3964 μου.
2722 3913 2740 3945 ι
2787 3894 2896 3946 Καὶ
2937 3894 3028 3947 τδν
3072 3894 3280 3965 Κύριον
3320 3896 3678 3968 εὑρίσκομεν,

2088 3989 2231 4041 κατά
2260 3986 2356 4057 τὴν
2397 3986 2619 4039 Ἡσαΐου
2650 3985 3012 4056 προφητείαν,
3046 3987 3147 4039 οὐκ
3187 3987 3472 4057 ἀνοίγοντα
3506 3989 3680 4043 αὑτοῦ

2089 4080 2149 4133 τὸ
2172 4080 2345 4148 στόμα
2372 4080 2428 4131 ὲν
2451 4080 2517 4149 τῇ
2552 4077 2878 4131 ταπεινώσει
2902 4076 3092 4141 αὐτοῦ,
3121 4079 3240 4146 καὶ,
3276 4079 3417 4133 κατὰ
3438 4079 3538 4151 τὴν
3566 4081 3683 4134 τῶν

2089 4170 2437 4238 Εὑαγγελίων
2468 4168 2729 4239 ἱστορίαν,
2770 4166 3125 4239 ἐρωτώμενον
3148 4169 3254 4223 ὑπὸ
3288 4169 3541 4235 Πιλάτου,
3580 4174 3682 4225 καὶ

403 4267 579 4326 retur,
633 4260 773 4315 nihil
828 4266 1218 4337 respondebat.
1279 4269 1492 4326 Laudat
1548 4289 1682 4344 ergo
1749 4290 1983 4344 sponsus

2093 4261 2167 4331 μὴ
2212 4258 2663 4344 ἀποκρινόμενον.
2732 4258 2977 4313 Ἐπαινεῑ
3018 4259 3200 4313 τοίνυν
3246 4260 3344 4330 τῆς
3387 4262 3609 4333 νύμφης
3649 4266 3680 4317 ὁ

405 4365 622 4419 sponsae
652 4353 931 4411 silentium
983 4360 1397 4429 tempestivum,
1445 4380 1554 4434 quo
1594 4342 1813 4436 quidem
1868 4369 1983 4438 ipse

2090 4350 2320 4420 νυμφίος
2375 4349 2475 4419 τὴν
2529 4342 2784 4420 εὔκαιρον
2837 4350 3084 4420 σιωπὴν,
3149 4349 3245 4404 ἂτε
3296 4350 3361 4422 δὴ
3421 4353 3519 4406 καὶ
3577 4354 3681 4405 αύ-

402 4458 621 4515 quoque
660 4446 713 4500 in
749 4455 999 4519 tempore
1034 4468 1168 4509 usus
1198 4461 1304 4509 est.
1338 4455 1548 4510 Laudat
1581 4466 1764 4513 autem
1810 4459 1983 4529 ipsius

2091 4443 2181 4505 τὸς
2240 4443 2321 4505 είς
2372 4441 2564 4511 καιρὸν
2631 4442 2865 4515 ταύτῃ⁸⁹
2923 4443 3351 4514 χρησάμενος⁹⁰.
3430 4446 3682 4500 Ἐπαινεῖ

401 4531 564 4588 etiam
594 4536 796 4605 crines,
834 4541 1143 4599 admiratur
1165 4553 1219 4600 et
1251 4544 1464 4612 dentes,
1491 4555 1656 4619 atque
1677 4549 1753 4605 ait
1786 4569 1801 4606 :

2091 4537 2135 4589 δ’
2179 4536 2348 4607 αὐτῆς
2392 4533 2484 4588 καὶ
2533 4534 2759 4606 τρίχαςο
2812 4532 3083 4605 θαυμάζει
3126 4536 3221 4589 καὶ
3251 4535 3380 4600 τοὺς
3429 4536 3676 4601 ὀδόντας,

2091 4629 2183 4682 καί
2217 4647 2350 4701 φησι
2376 4645 2391 4659 °

473 4705 921 4776 Capillamemum
963 4726 1109 4769 tuum
1151 4719 1288 4773 sicut
1324 4738 1500 4791 greges
1536 4737 1839 4790 caprarum,
1865 4740 1981 4795 qua:

2166 4724 2262 4791 Τρί
2265 4722 2429 4791 χωμά
2456 4738 2594 4784 σου,
2628 4721 2709 4787 ὡς
2739 4721 2947 4790 ἀγέλαι
2982 4721 3100 4775 τῶν
3120 4722 3324 4793 αἰτῶν,
3357 4722 3420 4776 αἳ
3448 4722 3678 4777 ἀπεκα-

402 4796 645 4851 revelata:
670 4809 792 4853 sunt
821 4801 885 4855 de
935 4803 1163 4861 Gulaad.
1186 4807 1367 4878 (Vens.
1400 4811 1481 4883 2.)
1516 4811 1708 4868 Dentes
1739 4816 1818 4869 tui
1847 4817 1981 4870 sicut

2088 4815 2471 4885 λύφθησαν⁶¹
2495 4814 2614 4869 ἀπὸ
2647 4813 2759 4882 τῆς
2800 4813 3068 4868 Γαλαάδ.
3110 4815 3199 4887 (β’)
3241 4814 3507 4882 Ὀδόντες
3531 4832 3670 4880 σου,

399 4905 578 4959 greges
617 4899 914 4957 (ansarum,
947 4912 1064 4965 qua:
1111 4902 1460 4957 ascenderunt
1500 4904 1564 4959 de
1591 4905 1826 4972 lavacro,
1867 4925 1983 4978 qua:

2088 4908 2171 4974 ὠς
2189 4905 2398 4977 ἀγέλαι
2427 4903 2545 4958 τῶν
2573 4904 2978 4972 κεκαρμένων,
3004 4905 3068 4958 αἳ
3088 4906 3398 4973 ἀνέϐησαν
3423 4906 3542 4960 ἀπὸ
3568 4909 3674 4961 τοῦ

405 4998 586 5036 omnes
613 4983 863 5053 gemellos
895 4987 1088 5042 habent
1127 4991 1290 5060 fetus,
1322 5005 1372 5048 et
1414 4997 1615 5053 sterilis
1649 5017 1753 5055 non
1789 5008 1867 5055 est
1897 5002 1983 5055 ino-

2089 4996 2372 5066 λουτροῦ,
2410 4996 2470 5051 αἲ
2499 4993 2693 5049 πᾶσαι
2719 4992 3171 5063 διδυμεύουσαι,
3201 4994 3297 5048 καὶ
3328 4995 3674 5051 ἀτεκνοῦσα

406 5081 485 5123 ter
541 5088 654 5126 eas.
719 5072 907 5145 Neque
945 5094 1043 5148 per
1076 5082 1306 5152 capillos
1340 5086 1528 5156 capilli
1578 5099 1709 5144 sunt
1772 5091 1982 5146 intelli—

2092 5093 2205 5147 οὐκ
2231 5090 2404 5144 ἔστιν
2428 5088 2497 5141 ἐν
2525 5084 2755 5152 αὐταῖς.
2789 5084 2929 5140 Οὔτε
2960 5085 3017 5139 δὲ
3049 5087 3244 5160 τρίχας
3270 5086 3373 5151 τὰς
3404 5088 3599 5159 τρίχας
3622 5092 3668 5122 κ

403 5185 1245 5335 ex:gallinlﬁriiﬁf;7hlarc.
1280 5202 1524 5269 x1v,2‘2;
1560 5205 1698 5259 Coll.
1733 5206 1901 5282 lCor.
1938 5223 2001 5271 ιι,
2040 5208 2131 5262 24.
2220 5218 2242 5246 ε
2278 5205 2497 5262 Coloss.
2540 5219 2621 5265 Ill,
2653 5202 2702 5256 1.
2780 5199 2808 5239 ἀ
2839 5201 2987 5258 Psal.
3018 5216 3249 5267 xxxvm,
3283 5204 3341 5258 2.
3459 5214 3484 5244 ο
3521 5201 3666 5261 Psal.

1680 5359 1915 5414 VARle
1950 5324 2355 5415 Lecrtoues.

467 5438 510 5468 ⁸⁷
549 5439 736 5524 αὐτοῦ.
776 5440 830 5496 In
865 5448 988 5502 cod.
1021 5449 1269 5524 sequitur
1299 5448 1461 5524 Pselli
1489 5449 1887 5524 interpretatio.
1967 5450 1983 5479 "

2088 5451 2210 5524 xs‘b;
2244 5482 2310 5491 ——-
2349 5468 2471 5524 seu:
2543 5453 2704 5524 Hebr.
2736 5453 2876 5507 inter
2904 5456 3138 5524 capillus,
3181 5464 3304 5509 tuos
3328 5498 3341 5518 ,
3372 5472 3418 5512 s.
3456 5472 3670 5511 comam

405 5519 575 5596 mallii:
615 5507 696 5596 ita
721 5507 1233 5596 qtloquc.vei-s;_3._
1276 5521 1320 5596 ”_’
1350 5522 1431 5583 εἰς
1467 5507 1671 5596 saepe}
1716 5521 1907 5593 ταύτῃ.
1946 5541 1983 5577 (τε

2100 5507 2556 5596 εύκαιροντοῦτο.
2634 5521 2678 5553 ⁸ο
2720 5507 3085 5595 χρησάμενος.
3131 5523 3183 5596 in
3243 5507 3366 5580 end.
3421 5529 3672 5596 sequitur

408 5575 567 5630 ΡδεΙΙί
624 5575 1023 5649 interpretatio.
1100 5591 1141 5623 "
1178 5589 1233 5643 αἳ
1287 5575 1516 5644 ἀπεκαλ.
1572 5575 1905 5662 Βοῦν-ζῳιΞέ
1941 5575 1983 5647 at

414 5645 576 5702 Abest
601 5664 629 5702 a
658 5652 778 5705 cod.

2090 5575 2275 5648 idum:
2324 5591 2483 5661 (Alii,
2523 5607 2645 5662 qua:
2678 5575 3183 5664 m’l‘lit’luiiif'chiitf
3233 5575 3405 5661 "E5;
