3940 6200
220 341 307 406 129

1253 336 1332 395 ΙΝ
1369 335 1750 395 CANTICUM
1792 336 2078 396 CANTIC.
2105 335 2249 395 LIB.
2288 333 2369 394 ΙῙ.

3347 338 3448 405 130

218 456 440 528 ωητέον,
490 449 613 504 οὔτε
658 450 881 513 ὀδόντας
929 450 1052 513 τοὺς
1083 448 1302 514 ὀδόντας
1328 466 1339 479 ·
1388 450 1527 504 ἀλλά
1569 449 1760 520 τρίχας

1866 450 2049 522 gendi,
2097 466 2276 521 neque
2312 462 2412 519 pro
2458 445 2717 502 dentibus
2749 445 2963 501 dentes.
3000 446 3105 503 Sed
3150 452 3336 522 capilli
3379 473 3442 512 ea

220 551 304 621 μὲν
329 546 386 599 τὸ
411 543 573 598 οἰονεὶ
607 542 863 612 περιττὸν
890 540 985 595 καὶ
1026 541 1336 610 σωματικὸν
1368 541 1466 610 τῆς
1506 540 1723 611 νύμφης
1747 556 1760 569 ·

218 639 380 708 vsa:sz
405 636 511 705 γάρ
539 637 596 687 αἰ
630 634 840 704 τρίχες,
879 633 973 687 καὶ
1012 633 1326 704 ἀναίσθητοι
1346 651 1358 662 ·
1390 633 1541 702 δηλοῖ
1570 632 1647 695 δὲ,
1682 633 1766 686 ὅτι

215 730 309 782 Καὶ
347 728 403 778 ὲν
437 718 518 787 οἷς
552 722 769 793 ἀνάγκη
812 725 925 786 τοῖς
968 721 1329 793 ἀνθρωπίνοις
1375 720 1763 792 ἐπιμίγνυσθαι

216 820 473 888 πράγμασι
494 856 511 877 ,
541 814 640 868 καὶ
671 816 727 866 ἐν
758 814 986 877 ἐκείνοις
1025 814 1087 866 τὸ
1151 813 1436 867 ἐπαινετὸν
1463 813 1640 883 ἔχεις,
1672 814 1765 866 καὶ

212 911 430 979 κόσμιον,
472 907 570 960 καὶ
611 904 796 969 ἔοικας
842 908 908 976 τῇ
938 905 1109 977 ἀγέλῃ
1143 904 1252 959 τῶν
1278 904 1470 973 αἰγῶν,
1507 907 1572 976 τῇ
1602 906 1659 959 ὲν
1684 904 1763 976 τῷ

211 1002 309 1071 ὄρει
337 997 538 1051 Γαλαάδ
576 996 887 1068 νεμομένη,
928 995 1023 1048 καὶ
1067 995 1154 1048 διὰ
1188 994 1250 1048 τὸ
1293 995 1427 1065 ὖψος
1472 995 1563 1050 τοῦ
1606 995 1762 1066 ὅρους

213 1092 437 1160 ἐπισήμῳ
460 1088 748 1160 γινομένῃ.
790 1088 927 1159 Περὶ
954 1088 1010 1142 δὲ
1042 1088 1233 1140 τούτου
1260 1086 1354 1140 τοῦ
1381 1087 1539 1158 ὅρους
1565 1087 1594 1140 ό
1628 1103 1762 1158 προ-

212 1185 363 1252 φήτης
411 1181 684 1251 Ἱερεμίας
736 1180 904 1251 φησί’
947 1198 965 1231 ι
999 1178 1088 1251 Μὴ
1134 1179 1323 1252 ῥητίνη
1371 1180 1473 1233 οὐκ
1509 1179 1655 1233 ἔστιν
1700 1181 1759 1231 ἐν

212 1272 419 1336 Γαλαὰδ,
451 1273 485 1342 ἧ
516 1271 706 1343 ἰατρὸς
737 1271 839 1324 οὐκ
873 1270 1018 1323 ἔστιν
1034 1270 1080 1303 ⁸³
1106 1272 1258 1336 sicsi;
1297 1290 1317 1323 ι
1346 1271 1457 1324 Καὶ
1476 1269 1754 1340 ζητητέον,

216 1367 394 1434 μήποτε
435 1363 535 1431 τὴν
571 1361 682 1414 τῶν
730 1359 904 1427 αἰγῶν
951 1358 1155 1428 ἀγέλην
1198 1357 1327 1422 τοὺς
1379 1357 1438 1422 ἐξ
1483 1358 1758 1428 ἁμαρτίας

211 1459 262 1526 τῇ
291 1452 533 1524 μετανοίᾳ
585 1451 945 1522 προσιόντας,
995 1450 1091 1503 καὶ
1125 1450 1213 1503 διὰ
1250 1448 1409 1503 τοῦτο
1446 1451 1503 1502 ὲν
1534 1448 1612 1519 τῷ
1649 1449 1755 1501 Γα-

210 1547 320 1601 λαὰδ
339 1546 448 1616 ὄρει
491 1544 858 1616 νεμομένους,
888 1543 973 1597 ἵνα
1003 1541 1310 1614 φαρμάκων
1339 1541 1754 1614 θεραπευτικῶν

212 1640 287 1693 καὶ
317 1637 554 1710 ἰατρείας
590 1636 848 1705 τύχωσιν,
883 1633 1115 1688 ἐνταῦθα
1159 1635 1190 1686 ὁ
1226 1633 1382 1702 λόγος
1433 1633 1751 1698 αἰνίττεται,

212 1732 288 1783 καὶ
309 1731 448 1800 δηλοῖ
477 1730 566 1783 ὅτι
594 1728 664 1781 τά
699 1725 890 1796 εὐτελῆ
925 1725 1021 1795 τῆς
1060 1724 1299 1795 νύμφης,
1330 1725 1423 1776 καὶ
1452 1724 1522 1776 τά
1551 1722 1753 1792 ἔσχατα

1872 542 2281 612 quodammodo
2314 540 2650 611 significant,
2687 554 2806 608 quae
2838 538 2893 592 in
2941 556 3143 610 sponsa
3190 543 3333 600 haud
3368 547 3446 601 ita

1871 642 2001 689 sunt
2025 632 2362 697 necessaria,
2384 646 2617 701 qumque
2647 629 2715 683 ad
2750 645 2954 700 corpus
2988 634 3288 702 pertinent.
3321 636 3445 693 Vita

1870 723 2018 780 enim
2070 722 2257 792 capilli
2301 730 2357 777 et
2409 723 2669 777 sensibus
2703 730 2912 776 carent.
2956 722 3127 788 Quasi
3175 725 3344 793 dicat,
3382 728 3442 781 lu

1870 814 2112 885 negotiis
2142 813 2307 869 etiam
2360 812 2642 875 humanis,
2680 813 2735 867 in
2770 813 2973 882 quibus
3006 829 3115 869 nen
3150 830 3443 885 possumus

1870 922 1978 961 non
2022 905 2312 975 implicari,
2363 913 2418 959 te
2471 904 2823 960 laudabiliter
2879 907 3191 976 decoreque
3241 909 3439 977 geris:

1868 1012 2272 1068 caprarumque
2304 996 2454 1067 gregi
2481 996 2687 1069 videris
2716 999 2934 1061 similis,
2976 999 3069 1068 qui
3104 1002 3353 1069 pascitur
3386 1003 3441 1056 in

1868 1101 2052 1145 monte
2073 1088 2299 1155 Galaad,
2324 1096 2378 1144 et
2414 1099 2641 1158 propter
2689 1090 2890 1143 montis
2922 1091 3266 1145 altitudinem
3301 1092 3441 1147 insi-

1866 1183 1992 1253 guis
2040 1191 2145 1237 est.
2183 1181 2298 1236 lloc
2326 1188 2511 1236 autem
2540 1180 2609 1236 de
2643 1190 2828 1235 monte
2852 1180 3121 1237 Jeremias
3152 1185 3439 1253 propheta,

1870 1292 1889 1324 ι
1932 1270 2185 1342 Nunquid
2234 1274 2436 1337 resina,
2487 1272 2685 1341 inquit,
2715 1287 2826 1326 non
2861 1284 2947 1328 est
2987 1275 3040 1328 in
3085 1273 3309 1341 Galaad,
3348 1287 3443 1330 aut

1864 1366 2115 1421 medicus
2147 1380 2253 1418 non
2289 1373 2376 1420 est
2405 1365 2478 1419 ibi
2512 1365 2577 1417 εἳ
2609 1384 2627 1417 ι
2663 1364 2729 1418 Ει
2754 1364 3145 1437 inquirendum
3173 1366 3277 1435 91
3331 1376 3438 1431 est,

1863 1470 1992 1510 num
2048 1456 2188 1511 forte
2220 1470 2317 1525 per
2356 1468 2649 1524 caprarum
2709 1470 2928 1525 gregem
2973 1456 3350 1525 intelligantur
3378 1457 3435 1521 ii,

1863 1548 1955 1616 qui
1990 1563 2055 1601 ex
2100 1556 2330 1617 peccato
2359 1547 2720 1616 resipiseunt,
2747 1555 2800 1601 et
2828 1546 2895 1600 ad
2930 1549 3309 1616 pwnitentiam
3346 1565 3440 1603 ac-

1862 1638 2086 1702 cedunt,
2122 1645 2287 1708 atque
2318 1637 2524 1691 idcirco
2567 1645 2872 1706 pascuntur
2906 1636 2961 1691 in
2995 1647 3178 1693 monte
3209 1637 3438 1702 Galaad,

1862 1737 1919 1784 ut
1969 1730 2367 1784 medicamenta
2419 1729 2690 1783 salutaria
2739 1737 2794 1783 et
2856 1730 3202 1784 curationem
3253 1745 3441 1784 conse-

211 1824 352 1892 αὐτῆς
384 1823 549 1893 μόρια
574 1863 592 1887 ,
624 1819 721 1874 καὶ
749 1817 821 1871 τὰ
869 1818 1029 1871 οἱονεὶ
1068 1819 1236 1889 νεκρά
1284 1818 1380 1870 καὶ
1432 1817 1757 1885 ἀναίσθητα,

1866 1831 2105 1893 quantur
2143 1838 2155 1874 :
2188 1830 2245 1875 ut
2268 1835 2487 1890 sponsae
2523 1831 2710 1891 partes
2734 1820 2981 1890 abjectm,
3019 1830 3437 1892 postrema-que,

209 1917 300 1977 τοῖς
317 1913 523 1985 ἐκείνης
542 1912 646 1982 τῆς
672 1910 872 1982 ἀγέλης
893 1908 1294 1981 παραϐάλλεται
1319 1906 1755 1979 κατορθώμασιν.

210 2010 262 2058 υἱ
285 2005 484 2068 ὀδόντες
521 2020 615 2057 σου
660 2003 715 2056 δὲ
759 2001 931 2064 οὕτως
974 2000 1079 2054 εἰσί.
1129 2000 1394 2071 καθαροὶ,
1431 1999 1525 2053 καὶ
1578 1999 1758 2068 πάσης

211 2095 437 2167 περιττῆς
487 2093 781 2161 διαλέξεως
810 2078 1250 2163 ἀπηλλαγμένοι,
1290 2092 1651 2164 εὐτραπελίας
1696 2108 1756 2144 τε

212 2189 284 2241 καὶ
310 2187 673 2258 μωρολογίας,
717 2183 1070 2255 ψευδολογίας
1111 2201 1172 2237 τε
1211 2184 1306 2237 καὶ
1351 2182 1754 2255 αίσχρολογίας,

212 2281 269 2343 ὡς
295 2278 518 2333 ἐοικέναι
547 2280 672 2341 ταῖς
714 2275 941 2344 ἀγέλαις
980 2274 1090 2327 τῶν
1133 2274 1489 2345 κεκαρμένων
1509 2314 1523 2339 ,
1568 2275 1664 2326 καὶ
1695 2272 1757 2326 τὸ

213 2371 429 2442 περιττὸν
462 2367 838 2439 ἀποθεμένων,
871 2366 927 2420 αἰ
955 2366 1226 2437 ἀνέϐησαν
1248 2366 1356 2418 ἀπὸ
1379 2366 1473 2419 τοῦ
1504 2363 1751 2436 λουτροῦ.

221 2462 460 2531 Ἠγοῦμαι
491 2461 549 2514 δὲ
574 2461 675 2523 τὰς
710 2458 819 2512 τῶν
853 2456 1210 2528 κεκαρμένων
1259 2457 1461 2525 ἀγέλας
1499 2458 1624 2519 τοὺς
1666 2455 1757 2510 διὰ

213 2552 286 2606 τοῦ
332 2551 699 2623 βαπτίσματος
773 2549 873 2620 τὴν
935 2546 1213 2619 ἁμαρτίαν
1262 2547 1752 2618 ἀποκειραμένους,

218 2665 233 2695 σ
260 2645 354 2700 Kal.
374 2645 456 2715 τῷ
483 2641 698 2715 λουτρῷ
725 2642 820 2695 τοῦ
854 2639 1048 2705 ὓδατος
1086 2642 1144 2694 ὲν
1182 2643 1406 2712 ῥήματι,
1446 2659 1464 2691 ι
1500 2638 1638 2692 κατὰ
1662 2637 1754 2691 τὸν

215 2738 452 2808 μακάρων
496 2734 717 2790 Παῦλον
739 2774 756 2799 ,
814 2733 1219 2806 καθαρθέντας,
1271 2729 1613 2802 παραδηλοῦν
1661 2729 1753 2782 τὸν

215 2829 448 2898 νυμφίον·
497 2825 673 2889 οὕτως
731 2825 884 2896 γάρ,
938 2825 1092 2896 φησί,
1148 2824 1427 2894 διέμεινας
1481 2821 1754 2893 καθαροὺς

216 2918 382 2988 ἔχουσα
425 2918 550 2981 τοὺς
594 2916 813 2978 ὀδόντας
837 2956 855 2980 ,
899 2915 995 2968 καὶ
1057 2912 1230 2985 ῥύπου
1279 2911 1453 2980 λόγων
1500 2910 1752 2981 πονηρῶν

217 3009 669 3081 ἀπηλλαγμένους,
717 3006 796 3071 ὡς
844 3004 1080 3060 ἐοικέναι
1131 3021 1192 3058 σε
1249 3004 1363 3067 τοῖς
1409 3002 1609 3073 ἀρτίως
1660 3000 1751 3054 τοῖ

217 3101 453 3171 σωτηρίου
504 3097 882 3170 βαπτίσματος
924 3093 1263 3165 ἠξιωμένοις.
1320 3093 1556 3145 Ἐκεῖναι
1600 3091 1657 3143 δὲ
1695 3090 1752 3143 αἰ

218 3193 377 3261 ἀγέλαι
406 3193 575 3246 πᾶσαι
602 3189 1015 3260 διδυμεὺουσαι,
1044 3186 1139 3239 καὶ
1163 3183 1465 3239 ἀτεκνοῦσα
1490 3183 1590 3235 οὐκ
1607 3181 1752 3235 ἔστιν

219 3287 263 3337 ὲν
285 3285 462 3348 αὑταῖς
486 3299 501 3315 ·
542 3283 602 3334 οὐ
651 3280 763 3351 γάρ
794 3276 1078 3341 ἀπεικάζω
1111 3291 1171 3328 σε
1202 3277 1317 3338 τοῖς
1365 3273 1504 3344 μετά
1534 3271 1596 3325 τὸ
1647 3287 1755 3323 σω-

220 3380 372 3446 τήριον
404 3375 686 3445 βάπτισμα
717 3366 1143 3440 παλινδρομοῦσι
1193 3366 1332 3435 πρὸς
1373 3363 1474 3435 τὴν
1520 3362 1753 3417 κακίαν*

221 3469 331 3522 ἀλλὰ
355 3470 461 3531 τοῖς
484 3466 582 3537 τὴν
623 3463 874 3518 δοθεῖσαν
919 3462 1104 3524 αὐτοῖς
1147 3458 1475 3528 φυλάττουσι
1524 3452 1754 3525 δωρεὰν,

222 3559 299 3612 καὶ
320 3560 410 3629 τὴν
433 3556 626 3627 διπλῆν
667 3552 870 3626 ἀρετὴν
914 3550 1178 3620 γεννῶσι,
1225 3549 1325 3619 τήν
1353 3563 1412 3600 τε
1440 3547 1500 3599 ὲν
1532 3542 1754 3613 θεωρίᾳ,

221 3652 303 3720 τήν
326 3667 380 3703 τε
411 3650 466 3701 ὲν
501 3646 724 3718 πράξει.
765 3641 954 3704 Οὕτως
988 3639 1161 3695 ταῦτα
1208 3638 1307 3708 τῆς
1349 3634 1567 3705 νύμφης
1605 3634 1758 3685 ἐπαι-

224 3743 360 3805 νέσας
387 3740 452 3795 τά
482 3738 668 3810 μόρια,
700 3734 797 3788 ἐπὶ
829 3729 994 3785 λοιπά
1007 3729 1054 3761 ³⁸
1080 3729 1267 3800 χωρεῖ,
1293 3725 1386 3780 καί
1417 3740 1579 3795 φησιν
1603 3739 1616 3754 ·

280 3834 343 3903 τ’.
386 3833 479 3899 Ὠς
499 3827 797 3899 σπαρτίον
838 3823 1122 3877 κόκκινον
1163 3820 1335 3888 χείλη
1372 3831 1519 3882 σου,
1569 3812 1669 3868 καὶ
1720 3813 1759 3882 ἡ

228 3923 383 3980 λαλιά
407 3939 517 3977 σου
557 3918 765 3988 ὡραία.
796 3915 895 3968 Διά
921 3914 1014 3967 τοῦ
1048 3911 1302 3966 κοκκίνου
1342 3907 1607 3977 σπαρτίου
1644 3906 1765 3959 ἀνα-

233 3994 493 4089 μιμνήσκει
532 4013 703 4083 αὐτὴν
731 4011 833 4079 τῆς
863 4008 954 4061 τὸν
981 4005 1149 4058 τύπον
1192 4002 1362 4072 αὐτῆς
1396 3998 1764 4089 πληρωσάσης

232 4088 506 4180 ὲννῐιαλαιᾷ
556 4104 804 4176 Διαθήκῃ
856 4098 1027 4153 Ῥαάϐ
1082 4099 1179 4168 τῆς
1225 4095 1451 4164 πόρνης.
1503 4091 1612 4143 Καὶ
1656 4088 1764 4158 γάρ

235 4205 387 4274 ἐκείνη
407 4204 528 4264 τοὺς
558 4198 666 4253 ὑπὸ
699 4193 876 4267 Ἰησοῦ
905 4191 999 4246 τοῦ
1032 4191 1189 4259 Ναυῆ
1219 4184 1600 4246 κατασκόπους

239 4271 493 4359 σταλέντας
522 4287 921 4359 ὑποδεξαμένη,
954 4284 1021 4337 δι’
1048 4280 1225 4336 αὐτῶν
1254 4279 1352 4349 τῆς
1375 4274 1592 4330 αἰωνίου
1621 4271 1768 4342 ζωῆς

240 4386 346 4452 ἀξία
381 4386 697 4455 γεγένηται·
728 4379 822 4434 καὶ
861 4375 1046 4444 εκείνη
1087 4373 1146 4426 δὲ
1196 4372 1421 4441 σημεῖον
1467 4365 1625 4420 ἔλαϐε
1670 4363 1765 4455 τῆς.

1859 1923 1914 1968 et
1967 1910 2371 1982 quodammodo
2400 1920 2629 1965 mortuae
2661 1927 2725 1965 ac
2771 1927 2937 1967 sensu
2989 1923 3243 1968 carentes
3290 1914 3439 1968 illius

1858 2004 2041 2075 gregis
2070 2002 2297 2059 dotibus
2323 2012 2740 2073 comparentur.
2779 2001 2984 2059 Dentes
3017 2019 3148 2058 vero
3176 2005 3257 2058 tui
3301 2008 3440 2060 adeo

1858 2096 2003 2167 puri.
2048 2096 2117 2150 ab
2143 2094 2294 2149 omni
2331 2093 2608 2164 superﬂua
2635 2093 3032 2163 disputatione,
3065 2102 3231 2166 atque
3268 2096 3435 2166 jocis,

1857 2199 1913 2244 et
1945 2188 2305 2254 scurrilitate,
2350 2196 2405 2243 et
2447 2187 2759 2253 mendacio,
2798 2187 3205 2257 verborumque
3247 2188 3440 2243 obsce-

1858 2280 2031 2335 nitate
2082 2279 2296 2345 mundi,
2330 2288 2495 2347 atque
2542 2279 2741 2349 integri
2777 2288 2948 2343 sunt,
2998 2290 3057 2332 ut
3110 2280 3320 2334 similes
3357 2280 3438 2333 vi-

1856 2372 2092 2426 deantur
2114 2371 2372 2442 gregibus
2404 2378 2712 2434 tonsarutn,
2742 2385 2885 2440 quae,
2904 2384 2971 2424 eo
2994 2371 3141 2439 quod
3175 2387 3438 2441 superva-

1856 2477 2083 2516 caneum
2117 2469 2234 2515 erat
2263 2461 2490 2530 reiecto,
2515 2460 2886 2517 ascenderunt
2908 2461 2974 2514 de
2996 2460 3241 2516 lavacro.
3276 2462 3439 2515 Arbi-

1855 2566 1972 2610 tror
2004 2563 2184 2610 autem
2222 2568 2252 2606 a
2284 2569 2488 2623 sponso
2512 2569 2608 2623 per
2637 2561 2923 2608 tonsarum
2956 2568 3148 2624 greges
3177 2569 3272 2609 eos
3297 2553 3439 2607 iudi-

1855 2647 1995 2711 cari,
2023 2646 2114 2717 qui
2139 2661 2234 2716 per
2258 2645 2532 2716 baptisma
2564 2645 2763 2700 recisis
2789 2644 3052 2715 peccatis,
3088 2663 3107 2696 ι
3138 2644 3205 2698 Ει
3224 2645 3440 2699 lavacro

1855 2754 2010 2811 aquae
2042 2738 2097 2792 iu
2135 2736 2325 2801 verbo,
2367 2754 2387 2788 ι
2427 2745 2488 2790 ιιι
2534 2735 2731 2790 beatus
2762 2737 2836 2789 ait
2867 2733 3077 2791 Paulus
3106 2736 3159 2799 ιι,
3190 2737 3435 2790 mandati

1855 2840 2004 2889 sunt.
2048 2829 2142 2884 Sic
2177 2828 2321 2883 enim
2350 2827 2527 2898 puris,
2558 2827 2757 2896 inquit,
2782 2826 3039 2882 dentibus
3075 2828 3357 2893 exstitisti,
3385 2838 3440 2883 et

1854 2923 1924 2978 ab
1952 2921 2101 2977 omni
2131 2920 2423 2975 verborum
2459 2919 2622 2975 sorde
2654 2919 2923 2988 purgatis,
2954 2928 3014 2974 ut
3038 2935 3230 2974 eorum
3255 2921 3440 2975 videa-

1854 3015 1932 3070 ris
1961 3011 2185 3075 similis,
2240 3009 2335 3080 qui
2389 3024 2586 3064 recens
2625 3010 2857 3063 salutari
2912 3010 3243 3079 baptismate
3287 3010 3440 3079 digni

1860 3111 1987 3158 sunt
2008 3102 2206 3156 babiti.
2239 3100 2415 3155 Porro
2436 3114 2631 3154 omnes
2658 3100 2737 3152 illi
2768 3115 2962 3170 greges
2990 3101 3256 3169 gemellos
3297 3102 3442 3157 fetus

1863 3187 2086 3251 habent,
2113 3194 2164 3238 et
2190 3182 2398 3238 sterilis
2426 3197 2538 3235 non
2566 3190 2652 3236 est
2685 3184 2740 3236 in
2781 3183 2862 3237 eis
2892 3200 2905 3236 :
2935 3199 3003 3237 ne
3034 3193 3086 3237 te
3120 3183 3232 3239 illis
3255 3185 3443 3240 videar

1858 3290 2197 3347 comparare,
2244 3275 2342 3345 qui
2378 3281 2501 3343 post
2534 3272 2882 3327 salutiferum
2934 3274 3211 3342 baptisma
3248 3289 3443 3330 rursus

1859 3367 1927 3423 ad
1955 3366 2251 3421 malitiam'
2278 3363 2507 3419 redeunt
2533 3381 2547 3417 :
2573 3363 2666 3418 sed
2685 3363 2755 3418 iis
2773 3362 2864 3432 qui
2883 3361 3063 3417 datam
3089 3364 3194 3419 sibi
3211 3365 3443 3434 gratiam

1857 3459 2201 3521 custodiunt,
2231 3456 2622 3526 duplicemque
2644 3464 2759 3509 tum
2791 3455 3297 3526 contemplationis,
3325 3463 3442 3510 tum

1858 3551 2092 3607 actionis
2120 3552 2374 3604 virtutem
2403 3549 2646 3617 pariunt.
2673 3544 2772 3601 His
2797 3561 2930 3617 ergo
2952 3563 3172 3618 sponsa:
3192 3547 3444 3618 partibus

1860 3642 2208 3709 collaudatis,
2246 3641 2314 3695 ad
2350 3639 2595 3710 reliquas
2620 3639 2997 3710 progreditur,
3035 3648 3087 3694 et
3122 3639 3201 3694 ait
3233 3658 3247 3695 :

1932 3817 2095 3874 Vnus.
2146 3816 2200 3872 5.
2232 3816 2381 3872 Sicut
2425 3815 2696 3885 funiculus
2731 3817 3005 3871 coccineae
3050 3817 3192 3871 labia
3231 3827 3345 3884 tua,
3391 3829 3443 3874 et

1861 3912 2126 3982 eloquium
2153 3918 2301 3962 tuum
2344 3907 2615 3963 decorum.
2644 3906 2748 3962 Per
2781 3907 3085 3963 funiculum
3118 3910 3442 3966 coccineum

1864 4014 2082 4072 sponsa:
2122 3997 2320 4068 redigit
2356 3997 2408 4050 in
2459 3997 2782 4051 memoriam
2833 3996 3026 4051 Rbaab
3070 4000 3441 4066 meretricem,

1865 4109 1986 4164 qum
2011 4092 2238 4161 ﬁguram
2268 4091 2389 4158 ejus
2404 4086 2753 4158 gerebat92
2774 4086 2828 4141 in
2849 4085 3032 4142 Veteri
3065 4084 3441 4145 Testamento.

1866 4183 2077 4239 Etenim
2099 4195 2226 4235 cum
2262 4178 2639 4248 speculatores
2664 4178 2863 4232 missos
2893 4192 2925 4232 a
2952 4177 3121 4234 Josua
3156 4179 3266 4234 lilio
3293 4179 3442 4235 Nare

1869 4275 2226 4346 suscepisset,
2262 4288 2358 4342 per
2410 4272 2535 4328 illos
2579 4278 2784 4326 aeterna
2818 4271 2995 4326 salute
3038 4270 3200 4339 digna
3246 4270 3441 4326 effecta

1869 4376 1952 4422 est
1989 4384 2005 4421 :
2039 4364 2337 4432 habuitque
2372 4363 2489 4431 ipsa
2536 4376 2758 4432 quoque
2792 4361 2989 4415 salutis
3035 4360 3252 4427 signum
3294 4358 3443 4412 funi-

627 4470 895 4542 σπαρτίον
936 4467 998 4520 τὸ
1025 4465 1277 4519 κόκκινον
1303 4479 1316 4492 ·
1358 4459 1515 4512 τοῦτο
1554 4455 1641 4510 διὰ
1668 4454 1760 4524 τῆς

1871 4458 2056 4512 culum
2091 4457 2429 4520 coccineum,
2470 4467 2630 4522 quem
2665 4466 2695 4504 e
2731 4450 2967 4504 fenestra
3002 4463 3328 4517 suspensum
3360 4448 3443 4503 di-

244 4537 420 4637 θυρίόος
444 4537 675 4639 χαλάσαι
703 4537 1125 4633 προσταχθεὴα,
1158 4557 1245 4609 ἵνα
1280 4552 1388 4606 τῶν
1423 4548 1760 4639 Ἰσραηλιτιξιν

1876 4548 2092 4603 mittere
2124 4547 2283 4617 jussa
2326 4550 2432 4605 est,
2462 4550 2522 4596 ut
2559 4540 2826 4595 lsraelitis
2857 4540 2911 4592 in
2952 4538 3143 4592 urbem
3178 4537 3443 4608 ingressis

244 4636 312 4723 εἰς
331 4660 413 4729 τὴν
436 4636 585 4712 πόλιν
620 4651 1045 4723 εἰσεληλυθότων
1064 4688 1079 4712 ,
1112 4645 1277 4716 φανὲν
1313 4645 1371 4697 τὸ
1411 4643 1632 4713 σημεῖον
1661 4636 1770 4690 τῶν

245 4753 566 4825 ἀναιρούντων
616 4746 790 4816 αὐτὴν
828 4738 1115 4812 ἀπαλλάξῃ
1137 4779 1153 4805 ,
1206 4735 1304 4790 καὶ
1351 4733 1449 4804 τὴν
1502 4729 1771 4825 σωτηρίαν

248 4818 359 4915 αὖτῇ
392 4841 693 4915 προξενίσῃ.
728 4835 900 4889 Τοῦτο
929 4832 990 4885 τὸ
1023 4831 1246 4902 σημεῖον
1286 4829 1314 4880 ὁ
1344 4822 1571 4893 νυμφίος
1598 4823 1664 4915 Δὲν
1696 4818 1773 4887 τῷ

249 4912 442 5007 στόματι
478 4935 573 5003 τῆς
614 4933 876 5001 νύμφης,
920 4918 1031 4978 οἷον
1079 4924 1136 4975 ὲν
1177 4923 1244 4991 τῇ
1296 4915 1470 4988 θυρίδι
1524 4912 1775 5007 κείμενον

249 5001 439 5097 θεωρεῖ,
479 5001 570 5079 καί
611 5037 807 5093 φησιν’
847 5036 866 5069 ι
913 5015 999 5078 Ὠς
1033 5011 1293 5083 σπαρτίον
1325 5008 1587 5097 κόκκινον,
1622 5001 1775 5097 χείλη

247 5093 351 5185 σου,
370 5120 455 5173 καὶ
477 5121 511 5190 ιι
529 5115 693 5171 λαλιά
713 5130 808 5167 σου
834 5109 1031 5180 ὡραία.
1071 5126 1088 5158 ι
1135 5103 1381 5169 Ἐδέξατο
1404 5099 1513 5190 γάρ
1544 5093 1778 5190 τὴνὲἀπὸ

250 5184 563 5280 τοῦαίματός
592 5222 694 5277 μου
728 5200 937 5275 βαφὴν,
982 5197 1078 5253 καὶ
1110 5195 1374 5266 προφέρει
1418 5189 1608 5256 λόγους
1640 5184 1774 5280 ἀλτΓ

254 5297 391 5367 θείας,
410 5278 515 5356 οἷόν
540 5316 648 5354 τινι
693 5293 948 5365 σπαρτίῳ
983 5290 1107 5353 τοὺς
1145 5283 1417 5356 ἀκροατάς
1467 5278 1778 5340 ἁλιεύοντάς

312 5478 538 5536 εἰει-ειη.
571 5492 691 5546 νιιι,
720 5476 814 5533 22.
891 5472 920 5511 ιι
947 5470 1142 5541 Ephes.
1187 5487 1239 5534 ν,
1273 5468 1362 5523 26.

1876 4640 2091 4711 signum
2119 4636 2174 4690 id
2200 4648 2470 4705 apparens
2502 4631 2653 4685 illam
2680 4645 2709 4683 a
2728 4629 2881 4683 caede
2909 4629 3189 4690 liberaret,
3216 4629 3445 4700 ejusque

1877 4728 2042 4785 saluti
2096 4724 2409 4781 consuleret
2445 4723 2488 4774 ί.
2545 4719 2775 4788 Signum
2821 4718 2927 4774 hoc
2975 4733 3216 4788 sponsus
3264 4720 3317 4772 in
3352 4734 3445 4775 ore

1880 4831 2113 4891 sponsae,
2143 4826 2400 4884 tanquam
2433 4810 2489 4863 in
2517 4809 2760 4864 fenestra
2793 4808 3119 4863 collocatum
3148 4808 3399 4862 intuetur
3428 4826 3441 4861 :

1880 4921 1933 4967 et
1963 4929 1984 4963 ι
2022 4909 2180 4964 Sicut
2211 4903 2491 4960 funiculus
2517 4901 2833 4965 coccineus,
2863 4900 3062 4970 inquit,
3084 4898 3225 4953 labia
3255 4906 3368 4961 tua,
3390 4905 3445 4951 et

1879 4998 2155 5070 eloquium
2185 5006 2335 5050 tuum
2358 4992 2637 5047 decorum.
2676 5008 2695 5042 ι
2740 4989 2907 5043 Duxit
2935 4989 3080 5043 enim
3108 4988 3345 5041 colorem
3379 5000 3443 5039 ex

1884 5088 2149 5161 sanguine
2184 5100 2326 5150 meo,
2360 5091 2413 5139 et
2466 5083 2630 5137 verba
2663 5079 2877 5151 profert
2925 5077 3196 5139 veritatis,
3246 5075 3444 5145 quibus

1880 5191 2137 5251 tanquam
2169 5174 2416 5232 funiculo
2462 5172 2700 5244 quodam
2739 5170 3037 5240 capiuntur
3068 5166 3366 5225 auditores,
3396 5172 3444 5217 et

1881 5273 2220 5328 vinciuntur.
2256 5267 2390 5324 Nam
2427 5267 2707 5339 eloquium
2747 5271 2902 5319 tuum
2935 5262 3201 5318 decorum
3232 5272 3326 5311 eos
3351 5256 3437 5310 de-

1444 5478 1459 5505 ι
1492 5463 1657 5518 Josue
1687 5474 1746 5521 ll,
1784 5455 1849 5509 18
1880 5470 2034 5523 seqq.

1458 5617 1691 5676 VARle
1731 5609 2127 5668 LECTIONES.

308 5731 349 5762 "
374 5729 531 5798 infra,
554 5733 592 5788 l.
616 5748 666 5790 c.
694 5733 799 5799 leg.
837 5728 1011 5796 ἰατροὶ
1042 5725 1139 5778 οὐκ
1166 5721 1321 5776 εἰσίν.
1398 5719 1442 5750 θ’
1464 5711 1645 5768 λοιπά.
1671 5707 1792 5765 cod.
1826 5720 2011 5774 praem.
2054 5704 2143 5756 τά.
