3940 6200
261 337 343 401 123
1246 339 1326 399 IN
1359 339 1747 400 CANTICUM
1771 310 2061 398 CANTIC.
2096 339 2353 399 1.13.11.

3369 346 3469 410 134

249 455 465 511 τωτέστι
492 456 632 519 πόας
662 454 893 518 εὐώδους
929 456 1363 527 μεταλαμϐάνειν
1383 459 1526 512 ’ἐστι
1560 459 1617 511 δὲ
1653 457 1790 529 αὕτη

1898 471 2038 521 ram,
2063 472 2187 526 qua:
2213 468 2303 512 est
2325 457 2561 527 spiritus
2587 456 2859 522 doctrina,
2890 459 3194 530 percipere.
3228 459 3297 514 At
3321 462 3471 534 Sym-

257 551 280 620 ἠ
312 547 395 601 τοῦ
426 546 733 618 πνεύματος
771 547 1110 601 διδασκαλία.
1144 549 1304 603 Κατὰ
1338 550 1395 603 δὲ
1427 551 1519 603 τὸν
1564 550 1791 620 Σύμμαο

252 658 347 713 χον,
382 658 400 690 ι
427 640 561 709 ἄνθη
598 640 786 710 νέμειν
820 639 883 707 ’³,
908 659 926 691 ι
957 640 1089 710 φησί
1109 657 1124 671 ·
1163 645 1289 706 τοὺς
1324 642 1434 714 γὰρ
1466 643 1795 708 ἀξιωθέντας

252 732 387 794 ἄνθος
406 731 664 800 γενέσθαι
681 732 777 786 to;
807 733 1118 802 πνεύματος
1144 735 1193 788 οἱ
1219 738 1321 806 τῆς
1348 735 1566 807 νύμφης
1599 735 1794 807 μαστοὶ

250 826 443 895 νέμουσι
483 824 579 877 καὶ
605 825 974 896 ποιμαίνουσι,
1004 827 1072 880 τὰ
1099 828 1196 896 τὴς
1226 826 1574 892 διδασκαλίας
1609 828 1794 893 αὐτοῖς

249 910 623 980 προσφέροντες
672 913 911 983 νάματα,
948 932 967 964 ι
996 914 1099 978 ἕως
1140 915 1492 988 διαπνεύσῃή
1523 919 1723 988 ἡμέρα,
1766 936 1787 969 ι

249 1006 329 1057 καὶ
371 1003 499 1074 λήξῃ
534 1007 635 1074 μὲν
664 1007 733 1059 τὰ
766 1006 1023 1076 καύματα
1056 1007 1129 1071 ’⁵,
1160 1008 1439 1062 τουτέστιν
1465 1009 1494 1062 ὁ
1536 1009 1794 1072 ἐπίπονος

250 1093 373 1162 βίος·
407 1111 426 1144 ι
464 1093 728 1162 κινηθῶσι
756 1095 813 1147 δὲ
855 1097 911 1147 αἱ
949 1096 1119 1160 σκιαὶ,
1149 1115 1168 1147 ι
1219 1096 1289 1149 τὰ
1321 1097 1564 1168 παρόντα
1612 1098 1792 1168 πράγ-

252 1202 402 1254 ματα,
453 1185 574 1248 ταῖς
623 1187 806 1249 σκιαῖς
872 1186 1286 1257 ἀπεικασμένα,
1317 1187 1393 1249 ὡς
1449 1186 1789 1259 προείρηται.

248 1277 407 1337 οὕτως
453 1275 749 1339 ἐπαινέσας
778 1276 877 1346 τῆς
914 1276 1132 1346 νύμφης
1178 1276 1246 1330 τὰ
1277 1275 1433 1348 μέλη,
1466 1295 1484 1328 ι
1525 1276 1794 1345 Πορεύσο-

249 1385 348 1438 μαι,
376 1367 535 1437 φησὶν
559 1405 577 1430 ,
609 1367 837 1438 ἐμαυτῷ
872 1367 1006 1438 πρὸς
1052 1367 1178 1438 ὄρος
1231 1370 1330 1439 τῆς
1387 1367 1650 1438 σμύρνης,
1699 1367 1793 1420 καὶ

245 1458 360 1527 πρὸς
413 1456 598 1526 βουνὸν
638 1457 734 1511 τοῦ
783 1457 1025 1512 λιϐάνου.
1064 1477 1084 1511 ι
1135 1457 1384 1529 Ἐπειδὴ,
1418 1458 1619 1529 φησὶν,
1649 1457 1792 1511 οὕτω

244 1550 501 1618 τυγχάνεις
520 1550 829 1621 εὐπρεπὴς,
855 1550 1027 1614 οὕτως
1047 1549 1246 1620 ὡραία,
1279 1550 1422 1604 οὕτω
1452 1551 1691 1621 λάμπεις
1713 1551 1793 1622 τῷ

244 1640 438 1705 κάλλει,
466 1639 646 1705 οὕτως
688 1640 933 1712 ἐτρώθης
958 1641 1036 1713 τῷ
1069 1641 1198 1714 περὶ
1232 1642 1331 1713 ἐμὲ
1362 1641 1593 1713 φίλτρῳ,
1624 1659 1793 1697 κατα-

244 1731 437 1799 δέχομαι
466 1730 555 1783 τὸν
579 1730 720 1801 ὑπὲρ
746 1730 842 1785 σοῦ
864 1731 1114 1797 θάνατον,
1140 1730 1234 1785 καὶ
1264 1731 1601 1804 πορεύσομαι
1622 1734 1793 1801 ἐμαυ-

1896 545 2129 600 machus
2172 546 2352 611 dixit,
2409 564 2429 597 ι
2472 546 2637 602 ﬂores
2665 562 2919 618 pascere.
2962 567 2982 599 ›
3030 548 3138 604 Eos
3186 552 3332 605 enim
3377 554 3473 623 qui

1895 634 2028 691 facti
2084 647 2215 692 sunt
2268 638 2444 708 digni,
2496 647 2556 693 ut
2606 639 2722 693 sint
2774 638 3004 708 spiritus
3057 640 3244 706 ﬂores,
3299 642 3473 699 ubera

1896 743 2137 800 sponsae,
2191 745 2259 785 ex
2308 731 2516 801 quibus
2551 732 2822 786 doctrina:
2879 733 3072 788 latices
3122 733 3324 802 ﬂuunt,
3373 751 3474 805 pa-

1894 831 2080 887 scunt,
2129 828 2180 877 et
2226 823 2536 877 nutriunt:
2583 843 2601 874 ι
2640 823 2815 877 donec
2866 824 3074 892 aSpiret
3133 824 3280 889 dies,
3347 843 3364 878 ι
3418 833 3475 880 et

1893 923 2084 978 aestus,
2122 912 2226 967 hoc
2258 921 2346 967 est
2384 915 2514 967 vitae
2542 913 2786 978 labores,
2820 916 3081 969 desinant
3114 934 3129 970 ι
3165 935 3183 967 ι
3218 925 3272 971 et
3311 932 3474 972 more

1894 1003 2104 1059 fuerint
2157 1004 2389 1070 umbrse,
2444 1024 2463 1057 ι
2500 1004 2562 1059 id
2587 1012 2692 1069 est,
2732 1008 2948 1076 negotia
2983 1010 3299 1075 praesentia,
3348 1023 3474 1078 quae

1893 1095 2128 1159 umbris,
2174 1102 2230 1148 ut
2288 1095 2499 1149 dictum
2551 1105 2660 1162 est,
2721 1109 3140 1167 comparantur,
3188 1100 3347 1155 finem
3379 1103 3475 1155 ha-

1894 1184 2077 1239 beant.
2109 1186 2191 1238 lta
2224 1200 2445 1254 sponsa:
2485 1186 2753 1240 membris
2784 1189 3142 1255 collaudatis,
3185 1210 3203 1240 ί
3237 1189 3472 1257 Vadam,

1895 1276 2094 1344 inquit,
2126 1276 2258 1328 mihi
2294 1276 2404 1345 ipsi
2445 1276 2511 1330 ad
2560 1284 2800 1331 montem
2842 1280 3102 1349 myrrhae,
3139 1289 3195 1335 et
3224 1281 3291 1334 ad
3358 1284 3477 1337 col-

1896 1366 1999 1419 lem
2046 1365 2250 1421 thuris.
2300 1384 2319 1417 ι
2371 1365 2632 1432 Quando,
2678 1367 2899 1438 inquit,
2946 1370 3084 1424 adeo
3132 1370 3334 1426 decora
3389 1389 3474 1437 es,

1895 1458 2030 1512 adeo
2072 1456 2358 1523 formosa,
2410 1458 2549 1513 adeo
2603 1459 3023 1529 pulchritudine
3071 1464 3372 1527 excellens,
3422 1475 3478 1520 et

1894 1549 2099 1603 amoris
2137 1564 2263 1619 erga
2298 1565 2384 1604 me
2420 1550 2646 1605 vulnere
2690 1552 2934 1605 sauciata
2960 1592 2976 1615 ,
3015 1568 3113 1623 pro
3146 1562 3198 1609 te
3234 1564 3472 1611 mortem

1893 1650 2172 1709 oppetam,
2204 1649 2258 1695 et
2300 1643 2537 1713 myrrha:
2570 1653 2811 1699 montem
2842 1653 3041 1713 sponte
3074 1649 3472 1707 conscendam.

1896 1729 2000 1785 Sed
2044 1733 2243 1785 iterum
2304 1747 2553 1802 surgam,
2587 1742 2643 1787 et
2672 1741 2919 1788 revertar
2951 1734 3017 1789 ad
3041 1736 3238 1791 collem
3270 1740 3472 1793 thuris.

243 1820 307 1892 τῷ
328 1820 453 1894 πρὸς
475 1822 535 1875 τὸ
579 1822 706 1893 ὅρος
739 1823 836 1892 τῆς
874 1821 1118 1895 σμύρνης
1141 1837 1155 1853 °
1188 1822 1325 1878 ἀλλὰ
1354 1823 1516 1877 πάλιν
1560 1825 1790 1895 ἀναστή-

1896 1822 2012 1877 lam
2072 1839 2200 1877 vero
2251 1839 2417 1893 supra
2455 1810 2732 1881 'diximus
2800 1827 2953 1881 illum
3038 1844 3138 1897 per
3195 1831 3473 1901 myrrham

246 1927 405 1981 σομαι,
432 1913 525 1967 καὶ
558 1913 815 1984 ἐπανήξω
845 1915 982 1985 πρὸς
1010 1915 1100 1969 τὸν
1139 1914 1325 1985 βουνὸν
1356 1914 1450 1969 τοῦ
1481 1915 1698 1970 λιϐάνου
1721 1916 1789 1969 ¹⁵.

245 2003 335 2056 Καὶ
352 2004 446 2075 ἥδη
493 2004 552 2057 δὲ
588 2008 1019 2079 προειρήκαμεν,
1057 2007 1132 2071 ὡς
1165 2007 1263 2078 μὲν
1292 2008 1382 2062 διὰ
1405 2005 1505 2081 τῆς
1545 2009 1791 2079 σμύρνης

245 2094 319 2147 τὸν
345 2094 565 2149 θάνατον
599 2098 919 2169 παραδηλοῖ,
946 2099 1033 2154 διὰ
1065 2099 1121 2153 δὲ
1151 2099 1245 2155 τοῦ
1269 2101 1485 2155 λιϐάνου
1508 2101 1606 2172 τὴν
1641 2101 1790 2155 θείαν

246 2185 399 2252 φύσιν.
428 2189 702 2258 Ζητητέον
737 2189 917 2243 τοίνυν
939 2232 954 2257 ,
997 2192 1141 2256 τίνος
1176 2192 1275 2262 μὲν
1316 2192 1501 2245 ἕνεκεν
1533 2192 1657 2265 ὄρος
1692 2192 1790 2261 μὲν

247 2277 320 2328 ἐπὶ
347 2277 571 2332 θανάτου
607 2280 977 2342 τέθεικεν,ἐπὶ
1007 2282 1061 2335 δέ
1096 2284 1191 2353 τῆς
1218 2284 1489 2354 θειότητος
1509 2284 1554 2315 ¹⁶
1578 2283 1781 2352 βουνόν.

248 2364 348 2416 Ὀτι
370 2366 524 2435 μέγα.
565 2369 659 2421 καὶ
692 2368 931 2440 άρῥητον
954 2410 967 2433 ,
999 2372 1089 2424 καὶ
1127 2371 1361 2435 διανοίας
1392 2371 1539 2424 ἐστὶν
1581 2371 1789 2439 ἀνθρὼ-

249 2470 343 2506 πων
362 2455 665 2524 ἀνέφικτον,
696 2459 756 2511 τὸ
782 2459 873 2514 τὸν
899 2461 955 2513 ἐν
981 2465 1157 2532 μορφῇ
1197 2461 1331 2515 Θεοῦ
1356 2463 1667 2535 ὑπάρχοντα
1713 2463 1788 2535 μὴ

249 2544 505 2617 ἁρπαγμὸν
538 2550 956 2619 ἡγήσασθαι,τὸ
989 2549 1127 2606 εἶναι
1151 2554 1239 2609 ῐσα
1272 2553 1410 2624 Θεῷ,
1440 2554 1551 2607 ἀλλ’
1597 2554 1789 2608 ἐαυτὸν

248 2636 526 2693 κενώσαντα
555 2641 770 2713 μορφὴν
791 2643 977 2697 δούλου
1014 2645 1195 2697 λαϐεῖν
1217 2687 1228 2709 ,
1261 2645 1354 2699 καὶ
1393 2649 1449 2700 ἐν
1482 2645 1786 2717 ὁμοιώματι

249 2728 519 2798 ἀνθρώπων
574 2732 865 2801 γενόμενον
916 2735 1010 2788 καὶ
1078 2737 1317 2807 σχήματι
1370 2737 1660 2807 εὑρεθέντα
1712 2736 1788 2799 ὼς

247 2817 499 2891 ἄνθρωπον
536 2822 601 2885 ⁸⁷,
629 2825 969 2878 ταπεινῶσαι
996 2827 1185 2879 ἐαυτὸν
1217 2828 1379 2900 μέχρι
1417 2828 1666 2891 θανάτου,
1695 2827 1789 2882 θα-

249 2911 381 2964 νάτου
406 2913 463 2966 δὲ
500 2918 754 2987 σταυροῦ.
799 2918 872 2970 Τδ
914 2918 971 2971 δὲ
1014 2921 1092 2982 εἰς
1123 2920 1219 2990 τὴν
1252 2921 1455 2975 οἰκείαν
1494 2922 1649 2989 δόξαν
1685 2923 1786 2973 ἐπ-

246 3001 482 3069 ανελθεῖν,
503 3007 594 3058 καὶ
626 3006 951 3079 δοξασθῆναι
978 3013 1043 3082 τῇ
1074 3011 1199 3082 δόξῃ
1306 3008 1417 3081 εἶχε
1443 3013 1548 3083 πρὸ
1575 3013 1667 3066 τοῦ
1697 3013 1787 3066 τὸν

248 3092 421 3162 κόσμον
460 3096 725 3163 γενέσθαι,
754 3099 856 3152 οὐκ
882 3095 951 3169 ἦν
986 3101 1126 3170 μέγα
1145 3143 1160 3164 ,
1185 3102 1304 3155 οὐδὲ
1343 3102 1621 3162 ἐπίπονον,
1654 3103 1788 3157 ἀλλὰ

247 3185 323 3237 καὶ
344 3185 461 3240 λίαν
493 3189 692 3261 ῥᾴδιον.
718 3191 815 3245 Διὰ
856 3192 1012 3245 τοῦτο
1040 3192 1164 3264 ὅρος
1192 3195 1291 3266 μὲν
1325 3198 1424 3267 τῆς
1466 3197 1714 3269 σμύρνης
1744 3197 1786 3229 ¹⁸

250 3272 593 3349 φησὶ,’βουνδν
619 3281 675 3334 δὲ
708 3281 803 3336 τοῦ
850 3283 1067 3338 λιϐάνου
1089 3326 1103 3350 ,
1136 3286 1350 3352 δεικνὺς
1371 3289 1453 3341 ὅτι
1500 3288 1658 3342 τοῦτο
1690 3288 1789 3360 μέν

250 3366 369 3421 ἐστιν
396 3370 617 3437 εὐπετὲς
634 3374 800 3446 αὐτῷ,
824 3377 921 3430 καὶ
946 3377 1086 3448 μάλα
1113 3379 1313 3449 ῥᾴδιον,
1333 3382 1507 3433 ἐκεῖνο
1533 3380 1588 3433 δὲ
1622 3383 1791 3451 πρόσ-

250 3472 379 3522 αντες
409 3461 492 3515 διὰ
513 3464 572 3516 τδ
600 3463 942 3536 ἀνθρώπειον
978 3470 1038 3521 ⁸⁸.
1070 3472 1160 3521 Διὸ
1194 3469 1288 3522 καλ⁵
1314 3471 1442 3539 παρ’
1473 3470 1603 3523 αύτδ
1637 3471 1783 3538 γενό-

254 3566 386 3618 μενος
407 3552 466 3605 τὸ
486 3555 654 3619 πάθος
684 3558 845 3627 φησί’
864 3559 979 3612 Νῦν
1010 3562 1042 3630 ἡ
1067 3560 1210 3631 ψυχή
1245 3578 1345 3631 μου
1385 3562 1711 3633 τετάρακται
1737 3579 1750 3593 ο
1767 3582 1785 3614 ι

252 3643 346 3703 καὶ,
385 3661 404 3696 t
442 3645 640 3718 Πάτερ,
673 3649 722 3700 εἰ
767 3648 992 3702 δυνατὸν
1024 3692 1038 3715 ,
1073 3650 1387 3722 παρελθέτω
1427 3653 1488 3705 τὸ
1531 3654 1791 3724 ποτήριον

251 3732 383 3789 τοῦτο
406 3736 698 3807 ἀπ’ἐμοῦ.»
734 3739 893 3793 Ἀλλά
922 3742 1080 3795 πάλιν
1113 3742 1366 3811 ἐπάγειοι
1402 3744 1513 3796 Καὶ
1542 3745 1595 3796 τί
1611 3746 1749 3798 εἴπω
1774 3763 1788 3812 ;

254 3825 433 3898 Πάτερ,
458 3831 626 3885 σῶσόν
650 3851 717 3904 με
738 3835 803 3888 ἐκ
822 3838 922 3907 τῆς
944 3835 1090 3908 ὧρας
1109 3838 1311 3909 ταύτης
1330 3856 1344 3872 ο
1369 3838 1504 3892 ἀλλὰ
1528 3839 1615 3893 διὰ
1636 3840 1792 3894 τοῦτο

253 3916 457 3987 ἐλήλυθα
496 3925 574 3986 είς
612 3924 710 3996 τὴν
742 3924 893 3997 ὥραν
932 3928 1156 3999 ταύτην.
1192 3949 1210 3981 ι
1237 3929 1406 3983 Τοῦτο
1435 3930 1529 3985 καὶ
1559 3930 1791 3985 ἐνταῦθα

253 4010 546 4082 παραδηλῶν
578 4032 712 4085 φησι
753 4031 769 4047 °
822 4036 841 4068 ι
896 4018 1237 4088 Πορεύσομαι
1284 4021 1505 4092 ἐμαυτῷ
1548 4022 1684 4090 πρὸς
1731 4020 1792 4074 τὸ

254 4098 356 4169 ὅρος
382 4104 473 4174 τῆς
493 4105 759 4178 σμύρνης,
783 4109 881 4162 καὶ
902 4109 1037 4179 πρὸς
1062 4111 1154 4163 τὸν
1185 4110 1373 4180 βουνὸν
1402 4111 1495 4164 τοῦ
1513 4113 1752 4167 λιϐάνου.
1768 4132 1785 4165 ι

265 4190 519 4265 Ἑκάτερον
542 4196 650 4268 γὰρ
677 4197 818 4252 ἑκὼν
859 4200 1015 4263 ποιῶ,
1046 4203 1145 4271 οὐχ
1171 4203 1273 4255 ὑπό
1307 4220 1450 4266 τινος
1474 4202 1792 4272 βιαζόμενος

254 4281 282 4350 ἢ
306 4284 725 4359 ἀναγκαζόμενος
750 4306 763 4320 ⁸
788 4310 806 4342 ι
829 4290 1105 4358 Ἐξουσίαν
1131 4294 1242 4365 γὰρ
1260 4295 1367 4365 ἔχω
1392 4295 1560 4348 θεῖναι
1575 4297 1672 4366 τὴν
1692 4296 1794 4365 ψυ-

255 4373 343 4442 χήν
366 4366 475 4445 μου,
502 4381 591 4433 καὶ
610 4380 861 4446 ἐξουσίαν
885 4382 991 4454 ἔχω
1009 4384 1170 4438 πάλιν
1198 4386 1379 4439 λαϐεῖν
1398 4387 1587 4458 αὑτήν.
1605 4388 1792 4451 Οὐδεὶς

1893 1921 2121 1967 mortem
2159 1914 2474 1982 signiﬁcare
2507 1932 2522 1981 ;
2578 1931 2675 1985 per
2710 1916 2838 1971 thus
2872 1925 3055 1972 autem
3096 1928 3352 1974 naturam
3387 1922 3477 1975 di-

1892 2005 2095 2057 vinam.
2144 2002 2514 2069 Quaerendum
2560 2017 2644 2060 est
2692 2006 2880 2077 igitur,
2942 2023 3045 2063 cur
3074 2021 3340 2077 montem,
3406 2012 3483 2065 de

1891 2102 2069 2149 morte
2118 2096 2373 2163 loquens,
2422 2095 2626 2150 dixerit
2654 2114 2669 2163 ;
2731 2099 2928 2153 collem
2958 2106 3141 2154 autem
3173 2102 3239 2156 de
3270 2102 3476 2157 divini-

1892 2195 2021 2239 tate.
2077 2184 2214 2251 Quia
2257 2187 2391 2240 illud
2434 2200 2543 2240 tam
2594 2204 2876 2258 magnum,
2934 2192 3237 2252 excelsum,
3304 2201 3475 2262 atque

1887 2276 1995 2347 95
2027 2293 2292 2332 arcanum
2331 2289 2445 2341 est,
2480 2287 2539 2333 ut
2573 2280 2643 2334 ab
2674 2282 2901 2336 homine
2952 2283 3140 2336 animo
3174 2295 3227 2337 et
3260 2287 3472 2354 rogita-

1891 2370 2037 2422 tione
2098 2378 2338 2438 nequeat
2392 2371 2839 2440 comprehendi:
2895 2388 3019 2426 eum
3079 2375 3171 2444 qui
3242 2374 3472 2428 formam

1889 2457 1984 2513 Dei
2021 2460 2280 2528 habebat,
2321 2477 2429 2515 non
2466 2466 2711 2530 rapinam
2746 2465 3075 2517 arbitratum
3109 2481 3233 2520 esse
3268 2482 3327 2520 se
3351 2482 3477 2521 esse

1892 2553 2159 2622 aaqualem
2210 2553 2337 2618 lTeo,
2385 2555 2482 2608 sed
2523 2556 2901 2611 exinanivissc
2955 2559 3313 2627 semetipsum
3366 2561 3474 2613 for-

1895 2659 2038 2696 mam
2096 2645 2242 2699 servi
2314 2645 2702 2712 accipientem,
2763 2660 2817 2701 et
2872 2647 3191 2703 hominibus
3238 2651 3474 2704 similem

1894 2732 2128 2798 factum,
2181 2745 2235 2789 et
2284 2736 2473 2789 habitu
2526 2737 2806 2791 inventum
2863 2746 2921 2790 ut
2958 2739 3257 2805 hominem,
3294 2740 3474 2794 humi-

1896 2824 2064 2879 liasse
2094 2827 2456 2897 semetipsum
2491 2844 2663 2897 usque.
2695 2830 2758 2882 ad
2793 2840 3065 2896 mortem,
3101 2844 3335 2886 mortem
3374 2849 3475 2888 au-

1894 2928 1998 2970 tem
2027 2921 2212 2973 crucis
2248 2928 2307 2973 ".
2364 2917 2432 2972 Ut
2475 2928 2657 2974 autem
2694 2919 2758 2974 ad
2804 2923 3078 2990 propriam
3116 2925 3348 2992 gloriam
3386 2942 3475 2976 re-

1890 3007 2058 3072 diret,
2115 3020 2167 3063 et
2214 3010 2623 3079 glorificaretur
2672 3026 2735 3065 ea
2787 3012 2986 3080 gloria,
3049 3030 3215 3083 quam
3279 3015 3475 3068 habuit

1899 3110 2197 3168 antequam
2234 3101 2473 3156 mundus
2507 3102 2663 3155 ﬁeret
2701 3110 2750 3164 η,
2803 3104 2857 3156 id
2893 3119 3024 3157 vero
3055 3120 3155 3158 nec
3186 3120 3470 3175 magnum,

1898 3205 2000 3244 nec
2038 3190 2397 3257 laboriosum,
2429 3192 2538 3243 imo
2576 3189 2870 3264 admodum
2902 3192 3068 3248 facile
3100 3194 3221 3247 fuit.
3259 3196 3475 3251 Idcirco

1896 3291 2138 3334 montem
2177 3280 2419 3353 myrrhae
2468 3278 2640 3343 dixit,
2682 3280 2877 3334 collem
2926 3289 3109 3337 autem
3145 3282 3348 3349 thuris,
3416 3293 3484 3338 ut

1893 3373 1999 3428 hoc
2031 3373 2137 3428 sibi
2176 3373 2339 3428 facile
2373 3374 2783 3428 demonstraret
2816 3392 2828 3427 :
2861 3374 2993 3428 illud
3027 3384 3206 3430 autem
3240 3373 3475 3431 ardtunn

1893 3468 2165 3538 imprimis
2230 3473 2457 3538 propter
2507 3464 2927 3520 humanitatem.
2989 3466 3175 3535 Itaque
3227 3483 3353 3521 cum
3405 3470 3478 3522 ad

1895 3560 2087 3615 mortis
2116 3560 2425 3613 cruciatum
2465 3558 2955 3627 appropinquaret,
2986 3576 3006 3609 ι
3056 3557 3233 3622 Nunc,
3265 3560 3473 3629 inquit,

1892 3651 2076 3704 anima
2115 3663 2232 3702 mea
2275 3647 2494 3703 turbata
2526 3658 2611 3703 est
2637 3655 2679 3702 °.
2715 3665 2735 3699 ι
2773 3645 2839 3700 Ει
2870 3665 2883 3702 :
2925 3665 2943 3698 ι
2986 3646 3174 3712 Pater,
3207 3649 3252 3704 si
3296 3665 3476 3719 possu-

1892 3743 2000 3798 bile
2030 3751 2137 3803 est,
2192 3746 2438 3795 transeat
2482 3754 2513 3795 a
2557 3755 2643 3795 me
2683 3740 2831 3794 calix
2874 3740 2982 3796 istc
3016 3750 3063 3794 P.
3109 3761 3127 3793 ι
3168 3740 3235 3794 Ει
3276 3757 3473 3797 rursus

1894 3835 2122 3905 subjicit
2153 3852 2197 3888 ει
2236 3832 2304 3888 Ει
2339 3832 2473 3903 quid
2507 3832 2679 3888 dico?
2710 3833 2891 3899 Pater,
2926 3833 3080 3888 salva
3115 3849 3201 3907 me
3228 3850 3293 3890 ex
3333 3835 3469 3888 hora

1894 3929 1997 3983 hac
2033 3942 2048 3981 :
2084 3924 2180 3982 sed
2230 3934 2521 3996 propterea
2571 3924 2697 3979 veni
2749 3924 2807 3978 in
2858 3924 3050 3979 horam
3092 3924 3235 3980 hanc
3264 3936 3313 3978 ει.
3359 3945 3377 3978 ι
3414 3924 3472 3981 Id

1893 4021 1999 4075 hoc
2046 4019 2213 4075 etiam
2255 4018 2379 4072 loco
2414 4014 2758 4086 significans,
2789 4034 2809 4068 ‹
2843 4014 3077 4081 Vadam,
3110 4017 3309 4087 inquit,
3338 4018 3473 4071 mihi

1893 4113 1998 4183 ipsi
2031 4112 2097 4166 ad
2152 4117 2394 4165 montem
2439 4106 2715 4178 myrrhae,
2758 4114 2813 4161 et
2866 4107 2935 4161 ad
2988 4107 3181 4163 collem
3215 4108 3413 4163 thuris.
3448 4128 3475 4160 ι

1898 4201 2203 4270 Utrumque
2250 4198 2400 4253 enim
2461 4197 2640 4252 libens
2694 4195 2863 4262 facio,
2916 4199 3064 4251 nulla
3115 4208 3342 4253 coactus
3371 4214 3483 4254 ne—

1893 4291 2173 4347 cessitate.
2201 4308 2220 4341 c
2258 4287 2595 4343 Potestatem
2624 4288 2770 4342 enim
2805 4287 2981 4342 habeo
3014 4288 3326 4359 deponendi
3360 4291 3485 4341 ani-

1893 4398 2037 4437 mam
2072 4397 2249 4436 meam
2291 4400 2304 4436 :
2337 4390 2391 4436 et
2424 4389 2751 4450 potestatem
2777 4379 2955 4434 habeo
2982 4380 3182 4433 iterum
3216 4380 3483 4434 sumendi.

255 4465 350 4537 γὰρ
385 4470 515 4541 αἴρει
561 4473 732 4545 αὐτὴν
777 4476 873 4529 ἀπ’
905 4477 1038 4547 ἐμοῦ
1060 4494 1075 4508 ’
1105 4477 1217 4547 ἐγὼ
1266 4479 1456 4549 τίθημι
1503 4480 1672 4550 αὐτὴν
1701 4481 1790 4532 ὑπ’

1896 4489 2037 4529 eam.
2059 4471 2231 4527 Nemo
2252 4473 2401 4526 enim
2424 4471 2606 4526 aufert
2623 4486 2743 4526 eam
2765 4487 2793 4523 a
2816 4486 2903 4524 me
2941 4487 2955 4522 :
2996 4470 3096 4523 sed
3125 4485 3223 4541 ego
3254 4470 3485 4541 depono-

258 4556 482 4628 ἐμαυτοῦ,
518 4564 601 4618 ἵνα
630 4565 792 4621 πάλιν
814 4567 965 4623 λάϐω
990 4571 1159 4643 αὐτήν
1181 4572 1244 4625 ’³.
1276 4591 1294 4624 ι

318 4650 373 4713 ζ’.
399 4652 531 4723 Ὄλη
558 4658 716 4727 καλὴ
742 4655 817 4724 εἶ,
843 4659 883 4728 ἡ
921 4663 1187 4729 πλησίον
1217 4682 1357 4733 μου,
1394 4665 1506 4731 ὅλη
1544 4664 1699 4732 καλὴ
1724 4664 1791 4729 ’⁸.

257 4740 340 4792 καὶ
365 4743 552 4814 μῶμος
607 4751 720 4804 οὐκ
771 4750 944 4806 ἔστιν
989 4755 1058 4819 ὲν
1088 4755 1208 4809 σοί.
1258 4757 1440 4808 Ἔοικε
1485 4755 1654 4807 ταῦτα
1684 4756 1795 4816 τοῖς

258 4830 338 4881 τοῦ
366 4838 617 4908 μακαρίου
650 4841 869 4895 Παύλου
902 4845 1105 4915 ῥήμασι
1131 4864 1146 4878 ο
1180 4846 1274 4900 καὶ
1306 4846 1510 4906 ἐκεῖνος
1541 4844 1666 4913 περὶ
1698 4842 1793 4896 τοῦ

261 4919 460 4986 νυμφίου
488 4927 647 4996 φησίν
670 4943 684 4958 ⁸
714 4947 733 4980 ι
754 4928 869 4984 Ἵνα
900 4935 1223 5005 παραστήσῃ
1255 4934 1416 4996 αὐτὸς
1441 4932 1618 5001 ἑαυτῷ
1647 4932 1793 4986 ἔνδο-

264 5006 339 5072 ξον
358 5013 443 5083 τὴν
467 5016 787 5090 Ἐκκλησίαν
806 5022 882 5093 μὴ
916 5021 1143 5094 ἔχουσαν
1167 5026 1373 5090 σπῖλον,
1396 5025 1427 5097 ἦ
1448 5025 1654 5095 ῥυτίδα,
1674 5024 1707 5093 ἡ
1740 5040 1794 5075 τι

266 5098 356 5155 τῶν
379 5106 615 5164 τοιούτων
630 5112 775 5165 ’ἀλλ’
791 5113 878 5168 ἴνα
902 5109 935 5188 ἦ
957 5115 1087 5184 ἁγία
1115 5115 1208 5169 καὶ
1227 5117 1508 5187 ἄμωμος.»
1531 5115 1795 5186 Ἀμωμος

1900 4579 2022 4619 eam
2057 4571 2275 4633 sponte,
2313 4570 2375 4616 ut
2407 4563 2604 4617 iterum
2643 4574 2856 4615 sumam
2890 4559 3035 4612 illam
3078 4568 3120 4611 τ.
3161 4578 3180 4610 ι

1976 4652 2139 4708 Vsus.
2168 4654 2255 4706 l7.
2294 4651 2430 4707 Tota
2461 4652 2685 4720 pulchra
2734 4666 2810 4716 es,
2832 4649 3129 4719 propinqua
3165 4666 3303 4713 utea,
3349 4658 3468 4704 tota

1900 4745 2120 4812 pulchra
2152 4761 2227 4809 es,
2259 4753 2309 4798 ct
2341 4742 2555 4796 macula
2586 4758 2690 4796 non
2716 4741 2867 4797 estin
2896 4750 2963 4795 te.
2990 4738 3114 4795 Haec
3146 4742 3289 4797 beati
3314 4741 3480 4797 Pauli:

1901 4835 2086 4891 verbis
2140 4834 2340 4889 similia
2372 4842 2521 4901 sunt,
2574 4848 2700 4887 cum
2749 4833 2818 4889 de
2847 4848 3052 4904 sponso
3080 4834 3315 4904 loquens
3343 4836 3417 4888 ait
3454 4854 3473 4889 :

1905 4948 1924 4980 ι
1976 4927 2045 4982 lit
2072 4928 2360 4981 exhiberet
2393 4927 2511 4996 ipse
2542 4926 2649 4981 sibi
2683 4927 2981 4998 gloriosam
3005 4926 3332 4990 Ecclesiam,
3361 4942 3473 4979 non

1903 5021 2196 5075 habentem
2239 5018 2350 5089 96
2384 5018 2693 5084 maculam,
2728 5026 2822 5073 aut
2876 5033 3090 5088 rugam,
3130 5025 3225 5071 aut
3263 5017 3475 5086 aliquid

1902 5109 2197 5181 ejusmodi,
2263 5108 2356 5164 sed
2419 5115 2479 5161 ut
2529 5110 2601 5163 sit
2649 5117 2841 5163 sancta
2880 5116 2934 5162 et
2976 5107 3325 5162 immaculata
3359 5112 3404 5158 ⁸.
3448 5122 3471 5156 ›

308 5216 574 5299 ξιξιιίιίρρ.
597 5241 670 5299 ῃ,
707 5227 826 5285 6-8.
856 5240 887 5269 ιι
912 5230 1070 5287 Joan.
1091 5250 1223 5299 nm,
1244 5237 1298 5292 5.
1353 5246 1376 5267 °
1401 5235 1559 5290 Joan.
1583 5252 1679 5298 xu,
1702 5233 1800 5286 27.
1879 5241 1906 5280 P
1929 5229 2118 5285 Matth.
2151 5245 2301 5295 xxvi,
2342 5230 2428 5284 39.
2505 5239 2533 5278 ιι
2557 5228 2714 5284 Joan.
2747 5244 2846 5292 χιι,
2874 5228 2965 5282 27.
3045 5238 3069 5266 ι’
3105 5222 3265 5277 108!!-
3292 5241 3345 5288 Χ,
3383 5222 3472 5277 18.

1448 5370 1680 5424 VARle
1722 5366 2123 5422 LECTIONES.

270 5293 291 5320 '
314 5286 502 5357 Ephesi
514 5286 560 5361 ν,
590 5286 679 5352 27⁷.

325 5447 362 5479 ³³
385 5452 505 5525 ἄνθη

529 5457 728 5532 νέμειν.
764 5459 965 5531 Supra,
1003 5462 1377 5532 ποιμαίνοντες
1403 5461 1557 5532 ἄνθη.
1584 5460 1700 5513 Vid.
1731 5477 1782 5528 p.
1815 5456 1903 5532 7d.
1945 5476 1999 5511 η.
2035 5457 2089 5510 ι.

2170 5455 2213 5485 ¹¹⁵
2243 5455 2344 5517 ἕως
2377 5487 2444 5495 —
2480 5454 2750 5523 καύματα.
2786 5454 2907 5506 Des.
2940 5456 2991 5507 in
3018 5456 3137 5508 cod.
3212 5453 3253 5482 ¹⁸
3279 5451 3475 5523 πορεύ-

274 5522 738 5591 ῩΡμαὲ-’λιϐἆνοω
770 5522 896 5585 Ηαῖε
922 5522 975 5585 in
1005 5522 1151 5586 textu
1182 5532 1290 5584 τῶν
1315 5534 1368 5584 Ο¹
1405 5548 1430 5583 a
1456 5522 1660 5584 Nostro
1700 5522 1804 5583 non
1840 5528 1974 5580 lecta
2015 5542 2155 5587 esse,
2195 5529 2376 5576 nescio
2403 5522 2600 5591 quibus
2640 5525 2944 5577 rationibus
2985 5525 3249 5574 adduetus
3282 5522 3472 5569 statuit

269 5722 331 5777 0'.
346 5722 596 5799 repetitur.

272 5584 426 5672 lientf.
454 5595 504 5648 in
531 5584 858 5671 ﬂexaplaad
897 5584 1069 5656 ιιῖιξί
1102 5584 1145 5633 λθ
1182 5603 1303 5656 cod.
1340 5603 1607 5670 θεότητος.
1654 5601 1693 5631 ³⁷
1727 5597 1848 5653 cod.
1876 5584 2201 5672 ἀνθρώποεῇ⁸
2232 5584 2430 5672 "need;
2452 5594 2548 5660 τὴν
2579 5593 2842 5672 σμὺ-ρνῃνς
2891 5597 2930 5624 ¹³
2955 5594 3074 5672 eod.
3111 5590 3467 5667 ἀνθρωπεῖον.

344 5661 508 5742 αὑτήᾎ
542 5667 594 5721 In
618 5661 736 5730 cod.
782 5672 1032 5742 sequitur
1052 5674 1317 5741 expositio
1356 5661 1519 5725 trium
1547 5661 1782 5723 Patrum.
1866 5671 1908 5700 ²¹
1940 5661 2036 5737 ὅλη
2076 5666 2233 5732 καλήν
2267 5665 2377 5717 Νυο
2414 5665 2464 5715 Ῐ¹¹
2501 5671 2643 5714 “XI”
2678 5662 2834 5713 “9””
2871 5679 2967 5715 "CC
3003 5663 3050 5712 in
3088 5663 3333 5713 "ermine
3364 5661 3474 5711 τάν
