3940 6200
432 336 541 398 135

1413 325 1898 387 THEODORETI
1925 294 2263 384 EPISCOPI
2291 321 2653 381 CYRENSIS

3580 315 3694 380 136

427 441 780 501 luuuaculata
839 447 1024 496 autem
1063 448 1118 495 et
1163 438 1395 510 pulchra
1433 436 1642 499 evasit,
1695 436 1825 506 quia
1871 450 1990 506 pro-

2103 433 2159 485 δὲ
2186 433 2377 500 γέγονε
2404 431 2501 485 καὶ
2533 431 2724 501 καλὴή
2759 430 2985 500 πλησίον
3010 430 3104 485 τοῦ
3139 430 3373 502 νυμφίου
3407 433 3692 504 γενομένη

427 533 632 601 pinqua
670 531 860 600 sponsi
900 529 1093 585 eﬂ'ecta
1120 536 1205 584 cst
1237 545 1253 592 ;
1287 535 1450 597 atque
1483 526 1560 580 ita
1590 540 1783 582 omnes
1806 526 1995 597 splen-

424 624 592 677 dores
626 622 889 691 suscepit,
929 628 981 676 et
1017 619 1199 674 lucida
1231 634 1296 673 ex
1334 618 1452 688 ipsa
1486 616 1610 672 luce
1639 616 1855 672 reddita
1885 627 1991 672 est.

426 717 642 769 Utinam
670 714 830 769 nobis
860 713 1024 768 etiam
1056 710 1418 774 concedatur,
1447 716 1507 763 ut
1534 727 1554 761 (
1597 708 1837 763 revelata
1858 707 1996 763 facie

422 807 650 873 gloriam
677 804 895 859 Domini
923 803 1298 873 speculantes.
1330 803 1383 856 in
1417 802 1666 857 eamdem
1701 802 1993 872 imaginem

422 894 882 948 trausformemur
928 907 956 944 a
999 892 1254 946 claritate
1288 891 1341 945 in
1375 891 1685 945 claritatem
1723 900 1985 960 tanquam

421 1000 448 1035 a
486 983 715 1037 Domino
754 980 964 1049 Spiritu
997 987 1041 1047 ι,
1081 1001 1099 1034 ι
1148 998 1273 1037 cum
1318 998 1427 1051 quo
1462 980 1651 1043 Patri,
1700 997 1807 1036 una
1861 996 1986 1036 cum

420 1084 609 1127 sancto
634 1070 870 1141 Spiritu,
901 1073 1076 1144 gloria
1101 1076 1153 1128 in
1185 1076 1387 1129 saecula
1414 1073 1762 1143 saeculorum.
1794 1073 1988 1131 Amen.

493 1259 511 1292 ι
545 1254 586 1307 ll
625 1254 756 1309 Cor.
798 1267 885 1321 tu,
927 1254 1013 1308 18.

2094 524 2188 576 καὶ
2213 522 2312 585 τὰς
2342 521 2550 577 ἐκεῖθεν
2596 522 2964 594 μαρμαρυγὰς
3004 522 3296 594 δεξαμένη,
3325 524 3419 577 καὶ
3446 541 3693 593 φωτοειο

2092 613 2189 683 δὴς
2212 614 2276 666 ἐκ
2307 612 2401 666 τοῦ
2434 612 2610 683 φωτὸς
2653 613 2921 683 γενομένη
2940 613 3006 666 ’⁸.
3038 613 3252 668 Γένοιτο
3278 614 3333 667 δὲ
3364 614 3516 684 ἡμᾶς
3541 615 3692 668 ἅνα-

2092 704 2494 774 κεκαλυμμένῳ
2521 704 2800 776 προσώπῳ
2827 704 2926 776 τὴν
2958 704 3115 769 δόξαν
3144 706 3351 777 Κυρίου
3374 721 3690 775 κατοπτρι-

2093 795 2353 866 ζομένους
2382 794 2479 865 τὴν
2504 792 2674 865 αὐτὴν
2709 797 2890 851 είγόνα
2936 796 3417 867 μεταμορφοῦσθαι
3449 796 3560 850 ἀπὸ
3596 796 3693 849 δό-

2094 887 2189 956 ξης
2213 889 2292 950 εἰς
2319 884 2496 951 δόξαν,
2527 887 2777 958 καθάπερ
2810 888 2917 940 ἀπὸ
2941 889 3148 959 Κυρίου
3184 889 3525 959 Πνεύματος,
3552 887 3684 961 μεθ’

2093 976 2154 1034 οῦ
2182 978 2261 1049 τῷ
2292 978 2467 1050 Πατρὶ
2496 980 2594 1032 σὺν
2626 979 2702 1050 τῷ
2722 979 2862 1049 ἁγίῳ
2884 980 3160 1050 Πνεύματι
3191 983 3224 1051 ὴ
3253 980 3404 1047 δόξα,
3440 982 3522 1044 είς
3549 978 3689 1042 τοὺς

2096 1075 2297 1138 αἰῶνας
2339 1072 2447 1127 τῶν
2477 1071 2704 1128 αἰώνων.
2744 1074 2935 1144 Ἀμήν.

1630 1414 1867 1469 ῊιῐῖΙᾹέ
1905 1415 2311 1471 LECTIONES.

417 1510 460 1539 η
488 1509 579 1560 καὶ
606 1539 661 1548 —-
683 1507 966 1579 γενομένη.
1011 1507 1130 1560 Dos.
1169 1508 1220 1559 in
1256 1509 1377 1560 cod.

430 1709 506 1723 0--

1632 1865 1997 1950 ΛΟΓΟΣ
2071 1867 2486 1952 ΤΡΙΤΟΣ.

1349 2230 1862 2324 'LIBER
1988 2238 2718 2331 TERTIUS.

495 2578 779 2634 Orandum
807 2588 891 2634 est
920 2580 1103 2645 nobis,
1151 2579 1468 2650 diligenter,
1507 2581 1756 2653 inquam,
1786 2592 1841 2638 et
1872 2590 1995 2638 stu-
2025 2589 2071 2651 Β
2168 2587 2348 2660 Εὐχῆς
2372 2587 2481 2659 γὰρ
2504 2589 2635 2660 ἡμῖν
2660 2586 2848 2641 δεῖκαὶ
2873 2588 3037 2661 εὐχῆς
3068 2589 3364 2665 ἐπιμελοῦς
3386 2591 3482 2646 καὶ
3511 2606 3685 2645 σπουο

423 2669 576 2723 diose
607 2668 882 2722 orandum
917 2678 1024 2733 est,
1062 2677 1121 2723 ut
1156 2672 1303 2724 oculi
1330 2672 1504 2726 nostri
1536 2673 1806 2728 columbae
1828 2675 1992 2730 ﬁant:

422 2762 625 2831 quibus
677 2762 1045 2831 spiritualiter
1103 2764 1405 2829 intuentes,
1452 2773 1506 2818 et
1568 2765 1766 2820 littera:
1818 2768 1996 2822 velum

422 2854 855 2920 transvolantes,
907 2858 1171 2927 mysteria
1222 2857 1509 2912 recondita
1543 2858 1790 2913 dilucide
1821 2861 1996 2914 inter-

423 2956 723 3015 pretemur.
761 2945 948 3017 Neque
990 2949 1138 3003 enim
1187 2950 1348 3005 aliter
1383 2949 1496 3004 fieri
1540 2961 1739 3022 potest,
1765 2961 1825 3006 ut
1853 2953 1999 3008 divi-

422 3052 507 3092 na:
546 3036 887 3107 Scriptura,
945 3040 1333 3112 imprimisque
1379 3042 1597 3099 Cantici
1632 3046 1997 3113 canticorum,

420 3128 841 3198 intelligentiam
875 3145 1308 3201 consequamur,
1347 3133 1458 3189 nisi
1509 3134 1580 3199 is,
1633 3135 1726 3205 qui
1759 3135 1998 3205 scripto-

420 3220 576 3275 ribus
606 3220 716 3275 illis
751 3220 983 3292 largitus
1012 3232 1097 3279 est
1127 3224 1518 3295 inspirationis
1551 3225 1781 3294 donum,
1804 3227 2002 3299 gratiae.

421 3311 596 3366 radiis
629 3312 827 3367 oculos
853 3323 1078 3370 nostros
1113 3316 1373 3382 illustret,
1409 3326 1465 3372 et
1495 3332 1721 3373 sensum
1756 3319 2001 3374 recondi-

421 3409 537 3454 tum
567 3402 796 3471 aperiat.
824 3403 940 3475 Age
981 3421 1137 3476 ergo,
1176 3408 1387 3461 auxilio
1429 3407 1612 3473 illius,
1664 3408 1763 3479 qui
1792 3409 2001 3464 revelat

422 3493 707 3562 mysteria,
753 3502 812 3548 ut
858 3497 1082 3566 sapiens
1136 3498 1214 3550 ait
1260 3496 1454 3553 Daniel
1485 3510 1532 3560 ιι,
1568 3499 1894 3567 implorato,
1931 3500 1998 3555 ad

421 3584 737 3639 institutam
769 3587 1315 3656 interpretationem,
1349 3590 1543 3658 scripti
1577 3599 1875 3660 sequentes
1902 3609 1998 3647 or-

420 3671 645 3737 dinem,
698 3676 1051 3729 accedamus.
1108 3675 1168 3730 ln
1221 3678 1327 3733 line
1375 3680 1679 3748 superioris
1726 3681 1999 3738 orationis

422 3777 688 3830 sponsum
743 3763 1055 3821 audivimus
1109 3782 1329 3836 sponsae
1384 3770 1863 3839 pulchritudinem
1917 3774 2000 3828 sic

2097 2679 2269 2743 δαίας,
2299 2682 2383 2733 ἵνα
2406 2683 2454 2732 oi
2484 2679 2740 2750 ἡμέτεροι
2768 2679 3036 2748 ὀφθαλμοὶ
3055 2683 3319 2749 γένωνται
3353 2684 3686 2754 περιστεραὶ

2096 2771 2484 2842 πνευματικῶς
2544 2769 2820 2841 ὁρῶντες,
2862 2771 2956 2824 καὶ
3006 2773 3427 2842 ὑπερϐαίνοντες
3469 2773 3533 2826 τὸ
3578 2772 3684 2826 τοῦ

2097 2863 2428 2935 γράμματος
2461 2862 2755 2932 κάλυμμα,
2801 2861 2896 2915 καὶ
2924 2862 3305 2933 διαρθροῦντες
3329 2863 3577 2934 ἐναργῶς
3608 2862 3687 2917 τὰ

2098 2951 2454 3025 κεκρυμμένα
2481 2951 2772 3022 μυστήρια.
2789 2948 2926 3004 Οὔτε
2956 2950 3065 3021 γάρ
3094 2951 3316 3004 δυνατὸν
3341 2952 3546 3022 ἑτέρως
3576 2952 3688 3022 τῆς

2099 3040 2251 3105 θείας
2292 3041 2513 3112 Γραφῆς
2540 3039 2878 3111 καταμαθεῖν
2903 3041 3000 3112 τὴν
3022 3041 3281 3105 διάνοιαν,
3309 3041 3686 3113 διαφερόντως

2098 3129 2154 3184 δὲ
2194 3130 2289 3184 τοῦ
2326 3130 2604 3201 ’ᾼσματος
2641 3129 2745 3182 τῶν
2793 3129 3073 3200 ᾀσμάτων,
3096 3130 3144 3182 εί
3191 3128 3267 3202 μὴ
3303 3130 3464 3192 αὐτὸς
3507 3131 3537 3183 ὁ
3564 3132 3689 3194 τοῖς

2102 3221 2509 3293 συγγραφεῦσιν
2554 3221 2784 3284 ἐκείνοις
2826 3220 3137 3292 ἐμπνεύσας
3168 3220 3229 3274 τὸ
3266 3220 3688 3293 ὀπτικὸνοήμῶν

2101 3314 2377 3384 φωτίσειε,
2406 3313 2626 3385 χάριτος
2656 3313 2877 3374 ἀκτῖνας
2908 3311 3150 3382 πέμψας,
3180 3311 3272 3364 καὶ
3314 3311 3405 3364 τὸν
3433 3328 3687 3384 κεκρυμ-

2104 3406 2264 3478 μένον
2318 3403 2615 3469 ὑποδείξειε
2665 3402 2810 3456 νοῦν.
2855 3403 2992 3473 Φέρε
3048 3402 3247 3465 τοίνυν,
3283 3401 3687 3455 τὸνάποκαλύ-

2101 3515 2301 3553 πτοντα
2337 3496 2607 3568 μυστήρια
2640 3495 2777 3548 κατὰ
2806 3495 2899 3548 τὸν
2930 3494 3090 3562 σοφὸν
3120 3493 3315 3564 Δανιὴλ
3350 3495 3685 3549 ἐπικαλεσά-

2103 3612 2250 3665 μενοι
2273 3591 2483 3663 βοηθὸν,
2515 3591 2615 3661 τῆς
2648 3591 2941 3662 ἑρμηνείας
2961 3589 3223 3661 ἁψώμεθα
3253 3591 3346 3642 τοῦ
3386 3591 3686 3661 συγγράμ-

2103 3702 2271 3756 ματος
2315 3683 2411 3755 τὴν
2441 3683 2760 3738 ἀκολουθίαν
2807 3683 3186 3752 φυλάττοντες.
3232 3683 3320 3734 Ἐν
3344 3682 3443 3751 μὲν
3470 3678 3565 3736 οὖν
3597 3683 3686 3754 τῷ

2100 3777 2246 3830 τέλει
2271 3775 2364 3829 τοῦ
2407 3776 2511 3846 πρὸ
2532 3774 2723 3829 τούτου
2777 3774 3207 3844 συγγράμματος
3234 3773 3551 3844 ἠκούσαμεν
3580 3773 3683 3828 τοῦ

422 3851 790 3908 admirantem
815 3893 830 3918 ,
870 3863 931 3909 ut
977 3857 1230 3928 singulas
1265 3860 1385 3928 ejus
1420 3870 1605 3931 partes
1636 3863 1893 3919 laudibus
1914 3863 1996 3919 cf-
2027 3873 2072 3933 ο
2102 3867 2337 3938 νυμφίου
2389 3868 2486 3937 τῆς
2531 3866 2747 3937 νύμφης
2788 3866 2849 3919 τὸ
2901 3865 3096 3930 κάλλος
3143 3866 3533 3935 θαυμάζοντος,
3583 3868 3685 3921 καὶ

422 3940 617 4006 ferret,
664 3949 720 3996 et
762 3949 933 3997 totam
964 3945 1136 4015 ipsam
1197 3947 1435 4019 denique
1476 3959 1535 4004 ut
1578 3951 1994 4007 immaculatam

421 4034 860 4088 commendaret.
890 4036 1021 4106 ,97
1074 4036 1293 4093 Nullam
1321 4041 1466 4095 enim
1505 4042 1668 4098 habet
1703 4045 1994 4112 maculam,

422 4139 602 4193 neque
636 4140 850 4193 rugam,
885 4138 981 4181 aut
1016 4129 1228 4199 aliquid
1260 4132 1559 4200 ejusmodi,
1596 4143 1654 4187 ut
1679 4134 1872 4190 beatus
1906 4137 1994 4191 in-

421 4216 544 4285 quit
595 4215 802 4273 Paulus
849 4228 915 4285 τ,
981 4221 1293 4276 animarum
1356 4226 1564 4280 virtute
1625 4224 1995 4296 perfectarum

421 4307 651 4365 chorus.
692 4307 794 4365 Hic
827 4319 1009 4367 autem
1046 4328 1311 4384 sponsam
1342 4316 1651 4387 appellans,
1688 4325 1853 4374 vocat
1874 4332 1993 4375 eam

419 4400 490 4455 de
518 4400 747 4466 Libano,

498 4491 659 4549 Vsus.
695 4495 748 4549 8.
788 4494 939 4560 Veni,
970 4497 1333 4568 inquiens,de
1360 4497 1592 4568 Libano,
1627 4517 1822 4570 sponsa
1842 4517 1994 4556 mea:

421 4584 521 4635 huc
559 4583 622 4638 de
656 4584 857 4641 Libano
886 4590 1080 4656 venies,
1112 4601 1163 4645 et
1194 4592 1452 4646 transibis
1488 4608 1521 4645 a
1550 4593 1808 4661 principio
1846 4592 1995 4661 ﬁdei,

421 4688 455 4726 a
486 4675 658 4741 capite
692 4674 855 4729 Sanir
886 4689 936 4731 et
974 4679 1234 4747 Harmon,
1272 4681 1339 4736 de
1367 4680 1634 4736 cubilibus
1670 4681 1902 4747 leonum,
1933 4680 1997 4735 de

421 4763 686 4815 montibus
730 4765 1039 4830 pardorum.
1092 4768 1221 4825 Haec
1256 4770 1388 4825 mihi
1434 4786 1561 4826 cum
1598 4770 1709 4826 illis
1740 4772 1997 4826 videntur

420 4868 750 4924 congruere,
784 4870 906 4925 qua:
943 4857 997 4910 in
1034 4875 1159 4914 xuv
1205 4862 1419 4929 psalmo
1454 4863 1521 4917 ad
1552 4876 1814 4932 sponsam
1846 4863 1997 4917 dicta

420 4954 553 5003 sunt
579 4964 593 5000 :
620 4965 638 4996 ι
672 4946 832 5011 Audi,
863 4947 998 5014 ﬁlia,
1029 4957 1084 5005 et
1115 4950 1263 5018 vide,
1288 4961 1342 5007 et
1364 4954 1573 5009 inclina
1601 4969 1791 5010 aurem
1819 4965 1993 5020 tuam,

419 5044 474 5090 et
507 5036 842 5095 obliviscere
872 5041 1064 5110 populi
1110 5041 1214 5107 tui,
1244 5050 1300 5096 et
1324 5043 1522 5099 domus
1562 5046 1744 5113 patris
1788 5046 1904 5102 tui:
1940 5055 1997 5102 et

421 5126 777 5197 concupiscet
829 5146 928 5185 rex
979 5132 1224 5201 speciem
1252 5140 1428 5201 tuam,
1469 5134 1727 5203 quoniam
1758 5136 1876 5206 ipse
1909 5148 1996 5194 est

483 5315 511 5344 ι
546 5302 681 5359 Dan.
712 5320 772 5371 ιι,
804 5305 895 5360 22.
974 5314 1002 5347 ν
1032 5304 1231 5379 Ephes.
1267 5323 1319 5375 v,
1360 5307 1451 5363 27.

2100 3959 2312 4027 ἑκάστῳ
2382 3957 2554 4027 μορίῳ
2607 3956 2882 4026 εὐφημίαν
2936 3956 3326 4027 προσάγοντος,
3385 3956 3481 4009 καὶ
3534 3957 3683 4026 μετὰ

2096 4046 2267 4100 ταῦτα
2289 4047 2415 4117 ὅλην
2447 4045 2631 4117 αὐτὴν.
2663 4046 2737 4108 ὡς
2765 4047 2995 4117 ἄμωμον
3031 4044 3468 4115 ἐγκωμιάζοντος
3491 4045 3537 4077 ⁸⁸
3562 4061 3577 4076 ⁸
3612 4044 3682 4098 οὐ

2097 4140 2205 4209 γὰρ
2236 4139 2348 4209 ἔχει
2379 4138 2589 4200 σπῖλον,
2615 4137 2647 4208 ἢ
2678 4137 2888 4207 ῥυτίδα,
2924 4137 2957 4206 ἦ
2984 4153 3038 4189 τι
3079 4136 3189 4190 τῶν
3219 4135 3498 4202 τοιούτων,
3530 4138 3683 4192 κατὰ

2097 4231 2187 4283 τὸν
2234 4230 2499 4300 μακάριον
2544 4228 2775 4293 Παῦλον,
2816 4227 2926 4281 τῶν
2958 4230 3014 4281 ἐν
3042 4227 3209 4299 ἀρετῇ
3240 4226 3685 4296 τετελειωμένων

2097 4317 2283 4389 ψυχῶν
2327 4320 2356 4371 ὁ
2408 4317 2586 4388 χορός.
2629 4316 2893 4371 Ἐνταῦθα
2921 4316 2977 4369 δὲ
3018 4316 3174 4369 καλεῖ
3206 4316 3376 4387 αὐτὴν
3414 4315 3525 4369 ἀπὸ
3577 4314 3681 4371 τοῦ

2100 4412 2332 4466 Λιϐάνου
2361 4409 2580 4480 νύμφην
2612 4408 3058 4480 προσαγορεύων,
3085 4410 3179 4461 καί
3219 4425 3351 4479 φησι
3370 4425 3384 4439 ο

2168 4510 2239 4570 η’.
2281 4502 2462 4570 Δεῦρο
2500 4502 2545 4534 ³⁵
2575 4502 2692 4556 ἀπὸ
2722 4500 3013 4565 Λιϐάνου,
3045 4501 3268 4568 νύμφη,
3310 4497 3507 4565 δεῦρο,
3552 4497 3680 4551 ἀπὸ

2100 4593 2204 4647 τοῦ
2239 4591 2497 4649 Λιϐάνου
2535 4593 2759 4660 ἐλεύσῃ
2780 4608 2795 4624 ·
2831 4591 2928 4645 καὶ
2978 4591 3316 4658 διελεύσῃ¹⁸
3346 4590 3446 4644 ἀπ’
3475 4586 3682 4657 ἀρχῆς

2098 4685 2356 4749 πίστεως
2383 4682 2447 4745 ’⁸,
2488 4683 2603 4736 ἀπὸ
2648 4680 2917 4751 κεφαλῆς
2949 4683 3145 4750 Euri“;
3169 4681 3265 4735 καὶ
3316 4679 3576 4748 Ἀερμὼν
3603 4679 3676 4743 ’⁷,

2098 4776 2214 4831 ἀπὸ
2266 4773 2545 4842 μανδρῶν
2585 4776 2881 4835 λεόντων,
2916 4773 3033 4827 ἀπὸ
3084 4773 3267 4842 ὀρέων
3296 4770 3676 4839 παρδάλεων.

2112 4864 2373 4918 Ἐοικέναι
2404 4864 2459 4916 δὲ
2498 4862 2673 4915 ταῦτά
2701 4879 2789 4931 μοι
2828 4862 2974 4915 δοκεῖ
3008 4867 3119 4925 τοῖς
3154 4865 3211 4915 ἐν
3257 4859 3333 4930 τῷ
3364 4859 3446 4929 μδ⁸
3469 4857 3678 4927 ψαλμῷ

2099 4957 2235 5029 πρὸς
2284 4955 2382 5025 τὴν
2408 4953 2626 5023 νύμφην
2670 4952 2980 5023 εἰρημένοις
3003 4968 3017 4982 ο
3046 4970 3066 5004 ι
3094 4953 3377 5014 Ἄκουσον,
3406 4949 3673 5018 θύγατερ,

2098 5048 2195 5101 καὶ
2230 5046 2329 5108 ίδε,
2367 5043 2464 5097 καὶ
2515 5042 2693 5095 κλῖνον
2750 5041 2812 5096 τὸ
2858 5037 2952 5105 οῦς
2997 5059 3114 5108 σου,
3160 5042 3255 5095 καὶ
3285 5038 3541 5094 ἐπιλάθου
3570 5037 3673 5095 τοῦ

2097 5135 2227 5190 λαοῦ
2259 5151 2374 5200 σου,
2408 5132 2501 5187 καὶ
2527 5130 2623 5186 τοῦ
2650 5132 2801 5187 οίκου
2833 5131 2927 5186 τοῦ
2957 5133 3164 5204 πατρὸς
3198 5148 3313 5198 σου,
3348 5128 3444 5183 καὶ
3477 5125 3674 5181 ἐπιθυ-

1710 5468 1947 5524 ἺΑΒΙᾸΞ
1988 5466 2396 5525 LECTlONES.

492 5561 553 5633 η*
572 5560 683 5633 καὶΔ
718 5590 788 5601 ..-
839 5564 1049 5633 ὲγκωμ.
1081 5564 1204 5619 Des.
1281 5563 1410 5619 ibid.

1518 5563 1565 5595 ’δ
1590 5564 1778 5636 Δεῦρο.
1846 5564 2295 5636 Hebr._mecum.

2404 5564 2448 5595 ιε
2496 5563 2765 5635 διελεύσῃ,
2832 5561 2993 5635 Hebr.
3050 5561 3378 5635 prospicias-
3450 5557 3665 5635 -“437

418 5629 886 5756 ἓίστεως,
917 5629 1076 5689 Ιιέῡν.
1105 5634 1174 5691 de
1197 5635 1396 5691 Verticc
1421 5635 1630 5690 Amana
1665 5629 1963 5707 (montis).
2016 5632 2216 5706 Sicque
2252 5632 2445 5703 Aquila
2475 5634 2583 5688 ἀπὸ
2641 5629 2815 5704 ἀργῆς
2856 5629 3088 5704 ’Λμανᾶ.
3166 5629 3211 5666 ³⁷
3261 5630 3527 5701 ’Δερμών.
3556 5629 3664 5683 Alii

499 5715 668 5770 ρμωνο
