3940 6200
431 227 537 293 139

429 342 562 396 nati.
609 338 715 394 Sed
743 340 880 394 alter
909 354 1122 405 eorum,
1174 341 1268 411 qui
1319 339 1503 395 divina
1564 339 1995 409 contemplatur,
2028 348 2073 401 Α

427 433 520 502 qui
568 431 990 502 phiIOSOphatur
1019 432 1087 486 de
1121 431 1253 499 Deo,
1304 432 1399 502 qui
1430 430 1716 486 recondita
1748 431 2010 503 mysteria

427 533 744 590 contuetur,
775 539 870 579 cor
895 539 1078 581 meum
1120 534 1345 595 stupore
1375 522 1560 578 allicit.
1591 522 1802 578 Etcum
1822 524 2006 578 omnia

428 617 554 672 colli
586 617 664 672 tui
695 626 1020 673 ornamenta
1073 615 1316 685 suspicio
1363 615 1484 685 (per
1523 615 1639 669 haec
1683 623 1866 671 autem
1894 616 2008 670 vir-

429 715 576 764 tutes
603 724 697 764 cas
720 708 997 779 intelligit,
1022 723 1141 776 quae
1170 708 1224 760 in
1250 706 1470 762 actione
1498 707 1852 773 consistunt;
1894 706 2010 762 col-

429 799 540 853 lum
581 801 728 854 enim
785 794 1539 854 divinorum‘mandatorum
1577 799 1769 870 jugum
1825 798 2008 855 ferens

423 893 653 963 justitiae
697 891 881 946 sulcos
923 888 1144 944 inlindit
1175 903 1239 943 ac
1263 889 1473 960 dirigit)
1511 907 1524 944 :
1563 905 1687 944 cum
1722 888 1891 959 igitur
1918 904 2006 944 re-

426 983 576 1053 liqua
615 982 880 1036 virtutum
923 989 1256 1036 ornamenta
1288 980 1343 1034 in
1375 983 1521 1036 collo
1541 991 1633 1037 tuo
1658 980 2007 1050 splendentia

425 1073 668 1143 suspicio
721 1080 889 1143 atque
935 1073 1288 1137 commendo,
1333 1080 1449 1127 tum
1501 1073 1773 1142 imprimis
1833 1087 2006 1126 unum

421 1165 664 1218 admiror
711 1172 767 1219 et
820 1165 1176 1235 obstupesco.
1211 1165 1290 1218 Ac
1320 1164 1790 1234 pulchritudinem
1828 1163 2007 1233 suspi-

421 1255 574 1309 ciens
613 1263 728 1309 tum
763 1255 928 1311 unius
959 1257 1181 1326 torquis
1209 1256 1312 1324 tui,
1349 1265 1462 1311 tum
1503 1257 1648 1312 oculi
1679 1255 1862 1310 divina
1890 1255 2006 1310 haec

421 1345 712 1411 intuentis,
776 1361 964 1402 amore
1016 1355 1112 1401 tuo
1155 1347 1480 1402 vulneratus
1506 1361 1650 1402 sum.
1680 1345 2004 1412 Quaeramus

422 1445 608 1492 autem
684 1438 951 1508 quidnam
1008 1439 1086 1493 sit
1144 1455 1314 1493 unum
1374 1447 1758 1494 ornamentum
1823 1437 2036 1504 illud,

421 1529 568 1599 quod
602 1545 820 1600 sponsae
839 1531 981 1585 collo
1010 1530 1417 1586 circumdatum
1452 1531 1665 1586 caeteris
1699 1531 1997 1599 antecellit,

421 1626 476 1673 ct
523 1618 804 1675 discamus
860 1634 889 1672 a
939 1628 1134 1674 sancto
1174 1618 1367 1686 Paulo,
1409 1621 1502 1690 qui
1544 1621 1668 1678 ait:
1718 1639 1735 1671 ι
1778 1620 2000 1676 Manent

423 1711 577 1779 ﬁdes,
612 1727 759 1782 spes,
793 1712 1057 1779 Charitas,
1091 1714 1198 1768 tria
1230 1713 1348 1768 haec
1374 1730 1389 1779 ;
1415 1712 1591 1783 major
1625 1723 1806 1768 autem
1845 1713 1998 1770 hisce
2030 1697 2070 1752 Β

421 1805 680 1860 omnibus
711 1813 798 1861 est
835 1806 1079 1861 charitas
1111 1805 1166 1861 ι).
1208 1824 1227 1857 ι
1275 1805 1339 1858 Et
1374 1821 1569 1861 rursus
1602 1825 1614 1860 :
1653 1825 1670 1858 ι
1710 1805 1996 1862 Plenitudo

421 1903 604 1951 autem
641 1897 778 1967 legis
807 1905 895 1952 est
927 1896 1154 1952 dilectio
1178 1907 1226 1950 α.
1268 1916 1287 1949 ι
1345 1895 1413 1949 Ει
1448 1897 1578 1952 alibi
1611 1915 1624 1951 :
1663 1917 1682 1948 (
1725 1896 1993 1952 Universa

420 1991 508 2046 lex
535 1999 589 2045 et
620 1990 898 2060 prophetae
919 1990 1156 2060 pendent
1181 2006 1246 2045 cx
1274 2005 1338 2045 eo
1365 2009 1378 2044 :
1420 1989 1624 2059 Diliges
1649 1990 1818 2045 Deum
1841 2000 1992 2044 tuum

420 2094 489 2134 cx
540 2088 655 2134 toto
699 2079 868 2134 corde
919 2088 1035 2146 tuo,
1083 2089 1138 2134 et
1187 2081 1498 2150 proximum
1540 2088 1692 2134 tuum
1729 2080 1871 2135 sicut
1911 2089 1993 2136 te-

423 2170 605 2240 ipsum
649 2169 697 2225 d.
752 2189 771 2223 ι
807 2170 967 2226 Hunc
1005 2186 1136 2242 ergo
1183 2179 1434 2242 torquem
1482 2187 1698 2242 sponsa:
1754 2186 1993 2242 sponsus

422 2261 751 2318 admiratur.
806 2262 1173 2334 Symmachus
1232 2265 1376 2318 enim
1434 2264 1591 2334 100
1640 2264 1847 2320 monile
1893 2279 1994 2335 pro

421 2363 746 2410 ornamento
793 2354 1000 2425 posuit.
1051 2355 1231 2425 Ipsius
1278 2371 1499 2426 quoque
1542 2356 1767 2412 oculum
1823 2372 1990 2411 unum

420 2447 494 2502 ita
531 2447 784 2516 suspicit,
841 2456 902 2501 ut
955 2448 1190 2503 alterum
1246 2449 1471 2517 minime
1499 2457 1838 2504 contemnat.
1871 2448 1990 2503 Jam

416 2538 568 2594 enim
623 2549 920 2609 utrumque
963 2539 1322 2595 collaudavit.
1371 2538 1478 2594 Sed
1519 2556 1704 2595 rerum
1737 2540 1993 2610 intelligi-

419 2630 613 2685 bilium
682 2631 1208 2701 contemplationem
1267 2632 1620 2687 sensibilium
1688 2632 1989 2702 cognitioni

419 2722 580 2792 longe
630 2723 1070 2792 anteponendam
1133 2738 1260 2778 esse
1317 2734 1566 2778 noverat.
1616 2742 1634 2775 ι
1675 2722 1990 2780 Vulnerasti

417 2827 550 2882 ergo
599 2827 696 2868 cor
739 2827 944 2876 meum,
993 2831 1011 2864 ι
1048 2812 1103 2866 id
1143 2819 1251 2880 est,
1290 2813 1386 2868 tali
1421 2814 1582 2868 oculo
1619 2814 1882 2883 praedita,
1937 2823 1991 2870 et

369 2960 376 2964 ,
415 2900 691 2971 ejusmodi
730 2910 924 2972 torque
952 2901 1236 2969 decorata,
1279 2917 1382 2958 nos
1412 2903 1467 2957 in
1495 2919 1738 2959 amorem
1776 2919 1840 2960 ac
1890 2904 1988 2961 de-

415 2992 681 3051 siderium
719 2994 796 3047 tui
833 2993 1146 3050 concitasti.

483 3104 653 3162 Vens.
688 3105 775 3161 10.
801 3105 972 3173 Quam
1000 3106 1236 3176 pulchrae
1257 3107 1416 3176 facta:
1437 3116 1558 3162 sunt
1590 3104 1987 3182 mammazj'tuaz,

412 3214 565 3252 soror
606 3214 744 3263 mea,
777 3214 973 3267 sponsa
993 3199 1015 3252 .-'
1039 3198 1211 3265 Quam
1238 3199 1460 3268 pulchra
1498 3199 1646 3269 facta
1675 3209 1798 3254 sunt
1827 3201 1992 3255 ubera

413 3299 509 3341 tua
534 3289 740 3351 vino,et
766 3287 897 3343 odor
928 3291 1358 3344 vestimentorum
1391 3302 1605 3346 tuorum
1634 3307 1793 3360 super
1809 3293 1990 3346 omnia

413 3380 704 3434 aromata!
744 3380 820 3435 Ex
858 3381 989 3435 vino
1009 3381 1157 3435 enim
1193 3381 1496 3450 spirituali,
1535 3390 1589 3437 et
1618 3383 1854 3453 mystico
1884 3397 1987 3452 po-

409 3474 558 3538 culo,
590 3473 854 3543 majorem
881 3474 1146 3526 hauriunt
1181 3473 1657 3542 pulchritudinem
1686 3474 1855 3529 ubera
1873 3483 1986 3529 tua.

409 3559 598 3620 Ubera
637 3572 820 3618 autem
860 3578 982 3618 esse
1017 3563 1284 3618 doctrina:
1331 3563 1514 3620 fontes
1563 3565 1678 3635 jam
1726 3567 1989 3636 exposui-

409 3670 554 3710 mus.
597 3655 939 3710 Vestimenta
979 3664 1074 3710 tua
1108 3663 1239 3712 sunt
1266 3657 1648 3723 ornatissima,
1685 3672 1989 3729 eorumque

406 3745 548 3800 odor
569 3745 815 3800 omnium
853 3754 1163 3802 aromatum
1207 3747 1570 3820 fragrantiam
1617 3757 1864 3821 superat.
1906 3751 1989 3808 Me

408 3835 554 3888 enim
606 3849 870 3904 sponsum
915 3835 1191 3906 induisti,
1239 3838 1406 3910 idque
1434 3848 1597 3897 antea
1636 3849 1871 3898 testatus
1903 3849 1988 3898 est

408 3923 620 3980 lsaias:
662 3943 680 3976 ι
725 3925 1018 3992 Exsultet,
1081 3928 1361 4000 inquiens,
1417 3932 1600 3985 anima
1633 3947 1751 3988 mea
1781 3932 1839 3988 in
1872 3933 1983 3988 Do-

408 4017 583 4072 mino.
617 4016 803 4073 Induit
833 4020 982 4075 enim
1038 4036 1126 4077 me
1168 4024 1501 4080 vestimento
1552 4025 1774 4091 salutis,
1813 4033 1867 4081 et
1899 4026 1985 4080 in-

406 4107 672 4164 dumento
723 4110 925 4167 laetitiae
963 4113 1333 4169 circumdedit
1367 4131 1456 4170 me
1487 4126 1533 4169 °.
1570 4134 1591 4167 ›
1626 4115 1738 4172 Ista
1776 4126 1869 4171 tua
1902 4133 1987 4174 ve-

405 4203 665 4258 stimenta
705 4211 918 4258 tantum
951 4204 1216 4260 emittunt
1263 4207 1558 4265 suavitatis
1584 4248 1598 4272 ,
1639 4218 1698 4262 ut
1729 4208 1966 4280 fragran-

405 4295 479 4350 tia
515 4311 579 4350 ex
621 4295 733 4351 illis
779 4297 985 4366 passim
1028 4297 1228 4354 dill‘usa
1270 4299 1530 4355 virtutem
1565 4301 1816 4372 legalem,
1863 4316 1984 4372 quae

403 4403 499 4456 per
537 4396 786 4443 aromata
821 4390 1202 4460 metaphorice
1249 4391 1619 4462 signiﬁcatur,
1669 4395 1979 4449 antecellat.
2013 4391 2058 4446 D

405 4476 577 4532 Vocat
610 4487 792 4534 autem
825 4479 978 4534 illam
1010 4496 1122 4536 non
1153 4481 1334 4536 solum
1365 4497 1651 4551 sponsam,
1687 4482 1784 4538 sed
1809 4484 1976 4539 etiam

403 4583 673 4635 sororem,
703 4571 1147 4642 quandoquidem
1173 4573 1373 4629 beatus
1393 4575 1556 4629 etiam
1581 4573 1785 4630 Paulus
1800 4575 1937 4630 dicit
1960 4594 1974 4630 :

409 4679 427 4710 ι
465 4658 535 4713 Ut
561 4662 632 4714 sit
663 4663 1070 4734 primogenitus
1103 4666 1249 4720 inter
1284 4665 1489 4721 multos
1523 4667 1726 4722 fratres
1760 4665 1806 4720 ί.
1857 4687 1875 4720 ι
1912 4665 1979 4722 Ει

404 4749 522 4820 ipse
561 4747 823 4805 Dominus
882 4768 1006 4806 cum
1071 4755 1497 4823 resurrexisset,
1531 4756 1860 4812 mulieribus
1907 4755 1976 4810 ad

403 4841 718 4910 sepulcrum
767 4843 1046 4898 stantibus
1081 4863 1096 4900 :
1144 4864 1162 4896 ι
1207 4846 1302 4914 Ite,
1340 4846 1541 4918 inquit,
1574 4847 1744 4903 dicite
1784 4846 1974 4901 fratri-

402 4933 504 4987 bus
540 4932 679 4988 meis
711 4932 775 4997 C;
824 4951 843 4984 ι
881 4942 936 4987 et
997 4932 1204 4990 Petro:
1253 4956 1270 4989 ι
1319 4937 1459 4994 Ecce
1502 4938 1755 5009 praecedo
1816 4939 1968 5010 101

469 5112 496 5152 δ
529 5109 703 5185 lCQr.
740 5127 861 5178 xm,
889 5111 975 5166 15.
1055 5122 1075 5150 ε
1109 5110 1268 5169 Rom.
1298 5130 1418 5179 xtn,
1457 5115 1540 5170 lO.
1619 5114 1641 5152 ιι
1677 5115 1867 5172 Matth.
1898 5118 2238 5185 1111,3740.

401 5197 588 5246 nvnt,
628 5180 713 5237 10.

1472 230 1955 290 THEODORETI
1999 230 2334 291 EPISCOPI
2365 233 2726 294 CYRENSIS

3585 227 3686 294 140

2103 344 2488 414 αγορευόμενοι
2512 360 2526 374 ⁶
2559 343 2783 414 θάτερος
2821 342 2876 394 δὲ
2919 341 3094 395 αὐτῶν
3136 339 3569 412 ὐπερεκπλήττει
3623 359 3689 410 με

2112 437 2140 488 6
2166 436 2234 489 τά
2274 436 2394 490 θεῖα
2439 436 2811 500 κατοπτεύων,
2851 437 2879 489 6
2913 435 3181 505 θεολογεῖν
3227 433 3625 503 δεδιδαγμένος,
3663 437 3689 485 ό

2107 522 2184 578 τὰ
2228 527 2590 597 κεκρυμμένα
2637 525 2778 596 ὁρῶν
2811 525 3104 596 μυστήρια.
3143 523 3252 577 Kal
3287 522 3549 589 θαυμάζω
3592 523 3688 592 μὲν

2111 619 2317 680 πάντας
2371 616 2498 680 τοὺς
2557 616 2796 687 κόσμους
2849 615 2944 668 τοῦ
2999 614 3271 686 τραχήλου
3323 629 3416 666 σου
3451 629 3464 644 ο
3499 613 3601 681 τὴν
3635 612 3690 664 δὲ

2109 707 2419 780 πρακτικὴν
2439 707 2640 779 ἀρετὴν
2689 707 2778 761 διὰ
2824 706 3029 760 τούτων
3083 704 3395 767 αἰνίττεται,
3428 702 3617 772 ἐπειδὴ
3663 705 3691 754 6

2107 803 2396 875 τράχηλος,
2431 801 2614 872 φέρων
2663 801 2768 854 τῶν
2798 801 2958 855 θείων
2994 800 3224 854 ἐντολῶν
3260 798 3349 851 τὸν
3379 796 3566 865 ζυγὸν,
3600 797 3691 849 ἒλ-

2107 913 2191 949 κει
2225 896 2320 948 καὶ
2365 894 2644 964 διατέμνει
2696 895 2797 965 τῆς
2854 891 3202 961 δικαιοσύνης
3249 890 3349 953 τὰς
3401 888 3685 951 αὐλακας’

2105 985 2312 1039 ἐπαινῶ
2353 985 2450 1057 μὲν
2479 981 2570 1039 οὖν
2594 984 2688 1037 καὶ
2715 984 2842 1049 τοὺς
2871 982 3059 1048 ἄλλους
3093 983 3191 1053 τῆς
3217 982 3419 1054 ἀρετῆς
3447 982 3689 1051 κόσμους

2105 1081 2162 1134 ὲν
2197 1078 2274 1150 τῷ
2304 1079 2558 1151 τραχήλῳ
2596 1096 2690 1131 σου
2722 1076 3057 1148 λάμποντας,
3095 1074 3450 1146 ὐπεράγαμαι
3492 1075 3549 1127 δὲ
3592 1074 3688 1126 καὶ

2106 1170 2370 1241 θαυμάζω
2406 1171 2496 1224 τὸν
2543 1170 2671 1236 ἕνα,
2699 1170 2790 1222 καὶ
2823 1167 3123 1237 ἐκπλαγεὶς
3154 1167 3214 1220 τδ
3250 1166 3445 1229 κάλλος
3486 1165 3583 1218 τοῦ
3626 1182 3688 1217 τε

2103 1262 2223 1325 ἐνὸς
2248 1259 2647 1331 ὁρμίσκου,καὶ
2665 1259 2758 1313 τοῦ
2791 1259 2859 1313 τὰ
2886 1259 3003 1313 θεῖα
3021 1256 3350 1329 θεωροῦντος
3375 1253 3685 1326 ὀφθαλμοῦ,

2102 1350 2351 1422 ἐτρώθην
2386 1368 2477 1405 σου
2510 1350 2589 1422 τῷ
2631 1350 2813 1422 ἔρωτι.
2864 1350 3198 1420 Ζητήσωμεν
3231 1347 3272 1379 ³⁷
3303 1347 3360 1400 δὲ
3400 1347 3484 1410 τίς
3516 1346 3625 1416 ἄρα
3661 1348 3716 1416 ὁ⁴

2102 1442 2182 1509 εἷς
2211 1445 2415 1508 ἐκεῖνος
2435 1443 2636 1515 κόσμος
2658 1446 2713 1497 ὲν
2735 1443 2779 1474 ⁸⁸
2800 1442 2877 1512 τῷ
2902 1439 3159 1512 τραχήλῳ
3189 1438 3570 1510 περικείμενος
3592 1437 3690 1488 καὶ

2100 1536 2226 1599 τοὺς
2271 1535 2462 1597 ἄλλους
2505 1533 2825 1605 ὑπερέχων,
2874 1532 2971 1586 xal
3019 1529 3280 1601 μάθωμεν
3325 1529 3476 1599 παρὰ
3503 1527 3546 1560 ³³
3588 1525 3688 1580 τοῦ

2105 1625 2376 1697 μακαρίου
2401 1625 2632 1690 Παύλου,
2658 1625 2738 1678 ὅτι
2765 1643 2782 1675 ι
2822 1624 2985 1677 Μένει.
3020 1622 3223 1688 πίστις,
3255 1621 3432 1683 ἐλπὶς,
3456 1619 3650 1688 ἀγάπη
3671 1633 3688 1651 ·

2102 1719 2170 1773 τὰ
2189 1717 2316 1789 τρία
2331 1715 2504 1770 ταῦτα
2520 1730 2534 1744 ·
2558 1717 2758 1787 μείζων
2783 1715 2838 1768 δὲ
2863 1713 3068 1767 τούτων
3085 1712 3128 1744 δ’
3143 1712 3360 1766 πάντων
3379 1713 3412 1782 ή
3434 1710 3647 1780 ἀγάπη.
3665 1728 3684 1760 ι

2106 1811 2216 1864 Καὶ
2245 1809 2426 1864 πάλιν⁸
2449 1809 2760 1880 «Πλήρωμα
2779 1806 2836 1860 δὲ
2864 1805 3028 1876 νόμου
3061 1805 3094 1875 ἡ
3115 1803 3324 1874 ἀγάπη.
3351 1821 3369 1854 ι
3387 1801 3497 1855 Kal
3517 1800 3690 1854 ἀλλα-

2103 1903 2219 1974 χοῦ·
2245 1923 2263 1955 ι
2303 1902 2463 1966 ’Ὀλος
2492 1904 2519 1955 6
2556 1901 2720 1971 νόμος
2766 1899 2860 1952 καὶ
2890 1900 2937 1952 οἱ
2973 1895 3249 1967 προφῆται
3292 1893 3599 1966 κρέμανται
3629 1893 3691 1946 ὲν

2102 1994 2200 2065 τῷ.
2244 1994 2574 2064 Ἀγαπήσεις
2626 1991 2717 2046 τὸν
2758 1990 2891 2044 Θεόν
2922 2007 3013 2043 σου
3045 1989 3106 2054 ἐξ
3139 1988 3268 2059 ὅλης
3310 1987 3410 2056 τῆς
3456 1984 3691 2056 καρδίας

2105 2104 2220 2151 σου,
2247 2087 2341 2140 καὶ
2367 2085 2458 2139 τὸν
2485 2083 2712 2156 πλησίον
2746 2100 2840 2135 σου
2863 2081 2938 2145 ὡς
2965 2081 3190 2134 σεαυτόν
3214 2080 3312 2132 ⁸⁸.»
3343 2078 3543 2132 Τοῦτον
3570 2076 3688 2129 τοί-

2101 2194 2194 2233 νυν
2243 2177 2331 2232 τδν
2365 2176 2629 2248 ὁρμίσκον
2657 2175 2759 2243 τῆς
2787 2174 3006 2244 νύμφης
3038 2173 3066 2225 6
3117 2170 3350 2241 νυμφίος
3385 2167 3688 2238 θαυμάζει.

2113 2266 2406 2338 Ὀρμίσκον
2436 2267 2543 2336 γὰρ
2571 2265 2692 2318 ἀντὶ
2728 2263 3027 2333 ὲνθέματος
3055 2264 3082 2315 ὁ
3111 2261 3407 2332 Σύμμαχος
3442 2258 3683 2311 τέθεικε.

2100 2355 2380 2430 Θαυμάζει
2410 2358 2466 2410 δὲ
2503 2357 2672 2427 αὐτῆς
2703 2355 2795 2410 καὶ
2822 2355 2913 2408 τὸν
2959 2355 3056 2408 ἕνα
3098 2353 3376 2423 ὀφθαλμὸν
3396 2394 3410 2418 ,
3442 2352 3500 2404 οὐ
3533 2349 3684 2404 σκώ-

2100 2469 2249 2504 πτων
2271 2451 2361 2504 τὸν
2393 2450 2578 2520 ἕτερον
2603 2465 2616 2478 '
2646 2447 2976 2519 ἀμφοτέροις
3006 2445 3113 2519 γὰρ
3138 2444 3240 2516 ἤδη
3275 2443 3374 2515 τὴν
3402 2441 3688 2512 εὐφημίαν

2099 2541 2469 2613 προσήνεγκεν
2513 2553 2525 2568 °
2563 2536 2698 2591 ἀλλά
2746 2534 2842 2607 τὴν
2871 2534 2977 2587 τῶν
3032 2532 3237 2604 νοητῶν
3271 2529 3504 2601 θεωρίαν
3559 2527 3689 2581 θαυ-

2102 2630 2438 2704 μαστοτέραν
2484 2629 2583 2701 τῆς
2633 2629 2742 2683 τῶν
2803 2625 3076 2697 αἰσθητῶν
3127 2622 3506 2693 κατανοήσεως
3560 2621 3687 2671 ἐπι-

2101 2725 2382 2795 στάμενος.
2423 2722 2497 2776 Τὸ
2539 2721 2596 2775 δὲ
2618 2762 2632 2787 ,
2664 2720 3003 2792 ὲκαρδίωσας
3027 2759 3041 2785 ,
3077 2715 3200 2770 ἀντὶ
3234 2714 3328 2768 τοῦ
3348 2755 3363 2778 ,
3394 2713 3688 2784 διήγειρας

2097 2817 2247 2886 ἡμᾶς
2295 2814 2431 2886 πρὸς
2470 2813 2648 2884 ἔρωτά
2694 2829 2787 2864 σου
2813 2850 2827 2873 ,
2859 2810 2952 2863 καὶ
2989 2809 3210 2879 φίλτρον
3266 2821 3388 2860 σουο
3429 2803 3685 2857 τοιοῦτον

2097 2910 2375 2983 ὀφθαλμὸν
2424 2909 2659 2980 ἔχουσα,
2690 2907 2785 2960 καὶ
2835 2906 3074 2958 τοιοῦτον
3119 2901 3382 2974 ὁρμίσκον
3429 2915 3684 2971 περικει-

2018 3053 2060 3110 C
2101 3004 2238 3076 μένη
2269 3002 2336 3059 ⁸⁸.

2169 3114 2219 3170 ι’.
2257 3112 2322 3167 Τί
2336 3106 3026 3176 ἐκαλλιώθησανμαστοί
3048 3121 3166 3160 σου
3197 3100 3516 3170 ⁸³,ἀδελφή
3530 3117 3682 3170 μου,

2089 3207 2293 3276 νύμφη
2323 3203 2472 3268 ⁸⁸,τί
2515 3201 2970 3267 ὲκαλλιώθησαν
3016 3197 3238 3266 μαστοί
3259 3191 3543 3252 σου.ἁπὸ
3603 3193 3686 3245 οῖ-

2089 3313 2246 3362 νου;
2288 3296 2388 3350 καὶ
2445 3293 2604 3363 ὀσμὴ
2661 3290 2913 3361 ἱματίων
2948 3305 3066 3344 σου
3102 3287 3146 3319 ⁸⁸
3181 3285 3334 3354 ὑπὲρ
3375 3283 3577 3337 πάντα
3609 3284 3686 3337 τὰ

2089 3386 2387 3456 ἀρώματα.
2427 3383 2561 3437 Ἀπὸ
2598 3383 2706 3453 γάρ
2760 3376 2854 3434 τοῦ
2889 3375 3262 3450 πνευματικοῦ
3288 3375 3435 3428 οἴνου
3464 3376 3534 3440 ⁵⁸,
3582 3376 3686 3428 καὶ

2089 3478 2182 3532 τοῦ
2210 3475 2476 3549 μυστικοῦ
2507 3476 2770 3546 πόματος,
2797 3471 3024 3525 πλείονα·
3053 3469 3364 3541 εὐμορφίαν
3395 3468 3442 3520 oi
3476 3467 3684 3537 μαστοί

2091 3588 2184 3625 σου
2207 3571 2652 3640 προσεκτήσαντο
2670 3585 2683 3600 ·
2724 3565 2964 3639 μαστοὺς
2981 3563 3038 3618 δὲ
3059 3565 3188 3627 τοὺς
3208 3563 3307 3633 τῆς
3323 3559 3688 3624 διδασκαλίας

2089 3663 2424 3735 προείπομεν
2458 3661 2557 3733 ἤδη
2585 3654 2725 3713 εἶναι
2775 3657 3056 3732 κρουνούς.
3082 3655 3193 3708 Kal
3231 3652 3376 3723 ὀσμὴ
3399 3652 3440 3684 ⁸⁷
3482 3651 3540 3704 δὲ
3565 3651 3688 3704 τῶν

2091 3751 2319 3824 ἱματίων
2350 3767 2443 3804 σου
2473 3749 2658 3820 πάσης
2710 3745 3008 3818 εὐκοσμίας
3054 3743 3315 3813 τυγχάνει
3345 3741 3543 3812 μεστὴ,
3581 3741 3689 3794 καὶ

2086 3843 2195 3899 τῶν
2225 3843 2532 3915 ἀρωμάτων
2580 3839 2835 3895 ἁπάντων
2881 3836 3217 3907 εὐωδεστέρα
3288 3832 3682 3903 καθέστηκεν·

2086 3935 2186 4006 ἐμὲ
2219 3933 2327 4005 γὰρ
2350 3931 2624 3986 ὲνδέδυσαι
2648 3930 2739 3984 τὸν
2773 3927 3006 3999 νυμφίον
3025 3942 3041 3958 θ
3073 3926 3171 3980 καὶ
3193 3925 3403 3996 μάρτυς
3444 3923 3690 3987 Ἡσαΐας

2085 4022 2497 4095 προαγορεύων,
2524 4022 2618 4076 καὶ
2641 4021 2849 4088 λέγων’
2873 4037 2892 4070 ι
2933 4015 3310 4087 Ἀγαλλιάσθω
3329 4017 3364 4084 ἡ
3383 4014 3533 4084 ψυχή
3570 4033 3686 4084 μου

2085 4115 2179 4168 ἐπὶ
2221 4114 2300 4184 τῷ
2355 4113 2546 4184 Κυρίῳ
2571 4128 2585 4144 ·
2618 4110 2834 4166 ἐνέδυσε
2863 4109 2972 4180 γάρ
3009 4125 3076 4178 με
3116 4107 3332 4178 ἱμάτιον
3371 4103 3686 4174 σωτηρίου,

2087 4203 2183 4257 κα)⁵
2223 4202 2427 4273 χιτῶνα
2452 4201 2792 4272 εὐφροσύνης
2820 4197 3117 4269 περιέθηκέ
3146 4213 3260 4268 μοι.
3291 4214 3308 4246 ι
3351 4193 3541 4248 Ταῦτά
3578 4211 3690 4248 σου

2083 4295 2152 4351 τὰ
2181 4296 2371 4366 ἱμάτια
2401 4293 2671 4363 τοσαύτην
2717 4292 2946 4346 εὐωδίαν
2995 4290 3242 4361 ἀφίησιν,
3273 4289 3348 4352 ὡς
3381 4289 3541 4358 νικᾷν
3574 4287 3692 4358 τὴν

2086 4387 2314 4459 νομικὴν
2335 4387 2556 4458 ἀρετὴν,
2607 4384 2875 4457 ἀρώματα
2907 4382 3186 4454 τροπικῶς
3213 4380 3694 4452 προσηγορευμέ-

2083 4497 2200 4550 νην,
2219 4481 2315 4548 τὴν
2347 4479 2410 4530 ὲκ
2433 4477 2540 4530 τῶν
2561 4477 2667 4529 σῶν
2705 4475 2934 4546 ἱματίων
2967 4472 3245 4543 πανταχοῦ
3273 4470 3694 4543 διατρέχουσαν

2084 4569 2368 4640 εὐοσμίαν.
2410 4569 2586 4623 Καλεῖ
2641 4568 2697 4621 δὲ
2755 4567 2924 4637 αὐτὴν
2955 4570 3021 4623 οὐ
3070 4565 3231 4636 μόνον
3251 4563 3496 4633 νύμφην,
3529 4561 3700 4615 ἀλλὰ

2084 4666 2177 4719 καὶ
2199 4664 2432 4736 ἀδελφὴν
2451 4665 2517 4727 ⁸⁸,
2543 4662 2729 4734 ἐπειδὴ
2759 4663 2852 4715 καὶ
2878 4665 2906 4716 6
2942 4660 3214 4731 μακάριος
3242 4654 3455 4716 Παῦλός
3475 4669 3690 4723 φησιν’

2089 4776 2107 4809 ι
2142 4758 2236 4821 Είς
2272 4757 2332 4810 τὸ
2367 4753 2505 4809 εἶναι
2557 4755 2720 4808 αὐτὸν
2777 4753 3130 4824 πρωτότοκον
3167 4753 3224 4804 ἐν
3257 4745 3476 4822 πολλοῖς
3514 4744 3702 4799 ἀδελ-

2084 4851 2222 4920 φοῖς.
2266 4868 2282 4900 ι
2316 4850 2426 4902 Καὶ
2449 4848 2609 4910 αὐτὸς
2666 4849 2694 4900 6
2756 4845 2961 4916 Κύριος
2999 4841 3237 4906 ἀναστάς
3283 4841 3403 4902 ταῖς
3424 4834 3592 4908 παρά
3615 4837 3704 4892 τὸ

2088 4942 2348 5011 μνημεῖον
2378 4938 2639 5001 ἐστώσαις
2677 4936 2908 5005 γυναιξί·
2931 4956 2949 4987 ι
2973 4933 3348 5004 Πορευθεῖσαι,
3374 4928 3572 4999 φησὶν,
3593 4930 3702 4982 εί-

2322 5129 2343 5155 θ
2369 5117 2471 5170 lsa.
2502 5131 2612 5179 ut,
2656 5115 2742 5169 10.
2825 5113 3012 5167 fRom
3084 5130 3200 5177 vut,
3230 5109 3320 5166 29.
3405 5109 3429 5148 ε
3466 5106 3702 5164 Matth.

1711 5339 1944 5396 VARUE
1985 5336 2367 5396 LECTIONES
2380 5376 2393 5388 .

461 5498 1005 5579 ⁸⁷ο9ά.ζητῄσωμαι.
1083 5498 1128 5529 ³⁸
1157 5498 1470 5579 ἐντεριάρ..
1534 5499 1727 5579 ”__cod.
1761 5487 1912 5579 περίξ
1987 5499 2290 5579 δυ’-τούτων.
2367 5501 2598 5579 Abest‘a
2637 5503 2780 5579 cod.‘
2835 5502 2879 5535 δ’
2926 5505 3052 5560 cod.
3088 5505 3320 5579 ἑαυτόν.-
3377 5505 3714 5579 δ’ῌπερικ,

396 5570 452 5626 In
485 5575 605 5648 cod:
640 5568 886 5648 seqtti’tur
910 5569 1282 5648 interpretatio
1309 5568 1548 5648 Pselli.l_
1571 5568 1974 5648 ‘._p16t2t'609_.
2018 5570 2178 5648 Hebr.
2213 5587 2429 5648 οἶμοι-ες
2459 5574 2569 5648 tui.
2629 5573 2693 5648 _“
2718 5574 2962 5648 νύμφην.
3001 5574 3124 5648 cod.
3165 5576 3354 5648 suppl.
3376 5645 3389 5648 Α
3418 5577 3468 5648 ξ’
3501 5568 3710 5648 ιρατζ

397 5649 511 5698 σου.
555 5639 732 5699 Hebr,’
759 5646 1160 5709 unguentorum
1189 5651 1429 5696 tuorum.
1505 5639 1550 5672 “
1581 5639 1743 5696 οἴνου.
1785 5641 1910 5697 Des.
1954 5643 2006 5694 in
2044 5641 2164 5696 cod.

2251 5642 2292 5672 ‘7
2334 5643 2498 5712 ὀσμή.
2544 5643 2662 5698 cod.
2706 5642 2905 5713 praem.
2937 5645 2990 5716 ἡ.
3071 5646 3115 5678 ⁵⁸
3165 5642 3286 5700 cod.
3333 5642 3715 5721 ἀδελφικὴν,
