  <div class='ocr_page' id='page_1' title='image "/cluster/home/n/w/nwhite01/storage/ocr_20150623/81/mdp.39015078384339/078.png"; bbox 0 0 3940 6200; ppageno 0'>
   <div class='ocr_carea' id='block_1_1' title="bbox 303 234 1854 318">
    <p class='ocr_par' dir='ltr' id='par_1_1' title="bbox 303 234 1854 314">
     <span class='ocr_line' id='line_1_1' title="bbox 303 234 1854 314; baseline 0.008 -13"><span class='ocrx_word' id='word_1_1' title='bbox 303 234 389 301; x_wconf 62' lang='lat' dir='ltr'><strong>Ill</strong></span> <span class='ocrx_word' id='word_1_2' title='bbox 1383 245 1460 312; x_wconf 70' lang='grc' dir='ltr'><strong>ΙΝ</strong></span> <span class='ocrx_word' id='word_1_3' title='bbox 1491 254 1854 314; x_wconf 63' lang='grc' dir='ltr'><strong>(ΣᾹΝΤΙΟΙῙ).</strong></span> 
     </span>
    </p>
   </div>
   <div class='ocr_carea' id='block_1_2' title="bbox 1956 234 2496 318">
    <p class='ocr_par' dir='ltr' id='par_1_2' title="bbox 1956 254 2496 318">
     <span class='ocr_line' id='line_1_2' title="bbox 1956 254 2496 318; baseline 0.006 -7"><span class='ocrx_word' id='word_1_4' title='bbox 1956 254 2193 316; x_wconf 71' lang='lat' dir='ltr'><strong>ANTJC.</strong></span> <span class='ocrx_word' id='word_1_5' title='bbox 2222 254 2348 315; x_wconf 87' lang='lat' dir='ltr'><strong>LIB</strong></span> <span class='ocrx_word' id='word_1_6' title='bbox 2388 257 2496 318; x_wconf 87' lang='lat' dir='ltr'><strong>IlI.</strong></span> 
     </span>
    </p>
   </div>
   <div class='ocr_carea' id='block_1_3' title="bbox 3448 265 3548 327">
    <p class='ocr_par' dir='ltr' id='par_1_3' title="bbox 3448 265 3548 327">
     <span class='ocr_line' id='line_1_3' title="bbox 3448 265 3548 327; baseline -0.01 0"><span class='ocrx_word' id='word_1_7' title='bbox 3448 265 3548 327; x_wconf 67' lang='grc'><strong>142</strong></span> 
     </span>
    </p>
   </div>
   <div class='ocr_carea' id='block_1_4' title="bbox 291 358 1854 445">
    <p class='ocr_par' dir='ltr' id='par_1_4' title="bbox 291 358 1854 437">
     <span class='ocr_line' id='line_1_4' title="bbox 291 358 1854 437; baseline 0.003 -23"><span class='ocrx_word' id='word_1_8' title='bbox 291 377 422 415; x_wconf 83' lang='grc' dir='ltr'>πατε</span> <span class='ocrx_word' id='word_1_9' title='bbox 443 361 552 424; x_wconf 78' lang='grc' dir='ltr'>τοῖς</span> <span class='ocrx_word' id='word_1_10' title='bbox 575 358 831 429; x_wconf 77' lang='grc' dir='ltr'><strong>ἀδελφοῖς</strong></span> <span class='ocrx_word' id='word_1_11' title='bbox 849 377 972 430; x_wconf 88' lang='grc' dir='ltr'>μου,</span> <span class='ocrx_word' id='word_1_12' title='bbox 988 379 1003 410; x_wconf 84' lang='grc' dir='ltr'><strong>ι</strong></span> <span class='ocrx_word' id='word_1_13' title='bbox 1030 361 1122 415; x_wconf 68' lang='grc' dir='ltr'>καὶ</span> <span class='ocrx_word' id='word_1_14' title='bbox 1140 359 1215 431; x_wconf 80' lang='grc' dir='ltr'><strong>τῷ</strong></span> <span class='ocrx_word' id='word_1_15' title='bbox 1236 362 1445 434; x_wconf 82' lang='grc' dir='ltr'>Πέτρῳ·</span> <span class='ocrx_word' id='word_1_16' title='bbox 1480 366 1608 419; x_wconf 76' lang='grc' dir='ltr'>Ἰδοὺ</span> <span class='ocrx_word' id='word_1_17' title='bbox 1640 367 1854 437; x_wconf 73' lang='grc' dir='ltr'>προάγιι</span> 
     </span>
    </p>
   </div>
   <div class='ocr_carea' id='block_1_5' title="bbox 1956 358 3547 445">
    <p class='ocr_par' dir='ltr' id='par_1_5' title="bbox 1973 364 3547 445">
     <span class='ocr_line' id='line_1_5' title="bbox 1973 364 3547 445; baseline 0.007 -25"><span class='ocrx_word' id='word_1_18' title='bbox 1973 364 2105 420; x_wconf 78' lang='lat' dir='ltr'><strong>vos‘</strong></span> <span class='ocrx_word' id='word_1_19' title='bbox 2132 368 2183 420; x_wconf 90' lang='lat' dir='ltr'><strong>in</strong></span> <span class='ocrx_word' id='word_1_20' title='bbox 2220 368 2584 425; x_wconf 66' lang='lat' dir='ltr'><strong>Gallheamh.</strong></span> <span class='ocrx_word' id='word_1_21' title='bbox 2623 387 2641 419; x_wconf 80' lang='grc' dir='ltr'><strong>ι</strong></span> <span class='ocrx_word' id='word_1_22' title='bbox 2678 368 2860 438; x_wconf 80' lang='lat' dir='ltr'><strong>Ipsius</strong></span> <span class='ocrx_word' id='word_1_23' title='bbox 2912 380 2997 426; x_wconf 88' lang='lat' dir='ltr'><strong>est</strong></span> <span class='ocrx_word' id='word_1_24' title='bbox 3038 388 3172 445; x_wconf 88' lang='lat' dir='ltr'><strong>ergo</strong></span> <span class='ocrx_word' id='word_1_25' title='bbox 3201 380 3253 429; x_wconf 88' lang='lat' dir='ltr'><strong>et</strong></span> <span class='ocrx_word' id='word_1_26' title='bbox 3283 390 3463 442; x_wconf 88' lang='lat' dir='ltr'><strong>soror,</strong></span> <span class='ocrx_word' id='word_1_27' title='bbox 3494 387 3547 431; x_wconf 87' lang='lat' dir='ltr'><strong>et</strong></span> 
     </span>
    </p>
   </div>
   <div class='ocr_carea' id='block_1_6' title="bbox 292 451 1866 526">
    <p class='ocr_par' dir='ltr' id='par_1_6' title="bbox 292 451 1866 526">
     <span class='ocr_line' id='line_1_6' title="bbox 292 451 1866 526; baseline 0.006 -23"><span class='ocrx_word' id='word_1_28' title='bbox 292 453 428 521; x_wconf 75' lang='grc' dir='ltr'>ὑμᾶς</span> <span class='ocrx_word' id='word_1_29' title='bbox 473 451 554 514; x_wconf 80' lang='grc' dir='ltr'><strong>εἰς</strong></span> <span class='ocrx_word' id='word_1_30' title='bbox 590 452 689 522; x_wconf 72' lang='grc' dir='ltr'>τὴν</span> <span class='ocrx_word' id='word_1_31' title='bbox 720 451 1032 505; x_wconf 79' lang='grc' dir='ltr'><strong>Γαλιλαίαν.</strong></span> <span class='ocrx_word' id='word_1_32' title='bbox 1081 472 1098 504; x_wconf 84' lang='grc' dir='ltr'><strong>ι</strong></span> <span class='ocrx_word' id='word_1_33' title='bbox 1131 453 1241 507; x_wconf 69' lang='grc' dir='ltr'><strong>Καὶ</strong></span> <span class='ocrx_word' id='word_1_34' title='bbox 1283 454 1486 526; x_wconf 79' lang='grc' dir='ltr'>ἀδελφὴ</span> <span class='ocrx_word' id='word_1_35' title='bbox 1507 458 1684 511; x_wconf 85' lang='grc' dir='ltr'>τοίνυν</span> <span class='ocrx_word' id='word_1_36' title='bbox 1718 460 1866 512; x_wconf 75' lang='grc' dir='ltr'>ἐστὶν</span> 
     </span>
    </p>
   </div>
   <div class='ocr_carea' id='block_1_7' title="bbox 290 542 1863 621">
    <p class='ocr_par' dir='ltr' id='par_1_7' title="bbox 290 542 1863 621">
     <span class='ocr_line' id='line_1_7' title="bbox 290 542 1863 621; baseline 0.005 -25"><span class='ocrx_word' id='word_1_37' title='bbox 290 542 447 598; x_wconf 76' lang='grc' dir='ltr'>αὐτοῦ</span> <span class='ocrx_word' id='word_1_38' title='bbox 482 543 667 609; x_wconf 71' lang='grc' dir='ltr'>⁸⁸,καὶ</span> <span class='ocrx_word' id='word_1_39' title='bbox 700 542 912 613; x_wconf 75' lang='grc' dir='ltr'>νύμφη,</span> <span class='ocrx_word' id='word_1_40' title='bbox 975 545 1069 597; x_wconf 66' lang='grc' dir='ltr'>καὶ</span> <span class='ocrx_word' id='word_1_41' title='bbox 1129 545 1357 617; x_wconf 79' lang='grc' dir='ltr'><strong>πλησίον</strong></span> <span class='ocrx_word' id='word_1_42' title='bbox 1384 563 1398 577; x_wconf 82' lang='grc'><em>’</em></span> <span class='ocrx_word' id='word_1_43' title='bbox 1469 548 1692 619; x_wconf 75' lang='grc' dir='ltr'>πλησίον</span> <span class='ocrx_word' id='word_1_44' title='bbox 1746 551 1863 621; x_wconf 83' lang='grc' dir='ltr'>μὲν,</span> 
     </span>
    </p>
   </div>
   <div class='ocr_carea' id='block_1_8' title="bbox 290 635 1859 714">
    <p class='ocr_par' dir='ltr' id='par_1_8' title="bbox 290 635 1859 714">
     <span class='ocr_line' id='line_1_8' title="bbox 290 635 1859 714; baseline 0.003 -25"><span class='ocrx_word' id='word_1_45' title='bbox 290 635 526 700; x_wconf 74' lang='grc' dir='ltr'>κατὰτὸ,</span> <span class='ocrx_word' id='word_1_46' title='bbox 560 654 580 686; x_wconf 75' lang='grc' dir='ltr'><strong>ι</strong></span> <span class='ocrx_word' id='word_1_47' title='bbox 633 635 927 714; x_wconf 60' lang='grc' dir='ltr'>’[’ξκολλήθη</span> <span class='ocrx_word' id='word_1_48' title='bbox 985 639 1019 707; x_wconf 80' lang='grc' dir='ltr'><strong>η</strong></span> <span class='ocrx_word' id='word_1_49' title='bbox 1074 637 1219 708; x_wconf 77' lang='grc' dir='ltr'>ψυχή</span> <span class='ocrx_word' id='word_1_50' title='bbox 1269 655 1371 708; x_wconf 91' lang='grc' dir='ltr'><strong>μου</strong></span> <span class='ocrx_word' id='word_1_51' title='bbox 1424 640 1599 693; x_wconf 85' lang='grc' dir='ltr'>ὀπίσω</span> <span class='ocrx_word' id='word_1_52' title='bbox 1664 658 1797 695; x_wconf 88' lang='grc' dir='ltr'>σου·</span> <span class='ocrx_word' id='word_1_53' title='bbox 1841 662 1859 693; x_wconf 75' lang='grc' dir='ltr'><strong>ι</strong></span> 
     </span>
    </p>
   </div>
   <div class='ocr_carea' id='block_1_9' title="bbox 289 727 1866 806">
    <p class='ocr_par' dir='ltr' id='par_1_9' title="bbox 289 727 1866 806">
     <span class='ocr_line' id='line_1_9' title="bbox 289 727 1866 806; baseline 0.006 -27"><span class='ocrx_word' id='word_1_54' title='bbox 289 727 467 796; x_wconf 79' lang='grc' dir='ltr'>νύμφη</span> <span class='ocrx_word' id='word_1_55' title='bbox 498 727 580 791; x_wconf 77' lang='grc' dir='ltr'>δὲ,</span> <span class='ocrx_word' id='word_1_56' title='bbox 619 728 696 790; x_wconf 82' lang='grc' dir='ltr'>ὡς</span> <span class='ocrx_word' id='word_1_57' title='bbox 726 727 857 795; x_wconf 74' lang='grc' dir='ltr'>παρ’</span> <span class='ocrx_word' id='word_1_58' title='bbox 888 728 1053 782; x_wconf 80' lang='grc' dir='ltr'>αὐτοῦ</span> <span class='ocrx_word' id='word_1_59' title='bbox 1087 728 1159 782; x_wconf 77' lang='grc' dir='ltr'>τὰ</span> <span class='ocrx_word' id='word_1_60' title='bbox 1186 732 1284 800; x_wconf 84' lang='grc' dir='ltr'>τῆς</span> <span class='ocrx_word' id='word_1_61' title='bbox 1322 729 1669 798; x_wconf 79' lang='grc' dir='ltr'>διδασκαλίας</span> <span class='ocrx_word' id='word_1_62' title='bbox 1698 735 1866 806; x_wconf 82' lang='grc' dir='ltr'>σπέρ-</span> 
     </span>
    </p>
   </div>
   <div class='ocr_carea' id='block_1_10' title="bbox 291 816 1866 896">
    <p class='ocr_par' dir='ltr' id='par_1_10' title="bbox 291 816 1866 896">
     <span class='ocr_line' id='line_1_10' title="bbox 291 816 1866 896; baseline 0.006 -28"><span class='ocrx_word' id='word_1_63' title='bbox 291 833 429 885; x_wconf 85' lang='grc' dir='ltr'>ματα</span> <span class='ocrx_word' id='word_1_64' title='bbox 454 816 746 887; x_wconf 78' lang='grc' dir='ltr'><strong>δεχομένη,</strong></span> <span class='ocrx_word' id='word_1_65' title='bbox 774 817 870 870; x_wconf 68' lang='grc' dir='ltr'>καὶ</span> <span class='ocrx_word' id='word_1_66' title='bbox 896 817 1157 871; x_wconf 82' lang='grc' dir='ltr'>τίκτουσα</span> <span class='ocrx_word' id='word_1_67' title='bbox 1184 820 1275 872; x_wconf 83' lang='grc' dir='ltr'>τὸν</span> <span class='ocrx_word' id='word_1_68' title='bbox 1295 819 1395 890; x_wconf 82' lang='grc' dir='ltr'>τῆς</span> <span class='ocrx_word' id='word_1_69' title='bbox 1425 821 1707 887; x_wconf 76' lang='grc' dir='ltr'>εὐσεϐείας</span> <span class='ocrx_word' id='word_1_70' title='bbox 1729 842 1866 896; x_wconf 82' lang='grc' dir='ltr'>καρ-</span> 
     </span>
    </p>
   </div>
   <div class='ocr_carea' id='block_1_11' title="bbox 290 908 1867 989">
    <p class='ocr_par' dir='ltr' id='par_1_11' title="bbox 290 908 1867 989">
     <span class='ocr_line' id='line_1_11' title="bbox 290 908 1867 989; baseline 0.01 -32"><span class='ocrx_word' id='word_1_71' title='bbox 290 908 411 958; x_wconf 83' lang='grc' dir='ltr'>πόν·</span> <span class='ocrx_word' id='word_1_72' title='bbox 442 908 650 979; x_wconf 77' lang='grc' dir='ltr'>ἀδελφὴ</span> <span class='ocrx_word' id='word_1_73' title='bbox 677 909 734 962; x_wconf 86' lang='grc' dir='ltr'>δὲ</span> <span class='ocrx_word' id='word_1_74' title='bbox 767 909 842 973; x_wconf 85' lang='grc' dir='ltr'><strong>ὡς</strong></span> <span class='ocrx_word' id='word_1_75' title='bbox 877 910 978 982; x_wconf 77' lang='grc' dir='ltr'>τὴν</span> <span class='ocrx_word' id='word_1_76' title='bbox 1017 911 1184 983; x_wconf 80' lang='grc' dir='ltr'>αὐτὴν</span> <span class='ocrx_word' id='word_1_77' title='bbox 1232 913 1379 985; x_wconf 79' lang='grc' dir='ltr'>αὐτῷ</span> <span class='ocrx_word' id='word_1_78' title='bbox 1421 915 1581 985; x_wconf 90' lang='grc' dir='ltr'>φύσιν</span> <span class='ocrx_word' id='word_1_79' title='bbox 1621 934 1867 989; x_wconf 81' lang='grc' dir='ltr'>περικει-</span> 
     </span>
    </p>
   </div>
   <div class='ocr_carea' id='block_1_12' title="bbox 291 998 1865 1081">
    <p class='ocr_par' dir='ltr' id='par_1_12' title="bbox 291 998 1865 1081">
     <span class='ocr_line' id='line_1_12' title="bbox 291 998 1865 1081; baseline 0.008 -31"><span class='ocrx_word' id='word_1_80' title='bbox 291 998 417 1068; x_wconf 85' lang='grc' dir='ltr'>μένη</span> <span class='ocrx_word' id='word_1_81' title='bbox 472 1002 619 1054; x_wconf 85' lang='grc' dir='ltr'>κατὰ</span> <span class='ocrx_word' id='word_1_82' title='bbox 674 1002 736 1055; x_wconf 79' lang='grc' dir='ltr'>τὸ</span> <span class='ocrx_word' id='word_1_83' title='bbox 764 1002 1120 1073; x_wconf 83' lang='grc' dir='ltr'>ἀνθρώπειον.</span> <span class='ocrx_word' id='word_1_84' title='bbox 1158 1006 1434 1076; x_wconf 84' lang='grc' dir='ltr'>Ἐπιμένει</span> <span class='ocrx_word' id='word_1_85' title='bbox 1473 1009 1654 1063; x_wconf 81' lang='grc' dir='ltr'>τοίνυν</span> <span class='ocrx_word' id='word_1_86' title='bbox 1695 1011 1865 1081; x_wconf 79' lang='grc' dir='ltr'>αὐτῆς</span> 
     </span>
    </p>
   </div>
   <div class='ocr_carea' id='block_1_13' title="bbox 287 1087 1251 1164">
    <p class='ocr_par' dir='ltr' id='par_1_13' title="bbox 287 1087 1251 1164">
     <span class='ocr_line' id='line_1_13' title="bbox 287 1087 1251 1164; baseline 0.008 -24"><span class='ocrx_word' id='word_1_87' title='bbox 287 1087 492 1153; x_wconf 80' lang='grc' dir='ltr'>διεξιὼν</span> <span class='ocrx_word' id='word_1_88' title='bbox 532 1089 594 1141; x_wconf 73' lang='grc' dir='ltr'><strong>τὸ</strong></span> <span class='ocrx_word' id='word_1_89' title='bbox 622 1090 921 1161; x_wconf 79' lang='grc' dir='ltr'>ἐγκώμιον,</span> <span class='ocrx_word' id='word_1_90' title='bbox 958 1094 1051 1146; x_wconf 89' lang='grc' dir='ltr'><strong>καί</strong></span> <span class='ocrx_word' id='word_1_91' title='bbox 1081 1111 1214 1164; x_wconf 90' lang='grc' dir='ltr'>φησι</span> <span class='ocrx_word' id='word_1_92' title='bbox 1235 1112 1251 1128; x_wconf 90' lang='grc'><strong>·</strong></span> 
     </span>
    </p>
   </div>
   <div class='ocr_carea' id='block_1_14' title="bbox 353 1178 1860 1261">
    <p class='ocr_par' dir='ltr' id='par_1_14' title="bbox 353 1178 1860 1261">
     <span class='ocr_line' id='line_1_14' title="bbox 353 1178 1860 1261; baseline 0.009 -28"><span class='ocrx_word' id='word_1_93' title='bbox 353 1178 440 1233; x_wconf 88' lang='grc' dir='ltr'>ια’.</span> <span class='ocrx_word' id='word_1_94' title='bbox 462 1181 692 1247; x_wconf 83' lang='grc' dir='ltr'>Κηριόν</span> <span class='ocrx_word' id='word_1_95' title='bbox 709 1182 1027 1245; x_wconf 72' lang='grc' dir='ltr'><strong>ἀποστάζει</strong></span> <span class='ocrx_word' id='word_1_96' title='bbox 1048 1185 1094 1216; x_wconf 80' lang='grc'><strong>⁸⁸</strong></span> <span class='ocrx_word' id='word_1_97' title='bbox 1108 1187 1179 1241; x_wconf 79' lang='grc' dir='ltr'>τὰ</span> <span class='ocrx_word' id='word_1_98' title='bbox 1194 1187 1238 1219; x_wconf 76' lang='grc'><strong>⁸⁸</strong></span> <span class='ocrx_word' id='word_1_99' title='bbox 1264 1190 1437 1259; x_wconf 71' lang='grc' dir='ltr'>χείλη</span> <span class='ocrx_word' id='word_1_100' title='bbox 1460 1205 1600 1255; x_wconf 86' lang='grc' dir='ltr'>σου,</span> <span class='ocrx_word' id='word_1_101' title='bbox 1623 1192 1826 1261; x_wconf 67' lang='grc' dir='ltr'>νύμφη</span> <span class='ocrx_word' id='word_1_102' title='bbox 1846 1210 1860 1222; x_wconf 68' lang='grc' dir='ltr'>υ</span> 
     </span>
    </p>
   </div>
   <div class='ocr_carea' id='block_1_15' title="bbox 287 1269 1862 1352">
    <p class='ocr_par' dir='ltr' id='par_1_15' title="bbox 287 1269 1862 1352">
     <span class='ocr_line' id='line_1_15' title="bbox 287 1269 1862 1352; baseline 0.01 -31"><span class='ocrx_word' id='word_1_103' title='bbox 287 1269 421 1338; x_wconf 67' lang='grc' dir='ltr'>μέλι</span> <span class='ocrx_word' id='word_1_104' title='bbox 444 1270 549 1323; x_wconf 73' lang='grc' dir='ltr'>καὶ</span> <span class='ocrx_word' id='word_1_105' title='bbox 578 1271 738 1342; x_wconf 71' lang='grc' dir='ltr'>τάλα</span> <span class='ocrx_word' id='word_1_106' title='bbox 767 1272 887 1327; x_wconf 84' lang='grc' dir='ltr'><strong>ὑπὸ</strong></span> <span class='ocrx_word' id='word_1_107' title='bbox 912 1276 1024 1343; x_wconf 80' lang='grc' dir='ltr'><strong>τὴν</strong></span> <span class='ocrx_word' id='word_1_108' title='bbox 1063 1278 1353 1347; x_wconf 78' lang='grc' dir='ltr'>γλῶσσάν</span> <span class='ocrx_word' id='word_1_109' title='bbox 1379 1296 1516 1348; x_wconf 85' lang='grc' dir='ltr'>σου,</span> <span class='ocrx_word' id='word_1_110' title='bbox 1564 1283 1661 1336; x_wconf 75' lang='grc' dir='ltr'>καὶ</span> <span class='ocrx_word' id='word_1_111' title='bbox 1703 1283 1862 1352; x_wconf 80' lang='grc' dir='ltr'>ὀσμὴ</span> 
     </span>
    </p>
   </div>
   <div class='ocr_carea' id='block_1_16' title="bbox 287 1363 1865 1443">
    <p class='ocr_par' dir='ltr' id='par_1_16' title="bbox 287 1363 1865 1443">
     <span class='ocr_line' id='line_1_16' title="bbox 287 1363 1865 1443; baseline 0.009 -31"><span class='ocrx_word' id='word_1_112' title='bbox 287 1363 531 1429; x_wconf 68' lang='grc' dir='ltr'>ἱματίων</span> <span class='ocrx_word' id='word_1_113' title='bbox 608 1379 764 1432; x_wconf 86' lang='grc' dir='ltr'>σου,</span> <span class='ocrx_word' id='word_1_114' title='bbox 844 1366 924 1431; x_wconf 86' lang='grc' dir='ltr'>ὡς</span> <span class='ocrx_word' id='word_1_115' title='bbox 983 1368 1142 1438; x_wconf 72' lang='grc' dir='ltr'>ὀσμὴ</span> <span class='ocrx_word' id='word_1_116' title='bbox 1208 1372 1478 1427; x_wconf 74' lang='grc' dir='ltr'>λιϐάνου.</span> <span class='ocrx_word' id='word_1_117' title='bbox 1548 1374 1865 1443; x_wconf 82' lang='grc' dir='ltr'>Ἀναγκαῖον</span> 
     </span>
    </p>
   </div>
   <div class='ocr_carea' id='block_1_17' title="bbox 286 1452 1865 1535">
    <p class='ocr_par' dir='ltr' id='par_1_17' title="bbox 286 1452 1865 1535">
     <span class='ocr_line' id='line_1_17' title="bbox 286 1452 1865 1535; baseline 0.01 -31"><span class='ocrx_word' id='word_1_118' title='bbox 286 1452 490 1517; x_wconf 85' lang='grc' dir='ltr'>τούτοις</span> <span class='ocrx_word' id='word_1_119' title='bbox 558 1457 882 1528; x_wconf 82' lang='grc' dir='ltr'>παραθεῖναι</span> <span class='ocrx_word' id='word_1_120' title='bbox 926 1461 1026 1530; x_wconf 73' lang='grc' dir='ltr'>τὴν</span> <span class='ocrx_word' id='word_1_121' title='bbox 1090 1463 1451 1535; x_wconf 73' lang='grc' dir='ltr'>άποστολικὴν</span> <span class='ocrx_word' id='word_1_122' title='bbox 1519 1465 1865 1520; x_wconf 84' lang='grc' dir='ltr'>διδασκαλίαν</span> 
     </span>
    </p>
   </div>
   <div class='ocr_carea' id='block_1_18' title="bbox 286 1548 1857 1627">
    <p class='ocr_par' dir='ltr' id='par_1_18' title="bbox 286 1548 1857 1627">
     <span class='ocr_line' id='line_1_18' title="bbox 286 1548 1857 1627; baseline 0.005 -25"><span class='ocrx_word' id='word_1_123' title='bbox 286 1548 375 1619; x_wconf 81' lang='grc' dir='ltr'>τὴν</span> <span class='ocrx_word' id='word_1_124' title='bbox 424 1550 725 1617; x_wconf 76' lang='grc' dir='ltr'><strong>λέγουσαν·</strong></span> <span class='ocrx_word' id='word_1_125' title='bbox 770 1571 789 1603; x_wconf 86' lang='grc' dir='ltr'><strong>ι</strong></span> <span class='ocrx_word' id='word_1_126' title='bbox 829 1553 1091 1625; x_wconf 80' lang='grc' dir='ltr'>Καθάπερ</span> <span class='ocrx_word' id='word_1_127' title='bbox 1123 1555 1231 1624; x_wconf 72' lang='grc' dir='ltr'><strong>γὰρ</strong></span> <span class='ocrx_word' id='word_1_128' title='bbox 1279 1556 1340 1608; x_wconf 80' lang='grc' dir='ltr'><strong>τὸ</strong></span> <span class='ocrx_word' id='word_1_129' title='bbox 1390 1556 1551 1627; x_wconf 87' lang='grc' dir='ltr'>σῶμα</span> <span class='ocrx_word' id='word_1_130' title='bbox 1599 1558 1659 1610; x_wconf 77' lang='grc' dir='ltr'><strong>ἓν</strong></span> <span class='ocrx_word' id='word_1_131' title='bbox 1710 1561 1857 1622; x_wconf 81' lang='grc' dir='ltr'>ἐστι,</span> 
     </span>
    </p>
   </div>
   <div class='ocr_carea' id='block_1_19' title="bbox 287 1642 1862 1720">
    <p class='ocr_par' dir='ltr' id='par_1_19' title="bbox 287 1642 1862 1720">
     <span class='ocr_line' id='line_1_19' title="bbox 287 1642 1862 1720; baseline 0.008 -28"><span class='ocrx_word' id='word_1_132' title='bbox 287 1644 371 1694; x_wconf 74' lang='grc' dir='ltr'><strong>καὶ</strong></span> <span class='ocrx_word' id='word_1_133' title='bbox 417 1642 554 1712; x_wconf 82' lang='grc' dir='ltr'>μέλη</span> <span class='ocrx_word' id='word_1_134' title='bbox 609 1643 722 1714; x_wconf 78' lang='grc' dir='ltr'>ἔχει</span> <span class='ocrx_word' id='word_1_135' title='bbox 758 1644 946 1708; x_wconf 78' lang='grc' dir='ltr'>πολλὰ,</span> <span class='ocrx_word' id='word_1_136' title='bbox 1016 1647 1189 1700; x_wconf 86' lang='grc' dir='ltr'>πάντα</span> <span class='ocrx_word' id='word_1_137' title='bbox 1244 1648 1299 1701; x_wconf 82' lang='grc' dir='ltr'>δὲ</span> <span class='ocrx_word' id='word_1_138' title='bbox 1336 1647 1408 1702; x_wconf 80' lang='grc' dir='ltr'><strong>τὰ</strong></span> <span class='ocrx_word' id='word_1_139' title='bbox 1444 1649 1578 1720; x_wconf 83' lang='grc' dir='ltr'><strong>μέλη</strong></span> <span class='ocrx_word' id='word_1_140' title='bbox 1615 1649 1707 1704; x_wconf 80' lang='grc' dir='ltr'>τοῦ</span> <span class='ocrx_word' id='word_1_141' title='bbox 1755 1651 1862 1704; x_wconf 85' lang='grc' dir='ltr'><strong>σώ-</strong></span> 
     </span>
    </p>
   </div>
   <div class='ocr_carea' id='block_1_20' title="bbox 1970 459 3544 537">
    <p class='ocr_par' dir='ltr' id='par_1_20' title="bbox 1970 459 3544 537">
     <span class='ocr_line' id='line_1_20' title="bbox 1970 459 3544 537; baseline 0.009 -28"><span class='ocrx_word' id='word_1_142' title='bbox 1970 472 2194 526; x_wconf 75' lang='lat' dir='ltr'><strong>Spunsa,</strong></span> <span class='ocrx_word' id='word_1_143' title='bbox 2234 469 2286 511; x_wconf 79' lang='lat' dir='ltr'><strong>et</strong></span> <span class='ocrx_word' id='word_1_144' title='bbox 2327 459 2640 530; x_wconf 82' lang='lat' dir='ltr'><strong>propinqua</strong></span> <span class='ocrx_word' id='word_1_145' title='bbox 2675 479 2688 515; x_wconf 90' lang='lat'><strong>:</strong></span> <span class='ocrx_word' id='word_1_146' title='bbox 2728 463 3042 535; x_wconf 86' lang='lat' dir='ltr'><strong>propinqua</strong></span> <span class='ocrx_word' id='word_1_147' title='bbox 3097 465 3351 536; x_wconf 86' lang='lat' dir='ltr'><strong>quidem,</strong></span> <span class='ocrx_word' id='word_1_148' title='bbox 3387 467 3544 537; x_wconf 77' lang='lat' dir='ltr'><strong>juxta</strong></span> 
     </span>
    </p>
   </div>
   <div class='ocr_carea' id='block_1_21' title="bbox 1968 547 3544 629">
    <p class='ocr_par' dir='ltr' id='par_1_21' title="bbox 1968 547 3544 629">
     <span class='ocr_line' id='line_1_21' title="bbox 1968 547 3544 629; baseline 0.01 -29"><span class='ocrx_word' id='word_1_149' title='bbox 1968 547 2125 611; x_wconf 82' lang='lat' dir='ltr'><strong>illud,</strong></span> <span class='ocrx_word' id='word_1_150' title='bbox 2166 569 2184 600; x_wconf 75' lang='grc' dir='ltr'><strong>ι</strong></span> <span class='ocrx_word' id='word_1_151' title='bbox 2226 550 2473 606; x_wconf 63' lang='lat' dir='ltr'><strong>Adhaesit</strong></span> <span class='ocrx_word' id='word_1_152' title='bbox 2509 551 2694 606; x_wconf 86' lang='lat' dir='ltr'><strong>anima</strong></span> <span class='ocrx_word' id='word_1_153' title='bbox 2747 568 2870 609; x_wconf 86' lang='lat' dir='ltr'><strong>mea</strong></span> <span class='ocrx_word' id='word_1_154' title='bbox 2906 554 3005 610; x_wconf 89' lang='lat' dir='ltr'><strong>tibi</strong></span> <span class='ocrx_word' id='word_1_155' title='bbox 3038 557 3093 620; x_wconf 70' lang='lat' dir='ltr'><strong>i;</strong></span> <span class='ocrx_word' id='word_1_156' title='bbox 3145 576 3164 609; x_wconf 79' lang='grc' dir='ltr'><strong>ι</strong></span> <span class='ocrx_word' id='word_1_157' title='bbox 3214 573 3415 629; x_wconf 91' lang='lat' dir='ltr'><strong>sponsa</strong></span> <span class='ocrx_word' id='word_1_158' title='bbox 3448 575 3544 614; x_wconf 86' lang='lat' dir='ltr'><strong>au-</strong></span> 
     </span>
    </p>
   </div>
   <div class='ocr_carea' id='block_1_22' title="bbox 1967 641 3547 724">
    <p class='ocr_par' dir='ltr' id='par_1_22' title="bbox 1967 641 3547 724">
     <span class='ocr_line' id='line_1_22' title="bbox 1967 641 3547 724; baseline 0.013 -34"><span class='ocrx_word' id='word_1_159' title='bbox 1967 646 2099 705; x_wconf 90' lang='lat' dir='ltr'><strong>tem,</strong></span> <span class='ocrx_word' id='word_1_160' title='bbox 2135 641 2398 709; x_wconf 85' lang='lat' dir='ltr'><strong>quoniam</strong></span> <span class='ocrx_word' id='word_1_161' title='bbox 2424 642 2493 697; x_wconf 87' lang='lat' dir='ltr'><strong>ab</strong></span> <span class='ocrx_word' id='word_1_162' title='bbox 2525 643 2647 713; x_wconf 89' lang='lat' dir='ltr'><strong>ipso</strong></span> <span class='ocrx_word' id='word_1_163' title='bbox 2676 644 2947 703; x_wconf 66' lang='lat' dir='ltr'><strong>doctrinae</strong></span> <span class='ocrx_word' id='word_1_164' title='bbox 2986 646 3198 704; x_wconf 84' lang='lat' dir='ltr'><strong>semina</strong></span> <span class='ocrx_word' id='word_1_165' title='bbox 3228 654 3547 724; x_wconf 85' lang='lat' dir='ltr'><strong>suscipiens</strong></span> 
     </span>
    </p>
   </div>
   <div class='ocr_carea' id='block_1_23' title="bbox 1966 730 3543 812">
    <p class='ocr_par' dir='ltr' id='par_1_23' title="bbox 1966 730 3543 812">
     <span class='ocr_line' id='line_1_23' title="bbox 1966 730 3543 812; baseline 0.009 -30"><span class='ocrx_word' id='word_1_166' title='bbox 1966 730 2109 800; x_wconf 87' lang='lat' dir='ltr'><strong>parit</strong></span> <span class='ocrx_word' id='word_1_167' title='bbox 2137 733 2358 801; x_wconf 77' lang='lat' dir='ltr'><strong>pietatis</strong></span> <span class='ocrx_word' id='word_1_168' title='bbox 2393 732 2675 803; x_wconf 83' lang='lat' dir='ltr'><strong>fructum;</strong></span> <span class='ocrx_word' id='word_1_169' title='bbox 2709 750 2874 793; x_wconf 81' lang='lat' dir='ltr'><strong>soror</strong></span> <span class='ocrx_word' id='word_1_170' title='bbox 2900 754 3056 805; x_wconf 83' lang='lat' dir='ltr'><strong>vero,</strong></span> <span class='ocrx_word' id='word_1_171' title='bbox 3089 739 3243 811; x_wconf 82' lang='lat' dir='ltr'><strong>quia,</strong></span> <span class='ocrx_word' id='word_1_172' title='bbox 3274 755 3543 812; x_wconf 84' lang='lat' dir='ltr'><strong>quantum</strong></span> 
     </span>
    </p>
   </div>
   <div class='ocr_carea' id='block_1_24' title="bbox 1967 822 3546 896">
    <p class='ocr_par' dir='ltr' id='par_1_24' title="bbox 1967 822 3546 896">
     <span class='ocr_line' id='line_1_24' title="bbox 1967 822 3546 896; baseline 0.01 -22"><span class='ocrx_word' id='word_1_173' title='bbox 1967 822 2168 878; x_wconf 87' lang='lat' dir='ltr'><strong>attinet</strong></span> <span class='ocrx_word' id='word_1_174' title='bbox 2189 824 2257 880; x_wconf 89' lang='lat' dir='ltr'><strong>ad</strong></span> <span class='ocrx_word' id='word_1_175' title='bbox 2293 825 2725 896; x_wconf 73' lang='lat' dir='ltr'><strong>humanitatem,</strong></span> <span class='ocrx_word' id='word_1_176' title='bbox 2758 830 2951 886; x_wconf 90' lang='lat' dir='ltr'><strong>eadem</strong></span> <span class='ocrx_word' id='word_1_177' title='bbox 2980 840 3066 888; x_wconf 89' lang='lat' dir='ltr'><strong>est</strong></span> <span class='ocrx_word' id='word_1_178' title='bbox 3086 842 3283 888; x_wconf 89' lang='lat' dir='ltr'><strong>natura</strong></span> <span class='ocrx_word' id='word_1_179' title='bbox 3305 835 3546 890; x_wconf 87' lang='lat' dir='ltr'><strong>circum-</strong></span> 
     </span>
    </p>
   </div>
   <div class='ocr_carea' id='block_1_25' title="bbox 1965 912 3545 992">
    <p class='ocr_par' dir='ltr' id='par_1_25' title="bbox 1965 912 3545 992">
     <span class='ocr_line' id='line_1_25' title="bbox 1965 912 3545 992; baseline 0.006 -25"><span class='ocrx_word' id='word_1_180' title='bbox 1965 912 2113 967; x_wconf 88' lang='lat' dir='ltr'><strong>data.</strong></span> <span class='ocrx_word' id='word_1_181' title='bbox 2149 912 2470 971; x_wconf 86' lang='lat' dir='ltr'><strong>Perseverat</strong></span> <span class='ocrx_word' id='word_1_182' title='bbox 2502 917 2673 987; x_wconf 92' lang='lat' dir='ltr'><strong>igitur</strong></span> <span class='ocrx_word' id='word_1_183' title='bbox 2718 918 2872 975; x_wconf 90' lang='lat' dir='ltr'><strong>illius</strong></span> <span class='ocrx_word' id='word_1_184' title='bbox 2893 934 3241 992; x_wconf 85' lang='lat' dir='ltr'><strong>prosequens</strong></span> <span class='ocrx_word' id='word_1_185' title='bbox 3272 922 3545 977; x_wconf 84' lang='lat' dir='ltr'><strong>laudatio-</strong></span> 
     </span>
    </p>
   </div>
   <div class='ocr_carea' id='block_1_26' title="bbox 1967 1008 2344 1071">
    <p class='ocr_par' dir='ltr' id='par_1_26' title="bbox 1967 1008 2344 1071">
     <span class='ocr_line' id='line_1_26' title="bbox 1967 1008 2344 1071; baseline 0.011 -14"><span class='ocrx_word' id='word_1_186' title='bbox 1967 1021 2115 1071; x_wconf 85' lang='lat' dir='ltr'><strong>nem,</strong></span> <span class='ocrx_word' id='word_1_187' title='bbox 2147 1016 2202 1062; x_wconf 92' lang='lat' dir='ltr'><strong>et</strong></span> <span class='ocrx_word' id='word_1_188' title='bbox 2226 1008 2344 1062; x_wconf 87' lang='lat' dir='ltr'><strong>ait:</strong></span> 
     </span>
    </p>
   </div>
   <div class='ocr_carea' id='block_1_27' title="bbox 2038 1182 3545 1265">
    <p class='ocr_par' dir='ltr' id='par_1_27' title="bbox 2038 1182 3545 1265">
     <span class='ocr_line' id='line_1_27' title="bbox 2038 1182 3545 1265; baseline 0.01 -28"><span class='ocrx_word' id='word_1_189' title='bbox 2038 1182 2203 1240; x_wconf 71' lang='lat' dir='ltr'><strong>Vens.</strong></span> <span class='ocrx_word' id='word_1_190' title='bbox 2228 1186 2249 1238; x_wconf 81' lang='lat' dir='ltr'><strong>l</strong></span> <span class='ocrx_word' id='word_1_191' title='bbox 2271 1188 2314 1240; x_wconf 89' lang='grc' dir='ltr'>Ι.</span> <span class='ocrx_word' id='word_1_192' title='bbox 2340 1185 2547 1243; x_wconf 73' lang='lat' dir='ltr'><strong>Forum</strong></span> <span class='ocrx_word' id='word_1_193' title='bbox 2573 1189 2842 1246; x_wconf 83' lang='lat' dir='ltr'><strong>distillant</strong></span> <span class='ocrx_word' id='word_1_194' title='bbox 2876 1193 3023 1249; x_wconf 81' lang='lat' dir='ltr'><strong>labia</strong></span> <span class='ocrx_word' id='word_1_195' title='bbox 3045 1201 3159 1262; x_wconf 84' lang='lat' dir='ltr'><strong>tua,</strong></span> <span class='ocrx_word' id='word_1_196' title='bbox 3182 1211 3377 1265; x_wconf 80' lang='lat' dir='ltr'><strong>sponsa</strong></span> <span class='ocrx_word' id='word_1_197' title='bbox 3406 1214 3426 1252; x_wconf 79' lang='lat'><strong>.&#39;</strong></span> <span class='ocrx_word' id='word_1_198' title='bbox 3444 1199 3545 1253; x_wconf 74' lang='lat' dir='ltr'><strong>mel</strong></span> 
     </span>
    </p>
   </div>
   <div class='ocr_carea' id='block_1_28' title="bbox 1963 1276 3545 1350">
    <p class='ocr_par' dir='ltr' id='par_1_28' title="bbox 1963 1276 3545 1350">
     <span class='ocr_line' id='line_1_28' title="bbox 1963 1276 3545 1350; baseline 0.01 -22"><span class='ocrx_word' id='word_1_199' title='bbox 1963 1285 2011 1329; x_wconf 84' lang='lat' dir='ltr'><strong>et</strong></span> <span class='ocrx_word' id='word_1_200' title='bbox 2040 1276 2126 1329; x_wconf 85' lang='lat' dir='ltr'><strong>lac</strong></span> <span class='ocrx_word' id='word_1_201' title='bbox 2154 1276 2251 1331; x_wconf 83' lang='lat' dir='ltr'><strong>sub</strong></span> <span class='ocrx_word' id='word_1_202' title='bbox 2287 1277 2471 1350; x_wconf 82' lang='lat' dir='ltr'><strong>lingua</strong></span> <span class='ocrx_word' id='word_1_203' title='bbox 2503 1291 2619 1344; x_wconf 75' lang='lat' dir='ltr'><strong>tua,</strong></span> <span class='ocrx_word' id='word_1_204' title='bbox 2648 1292 2698 1337; x_wconf 80' lang='lat' dir='ltr'><strong>et</strong></span> <span class='ocrx_word' id='word_1_205' title='bbox 2722 1283 2854 1337; x_wconf 85' lang='lat' dir='ltr'><strong>odor</strong></span> <span class='ocrx_word' id='word_1_206' title='bbox 2878 1286 3308 1341; x_wconf 72' lang='lat' dir='ltr'><strong>vestimentorum</strong></span> <span class='ocrx_word' id='word_1_207' title='bbox 3332 1298 3545 1344; x_wconf 75' lang='lat' dir='ltr'><strong>tuorum</strong></span> 
     </span>
    </p>
   </div>
   <div class='ocr_carea' id='block_1_29' title="bbox 1964 1369 3546 1452">
    <p class='ocr_par' dir='ltr' id='par_1_29' title="bbox 1964 1369 3546 1452">
     <span class='ocr_line' id='line_1_29' title="bbox 1964 1369 3546 1452; baseline 0.009 -30"><span class='ocrx_word' id='word_1_208' title='bbox 1964 1369 2102 1423; x_wconf 78' lang='lat' dir='ltr'><strong>sicut</strong></span> <span class='ocrx_word' id='word_1_209' title='bbox 2150 1369 2282 1424; x_wconf 85' lang='lat' dir='ltr'><strong>odor</strong></span> <span class='ocrx_word' id='word_1_210' title='bbox 2321 1371 2509 1427; x_wconf 75' lang='lat' dir='ltr'><strong>lintris.</strong></span> <span class='ocrx_word' id='word_1_211' title='bbox 2559 1372 2656 1431; x_wconf 89' lang='lat' dir='ltr'><strong>llis</strong></span> <span class='ocrx_word' id='word_1_212' title='bbox 2694 1376 2997 1448; x_wconf 74' lang='lat' dir='ltr'><strong>adiungere</strong></span> <span class='ocrx_word' id='word_1_213' title='bbox 3038 1378 3304 1437; x_wconf 85' lang='lat' dir='ltr'><strong>debemus</strong></span> <span class='ocrx_word' id='word_1_214' title='bbox 3331 1395 3394 1438; x_wconf 88' lang='lat' dir='ltr'><strong>ea</strong></span> <span class='ocrx_word' id='word_1_215' title='bbox 3425 1396 3546 1452; x_wconf 65' lang='lat' dir='ltr'><strong>qua</strong></span> 
     </span>
    </p>
   </div>
   <div class='ocr_carea' id='block_1_30' title="bbox 1964 1460 3542 1541">
    <p class='ocr_par' dir='ltr' id='par_1_30' title="bbox 1964 1460 3542 1541">
     <span class='ocr_line' id='line_1_30' title="bbox 1964 1460 3542 1541; baseline 0.007 -26"><span class='ocrx_word' id='word_1_216' title='bbox 1964 1460 2129 1516; x_wconf 91' lang='lat' dir='ltr'><strong>docet</strong></span> <span class='ocrx_word' id='word_1_217' title='bbox 2158 1462 2454 1531; x_wconf 82' lang='lat' dir='ltr'><strong>Apostolus</strong></span> <span class='ocrx_word' id='word_1_218' title='bbox 2494 1483 2509 1521; x_wconf 88' lang='lat'><strong>:</strong></span> <span class='ocrx_word' id='word_1_219' title='bbox 2550 1484 2568 1518; x_wconf 85' lang='grc' dir='ltr'><strong>ι</strong></span> <span class='ocrx_word' id='word_1_220' title='bbox 2606 1464 2762 1522; x_wconf 89' lang='lat' dir='ltr'><strong>Sicut</strong></span> <span class='ocrx_word' id='word_1_221' title='bbox 2791 1503 2807 1532; x_wconf 87' lang='lat'><strong>,</strong></span> <span class='ocrx_word' id='word_1_222' title='bbox 2836 1469 3111 1539; x_wconf 83' lang='lat' dir='ltr'><strong>inquiens,</strong></span> <span class='ocrx_word' id='word_1_223' title='bbox 3147 1486 3351 1541; x_wconf 88' lang='lat' dir='ltr'><strong>corpus</strong></span> <span class='ocrx_word' id='word_1_224' title='bbox 3377 1489 3542 1529; x_wconf 90' lang='lat' dir='ltr'><strong>unum</strong></span> 
     </span>
    </p>
   </div>
   <div class='ocr_carea' id='block_1_31' title="bbox 1964 1557 3544 1621">
    <p class='ocr_par' dir='ltr' id='par_1_31' title="bbox 1964 1557 3544 1621">
     <span class='ocr_line' id='line_1_31' title="bbox 1964 1557 3544 1621; baseline 0.005 -11"><span class='ocrx_word' id='word_1_225' title='bbox 1964 1565 2066 1618; x_wconf 87' lang='lat' dir='ltr'><strong>est,</strong></span> <span class='ocrx_word' id='word_1_226' title='bbox 2095 1564 2150 1610; x_wconf 89' lang='lat' dir='ltr'><strong>et</strong></span> <span class='ocrx_word' id='word_1_227' title='bbox 2170 1557 2416 1612; x_wconf 88' lang='lat' dir='ltr'><strong>membra</strong></span> <span class='ocrx_word' id='word_1_228' title='bbox 2442 1559 2606 1614; x_wconf 85' lang='lat' dir='ltr'><strong>habet</strong></span> <span class='ocrx_word' id='word_1_229' title='bbox 2634 1560 2805 1616; x_wconf 80' lang='lat' dir='ltr'><strong>multa</strong></span> <span class='ocrx_word' id='word_1_230' title='bbox 2834 1579 2848 1615; x_wconf 90' lang='lat'><strong>:</strong></span> <span class='ocrx_word' id='word_1_231' title='bbox 2876 1562 3059 1617; x_wconf 88' lang='lat' dir='ltr'><strong>omnia</strong></span> <span class='ocrx_word' id='word_1_232' title='bbox 3091 1571 3272 1619; x_wconf 76' lang='lat' dir='ltr'><strong>autem</strong></span> <span class='ocrx_word' id='word_1_233' title='bbox 3301 1566 3544 1621; x_wconf 81' lang='lat' dir='ltr'><strong>membra</strong></span> 
     </span>
    </p>
   </div>
   <div class='ocr_carea' id='block_1_32' title="bbox 1965 1647 3541 1718">
    <p class='ocr_par' dir='ltr' id='par_1_32' title="bbox 1965 1647 3541 1718">
     <span class='ocr_line' id='line_1_32' title="bbox 1965 1647 3541 1718; baseline 0.008 -20"><span class='ocrx_word' id='word_1_234' title='bbox 1965 1647 2216 1716; x_wconf 82' lang='lat' dir='ltr'><strong>corporis</strong></span> <span class='ocrx_word' id='word_1_235' title='bbox 2247 1648 2431 1714; x_wconf 91' lang='lat' dir='ltr'><strong>unius,</strong></span> <span class='ocrx_word' id='word_1_236' title='bbox 2468 1650 2596 1705; x_wconf 89' lang='lat' dir='ltr'><strong>licet</strong></span> <span class='ocrx_word' id='word_1_237' title='bbox 2628 1652 2740 1706; x_wconf 87' lang='lat' dir='ltr'><strong>sint</strong></span> <span class='ocrx_word' id='word_1_238' title='bbox 2776 1653 2971 1718; x_wconf 90' lang='lat' dir='ltr'><strong>multa,</strong></span> <span class='ocrx_word' id='word_1_239' title='bbox 2994 1670 3164 1709; x_wconf 88' lang='lat' dir='ltr'><strong>unum</strong></span> <span class='ocrx_word' id='word_1_240' title='bbox 3205 1663 3386 1712; x_wconf 87' lang='lat' dir='ltr'><strong>tamen</strong></span> <span class='ocrx_word' id='word_1_241' title='bbox 3422 1672 3541 1712; x_wconf 85' lang='lat' dir='ltr'><strong>cor-</strong></span> 
     </span>
    </p>
   </div>
   <div class='ocr_carea' id='block_1_33' title="bbox 289 1734 1854 1820">
    <p class='ocr_par' dir='ltr' id='par_1_33' title="bbox 289 1734 1854 1812">
     <span class='ocr_line' id='line_1_33' title="bbox 289 1734 1854 1812; baseline 0.007 -27"><span class='ocrx_word' id='word_1_242' title='bbox 289 1750 443 1801; x_wconf 77' lang='grc' dir='ltr'>ματος</span> <span class='ocrx_word' id='word_1_243' title='bbox 508 1734 607 1786; x_wconf 78' lang='grc' dir='ltr'><strong>τοῦ</strong></span> <span class='ocrx_word' id='word_1_244' title='bbox 672 1735 794 1800; x_wconf 80' lang='grc' dir='ltr'>ἑνὸς</span> <span class='ocrx_word' id='word_1_245' title='bbox 862 1737 1029 1790; x_wconf 62' lang='grc' dir='ltr'>πολλα</span> <span class='ocrx_word' id='word_1_246' title='bbox 1106 1739 1235 1792; x_wconf 79' lang='grc' dir='ltr'>δντα</span> <span class='ocrx_word' id='word_1_247' title='bbox 1294 1739 1353 1793; x_wconf 74' lang='grc' dir='ltr'><strong>ἓν</strong></span> <span class='ocrx_word' id='word_1_248' title='bbox 1411 1742 1526 1794; x_wconf 81' lang='grc' dir='ltr'>ἐστι</span> <span class='ocrx_word' id='word_1_249' title='bbox 1597 1741 1755 1812; x_wconf 88' lang='grc' dir='ltr'>σῶμα</span> <span class='ocrx_word' id='word_1_250' title='bbox 1782 1744 1854 1775; x_wconf 76' lang='grc'><strong>³⁸·</strong></span> 
     </span>
    </p>
   </div>
   <div class='ocr_carea' id='block_1_34' title="bbox 1956 1734 3539 1820">
    <p class='ocr_par' dir='ltr' id='par_1_34' title="bbox 1971 1742 3539 1820">
     <span class='ocr_line' id='line_1_34' title="bbox 1971 1742 3539 1820; baseline 0.008 -29"><span class='ocrx_word' id='word_1_251' title='bbox 1971 1754 2070 1806; x_wconf 89' lang='lat' dir='ltr'><strong>pus</strong></span> <span class='ocrx_word' id='word_1_252' title='bbox 2107 1748 2238 1795; x_wconf 88' lang='lat' dir='ltr'><strong>sunt</strong></span> <span class='ocrx_word' id='word_1_253' title='bbox 2276 1760 2292 1794; x_wconf 87' lang='lat'><strong>:</strong></span> <span class='ocrx_word' id='word_1_254' title='bbox 2335 1742 2409 1795; x_wconf 83' lang='lat' dir='ltr'><strong>ita</strong></span> <span class='ocrx_word' id='word_1_255' title='bbox 2447 1751 2502 1797; x_wconf 92' lang='lat' dir='ltr'><strong>et</strong></span> <span class='ocrx_word' id='word_1_256' title='bbox 2529 1742 2801 1799; x_wconf 83' lang='lat' dir='ltr'><strong>Christus.</strong></span> <span class='ocrx_word' id='word_1_257' title='bbox 2833 1743 3046 1800; x_wconf 84' lang='lat' dir='ltr'><strong>Etenim</strong></span> <span class='ocrx_word' id='word_1_258' title='bbox 3079 1746 3132 1802; x_wconf 91' lang='lat' dir='ltr'><strong>in</strong></span> <span class='ocrx_word' id='word_1_259' title='bbox 3171 1763 3281 1803; x_wconf 88' lang='lat' dir='ltr'><strong>uno</strong></span> <span class='ocrx_word' id='word_1_260' title='bbox 3328 1747 3539 1820; x_wconf 83' lang='lat' dir='ltr'><strong>Spiritu</strong></span> 
     </span>
    </p>
   </div>
   <div class='ocr_carea' id='block_1_35' title="bbox 287 1822 1853 1904">
    <p class='ocr_par' dir='ltr' id='par_1_35' title="bbox 287 1822 1853 1904">
     <span class='ocr_line' id='line_1_35' title="bbox 287 1822 1853 1904; baseline 0.008 -29"><span class='ocrx_word' id='word_1_261' title='bbox 287 1822 416 1877; x_wconf 74' lang='grc' dir='ltr'>οὕτω</span> <span class='ocrx_word' id='word_1_262' title='bbox 446 1825 544 1878; x_wconf 73' lang='grc' dir='ltr'><strong>καὶ</strong></span> <span class='ocrx_word' id='word_1_263' title='bbox 573 1828 603 1879; x_wconf 90' lang='grc' dir='ltr'><strong>ό</strong></span> <span class='ocrx_word' id='word_1_264' title='bbox 627 1828 897 1897; x_wconf 76' lang='grc' dir='ltr'>Χριστόςο</span> <span class='ocrx_word' id='word_1_265' title='bbox 933 1830 1025 1882; x_wconf 69' lang='grc' dir='ltr'>καὶ</span> <span class='ocrx_word' id='word_1_266' title='bbox 1047 1831 1155 1900; x_wconf 74' lang='grc' dir='ltr'><strong>γὰρ</strong></span> <span class='ocrx_word' id='word_1_267' title='bbox 1193 1831 1251 1884; x_wconf 85' lang='grc' dir='ltr'>ἐν</span> <span class='ocrx_word' id='word_1_268' title='bbox 1279 1833 1359 1885; x_wconf 75' lang='grc' dir='ltr'><strong>ἐνὶ</strong></span> <span class='ocrx_word' id='word_1_269' title='bbox 1387 1832 1663 1904; x_wconf 88' lang='grc' dir='ltr'>Πνεύματι</span> <span class='ocrx_word' id='word_1_270' title='bbox 1694 1835 1853 1904; x_wconf 81' lang='grc' dir='ltr'>ἡμεῖς</span> 
     </span>
    </p>
   </div>
   <div class='ocr_carea' id='block_1_36' title="bbox 287 1919 1852 1994">
    <p class='ocr_par' dir='ltr' id='par_1_36' title="bbox 287 1919 1852 1994">
     <span class='ocr_line' id='line_1_36' title="bbox 287 1919 1852 1994; baseline 0.009 -26"><span class='ocrx_word' id='word_1_271' title='bbox 287 1919 325 1969; x_wconf 87' lang='grc' dir='ltr'>οἱ</span> <span class='ocrx_word' id='word_1_272' title='bbox 354 1920 553 1982; x_wconf 82' lang='grc' dir='ltr'>πάντες</span> <span class='ocrx_word' id='word_1_273' title='bbox 586 1920 668 1983; x_wconf 83' lang='grc' dir='ltr'><strong>είς</strong></span> <span class='ocrx_word' id='word_1_274' title='bbox 696 1920 755 1973; x_wconf 82' lang='grc' dir='ltr'>ἓν</span> <span class='ocrx_word' id='word_1_275' title='bbox 786 1920 947 1992; x_wconf 88' lang='grc' dir='ltr'>σῶμα</span> <span class='ocrx_word' id='word_1_276' title='bbox 981 1922 1409 1994; x_wconf 76' lang='grc' dir='ltr'>ἐϐαπτίσθημεν,</span> <span class='ocrx_word' id='word_1_277' title='bbox 1432 1928 1542 1980; x_wconf 74' lang='grc' dir='ltr'>εἴτε</span> <span class='ocrx_word' id='word_1_278' title='bbox 1589 1926 1852 1994; x_wconf 83' lang='grc' dir='ltr'>Ἰουδαῖοι,</span> 
     </span>
    </p>
   </div>
   <div class='ocr_carea' id='block_1_37' title="bbox 286 2010 1853 2089">
    <p class='ocr_par' dir='ltr' id='par_1_37' title="bbox 286 2010 1853 2089">
     <span class='ocr_line' id='line_1_37' title="bbox 286 2010 1853 2089; baseline 0.009 -28"><span class='ocrx_word' id='word_1_279' title='bbox 286 2010 382 2062; x_wconf 82' lang='grc' dir='ltr'>εἴτε</span> <span class='ocrx_word' id='word_1_280' title='bbox 415 2011 704 2082; x_wconf 80' lang='grc' dir='ltr'>Ἕλληνες,</span> <span class='ocrx_word' id='word_1_281' title='bbox 736 2014 846 2066; x_wconf 79' lang='grc' dir='ltr'>εἴτε</span> <span class='ocrx_word' id='word_1_282' title='bbox 873 2015 1067 2080; x_wconf 77' lang='grc' dir='ltr'>δοῦλοι,</span> <span class='ocrx_word' id='word_1_283' title='bbox 1094 2015 1203 2070; x_wconf 85' lang='grc' dir='ltr'>εἴτε</span> <span class='ocrx_word' id='word_1_284' title='bbox 1225 2017 1517 2089; x_wconf 79' lang='grc' dir='ltr'>ἐλεύθεροι,</span> <span class='ocrx_word' id='word_1_285' title='bbox 1535 2021 1627 2073; x_wconf 78' lang='grc' dir='ltr'>καὶ</span> <span class='ocrx_word' id='word_1_286' title='bbox 1654 2022 1853 2086; x_wconf 83' lang='grc' dir='ltr'>πάντες</span> 
     </span>
    </p>
   </div>
   <div class='ocr_carea' id='block_1_38' title="bbox 286 2102 1852 2184">
    <p class='ocr_par' dir='ltr' id='par_1_38' title="bbox 286 2102 1852 2184">
     <span class='ocr_line' id='line_1_38' title="bbox 286 2102 1852 2184; baseline 0.01 -32"><span class='ocrx_word' id='word_1_287' title='bbox 286 2103 354 2165; x_wconf 76' lang='grc' dir='ltr'><strong>εἰς</strong></span> <span class='ocrx_word' id='word_1_288' title='bbox 374 2102 432 2154; x_wconf 83' lang='grc' dir='ltr'>ἓν</span> <span class='ocrx_word' id='word_1_289' title='bbox 471 2104 704 2174; x_wconf 81' lang='grc' dir='ltr'>Πνεῦμα</span> <span class='ocrx_word' id='word_1_290' title='bbox 758 2107 1118 2178; x_wconf 76' lang='grc' dir='ltr'><strong>ἐποτίσθημεν</strong></span> <span class='ocrx_word' id='word_1_291' title='bbox 1142 2124 1156 2137; x_wconf 81' lang='lat'><strong><em>°</em></strong></span> <span class='ocrx_word' id='word_1_292' title='bbox 1189 2109 1281 2163; x_wconf 75' lang='grc' dir='ltr'>καὶ</span> <span class='ocrx_word' id='word_1_293' title='bbox 1332 2112 1443 2182; x_wconf 82' lang='grc' dir='ltr'>γὰρ</span> <span class='ocrx_word' id='word_1_294' title='bbox 1476 2111 1536 2165; x_wconf 81' lang='grc' dir='ltr'><strong>τὸ</strong></span> <span class='ocrx_word' id='word_1_295' title='bbox 1564 2112 1722 2184; x_wconf 88' lang='grc' dir='ltr'>σῶμα</span> <span class='ocrx_word' id='word_1_296' title='bbox 1752 2115 1852 2168; x_wconf 87' lang='grc' dir='ltr'><strong>οὐκ</strong></span> 
     </span>
    </p>
   </div>
   <div class='ocr_carea' id='block_1_39' title="bbox 285 2198 1851 2276">
    <p class='ocr_par' dir='ltr' id='par_1_39' title="bbox 285 2198 1851 2276">
     <span class='ocr_line' id='line_1_39' title="bbox 285 2198 1851 2276; baseline 0.008 -27"><span class='ocrx_word' id='word_1_297' title='bbox 285 2198 420 2251; x_wconf 78' lang='grc' dir='ltr'>ἔστιν</span> <span class='ocrx_word' id='word_1_298' title='bbox 441 2198 501 2251; x_wconf 77' lang='grc' dir='ltr'>ἓν</span> <span class='ocrx_word' id='word_1_299' title='bbox 525 2199 708 2270; x_wconf 82' lang='grc' dir='ltr'><strong>μέλος,</strong></span> <span class='ocrx_word' id='word_1_300' title='bbox 744 2200 880 2254; x_wconf 83' lang='grc' dir='ltr'>ἀλλὰ</span> <span class='ocrx_word' id='word_1_301' title='bbox 935 2200 1104 2257; x_wconf 86' lang='grc' dir='ltr'>πολλά</span> <span class='ocrx_word' id='word_1_302' title='bbox 1127 2220 1138 2232; x_wconf 90' lang='grc'>·</span> <span class='ocrx_word' id='word_1_303' title='bbox 1182 2222 1201 2255; x_wconf 79' lang='grc' dir='ltr'><strong>ι</strong></span> <span class='ocrx_word' id='word_1_304' title='bbox 1229 2206 1323 2257; x_wconf 76' lang='grc' dir='ltr'><strong>καὶ</strong></span> <span class='ocrx_word' id='word_1_305' title='bbox 1362 2208 1479 2275; x_wconf 78' lang='grc' dir='ltr'>μετ’</span> <span class='ocrx_word' id='word_1_306' title='bbox 1516 2206 1701 2276; x_wconf 87' lang='grc' dir='ltr'>ὀλίγα,</span> <span class='ocrx_word' id='word_1_307' title='bbox 1740 2226 1758 2259; x_wconf 82' lang='grc' dir='ltr'><strong>ι</strong></span> <span class='ocrx_word' id='word_1_308' title='bbox 1788 2209 1851 2262; x_wconf 82' lang='lat' dir='ltr'><strong>El</strong></span> 
     </span>
    </p>
   </div>
   <div class='ocr_carea' id='block_1_40' title="bbox 285 2284 1853 2366">
    <p class='ocr_par' dir='ltr' id='par_1_40' title="bbox 285 2284 1853 2366">
     <span class='ocr_line' id='line_1_40' title="bbox 285 2284 1853 2366; baseline 0.01 -27"><span class='ocrx_word' id='word_1_309' title='bbox 285 2284 362 2359; x_wconf 77' lang='grc' dir='ltr'>ἧν,</span> <span class='ocrx_word' id='word_1_310' title='bbox 394 2292 554 2360; x_wconf 80' lang='grc' dir='ltr'>φησὶ,</span> <span class='ocrx_word' id='word_1_311' title='bbox 610 2292 677 2345; x_wconf 78' lang='grc' dir='ltr'>τὰ</span> <span class='ocrx_word' id='word_1_312' title='bbox 712 2294 891 2346; x_wconf 85' lang='grc' dir='ltr'>πάντα</span> <span class='ocrx_word' id='word_1_313' title='bbox 941 2293 999 2346; x_wconf 84' lang='grc' dir='ltr'><strong>ἓν</strong></span> <span class='ocrx_word' id='word_1_314' title='bbox 1041 2295 1221 2364; x_wconf 86' lang='grc' dir='ltr'>μέλος,</span> <span class='ocrx_word' id='word_1_315' title='bbox 1247 2297 1348 2349; x_wconf 82' lang='grc' dir='ltr'>ποῦ</span> <span class='ocrx_word' id='word_1_316' title='bbox 1375 2297 1435 2351; x_wconf 82' lang='grc' dir='ltr'>τὸ</span> <span class='ocrx_word' id='word_1_317' title='bbox 1465 2298 1655 2366; x_wconf 87' lang='grc' dir='ltr'>σῶμα;</span> <span class='ocrx_word' id='word_1_318' title='bbox 1703 2319 1721 2351; x_wconf 84' lang='grc' dir='ltr'><strong>ι</strong></span> <span class='ocrx_word' id='word_1_319' title='bbox 1757 2301 1853 2354; x_wconf 73' lang='grc' dir='ltr'>καὶ</span> 
     </span>
    </p>
   </div>
   <div class='ocr_carea' id='block_1_41' title="bbox 284 2380 1852 2462">
    <p class='ocr_par' dir='ltr' id='par_1_41' title="bbox 284 2380 1852 2462">
     <span class='ocr_line' id='line_1_41' title="bbox 284 2380 1852 2462; baseline 0.008 -31"><span class='ocrx_word' id='word_1_320' title='bbox 284 2380 464 2443; x_wconf 79' lang='grc' dir='ltr'>πάλιν,</span> <span class='ocrx_word' id='word_1_321' title='bbox 496 2400 515 2434; x_wconf 84' lang='lat' dir='ltr'><strong>s</strong></span> <span class='ocrx_word' id='word_1_322' title='bbox 550 2382 741 2452; x_wconf 80' lang='grc' dir='ltr'>Ὑμεῖς</span> <span class='ocrx_word' id='word_1_323' title='bbox 764 2384 821 2436; x_wconf 83' lang='grc' dir='ltr'><strong>δέ</strong></span> <span class='ocrx_word' id='word_1_324' title='bbox 855 2386 973 2437; x_wconf 78' lang='grc' dir='ltr'>ἐστε</span> <span class='ocrx_word' id='word_1_325' title='bbox 1006 2385 1163 2455; x_wconf 80' lang='grc' dir='ltr'>σῶμα</span> <span class='ocrx_word' id='word_1_326' title='bbox 1192 2388 1450 2458; x_wconf 78' lang='grc' dir='ltr'>Χριστοῦ,</span> <span class='ocrx_word' id='word_1_327' title='bbox 1493 2390 1588 2442; x_wconf 73' lang='grc' dir='ltr'>καὶ</span> <span class='ocrx_word' id='word_1_328' title='bbox 1619 2390 1757 2462; x_wconf 83' lang='grc' dir='ltr'>μέλη</span> <span class='ocrx_word' id='word_1_329' title='bbox 1786 2393 1852 2444; x_wconf 77' lang='grc' dir='ltr'>ἐκ</span> 
     </span>
    </p>
   </div>
   <div class='ocr_carea' id='block_1_42' title="bbox 286 2471 1850 2554">
    <p class='ocr_par' dir='ltr' id='par_1_42' title="bbox 286 2471 1850 2554">
     <span class='ocr_line' id='line_1_42' title="bbox 286 2471 1850 2554; baseline 0.009 -31"><span class='ocrx_word' id='word_1_330' title='bbox 286 2471 494 2541; x_wconf 80' lang='grc' dir='ltr'>μέρους.</span> <span class='ocrx_word' id='word_1_331' title='bbox 557 2493 576 2523; x_wconf 78' lang='grc' dir='ltr'><strong>ι</strong></span> <span class='ocrx_word' id='word_1_332' title='bbox 638 2475 848 2528; x_wconf 73' lang='grc' dir='ltr'>Οὐκοῦν</span> <span class='ocrx_word' id='word_1_333' title='bbox 903 2478 967 2528; x_wconf 78' lang='grc' dir='ltr'>ὲκ</span> <span class='ocrx_word' id='word_1_334' title='bbox 1006 2478 1214 2532; x_wconf 81' lang='grc' dir='ltr'>πολλῶν</span> <span class='ocrx_word' id='word_1_335' title='bbox 1250 2480 1427 2549; x_wconf 84' lang='grc' dir='ltr'>μελῶν</span> <span class='ocrx_word' id='word_1_336' title='bbox 1480 2484 1514 2554; x_wconf 77' lang='grc' dir='ltr'><strong>ἡ</strong></span> <span class='ocrx_word' id='word_1_337' title='bbox 1558 2481 1850 2553; x_wconf 83' lang='grc' dir='ltr'>Ἐκκλησία</span> 
     </span>
    </p>
   </div>
   <div class='ocr_carea' id='block_1_43' title="bbox 284 2564 1849 2641">
    <p class='ocr_par' dir='ltr' id='par_1_43' title="bbox 284 2564 1849 2641">
     <span class='ocr_line' id='line_1_43' title="bbox 284 2564 1849 2641; baseline 0.011 -28"><span class='ocrx_word' id='word_1_338' title='bbox 284 2564 609 2633; x_wconf 74' lang='grc' dir='ltr'>συγκειμένη</span> <span class='ocrx_word' id='word_1_339' title='bbox 635 2564 695 2616; x_wconf 81' lang='grc' dir='ltr'><strong>ἓν</strong></span> <span class='ocrx_word' id='word_1_340' title='bbox 722 2565 884 2634; x_wconf 90' lang='grc' dir='ltr'>σῶμα</span> <span class='ocrx_word' id='word_1_341' title='bbox 910 2568 1104 2639; x_wconf 82' lang='grc' dir='ltr'>πληροῖ</span> <span class='ocrx_word' id='word_1_342' title='bbox 1125 2588 1136 2601; x_wconf 91' lang='grc'><strong>·</strong></span> <span class='ocrx_word' id='word_1_343' title='bbox 1177 2572 1457 2641; x_wconf 77' lang='grc' dir='ltr'>νοήσωμεν</span> <span class='ocrx_word' id='word_1_344' title='bbox 1480 2572 1676 2637; x_wconf 79' lang='grc' dir='ltr'>τοίνυν,</span> <span class='ocrx_word' id='word_1_345' title='bbox 1699 2575 1849 2638; x_wconf 75' lang='grc' dir='ltr'>τινὰς</span> 
     </span>
    </p>
   </div>
   <div class='ocr_carea' id='block_1_44' title="bbox 285 2651 1849 2729">
    <p class='ocr_par' dir='ltr' id='par_1_44' title="bbox 285 2651 1849 2729">
     <span class='ocr_line' id='line_1_44' title="bbox 285 2651 1849 2729; baseline 0.01 -25"><span class='ocrx_word' id='word_1_346' title='bbox 285 2651 371 2720; x_wconf 82' lang='grc' dir='ltr'><strong>μὲν</strong></span> <span class='ocrx_word' id='word_1_347' title='bbox 396 2655 572 2724; x_wconf 76' lang='grc' dir='ltr'>αὐτῆς</span> <span class='ocrx_word' id='word_1_348' title='bbox 602 2652 740 2709; x_wconf 79' lang='grc' dir='ltr'>εἶναι</span> <span class='ocrx_word' id='word_1_349' title='bbox 768 2656 1102 2728; x_wconf 77' lang='grc' dir='ltr'>ὀφθαλμοὺς,</span> <span class='ocrx_word' id='word_1_350' title='bbox 1147 2661 1299 2721; x_wconf 76' lang='grc' dir='ltr'>τινὰς</span> <span class='ocrx_word' id='word_1_351' title='bbox 1320 2662 1374 2715; x_wconf 76' lang='grc' dir='ltr'>δὲ</span> <span class='ocrx_word' id='word_1_352' title='bbox 1395 2663 1583 2728; x_wconf 67' lang='grc' dir='ltr'>ἀκοὰς,</span> <span class='ocrx_word' id='word_1_353' title='bbox 1612 2664 1763 2729; x_wconf 73' lang='grc' dir='ltr'>τινὰς</span> <span class='ocrx_word' id='word_1_354' title='bbox 1793 2666 1849 2719; x_wconf 81' lang='grc' dir='ltr'>δὲ</span> 
     </span>
    </p>
   </div>
   <div class='ocr_carea' id='block_1_45' title="bbox 280 2745 1848 2825">
    <p class='ocr_par' dir='ltr' id='par_1_45' title="bbox 280 2745 1848 2825">
     <span class='ocr_line' id='line_1_45' title="bbox 280 2745 1848 2825; baseline 0.01 -30"><span class='ocrx_word' id='word_1_355' title='bbox 280 2745 415 2815; x_wconf 77' lang='grc' dir='ltr'>χείλη</span> <span class='ocrx_word' id='word_1_356' title='bbox 442 2764 454 2774; x_wconf 94' lang='grc'><strong>·</strong></span> <span class='ocrx_word' id='word_1_357' title='bbox 482 2746 568 2799; x_wconf 84' lang='grc' dir='ltr'>διὸ</span> <span class='ocrx_word' id='word_1_358' title='bbox 597 2747 692 2800; x_wconf 72' lang='grc' dir='ltr'>καὶ</span> <span class='ocrx_word' id='word_1_359' title='bbox 711 2748 740 2800; x_wconf 84' lang='grc' dir='ltr'><strong>ό</strong></span> <span class='ocrx_word' id='word_1_360' title='bbox 772 2748 1004 2819; x_wconf 76' lang='grc' dir='ltr'>νυμφίος</span> <span class='ocrx_word' id='word_1_361' title='bbox 1030 2752 1190 2822; x_wconf 76' lang='grc' dir='ltr'>φησὶν</span> <span class='ocrx_word' id='word_1_362' title='bbox 1227 2753 1362 2823; x_wconf 79' lang='grc' dir='ltr'>αὐτῇ</span> <span class='ocrx_word' id='word_1_363' title='bbox 1386 2769 1398 2783; x_wconf 71' lang='grc' dir='ltr'><strong>ο</strong></span> <span class='ocrx_word' id='word_1_364' title='bbox 1437 2774 1454 2805; x_wconf 83' lang='grc' dir='ltr'><strong>ι</strong></span> <span class='ocrx_word' id='word_1_365' title='bbox 1475 2753 1676 2825; x_wconf 83' lang='grc' dir='ltr'>Κηρίον</span> <span class='ocrx_word' id='word_1_366' title='bbox 1714 2758 1848 2809; x_wconf 78' lang='grc' dir='ltr'><strong>ἀπο⁸</strong></span> 
     </span>
    </p>
   </div>
   <div class='ocr_carea' id='block_1_46' title="bbox 282 2835 1849 2916">
    <p class='ocr_par' dir='ltr' id='par_1_46' title="bbox 282 2835 1849 2916">
     <span class='ocr_line' id='line_1_46' title="bbox 282 2835 1849 2916; baseline 0.008 -29"><span class='ocrx_word' id='word_1_367' title='bbox 282 2835 448 2900; x_wconf 77' lang='grc' dir='ltr'>στάζει</span> <span class='ocrx_word' id='word_1_368' title='bbox 512 2837 670 2908; x_wconf 86' lang='grc' dir='ltr'>χείλη</span> <span class='ocrx_word' id='word_1_369' title='bbox 713 2856 807 2892; x_wconf 87' lang='grc' dir='ltr'><strong>σου</strong></span> <span class='ocrx_word' id='word_1_370' title='bbox 856 2839 1073 2911; x_wconf 83' lang='grc' dir='ltr'>νύμφη·</span> <span class='ocrx_word' id='word_1_371' title='bbox 1113 2842 1250 2895; x_wconf 82' lang='grc' dir='ltr'>Μέλι</span> <span class='ocrx_word' id='word_1_372' title='bbox 1296 2844 1387 2896; x_wconf 76' lang='grc' dir='ltr'>καὶ</span> <span class='ocrx_word' id='word_1_373' title='bbox 1427 2844 1565 2911; x_wconf 89' lang='grc' dir='ltr'>γάλα</span> <span class='ocrx_word' id='word_1_374' title='bbox 1615 2845 1719 2898; x_wconf 76' lang='grc' dir='ltr'><strong>ὑπὸ</strong></span> <span class='ocrx_word' id='word_1_375' title='bbox 1750 2846 1849 2916; x_wconf 77' lang='grc' dir='ltr'><strong>τὴν</strong></span> 
     </span>
    </p>
   </div>
   <div class='ocr_carea' id='block_1_47' title="bbox 278 2928 1851 3007">
    <p class='ocr_par' dir='ltr' id='par_1_47' title="bbox 278 2928 1851 3007">
     <span class='ocr_line' id='line_1_47' title="bbox 278 2928 1851 3007; baseline 0.006 -26"><span class='ocrx_word' id='word_1_376' title='bbox 278 2928 523 2993; x_wconf 76' lang='grc' dir='ltr'>γλῶσσάν</span> <span class='ocrx_word' id='word_1_377' title='bbox 545 2946 662 2984; x_wconf 82' lang='grc' dir='ltr'>σου.</span> <span class='ocrx_word' id='word_1_378' title='bbox 690 2930 855 3001; x_wconf 86' lang='grc' dir='ltr'><strong>Δηλοῖ</strong></span> <span class='ocrx_word' id='word_1_379' title='bbox 887 2932 944 2985; x_wconf 79' lang='grc' dir='ltr'>δὲ</span> <span class='ocrx_word' id='word_1_380' title='bbox 973 2932 1204 2986; x_wconf 76' lang='grc' dir='ltr'>ἐνταῦθα</span> <span class='ocrx_word' id='word_1_381' title='bbox 1230 2935 1356 2998; x_wconf 72' lang='grc' dir='ltr'>τοὺς</span> <span class='ocrx_word' id='word_1_382' title='bbox 1391 2938 1488 3005; x_wconf 86' lang='grc' dir='ltr'>τῆς</span> <span class='ocrx_word' id='word_1_383' title='bbox 1526 2937 1851 3007; x_wconf 83' lang='grc' dir='ltr'>Ἐκκλησίας</span> 
     </span>
    </p>
   </div>
   <div class='ocr_carea' id='block_1_48' title="bbox 278 3017 1848 3099">
    <p class='ocr_par' dir='ltr' id='par_1_48' title="bbox 278 3017 1848 3099">
     <span class='ocr_line' id='line_1_48' title="bbox 278 3017 1848 3099; baseline 0.008 -28"><span class='ocrx_word' id='word_1_384' title='bbox 278 3017 643 3087; x_wconf 76' lang='grc' dir='ltr'>διδασκάλους,</span> <span class='ocrx_word' id='word_1_385' title='bbox 676 3023 777 3093; x_wconf 80' lang='grc' dir='ltr'>τὴν</span> <span class='ocrx_word' id='word_1_386' title='bbox 804 3023 1005 3093; x_wconf 74' lang='grc' dir='ltr'>εὐσεϐῆ</span> <span class='ocrx_word' id='word_1_387' title='bbox 1033 3024 1381 3079; x_wconf 78' lang='grc' dir='ltr'>διδασκαλίαν</span> <span class='ocrx_word' id='word_1_388' title='bbox 1408 3028 1812 3099; x_wconf 68' lang='grc' dir='ltr'>προσφέροντας</span> <span class='ocrx_word' id='word_1_389' title='bbox 1834 3070 1848 3094; x_wconf 92' lang='grc'><strong>,</strong></span> 
     </span>
    </p>
   </div>
   <div class='ocr_carea' id='block_1_49' title="bbox 278 3092 1921 3191">
    <p class='ocr_par' dir='ltr' id='par_1_49' title="bbox 278 3092 1921 3191">
     <span class='ocr_line' id='line_1_49' title="bbox 278 3092 1921 3191; baseline 0.008 -28"><span class='ocrx_word' id='word_1_390' title='bbox 278 3111 357 3163; x_wconf 85' lang='grc' dir='ltr'>καὶ</span> <span class='ocrx_word' id='word_1_391' title='bbox 384 3113 557 3165; x_wconf 79' lang='grc' dir='ltr'>οἱονεὶ</span> <span class='ocrx_word' id='word_1_392' title='bbox 588 3092 783 3184; x_wconf 82' lang='grc' dir='ltr'>κηρίον</span> <span class='ocrx_word' id='word_1_393' title='bbox 805 3092 1076 3184; x_wconf 83' lang='grc' dir='ltr'>μελισσῶν</span> <span class='ocrx_word' id='word_1_394' title='bbox 1106 3118 1164 3168; x_wconf 83' lang='grc' dir='ltr'>ὲν</span> <span class='ocrx_word' id='word_1_395' title='bbox 1190 3119 1301 3180; x_wconf 81' lang='grc' dir='ltr'>τοῖς</span> <span class='ocrx_word' id='word_1_396' title='bbox 1328 3092 1529 3187; x_wconf 75' lang='grc' dir='ltr'>χείλεσι</span> <span class='ocrx_word' id='word_1_397' title='bbox 1564 3092 1849 3191; x_wconf 73' lang='grc' dir='ltr'>φέροντας,</span> <span class='ocrx_word' id='word_1_398' title='bbox 1879 3092 1921 3147; x_wconf 72' lang='lat' dir='ltr'><strong>C</strong></span> 
     </span>
    </p>
   </div>
   <div class='ocr_carea' id='block_1_50' title="bbox 279 3205 1852 3282">
    <p class='ocr_par' dir='ltr' id='par_1_50' title="bbox 279 3205 1852 3282">
     <span class='ocr_line' id='line_1_50' title="bbox 279 3205 1852 3282; baseline 0.006 -25"><span class='ocrx_word' id='word_1_399' title='bbox 279 3205 358 3257; x_wconf 76' lang='grc' dir='ltr'>καὶ</span> <span class='ocrx_word' id='word_1_400' title='bbox 380 3206 473 3269; x_wconf 64' lang='lat' dir='ltr'><strong>si;</strong></span> <span class='ocrx_word' id='word_1_401' title='bbox 504 3207 783 3275; x_wconf 78' lang='grc' dir='ltr'>σταγόνας</span> <span class='ocrx_word' id='word_1_402' title='bbox 814 3205 907 3259; x_wconf 80' lang='grc' dir='ltr'><strong>τοῦ</strong></span> <span class='ocrx_word' id='word_1_403' title='bbox 931 3206 1142 3277; x_wconf 87' lang='grc' dir='ltr'>μέλιτος</span> <span class='ocrx_word' id='word_1_404' title='bbox 1169 3209 1571 3274; x_wconf 77' lang='grc' dir='ltr'>ἀποστάζοντας</span> <span class='ocrx_word' id='word_1_405' title='bbox 1590 3226 1601 3238; x_wconf 91' lang='grc'><strong>·</strong></span> <span class='ocrx_word' id='word_1_406' title='bbox 1630 3212 1852 3282; x_wconf 82' lang='grc' dir='ltr'>ἔχοντας</span> 
     </span>
    </p>
   </div>
   <div class='ocr_carea' id='block_1_51' title="bbox 274 3292 1851 3367">
    <p class='ocr_par' dir='ltr' id='par_1_51' title="bbox 274 3292 1851 3367">
     <span class='ocr_line' id='line_1_51' title="bbox 274 3292 1851 3367; baseline 0.001 -20"><span class='ocrx_word' id='word_1_407' title='bbox 274 3292 399 3347; x_wconf 79' lang='grc' dir='ltr'><strong>δὲού</strong></span> <span class='ocrx_word' id='word_1_408' title='bbox 436 3295 610 3365; x_wconf 81' lang='grc' dir='ltr'>μόνον</span> <span class='ocrx_word' id='word_1_409' title='bbox 677 3294 831 3365; x_wconf 89' lang='grc' dir='ltr'>μέλι,</span> <span class='ocrx_word' id='word_1_410' title='bbox 891 3294 1025 3348; x_wconf 81' lang='grc' dir='ltr'>ἀλλὰ</span> <span class='ocrx_word' id='word_1_411' title='bbox 1073 3295 1166 3349; x_wconf 60' lang='grc' dir='ltr'><strong>καὶ¹</strong></span> <span class='ocrx_word' id='word_1_412' title='bbox 1204 3296 1363 3363; x_wconf 85' lang='grc' dir='ltr'>γάλα,</span> <span class='ocrx_word' id='word_1_413' title='bbox 1394 3298 1486 3350; x_wconf 75' lang='grc' dir='ltr'>καὶ</span> <span class='ocrx_word' id='word_1_414' title='bbox 1514 3297 1726 3366; x_wconf 78' lang='grc' dir='ltr'>ἑκάστῳ</span> <span class='ocrx_word' id='word_1_415' title='bbox 1755 3296 1851 3367; x_wconf 85' lang='grc' dir='ltr'>τὴν</span> 
     </span>
    </p>
   </div>
   <div class='ocr_carea' id='block_1_52' title="bbox 276 3387 1851 3459">
    <p class='ocr_par' dir='ltr' id='par_1_52' title="bbox 276 3387 1851 3459">
     <span class='ocr_line' id='line_1_52' title="bbox 276 3387 1851 3459; baseline 0.003 -21"><span class='ocrx_word' id='word_1_416' title='bbox 276 3388 582 3459; x_wconf 75' lang='grc' dir='ltr'>πρόσφορον</span> <span class='ocrx_word' id='word_1_417' title='bbox 641 3387 1054 3458; x_wconf 73' lang='grc' dir='ltr'>προσφέροντας</span> <span class='ocrx_word' id='word_1_418' title='bbox 1089 3389 1316 3459; x_wconf 77' lang='grc' dir='ltr'>τροφὴν,</span> <span class='ocrx_word' id='word_1_419' title='bbox 1360 3390 1453 3442; x_wconf 74' lang='grc' dir='ltr'>καὶ</span> <span class='ocrx_word' id='word_1_420' title='bbox 1490 3392 1603 3453; x_wconf 88' lang='grc' dir='ltr'>τοῖς</span> <span class='ocrx_word' id='word_1_421' title='bbox 1640 3390 1851 3457; x_wconf 86' lang='grc' dir='ltr'>νηπίοις</span> 
     </span>
    </p>
   </div>
   <div class='ocr_carea' id='block_1_53' title="bbox 273 3477 1846 3552">
    <p class='ocr_par' dir='ltr' id='par_1_53' title="bbox 273 3477 1846 3552">
     <span class='ocr_line' id='line_1_53' title="bbox 273 3477 1846 3552; baseline 0.002 -19"><span class='ocrx_word' id='word_1_422' title='bbox 273 3477 357 3548; x_wconf 73' lang='grc' dir='ltr'>τὴν</span> <span class='ocrx_word' id='word_1_423' title='bbox 379 3481 793 3550; x_wconf 77' lang='grc' dir='ltr'>ἁρμόττουσαν,</span> <span class='ocrx_word' id='word_1_424' title='bbox 823 3479 920 3532; x_wconf 73' lang='grc' dir='ltr'>καὶ</span> <span class='ocrx_word' id='word_1_425' title='bbox 945 3482 1055 3542; x_wconf 87' lang='grc' dir='ltr'>τοῖς</span> <span class='ocrx_word' id='word_1_426' title='bbox 1080 3480 1302 3543; x_wconf 86' lang='grc' dir='ltr'>τελείοις</span> <span class='ocrx_word' id='word_1_427' title='bbox 1336 3482 1432 3551; x_wconf 77' lang='grc' dir='ltr'>τὴν</span> <span class='ocrx_word' id='word_1_428' title='bbox 1448 3483 1846 3552; x_wconf 83' lang='grc' dir='ltr'>προσήκουσαν.</span> 
     </span>
    </p>
   </div>
   <div class='ocr_carea' id='block_1_54' title="bbox 274 3570 1852 3643">
    <p class='ocr_par' dir='ltr' id='par_1_54' title="bbox 274 3570 1852 3643">
     <span class='ocr_line' id='line_1_54' title="bbox 274 3570 1852 3643; baseline 0.004 -22"><span class='ocrx_word' id='word_1_429' title='bbox 274 3571 346 3623; x_wconf 78' lang='grc' dir='ltr'><strong>Τὰ</strong></span> <span class='ocrx_word' id='word_1_430' title='bbox 370 3572 424 3625; x_wconf 83' lang='grc' dir='ltr'>δὲ</span> <span class='ocrx_word' id='word_1_431' title='bbox 452 3591 522 3643; x_wconf 85' lang='grc' dir='ltr'><strong>κη</strong></span> <span class='ocrx_word' id='word_1_432' title='bbox 544 3571 641 3642; x_wconf 85' lang='grc' dir='ltr'><strong>ρία</strong></span> <span class='ocrx_word' id='word_1_433' title='bbox 676 3570 773 3623; x_wconf 81' lang='grc' dir='ltr'><strong>τοῦ</strong></span> <span class='ocrx_word' id='word_1_434' title='bbox 798 3571 1036 3641; x_wconf 86' lang='grc' dir='ltr'>μέλιτος,</span> <span class='ocrx_word' id='word_1_435' title='bbox 1070 3574 1141 3624; x_wconf 81' lang='grc' dir='ltr'>τὰ</span> <span class='ocrx_word' id='word_1_436' title='bbox 1189 3575 1246 3625; x_wconf 82' lang='grc' dir='ltr'>ὲν</span> <span class='ocrx_word' id='word_1_437' title='bbox 1276 3576 1387 3635; x_wconf 85' lang='grc' dir='ltr'>τοῖς</span> <span class='ocrx_word' id='word_1_438' title='bbox 1418 3573 1618 3643; x_wconf 84' lang='grc' dir='ltr'>χείλεσι</span> <span class='ocrx_word' id='word_1_439' title='bbox 1640 3574 1746 3627; x_wconf 89' lang='grc' dir='ltr'><strong>τῶν</strong></span> <span class='ocrx_word' id='word_1_440' title='bbox 1773 3574 1852 3627; x_wconf 78' lang='grc' dir='ltr'>δι-</span> 
     </span>
    </p>
   </div>
   <div class='ocr_carea' id='block_1_55' title="bbox 271 3658 1847 3733">
    <p class='ocr_par' dir='ltr' id='par_1_55' title="bbox 271 3658 1847 3733">
     <span class='ocr_line' id='line_1_55' title="bbox 271 3658 1847 3733; baseline 0.001 -19"><span class='ocrx_word' id='word_1_441' title='bbox 271 3658 557 3716; x_wconf 74' lang='grc' dir='ltr'>δασκάλων</span> <span class='ocrx_word' id='word_1_442' title='bbox 617 3660 924 3733; x_wconf 80' lang='grc' dir='ltr'>φερόμενα,</span> <span class='ocrx_word' id='word_1_443' title='bbox 961 3663 1019 3714; x_wconf 78' lang='lat' dir='ltr'><strong>at</strong></span> <span class='ocrx_word' id='word_1_444' title='bbox 1054 3661 1196 3715; x_wconf 85' lang='grc' dir='ltr'>θεῖαι</span> <span class='ocrx_word' id='word_1_445' title='bbox 1235 3663 1561 3733; x_wconf 85' lang='grc' dir='ltr'>τυγχάνουσι</span> <span class='ocrx_word' id='word_1_446' title='bbox 1612 3664 1847 3733; x_wconf 75' lang='grc' dir='ltr'>Γραφαὶ,</span> 
     </span>
    </p>
   </div>
   <div class='ocr_carea' id='block_1_56' title="bbox 273 3753 1851 3827">
    <p class='ocr_par' dir='ltr' id='par_1_56' title="bbox 273 3753 1851 3827">
     <span class='ocr_line' id='line_1_56' title="bbox 273 3753 1851 3827; baseline 0.003 -22"><span class='ocrx_word' id='word_1_447' title='bbox 273 3753 512 3821; x_wconf 79' lang='grc' dir='ltr'>μελίττας</span> <span class='ocrx_word' id='word_1_448' title='bbox 555 3753 788 3825; x_wconf 79' lang='grc' dir='ltr'>ἔχουσαι</span> <span class='ocrx_word' id='word_1_449' title='bbox 825 3753 1307 3824; x_wconf 85' lang='grc' dir='ltr'>κηροπλαστούσας</span> <span class='ocrx_word' id='word_1_450' title='bbox 1338 3757 1432 3809; x_wconf 61' lang='grc' dir='ltr'><strong>καὶ⁸</strong></span> <span class='ocrx_word' id='word_1_451' title='bbox 1466 3756 1851 3827; x_wconf 83' lang='grc' dir='ltr'>μελιτουργού-</span> 
     </span>
    </p>
   </div>
   <div class='ocr_carea' id='block_1_57' title="bbox 274 3846 1850 3917">
    <p class='ocr_par' dir='ltr' id='par_1_57' title="bbox 274 3846 1850 3917">
     <span class='ocr_line' id='line_1_57' title="bbox 274 3846 1850 3917; baseline 0.003 -21"><span class='ocrx_word' id='word_1_452' title='bbox 274 3860 394 3913; x_wconf 85' lang='grc' dir='ltr'>σας,</span> <span class='ocrx_word' id='word_1_453' title='bbox 431 3848 560 3911; x_wconf 76' lang='grc' dir='ltr'>τους</span> <span class='ocrx_word' id='word_1_454' title='bbox 597 3846 788 3915; x_wconf 77' lang='grc' dir='ltr'>ἱεροὺς</span> <span class='ocrx_word' id='word_1_455' title='bbox 819 3846 1106 3917; x_wconf 83' lang='grc' dir='ltr'>προφήτας</span> <span class='ocrx_word' id='word_1_456' title='bbox 1142 3848 1235 3899; x_wconf 79' lang='grc' dir='ltr'>καὶ</span> <span class='ocrx_word' id='word_1_457' title='bbox 1261 3847 1593 3910; x_wconf 84' lang='grc' dir='ltr'>ἀποστόλους</span> <span class='ocrx_word' id='word_1_458' title='bbox 1614 3865 1628 3879; x_wconf 89' lang='grc'><strong>·</strong></span> <span class='ocrx_word' id='word_1_459' title='bbox 1653 3850 1850 3902; x_wconf 78' lang='grc' dir='ltr'>ἐκεῖνοι</span> 
     </span>
    </p>
   </div>
   <div class='ocr_carea' id='block_1_58' title="bbox 271 3936 1851 4010">
    <p class='ocr_par' dir='ltr' id='par_1_58' title="bbox 271 3936 1851 4010">
     <span class='ocr_line' id='line_1_58' title="bbox 271 3936 1851 4010; baseline 0 -19"><span class='ocrx_word' id='word_1_460' title='bbox 271 3938 366 4009; x_wconf 76' lang='grc' dir='ltr'><strong>γὰρ</strong></span> <span class='ocrx_word' id='word_1_461' title='bbox 391 3940 514 4003; x_wconf 82' lang='grc' dir='ltr'>τοὺς</span> <span class='ocrx_word' id='word_1_462' title='bbox 532 3938 822 4009; x_wconf 81' lang='grc' dir='ltr'>λειμῶνας</span> <span class='ocrx_word' id='word_1_463' title='bbox 841 3936 937 3991; x_wconf 86' lang='grc' dir='ltr'>τοῦ</span> <span class='ocrx_word' id='word_1_464' title='bbox 960 3937 1219 4007; x_wconf 85' lang='grc' dir='ltr'>παναγίου</span> <span class='ocrx_word' id='word_1_465' title='bbox 1244 3938 1659 4010; x_wconf 86' lang='grc' dir='ltr'>περιιπτάμενοι</span> <span class='ocrx_word' id='word_1_466' title='bbox 1678 3938 1851 3993; x_wconf 86' lang='grc' dir='ltr'>Πνεύ-</span> 
     </span>
    </p>
   </div>
   <div class='ocr_carea' id='block_1_59' title="bbox 274 4022 1849 4099">
    <p class='ocr_par' dir='ltr' id='par_1_59' title="bbox 274 4022 1849 4099">
     <span class='ocr_line' id='line_1_59' title="bbox 274 4022 1849 4099; baseline -0.001 -16"><span class='ocrx_word' id='word_1_467' title='bbox 274 4042 451 4096; x_wconf 73' lang='grc' dir='ltr'>ματος,</span> <span class='ocrx_word' id='word_1_468' title='bbox 478 4029 552 4083; x_wconf 80' lang='grc' dir='ltr'>τὰ</span> <span class='ocrx_word' id='word_1_469' title='bbox 583 4028 764 4099; x_wconf 84' lang='grc' dir='ltr'>κηρία</span> <span class='ocrx_word' id='word_1_470' title='bbox 794 4024 905 4080; x_wconf 88' lang='grc' dir='ltr'><strong>τῶν</strong></span> <span class='ocrx_word' id='word_1_471' title='bbox 922 4026 1079 4080; x_wconf 87' lang='grc' dir='ltr'>θείων</span> <span class='ocrx_word' id='word_1_472' title='bbox 1107 4028 1241 4097; x_wconf 77' lang='grc' dir='ltr'>ἡμῖν</span> <span class='ocrx_word' id='word_1_473' title='bbox 1269 4027 1501 4097; x_wconf 78' lang='grc' dir='ltr'>Γραφῶν</span> <span class='ocrx_word' id='word_1_474' title='bbox 1537 4022 1648 4081; x_wconf 73' lang='grc' dir='ltr'>οἷον</span> <span class='ocrx_word' id='word_1_475' title='bbox 1674 4027 1849 4099; x_wconf 81' lang='grc' dir='ltr'>πηξά-</span> 
     </span>
    </p>
   </div>
   <div class='ocr_carea' id='block_1_60' title="bbox 274 4118 1845 4189">
    <p class='ocr_par' dir='ltr' id='par_1_60' title="bbox 274 4118 1845 4189">
     <span class='ocr_line' id='line_1_60' title="bbox 274 4118 1845 4189; baseline 0 -17"><span class='ocrx_word' id='word_1_476' title='bbox 274 4135 432 4188; x_wconf 83' lang='grc' dir='ltr'>μενοι,</span> <span class='ocrx_word' id='word_1_477' title='bbox 460 4121 561 4174; x_wconf 76' lang='grc' dir='ltr'>καὶ</span> <span class='ocrx_word' id='word_1_478' title='bbox 578 4118 688 4173; x_wconf 80' lang='grc' dir='ltr'>τοῦ</span> <span class='ocrx_word' id='word_1_479' title='bbox 707 4118 927 4189; x_wconf 85' lang='grc' dir='ltr'>μέλιτος</span> <span class='ocrx_word' id='word_1_480' title='bbox 949 4120 1047 4189; x_wconf 73' lang='grc' dir='ltr'>τῆς</span> <span class='ocrx_word' id='word_1_481' title='bbox 1075 4118 1421 4182; x_wconf 82' lang='grc' dir='ltr'>διδασκαλίας</span> <span class='ocrx_word' id='word_1_482' title='bbox 1450 4118 1845 4189; x_wconf 81' lang='grc' dir='ltr'>ἐμπλήσαντες,</span> 
     </span>
    </p>
   </div>
   <div class='ocr_carea' id='block_1_61' title="bbox 271 4207 1851 4281">
    <p class='ocr_par' dir='ltr' id='par_1_61' title="bbox 271 4207 1851 4281">
     <span class='ocr_line' id='line_1_61' title="bbox 271 4207 1851 4281; baseline 0.004 -23"><span class='ocrx_word' id='word_1_483' title='bbox 271 4209 339 4271; x_wconf 77' lang='grc' dir='ltr'><strong>εἰς</strong></span> <span class='ocrx_word' id='word_1_484' title='bbox 364 4210 511 4280; x_wconf 76' lang='grc' dir='ltr'>ημᾶς</span> <span class='ocrx_word' id='word_1_485' title='bbox 537 4208 650 4280; x_wconf 76' lang='grc' dir='ltr'>τὴν</span> <span class='ocrx_word' id='word_1_486' title='bbox 673 4207 944 4277; x_wconf 82' lang='grc' dir='ltr'>ὠφέλειαν</span> <span class='ocrx_word' id='word_1_487' title='bbox 968 4207 1354 4278; x_wconf 82' lang='grc' dir='ltr'>παρέπεμψαν.</span> <span class='ocrx_word' id='word_1_488' title='bbox 1379 4208 1491 4261; x_wconf 71' lang='grc' dir='ltr'><strong>Καὶ</strong></span> <span class='ocrx_word' id='word_1_489' title='bbox 1523 4209 1665 4261; x_wconf 75' lang='grc' dir='ltr'>ἔοικε</span> <span class='ocrx_word' id='word_1_490' title='bbox 1696 4209 1851 4281; x_wconf 87' lang='grc' dir='ltr'>κηρῷ</span> 
     </span>
    </p>
   </div>
   <div class='ocr_carea' id='block_1_62' title="bbox 274 4299 1852 4373">
    <p class='ocr_par' dir='ltr' id='par_1_62' title="bbox 274 4299 1852 4373">
     <span class='ocr_line' id='line_1_62' title="bbox 274 4299 1852 4373; baseline 0 -18"><span class='ocrx_word' id='word_1_491' title='bbox 274 4302 360 4368; x_wconf 70' lang='grc' dir='ltr'>μὲν</span> <span class='ocrx_word' id='word_1_492' title='bbox 399 4301 759 4373; x_wconf 76' lang='grc' dir='ltr'>τδγράμμα,</span> <span class='ocrx_word' id='word_1_493' title='bbox 814 4299 994 4370; x_wconf 85' lang='grc' dir='ltr'>μέλιτι</span> <span class='ocrx_word' id='word_1_494' title='bbox 1030 4301 1086 4354; x_wconf 87' lang='grc' dir='ltr'>δὲ</span> <span class='ocrx_word' id='word_1_495' title='bbox 1112 4301 1174 4353; x_wconf 81' lang='grc' dir='ltr'>τὸ</span> <span class='ocrx_word' id='word_1_496' title='bbox 1210 4303 1267 4354; x_wconf 80' lang='grc' dir='ltr'><strong>ἐν</strong></span> <span class='ocrx_word' id='word_1_497' title='bbox 1295 4299 1445 4371; x_wconf 87' lang='grc' dir='ltr'>αὐτῷ</span> <span class='ocrx_word' id='word_1_498' title='bbox 1477 4302 1852 4372; x_wconf 85' lang='grc' dir='ltr'>κρυπτόμενον</span> 
     </span>
    </p>
   </div>
   <div class='ocr_carea' id='block_1_63' title="bbox 1956 1834 3543 1908">
    <p class='ocr_par' dir='ltr' id='par_1_63' title="bbox 1956 1834 3543 1908">
     <span class='ocr_line' id='line_1_63' title="bbox 1956 1834 3543 1908; baseline 0.008 -24"><span class='ocrx_word' id='word_1_499' title='bbox 1956 1847 2055 1885; x_wconf 93' lang='lat' dir='ltr'><strong>nos</strong></span> <span class='ocrx_word' id='word_1_500' title='bbox 2099 1846 2293 1886; x_wconf 90' lang='lat' dir='ltr'><strong>omnes</strong></span> <span class='ocrx_word' id='word_1_501' title='bbox 2325 1834 2379 1887; x_wconf 90' lang='lat' dir='ltr'><strong>in</strong></span> <span class='ocrx_word' id='word_1_502' title='bbox 2416 1850 2589 1890; x_wconf 90' lang='lat' dir='ltr'><strong>unum</strong></span> <span class='ocrx_word' id='word_1_503' title='bbox 2620 1850 2825 1906; x_wconf 81' lang='lat' dir='ltr'><strong>corpus</strong></span> <span class='ocrx_word' id='word_1_504' title='bbox 2875 1837 3139 1908; x_wconf 84' lang='lat' dir='ltr'><strong>baptizati</strong></span> <span class='ocrx_word' id='word_1_505' title='bbox 3178 1855 3392 1907; x_wconf 87' lang='lat' dir='ltr'><strong>sumus,</strong></span> <span class='ocrx_word' id='word_1_506' title='bbox 3424 1842 3543 1898; x_wconf 82' lang='lat' dir='ltr'><strong>sive</strong></span> 
     </span>
    </p>
   </div>
   <div class='ocr_carea' id='block_1_64' title="bbox 1951 1919 3542 1995">
    <p class='ocr_par' dir='ltr' id='par_1_64' title="bbox 1951 1919 3542 1995">
     <span class='ocr_line' id='line_1_64' title="bbox 1951 1919 3542 1995; baseline 0.01 -21"><span class='ocrx_word' id='word_1_507' title='bbox 1951 1919 2145 1986; x_wconf 57' lang='lat' dir='ltr'><strong>Judaei,</strong></span> <span class='ocrx_word' id='word_1_508' title='bbox 2172 1924 2290 1979; x_wconf 77' lang='lat' dir='ltr'><strong>sive</strong></span> <span class='ocrx_word' id='word_1_509' title='bbox 2324 1924 2578 1994; x_wconf 73' lang='lat' dir='ltr'><strong>gentiles,</strong></span> <span class='ocrx_word' id='word_1_510' title='bbox 2610 1927 2727 1983; x_wconf 85' lang='lat' dir='ltr'><strong>sive</strong></span> <span class='ocrx_word' id='word_1_511' title='bbox 2757 1929 2925 1995; x_wconf 85' lang='lat' dir='ltr'><strong>servi,</strong></span> <span class='ocrx_word' id='word_1_512' title='bbox 2956 1930 3073 1986; x_wconf 86' lang='lat' dir='ltr'><strong>sive</strong></span> <span class='ocrx_word' id='word_1_513' title='bbox 3098 1931 3261 1988; x_wconf 86' lang='lat' dir='ltr'><strong>liberi</strong></span> <span class='ocrx_word' id='word_1_514' title='bbox 3298 1951 3312 1989; x_wconf 87' lang='lat'><strong>:</strong></span> <span class='ocrx_word' id='word_1_515' title='bbox 3340 1941 3396 1989; x_wconf 89' lang='lat' dir='ltr'><strong>et</strong></span> <span class='ocrx_word' id='word_1_516' title='bbox 3424 1947 3542 1989; x_wconf 85' lang='lat' dir='ltr'><strong>om-</strong></span> 
     </span>
    </p>
   </div>
   <div class='ocr_carea' id='block_1_65' title="bbox 1952 2016 3541 2096">
    <p class='ocr_par' dir='ltr' id='par_1_65' title="bbox 1952 2016 3541 2096">
     <span class='ocr_line' id='line_1_65' title="bbox 1952 2016 3541 2096; baseline 0.01 -27"><span class='ocrx_word' id='word_1_517' title='bbox 1952 2031 2051 2071; x_wconf 92' lang='lat' dir='ltr'><strong>nes</strong></span> <span class='ocrx_word' id='word_1_518' title='bbox 2080 2032 2191 2070; x_wconf 90' lang='lat' dir='ltr'><strong>uno</strong></span> <span class='ocrx_word' id='word_1_519' title='bbox 2233 2016 2448 2088; x_wconf 85' lang='lat' dir='ltr'><strong>Spiritu</strong></span> <span class='ocrx_word' id='word_1_520' title='bbox 2485 2021 2655 2090; x_wconf 86' lang='lat' dir='ltr'><strong>potati</strong></span> <span class='ocrx_word' id='word_1_521' title='bbox 2700 2037 2915 2079; x_wconf 91' lang='lat' dir='ltr'><strong>sumus.</strong></span> <span class='ocrx_word' id='word_1_522' title='bbox 2947 2023 3082 2079; x_wconf 78' lang='lat' dir='ltr'><strong>Nam</strong></span> <span class='ocrx_word' id='word_1_523' title='bbox 3108 2035 3161 2080; x_wconf 88' lang='lat' dir='ltr'><strong>et</strong></span> <span class='ocrx_word' id='word_1_524' title='bbox 3190 2041 3394 2096; x_wconf 88' lang='lat' dir='ltr'><strong>corpus</strong></span> <span class='ocrx_word' id='word_1_525' title='bbox 3427 2043 3541 2085; x_wconf 88' lang='lat' dir='ltr'><strong>non</strong></span> 
     </span>
    </p>
   </div>
   <div class='ocr_carea' id='block_1_66' title="bbox 1952 2111 3539 2188">
    <p class='ocr_par' dir='ltr' id='par_1_66' title="bbox 1952 2111 3539 2188">
     <span class='ocr_line' id='line_1_66' title="bbox 1952 2111 3539 2188; baseline 0.007 -25"><span class='ocrx_word' id='word_1_526' title='bbox 1952 2120 2037 2163; x_wconf 85' lang='lat' dir='ltr'><strong>est</strong></span> <span class='ocrx_word' id='word_1_527' title='bbox 2066 2125 2234 2164; x_wconf 90' lang='lat' dir='ltr'><strong>unum</strong></span> <span class='ocrx_word' id='word_1_528' title='bbox 2273 2111 2600 2177; x_wconf 82' lang='lat' dir='ltr'><strong>membrum,</strong></span> <span class='ocrx_word' id='word_1_529' title='bbox 2633 2114 2727 2167; x_wconf 87' lang='lat' dir='ltr'><strong>sed</strong></span> <span class='ocrx_word' id='word_1_530' title='bbox 2757 2114 2926 2168; x_wconf 87' lang='lat' dir='ltr'><strong>multa</strong></span> <span class='ocrx_word' id='word_1_531' title='bbox 2953 2125 2998 2167; x_wconf 78' lang='grc' dir='ltr'><strong>ι.</strong></span> <span class='ocrx_word' id='word_1_532' title='bbox 3038 2134 3058 2167; x_wconf 75' lang='grc' dir='ltr'><strong>ι</strong></span> <span class='ocrx_word' id='word_1_533' title='bbox 3090 2114 3155 2169; x_wconf 86' lang='grc' dir='ltr'>Ει</span> <span class='ocrx_word' id='word_1_534' title='bbox 3185 2116 3349 2186; x_wconf 82' lang='lat' dir='ltr'><strong>paulo</strong></span> <span class='ocrx_word' id='word_1_535' title='bbox 3377 2126 3496 2188; x_wconf 86' lang='lat' dir='ltr'><strong>post</strong></span> <span class='ocrx_word' id='word_1_536' title='bbox 3522 2135 3539 2174; x_wconf 73' lang='grc' dir='ltr'><strong>ι</strong></span> 
     </span>
    </p>
   </div>
   <div class='ocr_carea' id='block_1_67' title="bbox 1958 2196 3537 2274">
    <p class='ocr_par' dir='ltr' id='par_1_67' title="bbox 1958 2196 3537 2274">
     <span class='ocr_line' id='line_1_67' title="bbox 1958 2196 3537 2274; baseline 0.009 -27"><span class='ocrx_word' id='word_1_537' title='bbox 1958 2214 1977 2247; x_wconf 79' lang='grc' dir='ltr'><strong>ι</strong></span> <span class='ocrx_word' id='word_1_538' title='bbox 2015 2196 2171 2263; x_wconf 84' lang='lat' dir='ltr'><strong>Quod</strong></span> <span class='ocrx_word' id='word_1_539' title='bbox 2202 2199 2251 2255; x_wconf 92' lang='lat' dir='ltr'><strong>si</strong></span> <span class='ocrx_word' id='word_1_540' title='bbox 2289 2208 2496 2262; x_wconf 88' lang='lat' dir='ltr'><strong>essent,</strong></span> <span class='ocrx_word' id='word_1_541' title='bbox 2535 2201 2734 2271; x_wconf 85' lang='lat' dir='ltr'><strong>inquit,</strong></span> <span class='ocrx_word' id='word_1_542' title='bbox 2760 2204 2945 2258; x_wconf 90' lang='lat' dir='ltr'><strong>omnia</strong></span> <span class='ocrx_word' id='word_1_543' title='bbox 2978 2220 3151 2260; x_wconf 90' lang='lat' dir='ltr'><strong>unum</strong></span> <span class='ocrx_word' id='word_1_544' title='bbox 3198 2207 3537 2274; x_wconf 86' lang='lat' dir='ltr'><strong>membrum,</strong></span> 
     </span>
    </p>
   </div>
   <div class='ocr_carea' id='block_1_68' title="bbox 1954 2289 3540 2361">
    <p class='ocr_par' dir='ltr' id='par_1_68' title="bbox 1954 2289 3540 2361">
     <span class='ocr_line' id='line_1_68' title="bbox 1954 2289 3540 2361; baseline 0.007 -18"><span class='ocrx_word' id='word_1_545' title='bbox 1954 2289 2046 2344; x_wconf 91' lang='lat' dir='ltr'><strong>ubi</strong></span> <span class='ocrx_word' id='word_1_546' title='bbox 2083 2306 2286 2361; x_wconf 90' lang='lat' dir='ltr'><strong>corpus</strong></span> <span class='ocrx_word' id='word_1_547' title='bbox 2315 2289 2386 2346; x_wconf 70' lang='lat' dir='ltr'><strong>ll?</strong></span> <span class='ocrx_word' id='word_1_548' title='bbox 2420 2312 2439 2344; x_wconf 75' lang='grc' dir='ltr'><strong>ι</strong></span> <span class='ocrx_word' id='word_1_549' title='bbox 2485 2292 2547 2348; x_wconf 84' lang='grc' dir='ltr'>Ει</span> <span class='ocrx_word' id='word_1_550' title='bbox 2579 2310 2771 2351; x_wconf 87' lang='lat' dir='ltr'><strong>rursus</strong></span> <span class='ocrx_word' id='word_1_551' title='bbox 2799 2315 2813 2350; x_wconf 93' lang='lat'><strong>:</strong></span> <span class='ocrx_word' id='word_1_552' title='bbox 2846 2313 2865 2348; x_wconf 83' lang='grc' dir='ltr'><strong>ι</strong></span> <span class='ocrx_word' id='word_1_553' title='bbox 2901 2294 3012 2352; x_wconf 88' lang='lat' dir='ltr'><strong>Vos</strong></span> <span class='ocrx_word' id='word_1_554' title='bbox 3038 2306 3222 2354; x_wconf 86' lang='lat' dir='ltr'><strong>autem</strong></span> <span class='ocrx_word' id='word_1_555' title='bbox 3249 2299 3383 2357; x_wconf 86' lang='lat' dir='ltr'><strong>estis</strong></span> <span class='ocrx_word' id='word_1_556' title='bbox 3417 2315 3540 2355; x_wconf 88' lang='lat' dir='ltr'><strong>cor-</strong></span> 
     </span>
    </p>
   </div>
   <div class='ocr_carea' id='block_1_69' title="bbox 1952 2379 3539 2461">
    <p class='ocr_par' dir='ltr' id='par_1_69' title="bbox 1952 2379 3539 2461">
     <span class='ocr_line' id='line_1_69' title="bbox 1952 2379 3539 2461; baseline 0.009 -30"><span class='ocrx_word' id='word_1_557' title='bbox 1952 2393 2056 2447; x_wconf 85' lang='lat' dir='ltr'><strong>pus</strong></span> <span class='ocrx_word' id='word_1_558' title='bbox 2080 2379 2310 2444; x_wconf 83' lang='lat' dir='ltr'><strong>Christi,</strong></span> <span class='ocrx_word' id='word_1_559' title='bbox 2340 2388 2394 2435; x_wconf 86' lang='lat' dir='ltr'><strong>et</strong></span> <span class='ocrx_word' id='word_1_560' title='bbox 2416 2383 2659 2439; x_wconf 80' lang='lat' dir='ltr'><strong>membra</strong></span> <span class='ocrx_word' id='word_1_561' title='bbox 2690 2400 2757 2439; x_wconf 82' lang='lat' dir='ltr'><strong>ex</strong></span> <span class='ocrx_word' id='word_1_562' title='bbox 2792 2393 2947 2450; x_wconf 81' lang='lat' dir='ltr'><strong>parte</strong></span> <span class='ocrx_word' id='word_1_563' title='bbox 2970 2384 3013 2439; x_wconf 85' lang='grc' dir='ltr'>ι.</span> <span class='ocrx_word' id='word_1_564' title='bbox 3048 2404 3068 2439; x_wconf 77' lang='grc' dir='ltr'><strong>ι</strong></span> <span class='ocrx_word' id='word_1_565' title='bbox 3104 2387 3185 2443; x_wconf 76' lang='lat' dir='ltr'><strong>Ex</strong></span> <span class='ocrx_word' id='word_1_566' title='bbox 3217 2390 3405 2445; x_wconf 84' lang='lat' dir='ltr'><strong>multis</strong></span> <span class='ocrx_word' id='word_1_567' title='bbox 3434 2392 3539 2461; x_wconf 83' lang='lat' dir='ltr'><strong>igi-</strong></span> 
     </span>
    </p>
   </div>
   <div class='ocr_carea' id='block_1_70' title="bbox 1952 2471 3537 2549">
    <p class='ocr_par' dir='ltr' id='par_1_70' title="bbox 1952 2471 3537 2549">
     <span class='ocr_line' id='line_1_70' title="bbox 1952 2471 3537 2549; baseline 0.01 -27"><span class='ocrx_word' id='word_1_568' title='bbox 1952 2479 2041 2523; x_wconf 88' lang='lat' dir='ltr'><strong>tur</strong></span> <span class='ocrx_word' id='word_1_569' title='bbox 2074 2471 2334 2528; x_wconf 88' lang='lat' dir='ltr'><strong>membris</strong></span> <span class='ocrx_word' id='word_1_570' title='bbox 2365 2482 2627 2532; x_wconf 83' lang='lat' dir='ltr'><strong>constans</strong></span> <span class='ocrx_word' id='word_1_571' title='bbox 2674 2473 2921 2532; x_wconf 84' lang='lat' dir='ltr'><strong>Ecclesia</strong></span> <span class='ocrx_word' id='word_1_572' title='bbox 2966 2492 3170 2549; x_wconf 87' lang='lat' dir='ltr'><strong>corpus</strong></span> <span class='ocrx_word' id='word_1_573' title='bbox 3210 2496 3378 2536; x_wconf 91' lang='lat' dir='ltr'><strong>unum</strong></span> <span class='ocrx_word' id='word_1_574' title='bbox 3408 2498 3537 2537; x_wconf 61' lang='lat' dir='ltr'><strong>cono</strong></span> 
     </span>
    </p>
   </div>
   <div class='ocr_carea' id='block_1_71' title="bbox 1951 2562 3534 2640">
    <p class='ocr_par' dir='ltr' id='par_1_71' title="bbox 1951 2562 3534 2640">
     <span class='ocr_line' id='line_1_71' title="bbox 1951 2562 3534 2640; baseline 0.009 -24"><span class='ocrx_word' id='word_1_575' title='bbox 1951 2562 2152 2616; x_wconf 91' lang='lat' dir='ltr'><strong>stituit.</strong></span> <span class='ocrx_word' id='word_1_576' title='bbox 2184 2563 2506 2633; x_wconf 76' lang='lat' dir='ltr'><strong>Cogitemus</strong></span> <span class='ocrx_word' id='word_1_577' title='bbox 2542 2566 2730 2637; x_wconf 86' lang='lat' dir='ltr'><strong>itaque</strong></span> <span class='ocrx_word' id='word_1_578' title='bbox 2761 2568 2816 2622; x_wconf 92' lang='lat' dir='ltr'><strong>in</strong></span> <span class='ocrx_word' id='word_1_579' title='bbox 2846 2584 2910 2623; x_wconf 87' lang='lat' dir='ltr'><strong>ea</strong></span> <span class='ocrx_word' id='word_1_580' title='bbox 2934 2570 3205 2639; x_wconf 85' lang='lat' dir='ltr'><strong>quosdam</strong></span> <span class='ocrx_word' id='word_1_581' title='bbox 3226 2573 3534 2640; x_wconf 88' lang='lat' dir='ltr'><strong>oculorum,</strong></span> 
     </span>
    </p>
   </div>
   <div class='ocr_carea' id='block_1_72' title="bbox 1951 2652 3534 2724">
    <p class='ocr_par' dir='ltr' id='par_1_72' title="bbox 1951 2652 3534 2724">
     <span class='ocr_line' id='line_1_72' title="bbox 1951 2652 3534 2724; baseline 0.008 -18"><span class='ocrx_word' id='word_1_582' title='bbox 1951 2652 2216 2721; x_wconf 85' lang='lat' dir='ltr'><strong>quosdam</strong></span> <span class='ocrx_word' id='word_1_583' title='bbox 2237 2654 2474 2719; x_wconf 87' lang='lat' dir='ltr'><strong>aurium,</strong></span> <span class='ocrx_word' id='word_1_584' title='bbox 2491 2657 2756 2724; x_wconf 77' lang='lat' dir='ltr'><strong>quosdam</strong></span> <span class='ocrx_word' id='word_1_585' title='bbox 2777 2658 3045 2713; x_wconf 86' lang='lat' dir='ltr'><strong>labiorurn</strong></span> <span class='ocrx_word' id='word_1_586' title='bbox 3068 2661 3243 2717; x_wconf 91' lang='lat' dir='ltr'><strong>locum</strong></span> <span class='ocrx_word' id='word_1_587' title='bbox 3263 2663 3534 2721; x_wconf 84' lang='lat' dir='ltr'><strong>obtinere.</strong></span> 
     </span>
    </p>
   </div>
   <div class='ocr_carea' id='block_1_73' title="bbox 1952 2744 3539 2824">
    <p class='ocr_par' dir='ltr' id='par_1_73' title="bbox 1952 2744 3539 2824">
     <span class='ocr_line' id='line_1_73' title="bbox 1952 2744 3539 2824; baseline 0.008 -26"><span class='ocrx_word' id='word_1_588' title='bbox 1952 2744 2317 2810; x_wconf 87' lang='lat' dir='ltr'><strong>Quamobrem</strong></span> <span class='ocrx_word' id='word_1_589' title='bbox 2366 2762 2626 2816; x_wconf 87' lang='lat' dir='ltr'><strong>sponsus,</strong></span> <span class='ocrx_word' id='word_1_590' title='bbox 2674 2768 2693 2801; x_wconf 82' lang='grc' dir='ltr'><strong>ι</strong></span> <span class='ocrx_word' id='word_1_591' title='bbox 2741 2747 2974 2817; x_wconf 86' lang='lat' dir='ltr'><strong>Favum,</strong></span> <span class='ocrx_word' id='word_1_592' title='bbox 3011 2752 3216 2824; x_wconf 87' lang='lat' dir='ltr'><strong>inquit,</strong></span> <span class='ocrx_word' id='word_1_593' title='bbox 3260 2754 3539 2811; x_wconf 87' lang='lat' dir='ltr'><strong>distillant</strong></span> 
     </span>
    </p>
   </div>
   <div class='ocr_carea' id='block_1_74' title="bbox 1952 2835 3538 2913">
    <p class='ocr_par' dir='ltr' id='par_1_74' title="bbox 1952 2835 3538 2913">
     <span class='ocr_line' id='line_1_74' title="bbox 1952 2835 3538 2913; baseline 0.008 -25"><span class='ocrx_word' id='word_1_594' title='bbox 1952 2835 2093 2890; x_wconf 85' lang='lat' dir='ltr'><strong>labia</strong></span> <span class='ocrx_word' id='word_1_595' title='bbox 2119 2844 2232 2902; x_wconf 91' lang='lat' dir='ltr'><strong>tua,</strong></span> <span class='ocrx_word' id='word_1_596' title='bbox 2269 2850 2471 2905; x_wconf 86' lang='lat' dir='ltr'><strong>sponsa</strong></span> <span class='ocrx_word' id='word_1_597' title='bbox 2498 2856 2513 2893; x_wconf 90' lang='lat'><strong>:</strong></span> <span class='ocrx_word' id='word_1_598' title='bbox 2546 2838 2652 2893; x_wconf 80' lang='lat' dir='ltr'><strong>mel</strong></span> <span class='ocrx_word' id='word_1_599' title='bbox 2679 2848 2734 2895; x_wconf 91' lang='lat' dir='ltr'><strong>et</strong></span> <span class='ocrx_word' id='word_1_600' title='bbox 2760 2839 2846 2895; x_wconf 87' lang='lat' dir='ltr'><strong>lac</strong></span> <span class='ocrx_word' id='word_1_601' title='bbox 2877 2841 2982 2896; x_wconf 90' lang='lat' dir='ltr'><strong>sub</strong></span> <span class='ocrx_word' id='word_1_602' title='bbox 3004 2841 3190 2913; x_wconf 77' lang='lat' dir='ltr'><strong>lingua</strong></span> <span class='ocrx_word' id='word_1_603' title='bbox 3222 2852 3334 2900; x_wconf 87' lang='lat' dir='ltr'><strong>tua.</strong></span> <span class='ocrx_word' id='word_1_604' title='bbox 3381 2864 3404 2899; x_wconf 69' lang='grc' dir='ltr'><strong>ο</strong></span> <span class='ocrx_word' id='word_1_605' title='bbox 3435 2844 3538 2900; x_wconf 84' lang='lat' dir='ltr'><strong>Ec-</strong></span> 
     </span>
    </p>
   </div>
   <div class='ocr_carea' id='block_1_75' title="bbox 1952 2927 3536 3003">
    <p class='ocr_par' dir='ltr' id='par_1_75' title="bbox 1952 2927 3536 3003">
     <span class='ocr_line' id='line_1_75' title="bbox 1952 2927 3536 3003; baseline 0.007 -22"><span class='ocrx_word' id='word_1_606' title='bbox 1952 2927 2134 2982; x_wconf 67' lang='lat' dir='ltr'><strong>clesiae</strong></span> <span class='ocrx_word' id='word_1_607' title='bbox 2164 2928 2422 2985; x_wconf 84' lang='lat' dir='ltr'><strong>doctores</strong></span> <span class='ocrx_word' id='word_1_608' title='bbox 2449 2929 2539 2983; x_wconf 92' lang='lat' dir='ltr'><strong>hic</strong></span> <span class='ocrx_word' id='word_1_609' title='bbox 2556 2930 2851 3001; x_wconf 78' lang='lat' dir='ltr'><strong>signiﬁcat,</strong></span> <span class='ocrx_word' id='word_1_610' title='bbox 2881 2932 2974 3003; x_wconf 91' lang='lat' dir='ltr'><strong>qui</strong></span> <span class='ocrx_word' id='word_1_611' title='bbox 3006 2934 3151 3003; x_wconf 83' lang='lat' dir='ltr'><strong>piam</strong></span> <span class='ocrx_word' id='word_1_612' title='bbox 3178 2935 3406 2992; x_wconf 85' lang='lat' dir='ltr'><strong>tradunt</strong></span> <span class='ocrx_word' id='word_1_613' title='bbox 3430 2935 3536 2992; x_wconf 84' lang='lat' dir='ltr'><strong>dis-</strong></span> 
     </span>
    </p>
   </div>
   <div class='ocr_carea' id='block_1_76' title="bbox 1907 3021 3537 3110">
    <p class='ocr_par' dir='ltr' id='par_1_76' title="bbox 1907 3021 3537 3110">
     <span class='ocr_line' id='line_1_76' title="bbox 1907 3021 3537 3110; baseline 0.005 -35"><span class='ocrx_word' id='word_1_614' title='bbox 1907 3095 1918 3110; x_wconf 36' lang='lat'><em>.</em></span> <span class='ocrx_word' id='word_1_615' title='bbox 1951 3021 2236 3090; x_wconf 85' lang='lat' dir='ltr'><strong>ciplinam,</strong></span> <span class='ocrx_word' id='word_1_616' title='bbox 2269 3030 2322 3076; x_wconf 89' lang='lat' dir='ltr'><strong>et</strong></span> <span class='ocrx_word' id='word_1_617' title='bbox 2352 3024 2512 3093; x_wconf 89' lang='lat' dir='ltr'><strong>quasi</strong></span> <span class='ocrx_word' id='word_1_618' title='bbox 2539 3022 2693 3080; x_wconf 80' lang='lat' dir='ltr'><strong>favos</strong></span> <span class='ocrx_word' id='word_1_619' title='bbox 2737 3040 2902 3095; x_wconf 87' lang='lat' dir='ltr'><strong>apum</strong></span> <span class='ocrx_word' id='word_1_620' title='bbox 2934 3027 2989 3080; x_wconf 95' lang='lat' dir='ltr'><strong>in</strong></span> <span class='ocrx_word' id='word_1_621' title='bbox 3038 3026 3200 3083; x_wconf 85' lang='lat' dir='ltr'><strong>labiis</strong></span> <span class='ocrx_word' id='word_1_622' title='bbox 3227 3038 3444 3098; x_wconf 87' lang='lat' dir='ltr'><strong>gerunt,</strong></span> <span class='ocrx_word' id='word_1_623' title='bbox 3481 3040 3537 3085; x_wconf 93' lang='lat' dir='ltr'><strong>et</strong></span> 
     </span>
    </p>
   </div>
   <div class='ocr_carea' id='block_1_77' title="bbox 1955 3112 3534 3177">
    <p class='ocr_par' dir='ltr' id='par_1_77' title="bbox 1955 3112 3534 3177">
     <span class='ocr_line' id='line_1_77' title="bbox 1955 3112 3534 3177; baseline 0.007 -11"><span class='ocrx_word' id='word_1_624' title='bbox 1955 3113 2133 3167; x_wconf 89' lang='lat' dir='ltr'><strong>mellis</strong></span> <span class='ocrx_word' id='word_1_625' title='bbox 2160 3112 2420 3169; x_wconf 74' lang='lat' dir='ltr'><strong>difﬂuunt</strong></span> <span class='ocrx_word' id='word_1_626' title='bbox 2442 3115 2626 3170; x_wconf 88' lang='lat' dir='ltr'><strong>stillis.</strong></span> <span class='ocrx_word' id='word_1_627' title='bbox 2655 3115 2765 3171; x_wconf 81' lang='lat' dir='ltr'><strong>Nec</strong></span> <span class='ocrx_word' id='word_1_628' title='bbox 2795 3132 2926 3172; x_wconf 85' lang='lat' dir='ltr'><strong>vero</strong></span> <span class='ocrx_word' id='word_1_629' title='bbox 2951 3118 3055 3173; x_wconf 88' lang='lat' dir='ltr'><strong>mel</strong></span> <span class='ocrx_word' id='word_1_630' title='bbox 3079 3126 3291 3174; x_wconf 77' lang='lat' dir='ltr'><strong>tantum</strong></span> <span class='ocrx_word' id='word_1_631' title='bbox 3331 3120 3534 3177; x_wconf 84' lang='lat' dir='ltr'><strong>haben-</strong></span> 
     </span>
    </p>
   </div>
   <div class='ocr_carea' id='block_1_78' title="bbox 1956 3201 3535 3279">
    <p class='ocr_par' dir='ltr' id='par_1_78' title="bbox 1956 3201 3535 3279">
     <span class='ocr_line' id='line_1_78' title="bbox 1956 3201 3535 3279; baseline 0.008 -24"><span class='ocrx_word' id='word_1_632' title='bbox 1956 3208 2057 3267; x_wconf 89' lang='lat' dir='ltr'><strong>tes,</strong></span> <span class='ocrx_word' id='word_1_633' title='bbox 2099 3201 2254 3271; x_wconf 73' lang='lat'><strong>102</strong></span> <span class='ocrx_word' id='word_1_634' title='bbox 2306 3202 2401 3258; x_wconf 90' lang='lat' dir='ltr'><strong>sed</strong></span> <span class='ocrx_word' id='word_1_635' title='bbox 2434 3204 2599 3257; x_wconf 89' lang='lat' dir='ltr'><strong>etiam</strong></span> <span class='ocrx_word' id='word_1_636' title='bbox 2652 3203 2757 3265; x_wconf 90' lang='lat' dir='ltr'><strong>lac,</strong></span> <span class='ocrx_word' id='word_1_637' title='bbox 2797 3205 2997 3276; x_wconf 85' lang='lat' dir='ltr'><strong>cuique</strong></span> <span class='ocrx_word' id='word_1_638' title='bbox 3050 3207 3236 3263; x_wconf 87' lang='lat' dir='ltr'><strong>cibum</strong></span> <span class='ocrx_word' id='word_1_639' title='bbox 3280 3223 3535 3279; x_wconf 86' lang='lat' dir='ltr'><strong>promunt</strong></span> 
     </span>
    </p>
   </div>
   <div class='ocr_carea' id='block_1_79' title="bbox 1953 3295 3534 3370">
    <p class='ocr_par' dir='ltr' id='par_1_79' title="bbox 1953 3295 3534 3370">
     <span class='ocr_line' id='line_1_79' title="bbox 1953 3295 3534 3370; baseline 0.007 -22"><span class='ocrx_word' id='word_1_640' title='bbox 1953 3295 2395 3361; x_wconf 81' lang='lat' dir='ltr'><strong>convenientem,</strong></span> <span class='ocrx_word' id='word_1_641' title='bbox 2437 3302 2493 3349; x_wconf 87' lang='lat' dir='ltr'><strong>et</strong></span> <span class='ocrx_word' id='word_1_642' title='bbox 2523 3310 2649 3350; x_wconf 90' lang='lat' dir='ltr'><strong>cum</strong></span> <span class='ocrx_word' id='word_1_643' title='bbox 2680 3296 2982 3354; x_wconf 81' lang='lat' dir='ltr'><strong>infantibus</strong></span> <span class='ocrx_word' id='word_1_644' title='bbox 3011 3299 3385 3370; x_wconf 88' lang='lat' dir='ltr'><strong>commodum,</strong></span> <span class='ocrx_word' id='word_1_645' title='bbox 3418 3312 3534 3359; x_wconf 89' lang='lat' dir='ltr'><strong>tum</strong></span> 
     </span>
    </p>
   </div>
   <div class='ocr_carea' id='block_1_80' title="bbox 1953 3386 3531 3467">
    <p class='ocr_par' dir='ltr' id='par_1_80' title="bbox 1953 3386 3531 3467">
     <span class='ocr_line' id='line_1_80' title="bbox 1953 3386 3531 3467; baseline 0.007 -25"><span class='ocrx_word' id='word_1_646' title='bbox 1953 3386 2212 3457; x_wconf 82' lang='lat' dir='ltr'><strong>perfectis</strong></span> <span class='ocrx_word' id='word_1_647' title='bbox 2237 3387 2401 3442; x_wconf 87' lang='lat' dir='ltr'><strong>etiam</strong></span> <span class='ocrx_word' id='word_1_648' title='bbox 2436 3398 2858 3458; x_wconf 90' lang='lat' dir='ltr'><strong>congruentem.</strong></span> <span class='ocrx_word' id='word_1_649' title='bbox 2891 3389 3022 3447; x_wconf 79' lang='lat' dir='ltr'><strong>Jam</strong></span> <span class='ocrx_word' id='word_1_650' title='bbox 3064 3391 3172 3448; x_wconf 80' lang='lat' dir='ltr'><strong>fari</strong></span> <span class='ocrx_word' id='word_1_651' title='bbox 3203 3395 3402 3461; x_wconf 88' lang='lat' dir='ltr'><strong>mellis,</strong></span> <span class='ocrx_word' id='word_1_652' title='bbox 3435 3400 3531 3467; x_wconf 89' lang='lat' dir='ltr'><strong>qui</strong></span> 
     </span>
    </p>
   </div>
   <div class='ocr_carea' id='block_1_81' title="bbox 1952 3481 3531 3552">
    <p class='ocr_par' dir='ltr' id='par_1_81' title="bbox 1952 3481 3531 3552">
     <span class='ocr_line' id='line_1_81' title="bbox 1952 3481 3531 3552; baseline 0.007 -17"><span class='ocrx_word' id='word_1_653' title='bbox 1952 3481 2008 3536; x_wconf 91' lang='lat' dir='ltr'><strong>in</strong></span> <span class='ocrx_word' id='word_1_654' title='bbox 2045 3482 2338 3537; x_wconf 89' lang='lat' dir='ltr'><strong>doctorum</strong></span> <span class='ocrx_word' id='word_1_655' title='bbox 2391 3489 2679 3552; x_wconf 83' lang='lat' dir='ltr'><strong>gestantur</strong></span> <span class='ocrx_word' id='word_1_656' title='bbox 2717 3482 2915 3549; x_wconf 90' lang='lat' dir='ltr'><strong>labiis,</strong></span> <span class='ocrx_word' id='word_1_657' title='bbox 2956 3493 3089 3540; x_wconf 90' lang='lat' dir='ltr'><strong>sunt</strong></span> <span class='ocrx_word' id='word_1_658' title='bbox 3130 3485 3331 3543; x_wconf 69' lang='lat' dir='ltr'><strong>divinae</strong></span> <span class='ocrx_word' id='word_1_659' title='bbox 3379 3488 3531 3545; x_wconf 85' lang='lat' dir='ltr'><strong>Scri-</strong></span> 
     </span>
    </p>
   </div>
   <div class='ocr_carea' id='block_1_82' title="bbox 1952 3572 3532 3644">
    <p class='ocr_par' dir='ltr' id='par_1_82' title="bbox 1952 3572 3532 3644">
     <span class='ocr_line' id='line_1_82' title="bbox 1952 3572 3532 3644; baseline 0.006 -18"><span class='ocrx_word' id='word_1_660' title='bbox 1952 3582 2148 3642; x_wconf 69' lang='lat' dir='ltr'><strong>pturre,</strong></span> <span class='ocrx_word' id='word_1_661' title='bbox 2184 3587 2306 3644; x_wconf 72' lang='lat' dir='ltr'><strong>qua:</strong></span> <span class='ocrx_word' id='word_1_662' title='bbox 2335 3572 2619 3628; x_wconf 88' lang='lat' dir='ltr'><strong>continent</strong></span> <span class='ocrx_word' id='word_1_663' title='bbox 2654 3587 2784 3644; x_wconf 88' lang='lat' dir='ltr'><strong>apes</strong></span> <span class='ocrx_word' id='word_1_664' title='bbox 2832 3581 2950 3629; x_wconf 89' lang='lat' dir='ltr'><strong>tum</strong></span> <span class='ocrx_word' id='word_1_665' title='bbox 3001 3589 3165 3642; x_wconf 69' lang='lat' dir='ltr'><strong>certe,</strong></span> <span class='ocrx_word' id='word_1_666' title='bbox 3210 3584 3325 3632; x_wconf 88' lang='lat' dir='ltr'><strong>tum</strong></span> <span class='ocrx_word' id='word_1_667' title='bbox 3354 3580 3532 3636; x_wconf 88' lang='lat' dir='ltr'><strong>mellis</strong></span> 
     </span>
    </p>
   </div>
   <div class='ocr_carea' id='block_1_83' title="bbox 1952 3662 3532 3740">
    <p class='ocr_par' dir='ltr' id='par_1_83' title="bbox 1952 3662 3532 3740">
     <span class='ocr_line' id='line_1_83' title="bbox 1952 3662 3532 3740; baseline 0.006 -21"><span class='ocrx_word' id='word_1_668' title='bbox 1952 3662 2284 3728; x_wconf 79' lang='lat' dir='ltr'><strong>etl‘ectrices,</strong></span> <span class='ocrx_word' id='word_1_669' title='bbox 2316 3678 2510 3720; x_wconf 84' lang='lat' dir='ltr'><strong>sacros</strong></span> <span class='ocrx_word' id='word_1_670' title='bbox 2543 3663 2806 3720; x_wconf 87' lang='lat' dir='ltr'><strong>nimirum</strong></span> <span class='ocrx_word' id='word_1_671' title='bbox 2832 3665 3128 3737; x_wconf 84' lang='lat' dir='ltr'><strong>prophetas</strong></span> <span class='ocrx_word' id='word_1_672' title='bbox 3155 3676 3210 3725; x_wconf 91' lang='lat' dir='ltr'><strong>et</strong></span> <span class='ocrx_word' id='word_1_673' title='bbox 3230 3671 3532 3740; x_wconf 86' lang='lat' dir='ltr'><strong>apostolos,</strong></span> 
     </span>
    </p>
   </div>
   <div class='ocr_carea' id='block_1_84' title="bbox 1952 3751 3529 3825">
    <p class='ocr_par' dir='ltr' id='par_1_84' title="bbox 1952 3751 3529 3825">
     <span class='ocr_line' id='line_1_84' title="bbox 1952 3751 3529 3825; baseline 0.007 -18"><span class='ocrx_word' id='word_1_674' title='bbox 1952 3754 2044 3824; x_wconf 90' lang='lat' dir='ltr'><strong>qui</strong></span> <span class='ocrx_word' id='word_1_675' title='bbox 2076 3769 2173 3824; x_wconf 91' lang='lat' dir='ltr'><strong>per</strong></span> <span class='ocrx_word' id='word_1_676' title='bbox 2208 3751 2448 3823; x_wconf 89' lang='lat' dir='ltr'><strong>Spiritus</strong></span> <span class='ocrx_word' id='word_1_677' title='bbox 2480 3755 2658 3809; x_wconf 89' lang='lat' dir='ltr'><strong>sancti</strong></span> <span class='ocrx_word' id='word_1_678' title='bbox 2693 3762 2851 3825; x_wconf 86' lang='lat' dir='ltr'><strong>prata</strong></span> <span class='ocrx_word' id='word_1_679' title='bbox 2879 3757 3205 3824; x_wconf 82' lang='lat' dir='ltr'><strong>volitantes,</strong></span> <span class='ocrx_word' id='word_1_680' title='bbox 3237 3767 3292 3815; x_wconf 91' lang='lat' dir='ltr'><strong>et</strong></span> <span class='ocrx_word' id='word_1_681' title='bbox 3322 3759 3529 3817; x_wconf 87' lang='lat' dir='ltr'><strong>divina-</strong></span> 
     </span>
    </p>
   </div>
   <div class='ocr_carea' id='block_1_85' title="bbox 1950 3842 3530 3922">
    <p class='ocr_par' dir='ltr' id='par_1_85' title="bbox 1950 3842 3530 3922">
     <span class='ocr_line' id='line_1_85' title="bbox 1950 3842 3530 3922; baseline 0.008 -26"><span class='ocrx_word' id='word_1_682' title='bbox 1950 3857 2071 3896; x_wconf 90' lang='lat' dir='ltr'><strong>rum</strong></span> <span class='ocrx_word' id='word_1_683' title='bbox 2101 3842 2511 3912; x_wconf 88' lang='lat' dir='ltr'><strong>Scripturarum</strong></span> <span class='ocrx_word' id='word_1_684' title='bbox 2534 3842 2693 3912; x_wconf 88' lang='lat' dir='ltr'><strong>quasi</strong></span> <span class='ocrx_word' id='word_1_685' title='bbox 2714 3851 3101 3901; x_wconf 88' lang='lat' dir='ltr'><strong>construentes</strong></span> <span class='ocrx_word' id='word_1_686' title='bbox 3122 3847 3316 3913; x_wconf 86' lang='lat' dir='ltr'><strong>cellas,</strong></span> <span class='ocrx_word' id='word_1_687' title='bbox 3332 3864 3530 3922; x_wconf 84' lang='lat' dir='ltr'><strong>easque</strong></span> 
     </span>
    </p>
   </div>
   <div class='ocr_carea' id='block_1_86' title="bbox 1951 3933 3537 4001">
    <p class='ocr_par' dir='ltr' id='par_1_86' title="bbox 1951 3933 3537 4001">
     <span class='ocr_line' id='line_1_86' title="bbox 1951 3933 3537 4001; baseline 0.008 -14"><span class='ocrx_word' id='word_1_688' title='bbox 1951 3933 2216 3989; x_wconf 66' lang='lat' dir='ltr'><strong>doctrina:</strong></span> <span class='ocrx_word' id='word_1_689' title='bbox 2233 3934 2395 3990; x_wconf 88' lang='lat' dir='ltr'><strong>melle</strong></span> <span class='ocrx_word' id='word_1_690' title='bbox 2410 3933 2804 4001; x_wconf 87' lang='lat' dir='ltr'><strong>distendentes,</strong></span> <span class='ocrx_word' id='word_1_691' title='bbox 2824 3935 3111 3992; x_wconf 89' lang='lat' dir='ltr'><strong>utilitatem</strong></span> <span class='ocrx_word' id='word_1_692' title='bbox 3139 3938 3207 3994; x_wconf 87' lang='lat' dir='ltr'><strong>ad</strong></span> <span class='ocrx_word' id='word_1_693' title='bbox 3233 3954 3333 3996; x_wconf 90' lang='lat' dir='ltr'><strong>nos</strong></span> <span class='ocrx_word' id='word_1_694' title='bbox 3362 3948 3537 3999; x_wconf 72' lang='lat' dir='ltr'><strong>trans-</strong></span> 
     </span>
    </p>
   </div>
   <div class='ocr_carea' id='block_1_87' title="bbox 1951 4022 3529 4097">
    <p class='ocr_par' dir='ltr' id='par_1_87' title="bbox 1951 4022 3529 4097">
     <span class='ocr_line' id='line_1_87' title="bbox 1951 4022 3529 4097; baseline 0.004 -17"><span class='ocrx_word' id='word_1_695' title='bbox 1951 4025 2245 4081; x_wconf 89' lang='lat' dir='ltr'><strong>miserunt.</strong></span> <span class='ocrx_word' id='word_1_696' title='bbox 2303 4023 2382 4078; x_wconf 80' lang='lat' dir='ltr'><strong>Ae</strong></span> <span class='ocrx_word' id='word_1_697' title='bbox 2412 4038 2554 4079; x_wconf 84' lang='lat' dir='ltr'><strong>cerae</strong></span> <span class='ocrx_word' id='word_1_698' title='bbox 2586 4024 2806 4094; x_wconf 87' lang='lat' dir='ltr'><strong>quidem</strong></span> <span class='ocrx_word' id='word_1_699' title='bbox 2844 4022 3027 4081; x_wconf 87' lang='lat' dir='ltr'><strong>littera</strong></span> <span class='ocrx_word' id='word_1_700' title='bbox 3062 4027 3281 4084; x_wconf 89' lang='lat' dir='ltr'><strong>videtur</strong></span> <span class='ocrx_word' id='word_1_701' title='bbox 3309 4029 3529 4097; x_wconf 89' lang='lat' dir='ltr'><strong>similis,</strong></span> 
     </span>
    </p>
   </div>
   <div class='ocr_carea' id='block_1_88' title="bbox 1950 4115 3530 4193">
    <p class='ocr_par' dir='ltr' id='par_1_88' title="bbox 1950 4115 3530 4193">
     <span class='ocr_line' id='line_1_88' title="bbox 1950 4115 3530 4193; baseline 0.006 -23"><span class='ocrx_word' id='word_1_702' title='bbox 1950 4116 2096 4171; x_wconf 89' lang='lat' dir='ltr'><strong>melli</strong></span> <span class='ocrx_word' id='word_1_703' title='bbox 2125 4130 2255 4170; x_wconf 84' lang='lat' dir='ltr'><strong>vero</strong></span> <span class='ocrx_word' id='word_1_704' title='bbox 2295 4130 2520 4181; x_wconf 89' lang='lat' dir='ltr'><strong>sensus,</strong></span> <span class='ocrx_word' id='word_1_705' title='bbox 2551 4116 2645 4185; x_wconf 87' lang='lat' dir='ltr'><strong>qui</strong></span> <span class='ocrx_word' id='word_1_706' title='bbox 2677 4115 2733 4170; x_wconf 90' lang='lat' dir='ltr'><strong>in</strong></span> <span class='ocrx_word' id='word_1_707' title='bbox 2760 4130 2827 4171; x_wconf 88' lang='lat' dir='ltr'><strong>eo</strong></span> <span class='ocrx_word' id='word_1_708' title='bbox 2864 4117 3180 4175; x_wconf 89' lang='lat' dir='ltr'><strong>reconditus</strong></span> <span class='ocrx_word' id='word_1_709' title='bbox 3218 4129 3321 4177; x_wconf 87' lang='lat' dir='ltr'><strong>est.</strong></span> <span class='ocrx_word' id='word_1_710' title='bbox 3353 4120 3530 4193; x_wconf 82' lang='lat' dir='ltr'><strong>Hujus</strong></span> 
     </span>
    </p>
   </div>
   <div class='ocr_carea' id='block_1_89' title="bbox 1950 4206 3537 4277">
    <p class='ocr_par' dir='ltr' id='par_1_89' title="bbox 1950 4206 3537 4277">
     <span class='ocr_line' id='line_1_89' title="bbox 1950 4206 3537 4277; baseline 0.005 -15"><span class='ocrx_word' id='word_1_711' title='bbox 1950 4209 2130 4264; x_wconf 89' lang='lat' dir='ltr'><strong>mellis</strong></span> <span class='ocrx_word' id='word_1_712' title='bbox 2181 4208 2342 4262; x_wconf 66' lang='lat' dir='ltr'><strong>stillae</strong></span> <span class='ocrx_word' id='word_1_713' title='bbox 2372 4208 2589 4277; x_wconf 89' lang='lat' dir='ltr'><strong>piorum</strong></span> <span class='ocrx_word' id='word_1_714' title='bbox 2640 4206 2932 4264; x_wconf 87' lang='lat' dir='ltr'><strong>doctorum</strong></span> <span class='ocrx_word' id='word_1_715' title='bbox 2976 4225 3009 4266; x_wconf 92' lang='lat' dir='ltr'><strong>e</strong></span> <span class='ocrx_word' id='word_1_716' title='bbox 3041 4211 3203 4268; x_wconf 90' lang='lat' dir='ltr'><strong>labiis</strong></span> <span class='ocrx_word' id='word_1_717' title='bbox 3255 4224 3481 4270; x_wconf 86' lang='lat' dir='ltr'><strong>manant</strong></span> <span class='ocrx_word' id='word_1_718' title='bbox 3521 4234 3537 4270; x_wconf 88' lang='lat'><strong>:</strong></span> 
     </span>
    </p>
   </div>
   <div class='ocr_carea' id='block_1_90' title="bbox 1949 4301 3528 4373">
    <p class='ocr_par' dir='ltr' id='par_1_90' title="bbox 1949 4301 3528 4373">
     <span class='ocr_line' id='line_1_90' title="bbox 1949 4301 3528 4373; baseline 0.003 -15"><span class='ocrx_word' id='word_1_719' title='bbox 1949 4316 2141 4358; x_wconf 90' lang='lat' dir='ltr'><strong>eorum</strong></span> <span class='ocrx_word' id='word_1_720' title='bbox 2194 4301 2323 4356; x_wconf 89' lang='lat' dir='ltr'><strong>item</strong></span> <span class='ocrx_word' id='word_1_721' title='bbox 2357 4316 2388 4356; x_wconf 89' lang='lat' dir='ltr'><strong>e</strong></span> <span class='ocrx_word' id='word_1_722' title='bbox 2432 4301 2619 4371; x_wconf 83' lang='lat' dir='ltr'><strong>lingua</strong></span> <span class='ocrx_word' id='word_1_723' title='bbox 2662 4301 2746 4356; x_wconf 86' lang='lat' dir='ltr'><strong>lac</strong></span> <span class='ocrx_word' id='word_1_724' title='bbox 2783 4301 2903 4357; x_wconf 82' lang='lat' dir='ltr'><strong>ﬂuit</strong></span> <span class='ocrx_word' id='word_1_725' title='bbox 2952 4303 3325 4373; x_wconf 88' lang='lat' dir='ltr'><strong>indigentibus</strong></span> <span class='ocrx_word' id='word_1_726' title='bbox 3367 4306 3528 4363; x_wconf 85' lang='lat' dir='ltr'><strong>lacte.</strong></span> 
     </span>
    </p>
   </div>
   <div class='ocr_carea' id='block_1_91' title="bbox 270 4390 1854 4491">
    <p class='ocr_par' dir='ltr' id='par_1_91' title="bbox 270 4390 1849 4464">
     <span class='ocr_line' id='line_1_91' title="bbox 270 4390 1849 4464; baseline 0.001 -19"><span class='ocrx_word' id='word_1_727' title='bbox 270 4390 466 4462; x_wconf 79' lang='grc' dir='ltr'>νόημα’</span> <span class='ocrx_word' id='word_1_728' title='bbox 494 4393 703 4447; x_wconf 83' lang='grc' dir='ltr'>τούτου</span> <span class='ocrx_word' id='word_1_729' title='bbox 723 4391 818 4446; x_wconf 81' lang='grc' dir='ltr'><strong>τοῦ</strong></span> <span class='ocrx_word' id='word_1_730' title='bbox 849 4390 1064 4462; x_wconf 80' lang='grc' dir='ltr'>μέλιτος</span> <span class='ocrx_word' id='word_1_731' title='bbox 1094 4393 1194 4457; x_wconf 84' lang='grc' dir='ltr'>τὰς</span> <span class='ocrx_word' id='word_1_732' title='bbox 1228 4393 1490 4461; x_wconf 82' lang='grc' dir='ltr'>σταγόνας</span> <span class='ocrx_word' id='word_1_733' title='bbox 1520 4394 1713 4464; x_wconf 86' lang='grc' dir='ltr'>ἀφίησι</span> <span class='ocrx_word' id='word_1_734' title='bbox 1740 4394 1849 4447; x_wconf 87' lang='grc' dir='ltr'><strong>τῶν</strong></span> 
     </span>
    </p>
   </div>
   <div class='ocr_carea' id='block_1_92' title="bbox 1956 4390 3528 4491">
    <p class='ocr_par' dir='ltr' id='par_1_92' title="bbox 1956 4393 3528 4468">
     <span class='ocr_line' id='line_1_92' title="bbox 1956 4393 3528 4468; baseline 0.003 -19"><span class='ocrx_word' id='word_1_735' title='bbox 1956 4394 2063 4450; x_wconf 89' lang='lat' dir='ltr'><strong>Sed</strong></span> <span class='ocrx_word' id='word_1_736' title='bbox 2094 4410 2293 4451; x_wconf 85' lang='lat' dir='ltr'><strong>rursus</strong></span> <span class='ocrx_word' id='word_1_737' title='bbox 2329 4394 2386 4448; x_wconf 91' lang='lat' dir='ltr'><strong>in</strong></span> <span class='ocrx_word' id='word_1_738' title='bbox 2424 4393 2792 4450; x_wconf 78' lang='lat' dir='ltr'><strong>admiratione</strong></span> <span class='ocrx_word' id='word_1_739' title='bbox 2812 4396 3269 4451; x_wconf 78' lang='lat' dir='ltr'><strong>vestimentorum</strong></span> <span class='ocrx_word' id='word_1_740' title='bbox 3314 4414 3528 4468; x_wconf 72' lang='lat' dir='ltr'><strong>sponsa:</strong></span> 
     </span>
    </p>
   </div>
   <div class='ocr_carea' id='block_1_93' title="bbox 271 4482 1854 4555">
    <p class='ocr_par' dir='ltr' id='par_1_93' title="bbox 271 4483 1849 4555">
     <span class='ocr_line' id='line_1_93' title="bbox 271 4483 1849 4555; baseline 0.004 -21"><span class='ocrx_word' id='word_1_741' title='bbox 271 4483 496 4539; x_wconf 76' lang='grc' dir='ltr'>εὐσεϐῶν</span> <span class='ocrx_word' id='word_1_742' title='bbox 521 4484 874 4540; x_wconf 74' lang='grc' dir='ltr'>διδασκάλων</span> <span class='ocrx_word' id='word_1_743' title='bbox 899 4483 968 4537; x_wconf 82' lang='grc' dir='ltr'><strong>τὰ</strong></span> <span class='ocrx_word' id='word_1_744' title='bbox 1014 4483 1190 4555; x_wconf 83' lang='grc' dir='ltr'>χείλη.</span> <span class='ocrx_word' id='word_1_745' title='bbox 1235 4485 1445 4555; x_wconf 84' lang='grc' dir='ltr'>Ὀρέγει</span> <span class='ocrx_word' id='word_1_746' title='bbox 1476 4484 1532 4537; x_wconf 80' lang='grc' dir='ltr'>δὲ</span> <span class='ocrx_word' id='word_1_747' title='bbox 1577 4488 1671 4539; x_wconf 78' lang='grc' dir='ltr'>καὶ</span> <span class='ocrx_word' id='word_1_748' title='bbox 1708 4486 1849 4555; x_wconf 87' lang='grc' dir='ltr'>γάλα</span> 
     </span>
    </p>
   </div>
   <div class='ocr_carea' id='block_1_94' title="bbox 1956 4482 3527 4555">
    <p class='ocr_par' dir='ltr' id='par_1_94' title="bbox 1956 4482 3527 4550">
     <span class='ocr_line' id='line_1_94' title="bbox 1956 4482 3527 4550; baseline 0 -10"><span class='ocrx_word' id='word_1_749' title='bbox 1956 4493 2349 4550; x_wconf 85' lang='lat' dir='ltr'><strong>commoratur,</strong></span> <span class='ocrx_word' id='word_1_750' title='bbox 2376 4494 2433 4539; x_wconf 89' lang='lat' dir='ltr'><strong>et</strong></span> <span class='ocrx_word' id='word_1_751' title='bbox 2461 4485 2574 4537; x_wconf 86' lang='lat' dir='ltr'><strong>ait:</strong></span> <span class='ocrx_word' id='word_1_752' title='bbox 2610 4502 2627 4534; x_wconf 87' lang='grc' dir='ltr'><strong>ι</strong></span> <span class='ocrx_word' id='word_1_753' title='bbox 2668 4482 2734 4536; x_wconf 89' lang='lat' dir='ltr'><strong>Et</strong></span> <span class='ocrx_word' id='word_1_754' title='bbox 2764 4484 3375 4541; x_wconf 78' lang='lat' dir='ltr'><strong>odor&#39;vestimeutorum</strong></span> <span class='ocrx_word' id='word_1_755' title='bbox 3408 4495 3527 4540; x_wconf 89' lang='lat' dir='ltr'><strong>tuo-</strong></span> 
     </span>
    </p>
   </div>
   <div class='ocr_carea' id='block_1_95' title="bbox 273 4572 1854 4647">
    <p class='ocr_par' dir='ltr' id='par_1_95' title="bbox 273 4572 1847 4646">
     <span class='ocr_line' id='line_1_95' title="bbox 273 4572 1847 4646; baseline 0.004 -23"><span class='ocrx_word' id='word_1_756' title='bbox 273 4572 367 4625; x_wconf 72' lang='grc' dir='ltr'><strong>ἀπὸ</strong></span> <span class='ocrx_word' id='word_1_757' title='bbox 386 4575 432 4605; x_wconf 82' lang='grc'><strong>⁸³</strong></span> <span class='ocrx_word' id='word_1_758' title='bbox 458 4577 562 4646; x_wconf 79' lang='grc' dir='ltr'>τῆς</span> <span class='ocrx_word' id='word_1_759' title='bbox 637 4574 892 4644; x_wconf 83' lang='grc' dir='ltr'>γλώττης</span> <span class='ocrx_word' id='word_1_760' title='bbox 939 4572 1117 4627; x_wconf 86' lang='grc' dir='ltr'>αὐτῶν</span> <span class='ocrx_word' id='word_1_761' title='bbox 1165 4574 1464 4644; x_wconf 85' lang='grc' dir='ltr'>φερόμενον</span> <span class='ocrx_word' id='word_1_762' title='bbox 1494 4578 1606 4638; x_wconf 85' lang='grc' dir='ltr'>τοῖς</span> <span class='ocrx_word' id='word_1_763' title='bbox 1633 4575 1726 4628; x_wconf 80' lang='grc' dir='ltr'>τοῦ</span> <span class='ocrx_word' id='word_1_764' title='bbox 1749 4578 1847 4644; x_wconf 87' lang='grc' dir='ltr'>γά-</span> 
     </span>
    </p>
   </div>
   <div class='ocr_carea' id='block_1_96' title="bbox 1956 4572 3526 4647">
    <p class='ocr_par' dir='ltr' id='par_1_96' title="bbox 1956 4573 3526 4647">
     <span class='ocr_line' id='line_1_96' title="bbox 1956 4573 3526 4647; baseline 0.001 -16"><span class='ocrx_word' id='word_1_765' title='bbox 1956 4592 2095 4642; x_wconf 90' lang='lat' dir='ltr'><strong>rum,</strong></span> <span class='ocrx_word' id='word_1_766' title='bbox 2130 4575 2275 4631; x_wconf 91' lang='lat' dir='ltr'><strong>sicut</strong></span> <span class='ocrx_word' id='word_1_767' title='bbox 2323 4576 2459 4630; x_wconf 94' lang='lat' dir='ltr'><strong>odor</strong></span> <span class='ocrx_word' id='word_1_768' title='bbox 2492 4574 2694 4629; x_wconf 88' lang='lat' dir='ltr'><strong>thuris.</strong></span> <span class='ocrx_word' id='word_1_769' title='bbox 2728 4593 2747 4626; x_wconf 81' lang='grc' dir='ltr'><strong>ι</strong></span> <span class='ocrx_word' id='word_1_770' title='bbox 2789 4573 3060 4645; x_wconf 88' lang='lat' dir='ltr'><strong>Sponsum</strong></span> <span class='ocrx_word' id='word_1_771' title='bbox 3094 4574 3271 4645; x_wconf 89' lang='lat' dir='ltr'><strong>ipsum</strong></span> <span class='ocrx_word' id='word_1_772' title='bbox 3314 4593 3526 4647; x_wconf 77' lang='lat' dir='ltr'><strong>sponsa:</strong></span> 
     </span>
    </p>
   </div>
   <div class='ocr_carea' id='block_1_97' title="bbox 271 4664 1854 4740">
    <p class='ocr_par' dir='ltr' id='par_1_97' title="bbox 271 4664 1850 4740">
     <span class='ocr_line' id='line_1_97' title="bbox 271 4664 1850 4740; baseline 0 -20"><span class='ocrx_word' id='word_1_773' title='bbox 271 4664 452 4733; x_wconf 78' lang='grc' dir='ltr'>λακτος</span> <span class='ocrx_word' id='word_1_774' title='bbox 475 4668 772 4740; x_wconf 80' lang='grc' dir='ltr'>δεομένοις</span> <span class='ocrx_word' id='word_1_775' title='bbox 799 4682 813 4696; x_wconf 84' lang='grc'><strong><em>⁸</em></strong></span> <span class='ocrx_word' id='word_1_776' title='bbox 838 4666 1094 4737; x_wconf 74' lang='grc' dir='ltr'>ἐπιμένει</span> <span class='ocrx_word' id='word_1_777' title='bbox 1126 4665 1183 4719; x_wconf 87' lang='grc' dir='ltr'>δὲ</span> <span class='ocrx_word' id='word_1_778' title='bbox 1230 4666 1391 4720; x_wconf 87' lang='grc' dir='ltr'>πάλιν</span> <span class='ocrx_word' id='word_1_779' title='bbox 1426 4666 1718 4737; x_wconf 77' lang='grc' dir='ltr'>θαυμάζων</span> <span class='ocrx_word' id='word_1_780' title='bbox 1749 4667 1850 4737; x_wconf 83' lang='grc' dir='ltr'>τῆς</span> 
     </span>
    </p>
   </div>
   <div class='ocr_carea' id='block_1_98' title="bbox 1956 4664 3525 4740">
    <p class='ocr_par' dir='ltr' id='par_1_98' title="bbox 1956 4666 3525 4735">
     <span class='ocr_line' id='line_1_98' title="bbox 1956 4666 3525 4735; baseline 0 -13"><span class='ocrx_word' id='word_1_781' title='bbox 1956 4668 2158 4723; x_wconf 82' lang='lat' dir='ltr'><strong>factum</strong></span> <span class='ocrx_word' id='word_1_782' title='bbox 2199 4682 2323 4723; x_wconf 90' lang='lat' dir='ltr'><strong>esse</strong></span> <span class='ocrx_word' id='word_1_783' title='bbox 2361 4666 2741 4720; x_wconf 90' lang='lat' dir='ltr'><strong>indumentum</strong></span> <span class='ocrx_word' id='word_1_784' title='bbox 2788 4666 2901 4735; x_wconf 85' lang='lat' dir='ltr'><strong>jam</strong></span> <span class='ocrx_word' id='word_1_785' title='bbox 2933 4666 3196 4723; x_wconf 79' lang='lat' dir='ltr'><strong>diximus.</strong></span> <span class='ocrx_word' id='word_1_786' title='bbox 3233 4667 3412 4724; x_wconf 85' lang='lat' dir='ltr'><strong>Testis</strong></span> <span class='ocrx_word' id='word_1_787' title='bbox 3442 4680 3525 4724; x_wconf 87' lang='lat' dir='ltr'><strong>est</strong></span> 
     </span>
    </p>
   </div>
   <div class='ocr_carea' id='block_1_99' title="bbox 273 4757 1854 4833">
    <p class='ocr_par' dir='ltr' id='par_1_99' title="bbox 273 4758 1849 4833">
     <span class='ocr_line' id='line_1_99' title="bbox 273 4758 1849 4833; baseline 0.001 -22"><span class='ocrx_word' id='word_1_788' title='bbox 273 4758 474 4833; x_wconf 78' lang='grc' dir='ltr'>νύμφης</span> <span class='ocrx_word' id='word_1_789' title='bbox 492 4763 566 4816; x_wconf 83' lang='grc' dir='ltr'>τὰ</span> <span class='ocrx_word' id='word_1_790' title='bbox 626 4761 847 4832; x_wconf 82' lang='grc' dir='ltr'>ἱμάτια,</span> <span class='ocrx_word' id='word_1_791' title='bbox 888 4759 982 4813; x_wconf 86' lang='grc' dir='ltr'><strong>καί</strong></span> <span class='ocrx_word' id='word_1_792' title='bbox 1021 4775 1185 4830; x_wconf 84' lang='grc' dir='ltr'>φησι·</span> <span class='ocrx_word' id='word_1_793' title='bbox 1221 4776 1240 4809; x_wconf 81' lang='grc' dir='ltr'><strong>ι</strong></span> <span class='ocrx_word' id='word_1_794' title='bbox 1274 4759 1383 4812; x_wconf 73' lang='grc' dir='ltr'><strong>Καὶ</strong></span> <span class='ocrx_word' id='word_1_795' title='bbox 1424 4759 1568 4829; x_wconf 79' lang='grc' dir='ltr'>ὀσμὴ</span> <span class='ocrx_word' id='word_1_796' title='bbox 1620 4761 1849 4829; x_wconf 80' lang='grc' dir='ltr'>ἱματίων</span> 
     </span>
    </p>
   </div>
   <div class='ocr_carea' id='block_1_100' title="bbox 1956 4757 3523 4833">
    <p class='ocr_par' dir='ltr' id='par_1_100' title="bbox 1956 4757 3523 4830">
     <span class='ocr_line' id='line_1_100' title="bbox 1956 4757 3523 4830; baseline 0 -15"><span class='ocrx_word' id='word_1_797' title='bbox 1956 4762 2148 4815; x_wconf 79' lang='lat' dir='ltr'><strong>beatus</strong></span> <span class='ocrx_word' id='word_1_798' title='bbox 2192 4759 2418 4822; x_wconf 86' lang='lat' dir='ltr'><strong>Paulus,</strong></span> <span class='ocrx_word' id='word_1_799' title='bbox 2454 4757 2644 4813; x_wconf 87' lang='lat' dir='ltr'><strong>dicens</strong></span> <span class='ocrx_word' id='word_1_800' title='bbox 2684 4776 2696 4811; x_wconf 94' lang='lat'><strong>:</strong></span> <span class='ocrx_word' id='word_1_801' title='bbox 2740 4776 2759 4811; x_wconf 82' lang='grc' dir='ltr'><strong>ι</strong></span> <span class='ocrx_word' id='word_1_802' title='bbox 2795 4758 3123 4830; x_wconf 84' lang='lat' dir='ltr'><strong>Quicunque</strong></span> <span class='ocrx_word' id='word_1_803' title='bbox 3170 4760 3224 4814; x_wconf 91' lang='lat' dir='ltr'><strong>in</strong></span> <span class='ocrx_word' id='word_1_804' title='bbox 3248 4759 3523 4816; x_wconf 82' lang='lat' dir='ltr'><strong>Christum</strong></span> 
     </span>
    </p>
   </div>
   <div class='ocr_carea' id='block_1_101' title="bbox 274 4846 1854 4951">
    <p class='ocr_par' dir='ltr' id='par_1_101' title="bbox 274 4849 1848 4925">
     <span class='ocr_line' id='line_1_101' title="bbox 274 4849 1848 4925; baseline -0.001 -22"><span class='ocrx_word' id='word_1_805' title='bbox 274 4866 378 4918; x_wconf 80' lang='grc' dir='ltr'>σου,</span> <span class='ocrx_word' id='word_1_806' title='bbox 401 4854 477 4916; x_wconf 82' lang='grc' dir='ltr'>ὡς</span> <span class='ocrx_word' id='word_1_807' title='bbox 505 4855 661 4925; x_wconf 81' lang='grc' dir='ltr'>ὀσμὴ</span> <span class='ocrx_word' id='word_1_808' title='bbox 681 4851 779 4907; x_wconf 82' lang='grc' dir='ltr'>τοῦ</span> <span class='ocrx_word' id='word_1_809' title='bbox 806 4849 1049 4906; x_wconf 78' lang='grc' dir='ltr'>λιϐάνου.</span> <span class='ocrx_word' id='word_1_810' title='bbox 1086 4868 1105 4902; x_wconf 79' lang='grc' dir='ltr'><strong>ι</strong></span> <span class='ocrx_word' id='word_1_811' title='bbox 1139 4851 1564 4921; x_wconf 82' lang='grc' dir='ltr'>Προειρήκαμεν</span> <span class='ocrx_word' id='word_1_812' title='bbox 1591 4850 1664 4913; x_wconf 83' lang='grc' dir='ltr'>ὡς</span> <span class='ocrx_word' id='word_1_813' title='bbox 1688 4850 1848 4913; x_wconf 76' lang='grc' dir='ltr'>αὐτὸς</span> 
     </span>
    </p>
   </div>
   <div class='ocr_carea' id='block_1_102' title="bbox 1956 4846 3525 4951">
    <p class='ocr_par' dir='ltr' id='par_1_102' title="bbox 1958 4846 3525 4922">
     <span class='ocr_line' id='line_1_102' title="bbox 1958 4846 3525 4922; baseline 0.001 -17"><span class='ocrx_word' id='word_1_814' title='bbox 1958 4851 2215 4922; x_wconf 83' lang='lat' dir='ltr'><strong>baptizati</strong></span> <span class='ocrx_word' id='word_1_815' title='bbox 2261 4849 2419 4912; x_wconf 89' lang='lat' dir='ltr'><strong>estis,</strong></span> <span class='ocrx_word' id='word_1_816' title='bbox 2474 4846 2756 4903; x_wconf 89' lang='lat' dir='ltr'><strong>Christum</strong></span> <span class='ocrx_word' id='word_1_817' title='bbox 2809 4849 3149 4906; x_wconf 86' lang='lat' dir='ltr'><strong>induistis&#39;.</strong></span> <span class='ocrx_word' id='word_1_818' title='bbox 3205 4870 3223 4904; x_wconf 71' lang='grc' dir='ltr'><strong>ι</strong></span> <span class='ocrx_word' id='word_1_819' title='bbox 3277 4850 3525 4922; x_wconf 89' lang='lat' dir='ltr'><strong>Sponsus</strong></span> 
     </span>
    </p>
   </div>
   <div class='ocr_carea' id='block_1_103' title="bbox 275 4938 1854 5016">
    <p class='ocr_par' dir='ltr' id='par_1_103' title="bbox 275 4941 1853 5016">
     <span class='ocr_line' id='line_1_103' title="bbox 275 4941 1853 5016; baseline -0.002 -22"><span class='ocrx_word' id='word_1_820' title='bbox 275 4943 399 5014; x_wconf 77' lang='grc' dir='ltr'>αὐτῇ</span> <span class='ocrx_word' id='word_1_821' title='bbox 430 4946 666 5015; x_wconf 83' lang='grc' dir='ltr'>γέγονεν</span> <span class='ocrx_word' id='word_1_822' title='bbox 703 4945 919 5016; x_wconf 88' lang='grc' dir='ltr'>ἱμάτιον</span> <span class='ocrx_word' id='word_1_823' title='bbox 960 4944 990 4996; x_wconf 85' lang='grc' dir='ltr'><strong>ό</strong></span> <span class='ocrx_word' id='word_1_824' title='bbox 1023 4943 1253 5014; x_wconf 84' lang='grc' dir='ltr'>νυμφίος</span> <span class='ocrx_word' id='word_1_825' title='bbox 1278 4958 1290 4971; x_wconf 92' lang='grc'><strong>·</strong></span> <span class='ocrx_word' id='word_1_826' title='bbox 1323 4941 1418 4995; x_wconf 73' lang='grc' dir='ltr'>καὶ</span> <span class='ocrx_word' id='word_1_827' title='bbox 1462 4941 1671 5010; x_wconf 81' lang='grc' dir='ltr'>μάρτυς</span> <span class='ocrx_word' id='word_1_828' title='bbox 1695 4942 1722 4993; x_wconf 88' lang='grc' dir='ltr'><strong>ό</strong></span> <span class='ocrx_word' id='word_1_829' title='bbox 1747 4958 1853 5009; x_wconf 88' lang='grc' dir='ltr'>μα-</span> 
     </span>
    </p>
   </div>
   <div class='ocr_carea' id='block_1_104' title="bbox 1956 4938 3524 5016">
    <p class='ocr_par' dir='ltr' id='par_1_104' title="bbox 1958 4938 3524 5007">
     <span class='ocr_line' id='line_1_104' title="bbox 1958 4938 3524 5007; baseline 0 -12"><span class='ocrx_word' id='word_1_830' title='bbox 1958 4951 2162 5005; x_wconf 84' lang='lat' dir='ltr'><strong>autem,</strong></span> <span class='ocrx_word' id='word_1_831' title='bbox 2199 4948 2254 4995; x_wconf 89' lang='lat' dir='ltr'><strong>et</strong></span> <span class='ocrx_word' id='word_1_832' title='bbox 2300 4938 2443 4995; x_wconf 85' lang='lat' dir='ltr'><strong>Deus</strong></span> <span class='ocrx_word' id='word_1_833' title='bbox 2471 4947 2556 4994; x_wconf 88' lang='lat' dir='ltr'><strong>est</strong></span> <span class='ocrx_word' id='word_1_834' title='bbox 2596 4944 2857 5007; x_wconf 67' lang='lat' dir='ltr'><strong>mternus,</strong></span> <span class='ocrx_word' id='word_1_835' title='bbox 2890 4947 2945 4995; x_wconf 89' lang='lat' dir='ltr'><strong>et</strong></span> <span class='ocrx_word' id='word_1_836' title='bbox 2979 4940 3142 4995; x_wconf 92' lang='lat' dir='ltr'><strong>homo</strong></span> <span class='ocrx_word' id='word_1_837' title='bbox 3183 4941 3237 4994; x_wconf 92' lang='lat' dir='ltr'><strong>in</strong></span> <span class='ocrx_word' id='word_1_838' title='bbox 3266 4941 3524 4995; x_wconf 81' lang='lat' dir='ltr'><strong>extremis</strong></span> 
     </span>
    </p>
   </div>
   <div class='ocr_carea' id='block_1_105' title="bbox 277 5028 1854 5108">
    <p class='ocr_par' dir='ltr' id='par_1_105' title="bbox 277 5032 1853 5108">
     <span class='ocr_line' id='line_1_105' title="bbox 277 5032 1853 5108; baseline -0.004 -17"><span class='ocrx_word' id='word_1_839' title='bbox 277 5036 450 5108; x_wconf 82' lang='grc' dir='ltr'>κάριος</span> <span class='ocrx_word' id='word_1_840' title='bbox 486 5038 713 5101; x_wconf 79' lang='grc' dir='ltr'>Παῦλος</span> <span class='ocrx_word' id='word_1_841' title='bbox 757 5037 963 5105; x_wconf 87' lang='grc' dir='ltr'>λέγων·</span> <span class='ocrx_word' id='word_1_842' title='bbox 1002 5056 1021 5088; x_wconf 82' lang='grc' dir='ltr'><strong>ι</strong></span> <span class='ocrx_word' id='word_1_843' title='bbox 1065 5037 1218 5089; x_wconf 88' lang='grc' dir='ltr'>Ὅσοι</span> <span class='ocrx_word' id='word_1_844' title='bbox 1257 5036 1335 5096; x_wconf 81' lang='grc' dir='ltr'>εἰς</span> <span class='ocrx_word' id='word_1_845' title='bbox 1365 5032 1597 5104; x_wconf 84' lang='grc' dir='ltr'>Χριστὸν</span> <span class='ocrx_word' id='word_1_846' title='bbox 1628 5032 1853 5085; x_wconf 79' lang='grc' dir='ltr'>ἐϐαπτί-</span> 
     </span>
    </p>
   </div>
   <div class='ocr_carea' id='block_1_106' title="bbox 1956 5028 3523 5108">
    <p class='ocr_par' dir='ltr' id='par_1_106' title="bbox 1958 5028 3523 5102">
     <span class='ocr_line' id='line_1_106' title="bbox 1958 5028 3523 5102; baseline -0.001 -15"><span class='ocrx_word' id='word_1_847' title='bbox 1958 5034 2152 5088; x_wconf 85' lang='lat' dir='ltr'><strong>diebus</strong></span> <span class='ocrx_word' id='word_1_848' title='bbox 2201 5047 2267 5087; x_wconf 81' lang='lat' dir='ltr'><strong>ex</strong></span> <span class='ocrx_word' id='word_1_849' title='bbox 2319 5038 2506 5085; x_wconf 83' lang='lat' dir='ltr'><strong>sancta</strong></span> <span class='ocrx_word' id='word_1_850' title='bbox 2560 5028 2786 5101; x_wconf 78' lang='lat' dir='ltr'><strong>Virgine</strong></span> <span class='ocrx_word' id='word_1_851' title='bbox 2834 5040 3036 5089; x_wconf 84' lang='lat' dir='ltr'><strong>natus:</strong></span> <span class='ocrx_word' id='word_1_852' title='bbox 3077 5033 3169 5102; x_wconf 91' lang='lat' dir='ltr'><strong>qui</strong></span> <span class='ocrx_word' id='word_1_853' title='bbox 3223 5047 3448 5086; x_wconf 85' lang='lat' dir='ltr'><strong>manens</strong></span> <span class='ocrx_word' id='word_1_854' title='bbox 3471 5032 3523 5086; x_wconf 93' lang='lat' dir='ltr'><strong>id</strong></span> 
     </span>
    </p>
   </div>
   <div class='ocr_carea' id='block_1_107' title="bbox 279 5119 1854 5202">
    <p class='ocr_par' dir='ltr' id='par_1_107' title="bbox 279 5120 1851 5202">
     <span class='ocr_line' id='line_1_107' title="bbox 279 5120 1851 5202; baseline -0.003 -23"><span class='ocrx_word' id='word_1_855' title='bbox 279 5120 450 5198; x_wconf 84' lang='grc' dir='ltr'>σθητε,</span> <span class='ocrx_word' id='word_1_856' title='bbox 511 5131 761 5202; x_wconf 73' lang='grc' dir='ltr'>Χριστὸν</span> <span class='ocrx_word' id='word_1_857' title='bbox 807 5127 1153 5182; x_wconf 76' lang='grc' dir='ltr'>ἐνεδύσασθε.</span> <span class='ocrx_word' id='word_1_858' title='bbox 1191 5145 1209 5178; x_wconf 83' lang='grc' dir='ltr'><strong>ι</strong></span> <span class='ocrx_word' id='word_1_859' title='bbox 1256 5126 1314 5178; x_wconf 89' lang='lat'><strong>&#39;0</strong></span> <span class='ocrx_word' id='word_1_860' title='bbox 1360 5125 1415 5177; x_wconf 85' lang='grc' dir='ltr'>δὲ</span> <span class='ocrx_word' id='word_1_861' title='bbox 1459 5123 1710 5195; x_wconf 80' lang='grc' dir='ltr'>νυμφίος,</span> <span class='ocrx_word' id='word_1_862' title='bbox 1756 5123 1851 5177; x_wconf 77' lang='grc' dir='ltr'>καὶ</span> 
     </span>
    </p>
   </div>
   <div class='ocr_carea' id='block_1_108' title="bbox 1956 5119 3519 5202">
    <p class='ocr_par' dir='ltr' id='par_1_108' title="bbox 1960 5119 3519 5192">
     <span class='ocr_line' id='line_1_108' title="bbox 1960 5119 3519 5192; baseline -0.001 -17"><span class='ocrx_word' id='word_1_863' title='bbox 1960 5123 2104 5192; x_wconf 82' lang='lat' dir='ltr'><strong>quod</strong></span> <span class='ocrx_word' id='word_1_864' title='bbox 2134 5130 2273 5187; x_wconf 85' lang='lat' dir='ltr'><strong>erat,</strong></span> <span class='ocrx_word' id='word_1_865' title='bbox 2302 5119 2606 5191; x_wconf 87' lang='lat' dir='ltr'><strong>assumpsit</strong></span> <span class='ocrx_word' id='word_1_866' title='bbox 2637 5119 2784 5189; x_wconf 92' lang='lat' dir='ltr'><strong>quod</strong></span> <span class='ocrx_word' id='word_1_867' title='bbox 2816 5130 3066 5178; x_wconf 89' lang='lat' dir='ltr'><strong>nostrum</strong></span> <span class='ocrx_word' id='word_1_868' title='bbox 3092 5130 3197 5184; x_wconf 89' lang='lat' dir='ltr'><strong>est,</strong></span> <span class='ocrx_word' id='word_1_869' title='bbox 3235 5136 3519 5191; x_wconf 82' lang='lat' dir='ltr'><strong>sponsam-</strong></span> 
     </span>
    </p>
   </div>
   <div class='ocr_carea' id='block_1_109' title="bbox 339 5296 3363 5376">
    <p class='ocr_par' dir='ltr' id='par_1_109' title="bbox 339 5296 3363 5376">
     <span class='ocr_line' id='line_1_109' title="bbox 339 5296 3363 5376; baseline -0.004 -13"><span class='ocrx_word' id='word_1_870' title='bbox 339 5307 773 5376; x_wconf 62' lang='lat' dir='ltr'><strong>IIllattthrm,</strong></span> <span class='ocrx_word' id='word_1_871' title='bbox 808 5310 898 5364; x_wconf 77' lang='grc' dir='ltr'>Ιυ.</span> <span class='ocrx_word' id='word_1_872' title='bbox 970 5310 984 5348; x_wconf 78' lang='grc' dir='ltr'><strong>ί</strong></span> <span class='ocrx_word' id='word_1_873' title='bbox 1014 5306 1161 5364; x_wconf 86' lang='lat' dir='ltr'><strong>Psal.</strong></span> <span class='ocrx_word' id='word_1_874' title='bbox 1194 5322 1326 5371; x_wconf 82' lang='lat' dir='ltr'><strong>un,</strong></span> <span class='ocrx_word' id='word_1_875' title='bbox 1359 5307 1391 5360; x_wconf 81' lang='lat'>9</span> <span class='ocrx_word' id='word_1_876' title='bbox 1493 5302 1505 5353; x_wconf 86' lang='lat' dir='ltr'><strong>i</strong></span> <span class='ocrx_word' id='word_1_877' title='bbox 1541 5302 1706 5357; x_wconf 90' lang='lat' dir='ltr'><strong>lCor.</strong></span> <span class='ocrx_word' id='word_1_878' title='bbox 1733 5318 1833 5366; x_wconf 83' lang='lat' dir='ltr'><strong>xu,</strong></span> <span class='ocrx_word' id='word_1_879' title='bbox 1855 5300 2036 5354; x_wconf 72' lang='lat'><strong>12-”.</strong></span> <span class='ocrx_word' id='word_1_880' title='bbox 2117 5302 2145 5340; x_wconf 80' lang='grc' dir='ltr'>ιι</span> <span class='ocrx_word' id='word_1_881' title='bbox 2175 5299 2311 5355; x_wconf 87' lang='lat' dir='ltr'><strong>Ibid.</strong></span> <span class='ocrx_word' id='word_1_882' title='bbox 2342 5300 2426 5355; x_wconf 84' lang='lat' dir='ltr'><strong>l9.</strong></span> <span class='ocrx_word' id='word_1_883' title='bbox 2546 5297 2565 5338; x_wconf 75' lang='grc' dir='ltr'>ι</span> <span class='ocrx_word' id='word_1_884' title='bbox 2603 5298 2742 5353; x_wconf 86' lang='lat' dir='ltr'><strong>ibid.</strong></span> <span class='ocrx_word' id='word_1_885' title='bbox 2774 5296 2866 5354; x_wconf 77' lang='grc'><strong>27.</strong></span> <span class='ocrx_word' id='word_1_886' title='bbox 2941 5305 2978 5328; x_wconf 87' lang='grc'><strong><em>“</em></strong></span> <span class='ocrx_word' id='word_1_887' title='bbox 3005 5296 3125 5351; x_wconf 87' lang='lat' dir='ltr'><strong>Gal.</strong></span> <span class='ocrx_word' id='word_1_888' title='bbox 3161 5310 3243 5363; x_wconf 88' lang='grc' dir='ltr'>ιιι,</span> <span class='ocrx_word' id='word_1_889' title='bbox 3270 5297 3363 5351; x_wconf 72' lang='lat'><strong>27.</strong></span> 
     </span>
    </p>
   </div>
   <div class='ocr_carea' id='block_1_110' title="bbox 1547 5456 2208 5515">
    <p class='ocr_par' dir='ltr' id='par_1_110' title="bbox 1547 5456 2208 5515">
     <span class='ocr_line' id='line_1_110' title="bbox 1547 5456 2208 5515; baseline -0.008 0"><span class='ocrx_word' id='word_1_890' title='bbox 1547 5458 1781 5515; x_wconf 76' lang='lat' dir='ltr'><strong>VARle</strong></span> <span class='ocrx_word' id='word_1_891' title='bbox 1822 5456 2208 5513; x_wconf 75' lang='lat' dir='ltr'><strong>LECTIONES</strong></span> 
     </span>
    </p>
   </div>
   <div class='ocr_carea' id='block_1_111' title="bbox 1917 5583 3524 5660">
    <p class='ocr_par' dir='ltr' id='par_1_111' title="bbox 1917 5583 3524 5660">
     <span class='ocr_line' id='line_1_111' title="bbox 1917 5583 3524 5660; baseline -0.001 -17"><span class='ocrx_word' id='word_1_892' title='bbox 1917 5596 1957 5626; x_wconf 77' lang='grc' dir='ltr'><strong>ιι</strong></span> <span class='ocrx_word' id='word_1_893' title='bbox 1996 5593 2080 5645; x_wconf 83' lang='grc' dir='ltr'><strong>τά.</strong></span> <span class='ocrx_word' id='word_1_894' title='bbox 2117 5591 2279 5645; x_wconf 80' lang='lat' dir='ltr'><strong>Abest</strong></span> <span class='ocrx_word' id='word_1_895' title='bbox 2317 5606 2346 5644; x_wconf 88' lang='lat' dir='ltr'><strong>a</strong></span> <span class='ocrx_word' id='word_1_896' title='bbox 2378 5590 2496 5647; x_wconf 90' lang='lat' dir='ltr'><strong>cod.</strong></span> <span class='ocrx_word' id='word_1_897' title='bbox 2595 5589 2641 5622; x_wconf 79' lang='grc'>⁸²</span> <span class='ocrx_word' id='word_1_898' title='bbox 2670 5589 2847 5660; x_wconf 88' lang='grc' dir='ltr'>σῶμα.</span> <span class='ocrx_word' id='word_1_899' title='bbox 2878 5589 3049 5645; x_wconf 80' lang='lat' dir='ltr'><strong>Abest</strong></span> <span class='ocrx_word' id='word_1_900' title='bbox 3070 5600 3101 5639; x_wconf 90' lang='lat' dir='ltr'><strong>a</strong></span> <span class='ocrx_word' id='word_1_901' title='bbox 3126 5585 3248 5639; x_wconf 93' lang='lat' dir='ltr'><strong>cod.</strong></span> <span class='ocrx_word' id='word_1_902' title='bbox 3320 5583 3367 5619; x_wconf 81' lang='grc'>⁸⁸</span> <span class='ocrx_word' id='word_1_903' title='bbox 3394 5586 3524 5643; x_wconf 91' lang='lat' dir='ltr'><strong>cod.</strong></span> 
     </span>
    </p>
   </div>
   <div class='ocr_carea' id='block_1_112' title="bbox 379 5595 1812 5672">
    <p class='ocr_par' dir='ltr' id='par_1_112' title="bbox 379 5595 1812 5672">
     <span class='ocr_line' id='line_1_112' title="bbox 379 5595 1812 5672; baseline -0.01 -11"><span class='ocrx_word' id='word_1_904' title='bbox 379 5598 422 5632; x_wconf 62' lang='grc' dir='ltr'>δ’</span> <span class='ocrx_word' id='word_1_905' title='bbox 456 5603 581 5660; x_wconf 83' lang='lat' dir='ltr'><strong>cod.</strong></span> <span class='ocrx_word' id='word_1_906' title='bbox 609 5600 789 5672; x_wconf 78' lang='grc' dir='ltr'>αὐτῷ.</span> <span class='ocrx_word' id='word_1_907' title='bbox 888 5599 935 5633; x_wconf 74' lang='grc'><strong>⁸⁸</strong></span> <span class='ocrx_word' id='word_1_908' title='bbox 965 5599 1095 5657; x_wconf 84' lang='lat' dir='ltr'><strong>Rec.</strong></span> <span class='ocrx_word' id='word_1_909' title='bbox 1124 5599 1291 5655; x_wconf 88' lang='lat' dir='ltr'><strong>lectio</strong></span> <span class='ocrx_word' id='word_1_910' title='bbox 1320 5604 1403 5652; x_wconf 88' lang='lat' dir='ltr'><strong>cst</strong></span> <span class='ocrx_word' id='word_1_911' title='bbox 1430 5595 1812 5655; x_wconf 76' lang='grc' dir='ltr'>ἁποστάζουσι.</span> 
     </span>
    </p>
   </div>
   <div class='ocr_carea' id='block_1_113' title="bbox 288 5663 401 5725">
    <p class='ocr_par' dir='ltr' id='par_1_113' title="bbox 288 5663 401 5725">
     <span class='ocr_line' id='line_1_113' title="bbox 288 5663 401 5725; baseline 0.027 -4"><span class='ocrx_word' id='word_1_912' title='bbox 288 5663 401 5725; x_wconf 70' lang='grc' dir='ltr'>ὕπό.</span> 
     </span>
    </p>
   </div>
  </div>
