3940 6200
325 222 426 289 143
936 212 939 215 ’
1342 200 1821 268 THEODURETI
1867 195 2201 256 EPISCOPI
2221 190 2602 265 [CYRENSIS
3487 178 3587 244 1M.

326 351 428 401 que
463 327 598 381 olim
624 320 953 380 denudatam
996 315 1195 372 induit.
1243 311 1607 379 Quamobrem
1663 305 1727 358 ad
1759 317 1900 362 eam,

2030 300 2137 362 ὓεὸς
2181 299 2294 350 ἐστι
2351 297 2697 377 προαιῴνιος,
2748 297 2840 349 καὶ
2893 295 3181 366 ἄνθρωπος
3221 293 3304 346 ἐπ’
3344 291 3586 362 ἐσχάτων

331 449 350 482 ς
382 420 553 483 Odor,
587 414 786 486 inquit,
837 410 1292 467 vestimentorum
1344 412 1559 457 tuorum
1605 397 1748 450 sicut
1776 393 1911 448 odor

2030 393 2240 486 ἧξερῶν
2263 393 2326 443 ὲκ
2345 394 2453 486 ’τῆς
2481 390 2639 473 ἁςίίας
2660 390 2937 462 Παρθένου
2960 389 3237 460 γεννηθείς
3257 408 3267 419 ο
3296 388 3389 442 καὶ
3411 387 3589 457 μένων

328 481 549 565 thuris.
576 524 595 558 ι
640 481 866 560 Christo
885 502 1029 556 enim
1058 496 1247 552 induta
1279 500 1384 558 est,
1431 489 1523 561 qui
1561 487 1705 543 Deus
1735 493 1820 540 est
1860 494 1914 538 et

2030 483 2152 558 ιῆν,
2188 481 2491 555 προσέλαϐε
2540 483 2601 536 τὸ
2628 483 2918 556 ἡμέτερον,
2944 483 3037 535 καὶ
3082 481 3182 552 τὴν
3214 481 3382 534 πάλαι
3421 495 3587 548 γεγυ-

328 601 515 656 homo.
553 594 903 651 Divinitatem
947 595 1126 644 autem
1176 583 1382 641 indicat
1430 580 1579 644 thus,
1619 577 1765 649 quod
1798 575 1907 631 Deo

2030 577 2298 650 ινωμένην
2347 575 2591 648 ἠμφιασε
2639 575 2880 647 νύμφην.
2911 573 3000 627 Διό
3052 590 3182 642 φησι
3221 572 3359 642 πρὸς
3385 569 3586 640 αὐτήν·

329 708 391 746 ex
423 689 562 758 legis
594 686 796 744 veteris
826 681 1078 739 instituto
1104 674 1454 731 oﬂ‘erebatur.

2071 670 2246 743 Ὀσμὴ
2286 670 2520 743 ἱματίων
2553 684 2672 733 σου,
2703 667 2777 731 ὠς
2800 667 2846 699 ⁵⁵
2878 666 3022 738 ὀσμὴ
3038 665 3132 719 τοῦ
3159 663 3379 718 λιϐάνου
3402 676 3415 690 ·
3444 679 3463 713 ι
3496 659 3590 712 τὸν

329 784 440 856 γὰρ
459 748 693 836 ὶξοιστδν
725 774 1017 839 ένδέδυται,
1049 769 1108 833 ὃς
1157 769 1273 820 ἐστι
1294 764 1426 828 Θεὸς
1459 762 1553 817 καὶ
1598 760 1883 831 ἅνθρωπος
1908 775 1920 788 ι
1964 760 2243 831 θεολογίας
2275 763 2330 817 δὲ
2385 758 2653 832 σύμϐολον
2690 757 2717 808 ὁ
2772 754 3009 819 λίϐανος,
3069 751 3258 824 ἐπειδὴ
3298 751 3442 805 κατά
3494 748 3590 803 τὸν

405 939 571 995 Vens.
618 933 705 988 ιε.
739 929 940 986 Hortus
967 921 1274 985 conclusus,
1311 932 1465 973 soror
1494 931 1630 980 mea,
1661 927 1855 982 sponsa
1888 927 1905 964 :

335 1033 517 1085 hortus
544 1023 842 1084 conclusus,
873 1014 1029 1086 103
1050 1013 1168 1083 {om
1194 1010 1525 1079 obsignatas.
1548 1004 1779 1058 Hortum
1813 1016 1912 1054 no-

337 1122 506 1176 minat
536 1126 816 1187 sponsam,
844 1115 905 1163 ut
940 1121 1063 1177 quas
1104 1119 1220 1159 non
1243 1115 1412 1157 unum
1458 1099 1677 1170 pietatis
1734 1095 1908 1149 virtu-

336 1214 515 1281 tisque
540 1185 805 1269 fructum,
838 1199 935 1259 sed
964 1198 1168 1254 multos
1188 1204 1243 1252 et
1264 1195 1447 1249 varios
1476 1191 1638 1247 ferat.
1667 1185 1910 1242 Conclu-

336 1276 456 1360 sum
485 1309 685 1366 autem,
720 1293 868 1366 quod
898 1291 1143 1347 munitus
1181 1288 1274 1352 sit,
1307 1300 1411 1342 nec
1441 1281 1658 1340 insidiis
1691 1276 1911 1348 exposi-

339 1406 447 1449 tus.
475 1390 610 1445 Nam
647 1405 667 1441 ι
699 1384 879 1441 Porta:
930 1377 1154 1444 inferni,
1186 1375 1384 1448 inquit,
1410 1387 1517 1428 non
1541 1368 1916 1443 praevalebunt

338 1485 603 1540 adversus
628 1493 747 1536 eam
767 1487 818 1530 ιι.
861 1493 881 1527 ι
921 1472 1106 1543 Neque
1134 1470 1277 1526 enim
1320 1476 1404 1524 est
1441 1466 1586 1521 sicut
1629 1463 1742 1525 illa,
1790 1473 1913 1531 qua:

339 1594 406 1633 ex
460 1575 698 1645 Egypto
731 1567 985 1625 deducta
1041 1563 1173 1630 fuit,
1220 1579 1240 1613 ι
1281 1573 1445 1630 quam
1503 1553 1912 1611 vindemiarum

339 1682 556 1731 omnes,
619 1657 992 1734 praetergressi
1040 1656 1210 1719 viam,
1265 1660 1321 1708 et
1373 1646 1759 1706 exterminavit
1794 1659 1912 1700 eam

340 1773 471 1831 aper
490 1758 558 1813 de
579 1754 733 1819 silva,
758 1762 812 1807 et
832 1746 1129 1821 singularis
1152 1743 1300 1799 ferus
1315 1740 1575 1810 depastus
1587 1747 1671 1793 est
1686 1750 1806 1791 eam
1827 1742 1874 1786 υ.
1889 1751 1908 1785 ι

344 1825 450 1907 Sed
493 1840 920 1904 circummunita
969 1844 1092 1902 est,
1147 1842 1203 1891 et
1244 1846 1402 1886 muro
1447 1825 1785 1884 circumdata
1810 1861 1826 1889 ,
1862 1829 1917 1876 ct

344 1948 502 2001 horto
534 1938 800 1998 concluso
831 1932 1031 1990 similis
1068 1928 1203 1993 fuit,
1240 1925 1333 1996 qui
1368 1921 1700 1993 multiplices
1730 1933 1793 1972 ac
1828 1916 1914 1970 di-

347 2050 536 2093 versos
584 2032 796 2087 fruetus
845 2024 970 2088 fert,
1008 2036 1113 2077 nec
1154 2018 1343 2074 iurum
1400 2022 1496 2070 aut
1537 2010 1915 2068 insidiantium

350 2141 548 2182 manus
569 2118 913 2178 reformidat.
944 2112 1090 2169 Fons
1121 2112 1250 2166 item
1279 2116 1365 2163 est
1395 2105 1737 2176 obsignatas,
1762 2099 1918 2170 cujus

352 2221 545 2275 latices
580 2228 687 2268 non
715 2205 1080 2281 quibuslibet,
1124 2201 1219 2258 sed
1252 2198 1429 2270 dignis
1464 2200 1675 2250 tantmn
1710 2197 1915 2262 patent.

354 2315 429 2367 De
461 2313 564 2366 hoc
597 2306 747 2362 fonte
784 2302 1051 2357 Dominus
1082 2309 1304 2370 quoque
1342 2293 1397 2346 in
1425 2286 1730 2358 Evangeliis
1761 2285 1917 2339 locu-

351 2416 439 2458 tus
470 2408 594 2456 est:
625 2416 645 2449 ι
671 2396 773 2464 Qui
805 2393 1022 2456 biberit,
1060 2388 1338 2459 inquiens,
1373 2383 1440 2438 de
1460 2395 1602 2450 aqua
1629 2391 1795 2448 quam
1817 2388 1919 2446 ego

351 2497 493 2552 dabo
525 2494 609 2559 ei,
644 2507 759 2547 non
797 2490 947 2546 sitiet
994 2485 1050 2540 in
1099 2491 1387 2543 mternum,
1428 2475 1522 2531 sed
1568 2473 1659 2527 [let
1704 2472 1759 2525 in
1799 2469 1922 2539 ipso

355 2589 475 2645 fons
513 2598 670 2654 aquae
694 2582 832 2636 vim
864 2574 1112 2635 salientis
1139 2573 1194 2627 in
1216 2571 1384 2625 vitam
1414 2573 1735 2622 aitet-name.
1762 2581 1781 2614 ›
1807 2560 1921 2615 Me-

356 2685 460 2736 rito
488 2678 656 2749 igitur
687 2685 947 2745 sponsam
978 2667 1178 2722 fontem
1200 2662 1545 2731 obsignatum
1575 2655 1828 2727 appellat,
1862 2660 1923 2706 ut

357 2785 465 2822 non
513 2745 812 2828 ioniuibus,
872 2759 969 2816 sed
1028 2755 1209 2827 dignis
1251 2752 1550 2812 duntaxat,
1591 2745 1918 2816 expositam.

353 2862 541 2932 Neque
567 2859 711 2915 enim
730 2852 994 2926 profanis,
1023 2850 1117 2906 sed
1143 2845 1372 2901 initiatis
1395 2847 1581 2913 patent
1595 2838 1783 2893 divina
1809 2851 1925 2908 my-

2011 856 2242 909 παλαιόν
2269 857 2435 928 νόμον
2466 851 2584 924 Θεῷ
2615 849 2662 883 ⁸⁸
2687 848 3078 921 προσεφέρετο.

2085 949 2169 1019 ιβ’.
2213 949 2419 1018 Κῆπος
2441 942 2895 1013 κεκλεισμένας,
2928 936 3158 1007 ἀδελφή
3181 953 3326 1008 μου,
3357 935 3588 1005 νύμφη,

2011 1038 2205 1107 κῆπος
2222 1037 2268 1070 ⁵⁸
2295 1032 2744 1103 κεκλεισμένος,
2771 1030 2930 1100 πηγὴ
2952 1025 3421 1097 ἐσφραγισμένη.
3450 1023 3593 1078 »Καὶ

2012 1129 2169 1184 καλεῖ
2199 1129 2297 1200 μὲν
2317 1127 2487 1195 αὐτὴν
2508 1126 2705 1194 κῆπον,
2724 1121 2800 1184 ὡς
2828 1121 2926 1191 οὐχ
2958 1118 3055 1173 ἕνα
3075 1117 3284 1189 καρπὸν
3307 1115 3593 1179 εὐσεϐείας

2011 1219 2106 1273 καὶ
2135 1218 2355 1290 ἀρετῆς,
2385 1216 2520 1271 ἀλλὰ
2545 1212 2772 1276 πολλοὺς
2820 1211 2911 1265 καὶ
2939 1209 3217 1272 ποικίλους
3252 1207 3544 1261 τίκτουσαν
3573 1221 3588 1235 ’

2016 1309 2402 1381 κεκλεισμένον
2421 1307 2494 1371 δὲ,
2528 1305 2604 1370 ὼς
2630 1300 3167 1376 περιπεφραγμένον,
3192 1299 3287 1353 καὶ
3309 1297 3594 1352 ἀνεπιϐού-

2014 1403 2200 1456 λευτον
2224 1419 2236 1432 ·
2274 1419 2293 1452 ι
2324 1398 2494 1453 Πύλαι
2521 1397 2630 1469 γὰρ
2678 1395 2827 1467 ᾅδου,
2860 1395 3045 1464 φησιν,
3081 1392 3143 1445 οὐ
3171 1390 3593 1461 κατισχύσουσιν

2016 1494 2219 1564 αὐτῆς·
2262 1511 2282 1544 ι
2318 1491 2379 1546 οὐ
2403 1490 2512 1562 γάρ
2559 1492 2675 1544 ἐστι
2695 1488 2812 1542 κατ’
2838 1484 3054 1556 εκείνην
3085 1483 3181 1554 τὴν
3216 1480 3275 1547 ἐξ
3311 1481 3593 1551 Αἰγύπτου

2019 1582 2422 1657 μετατεθεῖσαν,
2461 1599 2480 1632 ι
2528 1579 2630 1632 Ἢν
2656 1577 2963 1648 ὲτρύγησαν
2999 1573 3199 1637 πάντες
3246 1573 3294 1624 oi
3335 1588 3592 1643 παραπο-

2020 1676 2299 1751 ρευόμενοι
2328 1674 2429 1744 τὴν
2480 1672 2619 1739 ὁδὸν,
2682 1662 2776 1723 καὶ
2829 1668 3133 1738 ἐλυμήνατο
3170 1658 3232 1728 ὗς
3261 1665 3324 1717 ὲκ
3358 1663 3592 1735 δρυμοῦ,

2015 1768 2111 1822 καὶ
2153 1764 2335 1836 μονιδς
2388 1761 2575 1832 ἄγριος
2631 1759 3075 1830 κατενεμήσατο·
3108 1773 3127 1807 ο
3159 1754 3297 1808 ἀλλά
3352 1754 3592 1825 περιπέ-

2018 1874 2278 1931 φρακται,
2337 1859 2433 1909 καὶ
2494 1854 2845 1922 τετείχισται,
2887 1848 2983 1902 καὶ
3009 1848 3172 1919 κήπῳ
3216 1844 3595 1916 κεκλεισμένῳ

2020 1949 2302 2021 παρέοικε,
2331 1946 2560 2008 πολλοὺς
2590 1943 2690 2015 μὲν
2721 1942 2814 1996 καὶ
2843 1939 3220 2002 παντοδαποὺς
3246 1938 3420 2008 ἔχοντι
3452 1953 3595 2007 καρ-

2019 2041 2175 2104 ποὺς,
2219 2039 2347 2100 τοὺς
2396 2036 2451 2090 δὲ
2480 2033 2705 2096 κλῶπας
2733 2033 2794 2086 οὑ
2822 2029 3119 2100 δεχομένῳ,
3161 2027 3296 2082 ἀλλά
3336 2026 3596 2097 φεύγοντι

2018 2131 2124 2185 τῶν
2154 2127 2608 2186 ἐπιϐουλευόντων
2660 2123 2760 2188 τὰς
2791 2124 3000 2196 χεῖρας.
3031 2121 3143 2176 Καὶ
3181 2118 3331 2192 πηγὴ
3361 2119 3418 2173 δέ
3447 2121 3597 2172 ἐστιν

2021 2219 2428 2293 ἐσφραγισμένη
2450 2232 2463 2246 ·
2490 2216 2551 2271 οὐ
2579 2214 2688 2287 γὰρ
2710 2215 2845 2268 πᾶσι
2892 2214 3196 2287 προχεῖται,
3234 2211 3369 2266 ἀλλά
3393 2211 3442 2243 ³⁷
3480 2212 3597 2275 τοῖς

2019 2312 2191 2378 ἀξίοις
2243 2310 2418 2366 ταῦτα
2472 2308 2541 2363 τὰ
2588 2306 2806 2378 νάματα
2831 2321 2845 2336 ⁸
2895 2305 3023 2376 περὶ
3059 2302 3261 2374 ταύτης
3285 2301 3385 2372 τῆς
3409 2300 3599 2372 πηγῆς

2019 2405 2116 2461 καὶ
2141 2405 2199 2459 ὲν
2226 2405 2338 2467 τοῖς
2365 2399 2718 2471 Εὐαγγελίοις
2741 2398 2769 2451 ὁ
2790 2396 2996 2469 Κύριός
3025 2411 3188 2467 φησιν
3209 2411 3223 2429 ·
3255 2412 3274 2446 ι
3291 2397 3387 2458 ’⁸ος
3407 2394 3475 2447 ἂν
3496 2393 3597 2465 πίῃ

2022 2499 2086 2551 ὲκ
2110 2495 2202 2551 τοῦ
2231 2494 2439 2560 ὓδατος,
2475 2488 2535 2548 οὗ
2569 2490 2679 2561 ἐγὼ
2699 2488 2853 2543 δώσω
2887 2487 3055 2560 αὐτῷ,
3075 2488 3134 2540 οὐ
3175 2486 3251 2559 μὴ
3276 2486 3491 2558 διψήσει
3516 2488 3598 2550 είς

2021 2586 2111 2639 τὸν
2159 2585 2351 2646 αἰῶνα,
2394 2581 2529 2636 ἀλλά
2579 2582 2866 2651 γενήσεται
2914 2579 2972 2630 ὲν
3018 2576 3164 2648 αὐτῷ
3203 2578 3354 2648 πηγὴ
3405 2576 3600 2642 ὓδατος

2023 2673 2222 2739 ζῶντος
2259 2671 2553 2742 ἁλλομένου
2584 2670 2663 2734 εἱς
2719 2668 2864 2738 ζωὴν
2895 2666 3130 2721 αἰώνιον.
3164 2685 3182 2719 ι
3217 2667 3457 2732 Είκότως
3488 2669 3601 2722 τοί-

2024 2783 2119 2820 νυν
2142 2764 2311 2835 αὐτὴν
2330 2764 2511 2835 πηγὴν
2545 2761 2991 2833 ἐσφραγισμένην
3005 2760 3181 2826 καλεῖ,
3202 2759 3277 2823 ὡς
3301 2759 3375 2832 μὴ
3407 2762 3598 2826 πᾶσιν,

2027 2853 2162 2907 ἀλλὰ
2193 2855 2304 2917 τοῖς
2334 2852 2507 2917 ἀξίοις
2534 2851 2921 2922 προκειμένην.
2945 2850 3018 2903 Οὐ
3034 2848 3144 2921 γὰρ
3164 2852 3275 2913 τοῖς
3304 2851 3597 2922 ἀμυήτοις,

355 2926 525 3008 εῑϐέὶε
554 2967 567 3005 ε
597 2962 704 3003 ιιοη
736 2948 790 3000 in
820 2941 1041 3012 ῦῖιεὶιίίε
1069 2944 1190 3009 Ροδι
1216 2930 1581 3004 θῖβίθίίοηοιη
1627 2942 1688 2984 se
1727 2926 1921 2981 iterum
1951 2944 1993 3002 C
2027 2944 2161 3000 ἀλλά
2189 2946 2302 3007 τοῖς
2334 2941 2705 3014 μεμνημένοις
2737 2941 3020 3012 πρόκειται
3050 2940 3119 2993 τὰ
3153 2940 3270 2995 θεῖα
3299 2944 3598 3014 μυστήρια·

355 3038 752 3102 velutantibus,
815 3034 911 3091 sed
947 3047 1013 3087 ex
1035 3031 1239 3085 virtute
1264 3025 1433 3079 vitam
1467 3019 1719 3078 studiose
1745 3016 1928 3072 tradu-

357 3132 627 3197 centibus,
660 3136 755 3184 aut
788 3140 909 3183 sese
935 3139 1034 3195 per
1068 3117 1451 3193 paenitentiam
1472 3110 1925 3184 expurgantil-ns.

360 3222 468 3278 Nee
491 3234 622 3275 vero
653 3218 828 3274 solum
864 3214 1019 3281 dicit,
1057 3228 1077 3264 ι
1118 3210 1318 3264 liortus
1347 3205 1645 3262 conclusus
1667 3242 1682 3269 ,
1713 3212 1768 3259 ct
1806 3200 1929 3256 fons

359 3315 698 3383 obsignatas,
738 3327 758 3361 ι
792 3322 981 3365 verum
1017 3306 1179 3362 etiam
1225 3320 1240 3361 :

428 3420 597 3478 Vsus.
616 3419 798 3475 1545.
810 3415 1128 3472 Emissioncs
1148 3423 1251 3468 tua:
1270 3392 1554 3482 paradisus
1569 3407 1828 3461 malorum
1840 3420 1931 3474 pu-

360 3515 615 3577 nicarum,
630 3528 745 3566 cum
764 3509 1020 3580 fructibus
1036 3519 1257 3569 nucum;
1279 3503 1423 3572 cypri
1439 3517 1555 3555 cum
1569 3496 1932 3554 nardis.Nar-

360 3610 459 3664 dus
478 3619 522 3664 et
542 3622 748 3669 crocus,
766 3603 1002 3658 calamus
1020 3605 1069 3653 et
1097 3593 1255 3668 104
1271 3596 1660 3648 cinnamomum
1685 3605 1803 3642 cum
1818 3585 1934 3663 uni-

363 3703 521 3757 versis
541 3702 696 3771 lignis
716 3696 906 3751 Libani
934 3709 954 3747 :
974 3691 1192 3762 myrrha
1211 3696 1261 3741 et
1284 3686 1400 3740 aloe
1416 3700 1533 3739 cum
1547 3680 1787 3736 omnibus
1821 3678 1934 3749 pri-

365 3794 463 3847 mis
497 3777 965 3861 unguentis.‘Fons
1005 3782 1299 3841 hortorum,
1318 3787 1503 3846 puteus
1529 3788 1677 3844 aqua:
1694 3771 1931 3839 viventis,

362 3901 476 3956 qua
498 3884 619 3954 ﬂuit
654 3897 770 3935 cum
796 3880 991 3946 impetu
1007 3875 1069 3927 de
1085 3870 1323 3925 Libano.
1349 3867 1495 3930 llaec,
1526 3863 1723 3934 inquit,
1749 3861 1934 3918 omnia

365 3952 561 4033 misisti
593 3973 746 4034 inihi,
768 3979 825 4027 et
847 3978 1089 4036 tempore
1110 3962 1425 4031 nuptiarum
1458 3956 1710 4010 attulisti.
1735 3952 1801 4008 Et
1819 3953 1934 4023 pri-

364 4084 511 4124 mum
563 4065 781 4138 quidem
815 4059 1129 4131 paradisum
1149 4053 1418 4108 maiorum
1445 4048 1792 4121 punicorum,
1841 4045 1933 4117 qui

364 4176 461 4216 nec
490 4136 724 4213 aliorum
769 4152 1051 4207 fructuum
1079 4156 1279 4216 expers
1307 4149 1444 4199 erat.
1468 4136 1579 4196 Per
1599 4139 1800 4193 malum
1830 4152 1933 4207 pu-

364 4252 561 4315 nicum,
587 4262 703 4302 mea
717 4241 935 4314 quidem
963 4236 1252 4300 sententia,
1265 4249 1362 4305 per
1374 4232 1787 4287 translationem
1802 4229 1933 4284 cha-

363 4344 501 4400 ritas
554 4335 909 4405 intelligitur;
945 4329 1385 4402 quandoquidem
1423 4326 1525 4382 sub
1555 4340 1662 4379 uno
1690 4321 1935 4394 ejusdem

363 4434 493 4489 mali
532 4427 753 4484 cortice
780 4426 947 4480 multa
1008 4429 1137 4479 sunt
1191 4432 1382 4491 grana,
1441 4417 1517 4472 ita
1554 4425 1744 4471 mutuo
1796 4413 1938 4469 inter

366 4539 425 4577 se
485 4527 738 4574 conserta
808 4524 869 4571 ut
930 4528 991 4570 se
1048 4509 1292 4566 vicissim
1356 4522 1461 4562 non
1524 4502 1934 4574 comprimant,

368 4622 546 4679 neque
579 4612 957 4675 corrumpant,
992 4600 1086 4658 sed
1131 4600 1342 4679 integra
1377 4600 1792 4657 conserventur,
1825 4590 1935 4647 nisi

368 4674 548 4764 aliqua
604 4692 657 4745 in
704 4674 886 4747 medio
934 4686 1167 4758 putredo
1211 4674 1489 4743 nascatur.
1536 4682 1837 4739 Possumus
1867 4694 1934 4735 ex

368 4781 674 4850 interiectis
699 4781 876 4851 ipsius
908 4779 1080 4849 septis
1111 4794 1206 4849 per
1232 4776 1469 4832 medium
1493 4771 1933 4831 discurrentibus

368 4875 536 4929 alium
567 4872 730 4928 etiam
767 4885 992 4927 sensum
1019 4869 1353 4939 excogitare.
1382 4866 1583 4921 Multos
1613 4865 1761 4921 enim
1788 4866 1935 4917 inter

367 4980 463 5021 eos
495 4964 587 5035 qui
612 4962 893 5019 salvantur
918 4959 1142 5016 ordines
1185 4958 1486 5014 cernimus.
1517 4954 1652 5009 Nam
1683 4955 1823 5009 alius
1850 4958 1935 5007 est

440 5148 470 5182 ³
494 5143 683 5200 Matth.
738 5156 851 5207 xvt,
882 5140 969 5196 18.

2028 3038 2090 3091 οὐ
2128 3038 2240 3100 τοῖς
2266 3037 2323 3088 ὲν
2361 3033 2612 3105 ἀνομίαις
2631 3033 2766 3104 μετά
2790 3032 2888 3102 τὴν
2914 3033 3111 3103 μύησιν
3136 3031 3598 3106 καλινδουμένοις,

2029 3130 2165 3184 ἀλλά
2199 3131 2311 3192 τοῖς
2340 3126 2590 3199 ἀκριϐείᾳ
2626 3124 2882 3189 συζῶσιν,
2934 3124 2967 3196 ἦ
3023 3125 3111 3178 διά
3148 3125 3434 3196 μετανοίας
3468 3127 3605 3179 καθ-

2030 3218 2371 3292 αιρομένοις·
2398 3221 2457 3272 οὐ
2494 3220 2651 3289 μόνον
2676 3216 2734 3269 δέ
2756 3234 2910 3288 φησι,
2938 3236 2956 3269 ι
2976 3217 3163 3287 Κῆπος
3192 3217 3601 3290 κεκλεισμένος,

2028 3310 2125 3364 καὶ
2146 3310 2296 3381 πηγὴ
2330 3307 2762 3380 ὲσφραγισμένη,
2806 3326 2824 3358 ι
2862 3307 2998 3360 ἀλλὰ
3028 3307 3155 3360 καί·

2105 3407 2285 3470 ιγ’-ιε’.
2305 3399 2671 3455 Ἀποστολαί
2686 3414 2801 3453 σου
2818 3398 2865 3432 ⁸⁸
2881 3400 3244 3468 παράδεισος
3254 3399 3433 3469 ῥοῶν,
3452 3402 3607 3471 μετὰ

2031 3492 2264 3560 καρποῦ
2314 3491 2661 3562 ἀκροδρύων
2722 3494 2804 3526 ⁸⁸⁸
2866 3492 3082 3561 κύπροι
3131 3493 3285 3563 μετὰ
3343 3492 3603 3562 νάρὸων.

2030 3583 2264 3652 Νάρδος
2303 3583 2401 3637 καί
2472 3583 2708 3652 κρόκος,
2772 3583 3038 3653 κάλαμος
3104 3582 3205 3637 καὶ
3262 3583 3609 3655 κινάμωμον

2026 3674 2176 3745 μετὰ
2224 3675 2270 3707 ⁶⁰
2298 3673 2539 3729 πάντων
2566 3673 2768 3739 ξύλων
2791 3674 2898 3730 τοῦ
2931 3673 3187 3731 Λιϐάνου
3213 3677 3255 3707 ⁸⁸
3287 3692 3301 3708 ·
3342 3678 3604 3746 σμύρνα,

2032 3768 2186 3836 ἀλόη
2226 3767 2375 3839 μετὰ
2411 3769 2653 3823 πάντων
2700 3765 2944 3837 πρώτων
2994 3768 3218 3836 μύρων.
3275 3767 3444 3839 [Im-ii
3500 3768 3605 3835 κή-

2034 3874 2184 3924 πων,
2237 3858 2425 3930 φρέαρ
2476 3858 2696 3924 ὕδατος
2734 3857 2969 3923 ζῶντος,
2996 3857 3095 3912 καὶ
3117 3858 3462 3927 ροιζοῦντος
3487 3859 3606 3915 ἀπὸ

2036 3949 2313 4004 Λιϐάνου.
2347 3949 2533 4002 Ταῦτα
2566 3949 2764 4014 πάντα,
2791 3948 2976 4019 φησιν,
3011 3949 3343 4013 ἀπέστειλας
3363 3965 3477 4020 μοι,
3513 3949 3607 4004 καὶ

2037 4040 2420 4112 προσήνεγκάς
2480 4056 2569 4111 μοι
2622 4038 2765 4093 κατά
2804 4039 2897 4093 τὸν
2919 4039 3014 4093 τοῦ
3053 4032 3233 4110 γάμου
3259 4040 3484 4110 καιρόν·
3515 4040 3608 4093 καὶ

2038 4131 2256 4204 πρῶτον
2314 4131 2434 4202 μὲν,
2503 4132 2596 4186 τδν
2649 4129 2973 4202 παράδεισον
2994 4127 3104 4184 τῶν
3134 4129 3293 4200 ῥοῶν,
3327 4129 3387 4193 ὃς
3418 4131 3519 4183 οὐκ
3542 4126 3611 4200 ἦν

2041 4224 2266 4296 ἄμοιρος
2286 4225 2409 4279 οὐδὲ
2436 4223 2547 4278 τῶν
2573 4223 2747 4279 ἄλλων
2766 4223 3078 4296 ἀκροδρύων
3101 4239 3114 4253 ·
3148 4223 3276 4294 ῥοὰν
3291 4223 3348 4277 δὲ
3369 4221 3609 4295 ἡγοῦμαι

2041 4314 2316 4387 τροπικῶς
2331 4313 2643 4386 νομίζεσθαι
2675 4313 2773 4384 τὴν
2800 4312 3042 4387 ἀγάπην,
3073 4312 3256 4384 ἐπειδὴ
3278 4313 3369 4382 ὑφ’
3389 4310 3472 4367 ἑνὶ
3510 4330 3610 4366 κα-

2043 4405 2289 4478 λύμματι
2320 4406 2499 4477 μυρίοι
2551 4405 2690 4459 κατά
2714 4403 2907 4459 ταυτὸν
2931 4405 2977 4435 ⁸³
3012 4405 3359 4475 συγκείμενοι
3396 4404 3610 4473 κόκκοι,

2041 4499 2137 4553 καὶ
2166 4497 2413 4569 ἀλλήλοις
2457 4497 2743 4568 ήνωμένοι,
2794 4495 3055 4568 ἀλλήλους
3075 4499 3175 4550 οὐκ
3199 4494 3610 4562 ἀποθλίϐουσιν,

2039 4588 2162 4641 οὐδὲ
2185 4586 2608 4657 διαφθείρουσιν,
2638 4583 2971 4653 ὑγιαίνοντες
2995 4584 3044 4637 εί
3073 4586 3147 4656 μή
3172 4599 3255 4647 τις
3282 4582 3533 4652 σηπεδὼν
3556 4585 3613 4637 ὲν

2044 4679 2193 4750 μέσῳ
2211 4678 2451 4747 γένοιτοο
2469 4676 2586 4729 ἔστι
2613 4676 2672 4730 δὲ
2695 4676 2792 4730 καὶ
2815 4676 2879 4729 ἐκ
2905 4674 3013 4729 τῶν
3044 4674 3223 4745 μέσων
3256 4675 3613 4746 διάφραγμά-

2038 4787 2148 4824 των
2182 4770 2275 4823 καὶ
2302 4768 2498 4838 ἑτέραν
2528 4768 2709 4839 εὑρεῖν
2730 4766 2962 4840 θεωρίαν
2984 4784 2998 4799 ·
3029 4767 3123 4822 καὶ
3153 4767 3261 4838 γάρ
3290 4768 3348 4821 ὲν
3372 4770 3486 4832 τοῖς
3508 4784 3614 4822 σω-

2042 4861 2289 4931 ζομένοις
2322 4860 2490 4914 πολλὰ
2538 4859 2751 4929 ὁρῶμεν
2793 4860 3046 4930 τάγματα
3068 4875 3082 4889 ·
3127 4859 3256 4914 ἄλλο
3284 4858 3394 4929 γὰρ
3420 4859 3612 4929 τάγμα

2043 4952 2504 5022 παρθενευόντων,
2540 4953 2635 5003 καὶ
2669 4950 2799 5003 ἄλλο
2827 4951 3332 5022 ἑγκρατευομένων,
3367 4951 3461 5006 καὶ
3484 4950 3614 5005 ἄλλο

1042 5147 1068 5170 ⁸
1098 5134 1247 5193 Pssl.
1271 5148 1457 5196 um,
1487 5133 1575 5198 15,
1607 5133 1694 5186 Η.
1770 5143 1798 5182 ιδ
1821 5131 1982 5189 Joan.
2011 5151 2085 5203 iv,
2120 5134 2199 5188 Μ.

1611 5295 1849 5352 VARIA'I
1884 5292 2296 5354 LECTIONES.

440 5419 489 5454 “
517 5417 613 5481 ὡς.
650 5413 773 5469 Des.
804 5398 857 5466 in
881 5411 1004 5467 cod.

1116 5410 1581 5483 ‘N'AﬁtpMEtpégsto.
1625 5411 1681 5464 lu
1723 5413 1841 5483 eod.
1874 5408 2308 5483 scquituriPselli
2352 5406 2745 5483 interpretatio.
2816 5409 2860 5483 f‘
2899 5408 3103 5483 κῆπος.-
3124 5409 3278 5463 Hebr.
3312 5420 3614 5483 scaturigo.

371 5478 605 5617 71:116..
633 5483 755 5540 cod.
787 5482 913 5536 add.
945 5481 1060 5584 κειιίἶ
1133 5480 1180 5562 _"
1221 5478 1534 5535 ’Ἀποστολαξ
1569 5498 1682 5562 σου.
1728 5480 1883 5538 Hebr.
1914 5478 2241 5552 Propagines
2266 5486 2397 5541 tuae,
2428 5493 2473 5532 s.
2509 5478 2711 5531 surculi
2753 5478 2854 5533 tui.
2906 5479 2949 5510 ⁵⁹
2980 5479 3117 5548 μετὰ
3148 5478 3360 5549 καρποῦ
3383 5478 3615 5550 ἀκροδρ.

431 5579 457 5614 ε
497 5577 539 5611 r.
571 5570 703 5612 cum.
718 5554 896 5607 fructu
932 5559 1323 5617 pl‘t.ll05llalum
1370 5564 1416 5604 s.
1450 5561 1712 5617 pretioso.
1758 5551 1829 5605 lla
1856 5568 2073 5617 quoque
2111 5565 2160 5605 c.
2194 5550 2248 5614 5,
2282 5549 2303 5601 ί
2332 5563 2346 5611 ;
2385 5562 2435 5599 c.
2477 5547 2531 5617 7,
2566 5547 2675 5617 14,
2713 5547 2758 5579 ⁶⁰
2791 5548 2930 5617 μετὰ
2959 5548 3194 5617 -ἀλόη.
3240 5548 3362 5605 Des.
3396 5549 3453 5604 in
3481 5549 3612 5605 cod.

377 5551 2088 5679 eas-issent.parassem.an::.?:°..'a3u§:::.
2111 5547 2531 5673 satias
2550 5547 2758 5670 έέέινῖο
2959 5547 3026 5589 τ

470 5628 640 5694 ξύλων
672 5620 765 5676 τοῦ
795 5616 1115 5676 Λιϐζηεὺν.
1144 5619 1433 5675 arboribus
1451 5616 1649 5677 'thuris
1701 5637 1746 5676 s.
1786 5616 2088 5678 tliu'ril‘e'ris.
2166 5619 2211 5651 ⁶²
2246 5616 2372 5673 cod.
2402 5616 2522 5669 κατ’
2550 5616 2730 5670 αὐτόν.
