3940 6200
339 463 429 530 149

1384 472 1468 534 ΙΝ
1490 474 1874 536 CANTICUM
1892 475 2182 536 CANTIC.
2213 478 2356 537 LIB.
2390 478 2502 540 III.

3494 485 3589 549 150

330 572 463 627 οἶνόν
493 588 595 644 μου
618 573 762 644 μετά
794 571 1064 644 γάλακτός
1091 593 1212 648 μου.
1242 595 1261 629 ι
1298 579 1411 633 Οὐκ
1443 581 1757 635 ἀποσείεται
1799 580 1908 655 γὰρ

2025 597 2249 655 :umque
2278 585 2456 643 bonus
2484 586 2578 651 sit,
2622 586 2829 645 amicos
2857 588 3025 645 etiam
3057 592 3122 647 a‘d
3154 593 3463 648 convivium
3500 596 3588 650 in-

334 663 446 717 om
475 662 605 726 τοὺς
635 665 889 733 νηπίους,
914 667 1010 720 καὶ
1033 666 1195 719 οἱονεὶ
1228 667 1588 740 ὗπομαζίους,
1617 672 1714 725 καὶ
1738 671 1909 740 γαλα-

333 755 850 829 κτοτροφουμένους,
880 757 1018 812 ἀλλά
1043 758 1138 812 καὶ
1164 758 1255 813 τὸν
1279 761 1591 833 σύμμετρον
1614 765 1743 837 παρ’
1766 763 1909 817 ὲκεί-

332 866 431 901 νων
457 848 680 917 δέχεται
709 849 944 922 καρπὸν,
984 851 1078 905 καὶ
1108 851 1310 920 ἀγαθὸς
1341 852 1416 909 ὣν
1444 855 1539 909 καὶ
1568 855 1696 919 τοὺς
1723 855 1910 924 φίλους

335 938 410 1003 είς
434 939 532 1012 τὴν
550 941 791 1013 εὐωχίαν
816 942 994 1006 καλεῖ,
1014 943 1107 996 καί
1132 960 1264 1015 φησι
1281 960 1296 976 '
1333 945 1592 1014 «Φάγετε,
1612 946 1662 998 οἱ
1684 946 1910 1017 πλησίον

339 1050 458 1103 μου,
506 1035 604 1089 καὶ
654 1035 809 1090 πίετε
830 1079 844 1103 ,
892 1036 988 1091 καὶ
1036 1037 1359 1109 μεθύσθητε,
1388 1039 1661 1109 ἀδελφιδοῖ
1712 1056 1834 1110 μου.
1886 1057 1904 1091 ι

337 1124 703 1194 Πλησιάζουσι
734 1127 793 1181 δὲ
823 1126 975 1197 αὐτῷ
1004 1129 1053 1181 οἱ
1085 1127 1510 1201 τετελειωμένοι,
1537 1130 1635 1184 καὶ
1657 1130 1754 1201 τὴν
1775 1131 1911 1202 πρὸς

338 1216 492 1269 αὐτὸν
539 1218 713 1272 αὐτοῦ
733 1219 781 1251 ⁷³
821 1218 1047 1289 αὐχοῦσι
1093 1221 1435 1290 συγγένειαν,
1464 1224 1514 1276 οἱ
1577 1223 1678 1294 τήν
1727 1224 1911 1277 εἰκόνα

340 1306 696 1373 φυλάττοντες
737 1309 1080 1381 ἀδιάφθορον.
1118 1312 1228 1365 Καὶ
1255 1314 1316 1366 οὐ
1346 1313 1505 1385 μόνον
1530 1314 1713 1377 αὐτοῖς
1742 1316 1908 1378 πιεῖν,

319 1398 465 1477 ,ἀλλά
494 1399 593 1453 καὶ
622 1399 962 1471 μεθυσθῆναι
987 1401 1420 1472 παρακελεύεται
1447 1422 1462 1436 ο
1492 1404 1607 1458 ἐστι
1626 1405 1735 1476 γὰρ
1769 1404 1910 1475 μέθη

320 1480 715 1573 ῖσωφροσύνην.
751 1492 865 1546 ἀλλ’
894 1492 958 1545 οὗ
990 1494 1411 1566 παραφροσύνην
1435 1496 1774 1568 ἐργαζομένη
1803 1513 1817 1528 ο
1850 1497 1910 1549 οὐ

320 1580 689 1656 ίπαραλύουσα
714 1584 785 1638 τὰ
818 1584 978 1656 μέλη,
1012 1586 1148 1639 ἀλλά
1178 1586 1507 1658 ρωννύουσα.
1550 1587 1654 1640 «Τὸ
1683 1588 1791 1658 γὰρ
1824 1604 1914 1640 πο-

320 1658 518 1743 ῗτήριον
549 1674 719 1728 αὐτοῦ
752 1675 1020 1746 μεθύσκον
1037 1677 1169 1731 ὡσεὶ
1195 1677 1505 1750 κράτιστον.
1531 1699 1548 1730 ι
1590 1677 1845 1749 Ἀλλαχοῦ
1867 1678 1913 1711 ⁸⁸

338 1761 391 1815 δὲ
414 1763 580 1817 πάλιν
607 1766 637 1817 ὁ
660 1767 929 1838 μακάριος
959 1767 1150 1821 Δαύίδ·
1186 1788 1205 1820 ι
1227 1748 1696 1840 Μεθυσθῆσονται,
1724 1748 1910 1841 φησὶν,

2007 673 2141 728 vitat
2169 674 2256 729 bis
2283 676 2466 731 verbis
2496 694 2511 732 :
2551 694 2571 729 ι
2593 676 2896 744 Cumedite,
2927 683 3223 753 propinqui
3262 683 3390 749 mei,
3422 691 3477 737 et
3504 682 3590 738 bi-

2008 765 2160 831 bite,
2198 776 2262 821 'et
2304 769 2682 836 inebrianiini,
2742 780 2972 842 nepotes
3031 775 3156 829 mei.
3207 795 3223 827 ι
3288 776 3590 848 Propinqui

2008 856 2182 927 ipsius
2226 866 2355 913 sunt
2386 861 2486 914 viri
2524 861 2778 931 perfecti,
2823 864 3054 934 ejusque
3100 868 3432 937 cognatione
3477 869 3591 939 glo-

2009 948 2247 1015 riantur,
2287 952 2380 1022 qui
2430 953 2802 1024 incorruptam
2851 967 3073 1011 servant
3127 959 3447 1030 imaginem.
3495 958 3590 1015 llis

2010 1053 2122 1095 non
2149 1040 2326 1101 solum
2354 1041 2624 1111 praecipit,
2659 1052 2716 1095 ut
2747 1043 2960 1109 bibant,
3008 1043 3101 1099 scd
3134 1052 3192 1097 ut
3221 1045 3586 1099 inebrientur.

2010 1130 2109 1187 Est
2140 1132 2287 1187 enim
2316 1132 2579 1197 ebrietas,
2615 1148 2736 1203 quae
2783 1135 2981 1189 mentis
3035 1136 3327 1190 sanitatem
3375 1147 3429 1192 et
3464 1153 3592 1207 pru-

2011 1222 2276 1287 dentiam,
2306 1236 2419 1278 non
2449 1233 2629 1277 autem
2662 1224 2955 1278 amentiam
2983 1226 3147 1293 parit,
3178 1242 3300 1297 quae
3349 1229 3591 1282 membra

2012 1305 2361 1377 corrobosat',
2391 1326 2501 1367 non
2528 1313 2707 1368 autem
2739 1312 3027 1381 dissolvit;
3058 1329 3184 1368 nam
3224 1315 3394 1370 «calix
3419 1315 3593 1386 ipsius

2015 1404 2295 1460 inebrians
2328 1418 2594 1474 perquam
2624 1404 2919 1474 praeclarus
2951 1412 3037 1460 est
3061 1419 3109 1459 ι.
3144 1424 3162 1457 ι
3210 1405 3276 1460 Et
3309 1407 3437 1462 alibi
3469 1423 3593 1461 rur-

2017 1511 2113 1551 sus
2137 1496 2332 1551 beatus
2362 1495 2529 1549 David
2571 1513 2585 1550 :
2620 1495 3097 1560 «lnebriabuntur,
3128 1496 3331 1567 inquit,
3366 1498 3595 1568 pingue-

2017 1585 2145 1641 dine
2176 1586 2373 1640 domus
2406 1594 2532 1648 tute,
2579 1593 2635 1640 et
2679 1595 2922 1642 torrente
2952 1587 3251 1655 voluptatis
3300 1596 3405 1643 tum
3442 1597 3595 1660 pota-

2018 1678 2103 1734 bis
2138 1687 2300 1733 eosr.
2333 1696 2352 1730 ι
2407 1677 2801 1748 Superioribus
2854 1679 2928 1733 ita
2978 1679 3349 1748 pronuntiatis
3393 1694 3594 1749 sponsa

2019 1771 2157 1825 dicit

338 1851 441 1905 ἀπὸ
484 1853 748 1927 πιότητος
780 1858 932 1911 οἴκου
980 1874 1093 1922 σου,
1139 1859 1235 1912 καὶ
1275 1858 1369 1913 τὸν
1404 1860 1740 1931 χειμάρρουν
1756 1863 1800 1894 ⁸⁸
1834 1862 1932 1932 τῆς
1974 1863 2189 1933 τρυφῆς
2237 1879 2331 1915 σου
2380 1864 2584 1926 ποτιεῖς
2617 1861 2817 1925 αὐτούς
2839 1862 2911 1915 ⁸⁸.
2952 1879 2970 1913 ι
3022 1862 3143 1916 Τῶν
3194 1863 3400 1918 ἄνωθεν
3425 1863 3595 1926 οὕτως

340 1948 637 2019 ῥηθέντων,
675 1953 843 2021 φησὶν
879 1953 913 2023 ἡ
955 1953 1145 2025 νύμφη

402 2037 470 2108 β’.
525 2040 676 2110 Ἐγὼ
700 2041 988 2107 καθεύδω,
1013 2042 1112 2098 καὶ
1144 2045 1185 2113 ἠ
1223 2045 1437 2113 καρδία
1455 2062 1575 2114 μου
1602 2045 1914 2115 ἀγρυπνεῖ.

2092 2047 2258 2104 Vens.
2287 2048 2344 2104 2.
2378 2046 2487 2119 Ego
2510 2036 2742 2116 (oratio.
2762 2057 2810 2104 et
2838 2064 2930 2103 car
2956 2063 3129 2102 meum
3158 2050 3360 2120 vigilat.
3393 2049 3595 2115 Quam-

266 2122 271 2127 ’
338 2131 454 2185 Κᾶν
497 2131 609 2202 γὰρ
646 2131 755 2184 ὑπὸ
786 2131 889 2202 τῆς
929 2133 1146 2203 φύσεως
1193 2136 1525 2205 ἀναγκασθῶ
1579 2137 1749 2209 μύσαι
1791 2140 1917 2204 τοὺς

338 2222 672 2294 ὀφθαλμοὺς,
715 2225 933 2278 καὶτὸν
975 2224 1142 2281 ὕπνον
1185 2227 1462 2295 δέξασθαι,
1507 2230 1649 2285 κατὰ
1680 2231 1919 2285 διάνοιαν

339 2316 641 2387 ιτρήγορα.
670 2316 766 2370 καὶ
791 2317 883 2371 τδν
911 2318 1014 2389 τῆς
1046 2320 1320 2391 ῥᾳθυμίας
1344 2320 1510 2375 ὕπνον
1537 2324 1599 2378 οὐ
1629 2324 1920 2395 καταδεχο-

345 2425 464 2477 μαι,
506 2406 605 2461 τοῦ
631 2408 870 2479 νυμφίου
903 2408 1003 2480 τὴν
1040 2410 1339 2482 παρουσίαν
1380 2414 1780 2485 προσμένουσα.
1829 2417 1920 2471 Διὸ

339 2500 435 2553 καὶ
458 2500 791 2570 αἰσθάνομαι
817 2500 927 2554 τῶν
957 2502 1163 2556 ἐκείνου
1191 2505 1534 2576 κρουμάτων.
1556 2525 1573 2557 ι
1601 2508 1758 2578 Φωνὴ
1788 2508 1915 2580 γὰρ,

344 2592 527 2660 φησὶν,
562 2590 852 2662 ἀδελφιδοῦ
888 2611 989 2665 μου
1022 2595 1210 2667 κρούει
1233 2598 1328 2650 ἐπὶ
1361 2596 1553 2669 θύραν.
1587 2618 1606 2650 ι
1656 2600 1919 2670 Παραθή-

346 2699 549 2753 σωμεν,
583 2685 633 2737 εί
667 2684 838 2748 δοκεῖ,
871 2685 1083 2750 τούτοις
1109 2686 1178 2741 τά
1227 2690 1286 2742 ὲν
1333 2691 1449 2754 τοῖς
1467 2689 1514 2722 ⁸³
1538 2689 1705 2753 θείοις
1742 2693 1921 2760 Εὐαγ-

344 2774 543 2844 γελίοις
594 2774 703 2828 ὑπὸ
745 2775 843 2829 τοῦ
894 2777 1059 2831 καλοῦ
1107 2778 1365 2849 ποιμένος
1408 2782 1672 2853 είρημένα
1710 2799 1724 2814 ·
1786 2800 1805 2834 ι
1843 2783 1926 2837 Τά

345 2865 594 2936 πρόϐατα
618 2867 749 2938 γὰρ,
781 2868 936 2939 φησὶ,
969 2870 1038 2924 τὰ
1069 2870 1176 2939 ὲμά
1206 2871 1303 2941 τῆς
1326 2875 1510 2942 φωνῆς
1528 2890 1629 2943 μου
1662 2871 1870 2930 ἀκούει.
1900 2892 1919 2926 ι

348 2960 458 3013 Καὶ
480 2959 642 3013 πάλιν
665 2976 682 2992 ο
724 2980 744 3012 ι
766 2960 1060 3034 ’Δλλοτρίῳ
1083 2962 1140 3016 δὲ
1169 2964 1231 3017 οὐ
1261 2965 1335 3035 μὴ
1360 2964 1819 3037 ἀκολουθήσωσιν,
1844 2968 1925 3020 ὅτι

346 3051 447 3103 οὐκ
494 3051 671 3104 οίδασι
723 3049 835 3104 τῶν
883 3052 1177 3123 ἀλλοτρίων
1195 3053 1294 3126 τὴν
1336 3056 1537 3126 φωνήν.
1571 3074 1589 3107 ι
1645 3057 1929 3127 Μακάριος

349 3140 527 3193 τοίνυν
555 3142 585 3193 ὁ
618 3141 1067 3211 ποιμαινόμενος,
1095 3144 1188 3198 καὶ
1208 3144 1302 3198 τοῦ
1334 3146 1587 3216 ποιμένος
1615 3147 1717 3217 τὴν
1746 3148 1928 3218 φωνὴν

348 3233 754 3301 ἐπιγινώσκων.
817 3234 1103 3305 Μακάριος
1139 3237 1168 3290 ὁ
1213 3237 1785 3309 νυμφοστολούμενος,
1835 3240 1930 3293 καὶ

348 3323 647 3394 διακρίνειν
680 3323 1047 3395 ἐπιστάμενος
1079 3325 1262 3395 φωνὴν
1298 3326 1487 3398 μοιχοῦ
1532 3328 1626 3380 καὶ
1654 3328 1888 3398 νυμφίου

2018 2141 2103 2197 vis
2131 2141 2301 2205 enim,
2336 2139 2536 2210 inquit,
2566 2155 2596 2194 a
2644 2150 2839 2196 natura
2887 2156 3055 2212 cogar
3084 2141 3275 2197 oculos
3321 2142 3594 2208 claudere,

2019 2241 2074 2289 et
2103 2247 2354 2288 somnum
2382 2246 2600 2303 capere,
2633 2241 2815 2288 mente
2846 2241 3028 2287 tamen
3059 2233 3250 2303 vigilo,
3280 2241 3334 2287 et
3366 2233 3597 2304 ignaviae

2020 2337 2273 2378 somnum
2314 2322 2539 2377 minime
2571 2322 2839 2394 suscipio,
2882 2318 3248 2393 cum‘sponsi
3302 2325 3595 2379 adventum

2019 2421 2357 2485 exspectem.
2389 2412 2751 2479 Quamobrem
2776 2421 2830 2468 et
2861 2414 3038 2484 ipsum
3062 2414 3368 2483 pulsantem
3395 2414 3592 2471 sentio.

2028 2505 2176 2562 «Vox
2205 2506 2373 2572 enim,
2408 2506 2606 2576 inquit,
2636 2505 2854 2574 nepotis
2880 2504 2985 2559 mei
3018 2505 3197 2573 pulsat
3226 2503 3293 2558 ad
3323 2505 3545 2559 ostium.
3573 2521 3591 2554 ι

2025 2593 2325 2659 Addamus,
2366 2593 2414 2649 si
2441 2593 2675 2658 videtur,
2707 2594 2792 2649 bis
2839 2608 2903 2648 ea
2936 2608 3060 2663 quae
3102 2592 3306 2648 divinis
3344 2594 3400 2648 in
3428 2594 3596 2647 Evan-

2026 2683 2185 2754 geliis
2213 2698 2244 2738 a
2276 2683 2422 2739 bono
2457 2692 2680 2755 pastore
2708 2685 2854 2739 dicta
2883 2693 3033 2740 sunt.
3097 2701 3116 2736 ι
3143 2683 3284 2741 Oves
3309 2685 3482 2752 enim,
3518 2686 3596 2739 in-

2024 2775 2168 2845 quit,
2201 2788 2336 2829 meae
2373 2789 2563 2831 vocem
2614 2789 2791 2829 meam
2840 2776 3135 2830 audiunt‘.
3171 2795 3190 2827 ι
3248 2775 3312 2829 Et
3353 2792 3548 2831 rursus
3581 2794 3593 2829 :

2030 2868 2315 2924 «Alienum
2354 2875 2536 2922 autem
2588 2882 2698 2922 non
2733 2874 3057 2937 sequentur,
3114 2867 3242 2937 quia
3288 2882 3397 2921 non
3434 2884 3586 2922 nove-

2026 2966 2159 3014 runt
2204 2954 2394 3013 vocem
2446 2958 2747 3013 alienorum
2764 2970 2812 3012 ει.
2847 2975 2867 3009 ι
2921 2957 3107 3023 Quare
3151 2958 3346 3013 beatus
3388 2957 3479 3012 ille
3505 2958 3596 3025 qui

2029 3051 2297 3121 pascitur,
2340 3059 2393 3105 et
2422 3052 2660 3121 pastoris
2697 3049 2856 3120 109
2885 3064 3073 3104 vocem
3103 3050 3368 3119 agnoscit.
3400 3048 3597 3104 Beatus

2029 3146 2119 3216 qui
2147 3146 2200 3199 in
2233 3159 2491 3216 sponsam
2523 3144 2731 3199 electus
2752 3151 2855 3207 est,
2881 3150 3043 3212 atque
3074 3142 3307 3196 adulteri
3329 3149 3381 3196 et
3405 3143 3595 3211 sponsi

2029 3253 2222 3293 vocem
2267 3237 2374 3292 scit
2412 3236 2753 3306 dignoscere.
2793 3235 2994 3289 Beatus
3048 3233 3144 3302 qui
3193 3232 3327 3287 dicit
3377 3250 3391 3287 :
3433 3251 3451 3283 «
3481 3231 3597 3288 Non

2032 3330 2175 3385 dabo
2206 3343 2461 3384 somnum
2493 3326 2667 3381 oculis
2697 3324 2856 3388 meis,
2898 3333 2951 3379 et
2987 3324 3264 3395 palpebris
3298 3323 3436 3378 meis
3471 3324 3595 3378 dor-

350 3389 616 3487 μακάριος
637 3419 668 3470 ὁ
686 3416 864 3485 λέγων
878 3389 899 3446 ’1
928 3435 946 3468 ι
969 3417 1042 3471 Ού
1058 3389 1106 3450 εί
1127 3389 1284 3471 δώσω
1298 3389 1471 3472 ῦπνον
1492 3421 1605 3483 τοῖς
1628 3389 1921 3490 ὀφθαλμοῖς

2033 3420 2371 3475 mitationem
2392 3418 2443 3483 1³,
2476 3437 2495 3469 ι
2548 3416 2643 3471 sed
2674 3415 2883 3485 vigilat,
2917 3421 2973 3470 et
2988 3389 3262 3485 _sponsum
3296 3420 3598 3483 exspectat,

349 3525 474 3577 μου,
502 3509 597 3561 καὶ
623 3511 736 3572 τοῖς
768 3507 1056 3579 βλεφάροις
1084 3525 1187 3577 μου
1213 3510 1538 3580 νυσταγμὸν,
1572 3529 1590 3561 ι
1628 3510 1743 3563 ἀλλ’
1771 3513 1929 3583 ἐγρη-

346 3599 524 3671 γορὼς
557 3600 656 3653 καὶ
694 3599 784 3652 τὸν
810 3599 1040 3670 νυμφίον
1068 3599 1355 3670 ἀναμένων
1393 3600 1535 3653 κατὰ
1564 3601 1663 3668 τὴν
1695 3601 1858 3654 αὐτοῦ
1882 3602 1927 3637 ⁸⁸

344 3691 438 3747 τοῦ
462 3692 669 3764 Κυρίου
696 3691 1043 3760 παραίνεσιν·
1078 3709 1097 3741 ι
1121 3691 1449 3762 Γρηγορεῖτε
1475 3691 1603 3761 γὰρ,
1636 3692 1817 3762 φησὶν,
1846 3692 1929 3745 ὅτι

346 3783 445 3837 οὐκ
470 3783 653 3837 οίδατε
680 3782 813 3852 ποίᾳ
838 3780 958 3853 ὥρᾳ
984 3783 1012 3835 ὁ
1036 3781 1238 3851 Κύριος
1269 3782 1421 3853 ὑμῶν
1451 3781 1686 3854 ἔρχεται.
1719 3801 1738 3834 ι
1781 3784 1927 3836 Ταύ-

346 3891 445 3946 την
471 3874 531 3927 δὲ
574 3874 673 3927 καὶ
716 3873 746 3925 ὁ
778 3872 1045 3943 μακάριος
1091 3871 1302 3935 Παῦλος
1336 3873 1636 3944 προσφέρει
1665 3874 1762 3944 τὴν
1788 3890 1928 3945 συμ-

349 3965 564 4037 ϐουλήν,
593 3965 774 4033 λέγων
798 3980 812 3995 ·
863 3982 881 4015 ι
904 3963 1248 4036 Γρηγορεῖτε,
1281 3966 1508 4035 στήκετε
1543 3967 1603 4018 ὲν
1632 3967 1698 4036 τῇ
1725 3965 1927 4028 πίστει,

349 4056 684 4129 ἀνδρίζεσθε,
741 4054 1139 4127 κραταιοῦσθε,
1198 4055 1374 4109 πάντα
1428 4056 1581 4127 ὑμῶν
1630 4056 1689 4109 ὲν
1740 4056 1930 4129 ἀγάπῃ

350 4148 604 4217 γινέσθω.
622 4167 642 4200 ι
665 4148 1029 4218 Ἐγρηγορυία
1050 4147 1229 4201 τοίνυν
1254 4149 1289 4218 ὴ
1311 4146 1519 4216 νύμφη,
1541 4148 1718 4203 καίτοι
1733 4147 1931 4202 καθεύ-

348 4240 427 4294 δει
456 4240 503 4274 ⁸⁸
551 4240 646 4294 τὸν
695 4239 1010 4310 σωματικὸν
1044 4238 1247 4306 ὕπνον,
1292 4242 1349 4292 ὲν
1390 4238 1687 4293 ἀπολαύσει
1723 4240 1929 4309 γίνεται

350 4332 445 4402 τῆς
493 4334 683 4401 φωνῆς
724 4330 822 4385 τοῦ
864 4330 1137 4402 νυμφίου,
1172 4329 1267 4384 καὶ
1309 4330 1419 4383 τῶν
1462 4328 1788 4401 κρουμάτων
1833 4330 1931 4399 τῆς

348 4424 518 4495 θύρας
544 4422 738 4478 ἀκούει
761 4439 776 4455 ⁸
824 4421 972 4485 τίνες
999 4421 1057 4475 δὲ
1100 4421 1158 4475 αἱ
1190 4419 1351 4493 θύραι
1383 4421 1478 4491 τῆς
1505 4420 1701 4491 ψυχῆς,
1748 4420 1861 4474 ἀλλ’
1894 4421 1928 4491 ἢ

350 4515 442 4570 τοῦ
489 4516 748 4586 σώματος
795 4514 853 4568 αἱ
900 4514 1206 4585 αἰσθήσεις,
1280 4513 1347 4566 δι’
1396 4506 1472 4567 ὧν
1516 4515 1549 4584 ή
1603 4514 1790 4585 νύμφη
1838 4513 1930 4567 τὸν

355 4608 584 4677 νυμφίον
602 4606 648 4637 ⁸⁷
683 4606 986 4676 εἰσδέχεται
1023 4604 1085 4659 οὑ
1136 4604 1296 4674 μόνον
1338 4605 1623 4676 κρούοντα,
1657 4605 1792 4660 ἀλλὰ
1833 4605 1930 4659 καὶ

2030 3509 2489 3582 quemadmodum
2526 3509 2643 3577 ipse
2695 3508 2956 3561 Dominus
3005 3514 3187 3561 monet
3230 3525 3244 3560 :
3300 3505 3598 3577 «Vigilate,

2030 3602 2305 3672 inquiens,
2338 3598 2738 3670 quia‘nescitis
2785 3612 2891 3668 qua
2945 3598 3077 3651 liora
3126 3597 3388 3651 Dominus
3419 3604 3604 3651 vester

2030 3696 2240 3747 venite.
2273 3711 2293 3743 ι
2336 3693 2482 3745 Idem
2515 3690 2807 3745 consilium
2841 3688 2997 3742 aﬂ‘crt
3024 3690 3187 3743 etiam
3236 3689 3428 3743 beatus
3460 3687 3598 3741 Pan.

2031 3786 2116 3840 lus
2166 3804 2179 3841 :
2226 3804 2245 3837 ι
2276 3783 2531 3854 Vigilatc,
2568 3782 2844 3851 inquiens,
2894 3788 3037 3836 state
3087 3781 3144 3834 in
3193 3780 3320 3847 ilde,
3367 3780 3598 3834 viriliter

2031 3877 2208 3946 agite,
2265 3873 2681 3937 confortamini,
2726 3873 2912 3927 omnia
2980 3879 3160 3927 vestra
3223 3871 3279 3925 in
3335 3871 3600 3927 charitatc
3698 3868 3705 3877 ’

2031 3967 2226 4023 ﬁant“.
2261 3985 2279 4018 ι
2335 3966 2468 4020 Dum
2506 3966 2694 4036 vigilat
2722 3966 2892 4035 igitur
2928 3978 3152 4034 sponsa,
3199 3964 3325 4019 licet
3365 3963 3599 4018 dormiat

2029 4072 2224 4114 somno
2263 4071 2553 4127 corporeo,
2587 4071 2719 4111 voce
2767 4055 2966 4110 fruitur
3010 4055 3196 4125 sponsi
3232 4055 3338 4121 sui,
3369 4069 3601 4125 cumque

2032 4149 2100 4205 ad
2132 4148 2278 4203 fores
2306 4148 2610 4218 pulsantem
2641 4147 2883 4203 exaudit.
2921 4146 3052 4211 Quae
3081 4153 3262 4200 autem
3300 4145 3445 4201 fores
3484 4146 3599 4199 ani-

2032 4254 2135 4295 mat
2167 4246 2316 4304 sunt,
2364 4238 2469 4293 nisi
2509 4238 2756 4308 corporis
2805 4252 3039 4301 sensus,
3090 4251 3184 4306 per
3226 4252 3367 4307 quos
3399 4252 3600 4306 sponsa

2033 4345 2295 4402 sponsum
2312 4329 2533 4398 excipit,
2551 4343 2659 4383 non
2684 4329 2845 4383 modo
2869 4330 3201 4399 pulsantem,
3228 4341 3414 4381 verum
3439 4327 3601 4381 etiam

2032 4422 2461 4492 praecipientem,
2481 4428 2541 4475 ut
2559 4421 2662 4476 sibi
2687 4420 2830 4475 fores
2854 4418 3212 4489 aperiantur?
3240 4418 3433 4487 «Aperi
3458 4418 3601 4471 enim

2032 4514 2186 4580 mihi,
2222 4515 2418 4584 inquit,
2455 4528 2615 4569 soror
2645 4526 2785 4575 mea,
2822 4511 3129 4581 propinqua
3173 4524 3314 4572 mea,
3350 4509 3600 4563 columba

2033 4620 2173 4669 mea,
2215 4604 2456 4675 perfecta
2493 4618 2631 4668 mea,
2675 4604 2805 4672 quia
2839 4609 3002 4671 caput
3035 4616 3215 4656 meum
3265 4602 3484 4671 plenum
3520 4607 3602 4655 est

352 4698 633 4769 ἀνοιγῆναι
654 4697 801 4768 αὑτῷ
818 4698 916 4768 τὴν
937 4696 1106 4769 θύραν
1129 4696 1624 4766 παρακαλοῦντα⁸³;
1654 4715 1672 4749 ι
1688 4696 1921 4763 Ἀνοιξον

2036 4708 2180 4759 rore,
2212 4701 2266 4748 et
2308 4692 2555 4746 cincinni"
2595 4692 2699 4745 mei
2730 4692 2900 4760 guttis
2933 4691 3135 4746 noctis.
3175 4709 3193 4741 ι
3246 4689 3351 4745 Per
3388 4697 3600 4744 noctem

356 4787 462 4859 γάρ
501 4806 613 4859 μοι,
661 4789 847 4858 φησὶν,
887 4786 1094 4859 ἀδελφή
1129 4805 1253 4859 μου,
1291 4788 1324 4857 ή
1361 4786 1588 4856 πλησίον
1618 4804 1740 4857 μου,
1773 4803 1928 4857 περι-

361 4881 522 4952 στερὰ
552 4896 677 4951 μου,
717 4879 898 4933 τελεία
944 4896 1068 4951 μου,
1107 4880 1189 4934 ὅτι
1228 4882 1262 4952 ή
1298 4878 1505 4948 κεφαλή
1545 4895 1647 4948 μου
1685 4878 1927 4949 ἐπλήσθη

321 4958 566 5041 ’δρόσου,
610 4972 708 5026 καὶ
760 4973 812 5025 οἱ
868 4972 1152 5044 βόστρυχοι
1203 4990 1305 5043 μου
1352 4972 1601 5042 ψεκάδων
1648 4972 1860 5035 νυκτός.
1907 4990 1924 5021 ι

362 5063 619 5133 Σημαίνει
650 5063 707 5116 δὲ
738 5063 828 5117 διὰ
874 5064 972 5133 μὲν
1014 5064 1114 5134 τῆς
1140 5064 1332 5128 νυκτὸς
1364 5063 1460 5134 τὴν
1496 5065 1553 5116 ὲν
1582 5064 1739 5116 νυκτὶ
1785 5079 1934 5129 γενο-

365 5156 529 5225 μένην
570 5154 719 5226 αὐτῷ
768 5155 875 5208 ὑπὸ
925 5154 1033 5208 τῶν
1076 5156 1344 5210 Ἰουδαίων
1390 5157 1754 5209 ἐπανάστασιν
1780 5171 1793 5183 ο
1844 5154 1935 5207 διὰ

362 5247 416 5299 δὲ
469 5247 566 5316 τῆς
606 5248 798 5319 δρόσου
824 5288 842 5312 ,
891 5248 986 5301 καὶ
1043 5247 1152 5300 τῶν
1195 5247 1464 5317 ψεκὰδων,
1513 5247 1602 5299 τὸν
1636 5247 1934 5317 τριήμερον

455 5416 483 5444 ι
511 5407 654 5465 Psal.
692 5425 833 5470 χχιι,
868 5410 921 5463 5.
999 5419 1028 5458 γ
1059 5409 1204 5466 Psal.
1238 5427 1402 5474 xxxv,
1433 5411 1485 5463 9.

367 5476 395 5515 ιι
422 5474 444 5531 l
472 5477 599 5534 Cor.
644 5495 757 5545 xvn,
794 5479 883 5542 i5,
920 5479 1002 5534 14.

1568 5420 1588 5447 τ
1622 5409 1783 5464 Joau.
1812 5424 1865 5473 ς,
1899 5406 1988 5459 ‘27.

2033 4786 2250 4857 quidem
2304 4783 2576 4854 signiﬁcat
2617 4781 2932 4837 Judaeorum
2986 4783 3270 4853 impetum,
3303 4799 3413 4852 quo
3446 4784 3601 4838 illum

2036 4886 2195 4934 nocte
2246 4877 2422 4932 adorti
2473 4883 2636 4941 sunt;
2690 4891 2786 4945 per
2838 4890 3021 4931 rorem
3069 4883 3248 4931 autem
3300 4884 3354 4930 et
3397 4883 3601 4946 guttas.

2038 4973 2206 5025 trium
2257 4969 2469 5023 dierum
2506 4976 2760 5035 mortem,
2812 4982 2976 5037 quam
3025 4967 3267 5022 cincinni
3298 4967 3512 5037 capitis,
3554 4976 3601 5019 et

2037 5079 2145 5118 non
2185 5064 2302 5133 ipse
2348 5062 2608 5131 suscepit.
2664 5059 2933 5128 Quoniam
2967 5060 3157 5130 igitur,
3190 5060 3388 5130 inquit,
3422 5075 3521 5128 pro
3554 5066 3610 5113 te

2037 5163 2265 5210 mortem
2301 5153 2579 5216 sustinui,
2632 5160 2687 5209 et
2736 5159 2960 5222 propter
3010 5161 3065 5205 te
3095 5152 3213 5206 haec
3256 5152 3603 5205 incommoda

2038 5260 2233 5316 passus
2262 5258 2408 5311 sum,
2434 5246 2580 5313 aperi
2613 5244 2766 5309 mihi,
2791 5251 2844 5298 et
2874 5242 3093 5312 suscipe
3122 5257 3227 5296 me.
3263 5242 3436 5310 Diligo
3459 5242 3603 5297 enim

2068 5417 2091 5444 ει
2129 5404 2262 5459 Ibid.
2291 5406 2343 5457 5.
2453 5404 2481 5442 ι)
2507 5403 2653 5457 Psal.
2691 5417 2876 5463 cxxxu,
2909 5402 2961 5455 4.
3073 5412 3093 5439 ε
3120 5398 3308 5453 Matth.
3342 5415 3488 5463 xxw,
3515 5398 3603 5452 42.

2453 5404 2481 5442 b
2507 5403 2653 5457 Psal.
2691 5417 2876 5464 cxxxu,
2909 5402 2961 5455 4.

1702 5598 1935 5656 VARUE
1989 5594 2393 5651 LECTIONES.

438 5729 484 5761 "
518 5731 699 5788 αὐτοῦ.
760 5736 929 5792 Abest
982 5753 1011 5791 a
1067 5738 1189 5792 cod.

442 5733 484 5813 ξ’
518 5733 722 5813 αὐτοῦ..
760 5736 1011 5813 Abest_a
1067 5738 1189 5792 cod.
1273 5739 1348 5813 _‘_’
1388 5740 1641 5809 ἀλλαχοῦ.
1703 5740 1826 5813 cod.
1882 5754 2093 5813 prtem;
2124 5733 2237 5813 ζιρί-

369 5798 595 5878 guis-lo
624 5806 747 5878 eod.
804 5808 1053 5876 sequitur
1101 5809 1369 5878 expositio
1482 5798 1646 5862 trium
1704 5798 1946 5862 Patrum.

2344 5731 2387 5762 si
2422 5730 2513 5781 τδν
2569 5746 2716 5796 χειμ,
2780 5727 2899 5779 \‘id.
2970 5741 3022 5794 p.
3055 5723 3142 5785 56,
3178 5740 3234 5786 ιι,
3427 5724 3605 5796 3’35;

2050 5805 2095 5835 “3
2133 5802 2171 5853 Ε
2195 5800 2318 5853 cod.
2351 5799 2526 5866 suppl.
2571 5792 2600 5796 ’ἡ
2623 5792 2669 5866 οξ
2700 5798 2779 5848 οὐ.
2822 5792 3045 5866 Supra.
3084 5796 3232 5866 si._l.
3264 5792 3417 5866 Δία).
3450 5793 3605 5847 1506.

372 5868 418 5899 ﬂ
595 5874 788 5943 αὐτήν,
863 5863 910 5910 s'o
931 5878 1053 5932 cod.
1089 5863 1188 5931 κά,;
1213 5882 1290 5950 τῷ
1329 5878 1628 5933 καθεύδειν,
1704 5881 1747 5910 ιτ
1778 5879 1900 5932 σου,
1934 5876 2025 5930 τοῦ
2056 5870 2308 5940 νυμφίου,
2352 5870 2397 5900 ⁸⁸
2423 5863 2624 5933 παρακ.
2655 5863 2708 5916 in
2734 5865 2854 5917 cod.
2896 5864 3141 5933 sequitur
3159 5863 3315 5920 Pselli
3345 5864 3604 5931 interpre-

379 5937 532 5996 tatio.
