3940 6200
337 412 436 483 151

1369 421 1855 483 ΤΗΕΟΒΟΒΕΊῚ
1897 421 2235 482 EPISCOPI
2278 421 2644 482 CYRENSIS

3488 402 3593 489 152

334 529 679 601 spiritualem
733 528 1199 603 pulchritudinem
1249 544 1437 600 tuam,
1490 541 1545 590 et
1592 534 1648 590 in
1701 535 1906 591 virtute

2024 535 2258 601 θάνατον,
2288 535 2347 588 ὃν
2374 536 2424 588 οί
2455 534 2739 605 βόστρυχοι
2764 530 2863 602 τῆς
2893 530 3158 603 κεφαλῆς,
3181 535 3274 588 καὶ
3303 535 3404 591 οὐκ
3423 534 3589 599 αὐτὸς

338 618 756 690 perfectionem.
805 622 1174 690 Quamobrem
1224 632 1278 679 et
1311 638 1562 679 sororem
1607 638 1807 689 meam,
1854 632 1910 680 et

339 714 702 786 propinquam
733 730 933 781 meam,
977 724 1032 770 et
1073 716 1383 772 columbam
1415 730 1614 778 meam,
1651 722 1706 772 et
1731 715 1908 786 perte.

337 813 479 858 ctam
505 821 678 862 meam
704 816 754 861 te
780 808 1021 862 nomino.
1054 807 1356 863 Perfectam
1381 808 1628 878 quidem,
1649 809 1909 879 quoniam

340 895 454 965 lege
502 898 875 968 praescriptam
923 899 1022 954 tibi
1082 915 1112 953 a
1163 914 1252 955 me
1300 897 1692 970 perfectionem
1753 900 1911 971 uo

256 1022 263 1029 -
342 996 585 1056 praestas.
619 988 731 1057 Ego
760 990 904 1044 enim
934 989 1052 1045 dixi
1097 1012 1110 1047 :
1150 1011 1168 1044 ι
1196 991 1429 1049 l’erlecti
1457 999 1655 1058 estote,
1682 992 1827 1047 sicut
1856 998 1911 1047 et

344 1079 501 1133 Pater
532 1086 713 1135 vester
742 1080 986 1136 emlestis
1020 1081 1304 1152 perfectus
1329 1090 1415 1140 est
1435 1095 1483 1138 θ.
1520 1102 1539 1136 ι
1573 1082 1640 1137 Ει
1669 1098 1907 1140 rursus:

344 1186 366 1220 ι
395 1167 453 1223 Si
501 1169 584 1226 vis
614 1170 894 1241 perfectus
927 1188 1074 1240 esse,
1128 1175 1304 1231 vende
1342 1190 1466 1247 quae
1521 1175 1693 1231 habes
1736 1182 1793 1230 et
1840 1177 1908 1230 da

341 1261 714 1332 pauperibus,
757 1272 812 1319 et
855 1263 1083 1323 habebis
1138 1268 1459 1324 thesaurum
1510 1266 1579 1321 in‘
1613 1266 1806 1333 C(BIis,
1857 1274 1913 1323 et

341 1351 541 1409 tollens
588 1369 811 1437 crucem
858 1364 1006 1411 tuam
1057 1374 1290 1428 sequere
1333 1374 1418 1414 me
1446 1356 1489 1413 ί.
1523 1377 1542 1411 ι
1587 1357 1909 1415 Columbam

342 1459 470 1500 vero
504 1461 678 1500 meam
713 1464 870 1514 voco,
907 1450 1033 1520 quia
1064 1451 1372 1521 spiritualis
1399 1449 1594 1507 ell‘eeta
1623 1466 1705 1518 es,
1737 1459 1792 1506 et
1820 1467 1914 1507 ve-

341 1544 511 1591 terem
538 1537 811 1596 hominem
837 1542 1039 1599 exuisti
1064 1558 1189 1598 eum
1215 1543 1363 1599 vitiis
1387 1550 1441 1597 et
1464 1542 1914 1612 eupiditatibus‘,

340 1632 393 1678 et
422 1627 782 1694 spiritualiter
833 1639 989 1702 potes
1036 1632 1262 1688 intueri.
1312 1632 1684 1703 Propinquam
1740 1648 1916 1689 meam

342 1718 557 1787 appello
582 1721 766 1790 ,‘quia
799 1737 895 1793 per
925 1723 1152 1794 vestigia
1186 1739 1305 1779 mea
1351 1725 1581 1791 incedis,
1616 1733 1672 1781 et
1721 1725 1788 1781 ad
1831 1740 1919 1781 me

341 1810 783 1890 appropinquare
809 1816 1177 1886 concupiscis.
1200 1815 1315 1887 Ego
1353 1817 1501 1871 enim
1521 1818 1637 1872 dixi
1663 1836 1680 1875 :
1713 1817 1919 1889 Appro-

2011 628 2321 692 ὑπεδέξατο.
2342 626 2561 698 Ἐπειδὴ
2591 626 2790 690 τοίνυν,
2825 625 2981 695 φησὶ,
3012 624 3104 678 τὸν
3139 625 3280 698 ὑπὲρ
3299 626 3395 681 σοῦ
3433 626 3597 682 θάνα-

2008 734 2098 773 τον
2130 718 2524 790 κατεδεξάμην,
2552 718 2646 772 καὶ
2669 717 2755 772 διὰ
2788 717 2847 770 σὲ
2875 716 3045 771 ταῦτα
3070 717 3361 790 ὑπέμεινα,
3385 719 3596 786 ᾶνοιξάν

2014 828 2126 882 μοι,
2159 811 2254 864 καὶ
2282 809 2537 875 ύπόδεξαί
2570 825 2637 878 με
2661 825 2676 839 ο
2723 808 2923 875 ἀγαπῶ
2952 807 3061 878 γάρ
3093 824 3186 861 σου
3213 807 3313 880 τὴν
3349 826 3596 877 πνευμα-

2009 904 2165 974 τικὴν
2191 901 2514 972 εὐμορφίαν,
2538 900 2633 953 καὶ
2653 900 2750 972 τὴν
2765 901 2823 953 ὲν
2840 900 3007 970 ἀρετῇ
3029 900 3362 972 τελειότητα.
3386 901 3477 954 Διὸ
3498 901 3597 954 καὶ

2010 992 2241 1063 ἀδελφήν
2257 1009 2356 1063 μου
2372 992 2540 1059 καλῶ,
2555 993 2648 1046 καὶ
2658 990 2883 1062 πλησίον
2900 993 3118 1062 μου,καὶ
3131 992 3460 1063 περιστεράν
3473 1008 3599 1063 μου,

2013 1084 2106 1140 καὶ
2119 1084 2332 1139 τελείαν
2354 1101 2478 1155 μου.
2505 1083 2730 1138 Τελείαν
2752 1083 2870 1154 μὲν,
2892 1082 2968 1147 ὡς
2986 1084 3086 1156 τὴν
3104 1084 3196 1138 ὑπ’
3218 1083 3356 1155 ἐμοῦ
3376 1083 3598 1154 νομοθε⁴

2011 1179 2266 1250 τηθεῖσαν
2292 1176 2605 1248 τελειότητα
2630 1175 2891 1230 τελοῦσαν
2909 1191 2925 1207 ⁸
2963 1175 3076 1245 ἐγὼ
3104 1176 3212 1248 γὰρ
3236 1177 3376 1248 ἔφην
3403 1193 3418 1206 ο
3467 1194 3489 1227 ι
3513 1174 3630 1259 Γί-ἔ

2013 1270 2169 1324 νεσθε
2215 1269 2433 1333 τέλειοι,
2479 1266 2719 1331 καθὼς⁸⁹
2760 1268 2790 1321 ὁ
2832 1267 3020 1339 Πατὴρ
3075 1267 3230 1338 ὑμῶν
3275 1270 3304 1322 ὁ
3346 1267 3601 1340 οὐράνιος

2014 1360 2216 1423 τέλειός
2266 1361 2404 1415 ἐστι.
2445 1379 2464 1411 ι
2546 1360 2656 1413 Καὶ
2702 1358 2864 1413 πάλιν
2896 1375 2909 1388 ⁸
2990 1378 3008 1410 ι
3046 1360 3113 1414 Ei
3173 1359 3348 1423 θέλεις
3396 1358 3602 1420 τέλειος

2016 1454 2288 1523 γενέσθαι,
2318 1453 2568 1526 πώλησόν
2597 1462 2692 1507 σου
2720 1452 2790 1506 τὰ
2816 1452 3152 1523 ὑπάρχοντα,
3198 1453 3293 1506 καὶ
3331 1452 3421 1515 δὺς
3452 1468 3603 1503 πτω-

2017 1546 2166 1614 χοῖς,
2212 1544 2304 1597 καὶ
2327 1544 2471 1608 ἕξεις
2520 1543 2793 1614 θησαυρὸν
2831 1545 2888 1597 ἐν
2920 1544 3173 1614 οὐρανοῖς
3198 1560 3211 1573 ·
3269 1542 3367 1595 καὶ
3415 1540 3602 1595 λαϐὼν

2016 1634 2109 1687 τὸν
2135 1633 2367 1704 σταυρόν
2397 1651 2513 1699 σου,
2543 1633 2826 1687 ἀκολούθει
2857 1650 2967 1703 μοι.
3000 1651 3018 1684 ι
3044 1630 3380 1703 Περιστερόω
3405 1630 3464 1684 δέ
3500 1647 3602 1701 μου

2019 1724 2189 1790 καλῶ,
2233 1724 2309 1787 ὡς
2336 1708 2708 1797 πνεύματικὴν
2742 1724 3058 1796 γενομένην,
3107 1724 3201 1777 καὶ
3235 1723 3328 1777 τὸν
3370 1721 3603 1776 παλαιὸν

2020 1817 2305 1889 ἄνθρωπον
2357 1817 2813 1889 άπεκδυσαμένην
2869 1818 2965 1871 σὺν
3011 1818 3124 1880 τοῖς
3174 1815 3463 1886 παθήμασι
3510 1815 3605 1868 καὶ

345 1901 606 1971 pinquate
637 1905 796 1974 mibi,
825 1916 880 1963 et
902 1908 1356 1978 appropinquabo
1387 1909 1543 1965 vobis
1566 1910 1634 1962 ε’.
1668 1909 1918 1966 Sororem

2024 1913 2141 1974 ταῖς
2173 1908 2512 1978 ἐπιθυμίαις,
2546 1909 2643 1963 καὶ
2681 1909 3073 1981 πνευματικῶς
3100 1909 3231 1979 ὀρᾷν
3269 1907 3599 1979 δυναμένην.

339 1989 575 2087 denique
620 1995 769 2062 dico,
816 2010 926 2053 non
971 2000 1148 2055 solum
1182 2007 1421 2087 propter
1469 2009 1702 2067 naturae,
1750 2017 1917 2072 quam

344 2085 589 2154 suscepi,
620 2088 1103 2157 necessitudinem,
1133 2085 1318 2145 verum
1349 2091 1511 2145 etiam
1538 2091 1758 2161 pietatis
1787 2106 1918 2147 con-

345 2171 706 2242 iunctionem.
772 2176 1166 2250 Superioribus
1232 2181 1400 2253 igitur
1465 2182 1647 2240 verbis
1712 2183 1918 2240 auditis

346 2282 550 2334 sponsa
580 2271 891 2340 respondet,
931 2272 1119 2329 dicens
1151 2291 1167 2329 :

2022 2000 2259 2072 Πλησίον
2301 2001 2360 2055 δέ
2393 2018 2516 2071 μου,
2565 2001 2640 2064 ὡς
2684 2002 2805 2056 κατ’
2841 2002 2986 2073 ἴχνος
3022 2018 3121 2072 μου
3156 2000 3468 2071 βαίνουσαν,
3507 1999 3604 2053 καὶ

2021 2092 2261 2162 ἐγγίζειν
2288 2110 2380 2164 μοι
2399 2091 2768 2162 ἐπιθυμοῦσαν
2785 2109 2799 2123 ’
2832 2090 2943 2161 ἐγὼ
2967 2092 3076 2159 γάρ
3103 2089 3239 2159 ἔφην
3258 2106 3272 2120 °
3315 2089 3603 2163 Ἐγγίσατέ

2025 2203 2137 2257 μοι,
2161 2184 2257 2239 καὶ
2282 2183 2450 2255 ὲγγιῶ
2474 2185 2634 2255 ύμῖνο
2666 2204 2683 2236 ι
2721 2183 2872 2238 καλῶ
2894 2183 2952 2236 δὲ
2982 2182 3074 2236 καὶ
3108 2181 3340 2252 ἀδελφήν
3370 2197 3474 2251 μου
3493 2196 3508 2210 ·
3539 2181 3601 2232 ού

2020 2277 2111 2332 διά
2139 2277 2203 2330 τὸ
2252 2276 2513 2346 συγγενὲς
2565 2277 2724 2345 μόνον
2768 2279 2869 2347 τῆς
2919 2274 3153 2346 φύσεως,
3199 2268 3268 2344 ἧς
3315 2270 3602 2337 ἀνέλαϐον,

342 2356 477 2412 ἀλλὰ
519 2359 613 2414 καὶ
640 2361 728 2415 διά
750 2363 849 2434 τὴν
893 2365 995 2435 τῆς
1029 2364 1310 2430 εὐσεϐείας
1347 2367 1738 2438 οίκειότητα⁹⁰.
1789 2367 1911 2422 Τῶν
1945 2366 2154 2427 ἄνωθεν
2178 2366 2272 2427 οῦν
2298 2371 2559 2443 ῥημάτιον
2582 2371 2615 2442 ἡ
2636 2368 2820 2438 νύμφη
2887 2367 3178 2434 ἀκούουσα,
3238 2364 3605 2437 ἀποκρίνεται

344 2449 576 2520 λέγουσα
598 2469 612 2483 ο

412 2540 582 2600 Vens.
614 2546 670 2600 5.
718 2544 861 2601 Επιιὶ
900 2549 1134 2603 tunicam
1179 2566 1370 2614 meam,
1398 2553 1662 2623 quomodo
1702 2552 1924 2607 induam

2099 2558 2168 2620 γ’.
2222 2547 2632 2618 Ἐξεδυσάμην
2675 2546 2780 2600 τὸν
2809 2543 3031 2615 χιτῶνά
3072 2561 3215 2614 μου,
3266 2541 3393 2609 πῶς
3432 2539 3603 2595 ἐνδύ-

346 2634 539 2692 illam?
578 2636 710 2693 Lavi
753 2639 907 2707 pedes
944 2658 1081 2697 nteos
1109 2644 1407 2712 :quomado
1437 2644 1722 2715 inquinabo
1754 2644 1918 2700 illos!

2026 2657 2207 2712 σομαι
2239 2640 2481 2695 αὐτόν⁹¹
2497 2657 2518 2704 ;
2573 2637 2902 2706 Ὲνιψιίμην
2924 2635 3063 2701 τοὺς
3091 2634 3281 2699 πόδας
3301 2651 3443 2703 μου,
3473 2628 3602 2698 πῶς

344 2726 626 2794 Quantum
671 2730 984 2787 detrimenti
1039 2733 1259 2803 pigritia
1307 2736 1504 2805 pariat,
1553 2743 1608 2791 et
1656 2745 1921 2807 quantum

347 2821 552 2877 laboris
592 2824 853 2895 segnibus
916 2826 1102 2882 aﬂ'erat
1153 2829 1402 2899 ignavia,
1456 2828 1587 2885 hinc
1628 2829 1920 2885 discimus.

2019 2732 2270 2806 μολυνῶ
2296 2732 2546 2796 αὐτούς;
2578 2727 2951 2798 Διδασκόμεθα
2979 2725 3247 2791 ἐντεῦθεν,
3272 2726 3403 2794 ὅσην
3427 2723 3604 2776 τίκτει

2027 2826 2252 2899 βλάϐην,
2286 2825 2379 2880 καὶ
2426 2826 2548 2878 ὅσον
2592 2821 2843 2892 ἐπιφέρει
2893 2820 3053 2873 πόνον
3077 2819 3189 2880 τοῖς
3234 2814 3538 2888 χρωμένοις
3573 2814 3604 2866 ὁ

348 2910 483 2967 Dum
515 2914 660 2970 enim
691 2924 920 2972 excusat
952 2932 1011 2974 se
1056 2934 1291 2990 sponsa,
1338 2935 1437 2975 nec
1487 2921 1671 2977 statim
1715 2935 1918 2992 sponso

2024 2922 2181 2986 ὕκνος
2206 2936 2222 2949 ·
2255 2917 2544 2980 άναόολαῖς
2577 2916 2684 2987 γάρ
2717 2915 2749 2984 ἡ
2778 2913 2963 2983 νύμφη
2997 2909 3337 2982 χρησαμένη,
3380 2908 3474 2962 καὶ
3510 2906 3602 2959 εύ-

340 3001 563 3072 januam
596 3005 714 3060 vult
745 3008 978 3077 aperire,
1011 3010 1228 3081 cogitur
1257 3011 1424 3081 paulo
1452 3021 1575 3080 post
1607 3026 1716 3067 non
1740 3013 1917 3069 solum

2025 3014 2122 3078 θὺς
2170 3013 2375 3077 ἀνοῖξαι
2408 3009 2483 3081 τῷ
2531 3007 2749 3078 νυμφίῳ
2790 3005 2889 3075 τὴν
2942 3004 3112 3074 θύραν
3156 3003 3214 3056 ού
3257 2998 3601 3072 βουληθεῖσα,

343 3094 411 3149 ad
452 3096 679 3165 januam
731 3114 903 3168 usque
948 3103 1240 3173 progredi,
1300 3104 1395 3159 sed
1438 3104 1602 3158 etiam
1638 3104 1917 3159 civitatem

2024 3105 2395 3174 ἀναγκάζεται
2427 3103 2563 3174 μετὰ
2594 3099 2789 3172 βραχὺ,
2835 3099 2896 3151 οὐ
2933 3097 3091 3169 μόνον
3116 3095 3280 3167 μέχρι
3308 3094 3405 3163 τῆς
3434 3091 3604 3161 θύρας

346 3202 690 3257 percurrere,
736 3201 790 3246 et
819 3192 1029 3262 plateas
1058 3194 1358 3250 circumire
1386 3202 1551 3265 atque
1577 3194 1631 3249 in
1660 3194 1918 3252 custodes

2026 3198 2283 3269 βαδίζειν,
2318 3194 2453 3250 ἀλλὰ
2480 3194 2571 3247 καλ⁹
2600 3195 2679 3255 είς
2704 3191 2803 3262 τὴν
2828 3190 2980 3243 πόλιν
3008 3187 3239 3259 τρέχειν,
3272 3185 3367 3240 καὶ
3394 3186 3476 3247 είς
3502 3183 3603 3244 τὰς

228 3333 249 3349 ,
345 3281 610 3346 incidere,
655 3297 688 3337 a
732 3285 935 3355 quibus
987 3288 1215 3343 vulnera
1249 3286 1412 3342 etiam
1462 3287 1685 3356 accipit,
1732 3294 1787 3343 et
1835 3285 1918 3340 vix

2024 3288 2228 3359 ἀγοράς
2253 3286 2611 3358 περινοστεῖν,
2637 3283 2729 3336 καὶ
2755 3282 3069 3353 περιπεσεῖν
3095 3276 3291 3346 φύλαξί
3314 3292 3447 3337 τισι,
3473 3272 3603 3345 παρ’

344 3388 609 3444 sponsum
640 3374 847 3432 invenit
872 3386 1210 3447 exoptatum.
1238 3375 1393 3443 Quod
1418 3376 1466 3431 si
1497 3377 1684 3431 statim
1707 3374 1923 3429 voeanti

348 3466 642 3535 paruisset,
680 3468 796 3523 haec
843 3468 1028 3525 omnia
1078 3465 1423 3523 incommoda
1450 3467 1734 3542 evitasset.
1768 3464 1924 3520 Nunc

344 3564 527 3610 autem
571 3575 586 3611 :
629 3574 649 3608 ι
679 3555 844 3620 Exui,
879 3557 1081 3627 inquit,
1118 3556 1362 3611 tunicam
1411 3569 1613 3617 meam,
1648 3556 1924 3625 quomodo

347 3643 569 3699 induam
605 3645 803 3700 illam?
846 3644 978 3714 Lavi
1009 3644 1175 3716 pedes
1210 3659 1383 3710 meos,
1424 3643 1705 3714 quomodo
1744 3642 1926 3713 Inqui-

345 3735 488 3792 nabo
515 3736 683 3791 illos?
712 3755 732 3789 ι
776 3737 942 3805 Atqui
972 3736 1078 3791 hoc
1123 3736 1204 3791 illi
1232 3749 1476 3806 sponsus
1505 3748 1615 3789 non
1657 3735 1921 3804 praecipit.

344 3827 529 3900 Neque
562 3829 716 3897 ιιι
749 3827 896 3883 enim
927 3829 1064 3894 vult,
1108 3835 1166 3882 ut
1209 3827 1521 3897 depositum
1551 3837 1791 3883 veterem
1827 3828 1925 3882 bo-

342 3920 546 3974 minem
598 3919 797 3973 iterum
847 3926 1052 3981 sumat,
1101 3926 1197 3972 aut
1241 3919 1451 3973 sanctis
1497 3919 1618 3988 ejus
1668 3919 1924 3974 manibus

342 4012 563 4066 ablutos
612 4009 933 4078 coinquinet
970 4009 1168 4079 pedes;
1229 4009 1327 4065 sed
1388 4021 1442 4065 ut
1488 4011 1609 4066 sine
1651 4012 1839 4067 labore
1868 4018 1925 4067 et

344 4100 724 4172 inquinatione
752 4100 962 4169 aperiat
999 4100 1102 4156 sibi
1143 4100 1229 4157 vel
1271 4102 1490 4156 aurium
1522 4103 1604 4158 vel
1637 4104 1921 4159 oculorum

343 4193 492 4247 fores
539 4209 554 4244 :
598 4204 706 4259 quo
736 4197 831 4244 aut
860 4206 958 4260 per
989 4192 1384 4263 cognitionem,
1417 4203 1513 4265 aut
1551 4208 1648 4264 per
1677 4194 1923 4249 auditum

345 4282 659 4351 ingressus,
722 4278 776 4333 in
842 4280 1134 4339 animabus
1202 4283 1567 4339 sanctilicatis
1633 4284 1919 4340 inhabitet.

346 4368 546 4423 Verum
598 4368 725 4441 quia
772 4384 976 4442 sponsa
1049 4371 1435 4428 excusationes
1503 4374 1628 4429 illas
1690 4373 1924 4431 aﬂ‘erens

346 4461 557 4517 tardior
583 4462 708 4528 fuit,
752 4479 872 4519 eam
900 4479 1140 4535 sponsus
1167 4465 1371 4521 excitat
1404 4467 1513 4522 alia
1550 4468 1785 4535 ratione,
1815 4486 1922 4525 non

2024 3374 2098 3432 ὧν
2127 3378 2223 3432 καὶ
2248 3378 2316 3430 τά
2340 3375 2634 3445 τραύματα
2664 3372 2930 3443 λαμϐάνει
2949 3411 2964 3436 ,
3009 3370 3102 3424 καὶ
3155 3368 3306 3440 μόλις
3354 3367 3602 3437 εὑρίσκει

2025 3469 2115 3522 τὸν
2143 3467 2471 3538 ποθούμενον
2501 3463 2753 3535 νυμφίον.
2803 3463 2865 3515 Ei
2894 3463 2951 3516 δὲ
2995 3460 3158 3524 εὐθὺς
3202 3460 3482 3528 ὑπήκουσε
3522 3453 3604 3524 τῷ

2027 3559 2337 3622 καλέσαντι,
2357 3557 2558 3610 τούτων
2580 3556 2646 3610 ἂν
2673 3554 2929 3608 ἁπάντων
2948 3550 3239 3620 ἀπηλλάγη
3259 3548 3365 3602 τῶν
3387 3549 3566 3601 πόνων
3585 3564 3600 3578 ·

2025 3650 2118 3703 νῦν
2155 3649 2213 3702 δέ
2250 3665 2442 3718 φησιν’
2498 3666 2517 3699 ι
2558 3646 2927 3714 Ἐξεδυσάμην
2955 3644 3047 3696 τὸν
3075 3641 3280 3713 χιτῶνά
3322 3654 3446 3710 μου,
3485 3638 3604 3703 πῶς

2025 3740 2315 3811 ἐνδύσομαι
2347 3740 2542 3807 αύτόν;
2604 3737 2903 3807 Ἐνιψάμην
2944 3735 3071 3798 τοὺς
3108 3734 3274 3796 πόδας
3319 3748 3444 3802 μου,
3484 3729 3605 3793 πῶς

2029 3833 2240 3905 μολυνῶ
2267 3832 2500 3898 αύτούς;
2532 3851 2550 3883 ι
2596 3831 2709 3884 Καὶ
2739 3829 2845 3901 μὴν
2875 3829 2934 3881 οὐ
2960 3826 3119 3881 τοῦτο
3142 3826 3280 3896 αὐτῇ
3312 3826 3342 3878 ὁ
3370 3822 3606 3893 νυμφίος

2026 3923 2457 3995 παρακελεύεται
2484 3939 2499 3953 ο
2526 3921 2650 3975 οὔτε
2682 3919 2790 3991 γὰρ
2819 3920 3067 3991 βούλεται
3096 3916 3266 3987 αὐτὴν
3294 3914 3607 3971 ἀπεκδυσά-

2028 4015 2194 4086 μένην
2212 4015 2303 4068 τὸν
2324 4014 2553 4068 παλαιὸν
2579 4012 2864 4084 ἄνθρωπον
2889 4012 3049 4066 πάλιν
3070 4009 3231 4063 αὑτὸν
3255 4005 3603 4070 ἐνδύσασθαι,

2024 4105 2147 4161 οὔτε
2192 4106 2336 4161 θέλει
2382 4104 2686 4176 νιψαμένην
2732 4103 2902 4175 αὐτὴν
2948 4103 3077 4166 τοὺς
3126 4100 3316 4163 πόδας,
3361 4096 3457 4152 καὶ
3494 4095 3605 4150 τῶν

2023 4198 2196 4266 άγίων
2248 4197 2413 4251 αὐτοῦ
2458 4196 2657 4268 χειρῶν
2704 4192 3125 4258 άπολαύσασαν,
3177 4190 3337 4245 πάλιν
3381 4187 3607 4251 τούτους

2028 4289 2254 4359 μολῦναι
2276 4307 2291 4320 ·
2344 4288 2459 4343 ἀλλ’
2490 4288 2697 4353 ἀνοῖξαι
2727 4285 2877 4358 αὐτῷ
2906 4286 3119 4348 ἀπόνως
3152 4284 3244 4339 καὶ
3265 4280 3605 4354 άμολύντως.

2023 4381 2058 4452 ἢ
2088 4383 2186 4453 τῆς
2215 4382 2407 4453 ἀκοῆς,
2441 4381 2475 4450 ἢ
2507 4380 2602 4434 τοῦ
2628 4378 2910 4450 ὀφθαλμοῦ
2951 4377 3050 4449 τὴν
3087 4376 3258 4446 θύραν
3282 4390 3295 4403 ⁸
3337 4373 3424 4427 ἵνα
3454 4372 3489 4444 ἢ
3518 4371 3608 4424 δία

2025 4473 2298 4542 γνώσεως,
2350 4472 2384 4542 ἦ
2430 4472 2498 4526 δι’
2531 4472 2846 4542 ἀκροάσεως
2874 4467 3133 4524 εἰσελθὼν
3159 4469 3188 4521 ὁ
3219 4464 3454 4537 νυμφίος
3486 4464 3608 4525 ταῖς

345 4553 580 4622 amplius
626 4559 855 4624 pulsans
887 4557 1133 4613 exterius
1167 4565 1406 4621 tantum,
1447 4558 1542 4613 sed
1588 4559 1756 4614 etiam
1806 4576 1918 4615 ma-

2027 4563 2389 4632 ήγιασμέναις
2418 4562 2675 4635 ὲνοικήσῃ
2701 4561 2919 4632 ψυχαῖς.
2968 4559 3134 4614 Kal."
3159 4554 3348 4627 ἐπειδὴ
3375 4546 3607 4608 ἀνεϐάλ-

344 4660 478 4701 num
513 4661 608 4716 per
632 4649 924 4718 quamdam
954 4649 1150 4704 rimam
1183 4648 1460 4726 injiciens.
1488 4649 1708 4704 Manum
1735 4659 1916 4706 autem

2025 4652 2149 4707 λετο
2196 4653 2430 4717 ἐκείναις
2479 4654 2599 4716 ταῖς
2648 4652 2955 4724 προφάσεσι
2997 4649 3354 4722 χρησαμένη,
3402 4646 3609 4716 ἑτέρως

348 4738 708 4809 intelligimus
771 4748 994 4795 senSum
1052 4749 1275 4806 tactus,
1337 4750 1392 4797 et
1448 4741 1690 4796 divinam
1744 4743 1920 4812 ipsius

347 4828 642 4895 actionem,
680 4845 845 4900 quam
882 4831 973 4884 u-bi
1013 4847 1217 4902 sponsa
1251 4834 1543 4902 persensit,
1571 4834 1807 4889 clamat:

2026 4745 2196 4816 αὐτὴν
2244 4746 2274 4799 ὁ
2303 4747 2534 4816 νυμφίος
2576 4743 2850 4814 διεγείρει,
2897 4743 2998 4798 οὐκ
3031 4743 3113 4796 ἐτι
3157 4741 3372 4813 κρούων
3405 4737 3609 4803 ἔξωθεν

2029 4837 2207 4908 μόνον,
2241 4837 2378 4890 ἀλλά
2418 4837 2512 4890 καὶ
2546 4835 2645 4928 τὴν
2674 4838 2830 4906 χεῖρα
2858 4835 2947 4889 διά
2979 4852 3123 4898 τινος
3148 4834 3289 4902 ὀπῆς
3323 4831 3562 4900 εἰσάγων
3590 4846 3603 4860 ·

346 4926 509 4996 χεῖρα
549 4923 606 4978 δὲ
637 4922 865 4995 νοοῦμεν
908 4924 1010 4995 τὴν
1040 4924 1294 4995 αἴσθησιν
1344 4928 1444 4997 τῆς
1506 4929 1684 4999 άφῆς,
1734 4929 1827 4983 καὶ
1892 4930 1989 5002 τὴν
2030 4931 2180 4986 θείαν
2224 4932 2390 4987 αὐτοῦ
2436 4920 2748 5003 ἐνέργειαν,
2792 4924 2860 5003 ἧς
2904 4929 3075 5001 αὐτὴν
3113 4929 3173 4980 ὲν
3215 4925 3464 4996 αἰσθήσει
3509 4920 3634 4974 ’πε-⁸

349 5019 596 5088 ποίηκεν,
623 5016 698 5082 ὡς
732 5018 926 5089 βοῆσαι
952 5035 967 5050 ·

422 5114 589 5169 Vens.
625 5115 747 5169 4-7.
788 5113 965 5183 Nepos
1006 5130 1151 5169 meus
1193 5114 1337 5167 misit
1379 5130 1592 5171 manum
1637 5135 1790 5172 suam
1833 5136 1925 5188 per

348 5206 608 5278 foratum.
643 5217 692 5262 et
736 5216 910 5261 acriter
950 5222 1093 5261 meus
1128 5207 1404 5259 intremuit
1446 5207 1516 5261 ad
1555 5217 1755 5263 tactum
1782 5210 1919 5278 ejus.

350 5299 571 5357 διιπετὶ
606 5307 662 5353 ιιι
694 5299 949 5366 aperirent
980 5297 1154 5365 nepoti
1181 5312 1292 5350 meo
1324 5313 1340 5349 :
1375 5314 1563 5353 manus
1586 5317 1711 5354 mea:
1742 5300 1920 5355 stilla-

427 5470 450 5498 ε
482 5454 671 5512 Μυιιιι.
703 5468 756 5515 v.
783 5451 873 5509 48.
954 5449 973 5490 ί
1011 5449 1200 5505 Matth.
1223 5467 1339 5517 xix,
1372 5452 1461 5506 21.

2098 5121 2237 5184 δ’-ζ’.
2294 5119 2675 5189 Ἀδελφιδοῦς
2707 5136 2827 5189 μου
2861 5115 3029 5186 χεῖρα
3058 5112 3245 5169 αὑτοῦ
3284 5109 3611 5165 ἀπέστειῖε

2029 5210 2125 5263 διὰ
2144 5212 2189 5243 ’³
2214 5208 2326 5278 τῆς
2359 5208 2515 5277 ὀπῆς
2539 5222 2552 5238 ·
2598 5207 2698 5261 καὶ
2725 5209 2763 5276 ἠ
2801 5208 3002 5260 κοιλία
3028 5203 3208 5274 pou“
3230 5200 3483 5270 ἐθροήθη
3511 5198 3607 5251 ἐπ’

2027 5302 2214 5356 αὐτοῦ
2232 5300 2300 5355 ’⁸.
2337 5302 2395 5355 Ἀ
2404 5299 2628 5367 νέστην
2647 5298 2759 5370 ἐγὼ
2777 5297 3011 5362 ἀνοῖξαι
3035 5294 3115 5362 τῷ
3139 5290 3438 5363 ἀδελφιδῷ
3450 5307 3578 5363 μου
3593 5306 3607 5322 ·

1568 5456 1593 5493 ⁸
1615 5455 1828 5510 Coloss.
1864 5472 1943 5521 Ill,
1973 5456 2027 5510 9.
2104 5459 2150 5496 ε’
2181 5457 2298 5512 Jac.
2327 5474 2400 5519 ιν,
2431 5455 2483 5509 8.

1644 5588 1874 5649 VARUE
1916 5594 2308 5653 LECTIONES.

458 5693 504 5725 ⁸⁸
539 5690 740 5750 καθὼς.
785 5689 907 5743 cod.
951 5687 1103 5742 addit
1150 5687 1264 5741 καί.

1365 5688 1410 5718 ’θ
1444 5690 1674 5763 οἰκειότ.
1712 5694 1770 5748 in
1819 5696 1943 5748 cod.
1994 5693 2242 5761 sequitur
2305 5693 2678 5763 interpretatio
2731 5692 2911 5749 Pselli.

3026 5692 3066 5730 9'
3110 5692 3225 5754 πῶς
3278 5716 3343 5728 ο·-
3383 5685 3605 5752 αὐτούς.

356 5761 479 5816 Des.
513 5763 566 5815 in
593 5760 718 5833 coll.
792 5750 836 5833 ξ’
865 5757 987 5833 ,καίᾷ
1001 5758 1166 5833 Abest
1192 5757 1364 5833 acod.
1441 5760 1487 5833 ἥδ
1523 5760 1627 5833 διὰ.
1665 5766 1763 5819 rod
1823 5764 1946 5817 ἀπό.
2021 5750 2134 5833 θ”ἡ
2159 5793 2222 5804 -ο
2246 5764 2429 5817 αὐτοῦ.
2450 5750 2463 5763 ’
2485 5763 2647 5818 Hebr.
2682 5763 2884 5819 τίει-ωτι
2917 5777 3033 5817 mea
3066 5750 3405 5817 fremuerunt
3439 5750 3606 5829 super

355 5848 442 5888 (νο.
519 5833 565 5863 ’³
596 5829 719 5884 cod.
752 5827 920 5896 αὐτῷ.
954 5827 1085 5884 Rec.
1115 5827 1272 5883 lectio
1303 5837 1383 5883 Cet
1414 5830 1591 5883 αὑτὸν.
