3940 6200
457 456 560 520 159

1438 446 1925 510 THEODORETI
1949 397 2292 504 EPISCOPI
2329 443 2693 504 CYRENSIS

3619 424 3745 489 160

458 563 717 631 superius
756 577 850 632 per
903 562 1196 616 candorem
1245 557 1533 612 indicavit.
1576 557 1727 610 Auro
1776 553 1945 624 igitur
1978 559 2030 605 et

2155 551 2245 604 ἱνω
2272 530 2731 623 προσαγορευθέν.
2757 548 2847 602 Διὸ
2871 546 3056 620 χρυσῷ
3086 546 3182 599 καὶ
3208 544 3340 615 λίθῳ
3362 541 3532 613 αὑτὴν
3562 540 3746 632 ἀπατ-

460 655 624 723 lapidi
647 654 934 727 (pretiose)
952 654 1294 709 divinitatem
1319 659 1626 721 comparat,
1648 663 1771 719 qua:
1787 656 1914 702 sunt
1943 661 2031 701 res

460 743 604 813 apud
636 745 881 797 homines
904 742 1334 811 pretiosissimae.
1358 739 1545 809 Neque
1576 739 1723 793 enim
1759 737 1908 790 aliud
1936 751 2031 789 no-

460 849 585 888 men
620 833 1090 888 accommodatius
1120 831 1363 886 invenit:
1401 850 1420 883 ι
1456 830 1711 885 Cincinni
1739 828 1860 897 ejus
1892 828 2037 883 sicut

461 925 615 980 claim
672 925 1000 993 palmarum,
1048 925 1189 997 nigri
1241 924 1403 997 quasi
1433 936 1653 978 corvus.
1684 941 1702 974 ι
1737 920 1811 974 Ex
1857 920 2037 990 capite

465 1006 613 1059 illius
640 1005 879 1061 fluentes.
901 1007 1126 1076 gratias,
1164 1020 1285 1062 mea
1320 1006 1541 1076 quidem
1588 1004 1884 1066 sententia,
1916 1003 2035 1056 cin-

462 1095 656 1149 cinnos
708 1102 911 1150 vocat:
945 1095 1135 1166 nigros
1178 1095 1400 1166 quidem
1451 1094 1753 1164 appellatos
1807 1104 1917 1145 una
1969 1088 2038 1144 de

462 1197 649 1251 causa,
690 1187 867 1243 elatas
901 1196 1086 1242 autem
1123 1188 1193 1242 ob
1218 1189 1382 1242 aliam
1409 1202 1654 1241 causam.
1686 1186 1854 1239 Etuta:
1889 1182 2035 1236 enim

464 1284 594 1332 sunt
622 1276 840 1333 fructus
877 1280 1183 1348 palmarum
1213 1279 1606 1341 mascularum,
1644 1277 1800 1346 117
1829 1274 1921 1345 qni
1958 1273 2040 1329 fe-

466 1367 629 1423 minis
669 1368 919 1437 adjuncti
971 1378 1219 1426 maturos
1263 1370 1481 1424 illarum
1524 1369 1737 1424 fructus
1772 1368 2035 1423 cﬂiciunt.

465 1459 735 1526 Quoniam
781 1461 977 1531 igitur,
1026 1463 1122 1532 qui
1153 1461 1203 1516 ei
1232 1461 1604 1526 crediderunt,
1657 1459 1826 1514 variis
1866 1459 2040 1527 ipsius

466 1553 793 1607 muneribus
844 1552 1113 1619 fruentes,
1157 1554 1381 1623 pietatis
1417 1554 1655 1608 fructum
1704 1552 1785 1606 illi
1834 1550 2039 1614 ferunt,

464 1643 664 1696 merito
690 1644 936 1699 cincinni
983 1647 1106 1712 ejus
1135 1646 1298 1702 elatis
1325 1652 1740 1716 comparantur.
1775 1642 2042 1697 Dicuntur

466 1739 649 1784 autem
688 1731 851 1800 nigri,
881 1741 942 1787 ut
976 1748 1072 1802 per
1099 1733 1318 1789 fuscum
1365 1740 1421 1789 et
1446 1733 1742 1789 obscurum
1775 1732 2038 1796 colorem,

466 1819 652 1876 abdita
721 1822 891 1877 totius
951 1825 1274 1879 meonomia:
1324 1824 1447 1894 ejus
1512 1823 1657 1877 ratio
1710 1822 2039 1876 declaretur.

2140 642 2317 708 κάζει,
2344 645 2460 706 ταῖς
2498 642 2648 713 παρά
2677 639 2985 713 ἀνθρώποις
3028 636 3386 708 τιμιωτάταις
3438 633 3625 695 ῦλαις·
3663 628 3740 682 οὐ

2137 733 2246 802 γὰρ
2259 727 2414 800 εὗρεν
2441 732 2625 802 ἕτερον
2647 731 2816 799 δνομα
2834 726 3273 799 εὐπρεπέστερον
3295 725 3359 777 ³⁸.
3386 740 3407 774 ι
3424 721 3744 788 Βόστρυχοι

2139 822 2302 876 αὑτοῦ
2331 822 2537 886 ἐλάται,
2570 823 2797 892 μέλανες
2817 820 2892 883 ὡς
2913 816 3100 889 κόραξ.
3137 836 3157 868 ι
3189 815 3299 880 Τάς
3319 815 3382 867 ὲκ
3411 813 3514 880 τῆς
3547 824 3741 879 κεφα-

2141 915 2239 984 λῆς
2308 913 2516 967 ἐκείνου
2548 915 2593 949 ⁸³
2640 910 3012 982 προχεομὲνας
3071 907 3304 979 χάριτας
3350 902 3594 973 ἡγοῦμαι
3643 900 3746 969 βο·

2142 1001 2405 1073 στρύχους
2440 1000 2831 1071 ὀνομάζεσθαι⁸
2873 997 3108 1068 μέλανας
3135 995 3235 1065 μὲν
3268 994 3384 1047 κατ’
3419 991 3569 1051 ἄλλο,
3603 987 3745 1040 ἐλά-

2142 1112 2238 1158 τας
2264 1094 2322 1148 δὲ
2350 1093 2471 1147 καθ’
2498 1093 2684 1163 ἕτερον
2721 1087 3153 1160 ὀνομαζομένους
3182 1086 3247 1138 ³ο.
3278 1085 3344 1137 Δί
3378 1082 3489 1153 γὰρ
3510 1079 3741 1141 ἐλάται,

2143 1185 2353 1256 καρπός
2387 1185 2493 1237 εἰσι
2528 1185 2784 1252 φοινίκων
2813 1179 3078 1251 ἀρσένων,
3107 1178 3221 1239 τοῖς
3253 1175 3472 1246 θήλεσιν
3502 1168 3744 1224 ἐπιϐαλο

2143 1276 2377 1345 λόμενοι,
2409 1273 2501 1327 καὶ
2529 1270 2631 1343 ὡρί
2639 1287 2771 1342 μους
2795 1266 3038 1337 γίνεσθαι
3066 1262 3579 1336 παρασκευάζοντες
3604 1259 3742 1320 τοὺς

2144 1364 2365 1419 ἐκείνων
2401 1360 2662 1433 καρπούς.
2711 1357 2926 1428 Ἐπειδὴ
2960 1356 3140 1409 τοίνυν
3186 1352 3297 1406 τῶν
3334 1349 3597 1405 ποικίλων
3637 1348 3747 1400 αὑ-

2145 1461 2238 1515 τοῦ
2265 1457 2617 1531 χαρισμάτων
2644 1453 3000 1515 ἀπολαύοντες
3025 1451 3075 1503 οἱ
3112 1444 3534 1507 πεπιστευκότες
3583 1441 3745 1510 αὑτῷ

2148 1552 2586 1626 καρποφοροῦσιν
2613 1548 2759 1619 αὑτῷ
2787 1547 2885 1617 τὴν
2933 1543 3232 1603 εὐσέϐειαν,
3258 1540 3476 1598 ἐλάταις
3502 1536 3743 1595 εἰκότως

2147 1646 2435 1710 ἀπεικάζει
2483 1644 2610 1706 τοὺς
2667 1639 3026 1726 βοστρύχους·
3065 1635 3299 1726 μέλανας
3349 1632 3407 1685 δὲ
3451 1643 3745 1726 προσαγοῐο

2153 1735 2336 1806 ρεύει,
2381 1733 2467 1787 διὰ
2514 1731 2607 1785 τοῦ
2648 1729 2838 1800 βαθέος
2874 1725 3162 1798 χρώματος
3201 1722 3295 1777 καὶ
3332 1716 3636 1775 σκοτεινοῦ,
3677 1716 3744 1767 τὸ

2150 1825 2438 1895 ἀνέφικτον
2488 1822 2596 1876 τῶν
2628 1818 2947 1890 οἰκονομιῶν
2987 1812 3334 1888 παραδηλῶν.
3373 1830 3392 1862 ι
3432 1809 3743 1878 Βόστρυχοι

472 1930 490 1962 ι
526 1911 777 1968 Cincinni
805 1914 980 1980 elatae,
1013 1916 1156 1986 nigri
1190 1917 1351 1985 quasi
1383 1930 1604 1970 corvus.
1646 1933 1664 1966 ι
1697 1914 1934 1968 Corvum
1961 1910 2050 1966 hic

2155 1916 2358 1977 ἐλάται,
2404 1914 2632 1986 μέλανες
2661 1912 2735 1977 ὡς
2774 1910 2973 1983 κόραξο
3011 1927 3028 1962 ι
3057 1909 3149 1963 τὸν
3176 1907 3234 1962 δὲ
3253 1906 3467 1978 κόρακα
3497 1898 3745 1955 ἐνταῦθα

469 2004 797 2070 nominavit,
829 2013 889 2058 ut
908 2006 1154 2061 colorem
1178 2006 1559 2077 tantummodo
1580 2012 1816 2060 notaret.
1851 2022 1870 2055 ι
1893 2005 2050 2059 Oculi

468 2095 610 2162 ejus,
669 2096 870 2166 inquit,
923 2098 1069 2153 sicut
1136 2099 1404 2153 columbae
1453 2114 1622 2167 super
1681 2097 2052 2167 plenitudines

470 2202 765 2256 aquarum.
811 2208 830 2240 ι
889 2188 995 2244 Per
1028 2191 1225 2246 oculos
1250 2190 1342 2246 hic
1369 2205 1566 2247 rursus
1602 2198 1885 2261 aspectum
1928 2189 2051 2260 ejus

472 2277 660 2332 laudat
691 2296 704 2331 :
741 2281 1100 2349 quamobrem
1130 2281 1578 2337 sicntcolumbas
1595 2296 1719 2337 esse
1733 2281 1865 2336 dicit
1886 2296 2054 2352 super

473 2367 848 2437 plenitudines
881 2385 1172 2440 aquarum.
1207 2373 1272 2425 Et
1297 2372 1354 2425 in
1402 2373 1728 2427 memoriam
1775 2372 1936 2427 nobis
1967 2386 2053 2426 re-

474 2465 631 2514 vocat
659 2460 968 2516 columbam
992 2462 1165 2528 illam,
1187 2477 1309 2532 qua:
1333 2463 1388 2517 in
1414 2461 1653 2519 Jordane
1676 2478 1841 2533 super
1872 2463 2049 2533 ipsum

473 2548 776 2607 descendit.
823 2551 1011 2623 Neque
1058 2568 1188 2609 vero
1233 2569 1562 2626 quemquam
1597 2554 1855 2621 oll‘endat,
1901 2554 2051 2626 quod

474 2639 679 2696 dictum
736 2652 841 2707 est,
891 2663 910 2696 ι
945 2646 1093 2700 sicut
1141 2647 1427 2714 columbae,
1469 2665 1488 2699 ι
1539 2662 1650 2702 non
1681 2654 1863 2702 autem
1905 2665 1924 2699 ι
1955 2658 2050 2701 co-

476 2730 680 2785 lumba.
717 2750 736 2782 »
797 2731 1057 2804 Legimus
1096 2736 1243 2790 enim
1294 2736 1347 2790 in
1383 2737 1575 2792 divina
1610 2738 1897 2808 Scriptura
1938 2754 2050 2794 non

475 2818 638 2875 modo
697 2839 714 2871 ι
751 2819 1040 2892 Spiritum,
1079 2843 1098 2876 ι
1140 2826 1237 2881 sed
1294 2828 1459 2882 etiam
1508 2846 1527 2879 ι
1568 2828 1829 2898 spiritus;
1863 2849 1881 2882 ι
1936 2847 2049 2887 non

475 2906 618 2975 quod
646 2908 802 2963 multi
827 2911 938 2965 sint
964 2909 1204 2982 Spiritus
1238 2914 1436 2980 sancti,
1478 2930 1620 2971 unus
1647 2916 1792 2971 enim
1821 2925 1906 2974 est
1927 2917 2049 2988 Spi-

475 2997 616 3054 ritus
642 3009 867 3057 sanctus
898 3002 991 3059 ille
1018 3003 1357 3061 Consolator
1390 3024 1404 3060 :
1435 3008 1529 3064 sed
1569 3009 1699 3080 quia
1729 3009 1897 3079 hujus
1929 3027 2051 3067 mu-

476 3102 606 3142 nera
661 3090 860 3148 beatus
897 3091 1105 3151 Paulus
1163 3098 1394 3167 spiritus
1442 3109 1621 3155 vocat.
1660 3120 1680 3155 ι
1715 3100 1782 3156 Ει
1818 3102 2050 3172 spiritus

476 3180 888 3248 prophetarum,
920 3183 1120 3254 inquit,
1149 3185 1724 3261 prophetis'subjecti
1761 3203 1891 3249 sunt
1938 3195 1983 3248 ι.
2025 3214 2043 3247 ι

478 3262 629 3331 (ἶιιιιι⁴
650 3282 781 3337 ergo
814 3267 1080 3327 Dominus
1108 3272 1388 3341 Christus,
1419 3285 1481 3332 ut
1510 3279 1695 3343 homo,
1717 3283 1900 3337 omnia
1928 3282 2055 3354 Spi-

481 3354 623 3408 ritus
654 3357 906 3416 habuerit
934 3362 1100 3430 dona,
1138 3365 1261 3423 ideo
1303 3383 1506 3440 sponsa
1536 3390 1550 3425 :
1584 3391 1602 3423 ι
1641 3372 1825 3438 Oculi,
1854 3376 2052 3444 inquit,

482 3444 603 3514 ejus
639 3448 785 3505 sicut
810 3452 1079 3510 columbae
1106 3472 1274 3526 super
1302 3459 1671 3528 plenitudines
1701 3478 1993 3533 aquarum.
2031 3485 2050 3518 ι

481 3538 717 3595 Assidue
738 3544 886 3598 enim
907 3544 975 3599 ad
991 3548 1344 3618 baptismatis
1374 3551 1721 3620 largitionem
1749 3555 2058 3623 respiciunt

484 3625 629 3678 oculi
660 3626 800 3696 ejus,
831 3642 1215 3701 exspectantes
1243 3651 1342 3692 eos
1374 3638 1468 3706 qui
1512 3639 1648 3694 salvi
1699 3640 1854 3708 ﬁunt,
1888 3651 1940 3698 et
1969 3659 2058 3699 sa-

488 3717 654 3771 lutem
686 3723 929 3777 emnium
975 3733 1316 3797 expetentes.
1349 3728 1492 3796 Quin
1529 3731 1695 3786 etiam
1742 3752 1761 3785 ι
1793 3736 2060 3793 columbae

486 3809 649 3878 lacte,
680 3811 876 3885 inquit,
900 3813 1041 3883 lotae,
1065 3819 1484 3876 ctconsidentes
1501 3837 1668 3893 super
1691 3825 2060 3895 plenitudines

489 3916 780 3969 aquarum.
822 3923 840 3955 ι
879 3903 1033 3959 Alios
1052 3907 1199 3960 enim
1230 3907 1373 3962 lacte
1397 3910 1670 3971 nutriunt,
1694 3915 1784 3983 qui
1816 3929 1882 3971 eo
1904 3917 2062 3971 indi-

486 4000 618 4063 gent
656 3993 817 4060 cibo;
860 3995 1021 4060 alios,
1069 3998 1230 4070 118
1264 4000 1359 4068 qui
1412 4000 1470 4055 in
1502 4007 2058 4071 peccato-inveterati

489 4091 639 4147 sunt,
695 4086 948 4139 reliciunt
1002 4100 1067 4140 ac
1119 4098 1407 4153 renovant,
1447 4109 1465 4142 ι
1509 4096 1852 4155 considentes
1896 4115 2063 4170 super

490 4173 858 4244 plenitudines
885 4191 1172 4245 aquarum,
1209 4197 1230 4234 ι
1278 4189 1333 4236 et
1359 4198 1454 4238 eas
1486 4188 1914 4247 sanetilicantes.
1950 4191 2059 4249 Nec

492 4267 769 4321 immerito
794 4267 935 4322 dixit
972 4288 991 4320 ι
1029 4270 1398 4340 plenitudines
1420 4291 1711 4346 aquarum.
1749 4300 1768 4333 ι
1810 4280 1943 4337 Nam
1965 4286 2060 4355 qui

491 4357 787 4426 perfectam
824 4374 931 4415 non
977 4361 1179 4418 habent
1225 4363 1405 4433 fidem,
1453 4368 1658 4439 quique
1701 4386 1811 4426 non
1848 4374 2062 4430 sincera

492 4447 595 4502 ﬁde
625 4449 913 4514 accedunt.
943 4467 1041 4509 eos
1065 4470 1172 4509 non
1203 4456 1462 4527 suscipit.
1497 4458 1689 4526 Qualis
1720 4461 1826 4516 fuit
1850 4462 2059 4532 Simon,

2153 2008 2471 2081 περιείληφε
2510 2007 2610 2078 τῆς
2645 2006 2811 2077 χρόας
2860 2005 3025 2058 ἕνεκα
3065 2001 3264 2074 μόνης’
3296 2015 3317 2049 ι
3362 1996 3426 2051 Ol
3461 1989 3748 2062 ὀφθαλμοὶ

2153 2102 2339 2167 αὑτοῦ,
2369 2101 2555 2172 φησὶν,
2588 2100 2719 2153 ώσεί
2750 2096 3069 2171 περιστεραί
3103 2094 3194 2148 ἐπὶ
3232 2088 3581 2162 πληρώματα
3607 2083 3746 2137 ὑδά-

2151 2211 2288 2249 τωνο
2319 2194 2481 2249 πάλιν
2517 2190 2748 2246 ἐνταῦθα
2781 2190 2869 2244 διὰ
2914 2190 3023 2243 τῶν
3071 2183 3365 2257 ὀφθαλμῶν
3412 2181 3474 2234 τὸ
3509 2175 3747 2231 ὁπτικδν

2152 2287 2316 2342 αὐτοῦ
2358 2286 2646 2358 θαυμάζει.
2686 2284 2778 2338 Διὸ
2810 2284 2887 2347 ὡς
2924 2278 3254 2351 περιστεράς
3277 2277 3323 2308 ’ί
3362 2272 3558 2335 αὑτοὺς
3596 2264 3747 2321 εἶναι

2151 2380 2296 2449 λέγει
2328 2380 2419 2432 ἐπὶ
2460 2376 2802 2448 πληρώματα
2825 2374 2871 2407 ⁸³
2916 2372 3157 2427 ὑδάτων·
3199 2368 3293 2423 καὶ
3328 2362 3749 2436 ἀναμιμνήσκει

2150 2473 2301 2543 ἡμᾶς
2347 2470 2442 2541 τῆς
2497 2470 2555 2522 ὲν
2599 2467 2678 2538 τῷ
2729 2465 2968 2537 Ἰορδάνῃ
3017 2460 3383 2529 κατελθούσης
3431 2457 3519 2510 ἐπ’
3574 2453 3748 2508 αὑτὸν

2152 2561 2499 2632 περιστεράς.
2526 2559 2638 2611 Καὶ
2678 2557 2881 2628 μηδένα
2927 2553 3178 2620 ξενιζέτω
3222 2552 3282 2605 τὸ
3312 2570 3347 2624 ι,
3374 2549 3449 2613 ὡς
3481 2561 3747 2618 περιστε-

2155 2654 2262 2723 ραὶ,
2296 2670 2314 2703 ι
2358 2650 2494 2705 ἀλλά
2540 2650 2614 2721 μὴ
2646 2668 2664 2699 ι
2699 2647 2995 2720 περιστερά
3042 2665 3060 2698 ι
3097 2644 3357 2717 ῥηθῆναι·
3410 2639 3747 2710 εὑρίσκομεν

2149 2743 2259 2815 γάρ
2286 2744 2346 2797 οὐ
2381 2743 2540 2814 μόνον
2574 2759 2594 2792 ι
2631 2740 2870 2810 πνεῦμα,
2908 2759 2924 2790 ι
2970 2738 3105 2792 άλλά
3158 2736 3254 2789 καὶ
3304 2754 3322 2786 ι
3380 2730 3672 2800 πνεύματα
3723 2748 3743 2778 ι

2152 2834 2302 2904 παρὰ
2332 2836 2396 2904 τῇ
2433 2833 2555 2904 θείᾳ
2590 2832 2781 2903 Γραφῇ
2812 2828 3358 2903 προσαγορευόμεναο
3410 2824 3512 2878 οὐκ
3547 2820 3748 2887 ἐπειδὴ

2153 2921 2323 2975 πολλὰ
2348 2919 2637 2986 Πνεῦματα
2665 2918 2817 2986 ἅγια,
2842 2916 2900 2970 ἓν
2931 2916 3038 2990 γάρ
3082 2918 3197 2969 ἐστι
3242 2911 3466 2983 Πνεῦμα
3502 2911 3682 2980 ἅγιον,
3719 2910 3750 2959 ὁ

2151 3011 2533 3082 Παράκλητοςε
2574 3010 2710 3064 ἀλλὰ
2746 3010 2814 3063 τι
2850 3008 3039 3062 τούτου
3084 3008 3400 3079 χαρίσματα
3450 3003 3748 3071 πνεύματα

2151 3100 2258 3159 οἶδε
2312 3104 2495 3158 καλεῖν
2533 3105 2561 3155 ὁ
2603 3104 2872 3172 μακάριος
2922 3101 3168 3164 Παῦλος·
3223 3117 3242 3151 ι
3297 3098 3407 3152 Καὶ
3456 3093 3751 3164 πνεύματα

2153 3194 2281 3265 γάρ,
2325 3193 2480 3263 φησί,
2539 3192 2835 3263 προφητῶν
2912 3192 3220 3263 προφήταις
3286 3187 3683 3243 ὑποτάσσεται.
3726 3204 3746 3236 ι

2169 3281 2385 3353 Ἐπειδὴ
2418 3280 2594 3333 τοίνυν
2620 3280 2799 3334 πάντα
2822 3274 2967 3350 εἶχεν
3003 3281 3031 3332 ό
3068 3277 3344 3346 Δεσπότης
3373 3274 3610 3348 Χριστὸς
3650 3272 3752 3326 τοῦ

2158 3374 2476 3444 Πνεύματος
2514 3372 2582 3425 τὰ
2612 3370 2925 3443 χαρίσματα
2944 3409 2959 3435 ,
3003 3370 3143 3425 κατά
3169 3369 3230 3424 τὸ
3278 3365 3637 3440 ἀνθρώπειον,
3668 3365 3754 3418 διό

2158 3483 2321 3537 φησιν
2365 3468 2399 3536 ἡ
2448 3464 2667 3535 νύμφη·
2715 3482 2734 3515 ι
2784 3465 2848 3518 Ol
2898 3464 3167 3533 ὀφθαλμοὶ
3217 3460 3381 3515 αὑτοῦ
3418 3460 3551 3514 ὡσεὶ
3588 3467 3758 3530 περιέ

2161 3556 2347 3625 στεραί
2386 3557 2478 3608 ἐπὶ
2521 3553 2865 3625 πληρώματα
2902 3554 3128 3607 ὑδάτων.
3171 3572 3190 3605 ι
3221 3550 3496 3621 Διηνεκῶς
3526 3549 3638 3620 γὰρ
3668 3551 3754 3613 εἰς

2158 3648 2257 3715 τὴν
2284 3644 2378 3699 τοῦ
2411 3644 2786 3715 βαπτίσματος
2818 3643 3072 3714 βλέπουσι
3099 3642 3361 3714 χορηγίαν
3399 3640 3444 3673 ³³
3474 3641 3524 3693 οἱ
3552 3637 3756 3709 ὀφθαλ-

2163 3738 2252 3808 μοὶ
2271 3737 2454 3802 αὑτοῦ,
2478 3736 2606 3799 τοὺς
2634 3735 2973 3806 σωζομένους
2997 3735 3383 3805 ἀναμένοντες,
3408 3734 3505 3786 καὶ
3529 3732 3756 3785 πάντων

2158 3831 2283 3901 τὴν·
2309 3831 2583 3900 σωτηρίαν
2632 3827 2945 3891 ποθοῦντεςο
3012 3827 3148 3882 ἀλλὰ
3208 3828 3301 3882 καὶ
3360 3845 3379 3877 ι
3423 3825 3756 3894 λελουμὲναι

2160 3917 2506 3987 ὲνγάλακτι,
2557 3916 2720 3985 φησὶν
2750 3954 2765 3978 ,
2802 3916 2859 3968 αἰ
2905 3915 3247 3987 περιστεραὶ,
3298 3914 3394 3968 καὶ
3441 3912 3755 3983 καθήμεναι

2161 4012 2252 4066 ἐπὶ
2291 4009 2636 4082 πληρώματα
2681 4006 2907 4062 ὑδάτων.
2948 4025 2967 4057 ι
3012 4007 3151 4070 Τοὺς
3201 4007 3299 4078 μὲν
3337 4005 3446 4076 γὰρ
3485 4005 3756 4074 γαλακτο-

2160 4101 2439 4175 τροφοῦσι,
2475 4098 2680 4170 ταύτης
2728 4097 2827 4165 τῆς
2877 4095 3083 4166 τροφῆς
3136 4094 3458 4166 δεομένουςσ
3522 4094 3651 4156 τοὺς
3697 4093 3757 4146 δὲ

2160 4191 2476 4262 νεουργοῦσι
2515 4191 2609 4243 καί
2641 4187 2958 4242 ἁνανεοῦσιν
2984 4226 2999 4252 ,
3047 4186 3153 4240 ὑπὸ
3188 4186 3290 4257 τῆς
3328 4184 3605 4257 ἁμαρτίας
3646 4202 3758 4237 πα-

2160 4280 2511 4343 λαιωθέντας,
2545 4297 2563 4329 ι
2605 4276 2916 4348 καθήμεναι
2959 4275 3052 4328 ἐπὶ
3096 4272 3440 4345 πληρώματα
3464 4272 3696 4336 ὑδάτων,
3732 4309 3751 4340 ,

2161 4371 2256 4424 καὶ
2275 4368 2446 4422 ταῦτα
2471 4368 2812 4436 άγιάζουσαι.
2836 4367 2949 4420 Καὶ
2969 4364 3196 4429 εἰκότως
3216 4363 3323 4436 ἔφη
3352 4383 3372 4417 ι
3405 4361 3755 4434 πληρώματα

2164 4462 2371 4515 ὑδάτων
2392 4458 2468 4491 δ’δ’
2504 4478 2523 4510 ι
2550 4460 2677 4522 τοὺς
2705 4461 2814 4530 γάρ
2839 4457 3004 4528 ἀτελῆ
3023 4458 3123 4528 τὴν
3149 4455 3333 4511 πίστιν
3356 4472 3522 4525 κεκτη
3533 4454 3754 4525 μένους,

490 4538 583 4607 qui
620 4539 928 4611 baptizatus
958 4546 1177 4615 quidem
1211 4556 1319 4615 est,
1358 4550 1453 4607 sed
1501 4551 1759 4624 indignus
1799 4554 1949 4611 visus
1975 4566 2050 4614 est

2165 4553 2259 4607 καί
2283 4550 2420 4622 μετὰ
2441 4548 2765 4621 εἰλικρινοῦς
2792 4549 3026 4612 πίστεως
3051 4546 3129 4619 μὴ
3153 4545 3473 4619 προσιόντας
3497 4545 3598 4614 οὐχ
3630 4545 3758 4597 ὑποο

492 4629 691 4698 gratia,
719 4646 844 4686 cum
876 4633 1069 4703 plenus
1106 4652 1215 4693 non
1240 4646 1413 4705 esset,
1446 4640 1539 4695 sed
1576 4656 1824 4705 mancus.
1857 4651 1911 4699 et
1934 4644 2050 4702 fidei

2161 4644 2375 4715 δέχεται
2394 4661 2405 4674 ·
2426 4642 2607 4706 ὁποῖος
2627 4637 2694 4713 ἦν
2709 4641 2737 4694 ό
2761 4642 2963 4712 Σίμων,
2980 4640 3039 4705 ὃς
3053 4638 3355 4709 ἐϐαπτίσθη
3388 4638 3508 4708 μὲν,
3532 4637 3756 4703 ἀνάξιος

496 4719 884 4787 perfectionem
949 4741 1060 4782 non
1124 4729 1367 4787 haberet.
1431 4732 1641 4790 «Genze
1707 4737 1855 4792 illius
1915 4738 2063 4795 sicut

495 4810 711 4879 phialae,
736 4813 935 4884 inquit,
965 4822 1254 4885 aromatis,
1275 4824 1647 4893 germinantcs
1672 4828 2062 4898 pigmentaria.

495 4901 559 4956 Et
598 4904 741 4958 labia
772 4904 892 4975 ejus
935 4908 1050 4963 lilia
1079 4910 1399 4968 distillantia
1449 4917 1727 4987 myrrham
1757 4921 1995 4990 plenam.
2037 4939 2056 4973 ι

494 4995 675 5051 Genas
716 5013 911 5054 rursus
939 5006 994 5054 et
1036 5000 1179 5056 labia
1208 5003 1516 5062 doctrinam
1550 5016 1729 5065 vocat.
1782 5011 2064 5069 Sermonis

494 5086 639 5140 cnim
674 5087 1038 5147 instrumenta
1066 5103 1195 5148 sunt
1236 5096 1380 5151 labia
1411 5107 1465 5153 et
1481 5115 1654 5169 gena.
1684 5099 1889 5156 Horum
1916 5106 2062 5161 enim

496 5188 645 5236 metu
672 5196 773 5237 vox
815 5183 1172 5256 distinguitur
1199 5195 1254 5245 et
1296 5189 1585 5245 formatur.
1623 5191 1840 5250 Phialas
1884 5205 2063 5253 autem

496 5263 757 5319 aromatis
819 5268 1053 5337 appellat
1096 5285 1210 5336 eas,
1257 5282 1481 5343 propter
1532 5273 1800 5331 doctrina:
1843 5293 2063 5335 suavem

494 5354 739 5411 odorem.
764 5355 1131 5428 Pigmentaria
1149 5377 1279 5420 vero
1298 5365 1430 5421 dicit
1454 5370 1783 5437 germinare,
1806 5371 2064 5440 quoniam

496 5445 622 5503 inde
651 5446 881 5504 docendi
914 5463 1234 5521 argumenta
1258 5466 1484 5511 sumunt
1506 5456 1757 5516 doctores
1780 5460 2059 5527 Ecclesize,

599 5540 648 5595 ιι
672 5540 800 5596 Cor.
833 5555 946 5610 ειν,
980 5541 1066 5599 52.

2163 4737 2219 4791 δὲ
2253 4735 2408 4805 ὤφθη
2435 4735 2532 4806 τῆς
2549 4734 2793 4805 χάριτος,
2828 4732 2903 4803 μὴ
2930 4731 3220 4802 γενόμενος
3234 4731 3278 4762 ³⁵
3295 4729 3752 4799 πεπληρωμένος,

2163 4829 2276 4883 ἀλλ’
2311 4826 2590 4887 ἐλλείπων,
2622 4824 2717 4877 καὶ
2753 4823 2811 4877 τὸ
2848 4824 3051 4877 τέλειον
3075 4825 3175 4877 οὑκ
3203 4822 3341 4892 ἔχων
3368 4823 3463 4890 τῆς
3495 4820 3754 4883 πίστεως.

2170 4940 2186 4972 ι
2200 4918 2454 4987 Σιαγόνες
2469 4915 2655 4980 αὑτοῦ,
2674 4915 2858 4986 φησιν,
2878 4914 2953 4978 ὠς
2970 4914 3159 4983 φιάλαι
3172 4911 3267 4967 τοῦ
3285 4911 3576 4984 ἁρώματος
3593 4913 3756 4982 cption-

2170 5032 2257 5069 σαι
2291 5008 2587 5083 μυρεψικά,
2627 5007 2723 5061 καὶ
2741 5006 2893 5076 χείλη
2918 5005 3079 5059 αὐτοῦ
3108 5005 3267 5077 κρίνα
3292 5003 3556 5068 στάζοντα
3584 5003 3758 5074 σμύρ-

2168 5122 2265 5159 ναν
2293 5103 2494 5175 πλήρη.
2534 5120 2552 5153 ι
2586 5098 2850 5167 Σιαγόνας
2882 5097 2939 5152 δὲ
2977 5098 3136 5151 πάλιν
3179 5098 3271 5150 καί
3297 5096 3451 5167 χείλη
3482 5094 3578 5165 τὴν
3612 5094 3759 5147 διδα-

2176 5195 2404 5252 σκαλίαν
2448 5192 2628 5247 καλεῖ·
2661 5190 2869 5261 ὄργανα
2898 5189 3007 5259 γὰρ
3033 5189 3128 5242 τοῦ
3151 5189 3309 5257 λόγου
3336 5188 3430 5241 καὶ
3454 5185 3632 5257 χείλη,
3662 5187 3757 5238 καὶ

2174 5281 2452 5349 σιαγόνεςο
2496 5277 2701 5331 τούτων
2733 5276 2841 5346 γάρ
2872 5277 3205 5345 κινουμένων
3240 5277 3272 5346 ἡ
3326 5274 3587 5345 ἔναρθρος
3622 5277 3759 5328 άπο-

2172 5373 2404 5426 τελεῖται
2442 5368 2628 5437 φωνή·
2660 5364 2856 5434 φιάλας
2891 5364 2947 5417 δὲ
2996 5363 3286 5435 ἀρώματος
3332 5359 3534 5424 ταύτας
3583 5377 3756 5430 προσ-

2172 5461 2443 5534 αγορεύει,
2493 5457 2579 5511 διὰ
2614 5456 2674 5509 τὸ
2710 5456 2809 5526 τῆς
2848 5456 3195 5519 διδασκαλίας
3242 5453 3470 5516 εὑῶδες⁸
3513 5452 3662 5520 λέγει
3699 5451 3758 5507 δὲ

1743 5612 1977 5669 νΑΒΙίΕ
2012 5613 2415 5671 LECTIONES.

592 5698 639 5729 “
663 5699 894 5778 εὐπρεπ.
923 5702 1055 5778 Des.
1082 5699 1270 5778 incod.
1331 5700 1381 5778 ξ’
1411 5699 1511 5778 cod
1536 5702 1789 5778 ,ἐκείνης
1866 5703 1921 5778 ’_°_
1940 5704 2093 5778 ὄνομ.
2125 5702 2457 5758 Prinreditio
2487 5705 2719 5760 habebat
2738 5708 3296 5778 ὀνομαζομένου.ιῖοιί.
3321 5703 3757 5778 ὀνομαζομένας.

506 5758 547 5789 ³³
577 5768 703 5847 (τοάζ
737 5758 1074 5847 περιστεραί.
1154 5772 1196 5803 ²¹
1246 5770 1366 5847 rod.
1417 5758 1799 5847 πληρώματος.
1880 5772 1931 5847 ³³-
1959 5758 2210 5841 βλέπουσι
2241 5791 2429 5842 χορηγ.
2468 5779 2589 5829 cmi.
2623 5758 3241 5847 ἀποϐλέποξσίδωρεάν.
3314 5778 3357 5808 ³³
3397 5758 3487 5827 καὶ
3516 5758 3579 5813 ολ
3628 5773 3760 5827 ὑδα-

506 5850 632 5893 των.
666 5834 787 5893 Des.
814 5834 886 5893 'in
919 5834 1037 5895 cod.
1116 5845 1157 5875 ³³
1233 5834 1541 5910 γενόμενοᾷ
1574 5834 1737 5896 Abest
1769 5858 1796 5892 ιι
1834 5843 1955 5896 cod.
