3940 6200
224 166 282 232 1ὓὶ
1247 174 1331 234 ΙΝ
1362 171 1745 233 CANTICUM

1865 171 2062 231 NTIC.
2097 171 2241 231 LIB.
2270 170 2384 230 ΙΙΙ.

3374 171 3476 239 169

223 280 341 343 sitit;
394 280 494 332 καὶ
548 280 717 348 φύειν
777 282 1087 354 μυρεψικά·
1141 282 1352 337 ἐκεῖθεν
1398 283 1506 353 γὰρ
1551 283 1648 346 τὰς
1694 282 1761 349 τῆ

1865 282 1989 350 ,qni
2041 291 2303 351 tanquam
2346 281 2692 351 pigmentarii
2744 283 3175 352 prtedicatinnis,
3232 302 3476 356 unguen—

222 371 526 434 δ.δισκαλίας
564 373 835 442 ἀφορμὰς
862 374 1226 443 λαμϐάνοντες
1245 374 1295 426 οἱ
1327 373 1443 453 τῆς
1469 372 1761 442 Ἐκκλησία

1895 381 2011 425 tum
2046 374 2346 427 coniiciunt
2400 373 2676 427 utilitatis.
2724 374 2879 429 Liliis
2934 390 3099 445 porro
3148 377 3349 431 similia
3392 379 3466 431 vi-

219 461 513 521 διδάσκαλοι,
542 456 661 515 οἷόν
714 480 865 527 τινες
907 465 1139 536 μυρεψοὶ
1189 464 1426 533 γίνονται
1476 465 1569 517 τοῦ
1617 464 1789 535 κηρύ-

219 572 411 625 nam;
440 554 538 607 καὶ
570 554 632 607 rb
664 555 845 624 μύρον
885 556 984 626 τῆς
1010 556 1275 624 ὡφελείας
1303 558 1784 621 κατασκευάζουσι.

1891 463 2095 519 dentur
2127 465 2276 519 illius
2338 464 2507 530 labia,
2557 467 2688 535 quia
2726 481 2827 535 per
2872 483 2931 521 se
2962 467 3255 535 splendent
3300 468 3471 523 divini

1891 570 2198 615 sermones,
2241 555 2368 609 licet
2414 556 2638 608 humani
2686 558 2999 612 ornamenti
3036 558 3174 611 nihil
3210 557 3470 613 habeant.

217 646 402 717 Κρίνοις
438 644 521 708 δὲ,
569 645 770 714 φησὶν,
802 645 977 699 ἔοικεν
994 646 1157 700 αὐτοῦ
1188 648 1256 701 τὰ
1299 648 1452 718 χείλη
1472 663 1486 676 ’
1512 649 1761 717 λάμπουσ

1888 646 2006 699 Non
2038 647 2187 700 enim
2212 654 2362 712 nent,
2390 662 2571 715 neque
2600 653 2791 701 texunt
2810 647 2947 711 lilia,
2982 654 3041 701 ut
3069 646 3339 703 Dominus
3369 648 3471 702 do-

214 738 301 807 γᾱρ
339 738 386 790 οἱ
426 736 561 790 θεῖοι
607 736 781 805 λόγοι,
808 739 958 791 οὐδὲν
995 737 1336 809 ἀνθρώπινον
1382 740 1630 809 ἔχοντες·
1663 739 1783 794 οὔτε

212 831 301 900 rip
320 830 489 898 νήθει.
520 827 648 882 οὔτε
678 830 895 899 ὑφαίνει
945 830 989 862 ³⁶
1027 830 1096 883 τὰ
1139 831 1322 901 κρίνα,
1368 832 1508 886 κατὰ
1544 832 1642 903 τὴν
1689 833 1782 886 τοῦ

210 923 391 991 Κυρίου
414 922 793 987 διδασκαλίαν,
834 922 949 975 ἀλλ’
972 925 1001 976 ὁ
1034 923 1223 993 Πατὴρ
1252 925 1280 976 ὁ
1306 927 1363 978 ἐν
1390 927 1498 990 τοῖς
1534 926 1783 996 οὐρανοῖς

206 1014 545 1084 ἀμφιέννυσιν
567 1015 729 1068 αὐτὰ.
770 1015 989 1084 Ἐπειδὴ
1016 1014 1193 1068 τοίνυν
1225 1018 1405 1086 πάσης
1436 1016 1780 1089 ἀνθρωπίνης

206 1106 377 1175 σοφίας
402 1107 449 1158 οἱ
486 1105 623 1158 θεῖοι
649 1106 801 1174 λόγοι
824 1106 1225 1177 γεγύμνωνται,
1257 1108 1417 1178 μόνον
1453 1108 1511 1161 δὲ
1538 1109 1600 1162 τὸ
1636 1109 1778 1163 θεῖον

178 1197 367 1279 έχουσι
408 1196 629 1263 καλλος,
675 1198 902 1261 εἰκότως
938 1199 1105 1267 φησί’
1145 1218 1163 1249 ι
1197 1199 1362 1270 Χείλη
1408 1199 1572 1255 αὑτοῦ
1616 1200 1777 1271 κρίνα

186 1286 448 1349 ἐτάζοντα
498 1286 748 1357 σμύρναν
806 1286 1010 1358 πλήρη,
1061 1308 1081 1339 ι
1124 1288 1370 1342 τουτέστι
1434 1290 1533 1360 τὴν
1579 1292 1637 1343 ἐν
1697 1289 1775 1360 τῷ

201 1378 413 1446 παρόντι
467 1376 568 1447 βίῳ
614 1376 884 1449 νέκρωσιν
935 1378 1345 1434 ὲκπαιδεύοντα.
1386 1381 1619 1435 Τοιαῦτα
1664 1384 1773 1453 γὰρ

200 1468 261 1519 τὰ
292 1467 383 1519 τοῦ
432 1468 642 1538 Κυρίου
685 1469 993 1538 διδάγματα
1017 1486 1030 1500 ·
1067 1489 1086 1522 ι
1128 1468 1193 1524 ὐ
1231 1471 1305 1542 μὴ
1344 1474 1768 1544 καταλιμπάνω.

202 1559 420 1629 πατέρα,
477 1559 575 1612 καὶ
635 1561 880 1633 μητέρα,
942 1560 1034 1615 καὶ
1082 1566 1335 1630 γυναῖκα,
1387 1566 1479 1619 καὶ
1525 1567 1767 1638 ἀγροὺς,

198 1651 284 1700 καὶ
313 1650 641 1718 ἀμπελῶνας
684 1651 869 1706 ἕνεκεν
906 1651 1060 1723 ἐμοῦ,
1094 1654 1195 1709 οὐκ
1237 1654 1349 1707 ἔστι
1384 1674 1487 1726 μου
1525 1657 1674 1722 ἄξιος
1697 1677 1709 1689 ·
1746 1677 1764 1711 ι

200 1739 313 1791 καί·
351 1756 371 1790 ι
420 1740 518 1804 Ὃς
578 1740 639 1793 οὗ
696 1740 963 1812 λαμϐάνει
1008 1744 1100 1797 τὸν
1155 1745 1382 1814 σταυρὸν
1439 1747 1639 1813 αὐτοῦ,
1680 1750 1774 1803 καὶ

196 1832 464 1886 ἀκολουθεῖ
517 1834 696 1888 ὀπίσω
752 1853 877 1907 μου,
926 1838 1024 1891 οὐκ
1075 1837 1188 1891 ἔστι
1224 1856 1325 1910 μου
1364 1840 1543 1905 ἄξιος’
1581 1858 1605 1896 ο
1635 1843 1768 1896 καί·

203 1946 220 1976 ι
250 1927 306 1978 Εἰ
334 1926 502 1990 θέλεις
538 1927 743 1990 τέλειος
763 1927 1038 1997 γενέσθαι,
1066 1927 1315 2001 πώλησόν
1350 1948 1443 1984 σου
1480 1931 1546 1984 τὰ
1597 1932 1773 2003 ὑπάρ-

197 2036 367 2087 χοντα,
393 2019 484 2071 καί
523 2018 615 2083 δὸς
652 2023 909 2089 πτωχοῖς,
951 2021 1045 2075 καὶ
1085 2021 1262 2076 λαϐὼν
1286 2022 1374 2076 τὸν
1405 2024 1636 2095 σταυρόν
1676 2041 1770 2078 σου

198 2108 459 2162 ἀκολούθει
488 2126 579 2180 μοι
602 2124 616 2138 ⁸
652 2127 671 2160 ι
704 2109 792 2164 διὰ
818 2111 975 2165 τοῦτο
999 2112 1184 2178 στάζει
1210 2113 1362 2186 χείλη
1386 2113 1550 2168 αύτοῦ
1593 2115 1766 2186 σμύρ-

198 2216 284 2252 ναν
332 2201 528 2272 πλήρη.
570 2220 592 2253 ι
635 2202 830 2273 Χεῖρες
879 2204 935 2256 δὲ
990 2204 1155 2258 αὐτοῦ
1208 2207 1497 2276 τορευταὶ,
1547 2209 1768 2278 χρυσαῖ,

200 2292 605 2363 πεπληρωμέναι
638 2294 894 2364 Θαρσεῖς.
937 2315 955 2347 ι
982 2297 1183 2367 Χεῖρας
1213 2296 1271 2350 δὲ
1311 2299 1412 2369 τὴν
1459 2301 1770 2372 πρακτικὴν

200 2385 383 2456 ἀρετὴν
408 2384 683 2455 ὀνομάζει,
719 2386 785 2457 ἢν
830 2386 971 2457 μετά
1020 2389 1199 2461 πάσης
1240 2390 1502 2462 ἁρμονίας
1548 2393 1771 2465 lis-7517')-

200 2475 363 2539 λυθεν,
405 2470 511 2532 οἷον
552 2477 883 2548 διατορεύων
922 2481 1015 2534 καὶ
1047 2482 1370 2537 ἀπευθύνων
1410 2484 1608 2555 πρᾶξιν
1640 2486 1769 2541 ἐκά-

203 2584 336 2638 στην.
366 2568 451 2621 Διὸ
483 2569 577 2620 καὶ
606 2569 686 2639 τῷ
702 2570 924 2642 Ἰωάννῃ
963 2571 1169 2642 ἔλεγεν·
1196 2576 1402 2644 «Ἄφες
1437 2576 1561 2649 ἄρτι
1583 2595 1597 2608 ο
1626 2577 1768 2630 οὕτω

204 2658 295 2730 γὰρ
316 2660 511 2730 πρέπον
533 2662 671 2731 ἡμῖν
692 2663 813 2716 ἐστι
842 2664 1132 2737 πληρῶσαι
1162 2670 1342 2722 πᾶσαν
1363 2669 1726 2740 δικαιοσύνην.
1741 2689 1760 2722 ι

201 2750 397 2821 Χρυσίς
421 2752 476 2804 δὲ
506 2753 668 2806 πάλιν
697 2754 874 2821 καλεῖ,
904 2757 979 2822 ὡς
1008 2760 1222 2829 τιμίους
1257 2762 1350 2815 καὶ
1380 2762 1659 2829 σπανίους.
1694 2764 1767 2817 Τὸ

202 2839 249 2892 δὲ
277 2840 494 2910 Θαρσεῖς
520 2844 609 2897 διὰ
636 2845 698 2898 τὸ
739 2845 964 2919 δόκιμον
993 2850 1149 2905 ἔλαϐε
1196 2854 1289 2907 τοῦ
1346 2855 1595 2926 χρυσίου’
1624 2858 1767 2912 ἐκεῖ·

1806 1626 1845 1680 Β

1885 747 1992 799 cet,
2036 737 2129 792 sed
2177 736 2338 791 Pater
2361 738 2601 793 caelestis
2632 739 2798 793 vestit
2834 755 2896 794 ea
2927 750 2975 793 ιι.
3005 738 3274 805 Quoniam
3305 740 3472 809 igitur

1883 830 1952 881 ab
1994 829 2143 882 omni
2194 828 2433 882 humana
2482 830 2756 899 sapientia
2791 828 2964 884 divini
3015 845 3299 886 sermones
3343 838 3472 886 sunt

1882 920 2150 985 destituti,
2192 920 2548 992 divinamque
2595 924 2773 976 solum
2813 923 3065 977 obtinent
3108 924 3471 994 pulchritudi—

1881 1025 2027 1073 nem,
2060 1012 2258 1063 mcrito
2277 1009 2410 1064 dicit
2447 1029 2463 1060 ι
2502 1011 2643 1064 labia
2685 1011 2805 1080 ejus
2829 1011 2938 1065 lilia
2968 1011 3298 1067 distillantia
3326 1028 3471 1083 myr-

1878 1099 2034 1151 rham
2068 1102 2319 1168 plenam:
2354 1117 2370 1149 ι
2412 1100 2612 1153 docent
2642 1100 2792 1154 enim
2827 1101 2880 1153 in
2905 1104 3160 1170 praesenti
3192 1104 3299 1156 vita
3331 1117 3472 1157 mor-

1877 1193 2254 1245 tiﬁcationem.
2275 1190 2469 1258 Qualis
2497 1200 2581 1247 est
2604 1191 2695 1246 illa
2727 1191 2945 1248 Domini
2975 1195 3227 1249 doctrina
3264 1211 3281 1250 :
3320 1216 3339 1246 ι
3364 1195 3467 1262 Qui

1875 1299 1983 1338 non
2032 1283 2295 1353 relinquit
2342 1294 2569 1354 patrem,
2615 1293 2669 1339 et
2727 1294 2984 1350 matrem,
3018 1295 3371 1348 et-uxorem,
3417 1299 3471 1343 et

1879 1374 2250 1446 119‘agros,
2295 1383 2349 1431 et
2382 1375 2597 1441 vincas,
2637 1385 2864 1447 propter
2913 1394 3021 1447 me,
3080 1394 3187 1432 non
3244 1387 3327 1434 est
3384 1395 3472 1433 me

1871 1471 2071 1540 dignus
2103 1479 2168 1538 V;
2213 1490 2232 1521 ι
2268 1480 2320 1525 et
2353 1488 2368 1525 :
2405 1488 2423 1521 ι
2468 1470 2570 1537 Qui
2612 1487 2721 1525 non
2744 1472 2916 1526 sumit
2942 1487 3162 1525 crucem
3202 1488 3383 1536 suam,
3415 1481 3469 1525 ct

1874 1563 2131 1632 sequitur
2171 1578 2260 1617 me
2284 1604 2298 1629 ,
2333 1577 2441 1617 non
2477 1570 2560 1619 est
2597 1579 2684 1618 me
2717 1563 2917 1634 dignus
2953 1576 3018 1629 ις
3059 1582 3078 1615 ι
3110 1570 3200 1618 et:
3240 1583 3257 1614 ι
3294 1563 3349 1618 Si
3383 1564 3471 1619 vis

1875 1653 2153 1724 perfectus
2184 1671 2329 1719 esse,
2362 1655 2536 1711 vende
2557 1670 2679 1725 quae
2712 1656 2901 1717 habes,
2924 1663 2978 1710 et
3005 1656 3070 1710 da
3101 1656 3462 1725 pauperibus.

1874 1754 1930 1801 et
1964 1747 2179 1801 sublata
2219 1762 2383 1803 cruce
2421 1758 2512 1801 tua
2553 1763 2788 1818 sequere
2830 1762 2916 1803 me
2947 1755 2997 1801 ῐ.
3035 1766 3053 1799 ι
3107 1748 3319 1802 Idcirco
3379 1747 3465 1801 di-

1875 1840 2245 1894 stillantlabia
2274 1839 2396 1909 ejus
2430 1842 2708 1910 myrrham
2745 1841 2982 1910 plenam.
3017 1859 3033 1891 ι
3058 1838 3250 1894 Manus
3284 1849 3464 1892 autem

1873 1928 1995 1997 ejus
2046 1929 2581 1994 tornatiles,aurca:,
2634 1930 2808 1998 plena:
2856 1928 3106 1984 Tharsis.
3180 1947 3200 1981 ι
3238 1918 3476 1994 Manus',

1872 2035 1967 2076 eas
1998 2020 2227 2076 virtutes
2253 2028 2431 2084 vocat,
2458 2036 2580 2090 quae
2613 2021 2663 2074 in
2696 2021 2914 2075 actione
2942 2021 3254 2075 consistunt
3281 2039 3293 2074 :
3326 2034 3464 2088 quas

1873 2112 2131 2168 Omnibus
2164 2112 2357 2168 oliiciis
2386 2112 2665 2183 sigillatim
2707 2112 2781 2166 ita
2819 2113 3111 2185 diligenter
3136 2111 3377 2166 excoluit
3406 2118 3465 2164 ut

1872 2220 2321 2275 unamquamque
2354 2207 2624 2260 actionem
2668 2206 2826 2275 quasi
2866 2213 3118 2259 tornaret
3160 2219 3225 2260 ac
3259 2203 3463 2274 dirige-

1872 2305 1975 2351 ret.
2008 2298 2374 2365 Quamobrem
2402 2299 2469 2352 ad
2493 2295 2766 2353 Joannem
2795 2317 2837 2352 ει
2870 2296 3022 2361 Sine,
3050 2297 3249 2367 inquit,
3278 2296 3471 2362 modo;

1872 2391 1953 2446 sic
1987 2390 2132 2445 enim
2173 2390 2328 2446 decet
2374 2408 2476 2448 nos
2506 2392 2733 2463 implere
2777 2406 2994 2446 omnem
3033 2389 3308 2459 justitiam
3345 2397 3391 2443 ³.
3436 2408 3454 2440 ι

1870 2483 2082 2539 Aureas
2108 2484 2370 2554 appellat,
2397 2494 2455 2537 ut
2487 2485 2831 2555 prelimasct
2859 2484 3113 2539 eximias.
3150 2480 3285 2537 Nam
3324 2481 3460 2537 illud

1870 2573 2100 2630 Tharsis
2151 2586 2377 2645 propter
2429 2578 2547 2628 auri
2600 2577 2977 2646 praestantiam
3040 2576 3245 2645 posuit.
3306 2574 3460 2627 Illinc

1868 2665 2013 2719 enim
2068 2666 2205 2719 dicit
2234 2666 2416 2719 divina
2452 2666 2739 2737 Scriptura
2775 2666 3052 2721 sincerum
3084 2675 3137 2719 et
3171 2681 3368 2736 purum
3396 2680 3460 2718 ac

1869 2758 2158 2827 probatum
2215 2773 2408 2813 aurum
2454 2759 2755 2829 deportari.
2812 2777 2830 2809 ι
2884 2758 3087 2815 Venter
3130 2759 3250 2829 ejus
3302 2758 3461 2829 pyxis

1867 2852 2059 2922 exigua
2087 2852 2350 2917 eburnea,
2395 2867 2563 2921 super
2596 2852 2781 2922 lapide
2815 2853 3099 2922 sapphiro.
3142 2871 3160 2904 ι
3220 2850 3458 2904 Proinn-

204 2930 281 2983 θεν
312 2935 410 3004 γὰρ
437 2934 585 3004 λέγει
634 2939 667 3009 ἡ
721 2937 840 2992 θεία
889 2941 1080 3015 Γραφὴ
1112 2945 1174 2998 τὸ
1219 2946 1507 3018 ἀκίϐδηλον
1538 2950 1630 3003 καὶ
1658 2949 1761 3005 ἄπ-

1868 2942 2011 2997 ditas
2037 2943 2181 2997 enim
2224 2943 2609 3013 mysteriorum
2649 2942 2792 3012 ejus,
2826 2951 2880 2997 ct
2933 2961 3074 3014 penu
3121 2942 3456 3013 cognitionis

205 3023 346 3092 5;Bov
373 3024 414 3056 ³⁷
435 3044 454 3076 ι
485 3029 579 3081 καὶ
625 3029 851 3100 δόκιμον
883 3034 1106 3103 χρυσίον
1137 3036 1474 3106 κομίζεσθαι.
1514 3057 1532 3090 ι
1563 3039 1756 3094 Κοιλία

205 3114 350 3168 αὑτοῦ
389 3118 571 3184 πυξίον
622 3121 968 3191 ἐλεφάντινον
1024 3128 1115 3182 ἐπὶ
1162 3129 1309 3183 λίθου
1362 3131 1684 3203 σαπφείρου.
1730 3152 1753 3199 ξ

217 3206 264 3259 ’0
287 3208 381 3280 γὰρ
411 3210 564 3279 βυθὸς
590 3213 756 3268 αὐτοῦ
792 3215 901 3269 τῶν
934 3220 1269 3292 μυστηρίων,
1298 3223 1394 3276 καὶ
1422 3224 1482 3277 τὸ
1511 3227 1755 3295 ταμιεῖον

203 3296 288 3367 τῆς
306 3302 562 3369 γνώσεως,
593 3303 724 3359 ἔνθα
751 3305 861 3360 εἰσὶ
908 3308 1111 3374 πάντες
1156 3312 1206 3365 οί
1247 3312 1513 3385 θησαυροὶ
1539 3316 1636 3385 τῆς
1668 3333 1757 3370 σο-

208 3391 314 3457 φίας
341 3394 426 3446 καὶ
453 3396 550 3464 τῆς
579 3398 835 3466 γνώσεως
868 3400 1198 3474 ἀπόκρυφοι,
1235 3405 1425 3472 πυξίον
1469 3408 1607 3459 εἰσὶν
1638 3407 1753 3460 ὲλε-

210 3483 421 3549 ξάντινον
448 3491 560 3553 τοῖς
591 3490 701 3560 τῆς,
731 3492 1129 3562 ἀποκαλύψεως
1163 3494 1355 3561 ἀξίοις·
1403 3497 1514 3571 Καὶ
1559 3501 1623 3569 τῇ
1656 3499 1754 3570 μὲν

210 3573 339 3639 γύσει
364 3577 499 3631 ἐστὶν
524 3580 914 3654 ἀκατάληπταο
940 3583 1018 3638 διὸ
1049 3605 1068 3638 ι
1105 3587 1198 3640 ἐπὶ
1218 3588 1366 3642 λίθου
1393 3591 1746 3661 σαπφείρου·ι

210 3663 296 3717 δ”
322 3670 606 3743 παραδηλοῖ
630 3672 690 3726 τὺ
718 3672 859 3745 βαθὺ
892 3677 987 3729 καὶ
1022 3680 1401 3750 κεκρυμμένον
1438 3681 1547 3735 τῶν
1570 3684 1749 3737 θείων.

219 3758 333 3811 Ἀλλ’
358 3761 496 3829 ὅμως
532 3764 691 3820 τοῦτο
738 3767 802 3822 τὸ
854 3766 990 3838 βαθὺ
1014 3808 1028 3833 ,
1076 3772 1171 3824 καὶ
1221 3774 1622 3845 κεκρυμμένον,
1659 3778 1753 3830 καὶ

210 3850 387 3922 ἄδηλον,
417 3855 599 3922 πυξίον
630 3860 978 3930 ἐλεφάντινον
1023 3863 1232 3932 γίνεται
1270 3868 1382 3926 τοῖς
1424 3867 1625 3933 ἀξίοις*
1672 3869 1753 3921 διὸ

209 3944 286 3996 καὶ
307 3947 333 3999 ὀ
356 3950 608 4020 μακάριος
640 3951 856 4017 Παῦλος
887 3955 1018 4026 βοᾷ·
1048 3975 1067 4008 ι
1103 3958 1166 4010 "A
1189 3956 1463 4027 ὀφθαλμὸς
1490 3960 1589 4013 οὐκ
1622 3956 1748 4026 εἶδε,

208 4035 285 4087 καὶ
312 4033 388 4101 οὖς
415 4040 509 4094 οὐκ
541 4042 766 4112 ἢκουσε,
802 4046 898 4100 καὶ
928 4047 1021 4100 ἐπὶ
1066 4048 1294 4118 καρδίαν
1337 4049 1626 4122 ἀνθρώπου
1652 4053 1751 4107 οὐκ

209 4126 364 4200 ἀνέϐη,
396 4131 430 4186 ἀ
456 4135 754 4207 ἡτοίμασεν
801 4140 832 4193 ό
883 4138 1017 4204 Θεὸς
1068 4143 1179 4202 τοῖς
1222 4142 1508 4209 ἀγαπῶσιν
1556 4146 1748 4199 αὐτόν·

209 4220 317 4288 ἡμῖν
340 4223 388 4278 δὲ
411 4227 438 4278 ό
466 4226 596 4291 θεὸς
628 4229 953 4301 ἀπεκάλυψε
989 4231 1077 4286 διὰ
1114 4232 1209 4287 τοῦ
1238 4234 1550 4307 Πνεύματος
1582 4239 1624 4270 ³³
1655 4239 1752 4292 αύ-

1859 3034 1950 3089 ubi
1984 3041 2115 3089 sunt
2143 3049 2336 3088 omnes
2372 3033 2619 3088 thesauri
2654 3035 2940 3103 sapientiae
2962 3045 3018 3090 et
3051 3036 3299 3090 scicntize
3327 3034 3455 3089 abs-

1857 3126 2087 3190 conditi,
2116 3134 2249 3181 sunt
2281 3126 2565 3181 vasculum
2599 3128 2905 3181 eburneum
2944 3127 3074 3188 illis.
3101 3128 3194 3196 qui
3244 3126 3456 3181 revela-

1856 3221 2007 3274 tione
2041 3227 2173 3273 sunt
2222 3217 2394 3288 digni.
2446 3216 2512 3270 Et
2543 3225 2740 3270 natura
2788 3217 3008 3287 quidem
3058 3216 3449 3287 comprehendi

1856 3320 2172 3380 nequeunt;
2207 3311 2333 3365 ideo
2368 3328 2387 3360 ι
2423 3325 2591 3379 super
2636 3308 2818 3379 lapide
2853 3308 3117 3379 sapphiro
3157 3329 3175 3361 ι
3221 3308 3446 3371 dicitur,

1856 3406 2001 3475 quod
2045 3420 2230 3459 rerum
2274 3402 2582 3457 divinarum
2604 3402 2844 3463 ostendit
2873 3417 3131 3456 arcanam
3166 3401 3451 3471 profundi-

1855 3506 2042 3553 tatem.
2082 3498 2157 3550 Ac
2193 3496 2321 3550 licet
2352 3493 2649 3565 profunda,
2685 3503 2737 3547 ct
2770 3493 3055 3549 TCCUDtlila
3097 3492 3450 3562 obscuraque

1854 3589 1946 3652 sit,
1973 3589 2214 3643 eburnea
2245 3594 2426 3641 tamen
2453 3584 2611 3657 pyxis
2635 3584 2871 3639 eﬂicitnr
2900 3584 3011 3638 illis
3044 3584 3135 3655 qui
3178 3600 3290 3637 non
3322 3593 3450 3638 sunt

1854 3682 2086 3751 indigni.
2145 3679 2515 3746 Quamobrem
2568 3680 2760 3733 beatus
2816 3675 3024 3732 Paulus
3083 3677 3231 3732 clara
3266 3691 3444 3733 voce:

1859 3791 1878 3824 ι
1906 3771 2037 3839 Quae
2069 3773 2285 3836 oculus,
2314 3771 2517 3841 inquit,
2554 3785 2663 3823 non
2701 3769 2858 3834 vidit,
2882 3784 3061 3841 neque
3100 3770 3253 3824 auris
3284 3768 3446 3823 audi—

1853 3866 1950 3930 vit,
1978 3880 2155 3934 neque
2183 3864 2237 3917 in
2270 3880 2364 3916 cor
2398 3863 2639 3918 hominis
2663 3862 3053 3926 ascenderunt,
3094 3878 3214 3933 quae
3238 3876 3448 3932 praepa-

1854 3957 1992 4011 ravit
2029 3956 2174 4011 Dcus
2226 3954 2587 4025 diligentibus
2634 3955 2787 4008 illum
2823 3954 3026 4010 :nohis
3071 3963 3253 4008 autem
3299 3952 3444 4008 Deus

1853 4048 2114 4103 revelavit
2143 4063 2236 4117 per
2270 4045 2539 4114 Spiritum
2563 4062 2722 4101 suum
2759 4058 2783 4086 α
2811 4064 2826 4112 ;
2858 4064 2875 4096 ι
2914 4058 2966 4099 et
2994 4061 3187 4101 rursus
3222 4063 3235 4100 :
3273 4064 3291 4095 ι
3328 4043 3443 4116 My-

1852 4139 2081 4194 sterium
2117 4139 2261 4206 ejus,
2298 4137 2444 4207 quod
2494 4137 2882 4191 absconditum
2924 4135 3026 4189 fuit
3062 4153 3091 4191 a
3138 4136 3357 4191 saeculis
3387 4146 3442 4191 et

1852 4231 2316 4301 generationibus,
2352 4236 2404 4283 et
2438 4227 2586 4298 quod
2630 4226 2790 4298 120
2822 4228 2946 4282 aliis
2985 4226 3440 4299 generationibus

210 4310 309 4363 τοῖν
344 4334 361 4367 ι
398 4319 486 4370 καὶ
531 4319 726 4374 πάλιν
765 4339 785 4373 t
823 4320 897 4375 Τὸ
943 4326 1241 4396 μυστήριον
1288 4301 1453 4380 αὑτοῦ
1497 4329 1557 4381 τὸ
1610 4331 1745 4383 ἀπο-

1865 4339 1963 4377 aon
1993 4332 2077 4379 est
2112 4323 2379 4393 agnitum,
2424 4324 2568 4377 sicut
2599 4337 2747 4376 nunc
2783 4322 3081 4376 revelatum
3111 4330 3197 4374 est
3228 4321 3437 4375 sanctis

211 4408 543 4478 κεκρυμμένον
573 4411 683 4465 ἀπὸ
709 4411 818 4467 τῶν
864 4412 1099 4481 αἰώνων,
1130 4416 1225 4470 καὶ
1258 4417 1365 4470 ἀπὸ
1388 4418 1495 4471 τῶν
1518 4421 1741 4487 γενεῶν,

209 4489 436 4566 ὂὲτέραις
468 4504 678 4568 γενεαῖς
708 4504 809 4557 οὐκ
849 4505 1174 4578 ἐγνωρίσθη,
1224 4508 1299 4572 ὡς
1333 4508 1426 4563 νῦν
1463 4511 1740 4566 ἀπεκαλύ-

211 4582 293 4654 φθη
316 4591 416 4653 τοῖς
448 4592 623 4661 ἁγίοις
676 4594 998 4661 ἀποστόλοις
1027 4598 1192 4652 αὐτοῦ
1224 4601 1316 4654 καὶ
1345 4604 1674 4674 προφήταις.
1713 4623 1733 4656 ι

210 4674 280 4725 Διὸ
299 4676 335 4707 ⁸⁸
356 4679 443 4749 τὴν
471 4683 673 4738 κοιλίαν
702 4685 871 4739 αὐτοῦ
900 4687 1036 4758 φησὶ
1071 4688 1259 4753 πυξίον
1290 4686 1427 4747 εἶναι
1454 4693 1735 4763 ἐλεφάντι-

212 4778 279 4854 νον
301 4768 380 4822 ἐπὶ
402 4771 541 4826 λίθου
584 4776 891 4849 σαπφείρου
910 4793 925 4809 ο
981 4779 1077 4832 καὶ
1122 4781 1247 4844 τοὺς
1278 4782 1374 4850 μὲν
1405 4782 1734 4854 βοστρύχους

212 4853 363 4946 δήλους
399 4862 548 4929 όντας
601 4868 843 4939 μέλανας
888 4869 992 4942 ἔφη
1018 4887 1032 4901 ⁸
1066 4875 1176 4937 τοῖς
1223 4875 1332 4945 γὰρ
1373 4853 1613 4946 μηδέπω
1630 4853 1738 4946 itm

215 4942 326 5011 θείας
342 4952 716 5027 ἀποκαλύψεως
737 4963 1090 5033 τετυχηκόσι,
1107 4964 1200 5018 καὶ
1225 4942 1568 5019 τὰνδοκούντα
1596 4942 1736 5019 εἶναι

256 5164 474 5262 vlim}:
507 5187 600 5262 Ἶι.
615 5173 688 5228 ²⁶
702 5190 885 5262 ,εέαὲίτ

998 5186 1027 5217 ν
1078 5176 1274 5233 Matth.
1342 5195 1394 5239 κ,
1453 5179 1541 5232 57.

210 5233 394 5297 'Mattb.
423 5257 498 5312 ιιι,

534 5244 621 5301 15.
697 5244 774 5299 ιι
810 5244 925 5301 Cor
963 5262 1025 5312 ιι,
1060 5249 1114 5314 9,
1147 5248 1230 5304 10.
1310 5250 1339 5289 b
1365 5249 1564 5320 Ephes.
1598 5265 1680 5315 ιιι,
1711 5252 1765 5306 5.

1623 5181 1750 5234 coll.
1792 5178 1933 5233 Luc.
1970 5194 2048 5243 Ix,
2085 5178 2172 5231 26.

1850 4415 1970 4484 ejus
2011 4416 2274 4485 apostolis
2311 4426 2363 4470 et
2403 4414 2686 4485 prophetis
2717 4414 2767 4467 ι’.
2813 4432 2832 4464 ι
2869 4411 2965 4467 llis
2999 4413 3065 4466 de
3093 4413 3279 4466 causis
3307 4427 3438 4465 ven-

1849 4513 1986 4560 trem
2017 4506 2165 4560 illius
2202 4505 2452 4577 pyxidem
2488 4504 2627 4558 dixit
2660 4518 2782 4557 esse
2818 4503 3119 4556 eburneam
3152 4515 3318 4571 super
3358 4502 3434 4555 la-

1844 4598 1971 4667 pide
2018 4598 2300 4668 sapphiro.
2354 4597 2433 4650 Ac
2467 4594 2758 4649 cincinnos
2799 4594 2942 4664 ejus,
2979 4609 3102 4648 cum
3151 4593 3431 4665 perspicui

1843 4689 1976 4753 sint,
2018 4689 2096 4743 ait
2129 4701 2255 4742 esse
2297 4686 2508 4755 nigros.
2544 4685 2659 4739 lllis
2693 4685 2865 4750 enim,
2898 4685 2991 4754 qui
3017 4684 3260 4740 nondum
3292 4685 3431 4740 divi-

1841 4795 1966 4833 nam
1998 4779 2238 4835 assecuti
2261 4787 2388 4832 sunt
2408 4776 2820 4839 revelationem,
2846 4791 2910 4831 ea
2933 4792 3153 4848 quoque
3174 4777 3430 4832 videntur

1845 4873 2082 4928 obscura
2110 4880 2165 4927 et
2201 4868 2523 4925 diliicillima
2559 4883 2682 4938 qua:
2709 4869 3001 4925 manifesta
3041 4876 3192 4936 sunt,
3218 4877 3273 4924 et
3296 4883 3428 4924 sen—

1844 4966 1999 5021 sibus
2044 4963 2614 5035 comprehenduntur.
2643 4961 2745 5029 Qui
2789 4978 2921 5018 vero
2964 4962 3032 5017 ad
3082 4962 3275 5017 intima
3307 4978 3431 5034 my-

2272 5190 2296 5216 ι
2332 5174 2523 5231 Matth.
2560 5192 2614 5240 χ,
2654 5175 2745 5232 58.
2842 5184 2872 5225 J’
2903 5172 3097 5230 Mattn.
3164 5188 3277 5240 nx,
3330 5172 3429 5232 21.

1360 5446 1365 5450 ’
1459 5452 1688 5507 VARUE
1731 5451 2137 5510 LECTIONES.

233 5577 269 5667 ξ’
293 5587 414 5667 εράο
450 5586 770 5667 ῥφαίνεται·
858 5583 903 5616 ⁸⁷
938 5585 1028 5639 καὶ
1050 5586 1311 5658 ἄπεφθον.
1342 5588 1384 5642 Ε
1415 5589 1536 5644 cod.
1567 5590 1744 5660 suppl.
1821 5591 1865 5623 ⁸⁵
1895 5592 1941 5644 ὃ.
1977 5590 2098 5646 cod.
2132 5588 2248 5644 mi.
2328 5588 2372 5618 ³⁸
2400 5584 2731 5654 πνεύματος.
2777 5582 2899 5638 cod.
2935 5581 3161 5650 πατρός.

174 5650 265 5708 cod.
285 5655 365 5710 διὰ
390 5650 572 5713 τοῦτο.

628 5744 667 5754 ο

3249 5579 3294 5612 ιο
3315 5585 3420 5640 5,3).
