3940 6200
239 185 312 253 165

1254 179 1335 241 IN
1355 175 1742 240 CANTICUM
1767 174 2056 235 CANTIC.
2087 173 2232 233 LIB.
2268 174 2379 232 III.

3376 165 3477 231 166

242 292 430 366 νῆσομέν
483 309 574 345 σοι
630 292 732 345 τοῦ
779 290 964 351 πόνου,
1008 287 1105 340 καὶ
1148 287 1453 357 ζητήσομεν
1491 283 1550 337 ὃν
1602 281 1833 344 ποθεῖς.-

1941 282 2328 351 ervesiigando
2353 294 2456 335 nos
2489 280 2586 336 tibi
2617 279 2822 335 laboris
2863 276 3044 335 socias
3089 276 3468 348 adjungemrs-

249 389 378 444 Πάλιν
404 384 595 438 τοίνυν
620 384 820 446 αὐταῖς
861 379 1232 450 ἀποκρίνεται,
1256 376 1489 446 λέγουσα
1510 390 1524 405 ·

842 510 1075 564 ΚΕΦΑΛ
1107 511 1199 577 εῖν.

300 632 362 682 α’.
403 621 800 693 Ἀδελφιδοῦς
841 638 960 690 μου
997 618 1211 687 κατέϐη
1254 620 1339 684 εις
1366 615 1566 685 κῆπον
1598 614 1807 679 αὐτοῦ,

255 724 316 787 τίς
332 718 556 790 φιάλας
574 716 620 746 ⁸⁷
641 714 750 768 τοῦ
774 711 1101 782 ὰρώματος,
1126 708 1459 776 ποιμαίνειν
1480 707 1552 760 ἐν
1572 704 1808 772 κήποις,

252 813 332 866 καί
379 805 720 875 συλλέγειν
750 804 946 873 κρίνα.
997 799 1265 870 Ζητητέον
1301 797 1379 862 δὲ,
1408 795 1462 850 τί
1488 797 1686 866 δήποτε
1717 794 1811 848 καὶ

250 903 327 954 ἕνα
369 899 521 967 λέγει
566 895 745 964 κῆπον
770 933 787 959 ,
816 893 913 946 καὶ
944 889 1173 952 πολλούς
1207 904 1221 919 ’
1256 905 1276 939 ι
1312 885 1529 955 Κατέὸη
1574 884 1685 955 γὰρ
1732 884 1810 948 είς

251 994 405 1063 κῆπον
438 986 609 1043 αὑτοῦ
634 1027 650 1052 ,
685 983 995 1055 ποιμαίνειν
1020 979 1078 1034 ὲν
1119 979 1337 1050 κήποις.
1374 994 1396 1027 ι
1434 976 1546 1029 Καὶ
1576 975 1686 1045 γὰρ
1714 974 1812 1044 μία

250 1086 379 1138 ἐστὶν
412 1079 740 1149 Ἐκκλησία,
769 1075 910 1131 κατὰ
931 1073 1023 1127 τὸν
1054 1071 1320 1143 μακάριον
1339 1066 1550 1121 Παῦλον
1572 1082 1588 1097 ⁸
1628 1084 1648 1119 ι
1685 1065 1815 1137 Ἦρα
1862 1063 1867 1069 ’

253 1176 490 1247 posciqu
508 1171 622 1239 γὰρ
652 1170 824 1240 ὑμᾶς,
843 1165 1029 1236 φησιν,
1055 1165 1136 1216 ἑνὶ
1163 1162 1340 1233 ἀνδρὶ,
1363 1159 1629 1230 παρθένον
1647 1157 1815 1228 ἁγνὴν

250 1264 590 1333 παραστῆσαι
614 1261 695 1331 τῷ
734 1256 979 1330 Χριστῷ.
1026 1274 1047 1307 ι
1083 1254 1191 1308 Καὶ
1227 1252 1418 1307 πάλιν·
1452 1271 1470 1304 ι
1501 1251 1564 1305 Οἱ
1604 1250 1814 1321 ἄνδρες,

1908 371 2123 429 Rursus
2149 373 2319 444 igitur
2347 373 2428 427 eis
2459 372 2784 443 respondet:

2425 504 2582 574 123
2614 502 2849 560 CAPUT
2878 501 2967 558 νι.

1982 612 2145 669 Vatis.
2178 616 2230 669 ί.
2260 613 2642 679 Consobrinus,
2685 616 2968 685 inquiens,
3018 630 3161 669 meus
3212 613 3477 668 descendit

1907 708 1964 761 in
1993 706 2204 760 hortum
2237 722 2413 772 suum,
2451 706 2519 759 ad
2540 707 2748 776 phialas
2779 707 3059 773 aromatis,
3100 716 3158 759 ut
3188 716 3373 774 pascat
3423 709 3480 759 in

1910 799 2099 863 hortis,
2117 808 2167 852 et
2195 797 2409 868 colligat
2437 797 2575 852 lilia.
2596 798 2961 865 Quaerendum
2984 808 3090 867 est,
3114 813 3213 853 cur
3231 807 3286 854 et
3312 814 3479 854 unum

1912 890 2058 945 dicat
2085 890 2330 957 hortum,
2360 897 2414 945 et
2439 889 2648 960 plures.
2687 910 2706 943 ι
2740 890 3031 946 Descendit
3077 890 3226 945 enim
3258 892 3314 945 in
3352 891 3482 945 hor-

1913 990 2027 1037 tum
2059 996 2245 1048 suum,
2279 988 2341 1035 ut
2384 988 2575 1052 pascat
2615 980 2670 1035 in
2704 981 2900 1037 hortis.
2951 973 3183 1036 i‘Unica
3210 983 3355 1035 enim
3398 989 3484 1036 est

1914 1074 2184 1141 Ecclesia,
2217 1080 2278 1128 ut
2306 1071 2466 1128 docet
2510 1073 2705 1128 beatus
2736 1068 2981 1128 Paulus:
3016 1089 3037 1123 ι
3066 1070 3365 1141 Despondi,
3398 1072 3484 1125 in-

1914 1166 2131 1235 quiens,
2176 1177 2275 1219 vos
2319 1161 2416 1216 uni
2472 1160 2589 1215 viro
2640 1159 2912 1230 virginem
2966 1168 3173 1216 castam
3229 1161 3489 1216 exhibere

1915 1252 2138 1308 Christo
2164 1252 2215 1307 ιι.
2240 1269 2261 1303 ι
2290 1249 2356 1303 Et
2386 1246 2515 1304 alibi
2537 1266 2582 1303 ει
2613 1247 2753 1313 Viri,
2784 1247 2994 1323 diligite
3019 1262 3225 1303 uxores
3255 1258 3484 1315 vestras,

1917 1344 2066 1402 sicut
2112 1352 2166 1400 et
2199 1341 2453 1399 Christus
2481 1340 2676 1396 dilexit
2707 1337 3011 1394 Ecclesiam
3046 1340 3091 1394 ί.
3130 1357 3150 1391 ι
3182 1341 3251 1393 At
3297 1340 3491 1395 beatus

249 1357 489 1426 ἀγαπᾶτε
519 1352 623 1416 τὰς
651 1353 916 1420 γυναῖκας
944 1344 1243 1409 tanaim",
1275 1342 1458 1406 καθὼς
1489 1343 1583 1396 καὶ
1610 1343 1640 1394 6
1676 1341 1813 1411 Χρι-

253 1450 362 1512 στὺς
389 1447 655 1516 ἠγάπησε
694 1443 794 1513 τὴν
841 1439 1184 1510 Ἐκκλησίαν.
1218 1456 1236 1490 ι
1285 1435 1447 1489 una:
1475 1434 1570 1489 καὶ
1619 1432 1819 1495 πολλὰς

1941 1446 2048 1491 tem
2071 1435 2275 1492 Paulus
2302 1436 2487 1507 plures
2521 1448 2742 1505 quoque
2773 1432 3023 1487 nominat
3045 1431 3353 1494 Ecclesias,
3380 1447 3491 1486 non

252 1541 299 1595 δὲ
337 1541 510 1602 αὑτὰς
550 1537 715 1591 πάλιν
744 1536 775 1587 6
812 1533 1078 1605 μακάριος
1112 1529 1321 1593 Παῦλος
1353 1527 1539 1582 καλεῖ·
1567 1528 1629 1579 οὐ
1677 1524 1819 1578 κατὰ

1941 1527 2161 1599 Spiritus
2190 1526 2479 1592 divisione,
2514 1523 2609 1581 sed
2667 1525 2916 1577 locorum
2963 1520 3250 1575 intervallo
3288 1520 3491 1575 distin-

252 1635 339 1705 τὴν
369 1629 785 1701 πνευματικὴν,
815 1617 953 1681 ἀλλὰ
991 1623 1134 1679 κατὰ
1156 1623 1255 1693 τὴν
1288 1619 1517 1690 τοπικὴν
1552 1617 1818 1688 διαίρεσιν

1941 1630 2059 1678 :tas.
2083 1618 2339 1682 «Paulus,
2365 1617 2566 1688 inquit,
2591 1615 2899 1686 apostolus,
2925 1628 3035 1667 non
3064 1613 3133 1667 ah
3157 1612 3493 1674 hominibus,

252 1699 399 1776 τοῦτο
422 1699 602 1774 statth
622 1735 636 1748 '
663 1738 683 1770 ι
720 1716 932 1780 Παῦλος
959 1715 1087 1787 γὰρ,
1122 1714 1308 1784 φησιν,
1332 1715 1361 1765 6
1390 1699 1706 1772 ἀπόστολος,
1721 1705 1821 1760 οὐκ

254 1815 337 1869 ἀπ’
365 1810 699 1883 ἀνθρώπων,
728 1808 849 1863 οὐδὲ
881 1808 951 1862 δι’
986 1805 1321 1877 ἀνθρώπων,
1352 1805 1471 1865 ταῖς
1514 1799 1821 1870 Ἐκλησίαις

252 1906 343 1975 τῆς
368 1904 665 1966 Γαλατίας.
712 1921 733 1953 ι
770 1898 1214 1972 ΚαΐΚορινθίοις
1256 1895 1314 1950 δὲ
1344 1893 1573 1965 γράφων
1620 1889 1819 1960 φησίν·

261 2018 278 2052 ι
308 1999 418 2052 Καὶ
458 1999 719 2067 γυναῖκες
748 1995 904 2067 ὑμῶν
947 1997 1004 2048 έν
1042 1994 1162 2055 ταῖς
1198 1985 1547 2057 Ἐκκλησίαις
1589 1981 1822 2050 σιγάτω-

259 2106 368 2143 σαν.
406 2105 429 2141 ι
473 2088 577 2141 Διά
606 2086 767 2140 τοῦτο
796 2088 831 2157 ἠ
850 2086 1037 2156 νύμφη
1068 2081 1261 2153 φησίν*
1289 2098 1307 2131 ι
1356 2073 1690 2143 ’Δδελφιδοῦς
1723 2088 1823 2142 μου

257 2182 452 2253 κατέϐη
497 2183 584 2245 εἰς
627 2181 806 2251 κῆπον
837 2176 1024 2241 αὐτοῦ,
1056 2175 1136 2238 είς
1160 2171 1356 2242 φιάλας
1387 2165 1481 2221 τοῦ
1514 2163 1824 2236 ἀρώματος,

261 2274 571 2345 ποιμαίνειν
590 2274 651 2327 ὲν
681 2273 909 2343 κήποις,
944 2267 1038 2321 καὶ
1079 2264 1355 2332 συλλέγειν
1386 2257 1547 2330 κρίνα
1566 2271 1615 2307 ἰ
1648 2253 1827 2345 πάσας

263 2343 362 2436 γὰρ
388 2365 672 2436 ποιμαίνει
704 2362 804 2425 τὰς
858 2356 1203 2427 Ἑκκλησίας,
1232 2353 1327 2408 καὶ
1348 2352 1527 2423 χαίρει
1552 2347 1671 2408 ταῖς
1698 2343 1828 2410 φιά-

263 2456 375 2520 λαις
400 2455 494 2509 τοῦ
530 2455 845 2526 ἀρώματος,
873 2454 985 2513 τοῖς
1011 2447 1108 2519 τὴν
1134 2444 1395 2515 εὐοσμίαν
1426 2437 1590 2495 αὑτοῦ
1629 2453 1831 2507 κεκτη-

271 2547 463 2617 μένοις,
503 2545 755 2606 καὶτοὺς
782 2544 885 2614 τῆς
914 2540 1130 2610 νύμφης
1170 2535 1230 2590 τὸ
1278 2533 1471 2596 κάλλος
1518 2529 1832 2603 μιμησαμέ-

270 2654 382 2701 νους
417 2636 513 2690 καὶ
540 2634 703 2707 κρίνα
752 2632 1076 2702 γενομένους
1122 2626 1391 2695 συλλέγει,
1433 2625 1526 2678 καὶ
1551 2627 1618 2695 τῇ
1647 2623 1834 2694 νύμφῃ

274 2732 541 2783 συνάπτει.
578 2726 803 2789 Τούτοις
842 2723 1092 2793 ἐπιφέρει
1119 2722 1153 2791 ἡ
1188 2718 1406 2789 νύμφη·

340 2820 403 2890 β’.
442 2818 593 2889 Ἐγὼ
615 2815 694 2883 τῷ
718 2816 762 2848 ⁸⁸
793 2812 1092 2883 ἀδελφιδῷ
1128 2829 1271 2881 μου,
1297 2809 1393 2862 καὶ
1424 2810 1457 2862 d
1478 2803 1837 2874 ἀδελφιδοῦς

1920 1726 2098 1782 neque
2139 1725 2238 1781 per
2282 1710 2557 1778 homines,
2602 1706 2867 1762 Ecclesiis
2898 1705 3126 1760 Galatia:
3152 1703 3199 1759 l.
3238 1723 3257 1756 ι
3302 1703 3367 1759 Et
3426 1704 3493 1758 ad

1920 1801 2237 1858 Corinthios
2268 1800 2517 1856 scribens
2550 1815 2563 1850 :
2608 1817 2626 1851 ι
2662 1797 2945 1861 Mulieres,
2970 1798 3174 1869 inquit,
3202 1803 3399 1851 vestra:
3438 1795 3496 1849 in

1922 1894 2175 1951 ecclesiis
2231 1899 2448 1947 taceant
2482 1890 2532 1946 ιι.
2590 1909 2611 1943 ι
2648 1888 3017 1955 Quamobrem
3072 1903 3279 1958 sponsa
3330 1886 3495 1942 etiam

1924 1985 2094 2041 dicit:
2120 2002 2139 2036 ι
2170 1981 2353 2053 Nepos
2378 1996 2533 2038 meus
2566 1977 2851 2036 descendit
2880 1979 2934 2033 in
2960 1979 3179 2032 hortum
3211 1991 3392 2040 suum,
3429 1974 3497 2029 ad

1924 2075 2136 2147 phialas
2166 2074 2453 2139 aromatis,
2485 2079 2543 2127 ut
2573 2080 2764 2143 pascat
2815 2069 2871 2124 in
2925 2069 3123 2132 hortis,
3175 2076 3230 2122 et
3277 2069 3499 2136 colligat

1926 2167 2064 2223 lilia.
2091 2185 2110 2219 ι
2143 2164 2347 2221 Omnes
2375 2164 2521 2219 enim
2554 2162 2735 2234 pascit
2758 2160 3127 2224 Ecclesias,et
3155 2157 3357 2229 pbialis
3377 2171 3501 2210 aro-

1928 2258 2094 2311 matis
2125 2256 2453 2319 delectatur,
2497 2253 2566 2309 iis
2618 2253 2905 2317 nimirum,
2948 2250 3041 2322 qui
3092 2249 3339 2304 redolent
3390 2246 3501 2301 fra—

1930 2348 2199 2418 grantiam
2229 2347 2350 2417 ejus
2380 2364 2392 2400 :
2430 2353 2485 2401 et
2514 2360 2610 2401 eos
2644 2344 2740 2415 qui
2790 2358 3005 2413 sponsae
3036 2338 3501 2413 pulchritudinem

1931 2440 2219 2494 imitantur
2248 2448 2303 2495 et
2331 2440 2471 2494 ﬁunt
2501 2438 2639 2505 lilia,
2670 2436 2897 2507 colligit,
2936 2443 2991 2491 et
3038 2448 3259 2506 sponsae
3304 2430 3501 2502 adjun-

1931 2531 2032 2602 git.
2055 2530 2133 2585 Ad
2162 2530 2277 2586 bzee
2300 2544 2503 2601 sponsa
2527 2528 2751 2598 subjicit
2784 2547 2798 2583 :

2973 2632 3009 2693 \

2006 2799 2177 2856 Vens.
2207 2800 2264 2854 2.
2299 2798 2411 2870 Ego
2436 2799 2612 2869 nepoti
2636 2815 2771 2863 meo,
2798 2807 2847 2853 et
2881 2814 3038 2869 nepos
3068 2813 3212 2853 meus
3243 2795 3394 2858 milii,
3418 2794 3507 2863 qui

277 2887 383 2982 pop
411 2887 569 2981 ἐμοί·
595 2911 629 2963 ὁ
656 2905 986 2976 ποιμαίνων
1012 2904 1082 2958 ἐν
1116 2902 1240 2968 τοῖς
1265 2902 1507 2969 κρίνοις.
1533 2897 1709 2951 Αὑτοῦ
1728 2899 1833 2967 γὰρ

1941 2892 2109 2958 pascit
2138 2892 2278 2945 inter
2301 2891 2439 2944 lilia.
2464 2889 2542 2945 Ex
2574 2905 2640 2945 eo
2668 2890 2812 2946 enim
2849 2890 3079 2961 pendeo,
3113 2897 3276 2959 atque
3309 2887 3386 2942 illi
3424 2901 3510 2939 me

286 2955 1166 3073 Ξξρῆρμαιῐκαί-έμαυτὴν
1195 2955 1597 3062 ἐνέθηκα-Καὶ
1619 2988 1726 3059 γὰρ
1740 2955 1836 3041 αύ-

1941 2984 2112 3053 ipsam
2144 2983 2343 3036 dicavi.
2376 2978 2510 3034 Nam
2544 2988 2599 3036 et
2632 2982 2749 3051 ipse
2779 2997 2868 3037 me
2900 2982 3019 3036 orbi
3053 2980 3315 3035 universo
3374 2992 3511 3048 prse-

288 3094 369 3158 τός
411 3110 474 3164 με
528 3092 708 3162 πάσης
768 3087 1140 3160 προτετίμηκε
1191 3084 1293 3153 τῆς
1344 3083 1699 3152 οἰκουμένης,
1744 3080 1839 3133 καὶ

293 3183 448 3254 ἑαυτῷ
475 3181 702 3251 συνῆψε,
726 3180 823 3235 καὶ
844 3179 1217 3252 γεγηρακυϊαν
1241 3174 1597 3235 ἀνενεώσατο,
1627 3172 1722 3224 καὶ
1742 3188 1841 3223 πε-

298 3274 501 3345 νομένην
527 3272 829 3336 ὲπλούτισε,
873 3270 969 3324 καὶ
1006 3268 1219 3338 δυαειδῆ
1272 3261 1436 3320 οὖσαν
1476 3263 1685 3335 ὡραίαν
1738 3264 1845 3317 ἀπο

302 3366 462 3435 έφηνε,
477 3365 567 3419 καὶ
591 3362 866 3435 μώλωπας
890 3360 1117 3432 ἔχουσαν
1147 3358 1451 3430 σεσηπότας
1480 3358 1574 3412 καὶ
1589 3355 1845 3417 δυσώδεις

307 3457 468 3511 ἰάσατο
490 3498 506 3523 ,
531 3456 626 3510 καὶ⁵
670 3454 898 3518 εὐωδίας
951 3453 1237 3523 ἐπλήρωσε
1274 3467 1290 3483 ο
1324 3451 1412 3504 διὰ
1462 3449 1621 3503 τοῦτο
1662 3447 1841 3517 λέγω’

313 3566 330 3598 ι
364 3546 489 3616 Ἐγὼ
508 3546 582 3618 τῷ
613 3545 882 3616 ἀδελφιδῷ
913 3544 1146 3615 [somni
1172 3542 1202 3595 ὁ
1220 3539 1531 3609 ἀδελφιδοῦς
1570 3556 1672 3609 μου
1691 3537 1843 3608 ἐμοί’

309 3641 396 3693 6⁵⁸
423 3640 710 3712 ποιμαίνων
743 3640 803 3691 ὲν
849 3639 964 3700 τοῖς
1022 3635 1247 3707 κρίνοις,
1287 3652 1307 3686 ι
1339 3633 1373 3704 ἢ
1413 3652 1432 3685 ι
1476 3634 1505 3684 6
1549 3629 1847 3701 ποιμαίνων

311 3731 370 3785 τὰ
392 3731 533 3803 ἄνθη,
568 3749 586 3783 ι
621 3729 765 3784 κατὰ
799 3728 892 3782 τὸν
923 3726 1221 3798 Σύμμαχον
1246 3742 1261 3758 ο
1292 3722 1513 3793 καὶγὰρ
1543 3724 1668 3785 τοὺς
1693 3737 1848 3789 γενο-

314 3822 483 3889 μένους
504 3823 660 3894 κρίνα
693 3820 1003 3892 ποιμαίνει,
1035 3819 1132 3873 καὶ
1162 3820 1219 3871 ὲν
1252 3815 1456 3888 κρίνοις
1500 3816 1627 3878 τοὺς
1668 3813 1852 3879 ἀξίους

314 3912 555 3980 ποιμαίνει
585 3927 599 3940 ·
623 3911 775 3964 οὐδὲν
820 3909 880 3963 δὲ
933 3906 1042 3962 τῶν
1083 3906 1245 3961 θείων
1283 3903 1515 3976 Γραφῶν
1558 3902 1851 3956 εὐωδέστε-

317 4014 395 4067 ρον
422 4000 481 4052 ⁵¹.
526 3998 790 4061 ’Δκούσας
820 3999 850 4050 6
890 3994 1124 4067 νυμφίος
1153 3994 1264 4048 τῶν
1296 3994 1469 4062 λόγων
1497 3992 1594 4063 τῆς
1614 3991 1852 4061 νύμφης,

318 4088 399 4139 καὶ
419 4088 627 4159 ἐλεήσας
671 4086 842 4159 αὐτὴν
880 4084 1153 4139 ποθοῦσαν
1181 4082 1363 4147 αὐτὸν,
1387 4082 1482 4135 καὶ
1518 4080 1734 4150 νύκτωρ
1760 4079 1855 4132 καὶ

321 4178 421 4246 μεθ’
440 4180 642 4250 ἡμέραν
672 4178 1094 4250 φανταζομένην
1139 4175 1237 4230 καὶ
1264 4174 1393 4246 περὶ
1420 4172 1585 4226 αὑτοῦ
1614 4170 1855 4239 διαλεγο-

1938 3076 2084 3136 tulit,
2116 3074 2334 3143 sibique
2353 3071 2662 3141 copulavit:
2691 3087 2759 3125 ex
2785 3071 2942 3126 senio
2987 3068 3294 3125 confectam
3332 3067 3512 3121 reddi-

1939 3166 2021 3219 dit
2044 3165 2321 3234 juvenem,
2344 3178 2410 3218 ex
2450 3161 2606 3232 123
2638 3164 2799 3231 inope
2822 3161 3160 3230 opulentam,
3185 3174 3251 3213 ex
3278 3157 3511 3213 deformi

1944 3257 2239 3311 formosam
2288 3273 2303 3310 :
2352 3254 2589 3325 putridis
2619 3265 2786 3323 atque
2842 3251 3139 3307 fetentibus
3190 3249 3513 3305 vulneribus

1943 3350 2292 3419 languentem
2321 3346 2554 3413 curavit,
2607 3345 2947 3416 replevitque
2987 3343 3177 3398 odoris
3224 3343 3511 3397 suavitate.

1947 3439 2040 3495 llis
2074 3442 2142 3495 de
2172 3439 2360 3495 causis
2390 3439 2464 3493 ita
2491 3440 2723 3508 loquor:
2753 3455 2771 3488 ι
2808 3437 2923 3507 Ego
2943 3436 3129 3507 nepoti
3158 3450 3302 3500 meo,
3333 3442 3388 3490 ct
3420 3450 3516 3488 ne-

1944 3546 2044 3602 pos
2071 3546 2227 3587 meus
2246 3530 2403 3597 mihi,
2422 3529 2516 3601 qui
2544 3530 2722 3599 pascit
2746 3528 2889 3584 inter
2918 3528 3063 3583 lilia:
3091 3547 3110 3581 ι
3139 3529 3244 3594 vel,
3278 3537 3329 3580 ιιι
3356 3523 3517 3597 Sym-

1946 3623 2177 3677 machus
2220 3621 2384 3677 vertit
2422 3640 2439 3673 ι
2479 3622 2571 3692 qui
2608 3622 2784 3691 pascit
2834 3619 3016 3677 ﬂores.
3072 3638 3090 3672 ι
3127 3617 3264 3673 Nam
3323 3626 3378 3673 et
3422 3631 3518 3672 eos

1946 3716 2040 3787 qui
2075 3714 2201 3771 facti
2233 3722 2363 3769 sunt
2391 3712 2526 3776 lilia,
2560 3712 2767 3782 pascit:
2814 3718 2870 3766 et
2900 3711 3025 3767 illos
3059 3710 3155 3781 qui
3187 3708 3335 3779 digni
3366 3715 3517 3772 sunt,

1946 3806 2125 3878 pascit
2154 3807 2209 3859 in
2256 3804 2412 3859 liliis.
2448 3802 2661 3858 Divinis
2691 3810 2874 3857 autem
2913 3801 3220 3873 Scripturis
3273 3799 3521 3870 fragran-

1949 3899 2060 3954 tius
2091 3904 2176 3952 est
2208 3896 2363 3950 nihil.
2399 3894 2674 3964 Sponsus,
2701 3893 2908 3948 auditis
2931 3908 3150 3963 sponsa:
3190 3891 3396 3956 verbis,
3420 3890 3520 3944 nii-

1951 3997 2137 4046 sertus
2165 3987 2305 4057 ejus,
2333 4000 2455 4056 qua:
2480 3985 2653 4055 ipsius
2675 3984 2975 4055 languebat
2994 3983 3302 4047 desiderio,
3330 3991 3523 4037 noctes

1951 4096 2058 4152 que
2089 4094 2153 4135 ac
2185 4078 2303 4134 dies
2332 4077 2400 4132 de
2432 4077 2556 4146 ipso
2588 4086 2701 4130 tum
2736 4077 3048 4145 cogitabat},
3110 4083 3225 4129 tum
3281 4073 3523 4130 dissere-

1953 4173 2067 4238 bat,
2098 4180 2152 4226 et
2205 4165 2667 4238 pulchritudinem
2706 4166 2880 4235 ipsius
2934 4166 3189 4221 laudibus
3238 4163 3522 4226 efferebat,

322 4268 485 4341 μένην,
509 4274 600 4326 καὶ
638 4271 701 4325 τὸ
730 4270 925 4334 κάλλος
970 4266 1137 4324 αὑτοῦ
1158 4264 1482 4333 διεξιοῦσαν,
1505 4262 1831 4333 ὲπιφαίνετα

1957 4280 2017 4321 se
2045 4264 2120 4319 illi
2150 4260 2510 4332 conspicuum
2542 4258 2769 4329 praebet,
2793 4273 2855 4313 ac
2884 4257 3017 4313 dicit
3050 4275 3065 4311 :

320 4360 454 4433 αὐτῇ,
479 4361 646 4431 λέγων
666 4380 680 4393 ·

378 4461 437 4521 γ’.
483 4454 643 4523 Καλὴ
686 4449 762 4521 εἷ,
805 4454 845 4523 ὴ
899 4454 1165 4523 πλησίον
1189 4470 1345 4523 μου,
1393 4451 1474 4517 ὡς
1519 4448 1763 4503 εὐδοκία
1786 4447 1856 4514 ⁸¹,

320 4543 477 4610 ὡραία
503 4546 578 4612 ὡς
603 4544 1003 4614 Ἰερουσαλήμ
1029 4561 1043 4576 °
1070 4546 1309 4615 θάμϐος,
1333 4547 1411 4610 ὠς
1440 4540 1764 4612 τεταγμένη
1788 4541 1856 4594 ⁵³.

323 4634 416 4687 Καὶ
460 4639 596 4691 ποιεῖ
643 4637 782 4707 αὐτῇ
836 4636 1011 4707 ὄνομα
1050 4636 1114 4689 τὸ
1165 4635 1232 4689 δι’
1266 4635 1435 4705 αὐτὴν
1473 4635 1519 4667 ⁸⁸
1565 4633 1858 4703 γενόμενον

321 4726 543 4796 πρᾶγμα.
589 4745 609 4779 ι
652 4725 873 4795 Ἐπειδὴ
921 4724 1027 4795 γὰρ
1077 4723 1344 4795 ηὐδόκησε
1396 4722 1722 4794 Κύριοςτὴν
1754 4721 1859 4791 γῆν

320 4816 478 4883 αὑτοῦ,
505 4818 595 4872 καὶ
622 4817 937 4888 ἀπέστρεψε
966 4816 1063 4886 τὴν
1100 4814 1481 4886 αἰχμαλωσίαν
1537 4813 1748 4873 Ἰακὼϐ.
1768 4813 1861 4866 καὶ

320 4906 471 4976 ἀφῆκε
492 4909 583 4972 τὰς
610 4909 844 4978 ἀνομίας
860 4903 940 4976 τῷ
957 4904 1069 4976 λαῷ
1099 4904 1288 4969 αὐτοῦ,
1304 4905 1397 4957 καὶ¹
1422 4903 1657 4970 ἐκάλυψε
1685 4905 1863 4965 πασας

2028 4443 2195 4497 Vens.
2242 4442 2298 4497 ’5.
2349 4438 2583 4493 Pulchra
2610 4455 2687 4503 es,
2717 4436 3012 4505 propinqua
3042 4448 3177 4497 mea,
3210 4431 3346 4485 sicut
3388 4429 3531 4485 bene-

1958 4536 2217 4607 placitum
2236 4550 2256 4589 :
2287 4533 2523 4601 speciosa
2550 4530 2686 4583 sicut
2723 4525 3135 4593 Hierosolyma:
3168 4537 3331 4589 pavor
3357 4531 3415 4575 ut
3444 4537 3530 4576 or-

1959 4627 2167 4680 dinata.
2195 4622 2271 4676 Ex
2306 4638 2373 4676 eo
2398 4619 2544 4690 quod
2604 4624 2825 4688 propter
2876 4628 3135 4684 sponsam
3199 4610 3403 4666 factum
3445 4619 3534 4666 est

1965 4719 2043 4773 illi
2070 4729 2268 4772 nomen
2322 4710 2571 4780 imponit.
2609 4726 2628 4760 ι
2660 4707 2798 4762 Nam
2838 4705 2967 4776 quia
3021 4701 3366 4772 heneplacuit
3425 4699 3532 4755 Do-

1967 4811 2118 4865 mino
2150 4815 2299 4860 terra
2325 4802 2465 4870 ejus,
2502 4808 2559 4855 et
2597 4796 2870 4852 convertit
2910 4793 3284 4864 captivitatem
3310 4788 3530 4854 Jacobi,

1972 4912 2028 4957 et
2054 4897 2268 4953 remisit
2304 4893 2620 4963 iniquitates
2665 4888 2809 4960 plebi
2856 4902 2990 4952 suae,
3016 4894 3071 4941 et
3105 4884 3323 4956 operuit
3351 4884 3533 4937 omnia

379 5090 459 5151 l“ll
484 5099 604 5155 Cor.
642 5118 707 5165 ιι,
735 5101 794 5156 2.
877 5098 1116 5170 iEphes.
1150 5117 1201 5165 ν,
1234 5100 1326 5154 25.
1402 5100 1415 5149 l
1449 5098 1571 5153 Gai.
1609 5114 1646 5162 ι,
1683 5097 1732 5162 ι,
1763 5096 1817 5148 ‘2.

1956 5091 1970 5144 I
2005 5089 2131 5143 Cor.
2169 5104 2279 5150 xw,
2306 5085 2391 5138 54.

1591 5214 1818 5270 VARle
1845 5204 2239 5265 LECTIONES.

358 5399 402 5433 ‘7
422 5402 497 5467 είς
512 5404 739 5474 φιάλας.

298 5469 341 5544 ⁸9
367 5474 413 5526 ό.
450 5468 568 5544 cod.
608 5485 803 5544 praem.
844 5468 901 5537 ἡ.

775 5396 945 5452 Hebr.
967 5394 1029 5450 ad
1056 5396 1285 5450 areolas.
1320 5396 1456 5463 Aqu.
1489 5401 1540 5445 et
1567 5390 1774 5463 Symm.
1804 5389 1882 5450 εἰς
1908 5385 2168 5463 πρασιὰς.
2202 5383 2476 5463 δδέαυτῷν
2495 5381 2692 5463 καθὼς.
2720 5378 2836 5432 cod.
2855 5377 2951 5463 tbi;
2994 5376 3036 5460 ’δξ
3057 5373 3153 5463 aq);
3170 5373 3345 5463 1Abest
3368 5369 3537 5463 eqd.

1008 5467 1052 5497 ⁸¹
1088 5451 1469 5534 εὐωδέστερον.
1512 5464 1568 5514 In
1609 5451 1732 5534 cod.
1768 5451 2014 5534 sequitur
2067 5456 2338 5534 expositio
2369 5451 2812 5534 tritimnlfatrum‘.

2908 5448 2951 5477 ⁵⁸⁸
2995 5444 3070 5505 ὡς
3103 5437 3335 5494 εὐδοκία.
3369 5437 3537 5492 Hebr.

295 5505 427 5597 sicut
449 5505 986 5604 miiKEZ"('nJi§icn
2031 5505 2330 5604 terribilis,
2352 5520 2977 5604 ut_vexil_lins“jnstructte
3010 5513 3217 5568 scilicet
3247 5510 3411 5566 acies.
3447 5505 3538 5560 Sic

982 5589 1112 5662 Ret:
1144 5589 1306 5662 lectio
1331 5589 1429 5660 est.
1446 5589 1793 5670 τεταγμέναι.
1870 5597 1915 5629 ⁸⁸
1948 5595 2078 5651 Cod.
2111 5589 2309 5665 αὐτῆς.
2346 5602 2387 5648 ι.
2414 5595 2457 5662 l,
2489 5607 2544 5662 ι).
2577 5589 2734 5644 1⁸205.
