3940 6200
432 157 532 224 167

1399 160 1884 222 THEODORETI
1929 159 2265 219 EPISCOPI
2297 159 2657 221 CYRENSIS
2695 191 2698 194 λ

3583 157 3702 224 '63

431 283 653 345 peccata
706 275 824 345 ejus
861 275 907 339 ἶ,
949 295 965 328 ι
1002 275 1200 331 merito
1233 291 1487 346 sponsam
1545 277 1779 346 appellat
1826 273 1995 330 bene-

2114 279 2195 338 τὰς
2245 275 2520 348 ἁμαρτίας
2558 277 2721 329 αὖτοῦ
2750 277 2793 306 ⁵⁵
2837 291 2848 303 ⁸
2885 296 2901 326 ι
2956 279 3179 342 εἰκότως
3236 278 3404 350 αὺτὴν
3437 279 3699 333 εὐδοκίαν

430 368 712 436 placitum.
752 367 815 420 Et
845 368 1306 437 quemadmodum
1343 369 1456 435 ipsa
1517 371 1567 420 in
1617 367 1998 435 superioribus

429 471 693 524 sponsum
730 455 1060 509 desiderium
1097 455 1420 518 nominavit,
1471 471 1534 509 ex
1581 454 1868 509 affectione
1901 470 1999 508 sua

425 549 475 620 vei
520 563 715 600 nomen
774 547 1263 616 imponens,‘n:un
1324 545 1599 600 desiderio
1647 547 1767 614 ejus
1811 545 2001 601 aﬂ'ecta

429 652 552 688 eum
581 644 740 688 vocat
776 635 1146 689 desiderium:
1185 635 1264 689 sic
1296 636 1459 689 etiam
1494 638 1610 706 ipse
1643 653 1768 692 cum
1802 638 1850 692 ei
1889 639 2002 708 pla-

429 727 660 787 cuisset,
697 735 749 779 et
807 728 992 780 volens
1043 741 1162 779 eam
1203 727 1307 780 sibi
1363 743 1621 798 sponsam
1677 731 1998 800 adjungere,

433 817 838 886 benoplacitum
893 817 1068 885 ipsam
1109 824 1288 870 vocat.
1330 815 1420 871 Sic
1459 820 1627 884 enim,
1685 821 1887 891 inquit,
1941 835 2002 874 es

434 909 679 976 pulchra,
732 916 792 960 ut
824 908 1051 976 probata
1088 923 1116 960 a
1177 924 1260 962 me
1295 909 1370 963 sis
1407 913 1571 980 atque
1623 911 1844 967 dilecta.
1891 911 2003 965 Nec

431 1014 558 1052 vero
608 997 782 1050 solum
824 1012 885 1051 es
929 999 1179 1064 pulchra.
1213 999 1306 1053 sed
1363 1000 1528 1052 etiam
1565 1002 1814 1070 speciosa
1849 1021 1862 1055 :
1900 1016 2004 1056 nec

407 1088 678 1157 ‘speciosa
717 1088 1060 1157 simpliciter,
1097 1089 1190 1144 sed
1243 1089 1387 1142 sicut
1445 1091 1844 1161 Hierosolyma,
1895 1106 2001 1144 non

429 1182 542 1235 haec
568 1179 816 1244 inferior,
849 1182 944 1235 sed
969 1180 1127 1253 124
1158 1183 1412 1251 superior
1443 1181 1553 1246 illa,
1579 1182 1646 1238 de
1676 1199 1780 1251 qua
1813 1184 2003 1236 beatus

427 1269 670 1324 Paulus:
707 1269 869 1335 «Qua:
900 1279 1103 1335 autem,
1127 1271 1326 1340 inquit,
1355 1286 1577 1325 sursum
1639 1278 1724 1328 est
1779 1268 2004 1324 Jerusa-

428 1362 747 1423 lem,libera
774 1373 878 1424 est,
915 1378 1035 1431 qua:
1067 1372 1150 1415 est
1179 1371 1354 1416 mater
1380 1363 1624 1416 omnium
1661 1371 1912 1416 nostrum
1940 1373 2002 1413 πυ.

429 1454 508 1507 illi
547 1454 744 1508 similis
773 1470 853 1518 es,
878 1455 1186 1524 propinqua
1223 1471 1360 1508 mea.
1396 1455 1712 1524 Angelicam
1743 1457 1888 1510 enim
1921 1456 2006 1508 vi-

428 1546 590 1599 vendi
635 1546 905 1600 rationem
957 1547 1214 1600 imitaris.
1255 1544 1539 1601 Meditaris
1594 1546 1647 1600 in
1703 1553 1850 1599 terra
1886 1559 2006 1615 quae

2108 368 2507 437 προσαγορεύει
2551 384 2562 396 ·
2599 367 2693 420 καὶ
2746 367 2934 441 ὥσπερ
2984 367 3125 438 αὕτη
3181 369 3340 422 αὐτὸν
3389 369 3699 440 ἐπιθυμίαν

2107 451 2218 504 ἄνω
2277 452 2580 520 ὠνόμασεν,
2617 453 2724 506 ἀπὸ
2756 455 2848 506 τοῦ
2903 456 3106 508 οἰκείου
3154 457 3360 520 πάθους
3394 458 3491 529 τὴν
3518 476 3700 530 προσ-

2105 543 2334 613 ηγορίαν
2386 543 2584 616 θεμένη
2611 560 2623 573 '
2658 546 3003 617 ἐπιθυμοῦσα
3041 548 3148 618 γὰρ
3201 548 3366 602 αὑτοῦ
3399 549 3695 619 διηνεκῶς,

2108 630 2403 702 ἐπιθυμίαν
2449 632 2604 686 καλεῖ
2635 649 2648 664 ο
2695 634 2869 698 οὕτως
2912 636 3006 689 καὶ
3057 636 3218 700 αὐτὸς
3251 638 3568 710 εὐδοκήσας,
3593 641 3696 694 καὶ

2110 721 2344 792 θελήσας
2395 725 2838 793 μνηστεύσασθαι
2876 728 3046 797 αὐτὴν
3100 730 3194 780 καὶ
3224 729 3404 800 ἐαυτῷ
3430 731 3696 800 συνᾶψαι,

2109 813 2357 868 εὐδοκίαν
2378 814 2654 883 ὀνομάζει.
2674 815 2858 880 Οὕτως
2883 818 3010 888 γὰρ,
3037 821 3221 889 φησὶν,
3251 816 3302 873 εἷ
3325 821 3575 892 καλὴ,ώς
3602 824 3698 875 εύ-

2109 902 2397 972 δοκηθεῖσα
2447 906 2575 976 παρ’
2606 907 2742 977 ἐμοῦ
2769 909 2862 961 καὶ
2905 911 3251 982 ὰγαπηθεῖσα
3276 927 3288 940 ⁸
3331 914 3392 965 ού
3435 913 3598 983 μόνον
3633 915 3697 968 δὲ

2110 996 2249 1065 καλὴ
2274 993 2351 1060 εἷ,
2380 997 2518 1052 ἀλλά
2553 1000 2646 1052 καὶ
2690 999 2901 1073 ὡραία,
2949 1004 3046 1055 καὶ
3099 1004 3198 1074 οὺχ
3251 1004 3436 1068 ἁπλῶς
3486 1007 3693 1076 ὡραία,

2109 1087 2223 1139 ἀλλ’
2245 1088 2319 1151 ώς
2354 1089 2711 1160 Ἰερουσαλήμ
2744 1109 2760 1124 ο
2795 1093 2893 1162 οὐχ
2924 1093 3065 1164 αὕτη
3095 1097 3127 1165 ἡ
3158 1095 3327 1159 κάτω,
3349 1097 3517 1168 mm;
3553 1099 3691 1162 ἄνω,

2113 1179 2240 1245 περὶ
2265 1175 2332 1250 ἧς
2365 1183 2392 1233 ὁ
2417 1181 2685 1252 μακάριος
2707 1183 2854 1253 λέγει
2879 1185 3116 1250 Παῦλος
3143 1207 3163 1238 ι
3187 1189 3248 1242 Ἠ
3279 1189 3336 1242 δὲ
3357 1191 3468 1245 ἄνω
3499 1191 3694 1261 Ἰερου-

2113 1271 2294 1341 σαλὴμ
2345 1273 2604 1344 ἐλευθέρα
2655 1276 2836 1329 ἐστίν·
2881 1278 3002 1347 ἥτις
3055 1281 3171 1333 ἐστὶ
3226 1285 3410 1353 μήτηρ
3467 1284 3687 1337 πάντωι

2109 1364 2142 1432 ἡ
2151 1363 2284 1432 μῶν.
2303 1383 2321 1414 ι
2344 1365 2556 1438 Ἑκείνῃ
2584 1366 2792 1435 ἔοικας,
2826 1363 2872 1424 ὦ
2893 1371 3120 1441 πλησίον
3159 1391 3261 1443 μου
3285 1391 3300 1406 ·
3330 1375 3427 1446 τὴν
3455 1376 3563 1446 γάρ
3591 1377 3691 1444 ἀγ-

2111 1455 2333 1525 γελικὴν
2367 1457 2640 1514 πολιτείαν
2670 1463 2982 1533 μεμίμησαι
3015 1481 3030 1498 ο
3069 1466 3410 1538 προμελετᾷς
3439 1470 3498 1520 ὲν
3523 1471 3596 1539 γῇ
3622 1470 3692 1523 τὰ

2111 1547 2359 1618 οὐράνια,
2401 1551 2494 1604 καὶ
2525 1553 2580 1603 ἐν
2630 1555 2795 1624 σαρκὶ
2825 1557 3201 1624 περιπατοῦσα
3230 1559 3290 1611 οὐ
3339 1559 3481 1612 κατά
3509 1561 3688 1632 σάρκα

430 1637 672 1692 ςωιθειίιι
723 1645 850 1691 sunt
882 1653 893 1688 :
927 1645 982 1690 et
1020 1639 1069 1690 in
1104 1653 1270 1692 carne
1302 1639 1616 1704 ambulans,
1661 1653 1768 1692 non
1807 1638 2007 1693 militas

2117 1639 2408 1710 στρατεύῃ,
2439 1643 2533 1694 καὶ
2559 1644 2699 1696 κατὰ
2747 1645 2947 1700 σκοπὸν
2987 1646 3202 1712 διώκεις
3225 1650 3317 1702 ἐπὶ
3348 1650 3409 1703 τὸ
3428 1651 3693 1722 ,βραϐεῖον

430 1727 732 1780 secundum
775 1731 1017 1781 carnem.
1056 1727 1120 1781 Et
1151 1728 1456 1783 secundum
1490 1729 1837 1798 propositum
1884 1745 2009 1799 per-

429 1817 678 1888 sequeris
704 1817 968 1872 brabcum
1001 1835 1253 1888 supernae
1283 1820 1610 1875 vocationis.
1645 1817 1709 1872 Et
1738 1835 1859 1890 quae
1886 1836 2009 1874 sur.

430 1923 552 1960 sum
586 1913 712 1960 sunt
749 1906 970 1976 quaeris,
1005 1906 1099 1961 ubi
1161 1922 1261 1977 ego
1300 1922 1422 1963 sum
1463 1908 1528 1960 ad
1568 1909 1852 1964 dexteram
1913 1907 2008 1964 Dei

431 1998 650 2054 sedens.
682 1998 898 2052 Idcirco
925 2016 943 2048 ι
975 2000 1224 2066 speciosa
1249 2013 1330 2065 es,
1372 2000 1516 2054 sicut
1548 1997 1950 2069 Hierosolyma.
1982 2019 2001 2051 ι

429 2090 542 2144 Nec
573 2091 821 2159 speciosa
858 2090 1044 2155 modo,
1081 2089 1176 2146 sed
1225 2101 1492 2146 terrorem
1521 2099 1573 2146 te
1609 2091 2009 2161 aspicientibus

433 2183 704 2260 injiciens.
743 2182 1004 2237 Ordinem
1059 2183 1204 2238 enim
1256 2191 1410 2237 tuum
1463 2193 1777 2254 spectantes
1813 2184 2008 2238 obstu-

434 2283 686 2344 pescunt.
717 2275 851 2328 Nam
881 2275 936 2329 in
970 2285 1022 2329 te
1059 2276 1194 2329 nihil
1229 2276 1629 2340 inordinatum,
1654 2275 1796 2329 nihil
1833 2277 2010 2330 incer-

433 2376 570 2430 tum,
606 2366 741 2420 nihil
774 2366 1093 2432 confusum,
1120 2367 1212 2424 sed
1245 2368 1428 2422 omnia
1464 2367 1661 2422 ordine
1693 2377 1746 2424 et
1797 2367 2008 2438 judicio

433 2458 734 2512 constituta
766 2467 914 2512 sunt.
970 2461 1174 2514 lterum
1215 2459 1465 2512 ordinem
1501 2459 1792 2528 diligenter
1833 2466 2008 2512 tenes.

434 2550 645 2619 Quippe
671 2564 792 2619 qua:
827 2565 1089 2625 sponsum
1121 2550 1231 2605 scis
1264 2551 1428 2604 rebus
1459 2551 1717 2605 omnibus
1757 2563 1880 2604 esse
1909 2563 2008 2601 an-

2110 1731 2209 1800 τῆς
2248 1730 2361 1783 ἄνω
2386 1731 2652 1802 κλήσεως,
2687 1736 2780 1788 καὶ
2802 1736 2868 1789 τὰ
2897 1737 3009 1791 ἄνω
3035 1738 3236 1809 ζητεῖς,
3270 1737 3328 1795 οὗ
3349 1741 3458 1811 ἐγώ
3487 1746 3601 1814 εἰμι
3632 1745 3692 1798 ἐν

2111 1819 2260 1890 δεξιᾷ
2289 1820 2382 1872 τοῦ
2421 1821 2555 1876 Θεοῦ
2594 1823 2920 1895 καθήμενος.
2953 1821 3053 1881 Διά
3080 1831 3238 1884 τοῦτο
3266 1850 3284 1884 ι
3317 1833 3494 1904 ώραία
3523 1833 3595 1903 εἷ,
3614 1836 3690 1900 ὡς

2124 1909 2476 1982 Ἰερουσαλὴμ
2503 1955 2516 1978 ,
2546 1933 2564 1964 ι
2602 1917 2693 1969 καὶ
2726 1917 2826 1988 οὐχ
2859 1919 3046 1982 ἁπλῶς
3071 1920 3247 1992 ὡραία
3269 1965 3283 1988 ,
3315 1923 3452 1977 ἀλλὰ
3481 1925 3691 1996 θάμϐος

2111 2000 2414 2070 ἐμποιοῦσα
2470 2007 2584 2067 τοῖς
2615 2006 2784 2077 ὁρῶσί
2831 2025 2920 2061 σε’
2953 2010 3346 2082 ἐκπλήττονται
3383 2016 3490 2087 γὰρ
3515 2017 3561 2069 οἱ
3592 2016 3690 2088 τὴν

2109 2090 2259 2154 τάξιν
2298 2109 2392 2144 σου
2445 2093 2740 2165 θεώμενοι·
2771 2099 2924 2153 οὐδὲν
2971 2102 3078 2172 γὰρ
3119 2103 3273 2174 παρά
3305 2105 3386 2158 σοὶ
3429 2106 3689 2174 ἄτακτον,

2111 2183 2264 2236 οὐδὲν
2294 2185 2340 2216 ⁸⁸
2372 2185 2645 2256 ἀόριστον,
2683 2191 2806 2244 οὐδὲ
2837 2193 3185 2266 ἀδιάκριτον,
3217 2197 3352 2250 ἀλλά
3392 2199 3569 2253 πάντα
3600 2217 3690 2254 τε-

2108 2273 2359 2344 ταγμένα
2391 2278 2484 2330 καὶ
2521 2283 2854 2352 κεκριμένα·
2886 2286 2981 2338 καὶ
3009 2282 3158 2350 οἶδας
3186 2289 3430 2360 ἀκριϐῶς
3451 2292 3550 2364 τὴν
3581 2294 3689 2347 τῶν

2111 2368 2450 2436 πραγμάτων
2500 2371 2819 2430 ἀκολουθίαν
2837 2417 2851 2441 ,
2884 2378 3103 2432 πάντων
3133 2384 3406 2454 προτιμᾷν
3433 2384 3522 2437 τὸν
3551 2402 3691 2458 νυμ-

2110 2457 2231 2548 ιρίον
2254 2459 2540 2528 δεδίδαξαι,
2571 2465 2665 2519 καὶ
2696 2470 2814 2538 μετ’
2841 2471 3048 2524 ἐκεῖνον
3078 2473 3205 2536 τοὺς
3236 2475 3432 2546 ἐκείνῳ
3459 2457 3691 2548 πλησιά-

2109 2546 2322 2614 ζοντας.
2360 2553 2583 2620 Τούτοις
2609 2559 2960 2630 προστίθησιν
2977 2577 2989 2590 ·

432 2647 827 2715 Inponendum,
844 2653 898 2698 et
919 2645 1218 2699 secundum
1248 2658 1511 2713 sponsum
1536 2658 1632 2698 eos
1658 2642 2005 2713 potissimum

2114 2645 2446 2713 servandos,
2509 2651 2604 2719 qui
2651 2652 2717 2706 ad
2785 2668 2908 2709 eum
2959 2657 3207 2724 proxime
3251 2660 3542 2716 accedunt.
3593 2660 3690 2717 llis

433 2743 622 2796 addit:

504 2835 672 2890 Vens.
705 2835 756 2888 4.
795 2834 982 2888 Averte
1010 2835 1190 2888 oculos
1225 2844 1340 2888 tuos
1389 2850 1415 2887 e
1454 2834 1663 2903 regione
1687 2833 1809 2885 mei.
1864 2828 2004 2895 Quia

434 2931 538 2999 ipsi
569 2945 649 2982 me
692 2927 903 2981 avolare
954 2927 1200 2996 fecerunt.
1251 2924 1406 2990 Quod
1439 2933 1620 2978 autem
1654 2922 1807 2986 dicit,
1860 2921 2007 2991 ejus-

2171 2829 2654 2904 δ’.Ἀπόστρεψ-ον
2676 2837 3019 2906 ὀφθαλμούς
3040 2855 3154 2894 σου
3169 2842 3533 2898 ἀπεναντίον
3546 2863 3689 2914 μου,

2104 2925 2194 2979 ὅτι
2221 2925 2392 2980 αὐτοὶ
2423 2924 2848 2993 ἀνεπτέρωσάν
2864 2943 2942 2995 με
2978 2929 3046 2984 ⁵⁷.
3082 2931 3145 2983 Ὃ
3185 2930 3240 2983 δὲ
3277 2930 3423 3000 λέγει
3446 2934 3690 2989 τοιοῦτόν

435 3021 584 3076 modi
626 3028 709 3075 est
741 3039 752 3073 :
779 3017 1075 3073 Oculorum
1117 3026 1335 3072 tuorum
1379 3015 1751 3086 pulchritudo,
1787 3022 1841 3069 et
1873 3027 2006 3068 acu-

2117 3016 2271 3069 ἐστι’
2306 3015 2368 3069 τὸ
2415 3014 2610 3079 κάλλος
2652 3015 2760 3068 τῶν
2803 3017 3100 3087 ὀφθαλμῶν
3129 3035 3246 3084 σου,
3275 3022 3369 3073 καὶ
3403 3023 3436 3092 ἡ
3485 3023 3693 3096 θεωρία

441 3131 565 3168 men
604 3115 658 3166 in
694 3111 1140 3182 contemplando,
1173 3118 1229 3165 et
1277 3109 1480 3164 mentis
1509 3108 1676 3174 acies,
1727 3122 1814 3163 me
1860 3105 1926 3160 ad
1957 3113 2010 3160 te

435 3207 730 3261 amandam
785 3204 1104 3259 incitarunt.
1166 3201 1271 3258 Sed
1304 3217 1448 3261 eave
1481 3217 1552 3256 ne
1592 3199 2010 3256 immoderatius

434 3297 491 3352 in
530 3315 614 3353 me
645 3298 836 3354 oculos
872 3295 1128 3352 intendas
1181 3302 1327 3358 tuos,
1366 3309 1433 3346 ne
1464 3293 1560 3346 tibi
1595 3308 1660 3347 ex
1693 3307 1755 3346 ea
1791 3306 1850 3346 re
1906 3289 2008 3344 ali-

436 3391 568 3464 quid
598 3391 912 3446 detrimenti
965 3387 1270 3456 contingat.
1312 3385 1634 3440 lnaccessus
1663 3384 1807 3439 enim
1864 3397 2007 3444 sum,

435 3493 492 3542 et
514 3482 902 3553 comprehendi
932 3494 1168 3551 nequeo,
1201 3491 1534 3547 omnemque
1575 3491 1683 3531 non
1719 3475 2008 3528 hominum

439 3585 674 3639 tantum,
708 3576 801 3630 sed
855 3574 1176 3643 angelorum
1220 3577 1445 3638 captum
1477 3582 1704 3637 supero.
1755 3564 1912 3632 Quod
1963 3565 2009 3620 si

438 3667 701 3720 terminos
746 3662 994 3730 volueris
1029 3660 1327 3723 transilire,
1370 3667 1423 3714 et
1488 3659 1554 3713 ad
1610 3673 1675 3713 ea
1733 3656 2011 3712 curiosius

437 3759 772 3814 contendere
810 3770 933 3826 quae
974 3753 1119 3808 vires
1165 3763 1289 3809 tuas
1343 3753 1657 3817 excedunt,
1689 3766 1801 3806 non
1847 3751 2011 3812 modo

437 3853 573 3906 nihil
602 3849 933 3920 assequeris,
976 3846 1070 3902 sed
1105 3845 1276 3901 aciem
1304 3845 1469 3899 etiam
1518 3845 1808 3899 oculorum
1842 3842 2010 3898 hebe—

435 3948 629 3999 tiorem
669 3942 862 3996 reddes
897 3949 1063 4009 alque
1085 3937 1447 3992 obtusiorem.
1472 3936 1547 3988 Ea
1570 3935 1718 3990 enim
1754 3934 1892 3989 lucis
1920 3950 2013 3988 na-

436 4045 558 4089 tura
590 4041 694 4098 est,
725 4042 782 4084 ut
807 4029 1270 4099 quemadmodum
1304 4027 1523 4082 oculum
1559 4027 1819 4093 illustrat,
1854 4026 2012 4098 125

438 4127 519 4180 sic
559 4124 726 4176 etiam
759 4120 939 4183 lardat,
970 4120 1015 4175 si
1050 4119 1220 4175 fueris
1248 4118 1599 4174 insatiabilis.
1630 4137 1649 4168 ι
1685 4117 1886 4173 Averte
1909 4118 2013 4188 igi-

437 4228 534 4271 tur
566 4215 756 4268 oculos
787 4221 909 4266 tuos
942 4228 970 4265 a
997 4227 1103 4266 me.
1131 4231 1150 4264 ›
1182 4211 1488 4266 Dilliciliora
1513 4219 1568 4266 te
1590 4226 1660 4266 ne
1689 4224 1926 4281 quaeras,
1959 4217 2012 4266 et

442 4309 671 4362 fortiora
727 4315 778 4360 te
824 4321 892 4360 ne
938 4304 1243 4360 scruteris:
1281 4303 1375 4360 sed
1405 4318 1527 4374 quae
1560 4311 1830 4373 praecepta
1860 4311 2008 4365 sunt,

438 4415 501 4453 ea
541 4398 725 4467 cogita
777 4411 992 4466 semper
1030 4403 1079 4450 π.
1114 4392 1211 4449 llis
1240 4409 1435 4449 rursus
1475 4393 1663 4462 adjicit
1695 4393 1883 4450 laudes
1919 4407 2010 4448 su-

442 4493 705 4562 periores,
733 4499 788 4545 et
815 4491 921 4544 ait:

517 4584 679 4639 \‘sns.
703 4584 755 4646 5,
771 4585 823 4638 6.
844 4582 1291 4652 Capillamentum
1309 4589 1456 4632 tuum
1474 4577 1608 4632 sicut
1626 4594 1803 4648 greges
1821 4595 2013 4647 capra-

442 4693 559 4729 rum
582 4718 595 4739 ,
629 4693 744 4745 qua:
777 4684 1138 4743 apparuerunt
1196 4689 1224 4728 e
1273 4663 1724 4726 Calaad.'Deutes
1769 4671 1846 4724 tui
1873 4673 2010 4725 sicut

439 4785 617 4839 greges
649 4778 946 4830 tonsarum,
978 4782 1095 4836 quae
1126 4764 1472 4819 ascenderunt
1497 4779 1524 4817 e
1558 4764 1791 4826 lavacro,
1833 4779 2013 4817 omnes

440 4861 676 4931 gemellis
711 4857 923 4928 fetibus,
953 4868 1002 4912 et
1033 4857 1232 4912 sterilis
1262 4872 1364 4910 non
1395 4865 1474 4911 est
1506 4856 1642 4930 inter
1692 4871 1805 4909 eas.
1862 4853 2014 4908 Sicut

443 4951 712 5021 funiculus
740 4948 1010 5001 coccineus
1039 4945 1181 5000 labia
1223 4956 1335 5011 tua,
1368 4957 1416 5000 et
1438 4946 1703 5012 eloquium
1745 4955 1889 4996 tuum
1917 4944 2011 4996 de-

529 5105 711 5160 ‘Psal.
749 5120 971 5168 anIv,
1011 5103 1128 5160 1-4.
1229 5101 1467 5156 ἸΙ(ἳςιιιιι.
1511 5115 1587 5164 Iv,
1617 5099 1708 5153 26.

2109 3109 2205 3163 τοῦ
2233 3106 2457 3162 ὑπατικοῦ
2491 3124 2607 3174 σου,
2638 3108 2734 3160 καὶ
2756 3107 2815 3161 τὸ
2845 3109 3132 3180 ὀξυδερκὲς
3168 3113 3267 3182 τῆς
3300 3113 3540 3179 διανοίας
3569 3133 3690 3182 σου,

2111 3199 2370 3254 εἵλκυσάν
2421 3217 2490 3271 με
2522 3202 2602 3262 εἰς
2635 3199 2814 3270 ἔρωτά
2841 3216 2966 3254 σου·
2997 3202 3133 3256 ἀλλά
3175 3203 3248 3275 μὴ
3281 3207 3425 3276 πέρα
3461 3207 3556 3260 τοῦ
3591 3226 3693 3278 με-

2110 3291 2260 3362 τρίου
2295 3293 2374 3355 είς
2397 3293 2496 3362 ἐμὲ
2530 3291 2805 3365 ἀτενίσῃς,
2842 3293 2928 3347 ῐνα
2972 3295 3045 3366 μὴ
3079 3295 3559 3368 βλάϐηνέντεῦθεν
3599 3302 3691 3356 ἐλ-

2112 3382 2316 3453 κύσης’
2343 3383 2633 3452 ἀνέφικτος
2689 3384 2796 3454 γάρ
2830 3387 2944 3454 εἰμι
2965 3428 2978 3450 ,
3008 3387 3103 3440 καὶ
3157 3389 3564 3459 ἀκατάληπτος,
3595 3393 3696 3448 καὶ

2113 3476 2294 3527 πᾶσαν
2327 3473 2669 3545 ὑπερϐαίνων
2716 3476 3040 3546 κατάληψιν,
3071 3479 3169 3531 οὐκ
3213 3480 3563 3553 ἀνθρωπίνην
3594 3486 3692 3556 μό-

2111 3580 2229 3633 νην,
2254 3563 2388 3617 ἀλλὰ
2433 3565 2525 3617 καὶ
2578 3565 2908 3637 ἀγγελικὴν·
2945 3567 3048 3621 κᾶν
3075 3568 3341 3642 βουληθῇς
3383 3572 3694 3647 ὑπερὸἦναι

2112 3657 2237 3718 τοὺς
2261 3656 2440 3727 ὅρους,
2465 3656 2560 3710 καὶ
2591 3659 3057 3727 περιεργάσασθαι
3075 3661 3144 3714 τὰ
3174 3661 3272 3730 τῆς
3289 3663 3384 3734 σῆς
3411 3664 3695 3736 δυνάμεως

2112 3747 2389 3814 ἐπέκεινα,
2420 3749 2481 3802 ού
2519 3750 2678 3819 μόνον
2704 3751 2856 3803 οὐδὲν
2889 3752 3144 3822 εὑρήσεις
3168 3792 3184 3819 ,
3208 3754 3342 3808 ἀλλά
3385 3757 3480 3808 καὶ
3509 3758 3694 3827 ἀμαυ-

2116 3840 2308 3911 ρώσεις
2352 3841 2412 3893 τὸ
2461 3841 2636 3910 ὄμμα,
2679 3842 2773 3894 καὶ
2821 3843 3159 3915 ἀμϐλύτερον
3207 3844 3366 3899 τοῦτο
3419 3850 3688 3919 ποιήσεις.

2112 3933 2350 4005 Τοιαύτη
2385 3932 2496 4004 γάρ
2520 3932 2614 3990 τοῦ
2648 3933 2824 4002 φωτὸς
2856 3937 2889 4005 ἡ
2919 3935 3078 4003 φύσις
3111 3953 3125 3968 ·
3160 3936 3349 4010 ὥσπερ
3377 3939 3485 4011 γὰρ
3525 3940 3691 4008 φωτί-

2113 4023 2196 4088 ζει
2221 4024 2282 4076 τὸ
2311 4024 2487 4095 ὄμμα,
2505 4023 2678 4088 οὕτως
2700 4025 2889 4078 τούτου
2917 4028 3014 4097 τὴν
3037 4028 3341 4099 ἀπληστίαν
3375 4031 3591 4096 κολάζει
3621 4034 3689 4104 τῇ

2120 4114 2328 4186 βλάϐῃ*
2370 4135 2388 4167 ι
2444 4117 2788 4187 Ἀπόσρεψον
2827 4117 3008 4171 τοίνυν
3059 4119 3186 4183 τοὺς
3239 4120 3555 4192 ὀφθαλμούς
3594 4139 3690 4176 σου

2113 4207 2435 4262 ἀπεναντίον
2493 4223 2624 4277 μου·
2651 4227 2671 4261 ι
2697 4208 3053 4281 χαλεπώτερὰ
3077 4227 3170 4264 σου
3208 4212 3281 4284 μὴ
3332 4213 3554 4284 ἐρεύνα,
3593 4217 3691 4267 καὶ

2118 4299 2442 4371 ἰσχυρότερα
2462 4316 2556 4352 σου
2593 4301 2667 4370 μὴ
2701 4299 2854 4371 ζήτει
2879 4317 2893 4332 °
2926 4301 2962 4355 ὃ.
2994 4304 3338 4376 προσετάχθη
3365 4323 3469 4368 σοι,
3514 4305 3693 4361 ταῦτα

2115 4392 2347 4446 διανοοῦ.
2381 4391 2606 4454 Τούτοις
2631 4391 2677 4424 ⁵⁸
2701 4391 2861 4446 πάλιν
2917 4393 3170 4465 ἐπιφέρει
3214 4395 3341 4459 τοὺς
3392 4397 3692 4468 προτέρους

2116 4481 2390 4544 ἐπαίνους,
2412 4481 2504 4533 καὶ
2537 4480 2706 4548 λέγει’

2187 4581 2249 4637 ε’,
2285 4572 2632 4642 ς’.Τρίχωμὰ
2657 4587 2795 4637 σου,
2814 4573 2890 4637 ὡς
2911 4573 3120 4644 ἀγέλαι
3146 4574 3265 4628 τῶν
3279 4574 3483 4647 αίγῶν,
3511 4577 3574 4631 ατ
3594 4577 3696 4632 dr-

2117 4667 2433 4736 εφάνησαν
2457 4665 2578 4720 ἀπὸ
2607 4667 2713 4721 τοῦ
2749 4665 2996 4722 Γαλαάδ
3023 4668 3092 4720 ⁸⁸.
3132 4667 3404 4734 Ὄδόντες
3437 4686 3575 4735 σου,
3609 4669 3692 4734 ὡς

2118 4760 2328 4827 ἀγέλαι
2355 4759 2474 4812 τῶν
2519 4759 2897 4829 κεκαρμένωγ
2923 4760 2967 4791 ⁸ο
3007 4759 3069 4812 αἳ
3099 4759 3404 4829 ἀνέϐησαν
3435 4760 3557 4816 ἀπὸ
3585 4760 3694 4816 τοῦ

2121 4851 2376 4920 λουτροῦ
2400 4870 2414 4884 ·
2440 4851 2502 4905 αἳ
2539 4851 2727 4906 πᾶσαι
2752 4851 3199 4921 διδυμεύουσαι,
3230 4853 3326 4906 καὶ
3352 4853 3694 4908 ἀτεκνοῦσα

2117 4946 2227 4996 οὐκ
2271 4944 2440 4996 ἔστιν
2491 4944 2561 4996 ἐν
2631 4943 2858 5010 αὑταῖς.
2917 4945 3012 5010 Ὠς
3062 4945 3358 5012 σπαρτίον
3409 4947 3694 4999 κόκκινον

1807 5105 1836 5134 ιι
1860 5095 2031 5151 Eccli.
2067 5112 2150 5161 ιιι,
2178 5096 2270 5151 9.2.

1748 5261 1979 5316 VARM‘Z
2009 5261 2412 5318 LECTIONES.

567 5434 616 5468 ³⁵⁸
643 5432 988 5488 αὑτῶνλλιό.
1025 5431 1100 5482 ita
1125 5441 1344 5496 quoque
1361 5439 1548 5494 supra,
1601 5425 1648 5455 "
1669 5424 1800 5478 Cod.
1831 5427 1970 5479 οὐδέ.
2049 5429 2092 5459 ⁸⁷
2118 5427 2305 5481 ἁνεπτ.
2370 5443 2414 5479 ε.
2447 5423 2611 5478 Hebr.
2636 5425 2875 5478 animum
2893 5422 3385 5478 mihiaddiderunt.
3413 5425 3497 5477 Al.
3531 5426 3698 5481 veho-

567 5514 660 5550 ιιρλι
675 5520 763 5550 me
785 5504 1219 5550 coiinnoverunt.
1296 5494 1752 5550 ⁸⁸(Ζοι1.τούτους.
1827 5497 1870 5528 ⁵³
1900 5497 2293 5550 αἳ-Γαῐαάδ
2316 5444 2488 5550 Kliam
2524 5495 3026 5550 interpretationem
3062 5493 3172 5549 vid.
3205 5509 3252 5546 c.
3294 5509 3369 5550 Iv.
3392 5495 3442 5550 l.
3520 5495 3566 5530 ⁸ο
3586 5497 3698 5550 τῶν

446 5514 660 5560 monte:
675 5520 763 5558 me
785 5494 1219 5556 commoverunt.
1296 5496 1342 5526 ⁸⁸
1359 5495 1490 5548 Cod.
1509 5494 1752 5558 τούτους.

446 5587 684 5646 κεκαρμ.
725 5573 883 5627 Hebr.
911 5572 1114 5624 ovium.
1146 5564 1353 5634 Sytum.
1385 5564 1660 5637 ἀμνάδων,

1827 5497 1870 5528 ⁵³
1900 5497 1956 5549 αἳ
1976 5527 2042 5537 ——
2060 5498 2293 5552 Γαὶαάδ.

2405 5510 2488 5549 am
2524 5495 3026 5564 interpretationem
3062 5493 3172 5549 vid.
3205 5509 3252 5546 c.
3294 5509 3369 5557 tv,
3392 5495 3442 5550 l.
3520 5495 3566 5530 ⁸ο
3586 5497 3698 5552 τῶν
