3878 6204
406 319 500 384 ΠΙ

1389 314 1872 376 THEODORETI
1909 313 2247 375 EPISCOPI
2273 312 2639 375 CYRENSIS

3550 304 3654 370 172

404 442 580 498 neque
609 423 894 488 instantia,
938 437 1115 494 neque
1144 422 1346 486 futura,
1389 439 1565 491 neque
1588 422 1843 487 altitudo,
1880 438 1973 475 nc-

2082 424 2129 473 ίν
2149 420 2369 493 Χριστῷ
2385 419 2556 490 Ἰησοῦ
2582 417 2658 489 τῷ
2674 416 2864 490 Κυρίῳ
2884 417 3061 489 ἡμῶν.
3087 437 3104 469 ι
3121 417 3369 472 Διδάσκει
3386 419 3664 490 γὰρὴμᾶς

403 533 513 588 que
535 515 889 587 profundum,
922 530 1098 584 neque
1128 521 1379 567 creatura
1404 513 1506 565 alia
1541 512 1714 581 possit
1745 528 1848 567 nos
1885 527 1975 566 se-

407 625 604 680 parare
648 624 679 662 a
729 608 995 663 charitate
1047 606 1133 658 Dei
1159 644 1173 668 ,
1204 618 1325 673 quae
1366 611 1449 657 est
1502 604 1554 657 in
1593 604 1814 658 Christo
1845 602 1974 658 Jesu

406 701 638 756 Domino
673 708 867 755 nostro
900 709 939 752 ι’.
976 717 994 749 ›
1037 696 1130 752 llis
1162 698 1308 750 enim
1364 697 1550 751 verbis
1595 696 1857 758 ostendit,
1917 713 1977 752 se

405 810 510 849 non
551 801 776 864 propter
814 805 1036 862 regnum
1087 789 1355 843 ccclorum
1407 789 1686 844 Christum
1723 789 1973 860 diligere,

405 887 500 940 sed
546 886 706 938 malle.
755 901 814 938 se
859 896 1028 952 regno
1062 882 1339 947 excidere,
1372 892 1423 935 et
1457 882 1510 934 in
1539 881 1845 951 gelu-nmini
1878 881 1974 936 de-

403 976 550 1031 trudi
591 976 906 1045 diligentem
946 970 1250 1036 Christum,
1285 989 1447 1044 quam
1483 974 1660 1044 ipsius
1700 975 1974 1045 privatum

402 1067 673 1122 charitate
724 1079 891 1134 regno
940 1066 1127 1133 potiri.
1166 1065 1534 1130 Quamobrem
1582 1066 1802 1127 animae,
1858 1080 1977 1134 qua:

403 1161 530 1209 sunt
561 1152 855 1224 ejusmodi,
888 1162 943 1207 et
983 1154 1100 1209 solo
1126 1155 1316 1224 sponsi
1354 1154 1628 1209 desiderio
1663 1165 1974 1217 moventur,

401 1261 619 1317 sponsa:
658 1246 887 1317 implent
938 1246 1186 1301 ordinem
1243 1255 1407 1318 atque
1454 1248 1786 1302 institutum.
1837 1246 1978 1303 Sunt

402 1346 584 1390 autem
638 1337 860 1407 quidam
911 1338 1070 1407 quasi
1107 1338 1459 1403 mercenarii,
1510 1338 1601 1408 qui
1656 1336 1972 1393 futurorum

402 1430 674 1483 bonorum
717 1428 993 1484 desiderio
1020 1445 1120 1500 pro
1145 1432 1349 1486 virtute
1379 1431 1610 1486 sudores
1635 1431 1974 1500 suscipiunt.

403 1520 517 1575 Hos
549 1535 650 1591 ego
690 1521 907 1591 reginas
938 1521 1028 1575 hic
1054 1522 1297 1575 arbitror
1321 1522 1611 1592 appeliari,
1645 1522 1790 1591 quod
1826 1523 1977 1591 regni

403 1612 706 1681 cupiditate
746 1612 1008 1667 concitati
1052 1613 1276 1683 pietatis
1310 1613 1529 1669 labores
1561 1621 1788 1684 propter
1843 1614 1976 1668 illud

400 1705 681 1759 sustinere
728 1704 974 1757 contenti
1014 1703 1145 1757 sint.
1197 1704 1302 1758 Alii
1360 1713 1626 1774 praeterea
1677 1711 1827 1766 sunt,
1882 1703 1975 1774 qui

405 1793 646 1847 nondum
694 1793 879 1846 donati
938 1800 1068 1847 sunt
1109 1794 1383 1857 libertate,
1427 1794 1522 1848 sed
1553 1794 1737 1849 adhuc
1781 1802 1977 1865 sponte

402 1885 671 1947 serviunt,
723 1894 776 1937 et
828 1883 1091 1953 gehennae
1148 1884 1444 1939 formidine
1493 1886 1698 1941 divinis
1759 1887 1976 1955 legibus

404 1983 619 2046 parent.
681 1974 745 2027 Hi
797 1989 919 2027 meo
969 1974 1190 2043 quidem
1224 1974 1433 2043 judicio
1468 1984 1735 2031 vocantur
1774 1992 1978 2031 concu-

406 2067 566 2120 binae.
622 2063 756 2117 Cum
792 2064 926 2132 ipsis
974 2064 1119 2118 enim
1154 2080 1373 2134 quoque
1421 2081 1657 2136 sponsus
1685 2067 1977 2137 conjungi-

408 2163 519 2216 tur,
549 2155 804 2210 omnilms
831 2154 1011 2209 factus
1039 2157 1221 2208 omnia
1240 2159 1309 2210 τ’.
1335 2154 1438 2209 Alii
1468 2164 1596 2211 sunt
1622 2157 1861 2227 denique
1894 2160 1979 2211 in-

410 2256 555 2302 ertes
578 2257 633 2300 et
662 2247 864 2316 ignavi,
890 2246 983 2315 qui
1018 2261 1117 2300 nec
1145 2248 1332 2317 sponsi
1368 2262 1556 2303 amore
1586 2248 1841 2318 flagrant,
1878 2265 1978 2303 nec

409 2337 561 2407 regni
620 2336 922 2389 trahuntur.
977 2334 1295 2403 cupiditate,
1350 2352 1451 2391 nec
1509 2337 1775 2407 gehenure
1831 2350 1977 2391 metu

408 2434 854 2482 commoventur:
882 2425 976 2481 sed
1013 2440 1101 2480 res
1125 2440 1256 2480 suas
1286 2436 1454 2496 agunt
1483 2425 1780 2481 admodum
1810 2427 1980 2496 negli-

410 2530 616 2588 genter.
650 2531 773 2569 cum
806 2523 987 2569 tauen
1022 2522 1075 2567 et
1109 2514 1264 2569 fidem
1312 2515 1650 2570 immobilem
1684 2516 1976 2578 retineant,

410 2619 463 2663 et
493 2610 711 2680 pictatis
753 2608 1007 2677 dogmata
1043 2608 1258 2675 integra
1292 2614 1571 2672 tueantur,
1603 2616 1659 2661 et
1710 2606 1778 2660 ab
1827 2607 1977 2659 omni

411 2701 665 2755 hmretica
716 2714 782 2777 ac
833 2698 1118 2768 peregrina
1177 2698 1463 2767 disciplina
1509 2697 1861 2761 abhorreant,
1916 2712 1979 2751 ac

411 2791 635 2863 segnius
686 2789 905 2860 quidem
936 2789 1205 2855 viventes,
1258 2792 1423 2844 modo
1473 2788 1731 2843 videntur
1766 2792 1979 2858 St‘ipsos

410 2898 630 2945 curare,
665 2881 825 2935 modo
861 2895 1058 2936 rursus
1089 2882 1154 2935 ad
1189 2881 1460 2951 ignaviam
1501 2881 1716 2935 redire:
1745 2898 1892 2936 nunc
1921 2896 1981 2935 se

410 2976 655 3045 peccatis
699 2974 1000 3036 involvere,
1037 2988 1185 3027 nunc
1224 2973 1553 3043 resipiscere
1582 2980 1636 3026 et
1672 2988 1767 3041 per
1808 2973 1980 3041 poeni-

2079 514 2167 567 6t5t
2187 513 2413 577 τούτων,
2432 513 2514 565 ὅτι
2527 514 2587 564 οὐ
2613 510 2701 564 διὰ
2715 512 2812 580 τὴν
2829 510 3103 581 βασιλείαν
3118 511 3226 563 τῶν
3241 511 3488 580 οὐρανῶν
3504 509 3661 564 ποθεῖ

2077 603 2166 656 τὸν
2190 603 2445 674 Χριστὸν.
2462 602 2575 656 ἀλλ’
2592 602 2672 654 ὅτι
2702 602 2939 671 αἱρεῖται
2960 602 3056 671 τῆς
3085 601 3360 670 βασιλείας
3381 603 3659 664 ἐκπεσεῖν,

2079 697 2175 747 καὶ
2202 697 2278 758 είς
2309 696 2537 763 γέενναν
2567 696 2826 765 ἐμπεσεῖν
2848 693 2987 764 μετὰ
3008 693 3101 746 τοῦ
3121 693 3210 746 τὸν
3250 694 3485 763 Χριστὸν
3519 694 3661 760 ἁγα-

2080 791 2208 859 πᾷν,
2240 789 2272 858 ἢ
2305 787 2607 857 βασιλεύειν
2625 789 2722 858 τῆς
2757 787 2977 857 ἀγάπης
3003 787 3216 857 ἐκείνης
3246 786 3612 857 ἐστερημένος
3642 802 3658 817 ’

2079 881 2133 933 αί
2172 882 2349 934 τοίνυν
2398 879 2642 932 τοιαῦται
2679 878 2849 948 ψυχαὶ
2888 879 2985 949 τῆς
3012 878 3232 948 νύμφης
3283 876 3550 947 πληροῦσι
3599 876 3665 929 τὸ

2081 962 2385 1042 σύνταγμα,
2426 973 2482 1024 αί
2510 971 2661 1040 μόνῳ
2683 970 2759 1039 τῷ
2798 969 2945 1038 πόθῳ
2969 969 3064 1022 τοῦ
3102 969 3335 1038 νυμφίου
3362 967 3655 1038 κατεχόμε-

2078 1082 2166 1118 ναι
2194 1082 2206 1097 '
2233 1066 2339 1117 εἰσὶ
2380 1064 2437 1118 δέ
2468 1080 2612 1126 τινες
2655 1058 2766 1115 οἷον
2823 1062 3103 1132 μισθωτοὶ,
3143 1063 3209 1130 τῇ
3253 1060 3522 1131 ἐπιθυμίᾳ
3548 1060 3663 1113 τῶν

2084 1154 2383 1224 μελλόντων
2408 1153 2627 1221 ἀγαθῶν
2655 1153 2780 1214 τοὺς
2804 1151 2942 1222 ὑπὲρ
2969 1152 3169 1222 ἀρετῆς
3199 1151 3430 1220 ἱδρῶτας
3469 1153 3660 1220 φέρειν

2079 1246 2395 1315 ἀνεχόμενοι
2418 1263 2429 1276 ·
2454 1245 2674 1306 τούτους
2702 1244 2792 1296 ἐπὶ
2816 1243 2908 1296 τοῦ
2941 1243 3206 1314 παρόντος
3239 1242 3480 1312 ἠγοῦμαι
3506 1242 3660 1312 βασι-

2078 1337 2225 1398 λίδας
2268 1334 2648 1405 ὀνομάζεσθαι,
2672 1333 2746 1397 ὼς
2779 1334 2875 1404 τῆς
2911 1332 3187 1403 βασιλείας
3234 1332 3657 1402 ἐπιθυμοῦντας,

2080 1429 2172 1481 καὶ
2210 1427 2275 1480 δι’
2323 1426 2536 1497 ἐκείνην
2592 1427 2779 1496 φέρειν
2822 1426 3181 1496 αἱρουμένους
3223 1427 3322 1497 τῆς
3373 1426 3661 1490 εὐσεϐείας

2077 1519 2203 1580 τοὺς
2218 1518 2430 1581 πόνους.
2479 1517 2658 1569 Eiet“
2683 1517 2738 1569 δὲ
2770 1516 2943 1588 ἕτερον.
2973 1518 3182 1571 ούδέπω
3207 1517 3305 1587 τῆς
3343 1519 3659 1590 ἐλευθερίας

2077 1608 2387 1679 ἠξιωμένοι,
2420 1611 2501 1662 ἔτι
2533 1610 2588 1662 δέ
2641 1608 2911 1662 δουλεύειν
2937 1608 3233 1674 ἐθέλοντες,
3263 1612 3355 1664 καὶ
3383 1611 3537 1679 φόϐῳ
3560 1611 3659 1680 τῆς

2079 1702 2301 1773 γεέννης
2322 1701 2447 1765 τοὺς
2470 1701 2647 1764 θείους
2669 1702 2867 1771 νόμους
2895 1701 3227 1771 πληροῦντες
3243 1720 3255 1730 ·
3275 1703 3499 1766 τούτους
3529 1704 3658 1756 ὑπο-

2079 1791 2341 1862 λαμϐάνω
2388 1790 2722 1853 παλλακίδας
2771 1790 3168 1860 ὀνομάζεσθαι·
3206 1793 3518 1859 συγγίνεται
3552 1792 3664 1862 γὰρ

2078 1883 2172 1936 καὶ
2205 1886 2315 1945 τοῖς
2342 1882 2603 1943 τοιούτοις
2632 1882 2660 1932 ὁ
2697 1882 2926 1951 νυμφίος
2961 1883 3095 1933 πᾶσι
3143 1884 3319 1935 πάντα
3352 1882 3658 1953 γινόμενος.

2079 1974 2197 2027 Εἰσὶ
2228 1972 2286 2026 δὲ
2317 1974 2409 2027 καὶ
2448 1973 2595 2027 ἄλλοι
2629 1972 2872 2043 ῥᾳθυμία
2909 1973 3178 2037 συζῶντες
3202 2013 3216 2035 ,
3256 1976 3349 2027 καὶ
3404 1975 3541 2044 μήτε
3584 1973 3666 2045 τῷ

2080 2065 2285 2136 φίλτρῳ
2307 2063 2399 2117 τοῦ
2433 2062 2665 2132 νυμφίου
2697 2061 3074 2131 κατεχόμενοι,
3114 2063 3247 2132 μήτε
3276 2062 3353 2132 τῷ
3383 2063 3535 2134 πόθῳ
3562 2064 3666 2132 τῆς

2081 2155 2354 2226 βασιλείας
2383 2154 2684 2223 ἑλκόμενοι,
2723 2153 2861 2223 μήτε
2882 2151 2959 2222 τῷ
2984 2151 3131 2222 φόϐῳ
3164 2154 3262 2224 τῆς
3294 2153 3519 2222 γεέννης
3541 2170 3667 2206 νυτ-

2079 2248 2313 2314 τόμενοι,
2348 2243 2711 2314 ἀμελέστερον
2736 2242 2806 2295 τὰ
2835 2242 3194 2305 καθ’ἐαυτοὺς
3228 2243 3665 2313 οἰκονομοῦντες

2081 2337 2174 2391 καὶ
2198 2336 2296 2406 τὴν
2331 2336 2426 2405 μέν
2458 2336 2642 2387 πίστιν
2668 2334 2922 2404 ἀκίνητον
2944 2334 3177 2403 ἔχοντες,
3210 2335 3304 2386 καὶ
3338 2335 3405 2388 τὰ
3441 2334 3540 2405 τῆς
3569 2335 3666 2386 εὑ-

2081 2428 2297 2488 σεϐείας
2344 2427 2589 2495 δόγματα
2642 2425 2753 2478 σῶα
2817 2425 3305 2494 διαφυλάττοντες,
3337 2426 3430 2479 καὶ
3478 2428 3669 2479 πᾶσαν

2079 2518 2358 2588 αίρετικὴν
2400 2518 2495 2569 καὶ
2531 2515 2824 2584 ἀλλόφυλον
2859 2516 3209 2569 διδασκαλίαν
3245 2517 3668 2587 ἀποστρεφόμε-

2078 2627 2181 2676 νοι,
2210 2610 2573 2679 ἀμελέστερον
2598 2609 2652 2661 δὲ
2688 2608 2952 2678 βιοῦντες,
2986 2608 3081 2659 καὶ
3106 2610 3232 2661 ποτέ
3261 2609 3359 2679 μὲν
3388 2610 3538 2679 σφῶν
3567 2610 3669 2662 αύ-

2078 2702 2186 2756 τῶν
2226 2700 2681 2771 ἐπιμελούμενοι,
2717 2700 2846 2753 ποτέ
2890 2700 2947 2752 δὲ
2980 2701 3026 2732 ⁷ο
3064 2701 3226 2755 πάλιν
3270 2704 3349 2765 είς
3385 2701 3668 2771 ρᾳθυμίαν

2082 2793 2507 2862 κυλινδούμενοι,
2539 2792 2635 2845 καὶ
2670 2792 2802 2842 ποτὲ
2835 2791 2932 2861 μὲν
2978 2792 3404 2863 ἁμαρτάνοντες,
3442 2792 3574 2845 ποτὲ
3608 2793 3669 2845 δὲ

2080 2886 2179 2955 τῆς
2234 2884 2518 2954 μετανοίας
2564 2882 2900 2954 πηγάζοντες
2934 2882 3162 2954 δάκρυα.
3206 2885 3442 2947 Τούτους
3469 2884 3497 2936 ὁ
3535 2901 3672 2954 νυμ-

2082 2977 2202 3044 cpio;
2246 2974 2479 3028 ἐνταῦθα
2535 2974 2779 3036 νεάνιδας
2832 2976 3227 3043 προσαγορεύει
3270 2992 3284 3005 ·
3329 2975 3422 3028 καὶ
3475 2974 3671 3046 ἐπειδὴ

410 3066 635 3121 tentiam
667 3065 827 3136 123
869 3065 1139 3135 lacrymas
1169 3063 1421 3118 fundere.
1454 3063 1562 3119 llos
1602 3079 1840 3133 sponsus
1878 3064 1976 3117 hoc

2082 3066 2297 3129 πλείους
2330 3067 2376 3118 οἰ
2415 3063 2643 3117 τοιοῦτοι
2686 3064 2794 3116 τῶν
2833 3080 2890 3116 τε
2932 3063 3234 3132 βασιλίδων,
3275 3066 3368 3118 καὶ
3397 3065 3672 3118 παλλακί·

411 3156 532 3210 loco
563 3157 799 3225 appellat
828 3155 1288 3211 adolescentulas.
1306 3154 1373 3207 Et
1402 3156 1662 3226 quoniam
1694 3155 1909 3225 reginas
1924 3163 1978 3209 et

411 3247 749 3302 concubinas
783 3255 1045 3317 superant
1074 3245 1445 3312 multitudine,
1471 3248 1614 3310 ideo,
1649 3266 1667 3299 ι
1708 3246 1772 3300 Ει
1794 3247 1977 3301 adole-

412 3338 695 3398 scentulae.
727 3336 927 3407 inquit,
958 3354 1190 3408 quarum
1218 3353 1328 3392 non
1354 3346 1438 3393 est
1469 3354 1751 3393 numerus.
1785 3357 1803 3388 ι
1837 3339 1982 3390 Ado-

416 3430 859 3494 lesccutularum,
892 3430 1091 3498 inquit,
1125 3445 1236 3482 non
1278 3435 1363 3483 est
1395 3444 1680 3488 numerus,
1725 3444 1831 3481 non
1894 3444 1981 3479 sn—

415 3523 522 3573 lum
558 3522 685 3590 quia
720 3536 831 3589 pne
865 3519 1219 3573 multitudine
1263 3517 1542 3571 numerari
1571 3532 1677 3570 non
1728 3525 1978 3585 possunt,

412 3629 602 3668 verum
654 3610 1130 3680 etiam'quoniam
1180 3609 1418 3676 indigum
1470 3614 1599 3662 sunt
1641 3622 1760 3677 quae
1793 3622 1982 3659 nume-

412 3710 625 3758 rentur.
662 3700 960 3772 Dignarum
996 3700 1144 3753 enim
1179 3698 1341 3753 etiam
1375 3697 1560 3764 capilli
1593 3696 1735 3767 apud
1767 3697 1980 3751 Patrem

394 3793 687 3849 .numerati
719 3797 847 3846 sunt
874 3800 917 3841 ³.
950 3787 1057 3843 Sed
1082 3797 1261 3842 tamen
1292 3796 1341 3842 et
1372 3802 1497 3841 cum
1535 3788 1623 3842 his
1652 3788 1985 3858 quandoque

413 3864 785 3956 conjungit'ur,
827 3890 886 3935 ut
930 3890 984 3935 ct
1012 3881 1080 3936 ab
1115 3880 1331 3950 ignavia
1363 3880 1485 3934 illas
1527 3887 1796 3944 amoveat,
1828 3888 1881 3935 ct
1917 3881 1981 3933 ad

412 3992 478 4031 ea
529 3990 650 4045 quae
681 3971 920 4043 perfecta
976 3981 1105 4027 sunt
1137 3971 1324 4033 ducat,
1373 3979 1427 4025 et
1474 3971 1690 4025 illarum
1743 3971 1984 4041 undique

415 4070 647 4123 salutem
680 4064 993 4133 conquirat.
1037 4061 1235 4117 Verum
1274 4078 1372 4118 cur
1410 4064 1627 4132 reginas
1677 4066 1982 4134 sexaginta,

388 4155 752 4210 concubinas
784 4161 964 4207 autem
996 4153 1277 4224 octoginta
1325 4153 1494 4218 dicat,
1542 4154 1980 4209 consideremus.

414 4243 685 4300 Numerus
735 4243 1127 4311 sexagenarius
1158 4241 1442 4298 denarium
1475 4260 1770 4299 numerum
1807 4246 1984 4299 sexies

421 4336 819 4406 complectitur.
874 4334 1141 4390 Denarius
1193 4344 1375 4390 autem
1431 4337 1639 4391 indicat
1690 4335 1986 4407 perfectio-

2078 3157 2202 3218 δων,
2241 3155 2370 3223 φησί
2395 3171 2406 3183 ·
2445 3173 2462 3203 ι
2498 3155 2605 3207 Καὶ
2630 3154 2883 3216 νεάνιδες,
2916 3148 2989 3206 ὧν
3022 3156 3120 3207 οὐκ
3154 3156 3297 3207 ἔστιν
3349 3155 3605 3226 ἀριθμὸς,
3647 3176 3667 3207 ι

2080 3248 2139 3298 οὐ
2169 3247 2328 3316 μόνον
2355 3244 2441 3296 διὰ
2473 3245 2531 3295 τ’)
2563 3244 2763 3313 πλῆθος
2793 3245 3138 3315 ἀριθμεῖσθαι
3163 3246 3359 3310 αὐτοὺς
3387 3248 3487 3299 οὐκ
3523 3248 3672 3313 ἔστι,

2083 3338 2268 3407 φησὶν,
2312 3336 2443 3388 ἀλλὰ
2475 3336 2568 3388 κη).
2599 3337 2643 3367 ⁷⁸
2676 3336 2765 3389 διὰ
2796 3338 2855 3389 τὸ
2911 3336 3160 3401 ἀναξίους
3215 3336 3353 3391 εἶναι
3399 3339 3670 3409 ἀριθμοῦ.

2083 3429 2204 3481 Τῶν
2229 3428 2339 3498 γὰρ
2367 3429 2532 3491 ἀξίων
2557 3430 2651 3482 καὶ
2668 3432 2722 3482 αἱ
2754 3430 2938 3499 τρίχες
2968 3431 3343 3502 ἠριθμημέναι
3378 3433 3484 3484 εἰσί
3515 3432 3675 3504 παρά

2082 3521 2158 3590 τῷ
2193 3521 2364 3592 Πατρί
2387 3536 2398 3548 ·
2454 3519 2568 3572 ἀλλ’
2600 3523 2749 3590 ὅμως
2804 3522 2896 3574 καὶ
2928 3521 3154 3585 ταύταις
3207 3525 3234 3575 ό
3257 3522 3483 3591 νυμφίος
3518 3523 3675 3576 ἐστιν

2084 3613 2172 3665 ὅτε
2213 3611 2543 3679 συγγίνεται,
2578 3613 2676 3682 τῆς
2714 3612 2988 3683 ῥᾳθυμίας
3043 3612 3213 3676 αὑτὰς
3260 3612 3516 3679 ἀφέλκειν
3544 3611 3673 3682 βου-

2084 3702 2329 3772 λόμενος,
2359 3702 2455 3755 καὶ
2483 3703 2733 3772 ποδηγῶν
2756 3705 2848 3756 ἐπὶ
2874 3705 2939 3757 τὰ
2962 3705 3163 3769 τέλεια,
3200 3705 3293 3757 καὶ
3325 3704 3675 3775 πανταχόθεν

2084 3794 2275 3856 αύταῖς
2334 3793 2433 3863 τὴν
2487 3794 2761 3864 σωτηρίαν
2808 3797 3351 3866 πραγματευόμενος.
3411 3796 3674 3866 Ζητήσω-

2090 3902 2187 3953 μεν
2207 3886 2252 3916 τ’
2282 3885 2338 3939 δὲ
2367 3884 2419 3937 τί
2439 3885 2640 3956 δήποτε
2682 3884 2959 3954 βασιλίδας
2987 3886 3276 3956 ἑξήκοντα,
3303 3884 3589 3949 παλλακὰς
3611 3885 3673 3938 δὲ

2084 3976 2414 4047 ὀγδοήκοντα
2445 3976 2568 4046 ἔφη.
2615 3978 2672 4029 '0
2695 3975 2957 4045 ἐξήκοντα
2986 3977 3215 4048 ἀριθμδς
3244 3976 3302 4041 ἐξ
3342 3976 3455 4047 ἔχει
3505 3977 3673 4031 δεκά-

2084 4066 2201 4130 δας,
2234 4068 2382 4137 καὶὴ
2420 4067 2518 4136 μὲν
2545 4065 2706 4131 δεκὰς
2741 4067 2997 4137 σημαίνει
3029 4065 3127 4135 τὴν
3174 4066 3509 4135 τελειότητα,
3546 4067 3582 4137 ἠ
3613 4066 3673 4119 δὲ

2086 4157 2211 4223 ἑξὰς
2243 4160 2332 4211 τὸν
2360 4159 2457 4229 τῆς
2488 4158 2847 4228 κοσμοποιῖας
2897 4156 3126 4227 ἀριθμὸν
3159 4157 3438 4229 περιέχει·
3473 4158 3533 4209 ἐν
3557 4157 3673 4230 γὰρ

2086 4248 2145 4313 ἓξ
2165 4248 2400 4320 ἡμέραις
2432 4250 2459 4301 ὁ
2493 4249 2599 4301 τῶν
2630 4249 2764 4302 ὅλων
2807 4250 2937 4313 Θεὸς
2965 4249 3062 4320 τὴν
3090 4249 3675 4321 κτίσιν’ἐδημιούργη-

2087 4357 2177 4392 σεν
2206 4339 2440 4393 ἃπασαν.
2457 4340 2566 4403 Τὰς
2584 4339 2762 4393 τοίνυν
2789 4343 2846 4393 ἐν
2872 4340 3041 4411 τούτῳ
3056 4341 3133 4410 τῷ
3167 4342 3356 4412 κόσμῳ
3387 4341 3675 4395 τετελειω-

417 4441 562 4481 nem.
615 4422 876 4479 Senarius
922 4440 1056 4479 vero
1103 4424 1403 4481 creationls
1456 4425 1648 4479 mundi
1694 4440 1978 4479 numerum

2092 4431 2258 4500 μένας
2282 4433 2337 4482 ἐν
2371 4431 2537 4501 ἀρετῇ
2566 4431 2761 4499 ψυχὰς,
2794 4433 2887 4483 καὶ
2916 4432 3012 4500 τῆς
3056 4431 3330 4500 βασιλείας
3368 4430 3675 4501 ἐπιθυμού-

416 4518 681 4572 continet.
729 4516 834 4572 Sex
885 4518 1031 4572 enim
1083 4517 1279 4572 diebus
1313 4532 1497 4571 rerum
1548 4517 1792 4571 omnium
1843 4517 1986 4573 Deus

414 4608 677 4662 mundum
707 4606 959 4662 condidit
987 4607 1321 4662 universum.
1348 4607 1705 4678 Quaecunque
1736 4608 1906 4676 igitur
1930 4609 1983 4662 in

416 4700 520 4755 hoc
557 4699 757 4754 mundo
783 4699 984 4754 virtute
1005 4698 1258 4772 perfectae
1306 4711 1434 4755 sunt
1464 4703 1681 4767 animae,
1720 4702 1985 4772 regnique

417 4790 645 4860 cupidze,
673 4791 951 4860 sexaginta
984 4792 1201 4862 reginas
1222 4792 1544 4847 nominavit.
1590 4792 1802 4862 Sponsa
1836 4793 1982 4846 enim

414 4884 676 4938 mundum
703 4882 847 4936 hunc
877 4885 1036 4953 regit,
1064 4892 1118 4939 et
1137 4891 1289 4940 extra
1325 4885 1505 4954 ipsum
1536 4886 1770 4949 exsistit,
1796 4893 1853 4940 et
1883 4901 1978 4939 su-

414 4989 510 5043 pra
547 4974 699 5027 illum
734 4975 898 5040 volat,
924 4982 979 5030 et
1018 4977 1207 5047 sponsi
1234 4974 1468 5030 ellicitur
1516 4984 1651 5039 tota,
1678 4984 1733 5031 et
1781 4977 1848 5031 de
1885 4978 1977 5031 illo

412 5077 689 5133 nunquam
716 5078 823 5117 non
854 5066 1078 5133 cogitat.
1105 5064 1238 5133 Ipsm
1264 5064 1393 5117 vero
1420 5063 1472 5116 in
1502 5064 1602 5117 hoc
1626 5064 1831 5119 mundo
1854 5081 1977 5119 ver-

413 5161 625 5219 santur,
657 5162 711 5209 et
742 5154 891 5224 regni
941 5155 1151 5225 cupidae
1186 5154 1251 5207 ad
1306 5155 1533 5208 virtutis
1583 5155 1973 5223 perfectionem

2093 4538 2212 4582 σας,
2244 4522 2504 4592 ἐξήκοντα
2529 4522 2804 4591 βασιλίδας
2834 4524 2879 4554 ⁷³
2910 4523 3193 4592 ὠνόμασεν
3213 4541 3227 4554 ·
3264 4524 3296 4592 ἠ
3336 4523 3445 4593 γὰρ
3478 4523 3672 4595 νύμφη

2091 4611 2231 4681 ὑπὲρ
2252 4612 2341 4664 τὸν
2370 4613 2570 4681 κόσμον
2596 4612 2784 4664 τοῦτον
2818 4612 3192 4674 πολιτεύεται,
3217 4612 3311 4665 καὶ
3337 4612 3442 4677 ἔξω
3471 4614 3674 4668 τούτου

2088 4702 2366 4770 τυγχάνει,
2393 4703 2481 4755 καὶ
2520 4702 2657 4771 ὑπὲρ
2678 4702 2867 4754 τοῦτον
2902 4703 3144 4763 ἴπταται,
3170 4703 3263 4754 καὶ
3291 4701 3385 4770 ὅλη
3412 4702 3505 4753 τοῦ
3533 4720 3677 4772 νυμο

2092 4794 2212 4861 φίου
2242 4792 2466 4860 γίνεται,
2484 4794 2578 4845 καὶ
2600 4792 2860 4860 διηνεκῶς
2886 4793 3095 4844 ἐκεῖνον
3118 4792 3447 4860 φαντάζεται
3464 4809 3478 4823 '
3506 4786 3676 4847 αὗται

2087 4887 2143 4939 δέ
2174 4889 2229 4939 ἐν
2253 4885 2328 4956 τῷ
2361 4886 2550 4954 κόσμῳ
2579 4882 2750 4952 τούτῳ
2779 4883 3212 4952 πολιτευόμεναι,
3244 4882 3311 4935 τὸ
3333 4883 3537 4936 τέλειον
3568 4884 3674 4953 τῆς

2087 4977 2286 5046 ἀρετῆς
2311 4976 2387 5038 ὡς
2416 4975 2492 5026 ἔνι
2529 4974 2763 5043 μάλιστα
2787 4973 3023 5043 μετίασι,
3044 4974 3143 5042 τῆς
3184 4972 3459 5042 βασιλείας
3483 4975 3677 5043 τυχεῖν

2086 5068 2363 5138 ἐφιέμεναι
2392 5084 2403 5097 ·
2433 5068 2487 5119 αἱ
2511 5067 2565 5120 δὲ
2594 5066 2742 5137 φόϐῳ
2771 5065 2869 5135 τῆς
2893 5065 3124 5135 κρίσεως
3145 5064 3515 5135 ἐκπληροῦσαι
3541 5067 3676 5131 τοὺς

2086 5159 2282 5228 νόμους
2312 5201 2325 5224 ,
2352 5158 2575 5220 εἰκότως
2614 5156 2945 5228 ὀγδοήκοντα
2988 5155 3530 5227 προσηγορεύθησαν.
3564 5157 3676 5209 Τὸν

500 5318 523 5348 τ
547 5306 703 5365 Rom.
732 5327 850 5375 vui,
879 5310 968 5372 5R,
1007 5310 1095 5364 39.
1142 5311 1187 5346 τ’
1217 5305 1234 5357 Ι
1262 5305 1388 5360 Cor.
1418 5322 1491 5366 Ix.
1529 5306 1618 5361 9.5!.
1663 5316 1684 5343 ³
1712 5308 1902 5363 Matth.
1937 5329 1990 5364 ιι.
2026 5312 2112 5365 30.

1721 5463 1949 5518 VARI/13
1990 5465 2394 5521 LEC'I‘IONES.

480 5617 531 5649 ⁴⁶
569 5616 691 5671 είσί.
732 5615 866 5668 Cod.
896 5616 963 5667 εί.
1060 5615 1107 5645 τ’
1150 5615 1227 5665 δέ.
1271 5614 1435 5669 Abest
1475 5631 1501 5666 a
1542 5614 1666 5669 cod.

420 5686 572 5741 lebat
602 5684 898 5753 βασιλείας,
932 5685 1054 5737 cod.
1092 5682 1383 5752 βασιλίδας.

1756 5615 1799 5647 ⁷¹
1829 5618 1938 5671 καί.
1979 5616 2099 5674 Des.
2145 5620 2198 5674 in
2239 5620 2359 5674 Cod.

2453 5622 2499 5653 "
2529 5621 2651 5692 ζητ.
2682 5637 2868 5691 przcm.
2906 5637 3020 5674 και.
3104 5622 3148 5651 ⁷³
3173 5620 3329 5675 Prior
3360 5620 3536 5680 editio
3570 5630 3674 5677 ha-
