3878 6204
239 326 318 390 173
1014 387 1042 415 ο
1248 336 1329 397 IN
1362 338 1747 399 CANTICUM
1780 339 2069 400 CANTIC.
2104 340 2248 401 LIB.
2288 341 2385 402 IV.

3382 346 3479 408 fit

234 440 321 509 γὰρ
346 438 445 508 τῆς
476 439 725 509 κρίσεως
766 443 957 513 καιρὸν
983 443 1175 515 ὀγδόην
1203 448 1234 517 ἡ
1265 447 1383 501 θεία
1407 449 1798 520 προσαγορεύ;ι

1908 466 2006 519 pro
2055 451 2265 507 viribus
2310 451 2670 505 contendunt.
2704 451 2771 503 At
2808 450 2930 513 ill-.e,
2960 467 3080 521 qum
3104 451 3298 519 judicii
3334 465 3478 509 metu

234 529 418 600 Γραφή.
451 531 511 584 ’0
537 533 649 604 γὰρ
677 535 952 604 μακάριος
984 538 1170 604 Δαῆὶδ,
1189 539 1256 592 τὰ
1292 541 1418 609 περὶ
1446 543 1544 611 τῆς
1568 542 1802 611 κρίσεως

232 625 275 675 ἐν
290 625 527 694 Ψαλμοῖς
543 626 925 699 διηγούμενος,
943 630 1219 702 ἐπέγραψε
1238 633 1335 702 μὲν
1350 635 1535 697 αὑτὸν,
1578 654 1595 687 ι
1630 636 1802 706 ’Υπὲρ

230 716 310 784 τῆς
325 718 574 789 ὀγδόης.»
605 722 741 791 φησὶ
760 722 817 776 δὲ
842 724 1204 793 ἀρχόμενοςί
1227 726 1419 798 Κύριε,
1449 728 1522 799 μὴ
1550 731 1626 798 τῷ
1644 728 1800 800 θυμῷ

229 825 304 860 σου
330 808 561 883 ἐλέγξῃς
610 829 677 881 με
698 855 714 878 ,
752 815 887 882 μηδὲ
919 818 984 885 τῇ
1039 816 1176 888 ὀργῇ
1204 835 1296 870 σου
1343 820 1642 891 παιδεύσῃς
1670 839 1792 889 με.»

226 899 314 950 Καὶ
336 902 632 970 μετ’ὀλίγα
658 920 670 933 ·
698 923 716 954 ι
742 904 867 957 Ὀτι
884 892 981 958 οὐκ
1006 906 1153 961 ἔστιν
1178 910 1233 963 ἐν
1256 908 1335 979 τῷ
1363 910 1580 981 θανάτῳ
1602 915 1630 964 ὁ
1660 931 1799 984 μνη-

227 995 449 1064 μονεύων
481 1014 601 1061 σου,
620 1000 678 1051 ὲν
707 999 765 1051 δὲ
798 1000 878 1071 τῷ
906 1001 1004 1072 ᾄδῃ
1027 1003 1113 1065 τίς
1140 1004 1593 1077 ἐξομολογήσεταί
1630 1025 1746 1073 σοι;
1773 1030 1792 1061 ο

224 1086 469 1140 διδάσκων
508 1089 588 1151 ὡς
618 1092 676 1143 ὲν
701 1090 778 1161 τῷ
803 1093 903 1164 τῆς
934 1094 1167 1163 κρίσεως
1190 1096 1365 1167 καιρῷ
1392 1098 1617 1170 οὐδεμία
1645 1099 1798 1170 χώρα

225 1180 501 1248 μετανοίας
534 1184 651 1244 τοῖς
687 1185 1037 1254 ἡμαρτηκόσι
1084 1187 1276 1259 καὶμὴ
1321 1192 1690 1259 μετεγνωκόσι
1712 1192 1797 1244 δο-

222 1270 445 1340 θήσεται.
486 1270 711 1345 Ἐπειδὴ
737 1274 920 1329 τοίνυν
957 1278 1127 1331 ταῦτα
1161 1279 1477 1347 δεδοικότες,
1494 1283 1607 1345 τοῖς
1632 1282 1796 1348 θείοις

221 1361 584 1431 ἡκολούθησαν
604 1366 812 1436 νόμοις,
841 1369 935 1421 καὶ
962 1368 1084 1421 οὔτε
1109 1371 1181 1441 τῷ
1204 1372 1350 1443 πόθῳ
1370 1377 1469 1442 τῆς
1496 1373 1791 1443 βασιλείας,

219 1453 324 1507 οὗτε
360 1454 438 1524 τῷ
468 1455 638 1527 ἔρωτι
667 1458 761 1511 τοῦ
803 1462 1035 1530 νυμφίου
1058 1502 1072 1523 ,
1098 1464 1320 1527 είκότως
1352 1465 1679 1538 ὀγδοήκοντα
1716 1467 1791 1520 εἶ-

219 1562 290 1598 ναι
312 1546 570 1614 λέγονται
597 1568 611 1580 ·
655 1550 683 1601 ὁ
716 1551 818 1619 μὲν
869 1552 977 1623 γὰρ
1013 1553 1157 1606 ὀκτὼ
1202 1556 1437 1627 ἀριθμὸς
1467 1559 1565 1629 τὴν
1602 1561 1794 1632 ὀγδόην

222 1640 461 1708 σημαίνει
484 1680 499 1701 ,
533 1641 565 1710 ἡ
602 1641 660 1694 δὲ
706 1643 872 1708 δεκὰς
899 1647 998 1716 τὴν
1030 1647 1345 1719 τελειότητα
1380 1667 1392 1681 ·
1421 1651 1558 1705 ἀλλὰ
1593 1653 1795 1708 τούτων

220 1729 487 1797 κρείττονα
516 1730 664 1799 λέγει
697 1733 796 1803 τὴν
844 1734 1082 1805 νύμφην,
1119 1739 1214 1790 καὶ
1244 1739 1354 1792 τῶν
1388 1742 1670 1813 ἑξήκοντα,
1702 1746 1794 1797 καὶ

1913 542 2125 610 legibus
2163 544 2569 612 obtemperant,
2604 543 2806 597 merito
2845 544 3139 597 nominatae
3168 555 3291 598 sunt
3329 556 3483 599 oeto-

1909 633 2080 703 ginta.
2118 633 2250 688 Nam
2280 636 2464 689 divina
2494 634 2781 705 Scriptura
2808 634 3001 704 ju'dicii
3034 645 3249 703 tempus
3298 642 3483 709 appel-

1910 725 1984 778 lat
2022 732 2291 780 octavam.
2342 727 2540 781 Beatus
2575 730 2721 781 enim
2780 728 2968 792 David,
3010 743 3133 781 cum
3167 744 3230 781 ea
3258 746 3378 799 qua:
3414 730 3479 784 ad

1904 815 2179 885 judicium
2226 818 2501 887 pertinent
2530 831 2973 890 persequeretur,
3016 839 3032 869 ι
3065 819 3171 874 Pro
3203 831 3420 883 octava,
3459 841 3476 871 ι

1907 908 2181 976 psalmum
2239 910 2546 979 inscripsit,
2595 911 2757 978 cujus
2804 912 3027 980 quidem
3066 913 3259 981 psalmi
3322 913 3483 980 129

1907 999 2107 1053 initio:
2150 1017 2168 1049 ι
2211 999 2461 1066 Domine,
2506 1001 2705 1070 inquit,
2737 1018 2805 1054 ne
2835 1003 2887 1054 in
2918 1002 3100 1056 furore
3141 1011 3234 1056 tuo
3283 1018 3481 1072 arguas

1907 1108 2013 1157 me,
2052 1108 2230 1162 neque
2282 1092 2334 1145 in
2370 1093 2449 1146 ira
2492 1101 2583 1146 tua
2626 1094 2902 1164 corripias
2950 1109 3035 1147 me
3071 1096 3111 1147 ί.
3154 1114 3171 1144 ι
3212 1094 3275 1147 Et
3319 1098 3482 1165 paulo

1906 1196 2062 1254 post:
2093 1205 2110 1237 ι
2149 1186 2421 1251 Quoniam
2460 1199 2567 1240 non
2608 1195 2691 1240 est
2719 1187 2772 1240 in
2809 1195 2986 1241 morte
3020 1186 3112 1255 qui
3170 1204 3381 1242 memor
3412 1190 3483 1242 sit

1904 1279 2022 1332 tui:
2059 1280 2113 1332 in
2166 1279 2384 1334 inferno
2425 1287 2608 1334 autem
2644 1280 2771 1349 quis
2815 1279 3171 1333 confitebitur
3226 1282 3321 1334 tibi
3347 1282 3421 1334 αἳ
3458 1301 3476 1332 ι

1904 1368 2118 1435 Quibus
2167 1372 2394 1435 indicat,
2447 1369 2515 1425 iis
2565 1371 2654 1440 qui
2700 1380 3064 1441 peccaverunt
3110 1381 3161 1427 et
3195 1388 3301 1426 non
3343 1374 3482 1428 resi-

1905 1471 2162 1530 puerunt,
2197 1471 2441 1532 tempore
2465 1463 2662 1534 judicii
2694 1464 2903 1516 nullmn
2935 1463 3271 1533 pmnitcntim
3303 1465 3480 1517 locum

1903 1553 2090 1607 datum
2126 1554 2211 1608 iri.
2243 1554 2379 1609 Cum
2412 1556 2581 1626 igitur
2620 1557 2731 1610 lucc
2760 1554 3152 1619 formidantes,
3187 1570 3297 1609 non
3331 1558 3479 1625 regni

1902 1642 2200 1709 desiderio,
2240 1663 2417 1717 neque
2460 1647 2650 1717 sponsi
2710 1662 2896 1702 amore
2942 1656 3224 1718 permotre,
3260 1648 3481 1704 divinas

1904 1738 2051 1808 leges
2097 1740 2536 1804 observaverint,
2593 1741 2795 1795 merito
2852 1740 3116 1794 dicuntur
3175 1742 3477 1810 octoginta.

220 1820 312 1872 τῶν
334 1822 669 1894 ὀγδοήκοντα
691 1843 705 1855 ·
748 1846 767 1877 ι
797 1828 910 1879 Μία
940 1831 1046 1897 γάρ
1072 1832 1185 1883 ἐστι
1219 1836 1519 1904 περιστερὰ
1556 1854 1678 1906 μου,
1714 1855 1798 1889 τε·

1905 1829 2179 1886 Numerus
2230 1833 2373 1885 enim
2407 1841 2639 1887 octavus
2697 1832 2847 1885 illam
2901 1843 3148 1885 octavam
3183 1832 3477 1902 signiﬁcat,

222 1913 323 1965 λεία
375 1931 513 1983 μου,
550 1934 569 1965 ι
606 1916 770 1969 πάλιν
809 1920 982 1991 αὐτὴν
1018 1920 1062 1952 ⁷³
1099 1924 1476 1995 πνευματικὴν
1496 1926 1797 1997 ὀνομάζων,

224 2004 304 2056 κα)⁸
330 2005 472 2072 μίαν.
509 2006 685 2078 ’Υπὲρ
720 2009 826 2080 γὰρ
860 2010 957 2074 τὰς
998 2012 1281 2081 ἐξήκοντα,
1326 2017 1421 2069 καὶ
1457 2016 1557 2081 τὰς
1608 2019 1801 2090 ὁγδοή-

225 2111 387 2158 κοντα,
423 2097 523 2165 μία
574 2099 691 2151 ἐστὶ
739 2102 803 2170 τῇ
867 2103 1036 2172 μητρὶ
1084 2104 1254 2175 αὐτῆς
1282 2123 1295 2137 ·
1341 2108 1553 2181 μητέρα
1598 2109 1655 2163 δὲ
1687 2110 1799 2181 ἔχει

225 2187 307 2255 τὴν
368 2188 517 2258 ἱερὰν
582 2192 1019 2263 κολυμϐήθραν,
1060 2195 1159 2264 τὴν
1232 2195 1344 2250 ἄνω
1418 2200 1796 2271 Ἰερουσαλήμ.

232 2294 249 2325 ι
288 2277 536 2347 Ἐκλεκτὴ
583 2279 638 2333 δέ
689 2282 805 2333 ἐστι
855 2285 920 2351 τῇ
966 2284 1195 2355 τεκούσῃ
1246 2286 1434 2358 αὐτήν.
1476 2309 1492 2340 ι
1534 2290 1799 2344 Κάκεῖναι

232 2368 316 2437 μὲν
340 2370 442 2442 γὰρ
494 2372 553 2439 ἐξ
588 2374 759 2451 αὐτῇς
802 2376 1103 2447 ἐτέχθησαν
1145 2396 1157 2408 ·
1186 2384 1392 2453 ταύτην
1424 2385 1478 2436 δὲ
1510 2386 1574 2438 ὲκ
1609 2387 1801 2441 πασῶν

238 2465 586 2535 τροτετίμηκε
606 2509 622 2531 ,
654 2470 748 2521 καὶ
783 2469 1046 2542 ἐκλεκτὴν
1074 2474 1186 2544 ἔχει
1218 2473 1525 2546 θυγατέρα·
1557 2477 1637 2531 διὸ
1674 2497 1692 2530 ι
1720 2480 1797 2532 εί-

237 2552 379 2609 δοσαν
425 2557 594 2629 αὐτὴν
625 2558 925 2632 θυγατέρες
947 2604 962 2626 ,
997 2566 1089 2618 καὶ
1128 2568 1490 2636 μακαριοῦσιν
1537 2570 1707 2642 αὐτὴν
1734 2610 1748 2632 ,
1777 2590 1795 2623 ι

234 2649 458 2701 τουτέστι
515 2651 782 2714 νεάνιδες,
832 2654 893 2706 οὐ
956 2656 1113 2724 μόνον
1158 2658 1213 2710 δὲ
1256 2659 1491 2721 ἐκεῖναι.
1530 2661 1666 2717 ἀλλὰ
1706 2664 1800 2719 καὶ

239 2736 519 2805 βασίλισσαι
573 2743 666 2795 καὶ
711 2744 987 2799 παλλακαὶ
1028 2748 1333 2803 αίνέσουσιν
1374 2753 1563 2823 αὐτὴν.
1596 2747 1799 2825 ’Υπερ-

237 2830 519 2902 αναδέὒηκε
539 2833 650 2905 γὰρ
682 2835 874 2897 αὐτὰς,
909 2837 984 2900 ὡς
1024 2836 1147 2891 οὔτε
1180 2839 1268 2893 διὰ
1303 2843 1511 2911 μισθὸν,
1546 2842 1667 2896 οὔτε
1711 2845 1798 2899 διὰ

239 2921 387 2987 φόϐον
410 2923 703 2991 κολάσεως,
738 2926 875 2981 ἀλλὰ
897 2927 986 2981 διὰ
1008 2928 1099 2983 τὸν
1128 2929 1221 2983 τοῦ
1248 2949 1309 2984 νυ
1317 2932 1480 3003 μιρίου
1515 2934 1676 2989 πόθον
1701 2937 1800 3007 τὴν

238 3010 395 3081 ἄκραν
424 3014 682 3082 μετιούσα
715 3017 1059 3088 φιλοσοφίαν.
1104 3020 1143 3072 Γ
1146 3020 1317 3075 ένοιτο
1347 3023 1401 3075 δὲ
1444 3028 1591 3095 ἡμᾶς
1617 3029 1663 3059 ⁷⁸
1695 3029 1800 3082 ὑπὸ

240 3100 332 3169 τῆς
353 3103 486 3167 θείας
526 3105 935 3188 βοηθουμένους
977 3109 1201 3180 χάριτος
1240 3112 1442 3181 φθάσαι
1470 3116 1549 3179 είς
1572 3117 1668 3188 τὴν
1703 3120 1800 3189 τῆς

1903 1922 2154 1977 decimus
2187 1934 2370 1977 autem
2408 1925 2821 1994 perfectionem.
2874 1925 3143 1992 Sponsam
3202 1926 3372 1995 igitur
3428 1935 3480 1980 et

1903 2016 2185 2084 sexaginta
2233 2027 2282 2069 et
2329 2016 2605 2086 octoginta
2645 2017 2778 2070 dicit
2834 2032 2957 2070 esse
3014 2018 3475 2084 pnestantiorem.

1909 2125 1925 2156 ι
1969 2106 2289 2173 Uua‘enim,
2325 2109 2525 2178 inquit,
2560 2109 2812 2162 columba
2844 2124 2984 2174 mea,
3023 2108 3261 2178 perfecta
3298 2124 3474 2169 mea,»

1904 2213 2099 2252 rursus
2154 2216 2273 2253 eam
2307 2199 2597 2253 nominans
2629 2199 2998 2268 spiritualem,
3030 2209 3195 2266 atque
3237 2199 3476 2253 unicam.

1902 2289 2037 2343 Nam
2072 2290 2354 2359 sexaginta
2400 2300 2454 2344 et
2502 2291 2783 2360 octoginta
2816 2290 2943 2343 aliis
2992 2290 3203 2360 gratior
3234 2298 3318 2345 est
3372 2306 3478 2344 una

1904 2379 2065 2432 matri
2094 2395 2225 2433 suae.
2254 2378 2481 2435 Matrem
2522 2387 2702 2434 autem
2731 2379 2895 2433 habet
2928 2394 3141 2433 sacram
3182 2379 3478 2449 piscinam,

1904 2471 2249 2540 superiorem
2290 2472 2437 2526 illaut
2482 2471 2936 2542 Hierosolymam.
2984 2489 3001 2523 ι
3049 2471 3238 2525 Electa
3292 2480 3477 2525 autem

1902 2574 1987 2618 est
2016 2563 2270 2634 genitrici
2296 2579 2430 2629 sure,
2472 2583 2490 2616 ι
2527 2580 2667 2635 quae,
2698 2564 2950 2635 quamvis
2987 2562 3106 2618 illas
3138 2578 3357 2634 quoque
3383 2579 3476 2635 ge-

1904 2657 2112 2720 nuerit,
2154 2656 2300 2710 hanc
2351 2666 2534 2711 tamen
2591 2658 2849 2712 omnibus
2902 2658 3166 2726 przetulit,
3211 2664 3265 2710 et
3312 2657 3478 2710 filiam

1902 2747 2135 2802 electam
2177 2748 2361 2801 habet.
2397 2747 2587 2817 Itaque
2625 2767 2641 2798 ι
2669 2749 2922 2807 viderunt
2947 2765 3066 2803 eam
3100 2748 3241 2813 filiae,
3268 2755 3323 2802 et
3349 2751 3478 2802 bea-

1905 2846 2015 2892 tam
2073 2840 2456 2909 przedicabunt
2487 2855 2643 2905 eam;
2677 2858 2695 2890 ι
2749 2840 2853 2893 hoc
2893 2840 3479 2906 est,'adolescentul:e,

1904 2947 2005 2986 nec
2036 2934 2213 2988 solum
2240 2933 2684 2997 adolescentulce,
2708 2933 2801 2987 sed
2836 2934 3001 2987 etiam
3038 2934 3237 3004 regina:
3265 2941 3319 2987 et
3350 2946 3483 2987 con-

1904 3024 2119 3079 cubinze
2171 3041 2292 3079 eam
2361 3026 2616 3079 laudibus
2668 3025 3155 3079 concelebrabunt.
3211 3025 3482 3079 Omnibus

1905 3117 2051 3169 enim
2084 3116 2202 3185 ipsa
2246 3117 2498 3187 praestitit
2533 3135 2545 3170 :
2580 3118 2782 3186 quippe
2829 3132 2952 3187 qua:
2988 3132 3086 3168 nec
3119 3131 3215 3184 spe
3249 3114 3480 3184 prtemii,

242 3192 436 3266 νύμςης
484 3198 832 3269 τελειότηταί
873 3202 936 3254 El
979 3203 1036 3255 δὲ
1074 3204 1470 3276 ἀτονήσαιμεν,
1504 3208 1613 3260 τῶν
1672 3211 1798 3278 γοῦν

1909 3222 2008 3261 nec
2037 3216 2183 3261 metu
2235 3208 2513 3278 supplicii,
2550 3208 2644 3263 sed
2689 3209 2875 3277 sponsi
2922 3207 3201 3260 desiderio
3230 3206 3295 3260 ad
3327 3221 3479 3260 sum-

246 3284 500 3353 βασιλίδων
526 3290 785 3358 γενέσθαι
813 3308 827 3322 °
856 3293 903 3345 εί
932 3292 990 3346 δὲ
1020 3295 1116 3347 καὶ
1148 3294 1354 3349 τούτων
1381 3297 1803 3370 διαμάρτοιμεν,

246 3376 315 3446 μὴ
343 3381 516 3450 πόρρω
566 3382 827 3450 γενέσθαι
854 3384 901 3416 ⁷⁵
933 3385 1042 3439 τῶν
1088 3386 1436 3442 παλλακίδων
1473 3407 1485 3419 °
1515 3393 1563 3444 εί
1619 3391 1676 3444 δὲ
1712 3394 1806 3447 καὶ

241 3467 424 3522 τούτων
448 3472 653 3539 ἀνάξιοι
695 3475 1020 3545 φανείημεν,
1040 3478 1168 3540 ταῖς
1195 3493 1260 3545 γε
1293 3478 1531 3533 νεάνισιν
1566 3483 1805 3548 ἐγκατασ-

242 3556 459 3629 λεγῆναι,
495 3562 589 3616 καὶ
617 3565 717 3636 τῆς
749 3565 1035 3629 εὐσεϐείας
1070 3569 1169 3638 τὴν
1192 3568 1484 3638 ὁμολογίαν
1527 3573 1803 3642 ἀνέπαφον

242 3648 562 3719 διαφυλάξαι,
605 3657 700 3708 καὶ
755 3657 830 3727 μὴ
871 3658 1148 3721 παντελῶς
1195 3662 1524 3733 στερηθῆναι
1562 3667 1660 3734 τῆς
1703 3665 1798 3717 τοῦ

245 3743 451 3810 νυμφίου
479 3746 787 3811 κοινωνίας,
807 3748 922 3801 ἀλλ’
958 3750 1264 3806 ἀπολαῦσαι
1287 3754 1453 3807 αὑτοῦ
1480 3756 1576 3825 τῆς
1606 3755 1801 3826 ὡραιό-

242 3844 385 3899 τητος
406 3834 579 3906 χάριτι
609 3836 775 3891 αὐτοῦ
822 3854 838 3869 ’
870 3840 953 3892 ὅτι
985 3841 1134 3913 αύτῷ
1161 3844 1193 3914 ἡ
1229 3842 1353 3910 δόξα
1392 3847 1472 3909 είς
1509 3848 1634 3910 τοὺς
1664 3848 1796 3900 αξὼ-

248 3936 332 3983 νας
356 3923 454 3976 τῶν
476 3926 710 3983 αίώνων.
751 3929 807 3984 Ἀ
819 3932 949 4001 μήν.

1908 3315 2056 3353 mum
2101 3300 2154 3353 in
2197 3302 2481 3370 sapientiae
2516 3300 2702 3356 studio
2738 3300 3018 3370 faSIigium
3060 3298 3341 3368 aSpirarit.
3389 3299 3483 3350 At-

1907 3406 2014 3461 que
2065 3391 2274 3445 utinam
2327 3409 2427 3447 nos
2472 3399 2692 3463 quoque
2744 3391 2927 3446 divina
2975 3391 3147 3461 gratia
3188 3389 3360 3458 adjuti
3413 3389 3479 3442 ad

1907 3498 2122 3553 sponsae
2160 3483 2556 3553 perfectionem
2604 3484 3028 3557 perveniamus!
3068 3482 3221 3548 Quod
3261 3482 3305 3536 si
3344 3497 3480 3535 con-

1907 3574 2061 3642 sequi
2094 3589 2204 3629 non
2240 3575 2605 3644 potuerimus,
2652 3576 2797 3628 inter
2822 3576 3039 3645 reginas
3073 3576 3264 3627 saltem
3298 3589 3483 3626 nume-

1913 3681 2115 3721 remur.
2162 3667 2231 3719 At
2274 3666 2318 3721 si
2352 3682 2416 3721 ex
2449 3667 2639 3720 barum
2678 3682 2899 3737 quoque
2933 3682 3161 3719 numero
3190 3681 3296 3717 non
3333 3680 3484 3719 essc-

1911 3773 2055 3819 utus,
2086 3755 2228 3810 haud
2254 3758 2443 3827 procul
2490 3767 2642 3812 certe
2674 3773 2703 3811 a
2735 3758 3058 3812 concubinis
3089 3756 3247 3826 130
3284 3757 3480 3810 remoti

1910 3848 2102 3903 simus.
2127 3847 2184 3901 Si
2216 3847 2318 3903 hoc
2347 3851 2507 3902 etiam
2534 3848 2705 3919 gradu
2734 3848 2998 3904 fuerimus
3023 3848 3255 3919 indigni,
3288 3847 3481 3902 saltem

1910 3955 2140 3995 numero
2186 3939 2725 3995 adolescentularum
2777 3941 3143 4004 ascribamur,
3177 3953 3483 4008 puramque

252 4012 444 4108 bietatis
467 4020 868 4088 professionem
906 4040 1321 4096 conservemus,
1350 4047 1529 4101 neque
1594 4036 1825 4089 omnino
1864 4036 2054 4105 sponsi
2122 4035 2402 4105 privemur
2454 4036 2748 4097 societate,
2807 4034 2899 4087 sed
2956 4049 3051 4103 per
3080 4029 3199 4100 ejus
3247 4030 3478 4100 gratiam

257 4101 399 4167 illius
423 4112 830 4178 pulchritudine
867 4114 1237 4184 perfruamur,
1274 4124 1535 4190 quoniam
1566 4123 1669 4191 ipsi
1719 4133 1801 4179 est
1835 4125 2006 4194 gloria
2037 4126 2092 4179 in
2128 4126 2328 4179 saecula
2354 4125 2704 4181 sarculnrum.
2736 4124 2926 4178 Amen.

284 4268 306 4300 τ
329 4263 454 4323 Psal.
482 4286 554 4337 γι,
584 4271 638 4326 2.
735 4281 764 4310 ιι
794 4270 940 4327 Ibid.
981 4275 1038 4328 6.

1526 4432 1756 4487 VARUE
1796 4433 2199 4491 LECTIONES.

323 4511 923 4590 δπεριστερὰ-αυτην.
961 4519 1082 4574 Des.
1109 4535 1166 4574 ιιι
1194 4521 1319 4576 cod.

1429 4523 1475 4555 ⁷⁸
1508 4526 1677 4594 ἡμᾶς.
1713 4526 1848 4582 Cod.
1889 4528 1983 4580 καὶ
2010 4530 2172 4597 ὑμᾶς’

2248 4530 2293 4562 ⁷⁸
2314 4530 2705 4598 εΞ-γενέσοαι,
2743 4530 2868 4585 Des.
2894 4530 2947 4584 in
2969 4530 3093 4586 cod.

250 4705 2443 4739 —..._._____________________________

1256 4877 1688 4963 ΛΟΓΟΣ
1778 4882 2484 4971 ΤΕΤΛΡΤΟΣ.

1338 5228 1684 5317 LIBER
1730 5234 2331 5334 QUARTUS.

289 5577 624 5645 Πιστεύοντες
648 5580 733 5651 τῷ
775 5578 1044 5651 είρηκὸτι·
1086 5599 1105 5632 ι
1138 5580 1346 5634 Αἰτεῖτε
1380 5582 1470 5634 καὶ
1506 5582 1790 5652 δοθήσεται
1827 5582 1868 5637 D
1970 5587 2148 5643 Fidem
2182 5590 2501 5645 adhibentes
2552 5591 2627 5643 illi
2661 5589 2750 5659 qui
2792 5588 2931 5643 dixit
2961 5608 2973 5642 τ
3014 5605 3032 5638 ι
3083 5586 3255 5640 Petite
3289 5595 3341 5641 et
3375 5584 3474 5639 da—

236 5668 364 5735 ὗ;ιῖν,
394 5671 594 5741 ζητεῖτε
633 5674 731 5725 καὶ
756 5670 1046 5741 εὑρήσετε.
1070 5671 1293 5741 κρούετε
1321 5674 1412 5724 καὶ
1445 5675 1790 5743 ἀνοιγήσεται

242 5758 374 5821 ἰςιῖν·
403 5762 501 5824 xi;
522 5762 632 5831 γὰρ
655 5764 684 5813 ὁ
715 5760 889 5813 αἰτῶν
920 5759 1206 5833 λαμϐάνει,
1250 5763 1339 5814 καὶ
1369 5763 1396 5813 ὁ
1428 5761 1603 5831 ζητῶν
1640 5765 1790 5834 εὑρί-

1903 5679 2050 5733 bitur
2074 5682 2247 5743 vobis,
2281 5684 2508 5749 quaerite
2535 5688 2589 5733 et
2637 5681 2947 5740 invenietis,
2997 5678 3205 5746 pulsate
3252 5686 3307 5732 et
3339 5693 3471 5747 aper

1900 5768 2067 5821 rietur
2095 5770 2246 5820 vobis
2276 5790 2285 5822 :
2321 5771 2498 5823 omnis
2533 5771 2674 5820 enim
2712 5770 2799 5835 qui
2832 5769 2963 5835 petit
3020 5766 3237 5833 accipit,
3273 5776 3325 5820 ct
3378 5769 3469 5836 qui
