3878 6204
402 315 501 380 1ἴ5

1365 306 1852 370 THEODORETI
1885 308 2225 369 EPISCOPI
2252 308 2618 369 CYRENSIS

3534 308 3624 371 1'36

392 420 591 492 qttasrit
628 418 854 482 invenit,
891 426 945 472 et
977 416 1215 486 pulsanti
1255 415 1575 484 aperietur"
1601 454 1615 479 ,
1655 434 1673 465 ι
1725 416 1780 469 in
1833 429 1954 483 prae-

2073 431 2212 478 σκει,
2245 417 2337 468 καὶ
2370 417 2445 486 τῷ
2492 415 2740 484 κρούοντι
2779 414 3161 484 ἀνοιγήσεται·
3217 431 3233 463 ι
3281 415 3617 487 αἰτήσομενν

395 512 576 569 sentia
629 524 898 581 petemus,
938 520 999 563 ut
1061 507 1217 561 nobis
1276 506 1483 573 reliqua
1522 506 1687 559 verba
1752 504 1965 560 Cantici

397 604 738 658 canticorum
763 599 1044 670 pateﬁant,
1069 608 1123 652 et
1147 596 1382 668 supplici
1410 612 1544 652 voce
1570 598 1965 674 clamabimus:

396 714 418 747 4
450 693 611 765 Aperi
628 693 818 747 oculos
843 697 1082 754 nostros,
1108 698 1160 742 et
1193 687 1665 742 considerabimus
1696 686 1968 742 mirabilia

395 789 465 841 de
514 787 629 855 lege
678 792 770 838 tua
805 796 851 834 ι.
894 801 913 832 ι
974 779 1107 832 Nam
1155 781 1272 848 ipse
1327 778 1420 833 dat
1457 781 1680 834 verbum
1730 795 1964 850 evange-

392 877 691 932 lizantibus
719 876 920 928 Virtute
953 870 1123 923 multa
1146 880 1197 924 θ’.
1219 870 1397 934 Idem,
1428 888 1445 920 ι
1470 870 1662 935 Dilata,
1682 873 1879 941 inquit,
1905 887 1967 926 os

393 983 566 1035 tuum,
589 977 643 1023 et
672 967 911 1035 implebo
937 967 1068 1020 illud
1097 976 1141 1018 ι.
1177 986 1192 1017 ι
1226 964 1538 1030 Quinetiam
1569 965 1633 1017 ad
1668 967 1964 1017 multorum

389 1062 732 1117 commodum
808 1060 1046 1131 indignis
1118 1074 1260 1128 saepe
1318 1061 1552 1126 gratiam
1630 1059 1961 1126 impertitur.

386 1153 752 1220 Quamobrem
807 1167 1111 1224 speramus,
1145 1167 1269 1205 eum
1322 1152 1481 1204 nobis
1545 1166 1765 1220 quoque
1819 1166 1965 1206 nunc

378 1246 578 1300 litterae
628 1244 1059 1315 profunditatem
1114 1244 1327 1311 planam
1379 1241 1788 1311 dilucidamque
1842 1258 1965 1297 esse

387 1337 700 1392 facturum:
758 1351 864 1388 non
898 1333 1044 1403 quod
1072 1348 1147 1403 eo
1168 1348 1397 1386 inunere
1437 1348 1538 1386 nos
1569 1333 1743 1386 simus
1790 1331 1961 1402 digni,

378 1428 479 1484 sed
544 1433 768 1497 propter
816 1439 1049 1491 eormn,
1103 1425 1197 1493 qui
1256 1424 1764 1493 interpretationem
1821 1425 1964 1478 hanc

382 1519 560 1590 legent
598 1518 681 1571 vel
728 1516 978 1578 audient,
1044 1513 1356 1568 utilitatem.
1398 1512 1509 1568 Hae
1544 1516 1711 1585 igitur
1762 1514 1960 1567 ﬁducia

386 1610 527 1675 freti,
554 1609 621 1663 ad
654 1608 704 1662 id
737 1604 879 1678 quod
912 1606 1183 1676 reliquum
1218 1613 1305 1659 est
1356 1605 1746 1676 explicandum
1782 1606 1958 1660 conﬁ-

381 1703 578 1756 denter
609 1700 958 1755 accedamus.

452 1791 618 1848 Vens.
645 1792 698 1846 9.
732 1790 863 1856 Qua:
892 1801 968 1845 est
994 1792 1121 1853 ista,
1140 1761 1271 1860 Iqme
1296 1790 1532 1857 respicit,
1557 1790 1712 1860 quasi
1733 1806 1951 1856 aurora,
1984 1780 2025 1833 Β

376 1885 597 1954 pulchra
636 1893 694 1936 ut
736 1887 885 1946 (una,
923 1882 1088 1936 electa
1122 1893 1176 1935 ut
1217 1882 1321 1946 sol,
1360 1898 1523 1950 pavor
1560 1893 1617 1937 ut
1649 1885 1956 1940 ordinatw?

382 1979 435 2032 In
462 1976 841 2047 superioribus
863 1989 1079 2044 sponsae
1117 1972 1271 2043 131
1303 1974 1765 2044 pulchritudinem
1791 1992 1954 2045 spon-

379 2086 475 2127 sus
503 2069 754 2124 oratione
780 2066 1094 2137 deseripsit.
1137 2065 1203 2119 Et
1239 2063 1350 2120 tuni
1387 2067 1600 2137 singula
1634 2067 1752 2134 ejus
1781 2083 1955 2121 mem-

378 2161 476 2214 bra
507 2158 738 2213 seorsim
770 2157 1193 2221 commendasit,
1226 2167 1338 2210 tum
1370 2174 1718 2212 communem
1759 2173 1953 2215 rursus

378 2246 1069 2307 adhibuit'laudationem.
1102 2265 1208 2319 qua
1240 2251 1403 2306 etiam
1457 2250 1623 2305 veluti
1658 2252 1951 2307 artiﬁciosa

380 2357 515 2397 usus
558 2349 644 2396 est
699 2340 1136 2410 comparatione.
1188 2340 1280 2394 Sic
1311 2356 1568 2410 sponsam
1602 2356 1728 2396 cum
1766 2342 1954 2397 adole-

378 2434 667 2501 scentulis,
730 2440 781 2488 et
832 2433 1178 2495 concubinis,
1218 2432 1533 2504 reginisque
1590 2436 1840 2498 contulit,
1896 2441 1951 2487 ut

378 2526 526 2579 illam
589 2522 777 2577 multis
829 2522 1077 2591 partibus
1137 2523 1466 2577 anterellere
1526 2521 1947 2578 demonstraret.

377 2615 553 2670 Tanta
577 2613 746 2679 enim,
772 2612 971 2683 inquit,
1001 2620 1086 2667 est
1115 2611 1303 2666 forma:
1350 2613 1471 2680 ejus
1519 2615 1860 2681 praestantia,
1897 2624 1953 2667 ut

376 2704 711 2761 contendere
748 2716 873 2756 eum
921 2717 983 2756 ea
1034 2708 1226 2755 ontnes
1268 2709 1611 2767 recusarent,
1676 2718 1734 2754 se
1783 2702 1952 2756 victas

376 2796 797 2859 conﬁterentur,
835 2793 1119 2862 ipsamque
1161 2790 1396 2857 beatam,
1440 2791 1549 2845 imo
1593 2806 1722 2845 vero
1750 2792 1949 2862 beatis-

374 2888 571 2944 simam
599 2883 981 2956 praedicarent.
1008 2881 1107 2937 llic
1128 2890 1307 2937 autem
1340 2884 1527 2952 sponsi
1555 2860 1950 2947 ministri,cnm

373 2981 446 3035 ab
474 2992 542 3034 eo
569 2991 788 3047 sponsa:
815 2974 1298 3045 pulchritmlinem,
1320 2982 1368 3029 et
1397 2982 1675 3040 ornatum,
1698 2983 1753 3030 et
1782 2976 1951 3031 decus

374 3052 787 3140 cognovissent,
824 3066 889 3119 ad
923 3081 1041 3120 eam
1076 3065 1395 3121 accuratius
1419 3064 1775 3135 spectandam
1807 3065 1950 3120 inei-

376 3170 586 3224 tantur,
623 3167 676 3214 et
715 3172 828 3229 pra:
882 3157 1066 3229 gaudii
1119 3156 1498 3227 magnitudine
1531 3156 1748 3228 (animae
1802 3157 1947 3212 enim

374 3252 550 3322 ipsius
576 3248 934 3319 pulchritudo
960 3247 1139 3301 adhuc
1168 3248 1271 3302 sub
1294 3247 1544 3315 corporis
1569 3247 1689 3300 velo
1719 3245 1951 3301 delitue-

377 3345 483 3414 rat)
514 3343 752 3396 clamant
787 3359 800 3395 :
839 3354 859 3391 ι
895 3339 1026 3406 Quae
1062 3348 1149 3393 est
1196 3339 1336 3403 ista,
1390 3353 1512 3408 quae
1560 3339 1704 3395 sicut
1751 3352 1948 3391 aurora

374 3430 646 3504 respicit?
693 3451 711 3485 ι
764 3430 839 3485 Ex
891 3440 1044 3501 parte
1082 3429 1231 3484 enim
1273 3428 1541 3483 hactenus
1586 3444 1803 3499 sponsae
1856 3428 1945 3481 lux

368 3525 592 3581 mortali
616 3524 719 3578 hoc
740 3537 977 3593 corpore
1006 3530 1257 3575 contecta
1290 3521 1638 3575 cernebatur.
1672 3520 1736 3574 Et
1759 3522 1949 3590 quem-

371 3618 670 3674 admodum
700 3632 899 3673 aurora
950 3616 1127 3672 noctis
1173 3624 1225 3671 et
1264 3614 1369 3670 diei
1419 3614 1745 3681 conﬁnium,
1786 3623 1949 3683 atque

376 3709 541 3780 hujus
572 3710 793 3780 quidem
839 3708 1074 3773 initium,
1110 3707 1257 3763 illius
1291 3715 1473 3761 autem
1531 3706 1688 3762 tinem
1715 3706 1946 3770 indicat,

366 3812 430 3857 ret
460 3803 630 3858 solem
655 3802 955 3856 adventare
980 3799 1283 3872 signiﬁcat:
1309 3799 1389 3855 sic
1418 3801 1472 3853 in
1500 3799 1599 3853 hac
1624 3799 1734 3852 vita
1758 3800 1949 3852 animae

375 3893 583 3964 pietate
611 3893 995 3964 sapientiaque
1018 3892 1293 3962 perfectae,
1322 3904 1460 3961 quas
1487 3888 1748 3945 Ecclesiae
1776 3904 1947 3960 spon-

362 3987 808 4058 saque‘nomine
841 3991 996 4038 vocat
1025 3985 1209 4039 divina
1253 3982 1563 4054 Scriptura,
1615 3999 1679 4038 ex
1731 3984 1948 4052 propria

375 4079 578 4133 \‘irtute
619 4076 887 4145 quosdam
922 4074 1187 4129 emittunt
1225 4073 1573 4142 splendores.
1616 4090 1634 4123 σ
1672 4071 1807 4126 Cum
1848 4084 1949 4125 au-

370 4181 510 4233 tem,
536 4187 556 4220 ι
575 4177 633 4221 ιιι
654 4167 833 4236 inquit
854 4166 1050 4220 beatus
1077 4165 1302 4231 Paulus,
1328 4164 1730 4234 «corruptibile
1749 4164 1951 4219 hocin-

377 4257 562 4312 duerit
608 4253 1119 4324 incorruptionem,
1183 4262 1236 4308 et
1283 4254 1514 4309 mortale
1558 4254 1661 4309 hoc
1708 4253 1951 4309 induerit

368 4348 851 4403 immortalitatem
877 4356 896 4378 ⁸
928 4365 947 4398 ι
983 4385 999 4411 ,
1041 4354 1156 4400 tota
1192 4346 1437 4415 ipsarum
1496 4345 1588 4399 lux
1647 4347 1945 4416 aperietur.

2073 509 2165 560 ἐπὶ
2183 509 2271 561 τοῦ
2300 510 2562 578 παρόντος
2582 508 2690 560 τῶν
2709 508 3015 561 ὑπολοίπων
3033 509 3293 579 ῥημάτων
3315 510 3404 561 τοῦ
3426 510 3623 582 ᾊσμα-

2070 618 2160 664 τος
2189 602 2296 653 τῶν
2328 602 2584 672 ᾀσμάτων
2626 602 2725 672 τὴν
2766 602 3086 671 σαφήνειαν,
3133 602 3226 653 καὶ
3269 602 3523 673 βοήσομεν
3549 605 3626 657 λέ-

2069 707 2277 760 γοντεςο
2324 711 2341 742 ι
2385 692 2755 761 Ἀποκάλυψον
2810 691 2934 754 τοὺς
2982 690 3291 760 ὀφθαλμοὺς
3333 692 3503 762 ἡμῶν,
3540 700 3623 750 καὶ

2070 786 2479 853 κατανοήσομεν
2508 785 2574 836 τὰ
2612 783 2893 854 θαυμάσια
2920 800 3009 837 σου
3042 783 3107 834 ἐκ
3136 783 3228 834 τοῦ
3266 783 3428 852 νόμον
3460 800 3546 836 σου
3568 802 3579 815 ο
3604 805 3618 837 ι

2068 876 2231 937 αὐτὸς
2262 875 2368 945 γὰρ
2397 875 2579 927 δίδωσι
2613 874 2765 945 ῥῆμα
2790 876 2902 936 τοῖς
2945 874 3442 941 εὐαγγελιζομένοις
3484 875 3627 929 δυνὰο

2070 982 2160 1033 μει
2194 965 2382 1035 πολλῇ.
2428 964 2597 1026 Αὐτὸς
2641 961 2761 1016 εἷπε
2794 980 2805 992 ’
2839 984 2856 1014 ι
2891 964 3165 1017 Πλὰτυνον
3198 963 3256 1014 τὸ
3306 964 3475 1032 στόμα
3520 981 3627 1027 σου,

2067 1058 2162 1111 καὶ
2201 1058 2476 1128 πληρώσω
2519 1056 2669 1110 αὐτό.
2711 1075 2728 1107 ›
2768 1056 3107 1109 Nemeam
3154 1056 3209 1107 δὲ
3260 1057 3350 1109 καὶ
3392 1059 3501 1118 τοῖς
3539 1060 3629 1109 037.

2066 1149 2236 1213 ἀξίοις
2291 1149 2550 1212 πολλάκις
2599 1151 2697 1219 τῆς
2752 1150 2973 1220 χάριτος
3019 1146 3106 1201 διὰ
3154 1149 3251 1219 τὴν
3281 1146 3389 1200 τῶν
3433 1149 3632 1200 πολλῶν

2065 1243 2351 1310 ὠφέλειαν.
2404 1241 2727 1313 Θαρῤοὐμεν
2764 1241 2946 1293 τοίνυν
2993 1240 3068 1304 ὡς
3116 1241 3210 1293 καὶ
3242 1242 3374 1310 ἡμῖν
3412 1240 3502 1292 ἐπὶ
3543 1240 3631 1293 τοῦ

2065 1335 2332 1406 παρόντος
2365 1333 2526 1387 δώσει
2560 1334 2654 1386 τοῦ
2690 1335 2786 1403 τῆς
2829 1333 3026 1397 λέξεως
3063 1333 3259 1402 βάθους
3293 1334 3391 1401 τὴν
3428 1333 3633 1386 ἀποκά-

2063 1425 2241 1494 λυψιν,
2269 1426 2328 1478 οὐ
2351 1425 2438 1476 διὰ
2472 1424 2570 1495 τὴν
2606 1425 2883 1496 ἡμετέραν
2923 1422 3100 1489 ἀξίαν,
3128 1422 3265 1477 ἀλλὰ
3292 1422 3379 1476 διὰ
3406 1422 3502 1494 τὴν
3529 1424 3632 1475 τῶν

2061 1515 2479 1586 ἐντευξομένων,
2527 1516 2558 1586 ἢ
2614 1516 2993 1586 ἀκουσομένων
3025 1516 3123 1585 τῆς
3156 1515 3456 1586 ἑρμηνείας
3499 1515 3634 1584 ὠφέ-

2060 1608 2213 1661 λειαν
2231 1624 2243 1638 ·
2273 1609 2408 1677 φέρε
2435 1608 2615 1660 τοίνυν
2647 1608 2757 1660 τῶν
2785 1608 3092 1663 ὑπολοίπων
3116 1609 3440 1680 θαρσαλέως
3471 1626 3634 1662 κατα-

2058 1699 2441 1770 τολμήσωμεν.

2127 1793 2189 1844 θ’.
2226 1793 2318 1857 Τίς
2339 1792 2489 1859 αὕτη
2508 1791 2544 1858 ἡ
2562 1792 2947 1843 ἑκκύπτοινσα
2970 1791 3110 1843 ὡσεί
3134 1791 3367 1859 ὄρθρος,
3388 1788 3542 1857 κη.ίὴ
3561 1791 3636 1854 ὠς

2056 1883 2310 1950 σελήνη,
2336 1883 2589 1948 ἐκλεκτὴ
2606 1883 2739 1948 ηὼς
2762 1886 2792 1934 0'
2810 1882 3004 1949 ἥλιος,
3030 1881 3251 1951 θάμϐος
3270 1882 3350 1947 ὡς
3370 1880 3637 1950 τεταγμέ-

2054 1992 2180 2036 ναις
2223 1975 2308 2027 Ἐν
2333 1975 2429 2045 μὲν
2451 1971 2545 2028 οὖν
2565 1979 2675 2038 τοῖς
2701 1975 2807 2046 πρὸ
2835 1975 3023 2028 τούτου
3045 1977 3229 2045 ῥητοῖς
3246 1977 3275 2027 ὁ
3296 1991 3355 2027 νυ
3366 1974 3524 2044 μφίος
3540 1975 3634 2041 τῆς

2054 2066 2271 2136 νύμφης
2282 2067 2341 2118 τὸ
2359 2065 2552 2128 κάλλος
2568 2065 2796 2135 τῷλόγῳ
2808 2064 3088 2134 διέγραψε,
3107 2066 3199 2116 καὶ
3214 2066 3386 2135 χωρὶς
3405 2064 3503 2133 μὲν
3517 2062 3634 2115 ἔκα-

2056 2175 2180 2210 στον
2210 2157 2498 2228 εὐφήμησε
2529 2157 2709 2226 μέλος,
2735 2155 2918 2226 κοινὴν
2941 2156 2996 2209 δὲ
3024 2155 3184 2207 πάλιν
3218 2156 3320 2225 τὴν
3363 2153 3638 2224 εὐφημίαν

2055 2252 2416 2320 προσήνεγκε,
2439 2249 2530 2301 καὶ
2547 2248 2620 2312 ὡς
2649 2248 2924 2317 ἐγκωμίων
2946 2247 3087 2300 κατὰ
3108 2247 3307 2317 τέχνην
3336 2260 3639 2315 συγγραφοο

2057 2342 2240 2412 μένου,
2260 2343 2352 2394 καὶ
2377 2341 2474 2411 τὴν
2493 2340 2778 2412 σύγκρισιν
2804 2339 3121 2410 ἐποιήσατο,
3142 2340 3529 2408 παρεξετάσας
3544 2337 3640 2406 τὴν

2052 2435 2295 2504 νύμφην,
2313 2433 2408 2486 καὶ
2423 2434 2540 2495 ταῖς
2557 2432 2783 2496 νεάνισι,
2806 2431 2900 2483 καὶ
2924 2432 3043 2495 ταῖς
3069 2429 3391 2493 παλλακίσι,
3412 2429 3506 2482 καὶ
3522 2429 3638 2489 ταῖς

2055 2521 2313 2592 βασιλίσι,
2340 2524 2432 2575 καὶ
2448 2522 2627 2593 πολλῷ
2646 2521 2722 2591 τῷ
2744 2522 2926 2593 μέτρῳ
2946 2521 3234 2592 κρείττονα
3258 2521 3325 2574 τ’.
3362 2520 3639 2587 Τοσαύτην

2053 2612 2160 2683 γὰρ
2206 2612 2376 2682 αὐτὴν
2426 2611 2528 2680 ἔφη
2565 2611 2664 2681 τὴν
2723 2612 3032 2682 εὐμορφίαν
3081 2609 3255 2680 ἔχειν,
3304 2611 3381 2673 ὡς
3427 2609 3523 2662 καὶ
3551 2607 3640 2661 ὐπ’

2052 2700 2230 2753 αὐτῶν
2259 2701 2480 2753 ἐκείνων
2515 2701 2621 2752 τῶν
2656 2699 3164 2770 παρεξετασθεισῶν
3206 2701 3284 2771 μὴ
3316 2698 3640 2771 ζηλοτυπεῖ-

2055 2792 2211 2844 σθαι’
2245 2791 2604 2861 ὁμολογοῦσαι
2638 2792 2748 2861 γὰρ
2789 2792 2889 2863 τὴν
2928 2789 3117 2862 ἧτταν,
3155 2791 3444 2862 μακαρίαν
3480 2789 3645 2858 αὐτὴν

2053 2882 2147 2935 καὶ
2179 2883 2586 2955 τρισμακαρίαν
2632 2883 3034 2936 ἀποκαλοῦσιν’
3080 2883 3325 2937 ἐνταῦθα
3371 2883 3429 2935 δὲ
3474 2884 3522 2935 οἱ
3554 2880 3645 2935 τοῦ

2052 2975 2288 3045 νυμφίου
2321 2975 2581 3040 διάκονοι,
2629 2974 2965 3045 διδαχθέντες
3010 2976 3139 3045 παρ’
3178 2975 3350 3028 αὐτοῦ
3383 2977 3484 3045 τῆς
3513 2973 3645 3043 νύμ-

2055 3082 2160 3135 φης
2181 3065 2280 3137 τὴν
2310 3067 2632 3139 εὐμορφίαν,
2663 3068 2761 3136 τὴν
2794 3067 3113 3137 εὐκοσμίαν,
3145 3068 3250 3137 τὴν
3281 3069 3644 3140 εὐπρέπειαν,

2053 3157 2148 3208 καὶ
2176 3157 2566 3228 ἀκριϐέστερον
2599 3159 2771 3231 αὐτὴν
2818 3156 3162 3227 καταμαθεῖν
3211 3159 3645 3230 προτραπέντες,

2052 3249 2157 3301 ὑπὸ
2176 3249 2222 3280 ⁸ο
2266 3248 2366 3318 τῆς
2392 3249 2593 3319 πολλῆς
2623 3250 2887 3320 εὐθυμίας
2929 3250 3280 3320 (ἐκέκρυπτο
3324 3253 3437 3322 γὰρ
3482 3250 3650 3321 αὐτῆς

2051 3339 2211 3392 ἔτιτὸ
2229 3341 2458 3410 ψυχικὸν
2487 3342 2681 3405 κάλλος
2702 3343 2758 3394 ἐν
2784 3341 2860 3410 τῷ
2882 3342 3183 3412 καλύπτρῳ
3213 3344 3315 3396 τοῦ
3349 3344 3647 3414 σώματος),

2053 3431 2247 3500 βοῶσι·
2276 3450 2294 3481 ι
2323 3431 2418 3494 Τίς
2445 3432 2584 3500 αὕτη
2618 3434 2649 3501 ἡ
2689 3432 3037 3485 ἐκκύπτουσα
3063 3432 3198 3485 ὡσεὶ
3236 3435 3472 3506 ὗρθρος;
3510 3455 3527 3484 ι
3561 3436 3653 3488 Ἐκ

2053 3521 2249 3592 μέρους
2274 3520 2384 3590 γὰρ
2411 3521 2579 3590 αὐτῆς
2602 3518 2647 3552 ⁸⁸
2684 3522 2821 3584 τέως
2848 3520 3030 3592 ὼρᾶτο
3052 3522 3114 3575 τὸ
3141 3524 3287 3591 φῶς,
3316 3525 3395 3594 τῷ
3430 3521 3655 3595 φθαρτῷ

2048 3614 2224 3685 τούτῳ
2285 3615 2806 3684 συγκαλυπτόμενον
2861 3613 3113 3684 σώματιο
3181 3617 3285 3668 καὶ
3340 3616 3599 3686 καθάπερ
3628 3617 3657 3668 ὁ

2048 3705 2243 3778 ὄρθρος
2292 3707 2484 3769 νυκτός
2540 3707 2657 3758 ἐστι
2692 3705 2789 3759 καὶ
2835 3706 3049 3777 ἡμέρας
3085 3707 3373 3779 μεθόριον,
3417 3709 3515 3762 καὶ
3558 3708 3655 3777 τῆς

2016 3799 2152 3869 ..μὲν
2173 3800 2270 3872 τὴν
2304 3799 2501 3870 ἀρχὴν,
2523 3799 2621 3870 τῆς
2641 3799 2696 3852 δὲ
2719 3799 2779 3851 τὺ
2808 3798 2960 3863 τέλος
2994 3798 3287 3870 κηρύττει.
3320 3802 3422 3855 καὶ
3455 3798 3658 3871 σημαί-

2049 3907 2129 3943 νει
2184 3892 2283 3957 τῆς
2339 3892 2551 3962 ἡμέρας
2608 3891 2707 3959 τὴν
2769 3888 3097 3959 παρουσίαν,
3149 3889 3333 3954 οὕτως
3381 3890 3532 3945 κατὰ
3564 3889 3656 3941 τον

2051 3982 2295 4054 παρόντα
2343 3982 2456 4051 βίον
2501 3984 2556 4036 αί
2591 3983 2648 4035 ἐν
2686 3979 2937 4052 εὐσεϐείᾳ
2968 3981 3063 4034 καὶ
3107 3980 3263 4052 πάσῃ
3298 3983 3470 4054 σοφίᾳ
3500 3999 3657 4036 τετε-

2049 4071 2339 4143 λειωμέναι
2371 4072 2563 4143 ψυχαὶ,
2598 4071 2663 4134 ἃς
2712 4069 3043 4140 Ἐκκλησίαν
3075 4071 3172 4123 καὶ
3196 4071 3429 4142 νύμφην
3459 4075 3493 4142 ή
3534 4071 3657 4124 θεία

2051 4160 2448 4232 προσαγορεύει
2481 4159 2691 4230 Γραφὴ,
2721 4159 2976 4230 βραχείας
3009 4158 3158 4221 τινας
3198 4158 3569 4231 λαμπηδόνας
3593 4162 3659 4214 ἐκ

2050 4255 2148 4323 τῆς
2181 4253 2388 4314 οἰκείας
2420 4254 2645 4320 ἀφιᾶσιν
2681 4252 2902 4323 ἀρετῆς.
2947 4268 2964 4301 ι
3004 4250 3171 4303 Ὅταν
3219 4251 3301 4315 δὲ,
3325 4270 3344 4304 ι
3379 4253 3534 4304 κατὰ
3564 4253 3659 4306 τὸν

2053 4342 2330 4413 μακάριον
2378 4342 2608 4406 Παῦλον,
2660 4362 2678 4394 ι
2714 4343 2775 4395 τὸ
2830 4340 3066 4412 φθαρτὸν
3128 4339 3298 4392 τοῦτο
3356 4342 3660 4415 ἐνδύσηται

377 4438 533 4503 Quod
550 4438 769 4509 quidem
799 4438 1034 4493 ministri
1060 4438 1247 4505 sponsi
1280 4436 1662 4505 praeﬁdentes,
1687 4451 1807 4491 eam
1839 4453 1950 4493 non

2059 4433 2389 4503 ἀφθαρσίαν,
2442 4435 2536 4487 καὶ
2588 4433 2649 4487 τὸ
2676 4433 2868 4506 θνητὸν
2908 4432 3065 4487 τοῦτο
3094 4432 3398 4504 ἐνδύσηται
3445 4435 3661 4490 ἀθαναο

375 4530 554 4582 solum
576 4536 899 4600 comparant
926 4529 1083 4598 132
1106 4542 1340 4594 aurorae,
1375 4527 1468 4582 sed
1500 4527 1784 4597 pulchram
1813 4544 1951 4598 quo-

376 4631 483 4670 mte
510 4624 571 4669 ut
601 4616 785 4670 lunam
816 4634 940 4673 esse
968 4618 1160 4671 dicunt
1186 4617 1438 4683 electam,
1477 4627 1531 4671 et
1553 4626 1611 4671 ut
1653 4618 1821 4673 solem
1852 4618 1948 4689 qui

378 4706 871 4776 stuporemincutit
903 4707 1010 4761 illis
1029 4707 1120 4777 qui
1141 4708 1331 4763 oculos
1360 4708 1412 4761 in
1441 4708 1616 4778 ipsum
1638 4710 1838 4764 audent
1855 4711 1951 4765 de-

379 4796 1113 4869 ligere.Addideruntautem
1133 4801 1390 4864 electam,
1412 4816 1519 4854 non
1540 4801 1819 4866 solum,ut
1834 4803 1948 4857 dis-

376 4889 583 4944 crimen
606 4888 912 4943 interillam
930 4898 984 4944 et
1006 4890 1193 4946 stellas
1214 4891 1544 4953 indicarent,
1571 4892 1664 4947 sed
1694 4895 1855 4947 etiam
1886 4901 1949 4948 ut

379 4980 550 5049 ipsius
581 4980 723 5036 lunae
753 4978 1147 5050 perfectionem
1185 4982 1555 5037 ostenderent.
1591 4983 1763 5048 Quasi
1792 4983 1949 5040 diee-

378 5078 520 5136 rent,
541 5082 599 5125 ut
620 5071 746 5125 luna
774 5073 933 5141 plena
956 5073 1157 5139 nitens,
1182 5088 1288 5127 non
1316 5073 1481 5127 exilia
1507 5083 1787 5130 ostentans
1827 5091 1950 5129 cor-

377 5176 507 5229 nua,
528 5177 634 5219 non
653 5162 968 5233 semiplena,
997 5181 1105 5218 non
1125 5164 1475 5227 decrescens,
1499 5162 1591 5217 sed
1615 5165 1853 5232 perfecta
1880 5181 1946 5221 ac

379 5264 493 5311 toto
508 5255 641 5312 orbe
662 5255 970 5326 splendida,
996 5272 1102 5311 non
1124 5256 1405 5327 quidpiam
1429 5257 1672 5311 retinens
1689 5258 1944 5329 imperfe-

446 5422 473 5451 ν
498 5410 688 5467 Matth.
718 5427 817 5476 vn,
853 5411 905 5481 7,
936 5411 988 5466 8.
1064 5424 1089 5453 ι
1118 5410 1263 5467 Psal.
1316 5425 1507 5476 cxvrn,
1546 5412 1628 5465 18.
1707 5420 1735 5460 1
1766 5412 1913 5469 Psal.
1948 5430 1954 5466 ι

2059 5430 2120 5478 ιι,
2155 5415 2242 5468 ιε.

2052 4527 2191 4593 σίαν,
2219 4544 2236 4578 ι
2278 4527 2422 4579 ἅπαν
2472 4526 2652 4580 αὐτῶν
2702 4526 3000 4597 γυμνοῦται
3052 4525 3106 4578 τὸ
3145 4526 3291 4594 φῶς.
3333 4528 3450 4581 Καὶ
3499 4528 3663 4583 τοῦτο

2050 4619 2393 4688 προορῶντες
2429 4619 2479 4671 οι
2505 4617 2598 4671 τοῦ
2632 4619 2869 4688 νυμφίου
2896 4617 3155 4680 διάκονοι,
3186 4618 3253 4670 οὐ
3286 4620 3457 4689 μόνον
3485 4622 3664 4692 αὐτὴν

2052 4708 2444 4772 ἀπεικάζουσιν
2489 4708 2704 4779 ὄρθρῳ,
2748 4708 2883 4761 ἀλλὰ
2931 4709 3024 4761 καὶ
3062 4707 3240 4776 καλὴν
3284 4709 3551 4779 λέγουσιν
3584 4713 3663 4774 ὡς

2046 4800 2281 4871 σελήνην
2312 4800 2596 4868 ἐκλεκτὴν,
2639 4799 2729 4852 καὶ⁵
2761 4800 2838 4863 ὼς
2872 4798 3023 4870 ἥλιον
3062 4798 3280 4869 θάμϐος
3308 4803 3665 4871 ἐμποιοῦντα

2057 4894 2167 4954 τοῖς
2217 4892 2542 4954 ὲνατενίζειν
2595 4889 2745 4961 αὐτῷ
2794 4890 3080 4960 τολμῶσι·
3114 4894 3568 4961 προστεθείκασι
3603 4895 3658 4949 δὲ

2056 4983 2337 5054 ἐκλεκτὴν,
2369 4984 2430 5035 οὐ
2458 4983 2617 5052 μόνον
2644 4985 2705 5034 τὸ
2733 4982 2985 5054 διάφορον
3007 4984 3067 5037 τὸ
3089 4984 3233 5052 πρὸς
3259 4987 3396 5049 τοὺς
3417 4988 3665 5058 ἀστέρας

2058 5077 2434 5146 σημαίνοντες,
2457 5066 2605 5129 ’ἀλλὰ
2646 5077 2738 5129 καὶ
2771 5076 2941 5147 αὐτῆς
2976 5077 3076 5146 τῆς
3121 5077 3372 5150 σελήνης
3407 5082 3672 5151 παραδη-

2056 5169 2273 5231 λοῦντες
2316 5168 2378 5222 τὸ
2425 5168 2664 5222 τέλειον⁹
2699 5169 2817 5221 ἀντὶ
2847 5167 2963 5231 τοῦ,
2998 5168 3073 5230 ὼς
3104 5167 3316 5239 σελήνη
3354 5178 3666 5240 πεπληρω-

2067 5263 2201 5331 μένη
2251 5260 2581 5331 πλησιφαὴς,
2630 5260 2689 5312 οὐ
2742 5260 3045 5330 μηνοειδὴς,
3074 5258 3136 5311 οὐ
3184 5259 3504 5332 διχότομος,
3540 5264 3666 5315 οὐδὲ

2328 5425 2349 5450 ι
2379 5414 2524 5469 Psal.
2557 5430 2724 5478 Lux,
2752 5415 2838 5468 Η.
2917 5426 2941 5454 ⁸
2977 5412 2995 5466 Ι
3024 5414 3154 5468 Cor.
3197 5431 3295 5479 xv,
3340 5416 3435 5470 5L

1685 5565 1914 5624 VARLE
1951 5568 2248 5626 LECTION
2256 5572 2359 5627 ES.

453 5665 492 5695 "’
518 5662 648 5732 Cod.
683 5662 1011 5732 αἰτήσωμαι.
1090 5660 1135 5691 ⁷⁸
1169 5659 1417 5732 ἐκλεκτή.
1470 5658 1628 5714 Hebr.
1678 5674 1833 5731 pura.

379 5734 419 5766 ⁸³
449 5731 582 5787 Cod.
627 5731 814 5785 αὐτούς

1910 5660 1954 5693 ⁷⁸
1984 5662 2289 5730 κρείττονα.
2350 5665 2521 5719 Abest
2557 5681 2586 5718 a
2617 5665 2741 5721 cod.

2817 5665 2862 5698 so
2896 5662 3195 5719 και-ὑπό.
3260 5665 3396 5723 Des.
3433 5667 3492 5721 in
3525 5674 3661 5727 (oi.
